  <div class='ocr_page' id='page_1' title='image "/cluster/home/n/w/nwhite01/storage/ocr_20150623/137/nnc1.0046979786/020.png"; bbox 0 0 4186 6438; ppageno 0'>
   <div class='ocr_carea' id='block_1_1' title="bbox 235 415 2412 501">
    <p class='ocr_par' dir='ltr' id='par_1_1' title="bbox 235 415 2412 501">
     <span class='ocr_line' id='line_1_1' title="bbox 235 415 2412 501; baseline -0.014 0"><span class='ocrx_word' id='word_1_1' title='bbox 235 442 299 501; x_wconf 63' lang='lat'><strong>25</strong></span> <span class='ocrx_word' id='word_1_2' title='bbox 1299 431 1506 491; x_wconf 80' lang='lat' dir='ltr'><strong>GUIL.</strong></span> <span class='ocrx_word' id='word_1_3' title='bbox 1549 424 1959 487; x_wconf 77' lang='lat' dir='ltr'><strong>BEVEREGH</strong></span> <span class='ocrx_word' id='word_1_4' title='bbox 1996 415 2412 482; x_wconf 64' lang='lat' dir='ltr'><strong>PREFATIO.</strong></span> 
     </span>
    </p>
   </div>
   <div class='ocr_carea' id='block_1_2' title="bbox 237 513 3421 610">
    <p class='ocr_par' dir='ltr' id='par_1_2' title="bbox 237 513 3421 610">
     <span class='ocr_line' id='line_1_2' title="bbox 237 513 3421 610; baseline -0.015 -2"><span class='ocrx_word' id='word_1_5' title='bbox 237 570 349 608; x_wconf 78' lang='lat' dir='ltr'><strong>vero</strong></span> <span class='ocrx_word' id='word_1_6' title='bbox 384 551 644 604; x_wconf 76' lang='lat' dir='ltr'><strong>inveniens</strong></span> <span class='ocrx_word' id='word_1_7' title='bbox 674 552 728 603; x_wconf 69' lang='lat' dir='ltr'><strong>iit</strong></span> <span class='ocrx_word' id='word_1_8' title='bbox 762 551 1028 604; x_wconf 82' lang='lat' dir='ltr'><strong>nonnullis</strong></span> <span class='ocrx_word' id='word_1_9' title='bbox 1074 549 1334 604; x_wconf 70' lang='lat' dir='ltr'><strong>codicibus</strong></span> <span class='ocrx_word' id='word_1_10' title='bbox 1365 563 1595 601; x_wconf 85' lang='lat' dir='ltr'><strong>errorem</strong></span> <span class='ocrx_word' id='word_1_11' title='bbox 1628 545 1902 610; x_wconf 77' lang='lat' dir='ltr'><strong>scriptura:</strong></span> <span class='ocrx_word' id='word_1_12' title='bbox 1950 543 2088 592; x_wconf 80' lang='lat' dir='ltr'><strong>circa</strong></span> <span class='ocrx_word' id='word_1_13' title='bbox 2119 537 2364 590; x_wconf 79' lang='lat' dir='ltr'><strong>Celestini</strong></span> <span class='ocrx_word' id='word_1_14' title='bbox 2404 547 2588 585; x_wconf 82' lang='lat' dir='ltr'><strong>nomen</strong></span> <span class='ocrx_word' id='word_1_15' title='bbox 2632 527 2876 594; x_wconf 75' lang='lat' dir='ltr'><strong>(namque</strong></span> <span class='ocrx_word' id='word_1_16' title='bbox 2912 537 3004 587; x_wconf 84' lang='lat' dir='ltr'><strong>pro</strong></span> <span class='ocrx_word' id='word_1_17' title='bbox 3037 518 3260 610; x_wconf 69' lang='lat' dir='ltr'><strong>Celesttu</strong></span> <span class='ocrx_word' id='word_1_18' title='bbox 3298 513 3386 562; x_wconf 64' lang='lat' dir='ltr'><strong>(iet</strong></span> <span class='ocrx_word' id='word_1_19' title='bbox 3415 532 3421 539; x_wconf 94' lang='lat'><strong><em>-</em></strong></span> 
     </span>
    </p>
   </div>
   <div class='ocr_carea' id='block_1_3' title="bbox 233 603 3447 705">
    <p class='ocr_par' dir='ltr' id='par_1_3' title="bbox 233 603 3447 705">
     <span class='ocr_line' id='line_1_3' title="bbox 233 603 3447 705; baseline -0.014 -9"><span class='ocrx_word' id='word_1_20' title='bbox 233 644 403 697; x_wconf 78' lang='lat' dir='ltr'><strong>stiuus</strong></span> <span class='ocrx_word' id='word_1_21' title='bbox 433 642 661 692; x_wconf 79' lang='lat' dir='ltr'><strong>insertus</strong></span> <span class='ocrx_word' id='word_1_22' title='bbox 693 643 792 705; x_wconf 81' lang='lat' dir='ltr'><strong>est)</strong></span> <span class='ocrx_word' id='word_1_23' title='bbox 819 640 972 690; x_wconf 62' lang='lat' dir='ltr'><strong>divtis</strong></span> <span class='ocrx_word' id='word_1_24' title='bbox 1005 639 1213 703; x_wconf 73' lang='lat' dir='ltr'><strong>scriptis</strong></span> <span class='ocrx_word' id='word_1_25' title='bbox 1243 653 1303 689; x_wconf 85' lang='lat' dir='ltr'><strong>ne</strong></span> <span class='ocrx_word' id='word_1_26' title='bbox 1328 637 1561 687; x_wconf 87' lang='lat' dir='ltr'><strong>animum</strong></span> <span class='ocrx_word' id='word_1_27' title='bbox 1590 633 1850 685; x_wconf 74' lang='lat' dir='ltr'><strong>advertas.</strong></span> <span class='ocrx_word' id='word_1_28' title='bbox 1884 628 2023 679; x_wconf 81' lang='lat' dir='ltr'><strong>Nam</strong></span> <span class='ocrx_word' id='word_1_29' title='bbox 2060 626 2348 680; x_wconf 81' lang='lat' dir='ltr'><strong>Celestinus</strong></span> <span class='ocrx_word' id='word_1_30' title='bbox 2389 636 2522 686; x_wconf 82' lang='lat' dir='ltr'><strong>papa</strong></span> <span class='ocrx_word' id='word_1_31' title='bbox 2545 627 2654 671; x_wconf 87' lang='lat' dir='ltr'><strong>erat</strong></span> <span class='ocrx_word' id='word_1_32' title='bbox 2691 603 3358 705; x_wconf 49' lang='lat' dir='ltr'><strong>Romanii-3,Iorl’toddxlls,</strong></span> <span class='ocrx_word' id='word_1_33' title='bbox 3397 613 3447 646; x_wconf 60' lang='lat' dir='ltr'><strong>tu</strong></span> 
     </span>
    </p>
   </div>
   <div class='ocr_carea' id='block_1_4' title="bbox 234 691 3452 799">
    <p class='ocr_par' dir='ltr' id='par_1_4' title="bbox 234 691 3452 799">
     <span class='ocr_line' id='line_1_4' title="bbox 234 691 3452 799; baseline -0.012 -17"><span class='ocrx_word' id='word_1_34' title='bbox 234 746 393 799; x_wconf 81' lang='lat' dir='ltr'><strong>supra</strong></span> <span class='ocrx_word' id='word_1_35' title='bbox 420 729 618 780; x_wconf 85' lang='lat' dir='ltr'><strong>dictum</strong></span> <span class='ocrx_word' id='word_1_36' title='bbox 649 735 726 780; x_wconf 80' lang='lat' dir='ltr'><strong>est</strong></span> <span class='ocrx_word' id='word_1_37' title='bbox 762 742 781 780; x_wconf 89' lang='lat'><strong><em>:</em></strong></span> <span class='ocrx_word' id='word_1_38' title='bbox 813 725 1071 780; x_wconf 79' lang='lat' dir='ltr'><strong>Celestius</strong></span> <span class='ocrx_word' id='word_1_39' title='bbox 1096 741 1213 777; x_wconf 87' lang='lat' dir='ltr'><strong>vero</strong></span> <span class='ocrx_word' id='word_1_40' title='bbox 1248 739 1365 778; x_wconf 85' lang='lat' dir='ltr'><strong>cum</strong></span> <span class='ocrx_word' id='word_1_41' title='bbox 1405 720 1649 775; x_wconf 85' lang='lat' dir='ltr'><strong>Nestorio</strong></span> <span class='ocrx_word' id='word_1_42' title='bbox 1686 718 1957 778; x_wconf 73' lang='lat' dir='ltr'><strong>sentiebat,</strong></span> <span class='ocrx_word' id='word_1_43' title='bbox 1987 717 2088 767; x_wconf 81' lang='lat' dir='ltr'><strong>sive</strong></span> <span class='ocrx_word' id='word_1_44' title='bbox 2138 711 2418 764; x_wconf 78' lang='lat' dir='ltr'><strong>Ita&#39;reticns</strong></span> <span class='ocrx_word' id='word_1_45' title='bbox 2447 717 2579 760; x_wconf 80' lang='lat' dir='ltr'><strong>erat.</strong></span> <span class='ocrx_word' id='word_1_46' title='bbox 2617 703 2744 768; x_wconf 62' lang='lat' dir='ltr'><strong>Quae</strong></span> <span class='ocrx_word' id='word_1_47' title='bbox 2777 702 2897 796; x_wconf 43' lang='lat' dir='ltr'><strong>ipsa.</strong></span> <span class='ocrx_word' id='word_1_48' title='bbox 2920 691 3254 799; x_wconf 41' lang='lat' dir='ltr'><strong>iials&#39;antottis</strong></span> <span class='ocrx_word' id='word_1_49' title='bbox 3281 695 3452 799; x_wconf 47' lang='lat' dir='ltr'><strong>IVelim</strong></span> 
     </span>
    </p>
   </div>
   <div class='ocr_carea' id='block_1_5' title="bbox 235 775 3457 881">
    <p class='ocr_par' dir='ltr' id='par_1_5' title="bbox 235 775 3457 881">
     <span class='ocr_line' id='line_1_5' title="bbox 235 775 3457 881; baseline -0.014 -11"><span class='ocrx_word' id='word_1_50' title='bbox 235 775 454 870; x_wconf 60' lang='lat' dir='ltr'><strong>exrstant</strong></span> <span class='ocrx_word' id='word_1_51' title='bbox 482 817 536 867; x_wconf 90' lang='lat' dir='ltr'><strong>in</strong></span> <span class='ocrx_word' id='word_1_52' title='bbox 567 814 788 867; x_wconf 90' lang='lat' dir='ltr'><strong>scholiis</strong></span> <span class='ocrx_word' id='word_1_53' title='bbox 817 813 933 881; x_wconf 85' lang='lat' dir='ltr'><strong>ejus</strong></span> <span class='ocrx_word' id='word_1_54' title='bbox 961 813 1027 864; x_wconf 90' lang='lat' dir='ltr'><strong>ad</strong></span> <span class='ocrx_word' id='word_1_55' title='bbox 1062 813 1290 878; x_wconf 90' lang='lat' dir='ltr'><strong>primum</strong></span> <span class='ocrx_word' id='word_1_56' title='bbox 1343 809 1532 879; x_wconf 80' lang='lat' dir='ltr'><strong>synodi</strong></span> <span class='ocrx_word' id='word_1_57' title='bbox 1563 806 1847 875; x_wconf 76' lang='lat' dir='ltr'><strong>Ephesinze</strong></span> <span class='ocrx_word' id='word_1_58' title='bbox 1885 817 2172 858; x_wconf 82' lang='lat' dir='ltr'><strong>canoncm.</strong></span> <span class='ocrx_word' id='word_1_59' title='bbox 2216 797 2496 851; x_wconf 70' lang='lat' dir='ltr'><strong>Matthaaus</strong></span> <span class='ocrx_word' id='word_1_60' title='bbox 2529 792 2797 844; x_wconf 83' lang='lat' dir='ltr'><strong>Blastares</strong></span> <span class='ocrx_word' id='word_1_61' title='bbox 2821 785 3014 881; x_wconf 69' lang='lat' dir='ltr'><strong>etiam</strong></span> <span class='ocrx_word' id='word_1_62' title='bbox 3039 782 3088 832; x_wconf 91' lang='lat' dir='ltr'><strong>in</strong></span> <span class='ocrx_word' id='word_1_63' title='bbox 3118 775 3457 881; x_wconf 40' lang='lat' dir='ltr'><strong>{loipilai&#39;il‘.l:C0</strong></span> 
     </span>
    </p>
   </div>
   <div class='ocr_carea' id='block_1_6' title="bbox 176 861 3457 972">
    <p class='ocr_par' dir='ltr' id='par_1_6' title="bbox 176 861 3457 972">
     <span class='ocr_line' id='line_1_6' title="bbox 237 861 3348 881; baseline -0.006 5"><span class='ocrx_word' id='word_1_64' title='bbox 237 861 454 870; x_wconf 65' lang='grc' dir='ltr'><strong>ν-’““””“</strong></span> <span class='ocrx_word' id='word_1_65' title='bbox 485 861 535 867; x_wconf 87' lang='grc'><strong>“”</strong></span> <span class='ocrx_word' id='word_1_66' title='bbox 567 861 785 867; x_wconf 67' lang='grc'><strong>”“’“““’“⁷”</strong></span> <span class='ocrx_word' id='word_1_67' title='bbox 822 861 931 881; x_wconf 69' lang='grc' dir='ltr'><strong><em>“δ“⁷“</em></strong></span> <span class='ocrx_word' id='word_1_68' title='bbox 962 861 1026 864; x_wconf 37' lang='grc'><strong>*⁷⁷</strong></span> <span class='ocrx_word' id='word_1_69' title='bbox 1063 861 1289 878; x_wconf 60' lang='lat' dir='ltr'><strong>l’”&quot;&quot;&quot;&quot;</strong></span> <span class='ocrx_word' id='word_1_70' title='bbox 1345 861 1420 879; x_wconf 53' lang='lat' dir='ltr'><strong>’J&#39;</strong></span> <span class='ocrx_word' id='word_1_71' title='bbox 1458 861 1463 862; x_wconf 66' lang='lat'>’</span> <span class='ocrx_word' id='word_1_72' title='bbox 1612 861 1623 875; x_wconf 83' lang='lat' dir='ltr'><strong>I</strong></span> <span class='ocrx_word' id='word_1_73' title='bbox 3141 866 3149 875; x_wconf 60' lang='grc' dir='ltr'><strong><em>ο</em></strong></span> <span class='ocrx_word' id='word_1_74' title='bbox 3340 861 3348 868; x_wconf 93' lang='grc'>.</span> 
     </span>
     <span class='ocr_line' id='line_1_7' title="bbox 176 861 3457 972; baseline -0.011 -15"><span class='ocrx_word' id='word_1_75' title='bbox 176 950 181 957; x_wconf 94' lang='grc'>.</span> <span class='ocrx_word' id='word_1_76' title='bbox 235 905 401 971; x_wconf 76' lang='lat' dir='ltr'><strong>ipsius</strong></span> <span class='ocrx_word' id='word_1_77' title='bbox 429 913 781 972; x_wconf 74' lang='lat' dir='ltr'><strong>syntagtnate,</strong></span> <span class='ocrx_word' id='word_1_78' title='bbox 814 901 928 953; x_wconf 78' lang='lat' dir='ltr'><strong>haec</strong></span> <span class='ocrx_word' id='word_1_79' title='bbox 960 898 1293 953; x_wconf 85' lang='lat' dir='ltr'><strong>Balsamonis</strong></span> <span class='ocrx_word' id='word_1_80' title='bbox 1350 897 1551 951; x_wconf 85' lang='lat' dir='ltr'><strong>scholia</strong></span> <span class='ocrx_word' id='word_1_81' title='bbox 1582 911 1683 947; x_wconf 91' lang='lat' dir='ltr'><strong>non</strong></span> <span class='ocrx_word' id='word_1_82' title='bbox 1717 893 1846 946; x_wconf 87' lang='lat' dir='ltr'><strong>citat</strong></span> <span class='ocrx_word' id='word_1_83' title='bbox 1871 894 2047 951; x_wconf 66' lang='lat' dir='ltr'><strong>modo,</strong></span> <span class='ocrx_word' id='word_1_84' title='bbox 2082 889 2174 940; x_wconf 89' lang='lat' dir='ltr'><strong>sed</strong></span> <span class='ocrx_word' id='word_1_85' title='bbox 2201 895 2254 938; x_wconf 91' lang='lat' dir='ltr'><strong>et</strong></span> <span class='ocrx_word' id='word_1_86' title='bbox 2285 882 2512 937; x_wconf 84' lang='lat' dir='ltr'><strong>subinde</strong></span> <span class='ocrx_word' id='word_1_87' title='bbox 2545 874 2886 971; x_wconf 55' lang='lat' dir='ltr'><strong>transcribit.</strong></span> <span class='ocrx_word' id='word_1_88' title='bbox 2917 869 3055 933; x_wconf 82' lang='lat' dir='ltr'><strong>Quin</strong></span> <span class='ocrx_word' id='word_1_89' title='bbox 3083 876 3252 972; x_wconf 53' lang='lat' dir='ltr'><strong>etiam.</strong></span> <span class='ocrx_word' id='word_1_90' title='bbox 3283 861 3457 956; x_wconf 37' lang='lat' dir='ltr'><strong>hui-0-</strong></span> 
     </span>
    </p>
   </div>
   <div class='ocr_carea' id='block_1_7' title="bbox 239 953 3455 1050">
    <p class='ocr_par' dir='ltr' id='par_1_7' title="bbox 239 953 3455 1050">
     <span class='ocr_line' id='line_1_8' title="bbox 239 953 3395 971; baseline -0.001 -13"><span class='ocrx_word' id='word_1_91' title='bbox 239 953 397 971; x_wconf 52' lang='grc' dir='ltr'><strong>,μη</strong></span> <span class='ocrx_word' id='word_1_92' title='bbox 434 953 447 955; x_wconf 87' lang='grc'><strong><em>-</em></strong></span> <span class='ocrx_word' id='word_1_93' title='bbox 499 953 502 954; x_wconf 35' lang='grc' dir='ltr'><em>ν</em></span> <span class='ocrx_word' id='word_1_94' title='bbox 559 953 647 969; x_wconf 33' lang='grc' dir='ltr'><strong>κον</strong></span> <span class='ocrx_word' id='word_1_95' title='bbox 769 953 781 965; x_wconf 92' lang='grc'>,</span> <span class='ocrx_word' id='word_1_96' title='bbox 3386 953 3395 956; x_wconf 82' lang='lat'><strong>-</strong></span> 
     </span>
     <span class='ocr_line' id='line_1_9' title="bbox 239 953 3455 1050; baseline -0.013 -8"><span class='ocrx_word' id='word_1_97' title='bbox 239 1005 332 1045; x_wconf 89' lang='lat' dir='ltr'><strong>rus</strong></span> <span class='ocrx_word' id='word_1_98' title='bbox 365 953 656 1050; x_wconf 68' lang='lat' dir='ltr'><strong>Mercator,</strong></span> <span class='ocrx_word' id='word_1_99' title='bbox 690 990 757 1040; x_wconf 90' lang='lat' dir='ltr'><strong>ad</strong></span> <span class='ocrx_word' id='word_1_100' title='bbox 797 987 1043 1040; x_wconf 90' lang='lat' dir='ltr'><strong>Latinam</strong></span> <span class='ocrx_word' id='word_1_101' title='bbox 1072 1001 1224 1041; x_wconf 87' lang='lat' dir='ltr'><strong>suam</strong></span> <span class='ocrx_word' id='word_1_102' title='bbox 1258 998 1526 1039; x_wconf 88' lang='lat' dir='ltr'><strong>canonum</strong></span> <span class='ocrx_word' id='word_1_103' title='bbox 1560 981 1865 1035; x_wconf 88' lang='lat' dir='ltr'><strong>versionem</strong></span> <span class='ocrx_word' id='word_1_104' title='bbox 1907 975 2298 1034; x_wconf 77' lang='lat' dir='ltr'><strong>exornandam,</strong></span> <span class='ocrx_word' id='word_1_105' title='bbox 2334 970 2484 1023; x_wconf 84' lang='lat' dir='ltr'><strong>hisce.</strong></span> <span class='ocrx_word' id='word_1_106' title='bbox 2516 960 2919 1020; x_wconf 88' lang='lat' dir='ltr'><strong>commentariis</strong></span> <span class='ocrx_word' id='word_1_107' title='bbox 2953 969 3081 1010; x_wconf 85' lang='lat' dir='ltr'><strong>usus</strong></span> <span class='ocrx_word' id='word_1_108' title='bbox 3102 960 3204 1050; x_wconf 79' lang='lat' dir='ltr'><strong>est.</strong></span> <span class='ocrx_word' id='word_1_109' title='bbox 3241 953 3287 1002; x_wconf 90' lang='lat' dir='ltr'><strong>ls</strong></span> <span class='ocrx_word' id='word_1_110' title='bbox 3313 961 3455 1050; x_wconf 67' lang='lat' dir='ltr'><strong>enim</strong></span> 
     </span>
    </p>
   </div>
   <div class='ocr_carea' id='block_1_8' title="bbox 237 1034 3454 1144">
    <p class='ocr_par' dir='ltr' id='par_1_8' title="bbox 237 1034 3454 1144">
     <span class='ocr_line' id='line_1_10' title="bbox 237 1034 3454 1144; baseline -0.015 -13"><span class='ocrx_word' id='word_1_111' title='bbox 237 1093 347 1132; x_wconf 73' lang='lat' dir='ltr'><strong>suae</strong></span> <span class='ocrx_word' id='word_1_112' title='bbox 377 1075 679 1129; x_wconf 81' lang='lat' dir='ltr'><strong>duodecimi</strong></span> <span class='ocrx_word' id='word_1_113' title='bbox 705 1075 929 1128; x_wconf 86' lang='lat' dir='ltr'><strong>canonis</strong></span> <span class='ocrx_word' id='word_1_114' title='bbox 959 1074 1147 1144; x_wconf 83' lang='lat' dir='ltr'><strong>synodi</strong></span> <span class='ocrx_word' id='word_1_115' title='bbox 1193 1070 1522 1142; x_wconf 88' lang='lat' dir='ltr'><strong>Gangrensis</strong></span> <span class='ocrx_word' id='word_1_116' title='bbox 1548 1068 1780 1122; x_wconf 82' lang='lat' dir='ltr'><strong>versioni</strong></span> <span class='ocrx_word' id='word_1_117' title='bbox 1815 1067 1927 1118; x_wconf 66' lang='lat' dir='ltr'><strong>haec</strong></span> <span class='ocrx_word' id='word_1_118' title='bbox 1962 1061 2262 1125; x_wconf 81' lang='lat' dir='ltr'><strong>interserit,</strong></span> <span class='ocrx_word' id='word_1_119' title='bbox 2291 1058 2450 1111; x_wconf 70' lang='lat' dir='ltr'><strong>Baros</strong></span> <span class='ocrx_word' id='word_1_120' title='bbox 2479 1055 2689 1108; x_wconf 75' lang='lat' dir='ltr'><strong>videtur</strong></span> <span class='ocrx_word' id='word_1_121' title='bbox 2716 1049 3002 1144; x_wconf 46' lang='lat' dir='ltr'><strong>Balsa&#39;r‘non</strong></span> <span class='ocrx_word' id='word_1_122' title='bbox 3045 1043 3312 1108; x_wconf 79' lang='lat' dir='ltr'><strong>episwpus</strong></span> <span class='ocrx_word' id='word_1_123' title='bbox 3350 1034 3454 1086; x_wconf 78' lang='grc' dir='ltr'><strong>Λη-</strong></span> 
     </span>
    </p>
   </div>
   <div class='ocr_carea' id='block_1_9' title="bbox 237 1132 3457 1227">
    <p class='ocr_par' dir='ltr' id='par_1_9' title="bbox 237 1132 3457 1227">
     <span class='ocr_line' id='line_1_11' title="bbox 237 1132 3457 1227; baseline -0.014 -12"><span class='ocrx_word' id='word_1_124' title='bbox 237 1164 506 1215; x_wconf 82' lang='lat' dir='ltr'><strong>tiochenus</strong></span> <span class='ocrx_word' id='word_1_125' title='bbox 541 1162 678 1215; x_wconf 87' lang='lat' dir='ltr'><strong>hunc</strong></span> <span class='ocrx_word' id='word_1_126' title='bbox 717 1161 888 1214; x_wconf 83' lang='lat' dir='ltr'><strong>locum</strong></span> <span class='ocrx_word' id='word_1_127' title='bbox 939 1132 1534 1227; x_wconf 43' lang='lat' dir='ltr'><strong>inierpretans,vuocare</strong></span> <span class='ocrx_word' id='word_1_128' title='bbox 1557 1164 1718 1208; x_wconf 80' lang='lat' dir='ltr'><strong>vestes</strong></span> <span class='ocrx_word' id='word_1_129' title='bbox 1748 1169 1812 1206; x_wconf 76' lang='lat' dir='ltr'><strong>ea:</strong></span> <span class='ocrx_word' id='word_1_130' title='bbox 1842 1153 2007 1204; x_wconf 80' lang='lat' dir='ltr'><strong>serico</strong></span> <span class='ocrx_word' id='word_1_131' title='bbox 2048 1157 2340 1201; x_wconf 74' lang='lat' dir='ltr'><strong>contextus.</strong></span> <span class='ocrx_word' id='word_1_132' title='bbox 2394 1143 2454 1196; x_wconf 82' lang='lat' dir='ltr'><strong>Et</strong></span> <span class='ocrx_word' id='word_1_133' title='bbox 2494 1143 2564 1193; x_wconf 92' lang='lat' dir='ltr'><strong>ita</strong></span> <span class='ocrx_word' id='word_1_134' title='bbox 2621 1138 2834 1193; x_wconf 77' lang='lat' dir='ltr'><strong>quidem</strong></span> <span class='ocrx_word' id='word_1_135' title='bbox 2871 1132 3245 1185; x_wconf 83' lang='lat' dir='ltr'><strong>Balsamouem</strong></span> <span class='ocrx_word' id='word_1_136' title='bbox 3273 1136 3457 1174; x_wconf 76' lang='lat' dir='ltr'><strong>vocem</strong></span> 
     </span>
    </p>
   </div>
   <div class='ocr_carea' id='block_1_10' title="bbox 236 1232 2505 1317">
    <p class='ocr_par' dir='ltr' id='par_1_10' title="bbox 236 1232 2505 1317">
     <span class='ocr_line' id='line_1_12' title="bbox 236 1232 2505 1317; baseline -0.007 -16"><span class='ocrx_word' id='word_1_137' title='bbox 236 1249 450 1317; x_wconf 77' lang='grc' dir='ltr'><strong>Βήρους</strong></span> <span class='ocrx_word' id='word_1_138' title='bbox 486 1251 902 1316; x_wconf 90' lang='lat' dir='ltr'><strong>interpretatum</strong></span> <span class='ocrx_word' id='word_1_139' title='bbox 936 1260 1079 1309; x_wconf 86' lang='lat' dir='ltr'><strong>esse,</strong></span> <span class='ocrx_word' id='word_1_140' title='bbox 1109 1259 1174 1299; x_wconf 76' lang='lat' dir='ltr'><strong>ex</strong></span> <span class='ocrx_word' id='word_1_141' title='bbox 1213 1243 1437 1300; x_wconf 84' lang='lat' dir='ltr'><strong>scholiis</strong></span> <span class='ocrx_word' id='word_1_142' title='bbox 1466 1241 1582 1310; x_wconf 89' lang='lat' dir='ltr'><strong>ejus</strong></span> <span class='ocrx_word' id='word_1_143' title='bbox 1614 1241 1664 1292; x_wconf 91' lang='lat' dir='ltr'><strong>in</strong></span> <span class='ocrx_word' id='word_1_144' title='bbox 1700 1239 1902 1291; x_wconf 87' lang='lat' dir='ltr'><strong>dictum</strong></span> <span class='ocrx_word' id='word_1_145' title='bbox 1931 1251 2191 1291; x_wconf 81' lang='lat' dir='ltr'><strong>canonem</strong></span> <span class='ocrx_word' id='word_1_146' title='bbox 2227 1232 2505 1286; x_wconf 87' lang='lat' dir='ltr'><strong>elucescit.</strong></span> 
     </span>
    </p>
   </div>
   <div class='ocr_carea' id='block_1_11' title="bbox 315 1301 3458 1403">
    <p class='ocr_par' dir='ltr' id='par_1_11' title="bbox 315 1301 3458 1403">
     <span class='ocr_line' id='line_1_13' title="bbox 315 1301 3458 1403; baseline -0.014 -13"><span class='ocrx_word' id='word_1_147' title='bbox 315 1339 358 1390; x_wconf 86' lang='lat' dir='ltr'><strong>A</strong></span> <span class='ocrx_word' id='word_1_148' title='bbox 395 1301 842 1403; x_wconf 52' lang='lat' dir='ltr'><strong>tetnpore&#39;autem</strong></span> <span class='ocrx_word' id='word_1_149' title='bbox 867 1348 976 1401; x_wconf 91' lang='lat' dir='ltr'><strong>quo</strong></span> <span class='ocrx_word' id='word_1_150' title='bbox 1013 1339 1386 1385; x_wconf 91' lang='lat' dir='ltr'><strong>consummata</strong></span> <span class='ocrx_word' id='word_1_151' title='bbox 1429 1338 1549 1382; x_wconf 89' lang='lat' dir='ltr'><strong>sunt</strong></span> <span class='ocrx_word' id='word_1_152' title='bbox 1578 1324 1890 1379; x_wconf 85' lang='lat' dir='ltr'><strong>doctissima</strong></span> <span class='ocrx_word' id='word_1_153' title='bbox 1940 1327 2049 1376; x_wconf 69' lang='lat' dir='ltr'><strong>haec</strong></span> <span class='ocrx_word' id='word_1_154' title='bbox 2085 1321 2415 1373; x_wconf 82' lang='lat' dir='ltr'><strong>Balsamonis</strong></span> <span class='ocrx_word' id='word_1_155' title='bbox 2448 1320 2499 1369; x_wconf 89' lang='lat' dir='ltr'><strong>in</strong></span> <span class='ocrx_word' id='word_1_156' title='bbox 2543 1315 2983 1403; x_wconf 60' lang='lat' dir='ltr'><strong>Nomocanouem</strong></span> <span class='ocrx_word' id='word_1_157' title='bbox 3021 1301 3218 1403; x_wconf 70' lang='lat' dir='ltr'><strong>Photii,</strong></span> <span class='ocrx_word' id='word_1_158' title='bbox 3243 1308 3297 1352; x_wconf 91' lang='lat' dir='ltr'><strong>et</strong></span> <span class='ocrx_word' id='word_1_159' title='bbox 3330 1311 3458 1349; x_wconf 86' lang='lat' dir='ltr'><strong>cou-</strong></span> 
     </span>
    </p>
   </div>
   <div class='ocr_carea' id='block_1_12' title="bbox 191 1388 3463 1494">
    <p class='ocr_par' dir='ltr' id='par_1_12' title="bbox 191 1388 3463 1494">
     <span class='ocr_line' id='line_1_14' title="bbox 191 1388 3463 1494; baseline -0.014 -17"><span class='ocrx_word' id='word_1_160' title='bbox 191 1489 195 1494; x_wconf 21' lang='grc'><em>⁴</em></span> <span class='ocrx_word' id='word_1_161' title='bbox 237 1423 486 1477; x_wconf 83' lang='lat' dir='ltr'><strong>riliornm</strong></span> <span class='ocrx_word' id='word_1_162' title='bbox 531 1422 862 1489; x_wconf 80' lang='lat' dir='ltr'><strong>Patrumqne</strong></span> <span class='ocrx_word' id='word_1_163' title='bbox 893 1434 1131 1473; x_wconf 85' lang='lat' dir='ltr'><strong>canones</strong></span> <span class='ocrx_word' id='word_1_164' title='bbox 1163 1417 1579 1478; x_wconf 86' lang='lat' dir='ltr'><strong>commentaria,</strong></span> <span class='ocrx_word' id='word_1_165' title='bbox 1610 1413 2036 1481; x_wconf 72' lang='lat' dir='ltr'><strong>quadringentos</strong></span> <span class='ocrx_word' id='word_1_166' title='bbox 2072 1406 2457 1476; x_wconf 86' lang='lat' dir='ltr'><strong>propemodum</strong></span> <span class='ocrx_word' id='word_1_167' title='bbox 2512 1415 2683 1455; x_wconf 90' lang='lat' dir='ltr'><strong>annos</strong></span> <span class='ocrx_word' id='word_1_168' title='bbox 2736 1399 2877 1450; x_wconf 90' lang='lat' dir='ltr'><strong>inter</strong></span> <span class='ocrx_word' id='word_1_169' title='bbox 2915 1392 3133 1445; x_wconf 74' lang='lat' dir='ltr'><strong>Graecos</strong></span> <span class='ocrx_word' id='word_1_170' title='bbox 3163 1388 3463 1443; x_wconf 88' lang='lat' dir='ltr'><strong>latuerunt,</strong></span> 
     </span>
    </p>
   </div>
   <div class='ocr_carea' id='block_1_13' title="bbox 235 1482 3465 1579">
    <p class='ocr_par' dir='ltr' id='par_1_13' title="bbox 235 1482 3465 1579">
     <span class='ocr_line' id='line_1_15' title="bbox 235 1482 3465 1579; baseline -0.015 -12"><span class='ocrx_word' id='word_1_171' title='bbox 235 1513 442 1567; x_wconf 84' lang='lat' dir='ltr'><strong>Latinis</strong></span> <span class='ocrx_word' id='word_1_172' title='bbox 475 1510 747 1579; x_wconf 89' lang='lat' dir='ltr'><strong>plerisque</strong></span> <span class='ocrx_word' id='word_1_173' title='bbox 783 1508 1058 1574; x_wconf 84' lang='lat' dir='ltr'><strong>incognita</strong></span> <span class='ocrx_word' id='word_1_174' title='bbox 1090 1527 1102 1561; x_wconf 93' lang='lat'><strong>:</strong></span> <span class='ocrx_word' id='word_1_175' title='bbox 1133 1507 1304 1561; x_wconf 90' lang='lat' dir='ltr'><strong>donec</strong></span> <span class='ocrx_word' id='word_1_176' title='bbox 1339 1504 1642 1559; x_wconf 89' lang='lat' dir='ltr'><strong>Gcntiauus</strong></span> <span class='ocrx_word' id='word_1_177' title='bbox 1667 1500 1951 1560; x_wconf 87' lang='lat' dir='ltr'><strong>llervetns,</strong></span> <span class='ocrx_word' id='word_1_178' title='bbox 1981 1495 2250 1558; x_wconf 84' lang='lat' dir='ltr'><strong>Tridenti,</strong></span> <span class='ocrx_word' id='word_1_179' title='bbox 2281 1508 2402 1547; x_wconf 91' lang='lat' dir='ltr'><strong>cum</strong></span> <span class='ocrx_word' id='word_1_180' title='bbox 2439 1489 2726 1544; x_wconf 87' lang='lat' dir='ltr'><strong>concilium</strong></span> <span class='ocrx_word' id='word_1_181' title='bbox 2764 1485 2833 1537; x_wconf 86' lang='lat' dir='ltr'><strong>ibi</strong></span> <span class='ocrx_word' id='word_1_182' title='bbox 2871 1482 3181 1579; x_wconf 75' lang='lat' dir='ltr'><strong>haberetur,</strong></span> <span class='ocrx_word' id='word_1_183' title='bbox 3220 1488 3465 1579; x_wconf 53' lang='lat' dir='ltr'><strong>eomlmo-</strong></span> 
     </span>
    </p>
   </div>
   <div class='ocr_carea' id='block_1_14' title="bbox 237 1560 3464 1663">
    <p class='ocr_par' dir='ltr' id='par_1_14' title="bbox 237 1560 3464 1663">
     <span class='ocr_line' id='line_1_16' title="bbox 237 1560 3464 1663; baseline -0.013 -9"><span class='ocrx_word' id='word_1_184' title='bbox 237 1616 384 1663; x_wconf 80' lang='lat' dir='ltr'><strong>rtns,</strong></span> <span class='ocrx_word' id='word_1_185' title='bbox 418 1560 807 1653; x_wconf 63' lang='lat' dir='ltr'><strong>etraccnratum</strong></span> <span class='ocrx_word' id='word_1_186' title='bbox 833 1613 1022 1652; x_wconf 90' lang='lat' dir='ltr'><strong>eorum</strong></span> <span class='ocrx_word' id='word_1_187' title='bbox 1060 1605 1251 1650; x_wconf 78' lang='lat' dir='ltr'><strong>nactus</strong></span> <span class='ocrx_word' id='word_1_188' title='bbox 1280 1593 1558 1662; x_wconf 71' lang='lat' dir='ltr'><strong>exemplar</strong></span> <span class='ocrx_word' id='word_1_189' title='bbox 1589 1607 1616 1644; x_wconf 91' lang='lat' dir='ltr'><strong>a</strong></span> <span class='ocrx_word' id='word_1_190' title='bbox 1646 1589 1859 1643; x_wconf 84' lang='lat' dir='ltr'><strong>Joanne</strong></span> <span class='ocrx_word' id='word_1_191' title='bbox 1912 1586 2070 1648; x_wconf 86' lang='lat' dir='ltr'><strong>Tilio,</strong></span> <span class='ocrx_word' id='word_1_192' title='bbox 2096 1583 2348 1652; x_wconf 80' lang='lat' dir='ltr'><strong>episcOpo</strong></span> <span class='ocrx_word' id='word_1_193' title='bbox 2393 1575 2690 1638; x_wconf 86' lang='lat' dir='ltr'><strong>Briocensi,</strong></span> <span class='ocrx_word' id='word_1_194' title='bbox 2726 1571 2853 1624; x_wconf 90' lang='lat' dir='ltr'><strong>illud</strong></span> <span class='ocrx_word' id='word_1_195' title='bbox 2879 1567 3100 1663; x_wconf 42' lang='lat' dir='ltr'><strong>Latine.</strong></span> <span class='ocrx_word' id='word_1_196' title='bbox 3120 1562 3298 1616; x_wconf 86' lang='lat' dir='ltr'><strong>vertit.</strong></span> <span class='ocrx_word' id='word_1_197' title='bbox 3337 1560 3464 1663; x_wconf 57' lang='lat' dir='ltr'><strong>qua:</strong></span> 
     </span>
    </p>
   </div>
   <div class='ocr_carea' id='block_1_15' title="bbox 235 1646 3465 1754">
    <p class='ocr_par' dir='ltr' id='par_1_15' title="bbox 235 1646 3465 1754">
     <span class='ocr_line' id='line_1_17' title="bbox 235 1646 3465 1754; baseline -0.014 -14"><span class='ocrx_word' id='word_1_198' title='bbox 235 1646 563 1754; x_wconf 52' lang='lat' dir='ltr'><strong>ejus’vcrsio</strong></span> <span class='ocrx_word' id='word_1_199' title='bbox 613 1687 732 1738; x_wconf 87' lang='lat' dir='ltr'><strong>sine</strong></span> <span class='ocrx_word' id='word_1_200' title='bbox 771 1684 962 1740; x_wconf 69' lang='lat' dir='ltr'><strong>Graeco</strong></span> <span class='ocrx_word' id='word_1_201' title='bbox 1025 1693 1198 1747; x_wconf 76' lang='lat' dir='ltr'><strong>textu,</strong></span> <span class='ocrx_word' id='word_1_202' title='bbox 1237 1699 1264 1736; x_wconf 90' lang='lat' dir='ltr'><strong>a</strong></span> <span class='ocrx_word' id='word_1_203' title='bbox 1319 1646 1607 1737; x_wconf 79' lang='lat' dir='ltr'><strong>Guilielmo</strong></span> <span class='ocrx_word' id='word_1_204' title='bbox 1653 1674 1880 1731; x_wconf 74' lang='lat' dir='ltr'><strong>Morelio</strong></span> <span class='ocrx_word' id='word_1_205' title='bbox 1930 1673 2153 1726; x_wconf 78' lang='lat' dir='ltr'><strong>Lutetia:</strong></span> <span class='ocrx_word' id='word_1_206' title='bbox 2184 1668 2513 1722; x_wconf 85' lang='lat' dir='ltr'><strong>Parisiorum</strong></span> <span class='ocrx_word' id='word_1_207' title='bbox 2545 1663 2686 1734; x_wconf 86' lang='lat' dir='ltr'><strong>typis</strong></span> <span class='ocrx_word' id='word_1_208' title='bbox 2731 1657 2984 1713; x_wconf 80' lang='lat' dir='ltr'><strong>mamlata</strong></span> <span class='ocrx_word' id='word_1_209' title='bbox 3019 1653 3130 1753; x_wconf 67' lang='lat' dir='ltr'><strong>iuit</strong></span> <span class='ocrx_word' id='word_1_210' title='bbox 3177 1662 3326 1754; x_wconf 63' lang='lat' dir='ltr'><strong>anno</strong></span> <span class='ocrx_word' id='word_1_211' title='bbox 3362 1646 3465 1697; x_wconf 83' lang='lat' dir='ltr'><strong>Do-</strong></span> 
     </span>
    </p>
   </div>
   <div class='ocr_carea' id='block_1_16' title="bbox 237 1736 3467 1833">
    <p class='ocr_par' dir='ltr' id='par_1_16' title="bbox 237 1736 3467 1833">
     <span class='ocr_line' id='line_1_18' title="bbox 237 1736 3467 1833; baseline -0 -7"><span class='ocrx_word' id='word_1_212' title='bbox 995 1736 1197 1823; x_wconf 49' lang='lat' dir='ltr'><strong>autetn&#39;</strong></span> <span class='ocrx_word' id='word_1_213' title='bbox 1228 1736 1400 1822; x_wconf 87' lang='lat' dir='ltr'><strong>annos</strong></span> <span class='ocrx_word' id='word_1_214' title='bbox 1447 1763 1747 1833; x_wconf 74' lang='lat' dir='ltr'><strong>bibliopola:</strong></span> <span class='ocrx_word' id='word_1_215' title='bbox 1777 1761 2110 1814; x_wconf 71' lang='lat' dir='ltr'><strong>Parisienses</strong></span> <span class='ocrx_word' id='word_1_216' title='bbox 2137 1755 2384 1809; x_wconf 59' lang='lat' dir='ltr'><strong>Gra‘cum</strong></span> <span class='ocrx_word' id='word_1_217' title='bbox 2436 1750 2708 1821; x_wconf 68' lang='lat' dir='ltr'><strong>ql&#39;Odda&#39;“</strong></span> <span class='ocrx_word' id='word_1_218' title='bbox 2756 1743 3032 1833; x_wconf 62' lang='lat' dir='ltr'><strong>co&quot;sec_“_li</strong></span> <span class='ocrx_word' id='word_1_219' title='bbox 3074 1736 3467 1833; x_wconf 47' lang='lat' dir='ltr'><strong>apngmpmﬂn’</strong></span> 
     </span>
    </p>
   </div>
   <div class='ocr_carea' id='block_1_17' title="bbox 239 1820 3470 1928">
    <p class='ocr_par' dir='ltr' id='par_1_17' title="bbox 239 1820 3470 1928">
     <span class='ocr_line' id='line_1_19' title="bbox 239 1820 3470 1928; baseline -0.011 -16"><span class='ocrx_word' id='word_1_220' title='bbox 239 1859 374 1912; x_wconf 88' lang='lat' dir='ltr'><strong>illud</strong></span> <span class='ocrx_word' id='word_1_221' title='bbox 411 1875 513 1928; x_wconf 85' lang='lat' dir='ltr'><strong>una</strong></span> <span class='ocrx_word' id='word_1_222' title='bbox 550 1873 672 1912; x_wconf 92' lang='lat' dir='ltr'><strong>cum</strong></span> <span class='ocrx_word' id='word_1_223' title='bbox 717 1859 973 1926; x_wconf 61' lang='lat' dir='ltr'><strong>praedicta</strong></span> <span class='ocrx_word' id='word_1_224' title='bbox 1003 1856 1220 1911; x_wconf 85' lang='lat' dir='ltr'><strong>Herveti</strong></span> <span class='ocrx_word' id='word_1_225' title='bbox 1251 1855 1498 1908; x_wconf 88' lang='lat' dir='ltr'><strong>versione</strong></span> <span class='ocrx_word' id='word_1_226' title='bbox 1541 1852 1592 1904; x_wconf 91' lang='lat' dir='ltr'><strong>in</strong></span> <span class='ocrx_word' id='word_1_227' title='bbox 1643 1849 1914 1918; x_wconf 81' lang='lat' dir='ltr'><strong>publicam</strong></span> <span class='ocrx_word' id='word_1_228' title='bbox 1974 1847 2148 1898; x_wconf 90' lang='lat' dir='ltr'><strong>lucem</strong></span> <span class='ocrx_word' id='word_1_229' title='bbox 2197 1841 2522 1902; x_wconf 91' lang='lat' dir='ltr'><strong>emiserunt,</strong></span> <span class='ocrx_word' id='word_1_230' title='bbox 2552 1833 2779 1889; x_wconf 70' lang='lat' dir='ltr'><strong>Lutetia:</strong></span> <span class='ocrx_word' id='word_1_231' title='bbox 2826 1829 3334 1928; x_wconf 55' lang='lat' dir='ltr'><strong>Parisioruutam‘m</strong></span> <span class='ocrx_word' id='word_1_232' title='bbox 3367 1820 3470 1872; x_wconf 92' lang='lat' dir='ltr'><strong>D0-</strong></span> 
     </span>
    </p>
   </div>
   <div class='ocr_carea' id='block_1_18' title="bbox 239 1907 3470 2015">
    <p class='ocr_par' dir='ltr' id='par_1_18' title="bbox 239 1907 3470 2015">
     <span class='ocr_line' id='line_1_20' title="bbox 239 1907 3470 2015; baseline -0.013 -14"><span class='ocrx_word' id='word_1_233' title='bbox 239 1947 374 2001; x_wconf 84' lang='lat' dir='ltr'><strong>ntini</strong></span> <span class='ocrx_word' id='word_1_234' title='bbox 411 1923 570 2001; x_wconf 60' lang='lat' dir='ltr'><strong>i620.</strong></span> <span class='ocrx_word' id='word_1_235' title='bbox 611 1947 676 2000; x_wconf 84' lang='lat' dir='ltr'><strong>Et</strong></span> <span class='ocrx_word' id='word_1_236' title='bbox 709 1907 820 2000; x_wconf 64' lang='lat' dir='ltr'><strong>haec</strong></span> <span class='ocrx_word' id='word_1_237' title='bbox 846 1945 1066 2015; x_wconf 90' lang='lat' dir='ltr'><strong>quidem</strong></span> <span class='ocrx_word' id='word_1_238' title='bbox 1099 1943 1288 2006; x_wconf 87' lang='lat' dir='ltr'><strong>editio,</strong></span> <span class='ocrx_word' id='word_1_239' title='bbox 1319 1955 1490 2011; x_wconf 89' lang='lat' dir='ltr'><strong>eaque</strong></span> <span class='ocrx_word' id='word_1_240' title='bbox 1521 1907 1661 1999; x_wconf 54' lang='lat' dir='ltr'><strong>sola;</strong></span> <span class='ocrx_word' id='word_1_241' title='bbox 1704 1936 1770 1989; x_wconf 90' lang='lat' dir='ltr'><strong>ab</strong></span> <span class='ocrx_word' id='word_1_242' title='bbox 1797 1949 1862 1988; x_wconf 88' lang='lat' dir='ltr'><strong>eo</strong></span> <span class='ocrx_word' id='word_1_243' title='bbox 1886 1947 2059 2000; x_wconf 81' lang='lat' dir='ltr'><strong>usque</strong></span> <span class='ocrx_word' id='word_1_244' title='bbox 2089 1939 2328 1998; x_wconf 90' lang='lat' dir='ltr'><strong>tempore</strong></span> <span class='ocrx_word' id='word_1_245' title='bbox 2367 1927 2650 1980; x_wconf 89' lang='lat' dir='ltr'><strong>doctorum</strong></span> <span class='ocrx_word' id='word_1_246' title='bbox 2678 1916 3082 2015; x_wconf 39' lang='lat' dir='ltr'><strong>manibus&#39;trita</strong></span> <span class='ocrx_word' id='word_1_247' title='bbox 3117 1912 3232 1964; x_wconf 77' lang='lat' dir='ltr'><strong>fuit.</strong></span> <span class='ocrx_word' id='word_1_248' title='bbox 3271 1907 3470 2015; x_wconf 53' lang='lat' dir='ltr'><strong>V‘ernm</strong></span> 
     </span>
    </p>
   </div>
   <div class='ocr_carea' id='block_1_19' title="bbox 234 1995 3467 2097">
    <p class='ocr_par' dir='ltr' id='par_1_19' title="bbox 234 1995 3467 2097">
     <span class='ocr_line' id='line_1_21' title="bbox 234 1995 3467 2097; baseline -0.014 -8"><span class='ocrx_word' id='word_1_249' title='bbox 234 2035 516 2097; x_wconf 73' lang='lat' dir='ltr'><strong>enimvero</strong></span> <span class='ocrx_word' id='word_1_250' title='bbox 567 2035 694 2088; x_wconf 90' lang='lat' dir='ltr'><strong>licet</strong></span> <span class='ocrx_word' id='word_1_251' title='bbox 745 2036 812 2088; x_wconf 89' lang='lat' dir='ltr'><strong>ad</strong></span> <span class='ocrx_word' id='word_1_252' title='bbox 848 1995 1004 2087; x_wconf 42' lang='lat' dir='ltr'><strong>ijstam</strong></span> <span class='ocrx_word' id='word_1_253' title='bbox 1055 1995 1428 2085; x_wconf 75' lang='lat' dir='ltr'><strong>exornandam</strong></span> <span class='ocrx_word' id='word_1_254' title='bbox 1480 2027 1775 2082; x_wconf 73' lang='lat' dir='ltr'><strong>editionem</strong></span> <span class='ocrx_word' id='word_1_255' title='bbox 1814 2023 2201 2080; x_wconf 83' lang='lat' dir='ltr'><strong>Parisiensem,</strong></span> <span class='ocrx_word' id='word_1_256' title='bbox 2233 2017 2396 2069; x_wconf 90' lang='lat' dir='ltr'><strong>multa</strong></span> <span class='ocrx_word' id='word_1_257' title='bbox 2428 2028 2492 2067; x_wconf 77' lang='lat' dir='ltr'><strong>ex</strong></span> <span class='ocrx_word' id='word_1_258' title='bbox 2529 2026 2657 2064; x_wconf 85' lang='lat' dir='ltr'><strong>mss.</strong></span> <span class='ocrx_word' id='word_1_259' title='bbox 2698 2004 2997 2063; x_wconf 83' lang='lat' dir='ltr'><strong>Vaticanis.</strong></span> <span class='ocrx_word' id='word_1_260' title='bbox 3029 2010 3082 2055; x_wconf 89' lang='lat' dir='ltr'><strong>et</strong></span> <span class='ocrx_word' id='word_1_261' title='bbox 3115 1995 3467 2097; x_wconf 44' lang='lat' dir='ltr'><strong>nonnulla‘ex</strong></span> 
     </span>
    </p>
   </div>
   <div class='ocr_carea' id='block_1_20' title="bbox 234 2082 3471 2184">
    <p class='ocr_par' dir='ltr' id='par_1_20' title="bbox 234 2082 3471 2184">
     <span class='ocr_line' id='line_1_22' title="bbox 234 2082 3471 2184; baseline -0.008 -9"><span class='ocrx_word' id='word_1_262' title='bbox 234 2124 434 2175; x_wconf 87' lang='lat' dir='ltr'><strong>codice</strong></span> <span class='ocrx_word' id='word_1_263' title='bbox 477 2121 752 2174; x_wconf 68' lang='lat' dir='ltr'><strong>haeredum</strong></span> <span class='ocrx_word' id='word_1_264' title='bbox 775 2120 998 2174; x_wconf 84' lang='lat' dir='ltr'><strong>Achillis</strong></span> <span class='ocrx_word' id='word_1_265' title='bbox 1029 2117 1245 2182; x_wconf 60' lang='lat' dir='ltr'><strong>Harlaei,</strong></span> <span class='ocrx_word' id='word_1_266' title='bbox 1280 2116 1436 2184; x_wconf 87' lang='lat' dir='ltr'><strong>primi</strong></span> <span class='ocrx_word' id='word_1_267' title='bbox 1470 2116 1523 2168; x_wconf 91' lang='lat' dir='ltr'><strong>in</strong></span> <span class='ocrx_word' id='word_1_268' title='bbox 1549 2125 1801 2175; x_wconf 85' lang='lat' dir='ltr'><strong>suprema</strong></span> <span class='ocrx_word' id='word_1_269' title='bbox 1837 2111 1987 2163; x_wconf 79' lang='lat' dir='ltr'><strong>curia</strong></span> <span class='ocrx_word' id='word_1_270' title='bbox 2023 2105 2314 2161; x_wconf 81' lang='lat' dir='ltr'><strong>Parisiensi</strong></span> <span class='ocrx_word' id='word_1_271' title='bbox 2349 2101 2626 2172; x_wconf 77' lang='lat' dir='ltr'><strong>prtesidis,</strong></span> <span class='ocrx_word' id='word_1_272' title='bbox 2661 2097 2885 2152; x_wconf 84' lang='lat' dir='ltr'><strong>collecta</strong></span> <span class='ocrx_word' id='word_1_273' title='bbox 2917 2090 3114 2145; x_wconf 61' lang='lat' dir='ltr'><strong>fuerit”</strong></span> <span class='ocrx_word' id='word_1_274' title='bbox 3136 2082 3471 2184; x_wconf 41' lang='grc' dir='ltr'><strong>λίνιιιιιψιιι·</strong></span> 
     </span>
    </p>
   </div>
   <div class='ocr_carea' id='block_1_21' title="bbox 239 2175 3471 2262">
    <p class='ocr_par' dir='ltr' id='par_1_21' title="bbox 239 2175 3471 2262">
     <span class='ocr_line' id='line_1_23' title="bbox 239 2175 3471 2262; baseline -0.012 0"><span class='ocrx_word' id='word_1_275' title='bbox 239 2210 384 2262; x_wconf 82' lang='lat' dir='ltr'><strong>rima</strong></span> <span class='ocrx_word' id='word_1_276' title='bbox 415 2216 594 2261; x_wconf 86' lang='lat' dir='ltr'><strong>tamen</strong></span> <span class='ocrx_word' id='word_1_277' title='bbox 633 2207 688 2260; x_wconf 90' lang='lat' dir='ltr'><strong>in</strong></span> <span class='ocrx_word' id='word_1_278' title='bbox 739 2223 799 2261; x_wconf 87' lang='lat' dir='ltr'><strong>ea</strong></span> <span class='ocrx_word' id='word_1_279' title='bbox 828 2208 1004 2262; x_wconf 86' lang='lat' dir='ltr'><strong>doctis</strong></span> <span class='ocrx_word' id='word_1_280' title='bbox 1048 2208 1225 2262; x_wconf 87' lang='lat' dir='ltr'><strong>adhuc</strong></span> <span class='ocrx_word' id='word_1_281' title='bbox 1273 2175 1579 2261; x_wconf 77' lang='lat' dir='ltr'><strong>desiderata</strong></span> <span class='ocrx_word' id='word_1_282' title='bbox 1611 2212 1754 2260; x_wconf 88' lang='lat' dir='ltr'><strong>sunt.</strong></span> <span class='ocrx_word' id='word_1_283' title='bbox 1789 2200 1967 2254; x_wconf 79' lang='lat' dir='ltr'><strong>Multae</strong></span> <span class='ocrx_word' id='word_1_284' title='bbox 2009 2194 2154 2250; x_wconf 91' lang='lat' dir='ltr'><strong>enim</strong></span> <span class='ocrx_word' id='word_1_285' title='bbox 2189 2193 2392 2246; x_wconf 65' lang='lat' dir='ltr'><strong>lacunar</strong></span> <span class='ocrx_word' id='word_1_286' title='bbox 2424 2191 2474 2241; x_wconf 93' lang='lat' dir='ltr'><strong>in</strong></span> <span class='ocrx_word' id='word_1_287' title='bbox 2527 2189 2644 2254; x_wconf 90' lang='lat' dir='ltr'><strong>ipso</strong></span> <span class='ocrx_word' id='word_1_288' title='bbox 2675 2184 2864 2238; x_wconf 65' lang='lat' dir='ltr'><strong>Graeco</strong></span> <span class='ocrx_word' id='word_1_289' title='bbox 2897 2187 3045 2232; x_wconf 83' lang='lat' dir='ltr'><strong>textu</strong></span> <span class='ocrx_word' id='word_1_290' title='bbox 3094 2175 3471 2262; x_wconf 74' lang='lat' dir='ltr'><strong>relictzesunl,</strong></span> 
     </span>
    </p>
   </div>
   <div class='ocr_carea' id='block_1_22' title="bbox 241 2258 3474 2364">
    <p class='ocr_par' dir='ltr' id='par_1_22' title="bbox 241 2258 3474 2364">
     <span class='ocr_line' id='line_1_24' title="bbox 241 2258 3474 2364; baseline -0.012 -17"><span class='ocrx_word' id='word_1_291' title='bbox 241 2311 367 2364; x_wconf 67' lang='lat' dir='ltr'><strong>quas</strong></span> <span class='ocrx_word' id='word_1_292' title='bbox 390 2312 419 2348; x_wconf 87' lang='lat' dir='ltr'><strong>a</strong></span> <span class='ocrx_word' id='word_1_293' title='bbox 453 2295 600 2348; x_wconf 89' lang='lat' dir='ltr'><strong>nullo</strong></span> <span class='ocrx_word' id='word_1_294' title='bbox 626 2295 918 2361; x_wconf 80' lang='lat' dir='ltr'><strong>exemplari</strong></span> <span class='ocrx_word' id='word_1_295' title='bbox 943 2293 1133 2348; x_wconf 72' lang='lat' dir='ltr'><strong>Graeco</strong></span> <span class='ocrx_word' id='word_1_296' title='bbox 1165 2294 1400 2363; x_wconf 89' lang='lat' dir='ltr'><strong>suppleri</strong></span> <span class='ocrx_word' id='word_1_297' title='bbox 1433 2300 1684 2360; x_wconf 86' lang='lat' dir='ltr'><strong>poterant</strong></span> <span class='ocrx_word' id='word_1_298' title='bbox 1713 2308 1726 2344; x_wconf 94' lang='lat'><strong>:</strong></span> <span class='ocrx_word' id='word_1_299' title='bbox 1756 2299 1810 2342; x_wconf 91' lang='lat' dir='ltr'><strong>et</strong></span> <span class='ocrx_word' id='word_1_300' title='bbox 1841 2286 1942 2354; x_wconf 89' lang='lat' dir='ltr'><strong>ipsi</strong></span> <span class='ocrx_word' id='word_1_301' title='bbox 1970 2284 2210 2336; x_wconf 88' lang='lat' dir='ltr'><strong>editores</strong></span> <span class='ocrx_word' id='word_1_302' title='bbox 2245 2281 2476 2346; x_wconf 77' lang='lat' dir='ltr'><strong>ingenue</strong></span> <span class='ocrx_word' id='word_1_303' title='bbox 2521 2275 2783 2331; x_wconf 74' lang='lat' dir='ltr'><strong>fatentur,</strong></span> <span class='ocrx_word' id='word_1_304' title='bbox 2811 2284 2868 2322; x_wconf 94' lang='lat' dir='ltr'><strong>se</strong></span> <span class='ocrx_word' id='word_1_305' title='bbox 2894 2267 2948 2320; x_wconf 91' lang='lat' dir='ltr'><strong>in</strong></span> <span class='ocrx_word' id='word_1_306' title='bbox 2983 2258 3474 2364; x_wconf 39' lang='lat' dir='ltr'><strong>nulittm&#39;iucidisse</strong></span> 
     </span>
    </p>
   </div>
   <div class='ocr_carea' id='block_1_23' title="bbox 237 2348 3474 2452">
    <p class='ocr_par' dir='ltr' id='par_1_23' title="bbox 237 2348 3474 2452">
     <span class='ocr_line' id='line_1_25' title="bbox 237 2348 3474 2452; baseline -0.011 -18"><span class='ocrx_word' id='word_1_307' title='bbox 237 2348 542 2452; x_wconf 66' lang='lat' dir='ltr'><strong>perfectum</strong></span> <span class='ocrx_word' id='word_1_308' title='bbox 575 2392 628 2435; x_wconf 90' lang='lat' dir='ltr'><strong>et</strong></span> <span class='ocrx_word' id='word_1_309' title='bbox 671 2348 944 2448; x_wconf 62' lang='lat' dir='ltr'><strong>expletum</strong></span> <span class='ocrx_word' id='word_1_310' title='bbox 981 2348 1246 2435; x_wconf 50' lang='lat' dir='ltr'><strong>codicem.</strong></span> <span class='ocrx_word' id='word_1_311' title='bbox 1269 2348 1542 2438; x_wconf 49' lang='lat' dir='ltr'><strong>&#39;Grtecum.</strong></span> <span class='ocrx_word' id='word_1_312' title='bbox 1574 2376 1667 2445; x_wconf 92' lang='lat' dir='ltr'><strong>qui</strong></span> <span class='ocrx_word' id='word_1_313' title='bbox 1708 2348 1953 2429; x_wconf 73' lang='lat' dir='ltr'><strong>Latinam</strong></span> <span class='ocrx_word' id='word_1_314' title='bbox 1990 2367 2204 2423; x_wconf 79' lang='lat' dir='ltr'><strong>Herveti</strong></span> <span class='ocrx_word' id='word_1_315' title='bbox 2247 2368 2548 2417; x_wconf 74' lang='lat' dir='ltr'><strong>versionem</strong></span> <span class='ocrx_word' id='word_1_316' title='bbox 2583 2365 2848 2426; x_wconf 71' lang='lat' dir='ltr'><strong>aequaret,</strong></span> <span class='ocrx_word' id='word_1_317' title='bbox 2877 2367 3069 2452; x_wconf 41' lang='lat' dir='ltr'><strong>quam.</strong></span> <span class='ocrx_word' id='word_1_318' title='bbox 3095 2348 3264 2450; x_wconf 75' lang='lat' dir='ltr'><strong>nihilo</strong></span> <span class='ocrx_word' id='word_1_319' title='bbox 3295 2348 3474 2452; x_wconf 73' lang='lat' dir='ltr'><strong>secius</strong></span> 
     </span>
    </p>
   </div>
   <div class='ocr_carea' id='block_1_24' title="bbox 235 2433 3475 2533">
    <p class='ocr_par' dir='ltr' id='par_1_24' title="bbox 235 2433 3475 2533">
     <span class='ocr_line' id='line_1_26' title="bbox 235 2433 3475 2533; baseline -0.011 -11"><span class='ocrx_word' id='word_1_320' title='bbox 235 2433 626 2524; x_wconf 63' lang='lat' dir='ltr'><strong>adhibuerunt.</strong></span> <span class='ocrx_word' id='word_1_321' title='bbox 654 2433 772 2533; x_wconf 74' lang='lat' dir='ltr'><strong>Quo</strong></span> <span class='ocrx_word' id='word_1_322' title='bbox 812 2468 1014 2523; x_wconf 82' lang='lat' dir='ltr'><strong>factum</strong></span> <span class='ocrx_word' id='word_1_323' title='bbox 1063 2477 1169 2532; x_wconf 88' lang='lat' dir='ltr'><strong>est,</strong></span> <span class='ocrx_word' id='word_1_324' title='bbox 1218 2477 1276 2521; x_wconf 89' lang='lat' dir='ltr'><strong>ut</strong></span> <span class='ocrx_word' id='word_1_325' title='bbox 1317 2467 1458 2521; x_wconf 91' lang='lat' dir='ltr'><strong>inter</strong></span> <span class='ocrx_word' id='word_1_326' title='bbox 1483 2433 1731 2519; x_wconf 55' lang='lat' dir='ltr'><strong>Graicum</strong></span> <span class='ocrx_word' id='word_1_327' title='bbox 1779 2470 1983 2515; x_wconf 77' lang='lat' dir='ltr'><strong>textum</strong></span> <span class='ocrx_word' id='word_1_328' title='bbox 2023 2466 2078 2511; x_wconf 88' lang='lat' dir='ltr'><strong>et</strong></span> <span class='ocrx_word' id='word_1_329' title='bbox 2125 2454 2370 2508; x_wconf 86' lang='lat' dir='ltr'><strong>Latinam</strong></span> <span class='ocrx_word' id='word_1_330' title='bbox 2409 2451 2735 2508; x_wconf 69' lang='lat' dir='ltr'><strong>versionem,</strong></span> <span class='ocrx_word' id='word_1_331' title='bbox 2766 2439 3205 2533; x_wconf 36' lang='lat' dir='ltr'><strong>quatnplur-imis-</strong></span> <span class='ocrx_word' id='word_1_332' title='bbox 3232 2437 3286 2533; x_wconf 79' lang='lat' dir='ltr'><strong>in</strong></span> <span class='ocrx_word' id='word_1_333' title='bbox 3341 2433 3475 2532; x_wconf 81' lang='lat' dir='ltr'><strong>locis</strong></span> 
     </span>
    </p>
   </div>
   <div class='ocr_carea' id='block_1_25' title="bbox 239 2522 3472 2623">
    <p class='ocr_par' dir='ltr' id='par_1_25' title="bbox 239 2522 3472 2623">
     <span class='ocr_line' id='line_1_27' title="bbox 239 2522 3472 2623; baseline -0.008 -15"><span class='ocrx_word' id='word_1_334' title='bbox 239 2556 468 2610; x_wconf 83' lang='lat' dir='ltr'><strong>minime</strong></span> <span class='ocrx_word' id='word_1_335' title='bbox 488 2554 804 2617; x_wconf 83' lang='lat' dir='ltr'><strong>conveniat,</strong></span> <span class='ocrx_word' id='word_1_336' title='bbox 839 2569 958 2608; x_wconf 86' lang='lat' dir='ltr'><strong>cum</strong></span> <span class='ocrx_word' id='word_1_337' title='bbox 987 2554 1267 2622; x_wconf 78' lang='lat' dir='ltr'><strong>exemplar</strong></span> <span class='ocrx_word' id='word_1_338' title='bbox 1297 2567 1403 2623; x_wconf 91' lang='lat' dir='ltr'><strong>quo</strong></span> <span class='ocrx_word' id='word_1_339' title='bbox 1441 2566 1571 2605; x_wconf 85' lang='lat' dir='ltr'><strong>usus</strong></span> <span class='ocrx_word' id='word_1_340' title='bbox 1598 2557 1682 2604; x_wconf 89' lang='lat' dir='ltr'><strong>est</strong></span> <span class='ocrx_word' id='word_1_341' title='bbox 1709 2547 2008 2602; x_wconf 82' lang='lat' dir='ltr'><strong>Gentianns</strong></span> <span class='ocrx_word' id='word_1_342' title='bbox 2047 2543 2312 2598; x_wconf 87' lang='lat' dir='ltr'><strong>ilervetns</strong></span> <span class='ocrx_word' id='word_1_343' title='bbox 2344 2554 2488 2594; x_wconf 92' lang='lat' dir='ltr'><strong>nunc</strong></span> <span class='ocrx_word' id='word_1_344' title='bbox 2523 2538 2699 2606; x_wconf 91' lang='lat' dir='ltr'><strong>plura,</strong></span> <span class='ocrx_word' id='word_1_345' title='bbox 2731 2547 2874 2587; x_wconf 89' lang='lat' dir='ltr'><strong>nunc</strong></span> <span class='ocrx_word' id='word_1_346' title='bbox 2906 2529 3159 2599; x_wconf 89' lang='lat' dir='ltr'><strong>pauciora</strong></span> <span class='ocrx_word' id='word_1_347' title='bbox 3194 2522 3472 2623; x_wconf 65' lang='lat' dir='ltr'><strong>habuerit.</strong></span> 
     </span>
    </p>
   </div>
   <div class='ocr_carea' id='block_1_26' title="bbox 235 2609 3462 2711">
    <p class='ocr_par' dir='ltr' id='par_1_26' title="bbox 235 2609 3462 2711">
     <span class='ocr_line' id='line_1_28' title="bbox 235 2609 3462 2711; baseline -0.01 -17"><span class='ocrx_word' id='word_1_348' title='bbox 235 2657 406 2710; x_wconf 87' lang='lat' dir='ltr'><strong>quam</strong></span> <span class='ocrx_word' id='word_1_349' title='bbox 437 2640 566 2696; x_wconf 91' lang='lat' dir='ltr'><strong>illud</strong></span> <span class='ocrx_word' id='word_1_350' title='bbox 599 2642 740 2711; x_wconf 89' lang='lat' dir='ltr'><strong>quod</strong></span> <span class='ocrx_word' id='word_1_351' title='bbox 770 2642 887 2711; x_wconf 88' lang='lat' dir='ltr'><strong>ejus</strong></span> <span class='ocrx_word' id='word_1_352' title='bbox 912 2609 1558 2710; x_wconf 51' lang='lat' dir='ltr'><strong>versioni&#39;adjut&#39;txerant.</strong></span> <span class='ocrx_word' id='word_1_353' title='bbox 1585 2636 1652 2691; x_wconf 84' lang='lat' dir='ltr'><strong>Et</strong></span> <span class='ocrx_word' id='word_1_354' title='bbox 1693 2636 1784 2690; x_wconf 91' lang='lat' dir='ltr'><strong>ubi</strong></span> <span class='ocrx_word' id='word_1_355' title='bbox 1830 2637 2052 2691; x_wconf 87' lang='lat' dir='ltr'><strong>totidem</strong></span> <span class='ocrx_word' id='word_1_356' title='bbox 2083 2632 2367 2700; x_wconf 86' lang='lat' dir='ltr'><strong>utrobique</strong></span> <span class='ocrx_word' id='word_1_357' title='bbox 2405 2636 2533 2682; x_wconf 89' lang='lat' dir='ltr'><strong>sunt</strong></span> <span class='ocrx_word' id='word_1_358' title='bbox 2586 2621 2892 2679; x_wconf 69' lang='lat' dir='ltr'><strong>sententiae.</strong></span> <span class='ocrx_word' id='word_1_359' title='bbox 2922 2631 3116 2673; x_wconf 89' lang='lat' dir='ltr'><strong>sensus</strong></span> <span class='ocrx_word' id='word_1_360' title='bbox 3145 2624 3328 2668; x_wconf 90' lang='lat' dir='ltr'><strong>tamen</strong></span> <span class='ocrx_word' id='word_1_361' title='bbox 3373 2609 3462 2662; x_wconf 90' lang='lat' dir='ltr'><strong>hic</strong></span> 
     </span>
    </p>
   </div>
   <div class='ocr_carea' id='block_1_27' title="bbox 237 2736 1326 2806">
    <p class='ocr_par' dir='ltr' id='par_1_27' title="bbox 237 2736 1326 2806">
     <span class='ocr_line' id='line_1_29' title="bbox 237 2736 1326 2806; baseline -0.002 -14"><span class='ocrx_word' id='word_1_362' title='bbox 237 2748 406 2806; x_wconf 87' lang='lat' dir='ltr'><strong>atque</strong></span> <span class='ocrx_word' id='word_1_363' title='bbox 435 2737 506 2790; x_wconf 86' lang='lat' dir='ltr'><strong>ibi</strong></span> <span class='ocrx_word' id='word_1_364' title='bbox 535 2736 672 2790; x_wconf 85' lang='lat' dir='ltr'><strong>alius</strong></span> <span class='ocrx_word' id='word_1_365' title='bbox 705 2751 846 2804; x_wconf 64' lang='lat' dir='ltr'><strong>saepe</strong></span> <span class='ocrx_word' id='word_1_366' title='bbox 881 2736 1326 2805; x_wconf 84' lang='lat' dir='ltr'><strong>deprehenditur.</strong></span> 
     </span>
    </p>
   </div>
   <div class='ocr_carea' id='block_1_28' title="bbox 307 2793 3482 2892">
    <p class='ocr_par' dir='ltr' id='par_1_28' title="bbox 307 2793 3482 2892">
     <span class='ocr_line' id='line_1_30' title="bbox 307 2793 3482 2892; baseline -0.01 -13"><span class='ocrx_word' id='word_1_367' title='bbox 307 2824 450 2879; x_wconf 85' lang='lat' dir='ltr'><strong>Cum</strong></span> <span class='ocrx_word' id='word_1_368' title='bbox 478 2824 659 2892; x_wconf 87' lang='lat' dir='ltr'><strong>itaque</strong></span> <span class='ocrx_word' id='word_1_369' title='bbox 712 2821 1041 2877; x_wconf 85' lang='lat' dir='ltr'><strong>Parisiensis</strong></span> <span class='ocrx_word' id='word_1_370' title='bbox 1094 2823 1288 2878; x_wconf 88' lang='lat' dir='ltr'><strong>horum</strong></span> <span class='ocrx_word' id='word_1_371' title='bbox 1344 2821 1684 2876; x_wconf 86' lang='lat' dir='ltr'><strong>Balsamonis</strong></span> <span class='ocrx_word' id='word_1_372' title='bbox 1719 2821 1771 2875; x_wconf 92' lang='lat' dir='ltr'><strong>in</strong></span> <span class='ocrx_word' id='word_1_373' title='bbox 1802 2835 2036 2876; x_wconf 87' lang='lat' dir='ltr'><strong>canones</strong></span> <span class='ocrx_word' id='word_1_374' title='bbox 2066 2816 2582 2874; x_wconf 87' lang='lat' dir='ltr'><strong>commentariorum</strong></span> <span class='ocrx_word' id='word_1_375' title='bbox 2631 2809 2799 2863; x_wconf 83' lang='lat' dir='ltr'><strong>editio</strong></span> <span class='ocrx_word' id='word_1_376' title='bbox 2855 2805 2992 2860; x_wconf 90' lang='lat' dir='ltr'><strong>adeo</strong></span> <span class='ocrx_word' id='word_1_377' title='bbox 3051 2799 3238 2856; x_wconf 91' lang='lat' dir='ltr'><strong>mutila</strong></span> <span class='ocrx_word' id='word_1_378' title='bbox 3292 2793 3482 2892; x_wconf 77' lang='lat' dir='ltr'><strong>fuerit,</strong></span> 
     </span>
    </p>
   </div>
   <div class='ocr_carea' id='block_1_29' title="bbox 237 2883 3482 2981">
    <p class='ocr_par' dir='ltr' id='par_1_29' title="bbox 237 2883 3482 2981">
     <span class='ocr_line' id='line_1_31' title="bbox 237 2883 3482 2981; baseline -0.01 -16"><span class='ocrx_word' id='word_1_379' title='bbox 237 2921 405 2981; x_wconf 83' lang='lat' dir='ltr'><strong>atque</strong></span> <span class='ocrx_word' id='word_1_380' title='bbox 443 2908 782 2978; x_wconf 74' lang='lat' dir='ltr'><strong>imperfecta,</strong></span> <span class='ocrx_word' id='word_1_381' title='bbox 815 2925 1031 2963; x_wconf 87' lang='lat' dir='ltr'><strong>summo</strong></span> <span class='ocrx_word' id='word_1_382' title='bbox 1063 2911 1136 2963; x_wconf 90' lang='lat' dir='ltr'><strong>rei</strong></span> <span class='ocrx_word' id='word_1_383' title='bbox 1163 2911 1438 2964; x_wconf 65' lang='lat' dir='ltr'><strong>canonica:</strong></span> <span class='ocrx_word' id='word_1_384' title='bbox 1466 2909 1831 2963; x_wconf 90' lang='lat' dir='ltr'><strong>emolumento</strong></span> <span class='ocrx_word' id='word_1_385' title='bbox 1865 2908 2081 2968; x_wconf 82' lang='lat' dir='ltr'><strong>accidit,</strong></span> <span class='ocrx_word' id='word_1_386' title='bbox 2119 2917 2177 2958; x_wconf 92' lang='lat' dir='ltr'><strong>ut</strong></span> <span class='ocrx_word' id='word_1_387' title='bbox 2211 2914 2362 2957; x_wconf 86' lang='lat' dir='ltr'><strong>vetns</strong></span> <span class='ocrx_word' id='word_1_388' title='bbox 2401 2901 2690 2954; x_wconf 87' lang='lat' dir='ltr'><strong>admodum</strong></span> <span class='ocrx_word' id='word_1_389' title='bbox 2710 2906 2762 2949; x_wconf 90' lang='lat' dir='ltr'><strong>et</strong></span> <span class='ocrx_word' id='word_1_390' title='bbox 2803 2892 3130 2961; x_wconf 87' lang='lat' dir='ltr'><strong>completum</strong></span> <span class='ocrx_word' id='word_1_391' title='bbox 3170 2883 3482 2981; x_wconf 80' lang='lat' dir='ltr'><strong>eoruutdetn</strong></span> 
     </span>
    </p>
   </div>
   <div class='ocr_carea' id='block_1_30' title="bbox 239 2970 3488 3067">
    <p class='ocr_par' dir='ltr' id='par_1_30' title="bbox 239 2970 3488 3067">
     <span class='ocr_line' id='line_1_32' title="bbox 239 2970 3488 3067; baseline -0.008 -14"><span class='ocrx_word' id='word_1_392' title='bbox 239 2997 529 3066; x_wconf 78' lang='lat' dir='ltr'><strong>exemplar</strong></span> <span class='ocrx_word' id='word_1_393' title='bbox 562 2998 615 3051; x_wconf 91' lang='lat' dir='ltr'><strong>iu</strong></span> <span class='ocrx_word' id='word_1_394' title='bbox 651 2997 1076 3067; x_wconf 88' lang='lat' dir='ltr'><strong>locupletissima</strong></span> <span class='ocrx_word' id='word_1_395' title='bbox 1106 3008 1292 3052; x_wconf 90' lang='lat' dir='ltr'><strong>nostra</strong></span> <span class='ocrx_word' id='word_1_396' title='bbox 1327 2997 1661 3052; x_wconf 85' lang='lat' dir='ltr'><strong>bibliotheca</strong></span> <span class='ocrx_word' id='word_1_397' title='bbox 1710 2994 1999 3048; x_wconf 87' lang='lat' dir='ltr'><strong>Bodleiana</strong></span> <span class='ocrx_word' id='word_1_398' title='bbox 2044 2993 2265 3048; x_wconf 75' lang='lat' dir='ltr'><strong>Omnia:</strong></span> <span class='ocrx_word' id='word_1_399' title='bbox 2297 2992 2637 3047; x_wconf 76' lang='lat' dir='ltr'><strong>haberemus,</strong></span> <span class='ocrx_word' id='word_1_400' title='bbox 2669 2982 2809 3052; x_wconf 90' lang='lat' dir='ltr'><strong>quod</strong></span> <span class='ocrx_word' id='word_1_401' title='bbox 2839 2978 3137 3048; x_wconf 78' lang='lat' dir='ltr'><strong>quatltinge</strong></span> <span class='ocrx_word' id='word_1_402' title='bbox 3162 2970 3488 3067; x_wconf 35' lang='lat' dir='ltr'><strong>itis-circiter</strong></span> 
     </span>
    </p>
   </div>
   <div class='ocr_carea' id='block_1_31' title="bbox 242 3060 3483 3153">
    <p class='ocr_par' dir='ltr' id='par_1_31' title="bbox 242 3060 3483 3153">
     <span class='ocr_line' id='line_1_33' title="bbox 242 3060 3483 3153; baseline -0.01 -13"><span class='ocrx_word' id='word_1_403' title='bbox 242 3085 450 3140; x_wconf 86' lang='lat' dir='ltr'><strong>abhinc</strong></span> <span class='ocrx_word' id='word_1_404' title='bbox 489 3084 666 3148; x_wconf 87' lang='lat' dir='ltr'><strong>annis,</strong></span> <span class='ocrx_word' id='word_1_405' title='bbox 697 3095 754 3137; x_wconf 91' lang='lat' dir='ltr'><strong>ut</strong></span> <span class='ocrx_word' id='word_1_406' title='bbox 779 3060 849 3138; x_wconf 75' lang='lat' dir='ltr'><strong>ex</strong></span> <span class='ocrx_word' id='word_1_407' title='bbox 885 3085 1103 3151; x_wconf 86' lang='lat' dir='ltr'><strong>charta,</strong></span> <span class='ocrx_word' id='word_1_408' title='bbox 1141 3085 1572 3149; x_wconf 86' lang='lat' dir='ltr'><strong>characteribus,</strong></span> <span class='ocrx_word' id='word_1_409' title='bbox 1604 3084 1876 3153; x_wconf 84' lang='lat' dir='ltr'><strong>ligaturis,</strong></span> <span class='ocrx_word' id='word_1_410' title='bbox 1911 3082 2139 3149; x_wconf 85' lang='lat' dir='ltr'><strong>aliisque</strong></span> <span class='ocrx_word' id='word_1_411' title='bbox 2179 3075 2486 3131; x_wconf 80' lang='lat' dir='ltr'><strong>istiusmodi</strong></span> <span class='ocrx_word' id='word_1_412' title='bbox 2518 3069 2858 3138; x_wconf 84' lang='lat' dir='ltr'><strong>antiquitatis</strong></span> <span class='ocrx_word' id='word_1_413' title='bbox 2888 3065 3104 3120; x_wconf 87' lang='lat' dir='ltr'><strong>indiciis</strong></span> <span class='ocrx_word' id='word_1_414' title='bbox 3134 3060 3483 3153; x_wconf 74' lang='lat' dir='ltr'><strong>conjicimus,</strong></span> 
     </span>
    </p>
   </div>
   <div class='ocr_carea' id='block_1_32' title="bbox 240 3145 3486 3244">
    <p class='ocr_par' dir='ltr' id='par_1_32' title="bbox 240 3145 3486 3244">
     <span class='ocr_line' id='line_1_34' title="bbox 240 3145 3486 3244; baseline -0.01 -14"><span class='ocrx_word' id='word_1_415' title='bbox 240 3176 485 3244; x_wconf 74' lang='lat' dir='ltr'><strong>eleganti</strong></span> <span class='ocrx_word' id='word_1_416' title='bbox 527 3191 688 3228; x_wconf 86' lang='lat' dir='ltr'><strong>manu</strong></span> <span class='ocrx_word' id='word_1_417' title='bbox 725 3185 1010 3230; x_wconf 77' lang='lat' dir='ltr'><strong>exaratum</strong></span> <span class='ocrx_word' id='word_1_418' title='bbox 1053 3176 1204 3244; x_wconf 88' lang='lat' dir='ltr'><strong>prelo</strong></span> <span class='ocrx_word' id='word_1_419' title='bbox 1255 3176 1470 3229; x_wconf 85' lang='lat' dir='ltr'><strong>tandem</strong></span> <span class='ocrx_word' id='word_1_420' title='bbox 1509 3145 1801 3241; x_wconf 62' lang='lat' dir='ltr'><strong>aliquando</strong></span> <span class='ocrx_word' id='word_1_421' title='bbox 1856 3145 2209 3237; x_wconf 77' lang='lat' dir='ltr'><strong>subjecimus,</strong></span> <span class='ocrx_word' id='word_1_422' title='bbox 2238 3174 2293 3218; x_wconf 91' lang='lat' dir='ltr'><strong>et</strong></span> <span class='ocrx_word' id='word_1_423' title='bbox 2346 3161 2543 3234; x_wconf 91' lang='lat' dir='ltr'><strong>publici</strong></span> <span class='ocrx_word' id='word_1_424' title='bbox 2598 3160 2697 3212; x_wconf 92' lang='lat' dir='ltr'><strong>hoc</strong></span> <span class='ocrx_word' id='word_1_425' title='bbox 2740 3158 2793 3210; x_wconf 92' lang='lat' dir='ltr'><strong>iu</strong></span> <span class='ocrx_word' id='word_1_426' title='bbox 2836 3168 3000 3222; x_wconf 88' lang='lat' dir='ltr'><strong>opere</strong></span> <span class='ocrx_word' id='word_1_427' title='bbox 3045 3150 3184 3219; x_wconf 84' lang='lat' dir='ltr'><strong>juris</strong></span> <span class='ocrx_word' id='word_1_428' title='bbox 3237 3145 3486 3201; x_wconf 78' lang='lat' dir='ltr'><strong>fecimus.</strong></span> 
     </span>
    </p>
   </div>
   <div class='ocr_carea' id='block_1_33' title="bbox 241 3240 3490 3334">
    <p class='ocr_par' dir='ltr' id='par_1_33' title="bbox 241 3240 3490 3334">
     <span class='ocr_line' id='line_1_35' title="bbox 241 3240 3490 3334; baseline -0.009 -16"><span class='ocrx_word' id='word_1_429' title='bbox 241 3240 440 3334; x_wconf 75' lang='lat' dir='ltr'><strong>Neque</strong></span> <span class='ocrx_word' id='word_1_430' title='bbox 473 3264 617 3317; x_wconf 88' lang='lat' dir='ltr'><strong>enim</strong></span> <span class='ocrx_word' id='word_1_431' title='bbox 655 3263 735 3317; x_wconf 79' lang='lat' dir='ltr'><strong>fas</strong></span> <span class='ocrx_word' id='word_1_432' title='bbox 762 3273 900 3327; x_wconf 88' lang='lat' dir='ltr'><strong>erat,</strong></span> <span class='ocrx_word' id='word_1_433' title='bbox 940 3272 997 3317; x_wconf 92' lang='lat' dir='ltr'><strong>ut</strong></span> <span class='ocrx_word' id='word_1_434' title='bbox 1027 3240 1135 3317; x_wconf 84' lang='lat' dir='ltr'><strong>tam</strong></span> <span class='ocrx_word' id='word_1_435' title='bbox 1180 3265 1481 3333; x_wconf 90' lang='lat' dir='ltr'><strong>pretiosum</strong></span> <span class='ocrx_word' id='word_1_436' title='bbox 1520 3240 1659 3329; x_wconf 88' lang='lat' dir='ltr'><strong>juris</strong></span> <span class='ocrx_word' id='word_1_437' title='bbox 1690 3260 1934 3316; x_wconf 90' lang='lat' dir='ltr'><strong>canonici</strong></span> <span class='ocrx_word' id='word_1_438' title='bbox 1965 3257 2252 3325; x_wconf 77' lang='grc' dir='ltr'><strong>κειμήλιον</strong></span> <span class='ocrx_word' id='word_1_439' title='bbox 2285 3254 2335 3306; x_wconf 92' lang='lat' dir='ltr'><strong>in</strong></span> <span class='ocrx_word' id='word_1_440' title='bbox 2368 3266 2468 3304; x_wconf 88' lang='lat' dir='ltr'><strong>una</strong></span> <span class='ocrx_word' id='word_1_441' title='bbox 2513 3247 2836 3302; x_wconf 88' lang='lat' dir='ltr'><strong>bibliotheca</strong></span> <span class='ocrx_word' id='word_1_442' title='bbox 2869 3243 3072 3298; x_wconf 90' lang='lat' dir='ltr'><strong>diutius</strong></span> <span class='ocrx_word' id='word_1_443' title='bbox 3109 3240 3308 3334; x_wconf 69' lang='lat' dir='ltr'><strong>lateret</strong></span> <span class='ocrx_word' id='word_1_444' title='bbox 3336 3254 3350 3290; x_wconf 89' lang='lat'><strong>:</strong></span> <span class='ocrx_word' id='word_1_445' title='bbox 3382 3250 3490 3334; x_wconf 76' lang='lat' dir='ltr'><strong>quo</strong></span> 
     </span>
    </p>
   </div>
   <div class='ocr_carea' id='block_1_34' title="bbox 241 3324 3492 3420">
    <p class='ocr_par' dir='ltr' id='par_1_34' title="bbox 241 3324 3492 3420">
     <span class='ocr_line' id='line_1_36' title="bbox 241 3324 3492 3420; baseline -0.009 -16"><span class='ocrx_word' id='word_1_446' title='bbox 241 3365 351 3404; x_wconf 84' lang='lat' dir='ltr'><strong>non</strong></span> <span class='ocrx_word' id='word_1_447' title='bbox 383 3349 549 3404; x_wconf 88' lang='lat' dir='ltr'><strong>modo</strong></span> <span class='ocrx_word' id='word_1_448' title='bbox 581 3364 788 3415; x_wconf 90' lang='lat' dir='ltr'><strong>omnes,</strong></span> <span class='ocrx_word' id='word_1_449' title='bbox 825 3364 946 3420; x_wconf 77' lang='lat' dir='ltr'><strong>quae</strong></span> <span class='ocrx_word' id='word_1_450' title='bbox 978 3351 1029 3404; x_wconf 91' lang='lat' dir='ltr'><strong>in</strong></span> <span class='ocrx_word' id='word_1_451' title='bbox 1065 3324 1236 3420; x_wconf 75' lang='lat' dir='ltr'><strong>priori</strong></span> <span class='ocrx_word' id='word_1_452' title='bbox 1271 3349 1490 3404; x_wconf 82' lang='lat' dir='ltr'><strong>fuerunt</strong></span> <span class='ocrx_word' id='word_1_453' title='bbox 1520 3324 1789 3410; x_wconf 76' lang='lat' dir='ltr'><strong>editione,</strong></span> <span class='ocrx_word' id='word_1_454' title='bbox 1831 3349 2037 3400; x_wconf 64' lang='lat' dir='ltr'><strong>lacuum</strong></span> <span class='ocrx_word' id='word_1_455' title='bbox 2065 3324 2325 3411; x_wconf 75' lang='lat' dir='ltr'><strong>supplene</strong></span> <span class='ocrx_word' id='word_1_456' title='bbox 2359 3349 2520 3403; x_wconf 84' lang='lat' dir='ltr'><strong>sunt;</strong></span> <span class='ocrx_word' id='word_1_457' title='bbox 2553 3351 2738 3388; x_wconf 78' lang='lat' dir='ltr'><strong>verum</strong></span> <span class='ocrx_word' id='word_1_458' title='bbox 2776 3333 2936 3387; x_wconf 88' lang='lat' dir='ltr'><strong>etiam</strong></span> <span class='ocrx_word' id='word_1_459' title='bbox 2960 3330 3065 3382; x_wconf 89' lang='lat' dir='ltr'><strong>alia</strong></span> <span class='ocrx_word' id='word_1_460' title='bbox 3094 3324 3492 3420; x_wconf 69' lang='lat' dir='ltr'><strong>quamplurima</strong></span> 
     </span>
    </p>
   </div>
   <div class='ocr_carea' id='block_1_35' title="bbox 243 3409 3494 3504">
    <p class='ocr_par' dir='ltr' id='par_1_35' title="bbox 243 3409 3494 3504">
     <span class='ocr_line' id='line_1_37' title="bbox 243 3409 3494 3504; baseline -0.009 -13"><span class='ocrx_word' id='word_1_461' title='bbox 243 3437 322 3492; x_wconf 87' lang='lat' dir='ltr'><strong>ibi</strong></span> <span class='ocrx_word' id='word_1_462' title='bbox 349 3437 680 3500; x_wconf 88' lang='lat' dir='ltr'><strong>desiderata,</strong></span> <span class='ocrx_word' id='word_1_463' title='bbox 721 3409 807 3491; x_wconf 80' lang='lat' dir='ltr'><strong>hic</strong></span> <span class='ocrx_word' id='word_1_464' title='bbox 841 3409 1276 3501; x_wconf 44' lang='lat' dir='ltr'><strong>.intersei&#39;nntur,</strong></span> <span class='ocrx_word' id='word_1_465' title='bbox 1309 3447 1364 3491; x_wconf 91' lang='lat' dir='ltr'><strong>et</strong></span> <span class='ocrx_word' id='word_1_466' title='bbox 1394 3438 1575 3491; x_wconf 85' lang='lat' dir='ltr'><strong>omnia</strong></span> <span class='ocrx_word' id='word_1_467' title='bbox 1600 3436 1712 3490; x_wconf 79' lang='lat' dir='ltr'><strong>fere</strong></span> <span class='ocrx_word' id='word_1_468' title='bbox 1748 3449 1916 3504; x_wconf 91' lang='lat' dir='ltr'><strong>usque</strong></span> <span class='ocrx_word' id='word_1_469' title='bbox 1957 3433 2094 3485; x_wconf 91' lang='lat' dir='ltr'><strong>adeo</strong></span> <span class='ocrx_word' id='word_1_470' title='bbox 2131 3409 2511 3490; x_wconf 84' lang='lat' dir='ltr'><strong>emendantur,</strong></span> <span class='ocrx_word' id='word_1_471' title='bbox 2541 3433 2598 3478; x_wconf 89' lang='lat' dir='ltr'><strong>ut</strong></span> <span class='ocrx_word' id='word_1_472' title='bbox 2631 3436 2760 3477; x_wconf 86' lang='lat' dir='ltr'><strong>vera</strong></span> <span class='ocrx_word' id='word_1_473' title='bbox 2797 3416 3140 3474; x_wconf 86' lang='lat' dir='ltr'><strong>Balsamouis</strong></span> <span class='ocrx_word' id='word_1_474' title='bbox 3162 3409 3494 3466; x_wconf 79' lang='lat' dir='ltr'><strong>Antiocheni</strong></span> 
     </span>
    </p>
   </div>
   <div class='ocr_carea' id='block_1_36' title="bbox 243 3519 2291 3590">
    <p class='ocr_par' dir='ltr' id='par_1_36' title="bbox 243 3519 2291 3590">
     <span class='ocr_line' id='line_1_38' title="bbox 243 3519 2291 3590; baseline -0.003 -13"><span class='ocrx_word' id='word_1_475' title='bbox 243 3524 302 3577; x_wconf 90' lang='lat' dir='ltr'><strong>in</strong></span> <span class='ocrx_word' id='word_1_476' title='bbox 342 3538 586 3578; x_wconf 83' lang='lat' dir='ltr'><strong>canones</strong></span> <span class='ocrx_word' id='word_1_477' title='bbox 607 3524 1003 3578; x_wconf 89' lang='lat' dir='ltr'><strong>commentaria</strong></span> <span class='ocrx_word' id='word_1_478' title='bbox 1033 3537 1176 3576; x_wconf 92' lang='lat' dir='ltr'><strong>nunc</strong></span> <span class='ocrx_word' id='word_1_479' title='bbox 1205 3522 1439 3590; x_wconf 89' lang='lat' dir='ltr'><strong>primum</strong></span> <span class='ocrx_word' id='word_1_480' title='bbox 1472 3522 1526 3574; x_wconf 90' lang='lat' dir='ltr'><strong>in</strong></span> <span class='ocrx_word' id='word_1_481' title='bbox 1552 3520 1722 3577; x_wconf 90' lang='lat' dir='ltr'><strong>lucem</strong></span> <span class='ocrx_word' id='word_1_482' title='bbox 1749 3523 1949 3576; x_wconf 88' lang='lat' dir='ltr'><strong>emissa</strong></span> <span class='ocrx_word' id='word_1_483' title='bbox 1974 3519 2291 3572; x_wconf 86' lang='lat' dir='ltr'><strong>videantur.</strong></span> 
     </span>
    </p>
   </div>
   <div class='ocr_carea' id='block_1_37' title="bbox 318 3615 3486 3704">
    <p class='ocr_par' dir='ltr' id='par_1_37' title="bbox 318 3615 3486 3704">
     <span class='ocr_line' id='line_1_39' title="bbox 318 3615 3486 3704; baseline -0.006 -18"><span class='ocrx_word' id='word_1_484' title='bbox 318 3634 404 3689; x_wconf 81' lang='lat' dir='ltr'><strong>Ad</strong></span> <span class='ocrx_word' id='word_1_485' title='bbox 457 3632 716 3702; x_wconf 89' lang='lat' dir='ltr'><strong>majorem</strong></span> <span class='ocrx_word' id='word_1_486' title='bbox 764 3643 942 3689; x_wconf 90' lang='lat' dir='ltr'><strong>tamen</strong></span> <span class='ocrx_word' id='word_1_487' title='bbox 974 3634 1159 3704; x_wconf 86' lang='lat' dir='ltr'><strong>operis</strong></span> <span class='ocrx_word' id='word_1_488' title='bbox 1207 3641 1458 3688; x_wconf 89' lang='lat' dir='ltr'><strong>ornatum</strong></span> <span class='ocrx_word' id='word_1_489' title='bbox 1501 3633 1709 3687; x_wconf 88' lang='lat' dir='ltr'><strong>duobus</strong></span> <span class='ocrx_word' id='word_1_490' title='bbox 1742 3633 1862 3687; x_wconf 89' lang='lat' dir='ltr'><strong>aliis</strong></span> <span class='ocrx_word' id='word_1_491' title='bbox 1887 3631 2198 3686; x_wconf 86' lang='lat' dir='ltr'><strong>eorumdem</strong></span> <span class='ocrx_word' id='word_1_492' title='bbox 2257 3628 2599 3704; x_wconf 85' lang='lat' dir='ltr'><strong>scholiorum</strong></span> <span class='ocrx_word' id='word_1_493' title='bbox 2653 3623 2935 3679; x_wconf 89' lang='lat' dir='ltr'><strong>codicibus</strong></span> <span class='ocrx_word' id='word_1_494' title='bbox 2980 3633 3116 3673; x_wconf 91' lang='lat' dir='ltr'><strong>mss.</strong></span> <span class='ocrx_word' id='word_1_495' title='bbox 3149 3615 3230 3670; x_wconf 91' lang='lat' dir='ltr'><strong>usi</strong></span> <span class='ocrx_word' id='word_1_496' title='bbox 3278 3627 3486 3674; x_wconf 88' lang='lat' dir='ltr'><strong>sumus.</strong></span> 
     </span>
    </p>
   </div>
   <div class='ocr_carea' id='block_1_38' title="bbox 247 3699 3495 3789">
    <p class='ocr_par' dir='ltr' id='par_1_38' title="bbox 247 3699 3495 3789">
     <span class='ocr_line' id='line_1_40' title="bbox 247 3699 3495 3789; baseline -0.007 -12"><span class='ocrx_word' id='word_1_497' title='bbox 247 3699 590 3782; x_wconf 33' lang='lat' dir='ltr'><strong>Eteniens‘i,</strong></span> <span class='ocrx_word' id='word_1_498' title='bbox 628 3731 681 3776; x_wconf 92' lang='lat' dir='ltr'><strong>et</strong></span> <span class='ocrx_word' id='word_1_499' title='bbox 715 3699 1152 3776; x_wconf 77' lang='lat' dir='ltr'><strong>Amerbachiano</strong></span> <span class='ocrx_word' id='word_1_500' title='bbox 1179 3738 1194 3786; x_wconf 90' lang='lat'><strong>;</strong></span> <span class='ocrx_word' id='word_1_501' title='bbox 1232 3735 1460 3789; x_wconf 88' lang='lat' dir='ltr'><strong>quorum</strong></span> <span class='ocrx_word' id='word_1_502' title='bbox 1490 3720 1620 3775; x_wconf 91' lang='lat' dir='ltr'><strong>illud</strong></span> <span class='ocrx_word' id='word_1_503' title='bbox 1656 3720 1994 3787; x_wconf 87' lang='lat' dir='ltr'><strong>amplissimo</strong></span> <span class='ocrx_word' id='word_1_504' title='bbox 2015 3719 2134 3773; x_wconf 91' lang='lat' dir='ltr'><strong>viro</strong></span> <span class='ocrx_word' id='word_1_505' title='bbox 2163 3699 2436 3770; x_wconf 81' lang='lat' dir='ltr'><strong>Richardo</strong></span> <span class='ocrx_word' id='word_1_506' title='bbox 2465 3717 2717 3782; x_wconf 83' lang='lat' dir='ltr'><strong>Allestry,</strong></span> <span class='ocrx_word' id='word_1_507' title='bbox 2748 3712 2856 3766; x_wconf 77' lang='lat' dir='ltr'><strong>SS.</strong></span> <span class='ocrx_word' id='word_1_508' title='bbox 2887 3705 3171 3778; x_wconf 67' lang='lat' dir='ltr'><strong>theologia:</strong></span> <span class='ocrx_word' id='word_1_509' title='bbox 3202 3699 3495 3775; x_wconf 79' lang='lat' dir='ltr'><strong>professori</strong></span> 
     </span>
    </p>
   </div>
   <div class='ocr_carea' id='block_1_39' title="bbox 249 3795 3495 3879">
    <p class='ocr_par' dir='ltr' id='par_1_39' title="bbox 249 3795 3495 3879">
     <span class='ocr_line' id='line_1_41' title="bbox 249 3795 3495 3879; baseline -0.006 -17"><span class='ocrx_word' id='word_1_510' title='bbox 249 3809 407 3879; x_wconf 87' lang='lat' dir='ltr'><strong>regio</strong></span> <span class='ocrx_word' id='word_1_511' title='bbox 445 3807 500 3861; x_wconf 91' lang='lat' dir='ltr'><strong>in</strong></span> <span class='ocrx_word' id='word_1_512' title='bbox 535 3808 826 3863; x_wconf 85' lang='lat' dir='ltr'><strong>Academia</strong></span> <span class='ocrx_word' id='word_1_513' title='bbox 851 3807 1177 3872; x_wconf 85' lang='lat' dir='ltr'><strong>Oxoniensi,</strong></span> <span class='ocrx_word' id='word_1_514' title='bbox 1211 3817 1266 3862; x_wconf 89' lang='lat' dir='ltr'><strong>et</strong></span> <span class='ocrx_word' id='word_1_515' title='bbox 1297 3807 1498 3877; x_wconf 77' lang='lat' dir='ltr'><strong>regalis</strong></span> <span class='ocrx_word' id='word_1_516' title='bbox 1532 3807 1740 3876; x_wconf 80' lang='lat' dir='ltr'><strong>collegii</strong></span> <span class='ocrx_word' id='word_1_517' title='bbox 1775 3805 2010 3860; x_wconf 65' lang='lat' dir='ltr'><strong>Etonia:</strong></span> <span class='ocrx_word' id='word_1_518' title='bbox 2045 3805 2326 3861; x_wconf 77' lang='lat' dir='ltr'><strong>cnustituti</strong></span> <span class='ocrx_word' id='word_1_519' title='bbox 2391 3803 2648 3871; x_wconf 64' lang='lat' dir='ltr'><strong>praefecto</strong></span> <span class='ocrx_word' id='word_1_520' title='bbox 2685 3808 2963 3869; x_wconf 86' lang='lat' dir='ltr'><strong>acceptum</strong></span> <span class='ocrx_word' id='word_1_521' title='bbox 2998 3795 3222 3850; x_wconf 80' lang='lat' dir='ltr'><strong>ferimus</strong></span> <span class='ocrx_word' id='word_1_522' title='bbox 3259 3811 3272 3848; x_wconf 89' lang='lat'><strong>:</strong></span> <span class='ocrx_word' id='word_1_523' title='bbox 3308 3801 3495 3858; x_wconf 88' lang='lat' dir='ltr'><strong>utpote</strong></span> 
     </span>
    </p>
   </div>
   <div class='ocr_carea' id='block_1_40' title="bbox 247 3877 3501 3964">
    <p class='ocr_par' dir='ltr' id='par_1_40' title="bbox 247 3877 3501 3964">
     <span class='ocr_line' id='line_1_42' title="bbox 247 3877 3501 3964; baseline -0.004 -15"><span class='ocrx_word' id='word_1_524' title='bbox 247 3877 346 3964; x_wconf 83' lang='lat' dir='ltr'><strong>qui</strong></span> <span class='ocrx_word' id='word_1_525' title='bbox 382 3911 573 3950; x_wconf 87' lang='lat' dir='ltr'><strong>curant</strong></span> <span class='ocrx_word' id='word_1_526' title='bbox 623 3895 884 3950; x_wconf 87' lang='lat' dir='ltr'><strong>adhibere</strong></span> <span class='ocrx_word' id='word_1_527' title='bbox 923 3895 1179 3963; x_wconf 88' lang='lat' dir='ltr'><strong>dignatus</strong></span> <span class='ocrx_word' id='word_1_528' title='bbox 1223 3904 1328 3958; x_wconf 87' lang='lat' dir='ltr'><strong>est,</strong></span> <span class='ocrx_word' id='word_1_529' title='bbox 1359 3907 1417 3948; x_wconf 90' lang='lat' dir='ltr'><strong>ut</strong></span> <span class='ocrx_word' id='word_1_530' title='bbox 1450 3896 1728 3949; x_wconf 84' lang='lat' dir='ltr'><strong>variantes</strong></span> <span class='ocrx_word' id='word_1_531' title='bbox 1771 3910 1834 3949; x_wconf 79' lang='lat' dir='ltr'><strong>ex</strong></span> <span class='ocrx_word' id='word_1_532' title='bbox 1881 3894 2070 3948; x_wconf 88' lang='lat' dir='ltr'><strong>codice</strong></span> <span class='ocrx_word' id='word_1_533' title='bbox 2123 3909 2223 3947; x_wconf 90' lang='lat' dir='ltr'><strong>ms.</strong></span> <span class='ocrx_word' id='word_1_534' title='bbox 2258 3894 2310 3945; x_wconf 93' lang='lat' dir='ltr'><strong>in</strong></span> <span class='ocrx_word' id='word_1_535' title='bbox 2361 3891 2686 3945; x_wconf 81' lang='lat' dir='ltr'><strong>bibliOtheca</strong></span> <span class='ocrx_word' id='word_1_536' title='bbox 2729 3889 2969 3956; x_wconf 82' lang='lat' dir='ltr'><strong>ejusdem</strong></span> <span class='ocrx_word' id='word_1_537' title='bbox 3011 3883 3225 3952; x_wconf 76' lang='lat' dir='ltr'><strong>collegii</strong></span> <span class='ocrx_word' id='word_1_538' title='bbox 3263 3877 3501 3947; x_wconf 79' lang='lat' dir='ltr'><strong>reposito</strong></span> 
     </span>
    </p>
   </div>
   <div class='ocr_carea' id='block_1_41' title="bbox 247 3967 3501 4050">
    <p class='ocr_par' dir='ltr' id='par_1_41' title="bbox 247 3967 3501 4050">
     <span class='ocr_line' id='line_1_43' title="bbox 247 3967 3501 4050; baseline -0.005 -14"><span class='ocrx_word' id='word_1_539' title='bbox 247 3981 524 4036; x_wconf 87' lang='lat' dir='ltr'><strong>lectiones</strong></span> <span class='ocrx_word' id='word_1_540' title='bbox 559 3980 966 4050; x_wconf 79' lang='lat' dir='ltr'><strong>colligerentur.</strong></span> <span class='ocrx_word' id='word_1_541' title='bbox 1019 3982 1171 4034; x_wconf 85' lang='lat' dir='ltr'><strong>Alter</strong></span> <span class='ocrx_word' id='word_1_542' title='bbox 1204 3982 1377 4035; x_wconf 73' lang='lat' dir='ltr'><strong>codex</strong></span> <span class='ocrx_word' id='word_1_543' title='bbox 1437 3996 1540 4034; x_wconf 87' lang='lat' dir='ltr'><strong>ms.</strong></span> <span class='ocrx_word' id='word_1_544' title='bbox 1595 3996 1700 4049; x_wconf 92' lang='lat' dir='ltr'><strong>quo</strong></span> <span class='ocrx_word' id='word_1_545' title='bbox 1732 3979 1899 4046; x_wconf 88' lang='lat' dir='ltr'><strong>adjuti</strong></span> <span class='ocrx_word' id='word_1_546' title='bbox 1959 3996 2168 4044; x_wconf 89' lang='lat' dir='ltr'><strong>sumus,</strong></span> <span class='ocrx_word' id='word_1_547' title='bbox 2200 3989 2285 4034; x_wconf 91' lang='lat' dir='ltr'><strong>est</strong></span> <span class='ocrx_word' id='word_1_548' title='bbox 2321 3988 2564 4032; x_wconf 82' lang='lat' dir='ltr'><strong>vetustus</strong></span> <span class='ocrx_word' id='word_1_549' title='bbox 2597 3976 2684 4030; x_wconf 90' lang='lat' dir='ltr'><strong>ille</strong></span> <span class='ocrx_word' id='word_1_550' title='bbox 2711 3987 2764 4029; x_wconf 89' lang='lat' dir='ltr'><strong>et</strong></span> <span class='ocrx_word' id='word_1_551' title='bbox 2794 3973 3041 4044; x_wconf 87' lang='lat' dir='ltr'><strong>insignis,</strong></span> <span class='ocrx_word' id='word_1_552' title='bbox 3074 3971 3164 4038; x_wconf 92' lang='lat' dir='ltr'><strong>qui</strong></span> <span class='ocrx_word' id='word_1_553' title='bbox 3201 3969 3253 4022; x_wconf 93' lang='lat' dir='ltr'><strong>in</strong></span> <span class='ocrx_word' id='word_1_554' title='bbox 3286 3967 3501 4037; x_wconf 86' lang='lat' dir='ltr'><strong>publica</strong></span> 
     </span>
    </p>
   </div>
   <div class='ocr_carea' id='block_1_42' title="bbox 250 4053 3505 4130">
    <p class='ocr_par' dir='ltr' id='par_1_42' title="bbox 250 4053 3505 4130">
     <span class='ocr_line' id='line_1_44' title="bbox 250 4053 3505 4130; baseline -0.005 -9"><span class='ocrx_word' id='word_1_555' title='bbox 250 4068 571 4122; x_wconf 70' lang='lat' dir='ltr'><strong>Academiae</strong></span> <span class='ocrx_word' id='word_1_556' title='bbox 613 4067 942 4122; x_wconf 87' lang='lat' dir='ltr'><strong>Basileensis</strong></span> <span class='ocrx_word' id='word_1_557' title='bbox 983 4067 1312 4121; x_wconf 82' lang='lat' dir='ltr'><strong>hiblimheca</strong></span> <span class='ocrx_word' id='word_1_558' title='bbox 1343 4075 1545 4130; x_wconf 82' lang='lat' dir='ltr'><strong>exstat,</strong></span> <span class='ocrx_word' id='word_1_559' title='bbox 1588 4068 1674 4122; x_wconf 92' lang='lat' dir='ltr'><strong>cui</strong></span> <span class='ocrx_word' id='word_1_560' title='bbox 1732 4083 1855 4120; x_wconf 92' lang='lat' dir='ltr'><strong>eum</strong></span> <span class='ocrx_word' id='word_1_561' title='bbox 1886 4066 2226 4120; x_wconf 90' lang='lat' dir='ltr'><strong>clarissimus</strong></span> <span class='ocrx_word' id='word_1_562' title='bbox 2254 4068 2336 4118; x_wconf 81' lang='lat' dir='ltr'><strong>vir</strong></span> <span class='ocrx_word' id='word_1_563' title='bbox 2391 4064 2619 4117; x_wconf 91' lang='lat' dir='ltr'><strong>Basilius</strong></span> <span class='ocrx_word' id='word_1_564' title='bbox 2680 4059 3074 4115; x_wconf 78' lang='lat' dir='ltr'><strong>Amerbachius</strong></span> <span class='ocrx_word' id='word_1_565' title='bbox 3109 4060 3160 4126; x_wconf 86' lang='lat' dir='ltr'><strong>(a</strong></span> <span class='ocrx_word' id='word_1_566' title='bbox 3218 4053 3370 4117; x_wconf 82' lang='lat' dir='ltr'><strong>cuius</strong></span> <span class='ocrx_word' id='word_1_567' title='bbox 3401 4066 3505 4104; x_wconf 80' lang='lat' dir='ltr'><strong>no-</strong></span> 
     </span>
    </p>
   </div>
   <div class='ocr_carea' id='block_1_43' title="bbox 255 4139 3508 4226">
    <p class='ocr_par' dir='ltr' id='par_1_43' title="bbox 255 4139 3508 4226">
     <span class='ocr_line' id='line_1_45' title="bbox 255 4139 3508 4226; baseline -0.004 -18"><span class='ocrx_word' id='word_1_568' title='bbox 255 4157 414 4209; x_wconf 76' lang='lat' dir='ltr'><strong>mine</strong></span> <span class='ocrx_word' id='word_1_569' title='bbox 449 4155 926 4208; x_wconf 77' lang='lat' dir='ltr'><strong>Amerbachianum</strong></span> <span class='ocrx_word' id='word_1_570' title='bbox 953 4154 1310 4226; x_wconf 85' lang='lat' dir='ltr'><strong>appellamus)</strong></span> <span class='ocrx_word' id='word_1_571' title='bbox 1344 4155 1521 4224; x_wconf 82' lang='lat' dir='ltr'><strong>legato</strong></span> <span class='ocrx_word' id='word_1_572' title='bbox 1547 4155 1692 4208; x_wconf 89' lang='lat' dir='ltr'><strong>dedit</strong></span> <span class='ocrx_word' id='word_1_573' title='bbox 1724 4169 1866 4208; x_wconf 87' lang='lat' dir='ltr'><strong>anno</strong></span> <span class='ocrx_word' id='word_1_574' title='bbox 1904 4152 2112 4207; x_wconf 90' lang='lat' dir='ltr'><strong>Domini</strong></span> <span class='ocrx_word' id='word_1_575' title='bbox 2167 4153 2326 4206; x_wconf 76' lang='grc'><strong>1595.</strong></span> <span class='ocrx_word' id='word_1_576' title='bbox 2356 4153 2472 4218; x_wconf 89' lang='lat' dir='ltr'><strong>Quo</strong></span> <span class='ocrx_word' id='word_1_577' title='bbox 2519 4152 2658 4203; x_wconf 91' lang='lat' dir='ltr'><strong>inter</strong></span> <span class='ocrx_word' id='word_1_578' title='bbox 2691 4149 2819 4211; x_wconf 83' lang='lat' dir='ltr'><strong>alia,</strong></span> <span class='ocrx_word' id='word_1_579' title='bbox 2862 4144 3202 4199; x_wconf 89' lang='lat' dir='ltr'><strong>Balsamonis</strong></span> <span class='ocrx_word' id='word_1_580' title='bbox 3257 4139 3416 4195; x_wconf 87' lang='lat' dir='ltr'><strong>simul</strong></span> <span class='ocrx_word' id='word_1_581' title='bbox 3453 4148 3508 4192; x_wconf 86' lang='lat' dir='ltr'><strong>et</strong></span> 
     </span>
    </p>
   </div>
   <div class='ocr_carea' id='block_1_44' title="bbox 251 4229 3510 4304">
    <p class='ocr_par' dir='ltr' id='par_1_44' title="bbox 251 4229 3510 4304">
     <span class='ocr_line' id='line_1_46' title="bbox 251 4229 3510 4304; baseline -0.006 -8"><span class='ocrx_word' id='word_1_582' title='bbox 251 4240 492 4296; x_wconf 58' lang='lat' dir='ltr'><strong>Zonaras</strong></span> <span class='ocrx_word' id='word_1_583' title='bbox 525 4242 579 4295; x_wconf 91' lang='lat' dir='ltr'><strong>in</strong></span> <span class='ocrx_word' id='word_1_584' title='bbox 616 4256 853 4296; x_wconf 86' lang='lat' dir='ltr'><strong>canones</strong></span> <span class='ocrx_word' id='word_1_585' title='bbox 902 4241 1321 4304; x_wconf 80' lang='lat' dir='ltr'><strong>commentaria,</strong></span> <span class='ocrx_word' id='word_1_586' title='bbox 1369 4241 1541 4294; x_wconf 91' lang='lat' dir='ltr'><strong>nitido</strong></span> <span class='ocrx_word' id='word_1_587' title='bbox 1575 4251 1627 4294; x_wconf 91' lang='lat' dir='ltr'><strong>et</strong></span> <span class='ocrx_word' id='word_1_588' title='bbox 1677 4250 1892 4293; x_wconf 82' lang='lat' dir='ltr'><strong>vetusto</strong></span> <span class='ocrx_word' id='word_1_589' title='bbox 1934 4242 2254 4294; x_wconf 86' lang='lat' dir='ltr'><strong>charactere</strong></span> <span class='ocrx_word' id='word_1_590' title='bbox 2281 4239 2575 4304; x_wconf 84' lang='lat' dir='ltr'><strong>descripta,</strong></span> <span class='ocrx_word' id='word_1_591' title='bbox 2605 4237 2988 4298; x_wconf 88' lang='lat' dir='ltr'><strong>continentur;</strong></span> <span class='ocrx_word' id='word_1_592' title='bbox 3025 4232 3117 4287; x_wconf 86' lang='lat' dir='ltr'><strong>sed</strong></span> <span class='ocrx_word' id='word_1_593' title='bbox 3149 4229 3357 4283; x_wconf 84' lang='lat' dir='ltr'><strong>Zonara</strong></span> <span class='ocrx_word' id='word_1_594' title='bbox 3387 4241 3510 4295; x_wconf 83' lang='lat' dir='ltr'><strong>per-</strong></span> 
     </span>
    </p>
   </div>
   <div class='ocr_carea' id='block_1_45' title="bbox 253 4319 3499 4398">
    <p class='ocr_par' dir='ltr' id='par_1_45' title="bbox 253 4319 3499 4398">
     <span class='ocr_line' id='line_1_47' title="bbox 253 4319 3499 4398; baseline -0.005 -14"><span class='ocrx_word' id='word_1_595' title='bbox 253 4337 430 4398; x_wconf 84' lang='lat' dir='ltr'><strong>petuo</strong></span> <span class='ocrx_word' id='word_1_596' title='bbox 462 4327 768 4382; x_wconf 85' lang='lat' dir='ltr'><strong>Balsamoni</strong></span> <span class='ocrx_word' id='word_1_597' title='bbox 795 4328 1096 4396; x_wconf 68' lang='lat' dir='ltr'><strong>praemisso.</strong></span> <span class='ocrx_word' id='word_1_598' title='bbox 1132 4325 1302 4393; x_wconf 81' lang='lat' dir='ltr'><strong>Hujus</strong></span> <span class='ocrx_word' id='word_1_599' title='bbox 1336 4326 1599 4396; x_wconf 82' lang='lat' dir='ltr'><strong>elegantis</strong></span> <span class='ocrx_word' id='word_1_600' title='bbox 1646 4328 1848 4382; x_wconf 88' lang='lat' dir='ltr'><strong>codicis</strong></span> <span class='ocrx_word' id='word_1_601' title='bbox 1876 4326 2302 4383; x_wconf 82' lang='lat' dir='ltr'><strong>usum-fructum</strong></span> <span class='ocrx_word' id='word_1_602' title='bbox 2339 4323 2750 4378; x_wconf 85' lang='lat' dir='ltr'><strong>honoratissimi</strong></span> <span class='ocrx_word' id='word_1_603' title='bbox 2793 4322 2938 4374; x_wconf 86' lang='lat' dir='ltr'><strong>illius</strong></span> <span class='ocrx_word' id='word_1_604' title='bbox 2965 4319 3271 4373; x_wconf 66' lang='lat' dir='ltr'><strong>Academiae.</strong></span> <span class='ocrx_word' id='word_1_605' title='bbox 3307 4328 3499 4384; x_wconf 90' lang='lat' dir='ltr'><strong>proce-</strong></span> 
     </span>
    </p>
   </div>
   <div class='ocr_carea' id='block_1_46' title="bbox 255 4403 3494 4484">
    <p class='ocr_par' dir='ltr' id='par_1_46' title="bbox 255 4403 3494 4484">
     <span class='ocr_line' id='line_1_48' title="bbox 255 4403 3494 4484; baseline -0.005 -14"><span class='ocrx_word' id='word_1_606' title='bbox 255 4433 348 4472; x_wconf 85' lang='lat' dir='ltr'><strong>res</strong></span> <span class='ocrx_word' id='word_1_607' title='bbox 383 4416 455 4471; x_wconf 84' lang='lat' dir='ltr'><strong>ad</strong></span> <span class='ocrx_word' id='word_1_608' title='bbox 490 4417 630 4469; x_wconf 85' lang='lat' dir='ltr'><strong>hanc</strong></span> <span class='ocrx_word' id='word_1_609' title='bbox 650 4415 944 4470; x_wconf 85' lang='lat' dir='ltr'><strong>editionem</strong></span> <span class='ocrx_word' id='word_1_610' title='bbox 972 4414 1340 4468; x_wconf 76' lang='lat' dir='ltr'><strong>adornandum</strong></span> <span class='ocrx_word' id='word_1_611' title='bbox 1366 4416 1734 4484; x_wconf 80' lang='lat' dir='ltr'><strong>permiserunt</strong></span> <span class='ocrx_word' id='word_1_612' title='bbox 1767 4413 1924 4469; x_wconf 80' lang='lat' dir='ltr'><strong>nobis</strong></span> <span class='ocrx_word' id='word_1_613' title='bbox 1962 4414 2327 4469; x_wconf 78' lang='lat' dir='ltr'><strong>exhibendum</strong></span> <span class='ocrx_word' id='word_1_614' title='bbox 2369 4429 2464 4481; x_wconf 88' lang='lat' dir='ltr'><strong>per</strong></span> <span class='ocrx_word' id='word_1_615' title='bbox 2505 4427 2721 4465; x_wconf 87' lang='lat' dir='ltr'><strong>manum</strong></span> <span class='ocrx_word' id='word_1_616' title='bbox 2753 4421 2808 4464; x_wconf 89' lang='lat' dir='ltr'><strong>et</strong></span> <span class='ocrx_word' id='word_1_617' title='bbox 2842 4408 3164 4462; x_wconf 85' lang='lat' dir='ltr'><strong>industriam</strong></span> <span class='ocrx_word' id='word_1_618' title='bbox 3191 4403 3494 4458; x_wconf 84' lang='lat' dir='ltr'><strong>doctissimi</strong></span> 
     </span>
    </p>
   </div>
   <div class='ocr_carea' id='block_1_47' title="bbox 252 4495 3507 4573">
    <p class='ocr_par' dir='ltr' id='par_1_47' title="bbox 252 4495 3507 4573">
     <span class='ocr_line' id='line_1_49' title="bbox 252 4495 3507 4573; baseline -0.005 -15"><span class='ocrx_word' id='word_1_619' title='bbox 252 4505 362 4571; x_wconf 77' lang='lat' dir='ltr'><strong>viri</strong></span> <span class='ocrx_word' id='word_1_620' title='bbox 393 4503 601 4559; x_wconf 88' lang='lat' dir='ltr'><strong>domini</strong></span> <span class='ocrx_word' id='word_1_621' title='bbox 631 4501 858 4558; x_wconf 80' lang='lat' dir='ltr'><strong>Joannis</strong></span> <span class='ocrx_word' id='word_1_622' title='bbox 890 4503 1158 4571; x_wconf 81' lang='lat' dir='ltr'><strong>Bodolphi</strong></span> <span class='ocrx_word' id='word_1_623' title='bbox 1201 4501 1514 4567; x_wconf 88' lang='lat' dir='ltr'><strong>Wetstenii,</strong></span> <span class='ocrx_word' id='word_1_624' title='bbox 1560 4504 1680 4570; x_wconf 80' lang='lat' dir='ltr'><strong>ﬁlii,</strong></span> <span class='ocrx_word' id='word_1_625' title='bbox 1725 4503 1817 4573; x_wconf 91' lang='lat' dir='ltr'><strong>qui</strong></span> <span class='ocrx_word' id='word_1_626' title='bbox 1871 4513 2017 4558; x_wconf 89' lang='lat' dir='ltr'><strong>tanta</strong></span> <span class='ocrx_word' id='word_1_627' title='bbox 2072 4504 2197 4567; x_wconf 81' lang='lat' dir='ltr'><strong>ﬁde,</strong></span> <span class='ocrx_word' id='word_1_628' title='bbox 2229 4513 2375 4556; x_wconf 88' lang='lat' dir='ltr'><strong>tanta</strong></span> <span class='ocrx_word' id='word_1_629' title='bbox 2410 4501 2687 4571; x_wconf 83' lang='lat' dir='ltr'><strong>diligentia</strong></span> <span class='ocrx_word' id='word_1_630' title='bbox 2725 4514 2828 4553; x_wconf 91' lang='lat' dir='ltr'><strong>ms.</strong></span> <span class='ocrx_word' id='word_1_631' title='bbox 2883 4499 3044 4550; x_wconf 89' lang='lat' dir='ltr'><strong>istum</strong></span> <span class='ocrx_word' id='word_1_632' title='bbox 3099 4495 3345 4549; x_wconf 82' lang='lat' dir='ltr'><strong>codicem</strong></span> <span class='ocrx_word' id='word_1_633' title='bbox 3381 4507 3507 4544; x_wconf 90' lang='lat' dir='ltr'><strong>cum</strong></span> 
     </span>
    </p>
   </div>
   <div class='ocr_carea' id='block_1_48' title="bbox 251 4579 3512 4659">
    <p class='ocr_par' dir='ltr' id='par_1_48' title="bbox 251 4579 3512 4659">
     <span class='ocr_line' id='line_1_50' title="bbox 251 4579 3512 4659; baseline -0.005 -12"><span class='ocrx_word' id='word_1_634' title='bbox 251 4591 669 4647; x_wconf 83' lang='lat' dir='ltr'><strong>Parisiensibus</strong></span> <span class='ocrx_word' id='word_1_635' title='bbox 695 4591 1029 4646; x_wconf 83' lang='lat' dir='ltr'><strong>Balsatnonis</strong></span> <span class='ocrx_word' id='word_1_636' title='bbox 1068 4602 1123 4644; x_wconf 93' lang='lat' dir='ltr'><strong>et</strong></span> <span class='ocrx_word' id='word_1_637' title='bbox 1165 4589 1389 4646; x_wconf 65' lang='lat' dir='ltr'><strong>Zonaras</strong></span> <span class='ocrx_word' id='word_1_638' title='bbox 1428 4592 1754 4646; x_wconf 89' lang='lat' dir='ltr'><strong>editionibns</strong></span> <span class='ocrx_word' id='word_1_639' title='bbox 1783 4592 2040 4653; x_wconf 86' lang='lat' dir='ltr'><strong>contulit,</strong></span> <span class='ocrx_word' id='word_1_640' title='bbox 2080 4601 2136 4644; x_wconf 90' lang='lat' dir='ltr'><strong>ut</strong></span> <span class='ocrx_word' id='word_1_641' title='bbox 2167 4606 2324 4658; x_wconf 88' lang='lat' dir='ltr'><strong>pares</strong></span> <span class='ocrx_word' id='word_1_642' title='bbox 2381 4591 2429 4644; x_wconf 92' lang='lat' dir='ltr'><strong>ei</strong></span> <span class='ocrx_word' id='word_1_643' title='bbox 2460 4589 2657 4659; x_wconf 85' lang='lat' dir='ltr'><strong>gratias</strong></span> <span class='ocrx_word' id='word_1_644' title='bbox 2705 4587 2920 4640; x_wconf 83' lang='lat' dir='ltr'><strong>referre</strong></span> <span class='ocrx_word' id='word_1_645' title='bbox 2951 4597 3293 4651; x_wconf 83' lang='lat' dir='ltr'><strong>nequaquam</strong></span> <span class='ocrx_word' id='word_1_646' title='bbox 3332 4579 3512 4646; x_wconf 88' lang='lat' dir='ltr'><strong>possi-</strong></span> 
     </span>
    </p>
   </div>
   <div class='ocr_carea' id='block_1_49' title="bbox 256 4667 3507 4749">
    <p class='ocr_par' dir='ltr' id='par_1_49' title="bbox 256 4667 3507 4749">
     <span class='ocr_line' id='line_1_51' title="bbox 256 4667 3507 4749; baseline -0.005 -14"><span class='ocrx_word' id='word_1_647' title='bbox 256 4695 386 4735; x_wconf 79' lang='lat' dir='ltr'><strong>mus</strong></span> <span class='ocrx_word' id='word_1_648' title='bbox 408 4719 424 4745; x_wconf 93' lang='lat'><strong>,</strong></span> <span class='ocrx_word' id='word_1_649' title='bbox 455 4694 630 4747; x_wconf 79' lang='lat' dir='ltr'><strong>neque</strong></span> <span class='ocrx_word' id='word_1_650' title='bbox 671 4694 768 4732; x_wconf 90' lang='lat' dir='ltr'><strong>nos</strong></span> <span class='ocrx_word' id='word_1_651' title='bbox 814 4679 1198 4749; x_wconf 28' lang='lat' dir='ltr'><strong>solos,.verum</strong></span> <span class='ocrx_word' id='word_1_652' title='bbox 1226 4684 1282 4732; x_wconf 88' lang='lat' dir='ltr'><strong>et</strong></span> <span class='ocrx_word' id='word_1_653' title='bbox 1315 4693 1506 4732; x_wconf 84' lang='lat' dir='ltr'><strong>omnes</strong></span> <span class='ocrx_word' id='word_1_654' title='bbox 1537 4679 1758 4732; x_wconf 89' lang='lat' dir='ltr'><strong>omnino</strong></span> <span class='ocrx_word' id='word_1_655' title='bbox 1779 4678 1924 4747; x_wconf 83' lang='lat' dir='ltr'><strong>juris</strong></span> <span class='ocrx_word' id='word_1_656' title='bbox 1948 4679 2198 4733; x_wconf 88' lang='lat' dir='ltr'><strong>canonici</strong></span> <span class='ocrx_word' id='word_1_657' title='bbox 2229 4677 2502 4733; x_wconf 89' lang='lat' dir='ltr'><strong>studiosos</strong></span> <span class='ocrx_word' id='word_1_658' title='bbox 2539 4677 2641 4730; x_wconf 92' lang='lat' dir='ltr'><strong>hoc</strong></span> <span class='ocrx_word' id='word_1_659' title='bbox 2687 4674 2952 4742; x_wconf 83' lang='lat' dir='ltr'><strong>singulari</strong></span> <span class='ocrx_word' id='word_1_660' title='bbox 2993 4672 3162 4740; x_wconf 85' lang='lat' dir='ltr'><strong>ipsius</strong></span> <span class='ocrx_word' id='word_1_661' title='bbox 3198 4668 3382 4721; x_wconf 80' lang='lat' dir='ltr'><strong>ofﬁcio</strong></span> <span class='ocrx_word' id='word_1_662' title='bbox 3408 4667 3507 4720; x_wconf 89' lang='lat' dir='ltr'><strong>sibi</strong></span> 
     </span>
    </p>
   </div>
   <div class='ocr_carea' id='block_1_50' title="bbox 253 4758 3512 4834">
    <p class='ocr_par' dir='ltr' id='par_1_50' title="bbox 253 4758 3512 4834">
     <span class='ocr_line' id='line_1_52' title="bbox 253 4758 3512 4834; baseline -0.005 -13"><span class='ocrx_word' id='word_1_663' title='bbox 253 4769 312 4821; x_wconf 90' lang='lat' dir='ltr'><strong>in</strong></span> <span class='ocrx_word' id='word_1_664' title='bbox 356 4775 626 4822; x_wconf 62' lang='lat' dir='ltr'><strong>internum</strong></span> <span class='ocrx_word' id='word_1_665' title='bbox 678 4766 959 4819; x_wconf 87' lang='lat' dir='ltr'><strong>devinctos</strong></span> <span class='ocrx_word' id='word_1_666' title='bbox 1018 4764 1257 4818; x_wconf 87' lang='lat' dir='ltr'><strong>habebit.</strong></span> <span class='ocrx_word' id='word_1_667' title='bbox 1300 4763 1501 4819; x_wconf 84' lang='lat' dir='ltr'><strong>Omnes</strong></span> <span class='ocrx_word' id='word_1_668' title='bbox 1545 4765 1687 4819; x_wconf 83' lang='lat' dir='ltr'><strong>enim</strong></span> <span class='ocrx_word' id='word_1_669' title='bbox 1753 4767 1938 4820; x_wconf 82' lang='lat' dir='ltr'><strong>varias</strong></span> <span class='ocrx_word' id='word_1_670' title='bbox 1974 4767 2232 4821; x_wconf 88' lang='lat' dir='ltr'><strong>lectiones</strong></span> <span class='ocrx_word' id='word_1_671' title='bbox 2274 4763 2699 4834; x_wconf 83' lang='lat' dir='ltr'><strong>exquisitissime</strong></span> <span class='ocrx_word' id='word_1_672' title='bbox 2725 4763 2980 4830; x_wconf 74' lang='lat' dir='ltr'><strong>collegit;</strong></span> <span class='ocrx_word' id='word_1_673' title='bbox 3013 4771 3066 4812; x_wconf 89' lang='lat' dir='ltr'><strong>et</strong></span> <span class='ocrx_word' id='word_1_674' title='bbox 3100 4759 3262 4810; x_wconf 86' lang='lat' dir='ltr'><strong>multa</strong></span> <span class='ocrx_word' id='word_1_675' title='bbox 3291 4758 3512 4824; x_wconf 90' lang='lat' dir='ltr'><strong>insnper</strong></span> 
     </span>
    </p>
   </div>
   <div class='ocr_carea' id='block_1_51' title="bbox 254 4845 3511 4922">
    <p class='ocr_par' dir='ltr' id='par_1_51' title="bbox 254 4845 3511 4922">
     <span class='ocr_line' id='line_1_53' title="bbox 254 4845 3511 4922; baseline -0.005 -12"><span class='ocrx_word' id='word_1_676' title='bbox 254 4857 489 4922; x_wconf 84' lang='lat' dir='ltr'><strong>antiqua</strong></span> <span class='ocrx_word' id='word_1_677' title='bbox 545 4856 597 4907; x_wconf 92' lang='lat' dir='ltr'><strong>in</strong></span> <span class='ocrx_word' id='word_1_678' title='bbox 631 4867 864 4907; x_wconf 86' lang='lat' dir='ltr'><strong>canones</strong></span> <span class='ocrx_word' id='word_1_679' title='bbox 889 4854 1096 4906; x_wconf 89' lang='lat' dir='ltr'><strong>scholia</strong></span> <span class='ocrx_word' id='word_1_680' title='bbox 1136 4867 1167 4906; x_wconf 90' lang='lat' dir='ltr'><strong>e</strong></span> <span class='ocrx_word' id='word_1_681' title='bbox 1202 4854 1387 4907; x_wconf 87' lang='lat' dir='ltr'><strong>codice</strong></span> <span class='ocrx_word' id='word_1_682' title='bbox 1415 4853 1519 4907; x_wconf 90' lang='lat' dir='ltr'><strong>isto</strong></span> <span class='ocrx_word' id='word_1_683' title='bbox 1545 4853 1860 4920; x_wconf 82' lang='lat' dir='ltr'><strong>exscripsit,</strong></span> <span class='ocrx_word' id='word_1_684' title='bbox 1896 4868 2015 4921; x_wconf 73' lang='lat' dir='ltr'><strong>quae</strong></span> <span class='ocrx_word' id='word_1_685' title='bbox 2050 4869 2148 4906; x_wconf 88' lang='lat' dir='ltr'><strong>nec</strong></span> <span class='ocrx_word' id='word_1_686' title='bbox 2183 4854 2234 4906; x_wconf 89' lang='lat' dir='ltr'><strong>in</strong></span> <span class='ocrx_word' id='word_1_687' title='bbox 2280 4851 2638 4916; x_wconf 85' lang='lat' dir='ltr'><strong>Balsamonis,</strong></span> <span class='ocrx_word' id='word_1_688' title='bbox 2665 4867 2765 4905; x_wconf 90' lang='lat' dir='ltr'><strong>nec</strong></span> <span class='ocrx_word' id='word_1_689' title='bbox 2811 4848 3036 4902; x_wconf 67' lang='lat' dir='ltr'><strong>Zonaras</strong></span> <span class='ocrx_word' id='word_1_690' title='bbox 3080 4845 3511 4906; x_wconf 78' lang='lat' dir='ltr'><strong>commentariis,</strong></span> 
     </span>
    </p>
   </div>
   <div class='ocr_carea' id='block_1_52' title="bbox 255 4941 3505 5016">
    <p class='ocr_par' dir='ltr' id='par_1_52' title="bbox 255 4941 3505 5016">
     <span class='ocr_line' id='line_1_54' title="bbox 255 4941 3505 5016; baseline -0.004 -13"><span class='ocrx_word' id='word_1_691' title='bbox 255 4965 366 5005; x_wconf 89' lang='lat' dir='ltr'><strong>nec</strong></span> <span class='ocrx_word' id='word_1_692' title='bbox 397 4949 530 5011; x_wconf 87' lang='lat' dir='ltr'><strong>alio,</strong></span> <span class='ocrx_word' id='word_1_693' title='bbox 563 4960 824 5016; x_wconf 90' lang='lat' dir='ltr'><strong>quantum</strong></span> <span class='ocrx_word' id='word_1_694' title='bbox 871 4947 1094 5012; x_wconf 84' lang='lat' dir='ltr'><strong>scimus,</strong></span> <span class='ocrx_word' id='word_1_695' title='bbox 1127 4950 1314 5003; x_wconf 87' lang='lat' dir='ltr'><strong>codice</strong></span> <span class='ocrx_word' id='word_1_696' title='bbox 1348 4949 1633 5002; x_wconf 72' lang='lat' dir='ltr'><strong>habentur.</strong></span> <span class='ocrx_word' id='word_1_697' title='bbox 1661 4947 1774 5002; x_wconf 88' lang='lat' dir='ltr'><strong>Hoc</strong></span> <span class='ocrx_word' id='word_1_698' title='bbox 1797 4963 1931 5004; x_wconf 82' lang='lat' dir='ltr'><strong>sane</strong></span> <span class='ocrx_word' id='word_1_699' title='bbox 1966 4950 2251 5003; x_wconf 85' lang='lat' dir='ltr'><strong>dolendum</strong></span> <span class='ocrx_word' id='word_1_700' title='bbox 2277 4958 2381 5012; x_wconf 91' lang='lat' dir='ltr'><strong>est,</strong></span> <span class='ocrx_word' id='word_1_701' title='bbox 2422 4948 2564 5016; x_wconf 91' lang='lat' dir='ltr'><strong>quod</strong></span> <span class='ocrx_word' id='word_1_702' title='bbox 2595 4946 2777 5000; x_wconf 87' lang='lat' dir='ltr'><strong>nescio</strong></span> <span class='ocrx_word' id='word_1_703' title='bbox 2803 4959 2910 5014; x_wconf 91' lang='lat' dir='ltr'><strong>quo</strong></span> <span class='ocrx_word' id='word_1_704' title='bbox 2947 4943 3056 4996; x_wconf 79' lang='lat' dir='ltr'><strong>fato</strong></span> <span class='ocrx_word' id='word_1_705' title='bbox 3087 4949 3356 4996; x_wconf 76' lang='lat' dir='ltr'><strong>accuratae</strong></span> <span class='ocrx_word' id='word_1_706' title='bbox 3388 4941 3505 4992; x_wconf 70' lang='lat' dir='ltr'><strong>istae</strong></span> 
     </span>
    </p>
   </div>
   <div class='ocr_carea' id='block_1_53' title="bbox 258 5025 3516 5105">
    <p class='ocr_par' dir='ltr' id='par_1_53' title="bbox 258 5025 3516 5105">
     <span class='ocr_line' id='line_1_55' title="bbox 258 5025 3516 5105; baseline -0.005 -12"><span class='ocrx_word' id='word_1_707' title='bbox 258 5038 644 5099; x_wconf 82' lang='lat' dir='ltr'><strong>collectiones,</strong></span> <span class='ocrx_word' id='word_1_708' title='bbox 680 5050 781 5105; x_wconf 84' lang='lat' dir='ltr'><strong>per</strong></span> <span class='ocrx_word' id='word_1_709' title='bbox 809 5035 1088 5090; x_wconf 85' lang='lat' dir='ltr'><strong>biennium</strong></span> <span class='ocrx_word' id='word_1_710' title='bbox 1131 5033 1248 5090; x_wconf 80' lang='lat' dir='ltr'><strong>fere</strong></span> <span class='ocrx_word' id='word_1_711' title='bbox 1292 5037 1342 5088; x_wconf 93' lang='lat' dir='ltr'><strong>in</strong></span> <span class='ocrx_word' id='word_1_712' title='bbox 1380 5037 1571 5089; x_wconf 91' lang='lat' dir='ltr'><strong>itinere</strong></span> <span class='ocrx_word' id='word_1_713' title='bbox 1605 5037 1898 5103; x_wconf 75' lang='lat' dir='ltr'><strong>haerentes,</strong></span> <span class='ocrx_word' id='word_1_714' title='bbox 1924 5039 2102 5091; x_wconf 90' lang='lat' dir='ltr'><strong>serius</strong></span> <span class='ocrx_word' id='word_1_715' title='bbox 2139 5036 2207 5090; x_wconf 90' lang='lat' dir='ltr'><strong>ad</strong></span> <span class='ocrx_word' id='word_1_716' title='bbox 2242 5050 2438 5090; x_wconf 90' lang='lat' dir='ltr'><strong>manus</strong></span> <span class='ocrx_word' id='word_1_717' title='bbox 2470 5045 2684 5088; x_wconf 81' lang='lat' dir='ltr'><strong>nostras</strong></span> <span class='ocrx_word' id='word_1_718' title='bbox 2718 5040 3105 5103; x_wconf 67' lang='lat' dir='ltr'><strong>pervenerunt,</strong></span> <span class='ocrx_word' id='word_1_719' title='bbox 3139 5044 3298 5097; x_wconf 90' lang='lat' dir='ltr'><strong>quam</strong></span> <span class='ocrx_word' id='word_1_720' title='bbox 3339 5037 3394 5079; x_wconf 90' lang='lat' dir='ltr'><strong>ut</strong></span> <span class='ocrx_word' id='word_1_721' title='bbox 3431 5025 3516 5076; x_wconf 87' lang='lat' dir='ltr'><strong>di-</strong></span> 
     </span>
    </p>
   </div>
   <div class='ocr_carea' id='block_1_54' title="bbox 256 5115 3515 5193">
    <p class='ocr_par' dir='ltr' id='par_1_54' title="bbox 256 5115 3515 5193">
     <span class='ocr_line' id='line_1_56' title="bbox 256 5115 3515 5193; baseline -0.004 -11"><span class='ocrx_word' id='word_1_722' title='bbox 256 5139 350 5182; x_wconf 79' lang='lat' dir='ltr'><strong>ota</strong></span> <span class='ocrx_word' id='word_1_723' title='bbox 383 5125 593 5180; x_wconf 84' lang='lat' dir='ltr'><strong>scholia</strong></span> <span class='ocrx_word' id='word_1_724' title='bbox 633 5125 730 5192; x_wconf 91' lang='lat' dir='ltr'><strong>ipsi</strong></span> <span class='ocrx_word' id='word_1_725' title='bbox 774 5125 957 5193; x_wconf 88' lang='lat' dir='ltr'><strong>operis</strong></span> <span class='ocrx_word' id='word_1_726' title='bbox 1008 5125 1167 5192; x_wconf 90' lang='lat' dir='ltr'><strong>hujus</strong></span> <span class='ocrx_word' id='word_1_727' title='bbox 1214 5126 1426 5193; x_wconf 88' lang='lat' dir='ltr'><strong>corpori</strong></span> <span class='ocrx_word' id='word_1_728' title='bbox 1462 5128 1574 5180; x_wconf 85' lang='lat' dir='ltr'><strong>suis</strong></span> <span class='ocrx_word' id='word_1_729' title='bbox 1628 5126 1682 5180; x_wconf 89' lang='lat' dir='ltr'><strong>in</strong></span> <span class='ocrx_word' id='word_1_730' title='bbox 1719 5127 1853 5181; x_wconf 88' lang='lat' dir='ltr'><strong>locis</strong></span> <span class='ocrx_word' id='word_1_731' title='bbox 1897 5125 2148 5181; x_wconf 88' lang='lat' dir='ltr'><strong>interseri</strong></span> <span class='ocrx_word' id='word_1_732' title='bbox 2196 5133 2468 5192; x_wconf 90' lang='lat' dir='ltr'><strong>poterant.</strong></span> <span class='ocrx_word' id='word_1_733' title='bbox 2500 5122 2581 5175; x_wconf 84' lang='lat' dir='ltr'><strong>Ne</strong></span> <span class='ocrx_word' id='word_1_734' title='bbox 2605 5121 2730 5190; x_wconf 92' lang='lat' dir='ltr'><strong>quis</strong></span> <span class='ocrx_word' id='word_1_735' title='bbox 2758 5130 2934 5172; x_wconf 81' lang='lat' dir='ltr'><strong>tamen</strong></span> <span class='ocrx_word' id='word_1_736' title='bbox 2985 5119 3052 5171; x_wconf 91' lang='lat' dir='ltr'><strong>de</strong></span> <span class='ocrx_word' id='word_1_737' title='bbox 3083 5117 3148 5170; x_wconf 75' lang='lat' dir='ltr'><strong>iis</strong></span> <span class='ocrx_word' id='word_1_738' title='bbox 3181 5115 3402 5170; x_wconf 88' lang='lat' dir='ltr'><strong>omnino</strong></span> <span class='ocrx_word' id='word_1_739' title='bbox 3429 5115 3515 5168; x_wconf 86' lang='lat' dir='ltr'><strong>hic</strong></span> 
     </span>
    </p>
   </div>
   <div class='ocr_carea' id='block_1_55' title="bbox 257 5205 3513 5284">
    <p class='ocr_par' dir='ltr' id='par_1_55' title="bbox 257 5205 3513 5284">
     <span class='ocr_line' id='line_1_57' title="bbox 257 5205 3513 5284; baseline -0.006 -12"><span class='ocrx_word' id='word_1_740' title='bbox 257 5215 598 5272; x_wconf 85' lang='lat' dir='ltr'><strong>desideratis</strong></span> <span class='ocrx_word' id='word_1_741' title='bbox 628 5226 1080 5284; x_wconf 89' lang='lat' dir='ltr'><strong>conquereretur,</strong></span> <span class='ocrx_word' id='word_1_742' title='bbox 1118 5230 1179 5269; x_wconf 90' lang='lat' dir='ltr'><strong>ea</strong></span> <span class='ocrx_word' id='word_1_743' title='bbox 1202 5215 1407 5279; x_wconf 84' lang='lat' dir='ltr'><strong>omnia,</strong></span> <span class='ocrx_word' id='word_1_744' title='bbox 1442 5213 1632 5268; x_wconf 91' lang='lat' dir='ltr'><strong>Latine</strong></span> <span class='ocrx_word' id='word_1_745' title='bbox 1663 5215 1825 5270; x_wconf 87' lang='lat' dir='ltr'><strong>etiam</strong></span> <span class='ocrx_word' id='word_1_746' title='bbox 1853 5231 1881 5268; x_wconf 87' lang='lat' dir='ltr'><strong>a</strong></span> <span class='ocrx_word' id='word_1_747' title='bbox 1915 5215 2071 5268; x_wconf 88' lang='lat' dir='ltr'><strong>nobis</strong></span> <span class='ocrx_word' id='word_1_748' title='bbox 2092 5227 2271 5274; x_wconf 87' lang='lat' dir='ltr'><strong>versa,</strong></span> <span class='ocrx_word' id='word_1_749' title='bbox 2304 5211 2744 5265; x_wconf 89' lang='lat' dir='ltr'><strong>annotationibus</strong></span> <span class='ocrx_word' id='word_1_750' title='bbox 2799 5209 3148 5269; x_wconf 78' lang='lat' dir='ltr'><strong>insernimus,</strong></span> <span class='ocrx_word' id='word_1_751' title='bbox 3186 5205 3251 5256; x_wconf 87' lang='lat' dir='ltr'><strong>ad</strong></span> <span class='ocrx_word' id='word_1_752' title='bbox 3293 5205 3513 5258; x_wconf 83' lang='lat' dir='ltr'><strong>eosdem</strong></span> 
     </span>
    </p>
   </div>
   <div class='ocr_carea' id='block_1_56' title="bbox 261 5295 3517 5372">
    <p class='ocr_par' dir='ltr' id='par_1_56' title="bbox 261 5295 3517 5372">
     <span class='ocr_line' id='line_1_58' title="bbox 261 5295 3517 5372; baseline -0.006 -12"><span class='ocrx_word' id='word_1_753' title='bbox 261 5306 448 5360; x_wconf 87' lang='lat' dir='ltr'><strong>relata</strong></span> <span class='ocrx_word' id='word_1_754' title='bbox 476 5317 739 5366; x_wconf 88' lang='lat' dir='ltr'><strong>canones,</strong></span> <span class='ocrx_word' id='word_1_755' title='bbox 775 5303 973 5372; x_wconf 88' lang='lat' dir='ltr'><strong>quibus</strong></span> <span class='ocrx_word' id='word_1_756' title='bbox 1002 5303 1054 5355; x_wconf 91' lang='lat' dir='ltr'><strong>in</strong></span> <span class='ocrx_word' id='word_1_757' title='bbox 1083 5303 1269 5356; x_wconf 89' lang='lat' dir='ltr'><strong>codice</strong></span> <span class='ocrx_word' id='word_1_758' title='bbox 1299 5303 1732 5358; x_wconf 81' lang='lat' dir='ltr'><strong>Anterbachiauo</strong></span> <span class='ocrx_word' id='word_1_759' title='bbox 1769 5304 2006 5370; x_wconf 87' lang='lat' dir='ltr'><strong>ascripta</strong></span> <span class='ocrx_word' id='word_1_760' title='bbox 2041 5309 2187 5355; x_wconf 88' lang='lat' dir='ltr'><strong>sunt.</strong></span> <span class='ocrx_word' id='word_1_761' title='bbox 2226 5299 2305 5352; x_wconf 80' lang='lat' dir='ltr'><strong>Ex</strong></span> <span class='ocrx_word' id='word_1_762' title='bbox 2331 5299 2504 5353; x_wconf 84' lang='lat' dir='ltr'><strong>variis</strong></span> <span class='ocrx_word' id='word_1_763' title='bbox 2528 5306 2708 5351; x_wconf 89' lang='lat' dir='ltr'><strong>autem</strong></span> <span class='ocrx_word' id='word_1_764' title='bbox 2749 5295 3071 5348; x_wconf 80' lang='lat' dir='ltr'><strong>lectionibus</strong></span> <span class='ocrx_word' id='word_1_765' title='bbox 3110 5308 3204 5361; x_wconf 88' lang='lat' dir='ltr'><strong>pro</strong></span> <span class='ocrx_word' id='word_1_766' title='bbox 3236 5300 3517 5358; x_wconf 84' lang='lat' dir='ltr'><strong>comperto</strong></span> 
     </span>
    </p>
   </div>
   <div class='ocr_carea' id='block_1_57' title="bbox 264 5376 3520 5457">
    <p class='ocr_par' dir='ltr' id='par_1_57' title="bbox 264 5376 3520 5457">
     <span class='ocr_line' id='line_1_59' title="bbox 264 5376 3520 5457; baseline -0.006 -11"><span class='ocrx_word' id='word_1_767' title='bbox 264 5393 561 5454; x_wconf 84' lang='lat' dir='ltr'><strong>habemus,</strong></span> <span class='ocrx_word' id='word_1_768' title='bbox 597 5391 835 5444; x_wconf 89' lang='lat' dir='ltr'><strong>codicem</strong></span> <span class='ocrx_word' id='word_1_769' title='bbox 871 5390 1036 5442; x_wconf 90' lang='lat' dir='ltr'><strong>istum</strong></span> <span class='ocrx_word' id='word_1_770' title='bbox 1070 5389 1565 5443; x_wconf 80' lang='lat' dir='ltr'><strong>Amerbachianum</strong></span> <span class='ocrx_word' id='word_1_771' title='bbox 1599 5404 1719 5443; x_wconf 92' lang='lat' dir='ltr'><strong>cum</strong></span> <span class='ocrx_word' id='word_1_772' title='bbox 1754 5389 2050 5446; x_wconf 87' lang='lat' dir='ltr'><strong>Bodleiano</strong></span> <span class='ocrx_word' id='word_1_773' title='bbox 2081 5397 2272 5443; x_wconf 83' lang='lat' dir='ltr'><strong>nostro</strong></span> <span class='ocrx_word' id='word_1_774' title='bbox 2309 5388 2626 5457; x_wconf 84' lang='lat' dir='ltr'><strong>plerumque</strong></span> <span class='ocrx_word' id='word_1_775' title='bbox 2671 5383 2994 5445; x_wconf 87' lang='lat' dir='ltr'><strong>convenire,</strong></span> <span class='ocrx_word' id='word_1_776' title='bbox 3026 5381 3189 5434; x_wconf 93' lang='lat' dir='ltr'><strong>etiam</strong></span> <span class='ocrx_word' id='word_1_777' title='bbox 3239 5379 3326 5432; x_wconf 91' lang='lat' dir='ltr'><strong>ubi</strong></span> <span class='ocrx_word' id='word_1_778' title='bbox 3365 5376 3520 5429; x_wconf 77' lang='lat' dir='ltr'><strong>l’ari-</strong></span> 
     </span>
    </p>
   </div>
   <div class='ocr_carea' id='block_1_58' title="bbox 259 5467 3516 5544">
    <p class='ocr_par' dir='ltr' id='par_1_58' title="bbox 259 5467 3516 5544">
     <span class='ocr_line' id='line_1_60' title="bbox 259 5467 3516 5544; baseline -0.005 -11"><span class='ocrx_word' id='word_1_779' title='bbox 259 5478 471 5533; x_wconf 88' lang='lat' dir='ltr'><strong>siensis</strong></span> <span class='ocrx_word' id='word_1_780' title='bbox 508 5475 679 5531; x_wconf 87' lang='lat' dir='ltr'><strong>etlttio</strong></span> <span class='ocrx_word' id='word_1_781' title='bbox 723 5477 790 5529; x_wconf 90' lang='lat' dir='ltr'><strong>ab</strong></span> <span class='ocrx_word' id='word_1_782' title='bbox 820 5484 1051 5544; x_wconf 90' lang='lat' dir='ltr'><strong>utroque</strong></span> <span class='ocrx_word' id='word_1_783' title='bbox 1080 5475 1400 5543; x_wconf 83' lang='lat' dir='ltr'><strong>discrepat:</strong></span> <span class='ocrx_word' id='word_1_784' title='bbox 1441 5478 1579 5531; x_wconf 87' lang='lat' dir='ltr'><strong>adeo</strong></span> <span class='ocrx_word' id='word_1_785' title='bbox 1631 5485 1688 5530; x_wconf 92' lang='lat' dir='ltr'><strong>ut</strong></span> <span class='ocrx_word' id='word_1_786' title='bbox 1720 5479 1861 5531; x_wconf 90' lang='lat' dir='ltr'><strong>inter</strong></span> <span class='ocrx_word' id='word_1_787' title='bbox 1885 5478 2198 5532; x_wconf 90' lang='lat' dir='ltr'><strong>innumeras</strong></span> <span class='ocrx_word' id='word_1_788' title='bbox 2230 5477 2376 5540; x_wconf 84' lang='lat' dir='ltr'><strong>illas,</strong></span> <span class='ocrx_word' id='word_1_789' title='bbox 2415 5490 2549 5542; x_wconf 89' lang='lat' dir='ltr'><strong>quas</strong></span> <span class='ocrx_word' id='word_1_790' title='bbox 2606 5472 2944 5526; x_wconf 88' lang='lat' dir='ltr'><strong>clarissimus</strong></span> <span class='ocrx_word' id='word_1_791' title='bbox 2978 5471 3079 5534; x_wconf 91' lang='lat' dir='ltr'><strong>vir,</strong></span> <span class='ocrx_word' id='word_1_792' title='bbox 3117 5483 3217 5521; x_wconf 91' lang='lat' dir='ltr'><strong>ms.</strong></span> <span class='ocrx_word' id='word_1_793' title='bbox 3247 5467 3516 5520; x_wconf 80' lang='lat' dir='ltr'><strong>Amerba-</strong></span> 
     </span>
    </p>
   </div>
   <div class='ocr_carea' id='block_1_59' title="bbox 259 5556 3514 5633">
    <p class='ocr_par' dir='ltr' id='par_1_59' title="bbox 259 5556 3514 5633">
     <span class='ocr_line' id='line_1_61' title="bbox 259 5556 3514 5633; baseline -0.005 -13"><span class='ocrx_word' id='word_1_794' title='bbox 259 5565 676 5620; x_wconf 88' lang='lat' dir='ltr'><strong>chianumcum</strong></span> <span class='ocrx_word' id='word_1_795' title='bbox 710 5564 1119 5618; x_wconf 88' lang='lat' dir='ltr'><strong>Parisiensibus</strong></span> <span class='ocrx_word' id='word_1_796' title='bbox 1142 5563 1429 5618; x_wconf 89' lang='lat' dir='ltr'><strong>codicibus</strong></span> <span class='ocrx_word' id='word_1_797' title='bbox 1475 5563 1785 5630; x_wconf 76' lang='lat' dir='ltr'><strong>conferens,</strong></span> <span class='ocrx_word' id='word_1_798' title='bbox 1835 5567 2018 5621; x_wconf 89' lang='lat' dir='ltr'><strong>varias</strong></span> <span class='ocrx_word' id='word_1_799' title='bbox 2069 5565 2290 5633; x_wconf 84' lang='lat' dir='ltr'><strong>collegit</strong></span> <span class='ocrx_word' id='word_1_800' title='bbox 2343 5564 2631 5625; x_wconf 76' lang='lat' dir='ltr'><strong>lectiones,</strong></span> <span class='ocrx_word' id='word_1_801' title='bbox 2664 5576 2785 5614; x_wconf 83' lang='lat' dir='ltr'><strong>raro</strong></span> <span class='ocrx_word' id='word_1_802' title='bbox 2819 5559 3107 5612; x_wconf 90' lang='lat' dir='ltr'><strong>admodum</strong></span> <span class='ocrx_word' id='word_1_803' title='bbox 3167 5556 3298 5617; x_wconf 84' lang='lat' dir='ltr'><strong>ulla,</strong></span> <span class='ocrx_word' id='word_1_804' title='bbox 3326 5564 3514 5605; x_wconf 84' lang='lat' dir='ltr'><strong>uotatu</strong></span> 
     </span>
    </p>
   </div>
   <div class='ocr_carea' id='block_1_60' title="bbox 260 5641 3508 5724">
    <p class='ocr_par' dir='ltr' id='par_1_60' title="bbox 260 5641 3508 5724">
     <span class='ocr_line' id='line_1_62' title="bbox 260 5641 3508 5724; baseline -0.006 -13"><span class='ocrx_word' id='word_1_805' title='bbox 260 5656 464 5711; x_wconf 83' lang='lat' dir='ltr'><strong>saltem</strong></span> <span class='ocrx_word' id='word_1_806' title='bbox 497 5653 680 5723; x_wconf 81' lang='lat' dir='ltr'><strong>digna,</strong></span> <span class='ocrx_word' id='word_1_807' title='bbox 710 5664 982 5716; x_wconf 88' lang='lat' dir='ltr'><strong>occurrat,</strong></span> <span class='ocrx_word' id='word_1_808' title='bbox 1009 5669 1129 5722; x_wconf 66' lang='lat' dir='ltr'><strong>quae</strong></span> <span class='ocrx_word' id='word_1_809' title='bbox 1160 5668 1188 5706; x_wconf 90' lang='lat' dir='ltr'><strong>a</strong></span> <span class='ocrx_word' id='word_1_810' title='bbox 1235 5654 1424 5708; x_wconf 91' lang='lat' dir='ltr'><strong>codice</strong></span> <span class='ocrx_word' id='word_1_811' title='bbox 1461 5666 1646 5710; x_wconf 87' lang='lat' dir='ltr'><strong>nostro</strong></span> <span class='ocrx_word' id='word_1_812' title='bbox 1679 5655 1765 5709; x_wconf 93' lang='lat' dir='ltr'><strong>hic</strong></span> <span class='ocrx_word' id='word_1_813' title='bbox 1813 5656 2078 5724; x_wconf 89' lang='lat' dir='ltr'><strong>impresso</strong></span> <span class='ocrx_word' id='word_1_814' title='bbox 2129 5653 2379 5708; x_wconf 86' lang='lat' dir='ltr'><strong>dissidet.</strong></span> <span class='ocrx_word' id='word_1_815' title='bbox 2415 5650 2570 5717; x_wconf 85' lang='lat' dir='ltr'><strong>Quod</strong></span> <span class='ocrx_word' id='word_1_816' title='bbox 2610 5651 2748 5703; x_wconf 83' lang='lat' dir='ltr'><strong>idem</strong></span> <span class='ocrx_word' id='word_1_817' title='bbox 2791 5655 2845 5702; x_wconf 90' lang='lat' dir='ltr'><strong>et</strong></span> <span class='ocrx_word' id='word_1_818' title='bbox 2886 5653 2954 5699; x_wconf 88' lang='lat' dir='ltr'><strong>de</strong></span> <span class='ocrx_word' id='word_1_819' title='bbox 2988 5644 3173 5698; x_wconf 86' lang='lat' dir='ltr'><strong>codice</strong></span> <span class='ocrx_word' id='word_1_820' title='bbox 3200 5641 3508 5696; x_wconf 66' lang='lat' dir='ltr'><strong>Aitoniensi</strong></span> 
     </span>
    </p>
   </div>
   <div class='ocr_carea' id='block_1_61' title="bbox 262 5727 3517 5814">
    <p class='ocr_par' dir='ltr' id='par_1_61' title="bbox 262 5727 3517 5814">
     <span class='ocr_line' id='line_1_63' title="bbox 262 5727 3517 5814; baseline -0.004 -20"><span class='ocrx_word' id='word_1_821' title='bbox 262 5738 566 5794; x_wconf 82' lang='lat' dir='ltr'><strong>dicendum</strong></span> <span class='ocrx_word' id='word_1_822' title='bbox 598 5749 701 5793; x_wconf 89' lang='lat' dir='ltr'><strong>est.</strong></span> <span class='ocrx_word' id='word_1_823' title='bbox 735 5738 980 5809; x_wconf 85' lang='lat' dir='ltr'><strong>Namque</strong></span> <span class='ocrx_word' id='word_1_824' title='bbox 1011 5741 1152 5794; x_wconf 91' lang='lat' dir='ltr'><strong>inter</strong></span> <span class='ocrx_word' id='word_1_825' title='bbox 1176 5751 1290 5795; x_wconf 89' lang='lat' dir='ltr'><strong>tres</strong></span> <span class='ocrx_word' id='word_1_826' title='bbox 1323 5742 1489 5797; x_wconf 90' lang='lat' dir='ltr'><strong>hosce</strong></span> <span class='ocrx_word' id='word_1_827' title='bbox 1525 5743 1743 5798; x_wconf 87' lang='lat' dir='ltr'><strong>codices</strong></span> <span class='ocrx_word' id='word_1_828' title='bbox 1775 5744 1976 5814; x_wconf 84' lang='lat' dir='ltr'><strong>Optime</strong></span> <span class='ocrx_word' id='word_1_829' title='bbox 2001 5744 2288 5807; x_wconf 88' lang='lat' dir='ltr'><strong>convenit;</strong></span> <span class='ocrx_word' id='word_1_830' title='bbox 2323 5736 2777 5810; x_wconf 86' lang='lat' dir='ltr'><strong>quemadmodum</strong></span> <span class='ocrx_word' id='word_1_831' title='bbox 2834 5734 2887 5787; x_wconf 92' lang='lat' dir='ltr'><strong>in</strong></span> <span class='ocrx_word' id='word_1_832' title='bbox 2912 5731 3355 5787; x_wconf 86' lang='lat' dir='ltr'><strong>annotationibus</strong></span> <span class='ocrx_word' id='word_1_833' title='bbox 3381 5727 3517 5782; x_wconf 84' lang='lat' dir='ltr'><strong>mul-</strong></span> 
     </span>
    </p>
   </div>
   <div class='ocr_carea' id='block_1_62' title="bbox 271 5823 3514 5896">
    <p class='ocr_par' dir='ltr' id='par_1_62' title="bbox 271 5823 3514 5896">
     <span class='ocr_line' id='line_1_64' title="bbox 271 5823 3514 5896; baseline -0.004 -11"><span class='ocrx_word' id='word_1_834' title='bbox 271 5827 441 5886; x_wconf 85' lang='lat' dir='ltr'><strong>toties</strong></span> <span class='ocrx_word' id='word_1_835' title='bbox 469 5827 762 5885; x_wconf 85' lang='lat' dir='ltr'><strong>observare</strong></span> <span class='ocrx_word' id='word_1_836' title='bbox 785 5827 934 5896; x_wconf 90' lang='lat' dir='ltr'><strong>licet,</strong></span> <span class='ocrx_word' id='word_1_837' title='bbox 968 5828 1058 5885; x_wconf 90' lang='lat' dir='ltr'><strong>ubi</strong></span> <span class='ocrx_word' id='word_1_838' title='bbox 1084 5838 1193 5886; x_wconf 88' lang='lat' dir='ltr'><strong>tres</strong></span> <span class='ocrx_word' id='word_1_839' title='bbox 1230 5830 1396 5888; x_wconf 87' lang='lat' dir='ltr'><strong>hosce</strong></span> <span class='ocrx_word' id='word_1_840' title='bbox 1423 5831 1638 5889; x_wconf 81' lang='lat' dir='ltr'><strong>codices</strong></span> <span class='ocrx_word' id='word_1_841' title='bbox 1682 5846 1738 5890; x_wconf 87' lang='lat' dir='ltr'><strong>se</strong></span> <span class='ocrx_word' id='word_1_842' title='bbox 1770 5831 1999 5890; x_wconf 87' lang='lat' dir='ltr'><strong>invicem</strong></span> <span class='ocrx_word' id='word_1_843' title='bbox 2028 5831 2416 5890; x_wconf 78' lang='lat' dir='ltr'><strong>continuantes</strong></span> <span class='ocrx_word' id='word_1_844' title='bbox 2447 5841 2591 5895; x_wconf 60' lang='lat' dir='ltr'><strong>sape</strong></span> <span class='ocrx_word' id='word_1_845' title='bbox 2628 5823 3002 5895; x_wconf 85' lang='lat' dir='ltr'><strong>producimus.</strong></span> <span class='ocrx_word' id='word_1_846' title='bbox 3031 5823 3174 5882; x_wconf 85' lang='lat' dir='ltr'><strong>Inter</strong></span> <span class='ocrx_word' id='word_1_847' title='bbox 3198 5835 3293 5878; x_wconf 86' lang='lat' dir='ltr'><strong>eos</strong></span> <span class='ocrx_word' id='word_1_848' title='bbox 3333 5825 3514 5876; x_wconf 83' lang='lat' dir='ltr'><strong>autem</strong></span> 
     </span>
    </p>
   </div>
  </div>
