4186 6438
727 373 838 453 27"
1502 461 1506 465 ,
1818 387 2029 451 GUiL.
2069 387 2490 451 BEVEREGII
2530 389 2952 454 PREFATIO.
3915 398 3981 464 23

729 519 784 564 et
811 501 1170 563 Parisiensem
1192 506 1486 563 editionem
1518 505 1746 560 multum
1767 505 2101 561 discriminis
2127 506 2329 577 passim
2348 505 2614 572 occurrit,
2654 513 2709 562 et
2735 507 2943 562 idcirco
2985 507 3198 562 etiamsi
3249 509 3499 567 Latinam
3543 511 3801 569 Gemiani
3835 513 3972 570 lier-

731 595 842 650 reti
871 595 1197 662 versionem,
1231 595 1408 665 quoad
1438 593 1558 663 ejus
1595 593 1710 650 ﬁeri
1738 594 1938 661 potuit,
1964 594 2200 648 retinere
2222 594 2590 661 eniteremur;
2622 609 2742 650 eam
2770 605 2952 650 tamen
2982 598 3402 668 quamplurimis
3433 601 3487 655 in
3519 600 3656 657 locis
3691 602 3982 660 immutare

652 752 654 754 ν
730 682 906 742 coacti
927 696 1146 747 sumus,
1175 693 1234 736 ut
1262 682 1455 738 Graeco
1478 695 1600 736 eam
1635 681 1805 735 textui
1839 696 1868 733 a
1901 681 2060 735 nobis
2084 681 2234 736 edito
2264 683 2670 754 adaptaremus.
2708 685 2776 740 Et
2803 687 2893 742 ubi
2921 687 3223 745 Gentianus
3253 691 3520 748 Hervetns
3552 708 3773 749 sensum
3810 695 3983 752 alieno

720 768 816 840 jus
849 769 977 836 ioci,
1009 771 1155 842 quod
1179 784 1321 838 saepe
1346 769 1566 834 accidit,
1595 768 1737 834 male
1767 768 2056 833 intellexit,
2087 767 2173 824 vel
2203 769 2394 826 saltem
2434 787 2546 828 non
2584 772 2724 830 bene
2754 775 3049 843 expressit,
3087 793 3189 833 nos
3216 780 3524 834 versionem
3569 779 3688 849 ejus
3714 783 3976 839 emenda-

729 857 930 922 vimus,
960 867 1017 913 et
1045 857 1442 914 emendationis
1475 857 1781 928 istiusmodi
1807 856 2077 912 rationem
2106 858 2159 912 in
2191 859 2636 916 annotationibus
2663 871 2724 916 ut
2752 862 3044 931 plurimum
3077 865 3434 923 reddidimus.

766 992 771 996 .
803 945 1083 1001 iiactenus
1114 948 1180 1002 de
1201 945 1547 1012 Balsamone,
1573 954 1628 1000 et
1653 945 1884 1002 eruditis
1913 946 2034 1016 ejus
2083 946 2141 1001 in
2169 960 2409 1002 canones
2443 949 2877 1004 commentariis.
2905 948 3166 1021 Sequitur
3203 951 3472 1022 Zonaras,
3499 958 3591 1027 qui
3643 958 3744 1014 sub
3793 958 3981 1015 Alexio

727 1031 943 1088 Joanne
969 1033 1250 1090 Comoeno
1273 1033 1479 1099 ﬂoruit,
1513 1043 1570 1089 et
1592 1049 1835 1090 summos
1866 1034 1919 1088 in
1951 1033 2183 1104 imperio
2215 1032 2480 1096 Orientaii
2515 1037 2755 1094 honores
2783 1039 2954 1109 gessit
2984 1058 3000 1095 :
3031 1055 3160 1097 nam
3203 1058 3430 1115 magnus
3451 1045 3774 1119 drungarius
3803 1049 3982 1117 ﬁgite,

725 1131 783 1177 et
815 1124 1240 1190 protoasecretis
1263 1123 1382 1184 fuit.
1413 1122 1528 1178 sive
1554 1122 1764 1190 primus
1789 1137 1820 1177 a
1848 1123 2097 1177 secretis.
2134 1122 2262 1178 Post
2289 1124 2496 1193 aliquot
2528 1136 2708 1182 autem
2741 1142 2916 1184 annos
2947 1131 3290 1186 sacularium
3316 1143 3582 1208 pertaesus
3611 1136 3979 1205 negotiorum,

727 1209 794 1261 ad
821 1210 1180 1264 monasticam
1236 1209 1406 1263 vitam
1452 1209 1708 1275 secessit,
1763 1223 1925 1278 quam
1968 1210 2298 1276 transigens.
2343 1211 2512 1266 multa
2548 1214 2793 1281 scripsit,
2823 1216 3023 1284 quibus
3081 1225 3332 1286 posteros
3355 1219 3459 1275 sibi
3512 1221 3780 1289 obligatos
3812 1232 3982 1278 tenet.

725 1294 915 1351 Primo
935 1296 1084 1351 enim
1119 1294 1486 1352 universalem
1521 1296 1849 1366 conscripsit
1881 1296 2164 1351 historiam
2211 1311 2240 1350 a
2279 1297 2485 1353 mundo
2516 1301 2738 1369 condito
2773 1317 2949 1370 usque
2976 1306 3044 1358 ad
3078 1305 3255 1360 Alexii
3306 1305 3572 1363 COmneni
3611 1309 3981 1378 imperatoris,

723 1385 830 1440 sub
852 1399 964 1452 quo
995 1384 1155 1450 vixit,
1184 1385 1419 1449 obitum,
1451 1385 1552 1439 hoc
1583 1395 1693 1448 est,
1743 1399 1917 1452 usque
1959 1385 2024 1439 ad
2077 1399 2279 1439 annum
2331 1384 2546 1442 Domini
2592 1389 2753 1444 1118.
2785 1390 3105 1460 Elegantem
3124 1396 3292 1450 etiam
3315 1397 3620 1451 orationem
3649 1397 3980 1465 composuit,

721 1488 844 1542 qua
867 1473 1206 1536 inscribitur,
1223 1473 1475 1526 Ἰωάννου
1507 1473 1604 1527 τοῦ
1631 1475 1865 1543 Ζωναρᾶ
1886 1471 1983 1526 τοῦ
2009 1473 2297 1542 γεγονότος
2330 1474 2575 1542 μεγάλου
2597 1475 2966 1548 δρουγγαρξου
2997 1481 3094 1551 τῆς
3126 1482 3327 1552 Βίγλης
3356 1485 3454 1537 καὶ
3481 1488 3983 1555 πρωτοασηκρῆτις

721 1561 878 1629 λόγος
911 1559 1050 1631 πρὸς
1094 1560 1225 1624 τοὺς
1270 1560 1370 1632 τὴν
1401 1561 1642 1630 φυσικὴν
1670 1563 1771 1631 τῆς
1817 1562 1987 1631 γονῆς
2031 1560 2235 1632 ἑκροὴν
2269 1559 2374 1630 μίαι

2328 1561 2486 1630 ἀσμα
2546 1563 2913 1633 ἡγουμένους.
2947 1564 3178 1621 Joannis
3214 1565 3464 1636 Zonaras,
3488 1573 3669 1641 magni
3713 1573 3981 1640 quondam

719 1649 1001 1718 drungarii
1033 1648 1206 1717 aiglc,
1235 1658 1282 1703 et
1327 1649 1487 1718 primi
1527 1665 1560 1703 a
1601 1650 1816 1702 secretis
1867 1649 2042 1705 oratio
2071 1650 2141 1703 ad
2186 1664 2300 1714 eos,
2331 1651 2422 1718 qui
2455 1651 2755 1706 naturalem
2800 1654 3018 1709 seminis
3073 1653 3320 1727 efﬂuxum
3359 1659 3746 1714 immunditiem
3777 1661 3982 1715 existi-

721 1755 890 1798 mant.
929 1743 1122 1799 Exstat
1154 1744 1208 1798 in
1241 1741 1871 1800 Juris—Grcco-Romani
1899 1743 1996 1800 lib.
2027 1759 2081 1800 ν.
2116 1744 2258 1812 Quin
2291 1744 2455 1800 etiam
2486 1745 2756 1815 majorum
2789 1747 2943 1818 jussu
2982 1760 3038 1804 et
3077 1752 3376 1807 amicorum
3407 1768 3572 1810 suasu
3623 1755 3964 1825 compulsus,

722 1830 997 1886 canonico
1025 1830 1469 1900 Gracorumjuri
1503 1832 1917 1900 interpretando
1945 1834 2221 1903 egregiam
2245 1846 2470 1900 operam
2512 1836 2758 1901 navavit,
2789 1837 2934 1905 quod
2969 1837 3249 1893 eruditum
3277 1853 3417 1908 opus
3443 1854 3472 1893 a
3504 1854 3565 1894 se
3609 1842 3980 1913 conscriptum

717 1919 802 1973 sic
828 1919 1148 1986 inscripsit;
1182 1920 1482 1991 Ἐξήγησις
1511 1919 1623 1974 τῶν
1652 1920 1818 1990 ίερῶν
1858 1921 1954 1974 καὶ
1997 1920 2161 1974 θείων
2203 1920 2452 1977 κανόνων
2482 1922 2597 1978 τῶν
2636 1940 2698 1977 τε
2730 1925 2905 1994 ἁγίων
2943 1926 3039 1980 καὶ
3073 1925 3291 1982 σεπτῶν
3337 1928 3678 1994 ἀποστόλων,
3716 1929 3811 1983 καὶ
3865 1930 3982 1985 τῶν

721 2006 889 2079 ίερῶν
949 2007 1352 2078 οίκουμενικῶν
1399 2008 1656 2070 συνόδων,
1710 2008 1849 2063 ἁλλὰ
1891 2009 2000 2078 μὴν
2033 2009 2130 2062 καὶ
2168 2011 2280 2062 τῶν
2325 2009 2569 2062 τοπικῶν
2600 2010 2720 2081 ήτοι
2762 2012 3030 2082 μερικῶν,
3075 2015 3172 2067 καὶ
3203 2014 3412 2069 λοιπῶν
3447 2016 3623 2085 ἁγίων
3680 2017 3979 2088 Πατιρων,

717 2095 1018 2164 πονηθεῖσα
1060 2095 1283 2166 Ἰωάννῃ
1316 2096 1537 2166 μοναχῷ
1559 2097 1638 2167 τῷ
1662 2097 1912 2168 Ζωναρᾷ,
1930 2095 2010 2166 τῷ
2035 2095 2288 2164 γεγονότι
2314 2097 2540 2170 μεγάλῳ
2563 2098 2918 2171 δρουγγαρίφ
2941 2102 3040 2172 τῆς
3064 2102 3293 2173 Βίγλης,
3333 2103 3428 2158 καὶ
3457 2106 3980 2175 πρωτοασηκρῆτις.

718 2181 997 2250 Expositio
1028 2199 1303 2237 sacrorum
1346 2184 1742 2252 divinorumque
1773 2200 2062 2250 canonum,
2088 2193 2196 2237 tam
2222 2194 2529 2240 sanctorum
2557 2195 2608 2241 et
2638 2191 3055 2244 renerandorum
3085 2191 3482 2259 apostolorum,
3514 2209 3674 2261 quam
3703 2209 3982 2246 sacrarum

715 2274 1161 2325 tecumenicarum
1196 2272 1544 2341 synodorurn,
1573 2273 1666 2326 sed
1697 2283 1745 2326 ct
1778 2273 2030 2326 localium
2062 2275 2174 2328 sive
2195 2273 2622 2342 particulariuns,
2641 2277 3065 2347 reliquorumque
3101 2289 3408 2333 sanctorum
3434 2278 3682 2342 Patrum,
3706 2280 3982 2335 elaborata

717 2376 812 2429 per
839 2359 1103 2414 Joannem
1134 2358 1406 2414 Zonaram
1427 2362 1770 2428 monachum,
1809 2362 1899 2430 qui
1931 2361 2030 2428 fuit
2062 2361 2189 2414 olim
2219 2378 2443 2431 magnus
2483 2363 2813 2434 drungarius
2870 2366 3056 2436 rigla,
3085 2377 3133 2420 et
3160 2368 3365 2433 primus
3397 2382 3431 2419 a
3462 2368 3700 2422 secretis.
3735 2365 3840 2434 Ipsi
3881 2384 3982 2420 an-

725 2457 832 2500 tem
858 2448 1010 2517 operi
1037 2447 1178 2501 hanc
1207 2448 1582 2518 praefationem
1610 2449 1896 2517 praemisit,
1925 2463 2089 2517 quam
2121 2463 2219 2503 suo
2251 2449 2375 2505 loco
2407 2453 2834 2520 praetermissam
2879 2454 2971 2508 hic
2999 2468 3271 2524 apponere
3299 2455 3476 2510 visum
3505 2464 3612 2508 est.
3631 2454 3695 2507 'H
3741 2455 3978 2525 δήλωσις

713 2533 826 2587 τῶν
855 2533 1031 2602 λόγων
1057 2550 1150 2587 σου
1178 2537 1370 2603 φωτιεί
1393 2534 1490 2589 καὶ
1537 2538 1772 2588 συνετιετ
1795 2535 2047 2604 νηπίους,
2069 2536 2207 2606 πρὸς
2227 2536 2322 2589 τὸν
2340 2538 2476 2591 Θεόν
2501 2555 2669 2610 φησιν
2688 2542 2716 2594 ό
2738 2541 3048 2612 προφήτης,
3074 2542 3171 2595 καὶ
3199 2541 3487 2613 θεοπὰτωρ
3512 2543 3697 2598 Δαὸίδ.
3729 2544 3903 2611 Λόγος
3925 2545 3981 2597 δὲ

713 2623 812 2676 τοῦ
847 2623 987 2676 Θεοῦ
1015 2624 1243 2687 εἰκότως
1313 2622 1381 2676 ἄν
1429 2639 1517 2688 τις
1549 2624 1648 2677 καὶ
1675 2623 1746 2677 τὰ
1782 2624 1894 2678 τῶν
1945 2623 2111 2677 Θείων
2137 2625 2456 2679 ἀποστόλων
2500 2631 2598 2680 καὶ
2656 2628 2920 2699 Πατέρων
2978 2628 3259 2697 λογίσαιτο
3307 2630 3682 2700 διατάγματα,
3735 2631 3861 2684 ἔπει
3902 2631 3980 2700 τῷ

712 2710 845 2777 Osi-gi
885 2709 1168 2781 Πνεύματι
1225 2710 1585 2782 ἔνηχούμενοι
1645 2713 1849 2764 ἐκεῖνοι
1906 2712 2068 2764 ταυτὶ
2117 2712 2458 2776 διετάξαντο.
2502 2714 2570 2767 Ei
2594 2733 2681 2779 τις
2737 2715 2832 2769 οὖν
2879 2718 3174 2787 ποιήσαιτο
3218 2717 3319 2787 τὴν
3369 2719 3483 2772 τῶν
3535 2718 3697 2790 ίερῶν
3738 2719 3980 2773 κανόνων

715 2798 1037 2868 σαφήνειαν,
1090 2797 1187 2852 καὶ
1229 2798 1324 2852 τὴν
1354 2797 1564 2852 τούτων
1613 2797 1742 2852 νοῦν
1783 2798 2103 2864 ἀναπτύξας
2139 2799 2433 2869 δηλώσειε,
2477 2803 2673 2870 φωτιεῐ
2720 2803 2851 2867 τοὺς
2891 2803 2962 2856 δι’
3009 2805 3295 2876 ἁπλότητα
3333 2806 3431 2859 καὶ
3468 2806 3777 2862 ἁπλαστίαν
3832 2806 3981 2875 ὴθῶν

711 2885 1114 2957 νηπιάζοντας,
1139 2887 1232 2940 καὶ
1271 2887 1347 2957 μὴ
1384 2887 1704 2956 πεφυκότας
1748 2885 1846 2940 τοῦ
1890 2885 2093 2957 βάθους
2129 2886 2465 2951 ἐξικνεῖσθαι
2497 2887 2609 2943 τῶν
2635 2891 2884 2946 κανόνων
2921 2893 3032 2946 τῶν
3060 2894 3247 2964 ιερῶν.
3282 2895 3384 2949 Διὰ
3426 2895 3604 2948 ταῦτὰ
3655 2912 3747 2964 μοι
3800 2895 3986 2964 ἔγχει-

714 2976 913 3047 ρητέον
939 2975 1016 3044 τῷ
1043 2975 1217 3047 ἔργῳ,
1250 2975 1326 3039 ὡς
1365 2977 1446 3039 είς
1476 2975 1751 3044 ὠφέλειαν
1799 2977 1930 3036 ἴσως
1965 2975 2212 3047 ἐσομένῳ
2254 2976 2494 3040 πολλοῖς,
2543 2979 2644 3032 καὶ
2691 2977 2769 3042 ὡς
2815 2979 3052 3051 δύναμις
3107 2981 3320 3052 ἑκάστῃ
3369 2983 3604 3052 διαταγῇ
3648 2982 3761 3035 τῶν
3817 2983 3982 3053 ιερῶν

709 3065 1050 3130 ἀποστόλων,
1086 3065 1184 3119 καὶ
1223 3064 1441 3118 σεπτῶν
1485 3064 1772 3134 Πατέρων,
1835 3065 2043 3133 μᾶλλον
2093 3065 2301 3135 μέντοι,
2349 3064 2428 3130 ὡς
2469 3063 2539 3120 ἂν
2585 3064 2704 3136 δοίη
2756 3065 2920 3134 Θεὸς,
2964 3068 3276 3134 ἰδιάζουσαν
3331 3071 3587 3141 ποιητέον
3641 3070 3739 3124 καὶ
3792 3087 3984 3124 συντε-

710 3155 1007 3224 τμημένην
1036 3155 1328 3224 ἐξήγησιν.
1363 3153 1456 3223 Μή
1477 3147 1567 3214 ’τις
1605 3152 1664 3205 δέ
1697 3169 1788 3221 μοι
1823 3151 2120 3220 καταγνοίη
2163 3150 2534 3222 προπέτειαν*
2560 3154 2624 3207 οὐ
2667 3154 2779 3225 γὰρ
2807 3154 2904 3224 ἀφ’
2933 3156 3130 3211 ἑαυτοῦ
3150 3157 3228 3227 τῷ
3253 3159 3530 3229 πονήματι
3559 3158 3821 3229 ἐγχειρῶ,
3844 3157 3983 3212 ἁλλὰ

709 3241 1091 3312 παρακληθεὶς
1118 3240 1396 3309 ὑπέκυψα,
1416 3242 1512 3294 καὶ
1541 3239 1619 3310 τῷ
1644 3239 1794 3310 πόνῳ
1833 3240 2042 3294 δέδωκα
2073 3239 2329 3308 ὲμαυτδν,
2371 3239 2461 3294 ἵνα
2495 3240 2572 3310 μὴ
2601 3242 2670 3295 δι’
2716 3243 2986 3314 ἀνηκοΐαν
3042 3244 3383 3317 κατακριθῶ.
3431 3246 3740 3302 Deelaratio
3782 3263 3983 3302 sermo-

715 3346 846 3383 num
889 3340 1102 3384 tuorum
1133 3330 1428 3394 illuminat,
1461 3339 1510 3382 et
1540 3328 1867 3382 intellectum
1898 3328 1991 3381 dat
2018 3327 2277 3396 parvulis.
2314 3325 2445 3382 Hcce
2477 3327 2588 3384 Deo
2617 3330 2746 3385 dicit
2784 3334 3038 3402 propheta
3063 3343 3118 3388 et
3145 3336 3354 3390 divinus
3378 3345 3534 3403 pater
3572 3335 3769 3391 Dauid.
3803 3335 3975 3390 Porro

709 3417 810 3472 Dei
835 3431 1100 3473 sermones
1131 3417 1318 3470 merito
1349 3418 1467 3486 quis
1496 3425 1544 3471 et
1572 3415 1924 3484 probabiliter
1960 3416 2161 3469 dixerit
2192 3431 2308 3470 esse
2347 3415 2651 3472 divinorum
2677 3420 3037 3489 apostolorum
3065 3421 3392 3490 Petrumque
3421 3423 3824 3492 prccaptiones,
3853 3425 3978 3492 quia

707 3506 890 3559 divino
921 3507 1029 3573 ipsi
1061 3505 1228 3575 afflati
1271 3506 1513 3572 doctique
1545 3503 1750 3572 Spiritu
1783 3504 1882 3557 hoc
1911 3504 2281 3559 instituerunt.
2321 3501 2382 3558 Si
2411 3504 2529 3573 quis
2550 3505 2716 3574 igitur
2751 3506 3159 3562 elucidotionetn
3182 3524 3462 3563 sacrorum
3488 3526 3755 3564 canonum
3777 3512 3978 3581 fecerit,

707 3593 1117 3664 earumdemque
1144 3595 1463 3648 sententiam
1497 3609 1741 3648 reserans
1772 3591 2086 3655 declararit,
2123 3591 2205 3645 his
2241 3591 2450 3660 quidem
2476 3601 2617 3646 certe
2667 3593 2847 3649 lumen
2893 3596 3159 3661 intulerit,
3193 3596 3284 3666 qui
3318 3612 3413 3664 per
3439 3596 3834 3664 simplicitatem
3863 3613 3981 3651 mo-

708 3698 932 3751 rumque
956 3681 1243 3736 ruditatens
1273 3691 1398 3737 sunt
1429 3683 1569 3736 velut
1600 3680 1855 3749 infantes,
1887 3679 2032 3732 haud
2057 3679 2186 3733 dum
2215 3679 2348 3732 satis
2377 3679 2491 3749 apti
2513 3679 2566 3732 in
2601 3695 2881 3736 sacrorum
2921 3699 3185 3738 canonum
3223 3685 3648 3753 profunditatem
3680 3694 3978 3752 penetrare.

708 3766 1002 3838 Propterea
1055 3768 1186 3822 mihi
1235 3767 1551 3822 sumendum
1582 3767 1686 3837 fuit
1720 3767 1819 3820 hoc
1858 3782 1988 3833 opus
2019 3766 2074 3819 in
2119 3782 2332 3832 manus,
2368 3774 2427 3818 ut
2455 3766 2575 3820 usui
2607 3765 2840 3834 fartasse
2890 3768 3133 3838 futurum
3190 3770 3395 3836 multis,
3439 3779 3496 3823 ut
3537 3772 3702 3825 etiam
3727 3788 3825 3841 pro
3864 3789 3980 3826 mea

706 3858 850 3912 ririli
883 3860 950 3913 sit
1002 3873 1330 3928 unaquaque
1362 3871 1639 3910 sacrorum
1680 3854 2044 3924 apostolorum
2097 3852 2427 3923 Petrumque
2485 3852 2908 3910 venerandorum
2959 3857 3239 3929 dispositio
3289 3867 3438 3925 nota,
3478 3860 3712 3913 maxime
3743 3861 3978 3928 quidem,

704 3959 861 4022 prout
892 3949 1098 4004 dederit
1131 3951 1240 4018 ipse
1271 3947 1437 4013 Deus,
1471 3948 1796 4017 peculiarem
1824 3945 2352 4013 compendiosamque
2396 3941 2599 4012 faciens
2645 3947 3061 4003 enarrationem.
3105 3946 3306 4002 Nullus
3339 3960 3512 4004 autem
3549 3965 3631 4005 me
3667 3952 3980 4006 condemnet

705 4039 1004 4096 insolentia:
1039 4038 1115 4093 vel
1147 4037 1492 4092 temeritatis.
1525 4035 1636 4090 Nec
1659 4037 1800 4091 enim
1825 4052 1942 4090 mea
1976 4041 2161 4102 sponte
2186 4031 2359 4085 labori
2383 4047 2574 4088 ntanus
2616 4034 2883 4090 admolior
2902 4051 2927 4122 ,ξ
2954 4035 3047 4091 sed
3085 4045 3307 4108 rogatus
3341 4040 3714 4106 obsecundavi,
3740 4041 3979 4108 negotio-

705 4144 805 4198 que
834 4144 916 4182 nte
945 4126 1094 4194 dedi,
1125 4143 1188 4180 ne
1221 4123 1876 4195 propter‘inobedientiam
1900 4137 2242 4193 coarguerer.

777 4243 836 4298 In
875 4243 1027 4298 hisce
1056 4247 1239 4296 autem
1273 4239 1501 4296 scholiis
1527 4238 1582 4292 in
1617 4251 1856 4294 canones
1877 4237 2297 4305 componendis,
2333 4237 2562 4294 Zonaras
2603 4238 2750 4296 aliud
2790 4246 2958 4309 atque
2987 4237 3296 4306 Baisamoni
3333 4240 3672 4309 propositum
3723 4239 3847 4298 fuit.
3880 4239 3979 4296 Hic

705 4332 855 4388 enim
890 4329 1070 4386 civilis
1097 4343 1256 4397 asque
1275 4343 1341 4383 ac
1371 4325 1618 4382 canonici
1640 4325 1781 4394 juris
1807 4325 2270 4390 consultissimus,
2294 4328 2582 4397 utriusque
2639 4327 2989 4383 concordiam
3016 4328 3386 4397 persequitur,
3413 4337 3740 4398 apparentes
3770 4330 3980 4384 discre-

710 4423 928 4491 pantias
960 4419 1261 4490 componit,
1299 4427 1354 4474 et
1386 4418 1682 4474 canonicas
1706 4417 2038 4488 qiixstiones
2077 4432 2106 4471 a
2145 4432 2207 4474 se
2243 4427 2423 4475 motas
2452 4415 2731 4471 multoties
2761 4414 2939 4470 solvit.
2982 4415 3051 4469 At
3079 4413 3326 4469 Zonaras
3355 4429 3385 4470 e
3423 4425 3628 4499 contra
3656 4416 3788 4486 ipsis
3813 4433 3978 4473 cano-

712 4526 842 4567 num
865 4509 1052 4565 verbis
1082 4516 1139 4564 et
1164 4506 1351 4563 sensui
1381 4507 1807 4575 interpretandis
1833 4506 2027 4561 stricte
2056 4503 2321 4573 adhaeret,
2357 4518 2484 4560 raro
2513 4503 2806 4558 admodum
2830 4502 2898 4557 ad
2931 4502 3122 4558 civiles
3149 4502 3297 4569 leges
3328 4502 3662 4572 digrediens.
3701 4501 3840 4558 Hinc
3875 4506 3974 4570 _iit,

705 4592 853 4672 quod
886 4600 1174 4654 Balsamon
1204 4606 1378 4651 totum
1407 4596 1637 4650 Zonaras
1668 4595 2126 4651 commentarium
2161 4596 2388 4650 totidem
2419 4607 2813 4662 nonnunquam
2843 4591 3028 4646 verbis
3052 4593 3418 4658 transcribet;
3448 4591 3783 4659 superﬂuum
3815 4594 3978 4647 nimi-

707 4706 827 4745 rum
849 4689 1129 4759 judicans,
1157 4686 1260 4741 alia
1291 4683 1520 4740 Zonarm
1546 4683 1708 4739 dictis
1741 4682 1964 4749 addere,
2006 4697 2130 4738 cum
2174 4683 2309 4736 nihil
2342 4685 2396 4736 in
2437 4681 2531 4735 tali
2563 4693 2776 4735 canone
2821 4687 3103 4744 occurrat,
3136 4679 3204 4734 tle
3244 4693 3355 4748 quo
3383 4694 3447 4734 ex
3485 4679 3698 4747 legibus
3741 4681 3976 4752 politicis

704 4788 760 4835 et
819 4777 1192 4846 imperiliabus
1237 4773 1721 4830 constitutionibus
1749 4771 2048 4841 disputatio
2082 4771 2428 4838 instituatur,
2483 4769 2588 4824 hoc
2615 4777 2721 4833 est,
2765 4767 2901 4822 nihil
2929 4766 3078 4837 quod
3110 4767 3178 4822 ad
3209 4781 3367 4823 suum
3402 4768 3742 4836 propositum
3788 4771 3962 4840 perti-

706 4875 852 4923 neat.
879 4867 1125 4922 Subinde
1153 4865 1320 4920 eliam
1353 4862 1582 4918 Zmiarze
1625 4861 2138 4931 interpretationem
2179 4860 2357 4914 celato
2398 4857 2621 4911 nomine
2655 4855 3020 4925 perstringit;
3057 4869 3234 4924 neque
3286 4854 3439 4909 ullibi
3470 4855 3592 4925 ejus
3636 4858 3972 4911 mentionem

706 4957 861 5020 iacit,
894 4965 1258 5027 praeterquam
1287 4951 1702 5008 commentariis
1725 4950 1792 5005 ad
1810 4949 2098 5019 epistolam
2125 4948 2448 5002 canonicam
2472 4948 2645 5003 sancti
2668 4946 2950 5001 Athanasii
2983 4947 3050 5000 ad
3075 4947 3350 5010 Ammum,
3375 4947 3466 5001 ubi
3485 4961 3608 5001 eum
3633 4955 3790 5001 vocat
3809 4947 3978 5018 ὑπερ-

705 5048 1011 5116 φυέστατον
1073 5046 1283 5098 ἐκεῖνον
1320 5042 1603 5112 Ζωναρίν,
1632 5054 1836 5093 summe
1887 5037 2358 5091 excellentissimum

2322 5052 2387 5089 tm
2418 5036 2572 5090 illum
2619 5032 2914 5099 lanarum,
2947 5047 3184 5104 eumque
3239 5035 3438 5087 dictam
3471 5033 3759 5104 epistolam
3795 5035 3975 5104 σοφῶς

705 5139 802 5192 καὶ
842 5132 1203 5206 ὑπερδεξίως,
1227 5132 1324 5186 καὶ
1344 5131 1420 5195 ὡς
1439 5131 1542 5183 οὐκ
1577 5129 1645 5184 ἁν
1677 5144 1760 5192 τις
1793 5127 2144 5197 κρειττόνως,
2175 5127 2355 5193 sapien

2324 5132 2464 5187 nter,
2491 5128 2540 5175 et
2565 5120 2952 5190 peraptissime,
2981 5127 3138 5190 atque
3178 5120 3256 5174 ita
3289 5133 3344 5174 ut
3377 5135 3528 5173 nemo
3567 5120 3776 5189 melius,
3812 5123 3977 5175 inter-

704 5233 976 5294 pretatum
1008 5237 1136 5278 esse
1162 5220 1421 5274 afﬁrmat.
1815 5302 1850 5306 _
2159 5300 2173 5306 _
2234 5300 2266 5306 __
2420 5297 2469 5306 __
2534 5297 2547 5306 _
2681 5295 2714 5306 ,,
2764 5303 2772 5306 Α
2973 5295 2984 5306 ,
3126 5293 3160 5306 ,.
3340 5293 3354 5306 .
3911 5294 3943 5306 ..

777 5311 919 5379 Quin
969 5310 1134 5366 etiam
1179 5308 1474 5363 Mattlueus
1515 5306 1787 5360 Blastarcs
1814 5302 2047 5358 Zonara:
2097 5300 2304 5355 scholia
2348 5297 2584 5352 subinde
2647 5295 2802 5358 citat,
2838 5295 3059 5349 nomine
3087 5293 3254 5349 etiam
3305 5293 3428 5363 ejus
3475 5309 3866 5363 nonnunquam
3910 5294 3976 5347 iis

706 5402 951 5474 praeﬁxo,
985 5409 1045 5456 ut
1076 5399 1160 5454 lit.
1195 5397 1259 5466 E,
1283 5413 1404 5465 cap.
1437 5397 1498 5451 11
1529 5413 1543 5449 :
1577 5396 1640 5449 Ei
1691 5396 1874 5464 μήπου
1926 5408 2014 5454 τις
2069 5393 2238 5456 sinos,
2264 5391 2294 5443 ὁ
2326 5387 2356 5440 ὖ

2326 5386 2620 5457 ὑπερφυὴς
2670 5384 2730 5438 δὲ
2774 5382 2938 5438 τοῦτό
2963 5400 3098 5453 φησι
3153 5384 3435 5452 Ζωναρᾶς,
3470 5381 3554 5436 Ne
3607 5383 3743 5450 forte
3781 5383 3975 5436 dixerit

705 5473 993 5562 quispiam,
1025 5489 1246 5560 insignis
1281 5497 1456 5540 autent
1488 5485 1586 5537 hoc
1623 5483 1754 5536 dicit
1784 5480 2051 5546 Zonaras,
2087 5480 2296 5534 scilicet
2335 5480 2388 5533 in
2424 5493 2547 5548 syn.
2578 5474 2840 5532 Chalced.
2876 5490 3000 5529 can.
3030 5473 3123 5528 ‘28.
3157 5474 3310 5562 Alias
3343 5489 3469 5562 raro
3523 5473 3830 5562 invenimus
3859 5473 3976 5562 haec

706 5559 938 5634 Zonaras
997 5577 1389 5632 commentaria
1440 5575 1508 5628 ab
1557 5571 1853 5641 antiquiori
1889 5569 2072 5637 aliquo
2120 5566 2372 5631 laudata;
2409 5565 2512 5619 nisi
2548 5565 2693 5635 quod
2732 5577 3036 5632 anonymus
3076 5561 3299 5629 quidam
3338 5575 3370 5614 a
3407 5559 3590 5616 Leone
3642 5560 3866 5625 Aliatio,
3904 5559 3978 5613 De

709 5680 966 5740 perpetua
1008 5667 1355 5722 consensione
1383 5662 1638 5717 Ecclesia
1671 5657 2034 5716 Occidentalis
2069 5665 2118 5710 et
2157 5654 2477 5720 Orientalis,
2507 5653 2602 5707 lib.
2637 5667 2696 5716 ll,
2727 5665 2848 5720 cap.
2883 5649 2971 5740 ii),
3003 5651 3224 5740 citatus,
3266 5647 3389 5740 haec
3412 5649 3480 5703 de
3498 5649 3579 5740 iis
3606 5649 3802 5740 habent
3832 5667 3847 5704 :
3873 5648 3978 5740 Τξ·

707 5735 957 5822 λευταῖος
1007 5756 1066 5810 δὲ
1116 5755 1336 5809 πάντων
1384 5752 1480 5805 καὶ
1531 5751 1559 5802 ὁ
1596 5746 1914 5816 θαυμαστὸς
1955 5745 2217 5815 Ζωναρᾶς
2271 5741 2506 5812 μοναχὸς
2550 5741 2808 5808 Ἰωάννης
2854 5739 2980 5800 τοὺς
3011 5737 3194 5808 θείους
3247 5737 3343 5790 καὶ
3376 5736 3559 5808 ἱεροὺς
3603 5735 3838 5798 κανόνας
3866 5736 3976 5789 τῶν

712 5851 885 5919 ἁγίων
937 5845 1034 5902 καὶ
1100 5841 1482 5915 πανιυφήμων
1523 5836 1865 5906 ἀποστόλων,
1929 5834 2023 5890 καὶ
2083 5832 2194 5890 τῶν
2239 5832 2381 5889 ἑπτὰ
2431 5831 2605 5902 ἁγίων
2625 5824 3106 5919 ψοίκουμενικῶνλ
3140 5825 3397 5894 συνόδων,
3446 5827 3539 5882 καί
3594 5826 3814 5882 πάντων
3867 5823 3979 5895 τῶν
