4186 6438
229 426 289 489 29
1252 434 1459 497 GUIL.
1489 432 1903 494 BEVEREGll
1946 433 2037 493 PR
2057 433 2354 494 EFATIO.
3386 432 3456 491 30

228 543 389 608 ἁγίων
440 541 702 611 Πατάρων
740 545 901 610 ἡμῶν
936 545 1255 611 σαφέστατα
1298 548 1391 599 καὶ
1422 546 1797 599 εὐλαϐέστατα
1844 543 2279 613 ἐξηγησάμενος,
2316 542 2408 595 καὶ
2444 542 2681 611 οὐδαμοῦ
2720 542 2810 595 τὸν
2840 541 3029 594 retium
3055 540 3128 604 ὡς
3159 539 3448 609 ὀροόόοξον

224 629 464 697 ὠνόμασε
492 644 509 661 ⁸
567 630 770 697 μᾶλλον
806 631 861 682 δὲ
906 632 999 682 καὶ
1028 632 1104 699 τῷ
1145 632 1445 699 ἀναθέματι
1500 632 1874 683 καθυπέεα).εν
1913 635 2037 693 τοὺς
2090 634 2156 684 τὰ
2196 633 2319 698 ὅρια
2372 631 2630 699 Πατέρων
2689 632 3038 691 σαλεύοντας.
3070 630 3164 681 καὶ⁵
3196 628 3454 695 domat.-

224 715 509 778 ποιοῦντας
534 716 644 768 τῶν
676 716 837 769 Θείων
867 717 1132 773 κανόνων.
1167 718 1417 774 Omnium
1455 734 1572 773 vero
1621 730 1877 784 postrema

1797 737 1935 783 ntus,
1965 730 2009 771 et
2067 719 2395 771 admirabilis
2434 719 2523 770 ille
2572 716 2806 770 Joannes
2850 716 3088 770 Zonaras
3142 716 3450 778 monachus,

224 808 420 861 diuinos
453 825 741 879 sacrosque
770 828 997 865 canones
1028 826 1334 867 sanctorum
1377 824 1425 867 et
1459 814 1842 882 perillustrium
1882 815 2263 881 apostolorum,
2317 822 2366 866 et
2406 824 2593 879 septem
2643 822 2946 865 sanctarum
2991 812 3437 864 mcumenicorum

223 897 558 962 synodorum,
591 909 639 951 et
684 901 916 952 omnium
966 912 1270 955 sanctorum
1302 902 1523 955 Patrum
1578 912 1900 963 nostrorum,
1935 902 2226 955 clarissime
2254 910 2302 954 et
2334 902 2561 968 piissime
2610 902 3011 975 interpretatus,
3053 899 3199 949 nullo
3247 897 3299 948 in
3338 896 3449 946 loco

228 997 412 1049 papam
444 984 795 1037 orthodoxam
825 988 1026 1039 vocavit
1052 1002 1071 1039 :
1105 990 1193 1039 sed
1224 1003 1312 1041 eos
1346 988 1539 1052 potius,
1574 990 1663 1055 qui
1697 991 1946 1041 terminos
1989 988 2209 1041 Patrum
2254 998 2631 1048 transmovent,
2660 998 2705 1039 et
2755 1002 2935 1039 sacros
2982 1001 3204 1037 canones
3238 997 3451 1051 perver-

225 1080 361 1133 ttmt,
394 1072 722 1125 anathemati
765 1074 1007 1142 subjecit.
1038 1075 1114 1127 Ex
1148 1089 1259 1143 quo
1293 1084 1471 1128 tamen
1506 1090 1614 1129 uno
1650 1075 1963 1129 testimonio
1994 1076 2124 1128 satis
2156 1074 2373 1127 abunde
2414 1083 2652 1140 constat,
2680 1073 2868 1144 quanti
2914 1072 3028 1126 haec
3063 1086 3328 1124 canonum
3356 1084 3455 1122 ex-

225 1157 415 1224 positio
448 1172 477 1210 a
510 1157 718 1214 Joanne
750 1158 961 1213 Zonora
988 1160 1289 1225 elaborata,
1327 1162 1469 1230 apud
1502 1161 1720 1215 Graecos
1741 1177 1871 1216 suos
1895 1162 2163 1213 aestimata
2204 1161 2391 1213 fuerit.

289 1244 444 1309 Quod
470 1248 537 1299 ad
570 1248 779 1316 priores
814 1249 1008 1301 horum
1041 1247 1268 1302 Zonaras
1292 1249 1343 1302 in
1377 1264 1619 1301 canones
1646 1251 2157 1303 commentariorum
2209 1247 2473 1301 editiones
2515 1256 2745 1314 spectat,
2775 1246 2950 1313 primo
2992 1245 3209 1313 quidem
3242 1242 3446 1297 scholia

222 1334 331 1397 eius
361 1334 413 1387 iu
443 1349 685 1390 canones
716 1338 1087 1403 apostolorum
1121 1338 1230 1390 sola
1267 1336 1463 1391 Latine
1517 1352 1672 1391 versa
1701 1348 1755 1390 et
1782 1338 1834 1390 in
1867 1337 2039 1389 lucent
2072 1336 2266 1389 emissa
2301 1346 2426 1389 sunt
2464 1350 2605 1389 anno
2645 1333 2855 1387 Domini
2896 1333 3032 1387 1558
3063 1349 3157 1398 per
3184 1331 3445 1384 Joannem

223 1420 567 1485 Quintinum,
607 1424 659 1475 in
689 1424 977 1477 Academia
1008 1423 1298 1478 Psrisiensi
1328 1425 1464 1491 juris
1488 1425 1734 1478 canonici
1782 1433 1909 1477 tunc
1936 1425 2200 1493 temporis
2233 1425 2620 1491 professorem.
2664 1424 2855 1476 Postea
2889 1422 3156 1474 Antonius
3190 1420 3443 1471 Sattnalia

220 1509 643 1562 commentarios
698 1510 814 1577 ejus
842 1511 1003 1563 etiam
1048 1511 1101 1564 in
1158 1526 1394 1565 canones
1420 1512 1773 1565 conciliorum
1820 1512 2011 1564 Latine
2046 1528 2229 1566 versos
2291 1514 2457 1565 edidit
2493 1511 2799 1570 Mediolani.
2850 1524 2992 1562 anno
3039 1508 3247 1560 Domini
3284 1507 3443 1559 1618.

228 1591 431 1646 Latina-
463 1597 619 1662 cujus
666 1598 901 1650 versioni
940 1601 1302 1667 typographus
1334 1597 1663 1651 Parisiensis
1685 1598 1934 1652 Grascum
1970 1602 2131 1651 etiam
2173 1609 2376 1652 textum
2401 1615 2464 1651 ex
2494 1600 2681 1651 codice
2719 1611 2819 1648 ms.
2858 1595 2908 1647 in
2944 1596 3265 1647 bibliotheca
3304 1597 3446 1661 regis

218 1681 668 1737 Christianissimi
701 1694 940 1749 erutum,
969 1686 1195 1749 addidit,
1215 1693 1275 1739 et
1300 1685 1574 1753 evulgavit
1599 1685 1823 1738 Lutetia:
1848 1684 2176 1739 Parisiorum
2210 1701 2350 1737 anno
2378 1686 2585 1738 Domini
2616 1685 2772 1737 llil8.
2808 1682 2911 1734 Sed
2937 1682 3111 1732 adhuc
3143 1682 3444 1733 desiderata

217 1779 371 1823 erant
399 1773 792 1824 commentaria
816 1772 935 1840 ejus
968 1772 1019 1826 in
1052 1774 1343 1827 canonicas
1381 1784 1694 1826 sanctorum
1733 1772 1951 1825 Patrum
1994 1773 2271 1841 epistolas,
2310 1787 2427 1838 qnze
2459 1783 2744 1840 propterea
2792 1770 2990 1823 ibidem
3024 1770 3286 1835 impressa
3316 1778 3443 1818 sunt

215 1871 315 1909 una
343 1871 468 1911 cum
495 1858 553 1913 S.
574 1859 823 1927 Gregorii
852 1859 1312 1916 Neocmsariensis
1353 1862 1471 1914 sive
1498 1860 1913 1930 'l'haumaturgi,
1947 1859 2163 1914 Macarii
2195 1859 2459 1929 Egyptii,
2487 1868 2540 1911 et
2584 1858 2764 1911 Basilii
2804 1856 2961 1910 H522.
2998 1854 3146 1908 Adeo
3176 1864 3235 1906 ut
3263 1854 3443 1907 omnia

214 1943 437 1997 Zonarse
465 1946 516 1998 itt
557 1962 795 2000 canones
824 1950 1238 2008 commentaria.
1275 1958 1398 2003 ante
1429 1948 1567 2001 hanc
1599 1959 1838 2002 nostram
1880 1963 2065 2001 eorum
2098 1948 2390 2001 editionem
2418 1945 2805 2006 Oxoniensetn,
2841 1944 3001 1997 simul
3028 1940 3273 2009 nnspiam
3316 1954 3441 2005 pro-

211 2031 428 2084 dierint.
464 2033 541 2085 Ad
570 2034 708 2087 hanc
741 2044 924 2087 autem
960 2034 1333 2089 exornandam
1377 2036 1693 2096 editionem,
1724 2050 1831 2087 non
1882 2036 2042 2088 modo
2070 2035 2405 2087 variantibus
2461 2032 2779 2086 lectionibus
2809 2047 2874 2085 ex
2931 2031 3116 2083 codice
3149 2028 3365 2081 llenriei
3403 2026 3443 2081 ll

212 2117 512 2188 insignibus
540 2133 756 2186 ornato,
789 2133 842 2176 et
873 2139 936 2175 ex
971 2124 1138 2177 altero
1178 2124 1267 2178 illo
1296 2124 1522 2191 Augusti
1551 2123 1822 2188 Gallaudi,
1858 2124 1910 2176 in
1965 2120 2261 2174 Parisiensi
2302 2120 2422 2172 foro
2451 2119 2719 2184 advocati,
2754 2120 2804 2169 in
2842 2118 3211 2186 supplemento
3247 2116 3310 2167 ad
3348 2113 3449 2165 Pa-

211 2206 491 2262 risiensem
522 2210 812 2265 editionem
835 2212 1094 2272 collectis.
1126 2213 1208 2266 usi
1241 2228 1448 2277 sumus,
1483 2227 1668 2266 verum
1700 2213 1863 2265 etiam
1890 2209 2196 2263 consultum
2228 2208 2423 2261 ivimus
2456 2207 2734 2275 antiquum
2769 2220 2869 2257 ms.
2899 2204 3138 2257 codicem
3171 2204 3220 2256 in
3254 2203 3444 2256 biblio-

210 2295 364 2347 theca
406 2307 593 2349 nosna
632 2297 947 2360 Bodleiana,
978 2314 1087 2367 quo
1116 2316 1304 2353 omnes
1339 2301 1608 2354 habentur
1638 2298 2009 2369 apostolorum
2035 2311 2273 2351 canones
2318 2311 2421 2348 una
2455 2309 2574 2348 cum
2608 2293 2832 2346 Zonara:
2857 2301 2911 2344 et
2934 2292 3270 2344 Balsatnonis
3296 2305 3445 2342 com-

212 2382 494 2436 mentariis
518 2384 583 2436 iis
607 2386 854 2438 annexis.
882 2382 1109 2438 Summo
1140 2395 1321 2439 autem
1355 2397 1678 2440 ornamento
1701 2387 1825 2439 huic
1840 2395 2052 2439 nosme
2084 2384 2305 2437 editioni
2339 2383 2465 2444 fuit.
2501 2382 2668 2442 codex
2699 2381 2785 2433 ille
2816 2378 3285 2432 Αηιθτιηδειιῖίιηυε
3316 2390 3442 2428 "me

208 2478 691 2532 commemoratus,
713 2486 775 2524 ex
812 2488 921 2540 quo
959 2473 1231 2528 variantes
1273 2474 1533 2528 lectiones
1560 2488 1655 2539 per
1688 2477 1940 2527 universo
1974 2472 2201 2527 Zonaras
2240 2488 2346 2526 non
2379 2485 2536 2526 secus
2565 2486 2627 2524 ac
2658 2470 2997 2523 Balsamonis
3022 2466 3440 2526 commentaria,

211 2555 547 2610 clarissimus
576 2558 678 2620 vir,
710 2557 831 2612 Joh.
863 2557 998 2612 Rod.
1035 2559 1371 2615 Wetstenius
1400 2562 1765 2629 supradictus,
1804 2563 2085 2616 nobiscum
2115 2563 2518 2615 communicare
2543 2562 2795 2628 dignatus
2824 2569 2929 2614 est.
2955 2558 3162 2623 Quibus
3194 2554 3446 2610 omnibus

208 2642 490 2696 codicibus
525 2660 733 2697 summa
772 2646 1049 2714 diligentia
1082 2658 1133 2700 et
1158 2647 1418 2701 ﬁdelitate
1448 2648 1591 2701 inter
1620 2648 1678 2702 s'c
1707 2647 1942 2713 collatis,
1974 2648 2214 2716 perfecta
2241 2648 2459 2701 tandem
2491 2655 2546 2700 et
2569 2647 2835 2717 completa
2872 2645 3095 2699 Joannis
3124 2644 3348 2696 Zonarre
3387 2643 3443 2695 in

206 2740 392 2783 omnes
425 2734 819 2797 apostolorum,
858 2735 1237 2796 conciliorum,
1275 2745 1329 2786 et
1361 2732 1580 2786 Patrum
1613 2750 1847 2789 canones
1877 2736 2287 2799 commentaria,
2323 2750 2425 2788 una
2460 2750 2579 2788 cum
2632 2735 2902 2802 prioribus
2938 2733 3145 2787 Latims
3172 2730 3441 2785 versioui-

204 2815 324 2880 bus,
354 2820 454 2871 sed
478 2817 781 2873 innumeris
807 2820 858 2873 in
884 2820 1015 2875 locis
1050 2823 1369 2885 emendatis,
1401 2832 1453 2874 et
1476 2820 1666 2876 Grmco
1692 2824 1859 2876 textui
1894 2824 2051 2893 longe
2092 2824 2677 2877 accommodatioribus
2710 2822 2945 2877 edimus.

276 2934 404 2989 Post
442 2936 775 2992 Balsamonis
809 2949 859 2992 et
900 2937 1123 2994 Zonarie
1157 2942 1565 3004 commentaria,
1598 2942 1832 3010 epitome
1867 2944 2129 3011 cujusque
2177 2943 2425 3003 canonis,
2479 2950 2534 2996 et
2584 2925 2755 2994 Al'cxii
2808 2939 3043 2993 Aristeni
3100 2937 3152 2990 in
3201 2934 3442 2989 eamdem

204 3020 415 3075 scholia
450 3024 552 3076 hoc
578 3038 744 3090 opere
774 3027 1124 3083 exhibentur.
1157 3026 1429 3093 Quantum
1462 3030 1635 3096 primo
1667 3028 1729 3080 ad
1768 3044 2032 3083 canonum
2083 3030 2355 3099 epitomen
2408 3040 2636 3099 spectat,
2685 3044 2747 3081 ea
2793 3028 2987 3097 partim
3029 3026 3079 3079 in
3125 3023 3445 3076 Bibliotheca

203 3108 352 3163 luris
403 3113 648 3165 canonici
704 3115 888 3168 veteris
948 3115 1091 3168 edita
1134 3125 1238 3178 est,
1296 3116 1455 3184 idque
1507 3116 1609 3171 sub
1641 3117 1811 3185 ipsius
1839 3117 2012 3170 Alexii
2054 3118 2292 3171 Aristeni
2327 3117 2564 3182 nomine,
2621 3117 2843 3185 perinde
2889 3114 3140 3168 nimirum
3192 3126 3256 3165 ac
3311 3110 3354 3163 si
3399 3111 3445 3169 is

203 3198 474 3267 epitomcs
500 3202 656 3256 istius
682 3214 873 3257 auctor
905 3204 1115 3258 iuis'Set.
1154 3202 1258 3257 Sed
1296 3204 1464 3258 multa
1500 3215 1646 3269 sunt,
1680 3219 1797 3273 quae
1831 3205 1915 3259 isti
1947 3204 2183 3273 Opinioui
2218 3202 2578 3273 refragantur.
2621 3205 2815 3258 Eadem
2848 3202 2991 3255 enim
3022 3199 3277 3269 epitome,
3320 3197 3446 3251 licet

203 3285 306 3338 alio
334 3287 691 3342 conciliorum
723 3289 916 3344 ordine
946 3290 1255 3355 observato,
1286 3292 1448 3345 etiam
1480 3291 1733 3361 Symeoni
1767 3292 2077 3362 Logotheta:
2104 3294 2157 3347 in
2202 3294 2389 3347 eadem
2439 3293 2769 3346 Bibliotheca
2822 3288 3155 3344 attribuitur.
3212 3288 3283 3340 At
3329 3285 3441 3338 veri

207 3386 433 3439 prorsus
464 3374 728 3430 dissimile
761 3385 865 3441 est,
898 3388 954 3431 ut
984 3380 1145 3432 ambo
1179 3393 1418 3433 canones
1450 3379 1500 3432 in
1533 3380 1801 3446 epitomen
1832 3380 2134 3450 retligentes
2167 3380 2219 3431 in
2265 3381 2453 3433 eadem
2489 3380 2651 3433 verba
2687 3377 3083 3444 conspirarent.
3127 3373 3233 3427 Nec
3288 3373 3443 3425 video

203 3459 453 3525 quidem,
488 3477 593 3529 quo
620 3463 743 3530 jure
775 3463 886 3517 ha~c
916 3464 1161 3531 epitome
1198 3466 1393 3519 utrivis
1422 3480 1608 3519 eorum
1653 3466 1973 3519 ascribatnr.
2005 3467 2148 3520 Sane
2197 3465 2385 3520 Alexio
2429 3466 2680 3519 Aristeno
2731 3464 2930 3519 ascribi
2988 3461 3194 3531 nequit,
3244 3460 3442 3527 quippe

204 3547 295 3614 qui
329 3561 454 3600 eam
486 3562 873 3617 nonnunquam
912 3549 1206 3617 redarguit,
1255 3560 1308 3604 et
1341 3562 1618 3606 auctorem
1661 3552 1798 3617 eius,
1848 3552 2155 3621 quicunque
2212 3554 2425 3605 demum
2485 3554 2529 3608 is
2579 3552 2759 3615 fuerit,
2812 3566 3075 3605 canonem
3135 3564 3239 3601 non
3298 3557 3441 3600 recte

204 3633 540 3688 intellexisse
595 3634 809 3696 asserit,
873 3644 932 3688 ut
990 3635 1044 3688 in
1105 3636 1330 3689 scholiis
1381 3639 1496 3707 ejus
1555 3640 1619 3691 ad
1682 3639 1948 3706 epitomen
1991 3640 2215 3693 canonis
2277 3640 2553 3707 apostolici
2609 3654 2748 3692 Lxxv
2800 3639 2953 3704 dicit,
2982 3636 3042 3691 '0
3070 3638 3162 3690 τὸν
3197 3636 3440 3706 παρόντα

203 3720 500 3788 συνοψίσας
523 3720 723 3773 κανόνα
752 3722 813 3774 οὐ
868 3720 1053 3784 καλῶς
1091 3722 1280 3775 τοῦτον
1311 3724 1521 3792 ἐνόησε,
1555 3725 1659 3789 Qui
1697 3742 1856 3795 synon

1786 3727 1941 3791 tamin
1981 3728 2253 3793 prazsentis
2290 3728 2504 3779 canonis
2536 3728 2683 3795 fecit,
2713 3741 2828 3779 eum
2863 3741 2963 3776 non
2996 3725 3118 3777 bene
3143 3721 3393 3775 intellexit
3422 3735 3439 3772 :

202 3817 253 3859 et
284 3810 348 3861 ad
374 3810 650 3877 epitomen
680 3809 1062 3863 undevicesimi
1096 3811 1318 3864 canonis
1347 3815 1532 3881 synodi
1566 3815 1855 3883 Ancyraqu

1787 3829 1857 3875 ll.,
1886 3814 1979 3872 ait,
2026 3812 2083 3865 Ὀ
2112 3814 2242 3880 γοῦν
2283 3814 2573 3882 auuol/lca;
2599 3814 2690 3866 τὸν
2716 3814 2959 3881 παρόντα
2989 3810 3189 3863 κανόνα
3217 3809 3309 3861 τὸν
3343 3807 3440 3874 μὲν

203 3893 259 3945 ιν
292 3894 494 3948 πλάτει
517 3894 772 3963 κείμενον
804 3896 1116 3964 ἀφορισμὸν
1146 3898 1256 3949 τῶν
1285 3898 1649 3968 διγάμων,τῷ
1695 3900 1976 3953 ἀθετοῦντι
2026 3901 2125 3971 τὴν
2164 3903 2469 3971 παρθενίαν
2516 3902 2855 3973 παρέδραμε,
2914 3899 3016 3964 Qui
3056 3898 3215 3966 hujus
3269 3896 3442 3961 itaque

202 3984 425 4035 canonis
459 3984 709 4051 synovsin
750 3982 895 4049 fecit,
925 3985 1255 4051 digamoruin
1290 3987 1697 4055 segregotionem
1736 3988 1789 4039 in
1819 3988 2106 4041 latitudine
2140 3992 2362 4055 positam
2395 3991 2445 4043 in
2495 4008 2613 4044 eum
2644 3992 2734 4059 qui
2762 3989 3033 4042 caelibatus
3068 3985 3440 4053 professionem

200 4071 417 4123 irritam
463 4072 605 4140 fecit,
650 4071 947 4124 transtulit.
984 4071 1133 4125 Adeo
1163 4082 1220 4125 ut
1264 4072 1379 4128 sole.
1410 4074 1708 4127 meridiano
1735 4075 1933 4128 clarius
1968 4076 2260 4139 elucescat,
2305 4077 2551 4132 Alexium
2610 4078 2918 4132 Aristenum
2964 4075 3122 4143 hujus
3170 4082 3439 4127 canonum

203 4159 476 4224 epitomes
510 4166 791 4212 auctorem
828 4173 933 4213 non
964 4158 1158 4215 fuisse.

270 4267 533 4332 Quisnam
568 4267 751 4335 itaque
779 4267 1038 4335 epitomes
1068 4267 1228 4337 hujus
1260 4270 1374 4323 sive
1414 4269 1839 4324 abbreviationis
1870 4284 2135 4323 canonum
2167 4278 2359 4324 auctor
2389 4269 2509 4329 fuit.
2558 4269 2736 4322 minus
2772 4277 3106 4333 compertum
3155 4263 3438 4316 habemus.

204 4351 312 4407 [loc
341 4353 536 4407 saltem
574 4362 826 4406 constare
858 4354 1094 4419 videtur,
1134 4355 1275 4424 quod
1308 4370 1367 4409 ea
1421 4358 1508 4409 ditt
1558 4369 1680 4411 ante
1726 4358 2032 4410 Aristenmn
2087 4356 2361 4409 memoriae
2403 4356 2747 4409 sublevanda:
2806 4369 2966 4407 causa
3015 4350 3263 4405 conlecta
3319 4346 3437 4409 luit,

204 4450 365 4507 atque
404 4440 539 4493 adeo
570 4448 630 4491 ut
660 4454 1045 4508 nonnunquam
1092 4445 1257 4495 totius
1290 4444 1528 4508 cujusvis
1578 4445 1803 4497 canonis
1836 4444 2007 4495 vicem
2048 4442 2337 4509 suppleret,
2388 4442 2611 4509 ejusque
2666 4441 2782 4495 loco
2828 4442 3110 4491 citaretur.
3153 4434 3319 4499 Cujus
3362 4434 3437 4485 rei

202 4526 415 4581 illustre
439 4525 700 4579 habemus
728 4527 1033 4591 exemplum
1070 4528 1118 4579 in
1153 4527 1357 4581 Nicolai
1392 4528 1711 4598 llydrttntini
1745 4530 1856 4605 θίιυὶ
1889 4530 1989 4582 sub
2018 4528 2204 4582 Alexio
2232 4528 2437 4593 Angelo
2463 4527 2662 4594 ﬂoruit)
2698 4527 2902 4580 scholio
2941 4540 3007 4579 ex
3036 4523 3215 4577 Leone
3243 4522 3441 4572 Allatio

201 4613 455 4681 superius
485 4613 671 4675 citato,
704 4613 844 4679 quod
878 4612 955 4665 sic
986 4613 1195 4682 incipit,
1236 4614 1457 4683 Σχό).ιον
1504 4616 1775 4669 Νικολάου
1818 4619 1854 4668 'l

1818 4616 2296 4686 Ἰδροῦντος,περὶ
2326 4616 2651 4668 Κελεστίνου
2714 4614 2808 4665 καὶ
2870 4611 3167 4666 Κελεστίου
3232 4607 3429 4659 παπῶν

211 4700 457 4768 Ῥώμης.
526 4697 588 4749 ’0
624 4699 895 4766 εὑρίσκων
929 4700 986 4751 ὲν
1035 4699 1112 4768 τῷ
1152 4700 1296 4752 τέλει
1335 4701 1426 4754 τοῦ
1462 4706 1725 4769 τετάρτου
1768 4704 2011 4765 κανόνος,
2050 4705 2145 4772 τῆς
2197 4705 2253 4754 ὲν
2316 4702 2528 4770 Ἐφέσῳ
2584 4701 2748 4768 ἁγίας
2810 4699 3049 4760 συνόδου,
3085 4695 3282 4756 οἵτινες
3329 4692 3437 4741 τῶν

201 4786 483 4856 κληρικῶν
533 4785 912 4856 Κελεστίνῳῆ
973 4784 1251 4856 Νεστορίῳ
1318 4790 1776 4858 συμξρονήσωσιν
1853 4790 2197 4857 καθαιρετέοι
2235 4829 2248 4848 .
2322 4790 2403 4858 μὴ’
2458 4786 2883 4853 ἀναγινωσκέτω
2936 4783 3245 4848 Κε).εστίνῳ
3296 4778 3435 4847 μετὰ

200 4874 293 4925 τοῦ
329 4891 391 4939 ν,
422 4871 555 4924 ἀλλὰ
598 4872 874 4940 Κελεστίῳ
929 4875 1100 4943 χωρὶς
1159 4876 1249 4926 τοῦ
1301 4893 1355 4927 ν.
1406 4877 1471 4927 'U
1508 4876 1615 4952 γὰρ
1665 4877 1982 4938 Κελεστῖνος
2016 4878 2170 4942 Ξιγιος
2208 4872 2404 4952 ﬂuat
2470 4876 2749 4942 ὀρϐὀδοξος
2798 4875 2985 4934 acina;
3033 4872 3277 4937 Ῥώμης.
3320 4867 3348 4917 ὁ
3380 4865 3436 4916 δὲ

203 4961 495 5019 Κελέστιος
530 4954 597 5027 ἦν
624 4960 920 5027 αἰρετικός.
950 4959 1216 5014 Scholiunt
1268 4961 1477 5015 Nicolai
1517 4950 1839 5031 lly‘druntini

1788 4965 1839 5016 ni
1875 4964 1937 5015 de
1969 4962 2226 5016 Celestino
2258 4973 2304 5015 et
2332 4950 2563 5015 VCelestio
2592 4962 2737 5030 papis
2775 4959 3047 5013 Romanis.
3076 4958 3178 5021 Qui
3225 4952 3433 5023 offendit

204 5046 259 5098 in
295 5046 404 5114 ﬁne
438 5046 614 5112 quarti
645 5048 861 5099 canonis
898 5058 1093 5100 sanch
1128 5049 1403 5117 Ephesian
1432 5052 1641 5120 synodi,
1678 5051 1881 5113 clerici,
1917 5050 2005 5117 qui
2058 5051 2331 5103 Cele~tiu0
2370 5050 2483 5103 sive
2539 5049 2783 5103 Nestorio
2819 5046 3215 5103 consenserint,
3268 5042 3435 5105 depo-

204 5133 391 5195 nendi,
425 5148 486 5184 ne
517 5134 653 5199 legat
688 5133 944 5187 Celestino
978 5152 1092 5187 cum
1125 5152 1179 5197 n,
1208 5140 1297 5188 sed
1334 5138 1553 5190 (.‘elestio
1581 5140 1691 5190 sine
1721 5155 1773 5189 tt.
1812 5137 2056 5206 Namque
2087 5136 2383 5190 Celestinus
2414 5148 2627 5189 sanctus
2676 5144 2787 5189 erat
2838 5145 2887 5187 et
2934 5132 3257 5185 orthodoxus
3298 5145 3435 5198 papa

203 5217 403 5283 Roma',
436 5216 689 5273 Celestius
720 5236 893 5272 autem
919 5222 1206 5274 haereticus.
1237 5222 1337 5274 Ista
1372 5225 1512 5277 enim
1546 5227 1726 5289 verba,
1755 5226 1808 5277 οἵ
1832 5243 1856 5275 τ

1779 5226 1808 5277 »ἵ
1832 5243 1975 5287 τινες
2008 5228 2115 5275 τῶν
2147 5226 2427 5294 κληρικῶν
2474 5223 2785 5295 Κελεστίνῳ
2818 5223 2850 5293 ἢ
2882 5220 3157 5289 Νεστορίῳ
3184 5233 3432 5286 συμφρο-

204 5306 471 5374 νήσωσιν,
504 5306 870 5373 καθάιρετέοι,
906 5309 955 5360 in
990 5308 1107 5375 ipso
1135 5320 1331 5378 quarto
1358 5325 1563 5364 canone
1594 5313 1781 5379 synodi
1830 5312 1857 5363 E

1780 5344 1781 5347 η
1830 5312 2111 5380 Ephesius!
2158 5330 2263 5367 non
2316 5315 2695 5378 inveniuntur;
2748 5314 2840 5366 sed
2885 5314 2938 5366 in
2995 5312 3228 5378 epitome
3278 5307 3433 5358 istius

205 5391 429 5445 canonis
462 5407 622 5459 quam
656 5393 742 5445 hic
770 5394 1107 5457 exhibemus,
1142 5395 1361 5447 totidem
1398 5398 1575 5451 verbis
1605 5400 1886 5467 leguntur;
1913 5399 2016 5453 nisi
2050 5403 2190 5467 quod
2219 5418 2313 5469 pro
2345 5401 2399 5452 οἵ
2429 5418 2598 5465 τινες,
2634 5401 2685 5454 in
2721 5410 2907 5453 nostro
2938 5398 3123 5452 codice
3163 5394 3431 5447 levissima

204 5478 509 5532 mutatione
538 5480 808 5533 scribatur
837 5482 888 5532 εἰ
915 5498 1078 5543 τινες.
1127 5482 1279 5537 Unde
1312 5484 1485 5551 palam
1522 5496 1606 5538 est
1644 5488 1811 5554 ipsam
1847 5490 2113 5553 epitomen
2155 5488 2242 5541 hic
2270 5488 2449 5548 citari,
2483 5488 2643 5555 idque
2676 5492 2778 5541 sub
2811 5491 3025 5540 nomine
3060 5485 3224 5538 totius
3264 5496 3432 5533 cano-

205 5566 308 5618 nis.
342 5565 492 5619 Adeo
522 5576 578 5617 ut
611 5566 725 5620 haec
754 5581 1016 5620 canonum
1058 5570 1307 5638 synopsis
1351 5570 1484 5636 legis
1527 5574 1697 5624 vicem
1728 5575 1795 5627 iis
1827 5574 2161 5642 supplevisse
2213 5576 2481 5639 videatur,
2531 5576 2726 5643 quibus
2773 5576 2967 5642 integri
3018 5586 3255 5625 canones
3292 5567 3433 5621 haud

205 5661 404 5717 praesto
428 5661 632 5706 essent.
660 5653 725 5707 Et
753 5654 900 5718 hinc,
936 5656 988 5708 ni
1016 5655 1192 5717 fallor,
1225 5666 1328 5719 est,
1360 5660 1501 5725 quod
1535 5674 1675 5713 nunc
1704 5662 1877 5715 Alexii
1913 5664 2172 5725 Aristeni,
2206 5679 2345 5717 nunc
2368 5664 2657 5734 Symeonis
2685 5663 3019 5732 Logothctte,
3055 5671 3110 5713 et
3143 5656 3433 5725 aliquando

205 5737 431 5792 forsitan
462 5739 693 5793 aliorum
729 5743 944 5795 nomina
980 5743 1080 5797 sibi
1112 5744 1365 5813 inscripta
1399 5746 1614 5810 habeat,
1648 5762 1675 5799 a
1710 5750 1904 5814 quibus
1935 5750 1999 5802 ad
2049 5750 2313 5817 privatum
2368 5766 2523 5804 usum
2577 5751 2850 5818 descripta
2898 5748 3015 5802 fuit.
3065 5746 3157 5801 Vel
3202 5744 3429 5799 forsitan

205 5826 347 5893 quod
407 5826 637 5896 Symcon
698 5829 1015 5898 Logodtcta,
1076 5844 1179 5887 non
1240 5832 1417 5891 minus
1464 5850 1623 5901 quam
1682 5836 1901 5893 Alcxius
1963 5837 2266 5898 Aristenus.
2323 5837 2527 5895 scholia
2586 5839 2637 5893 in
2697 5854 2814 5893 eam
2864 5837 3051 5901 edidit,
3107 5849 3225 5904 qua:
3270 5832 3429 5887 modo
