  <div class='ocr_page' id='page_1' title='image "/cluster/home/n/w/nwhite01/storage/ocr_20150623/137/nnc1.0046979786/023.png"; bbox 0 0 4186 6438; ppageno 0'>
   <div class='ocr_carea' id='block_1_1' title="bbox 734 395 3982 484">
    <p class='ocr_par' dir='ltr' id='par_1_1' title="bbox 734 395 3982 484">
     <span class='ocr_line' id='line_1_1' title="bbox 734 395 3982 484; baseline 0.009 -28"><span class='ocrx_word' id='word_1_1' title='bbox 734 395 792 457; x_wconf 77' lang='grc'><strong>31</strong></span> <span class='ocrx_word' id='word_1_2' title='bbox 1805 408 2012 471; x_wconf 89' lang='lat' dir='ltr'><strong>GUIL.</strong></span> <span class='ocrx_word' id='word_1_3' title='bbox 2060 412 2476 474; x_wconf 74' lang='lat' dir='ltr'><strong>BEVEREGII</strong></span> <span class='ocrx_word' id='word_1_4' title='bbox 2513 416 2918 482; x_wconf 79' lang='lat' dir='ltr'><strong>PPCEFATIO.</strong></span> <span class='ocrx_word' id='word_1_5' title='bbox 3913 422 3982 484; x_wconf 71' lang='lat'><strong>32</strong></span> 
     </span>
    </p>
   </div>
   <div class='ocr_carea' id='block_1_2' title="bbox 738 511 3972 608">
    <p class='ocr_par' dir='ltr' id='par_1_2' title="bbox 738 511 3972 608">
     <span class='ocr_line' id='line_1_2' title="bbox 738 511 3972 608; baseline 0.008 -46"><span class='ocrx_word' id='word_1_6' title='bbox 738 511 1040 608; x_wconf 78' lang='lat' dir='ltr'><strong>perierunt.</strong></span> <span class='ocrx_word' id='word_1_7' title='bbox 1101 513 1168 570; x_wconf 83' lang='lat' dir='ltr'><strong>Et</strong></span> <span class='ocrx_word' id='word_1_8' title='bbox 1214 531 1313 572; x_wconf 93' lang='lat' dir='ltr'><strong>nos</strong></span> <span class='ocrx_word' id='word_1_9' title='bbox 1363 520 1509 574; x_wconf 90' lang='lat' dir='ltr'><strong>enim</strong></span> <span class='ocrx_word' id='word_1_10' title='bbox 1564 522 1809 580; x_wconf 83' lang='lat' dir='ltr'><strong>Aristeni</strong></span> <span class='ocrx_word' id='word_1_11' title='bbox 1849 541 2041 583; x_wconf 84' lang='lat' dir='ltr'><strong>nomen</strong></span> <span class='ocrx_word' id='word_1_12' title='bbox 2073 531 2436 600; x_wconf 84' lang='lat' dir='ltr'><strong>ad&#39;epitomen</strong></span> <span class='ocrx_word' id='word_1_13' title='bbox 2470 548 2536 590; x_wconf 90' lang='lat' dir='ltr'><strong>eo</strong></span> <span class='ocrx_word' id='word_1_14' title='bbox 2571 543 2776 589; x_wconf 87' lang='lat' dir='ltr'><strong>tantum</strong></span> <span class='ocrx_word' id='word_1_15' title='bbox 2819 534 3036 592; x_wconf 84' lang='lat' dir='ltr'><strong>nomine</strong></span> <span class='ocrx_word' id='word_1_16' title='bbox 3091 537 3441 607; x_wconf 63' lang='lat' dir='ltr'><strong>pratlisimus,</strong></span> <span class='ocrx_word' id='word_1_17' title='bbox 3495 537 3642 608; x_wconf 89' lang='lat' dir='ltr'><strong>quod</strong></span> <span class='ocrx_word' id='word_1_18' title='bbox 3710 535 3802 591; x_wconf 90' lang='lat' dir='ltr'><strong>ille</strong></span> <span class='ocrx_word' id='word_1_19' title='bbox 3855 551 3972 591; x_wconf 89' lang='lat' dir='ltr'><strong>eam</strong></span> 
     </span>
    </p>
   </div>
   <div class='ocr_carea' id='block_1_3' title="bbox 736 608 1260 664">
    <p class='ocr_par' dir='ltr' id='par_1_3' title="bbox 736 608 1260 664">
     <span class='ocr_line' id='line_1_3' title="bbox 736 608 1260 664; baseline 0.015 -15"><span class='ocrx_word' id='word_1_20' title='bbox 736 608 1124 664; x_wconf 81' lang='lat' dir='ltr'><strong>tttlerprctatlts</strong></span> <span class='ocrx_word' id='word_1_21' title='bbox 1157 612 1260 658; x_wconf 79' lang='lat' dir='ltr'><strong>est.</strong></span> 
     </span>
    </p>
   </div>
   <div class='ocr_carea' id='block_1_4' title="bbox 815 686 3979 783">
    <p class='ocr_par' dir='ltr' id='par_1_4' title="bbox 815 686 3979 783">
     <span class='ocr_line' id='line_1_4' title="bbox 815 686 3979 783; baseline 0.009 -46"><span class='ocrx_word' id='word_1_22' title='bbox 815 686 974 783; x_wconf 71' lang='lat' dir='ltr'><strong>istam</strong></span> <span class='ocrx_word' id='word_1_23' title='bbox 1007 700 1182 742; x_wconf 86' lang='lat' dir='ltr'><strong>autem</strong></span> <span class='ocrx_word' id='word_1_24' title='bbox 1212 693 1490 762; x_wconf 90' lang='lat' dir='ltr'><strong>antiquam</strong></span> <span class='ocrx_word' id='word_1_25' title='bbox 1520 712 1786 753; x_wconf 88' lang='lat' dir='ltr'><strong>canonum</strong></span> <span class='ocrx_word' id='word_1_26' title='bbox 1819 702 2282 761; x_wconf 88' lang='lat' dir='ltr'><strong>abbreviationcm</strong></span> <span class='ocrx_word' id='word_1_27' title='bbox 2313 707 2495 778; x_wconf 92' lang='lat' dir='ltr'><strong>magni</strong></span> <span class='ocrx_word' id='word_1_28' title='bbox 2524 705 2650 762; x_wconf 91' lang='lat' dir='ltr'><strong>olim</strong></span> <span class='ocrx_word' id='word_1_29' title='bbox 2681 706 2880 762; x_wconf 76' lang='lat' dir='ltr'><strong>tactam</strong></span> <span class='ocrx_word' id='word_1_30' title='bbox 2916 708 3105 776; x_wconf 83' lang='lat' dir='ltr'><strong>fuisse,</strong></span> <span class='ocrx_word' id='word_1_31' title='bbox 3137 728 3205 768; x_wconf 80' lang='lat' dir='ltr'><strong>ex</strong></span> <span class='ocrx_word' id='word_1_32' title='bbox 3231 726 3296 766; x_wconf 90' lang='lat' dir='ltr'><strong>eo</strong></span> <span class='ocrx_word' id='word_1_33' title='bbox 3327 721 3560 776; x_wconf 77' lang='lat' dir='ltr'><strong>constat,</strong></span> <span class='ocrx_word' id='word_1_34' title='bbox 3588 713 3732 782; x_wconf 90' lang='lat' dir='ltr'><strong>quod</strong></span> <span class='ocrx_word' id='word_1_35' title='bbox 3757 709 3979 766; x_wconf 80' lang='lat' dir='ltr'><strong>Alcxius</strong></span> 
     </span>
    </p>
   </div>
   <div class='ocr_carea' id='block_1_5' title="bbox 735 772 3976 867">
    <p class='ocr_par' dir='ltr' id='par_1_5' title="bbox 735 772 3976 867">
     <span class='ocr_line' id='line_1_5' title="bbox 735 772 3976 867; baseline 0.008 -42"><span class='ocrx_word' id='word_1_36' title='bbox 735 772 1021 867; x_wconf 76' lang='lat' dir='ltr'><strong>Aristenus</strong></span> <span class='ocrx_word' id='word_1_37' title='bbox 1055 787 1266 830; x_wconf 87' lang='lat' dir='ltr'><strong>tantum</strong></span> <span class='ocrx_word' id='word_1_38' title='bbox 1304 795 1484 846; x_wconf 64' lang='lat' dir='ltr'><strong>Operae</strong></span> <span class='ocrx_word' id='word_1_39' title='bbox 1510 795 1560 838; x_wconf 89' lang='lat' dir='ltr'><strong>et</strong></span> <span class='ocrx_word' id='word_1_40' title='bbox 1589 785 1792 841; x_wconf 88' lang='lat' dir='ltr'><strong>laboris</strong></span> <span class='ocrx_word' id='word_1_41' title='bbox 1822 787 1873 840; x_wconf 92' lang='lat' dir='ltr'><strong>in</strong></span> <span class='ocrx_word' id='word_1_42' title='bbox 1901 803 1962 843; x_wconf 87' lang='lat' dir='ltr'><strong>ea</strong></span> <span class='ocrx_word' id='word_1_43' title='bbox 1996 772 2842 862; x_wconf 63' lang='lat' dir='ltr'><strong>interpretandaconsumpserit.</strong></span> <span class='ocrx_word' id='word_1_44' title='bbox 2871 796 3058 867; x_wconf 83' lang='lat' dir='ltr'><strong>Neque</strong></span> <span class='ocrx_word' id='word_1_45' title='bbox 3089 772 3235 853; x_wconf 84' lang='lat' dir='ltr'><strong>enim</strong></span> <span class='ocrx_word' id='word_1_46' title='bbox 3266 799 3318 854; x_wconf 94' lang='lat' dir='ltr'><strong>in</strong></span> <span class='ocrx_word' id='word_1_47' title='bbox 3355 815 3414 854; x_wconf 89' lang='lat' dir='ltr'><strong>re</strong></span> <span class='ocrx_word' id='word_1_48' title='bbox 3444 772 3622 854; x_wconf 43' lang='lat' dir='ltr'><strong>nihili.</strong></span> <span class='ocrx_word' id='word_1_49' title='bbox 3651 815 3710 855; x_wconf 88' lang='lat' dir='ltr'><strong>se</strong></span> <span class='ocrx_word' id='word_1_50' title='bbox 3745 809 3854 854; x_wconf 91' lang='lat' dir='ltr'><strong>tam</strong></span> <span class='ocrx_word' id='word_1_51' title='bbox 3889 799 3976 852; x_wconf 91' lang='lat' dir='ltr'><strong>diu</strong></span> 
     </span>
    </p>
   </div>
   <div class='ocr_carea' id='block_1_6' title="bbox 740 860 3977 956">
    <p class='ocr_par' dir='ltr' id='par_1_6' title="bbox 740 860 3977 956">
     <span class='ocr_line' id='line_1_6' title="bbox 740 860 3977 956; baseline 0.009 -47"><span class='ocrx_word' id='word_1_52' title='bbox 740 860 1055 956; x_wconf 77' lang='lat' dir='ltr'><strong>exercuisse</strong></span> <span class='ocrx_word' id='word_1_53' title='bbox 1083 870 1386 956; x_wconf 80' lang='lat' dir='ltr'><strong>censendus</strong></span> <span class='ocrx_word' id='word_1_54' title='bbox 1414 878 1518 924; x_wconf 91' lang='lat' dir='ltr'><strong>est.</strong></span> <span class='ocrx_word' id='word_1_55' title='bbox 1570 871 1680 927; x_wconf 87' lang='lat' dir='ltr'><strong>Nec</strong></span> <span class='ocrx_word' id='word_1_56' title='bbox 1706 888 1895 941; x_wconf 87' lang='lat' dir='ltr'><strong>parum</strong></span> <span class='ocrx_word' id='word_1_57' title='bbox 1943 878 2068 930; x_wconf 89' lang='lat' dir='ltr'><strong>huic</strong></span> <span class='ocrx_word' id='word_1_58' title='bbox 2103 893 2200 945; x_wconf 94' lang='lat' dir='ltr'><strong>pro</strong></span> <span class='ocrx_word' id='word_1_59' title='bbox 2235 881 2458 949; x_wconf 86' lang='lat' dir='ltr'><strong>antiqua</strong></span> <span class='ocrx_word' id='word_1_60' title='bbox 2505 860 2666 950; x_wconf 84' lang='lat' dir='ltr'><strong>hujus</strong></span> <span class='ocrx_word' id='word_1_61' title='bbox 2709 860 2982 950; x_wconf 79' lang='lat' dir='ltr'><strong>epitomes</strong></span> <span class='ocrx_word' id='word_1_62' title='bbox 3030 889 3357 942; x_wconf 89' lang='lat' dir='ltr'><strong>auctoritate</strong></span> <span class='ocrx_word' id='word_1_63' title='bbox 3408 898 3730 956; x_wconf 82' lang='lat' dir='ltr'><strong>argumento</strong></span> <span class='ocrx_word' id='word_1_64' title='bbox 3781 887 3977 942; x_wconf 78' lang='lat' dir='ltr'><strong>exinde</strong></span> 
     </span>
    </p>
   </div>
   <div class='ocr_carea' id='block_1_7' title="bbox 736 947 3977 1041">
    <p class='ocr_par' dir='ltr' id='par_1_7' title="bbox 736 947 3977 1041">
     <span class='ocr_line' id='line_1_7' title="bbox 736 947 3977 1041; baseline 0.01 -44"><span class='ocrx_word' id='word_1_65' title='bbox 736 947 1022 1041; x_wconf 51' lang='lat' dir='ltr'><strong>accrescit,</strong></span> <span class='ocrx_word' id='word_1_66' title='bbox 1056 952 1199 1041; x_wconf 84' lang='lat' dir='ltr'><strong>quod</strong></span> <span class='ocrx_word' id='word_1_67' title='bbox 1234 952 1518 1011; x_wconf 76' lang='lat' dir='ltr'><strong>Aristenus</strong></span> <span class='ocrx_word' id='word_1_68' title='bbox 1555 973 1672 1012; x_wconf 87' lang='lat' dir='ltr'><strong>eam</strong></span> <span class='ocrx_word' id='word_1_69' title='bbox 1704 963 1925 1018; x_wconf 83' lang='lat' dir='ltr'><strong>scholiis</strong></span> <span class='ocrx_word' id='word_1_70' title='bbox 1954 964 2225 1019; x_wconf 78' lang='lat' dir='ltr'><strong>illustrare</strong></span> <span class='ocrx_word' id='word_1_71' title='bbox 2253 947 2502 1036; x_wconf 85' lang='lat' dir='ltr'><strong>dignatus</strong></span> <span class='ocrx_word' id='word_1_72' title='bbox 2536 947 2641 1032; x_wconf 64' lang='lat' dir='ltr'><strong>est,</strong></span> <span class='ocrx_word' id='word_1_73' title='bbox 2671 947 2838 1024; x_wconf 79' lang='lat' dir='ltr'><strong>etiam</strong></span> <span class='ocrx_word' id='word_1_74' title='bbox 2873 983 2993 1039; x_wconf 85' lang='lat' dir='ltr'><strong>post</strong></span> <span class='ocrx_word' id='word_1_75' title='bbox 3044 973 3316 1041; x_wconf 83' lang='lat' dir='ltr'><strong>divulgata</strong></span> <span class='ocrx_word' id='word_1_76' title='bbox 3359 947 3570 1030; x_wconf 72' lang='lat' dir='ltr'><strong>erudita</strong></span> <span class='ocrx_word' id='word_1_77' title='bbox 3617 977 3707 1030; x_wconf 91' lang='lat' dir='ltr'><strong>illa</strong></span> <span class='ocrx_word' id='word_1_78' title='bbox 3753 975 3977 1030; x_wconf 78' lang='lat' dir='ltr'><strong>Joannis</strong></span> 
     </span>
    </p>
   </div>
   <div class='ocr_carea' id='block_1_8' title="bbox 741 1030 3973 1128">
    <p class='ocr_par' dir='ltr' id='par_1_8' title="bbox 741 1030 3973 1128">
     <span class='ocr_line' id='line_1_8' title="bbox 741 1030 3973 1128; baseline 0.009 -45"><span class='ocrx_word' id='word_1_79' title='bbox 741 1030 974 1089; x_wconf 64' lang='lat' dir='ltr'><strong>Zonaras</strong></span> <span class='ocrx_word' id='word_1_80' title='bbox 1003 1037 1054 1128; x_wconf 80' lang='lat' dir='ltr'><strong>in</strong></span> <span class='ocrx_word' id='word_1_81' title='bbox 1091 1039 1331 1128; x_wconf 81' lang='lat' dir='ltr'><strong>integros</strong></span> <span class='ocrx_word' id='word_1_82' title='bbox 1362 1058 1598 1128; x_wconf 83' lang='lat' dir='ltr'><strong>canones</strong></span> <span class='ocrx_word' id='word_1_83' title='bbox 1623 1053 2034 1116; x_wconf 88' lang='lat' dir='ltr'><strong>commentaria,</strong></span> <span class='ocrx_word' id='word_1_84' title='bbox 2069 1055 2357 1111; x_wconf 85' lang='lat' dir='ltr'><strong>Aristenus</strong></span> <span class='ocrx_word' id='word_1_85' title='bbox 2386 1056 2528 1109; x_wconf 86' lang='lat' dir='ltr'><strong>enim</strong></span> <span class='ocrx_word' id='word_1_86' title='bbox 2562 1055 2770 1110; x_wconf 87' lang='lat' dir='ltr'><strong>Zonara</strong></span> <span class='ocrx_word' id='word_1_87' title='bbox 2801 1060 3072 1128; x_wconf 84' lang='lat' dir='ltr'><strong>posterior</strong></span> <span class='ocrx_word' id='word_1_88' title='bbox 3101 1061 3318 1124; x_wconf 88' lang='lat' dir='ltr'><strong>claruit,</strong></span> <span class='ocrx_word' id='word_1_89' title='bbox 3371 1063 3463 1117; x_wconf 90' lang='lat' dir='ltr'><strong>sed</strong></span> <span class='ocrx_word' id='word_1_90' title='bbox 3495 1063 3738 1116; x_wconf 86' lang='lat' dir='ltr'><strong>anterior</strong></span> <span class='ocrx_word' id='word_1_91' title='bbox 3784 1063 3973 1115; x_wconf 82' lang='lat' dir='ltr'><strong>Balsa-</strong></span> 
     </span>
    </p>
   </div>
   <div class='ocr_carea' id='block_1_9' title="bbox 735 1121 3973 1216">
    <p class='ocr_par' dir='ltr' id='par_1_9' title="bbox 735 1121 3973 1216">
     <span class='ocr_line' id='line_1_9' title="bbox 735 1121 3973 1216; baseline 0.011 -50"><span class='ocrx_word' id='word_1_92' title='bbox 735 1131 923 1214; x_wconf 66' lang='lat' dir='ltr'><strong>moue,</strong></span> <span class='ocrx_word' id='word_1_93' title='bbox 959 1121 1260 1216; x_wconf 41' lang='lat' dir='ltr'><strong>vel-saltem</strong></span> <span class='ocrx_word' id='word_1_94' title='bbox 1295 1127 1481 1216; x_wconf 84' lang='lat' dir='ltr'><strong>eadem</strong></span> <span class='ocrx_word' id='word_1_95' title='bbox 1526 1139 1702 1183; x_wconf 65' lang='lat' dir='ltr'><strong>aetate.</strong></span> <span class='ocrx_word' id='word_1_96' title='bbox 1750 1133 2038 1189; x_wconf 86' lang='lat' dir='ltr'><strong>Balsamon</strong></span> <span class='ocrx_word' id='word_1_97' title='bbox 2090 1139 2231 1192; x_wconf 90' lang='lat' dir='ltr'><strong>enim</strong></span> <span class='ocrx_word' id='word_1_98' title='bbox 2283 1154 2403 1196; x_wconf 86' lang='lat' dir='ltr'><strong>cum</strong></span> <span class='ocrx_word' id='word_1_99' title='bbox 2448 1121 2892 1199; x_wconf 68' lang='lat' dir='ltr'><strong>commemoravit</strong></span> <span class='ocrx_word' id='word_1_100' title='bbox 2942 1146 2995 1200; x_wconf 95' lang='lat' dir='ltr'><strong>in</strong></span> <span class='ocrx_word' id='word_1_101' title='bbox 3058 1162 3156 1202; x_wconf 87' lang='lat' dir='ltr'><strong>sua</strong></span> <span class='ocrx_word' id='word_1_102' title='bbox 3204 1150 3342 1202; x_wconf 71' lang='lat' dir='ltr'><strong>sexti</strong></span> <span class='ocrx_word' id='word_1_103' title='bbox 3408 1150 3628 1203; x_wconf 84' lang='lat' dir='ltr'><strong>canonis</strong></span> <span class='ocrx_word' id='word_1_104' title='bbox 3693 1146 3973 1216; x_wconf 85' lang='lat' dir='ltr'><strong>apostolici</strong></span> 
     </span>
    </p>
   </div>
   <div class='ocr_carea' id='block_1_10' title="bbox 735 1209 2388 1303">
    <p class='ocr_par' dir='ltr' id='par_1_10' title="bbox 735 1209 2378 1303">
     <span class='ocr_line' id='line_1_10' title="bbox 735 1209 2378 1303; baseline 0.014 -48"><span class='ocrx_word' id='word_1_105' title='bbox 735 1209 1220 1303; x_wconf 61' lang='lat' dir='ltr'><strong>interpretatione,</strong></span> <span class='ocrx_word' id='word_1_106' title='bbox 1284 1212 1369 1264; x_wconf 92' lang='lat' dir='ltr'><strong>ubi</strong></span> <span class='ocrx_word' id='word_1_107' title='bbox 1433 1215 1552 1278; x_wconf 87' lang='lat' dir='ltr'><strong>ait,</strong></span> <span class='ocrx_word' id='word_1_108' title='bbox 1608 1217 1728 1270; x_wconf 76' lang='grc' dir='ltr'><strong>Ὅτι</strong></span> <span class='ocrx_word' id='word_1_109' title='bbox 1795 1222 1888 1273; x_wconf 79' lang='grc' dir='ltr'><strong>καὶ</strong></span> <span class='ocrx_word' id='word_1_110' title='bbox 1939 1222 2031 1274; x_wconf 85' lang='grc' dir='ltr'><strong>τὸν</strong></span> <span class='ocrx_word' id='word_1_111' title='bbox 2077 1225 2378 1294; x_wconf 81' lang='grc' dir='ltr'><strong>ὑπέρτιμον</strong></span> 
     </span>
    </p>
   </div>
   <div class='ocr_carea' id='block_1_11' title="bbox 2322 1209 3975 1303">
    <p class='ocr_par' dir='ltr' id='par_1_11' title="bbox 2322 1209 3975 1303">
     <span class='ocr_line' id='line_1_11' title="bbox 2322 1209 3975 1303; baseline 0.004 -25"><span class='ocrx_word' id='word_1_112' title='bbox 2322 1243 2378 1278; x_wconf 86' lang='grc' dir='ltr'><strong>ον</strong></span> <span class='ocrx_word' id='word_1_113' title='bbox 2439 1231 2646 1280; x_wconf 77' lang='grc' dir='ltr'>ἐκεῖνον</span> <span class='ocrx_word' id='word_1_114' title='bbox 2697 1230 2791 1283; x_wconf 72' lang='grc' dir='ltr'><strong>καὶ</strong></span> <span class='ocrx_word' id='word_1_115' title='bbox 2827 1231 3000 1300; x_wconf 73' lang='grc' dir='ltr'>μέγαν</span> <span class='ocrx_word' id='word_1_116' title='bbox 3030 1233 3336 1301; x_wconf 74' lang='grc' dir='ltr'>οἰκονόμον,</span> <span class='ocrx_word' id='word_1_117' title='bbox 3384 1235 3477 1287; x_wconf 77' lang='grc' dir='ltr'><strong>τὸν</strong></span> <span class='ocrx_word' id='word_1_118' title='bbox 3523 1209 3842 1303; x_wconf 61' lang='grc' dir='ltr'><strong>Ἀριστῆνδν</strong></span> <span class='ocrx_word' id='word_1_119' title='bbox 3888 1233 3975 1285; x_wconf 75' lang='grc' dir='ltr'>διὰ</span> 
     </span>
    </p>
   </div>
   <div class='ocr_carea' id='block_1_12' title="bbox 735 1292 3973 1390">
    <p class='ocr_par' dir='ltr' id='par_1_12' title="bbox 735 1292 3973 1390">
     <span class='ocr_line' id='line_1_12' title="bbox 735 1292 3973 1390; baseline 0.009 -45"><span class='ocrx_word' id='word_1_120' title='bbox 735 1292 1229 1390; x_wconf 50' lang='grc' dir='ltr'><strong>’ξριακονοηξῗὲρων</strong></span> <span class='ocrx_word' id='word_1_121' title='bbox 1290 1298 1733 1390; x_wconf 51' lang='grc' dir='ltr'><strong>ἑτειφωνημάτων</strong></span> <span class='ocrx_word' id='word_1_122' title='bbox 1786 1307 1954 1375; x_wconf 84' lang='grc' dir='ltr'>τριῶν</span> <span class='ocrx_word' id='word_1_123' title='bbox 1986 1292 2376 1381; x_wconf 65' lang='grc' dir='ltr'><strong>ὲπεφωνήσοιτο</strong></span> <span class='ocrx_word' id='word_1_124' title='bbox 2434 1317 2468 1384; x_wconf 84' lang='grc' dir='ltr'>ἡ</span> <span class='ocrx_word' id='word_1_125' title='bbox 2529 1316 2661 1383; x_wconf 82' lang='grc' dir='ltr'><strong>ἁγία</strong></span> <span class='ocrx_word' id='word_1_126' title='bbox 2716 1292 2933 1382; x_wconf 70' lang='grc' dir='ltr'><strong>σύνοδοξ</strong></span> <span class='ocrx_word' id='word_1_127' title='bbox 2999 1292 3348 1390; x_wconf 24' lang='grc' dir='ltr'><strong>ἀποσχέοθατι</strong></span> <span class='ocrx_word' id='word_1_128' title='bbox 3412 1324 3508 1375; x_wconf 82' lang='grc' dir='ltr'>τοῦ</span> <span class='ocrx_word' id='word_1_129' title='bbox 3570 1292 3973 1376; x_wconf 69' lang='grc' dir='ltr'><strong>έικαιόδοτικοῦ</strong></span> 
     </span>
    </p>
   </div>
   <div class='ocr_carea' id='block_1_13' title="bbox 734 1377 3974 1477">
    <p class='ocr_par' dir='ltr' id='par_1_13' title="bbox 734 1377 3974 1477">
     <span class='ocr_line' id='line_1_13' title="bbox 734 1377 3974 1477; baseline 0.01 -48"><span class='ocrx_word' id='word_1_130' title='bbox 734 1377 1285 1477; x_wconf 29' lang='lat' dir='ltr'><strong>operulou..NamAet</strong></span> <span class='ocrx_word' id='word_1_131' title='bbox 1318 1385 1777 1477; x_wconf 60' lang='lat' dir='ltr'><strong>incomparabilem</strong></span> <span class='ocrx_word' id='word_1_132' title='bbox 1807 1392 1983 1458; x_wconf 90' lang='lat' dir='ltr'><strong>illum,</strong></span> <span class='ocrx_word' id='word_1_133' title='bbox 2022 1406 2070 1449; x_wconf 84' lang='lat' dir='ltr'><strong>et</strong></span> <span class='ocrx_word' id='word_1_134' title='bbox 2103 1377 2350 1466; x_wconf 71' lang='lat' dir='ltr'><strong>maguum</strong></span> <span class='ocrx_word' id='word_1_135' title='bbox 2381 1377 2704 1456; x_wconf 71' lang='lat' dir='ltr'><strong>teconomum</strong></span> <span class='ocrx_word' id='word_1_136' title='bbox 2743 1377 3068 1471; x_wconf 36' lang='lat' dir='ltr'><strong>Ariste&#39;num,</strong></span> <span class='ocrx_word' id='word_1_137' title='bbox 3123 1377 3292 1462; x_wconf 63' lang='lat' dir='ltr'><strong>tribus</strong></span> <span class='ocrx_word' id='word_1_138' title='bbox 3338 1411 3560 1477; x_wconf 76' lang='lat' dir='ltr'><strong>publicis</strong></span> <span class='ocrx_word' id='word_1_139' title='bbox 3611 1425 3718 1462; x_wconf 77' lang='lat' dir='ltr'><strong>xxx</strong></span> <span class='ocrx_word' id='word_1_140' title='bbox 3770 1410 3974 1461; x_wconf 85' lang='lat' dir='ltr'><strong>dierum</strong></span> 
     </span>
    </p>
   </div>
   <div class='ocr_carea' id='block_1_14' title="bbox 739 1464 3975 1564">
    <p class='ocr_par' dir='ltr' id='par_1_14' title="bbox 739 1464 3975 1564">
     <span class='ocr_line' id='line_1_14' title="bbox 739 1464 3975 1564; baseline 0.011 -50"><span class='ocrx_word' id='word_1_141' title='bbox 739 1464 1159 1564; x_wconf 48' lang='lat' dir='ltr'><strong>idic.tis.ajfris</strong></span> <span class='ocrx_word' id='word_1_142' title='bbox 1189 1470 1397 1564; x_wconf 72' lang='lat' dir='ltr'><strong>dicendi</strong></span> <span class='ocrx_word' id='word_1_143' title='bbox 1426 1475 1593 1564; x_wconf 44' lang='lat' dir='ltr'><strong>adicio</strong></span> <span class='ocrx_word' id='word_1_144' title='bbox 1623 1493 1825 1564; x_wconf 81' lang='lat' dir='ltr'><strong>cessare</strong></span> <span class='ocrx_word' id='word_1_145' title='bbox 1851 1479 2013 1547; x_wconf 76' lang='lat' dir='ltr'><strong>jussit</strong></span> <span class='ocrx_word' id='word_1_146' title='bbox 2045 1464 2229 1537; x_wconf 84' lang='lat' dir='ltr'><strong>sancta</strong></span> <span class='ocrx_word' id='word_1_147' title='bbox 2280 1489 2534 1557; x_wconf 83' lang='lat' dir='ltr'><strong>synodus.</strong></span> <span class='ocrx_word' id='word_1_148' title='bbox 2585 1488 2686 1544; x_wconf 86' lang='lat' dir='ltr'><strong>Ubi</strong></span> <span class='ocrx_word' id='word_1_149' title='bbox 2741 1492 2905 1544; x_wconf 89' lang='lat' dir='ltr'><strong>etiam</strong></span> <span class='ocrx_word' id='word_1_150' title='bbox 2963 1494 3244 1557; x_wconf 83' lang='lat' dir='ltr'><strong>observes,</strong></span> <span class='ocrx_word' id='word_1_151' title='bbox 3308 1464 3513 1564; x_wconf 50' lang='lat' dir='ltr'><strong>q&#39;uanto</strong></span> <span class='ocrx_word' id='word_1_152' title='bbox 3565 1496 3652 1550; x_wconf 86' lang='lat' dir='ltr'><strong>hic</strong></span> <span class='ocrx_word' id='word_1_153' title='bbox 3701 1495 3881 1550; x_wconf 81' lang='lat' dir='ltr'><strong>oﬂicio</strong></span> <span class='ocrx_word' id='word_1_154' title='bbox 3923 1496 3975 1549; x_wconf 92' lang='lat' dir='ltr'><strong>in</strong></span> 
     </span>
    </p>
   </div>
   <div class='ocr_carea' id='block_1_15' title="bbox 739 1550 3973 1652">
    <p class='ocr_par' dir='ltr' id='par_1_15' title="bbox 739 1550 3973 1652">
     <span class='ocr_line' id='line_1_15' title="bbox 739 1550 3973 1652; baseline 0.01 -50"><span class='ocrx_word' id='word_1_155' title='bbox 739 1550 988 1652; x_wconf 36' lang='lat' dir='ltr'><strong>E&#39;ccl‘csia‘</strong></span> <span class='ocrx_word' id='word_1_156' title='bbox 1030 1554 1635 1652; x_wconf 51' lang='lat' dir='ltr'><strong>Fonstantinopolitana</strong></span> <span class='ocrx_word' id='word_1_157' title='bbox 1686 1563 1902 1620; x_wconf 80' lang='lat' dir='ltr'><strong>iunctus</strong></span> <span class='ocrx_word' id='word_1_158' title='bbox 1949 1575 2054 1631; x_wconf 85' lang='lat' dir='ltr'><strong>est,</strong></span> <span class='ocrx_word' id='word_1_159' title='bbox 2106 1585 2226 1624; x_wconf 89' lang='lat' dir='ltr'><strong>cum</strong></span> <span class='ocrx_word' id='word_1_160' title='bbox 2278 1550 2503 1645; x_wconf 77' lang='lat' dir='ltr'><strong>magnus</strong></span> <span class='ocrx_word' id='word_1_161' title='bbox 2566 1576 2617 1629; x_wconf 95' lang='lat' dir='ltr'><strong>in</strong></span> <span class='ocrx_word' id='word_1_162' title='bbox 2669 1591 2731 1631; x_wconf 85' lang='lat' dir='ltr'><strong>ea</strong></span> <span class='ocrx_word' id='word_1_163' title='bbox 2787 1592 3102 1635; x_wconf 69' lang='lat' dir='ltr'><strong>(economus</strong></span> <span class='ocrx_word' id='word_1_164' title='bbox 3153 1550 3351 1648; x_wconf 52' lang='lat' dir='ltr'><strong>fuerit&#39;;</strong></span> <span class='ocrx_word' id='word_1_165' title='bbox 3409 1583 3536 1636; x_wconf 89' lang='lat' dir='ltr'><strong>item</strong></span> <span class='ocrx_word' id='word_1_166' title='bbox 3591 1593 3797 1652; x_wconf 89' lang='lat' dir='ltr'><strong>quanto</strong></span> <span class='ocrx_word' id='word_1_167' title='bbox 3851 1599 3973 1637; x_wconf 89' lang='lat' dir='ltr'><strong>eum</strong></span> 
     </span>
    </p>
   </div>
   <div class='ocr_carea' id='block_1_16' title="bbox 735 1639 3974 1736">
    <p class='ocr_par' dir='ltr' id='par_1_16' title="bbox 735 1639 3974 1736">
     <span class='ocr_line' id='line_1_16' title="bbox 735 1639 3974 1736; baseline 0.009 -44"><span class='ocrx_word' id='word_1_168' title='bbox 735 1639 919 1736; x_wconf 42' lang='lat' dir='ltr'><strong>t‘logio-</strong></span> <span class='ocrx_word' id='word_1_169' title='bbox 952 1642 1234 1736; x_wconf 69' lang='lat' dir='ltr'><strong>Balsamon</strong></span> <span class='ocrx_word' id='word_1_170' title='bbox 1266 1658 1445 1736; x_wconf 85' lang='lat' dir='ltr'><strong>ornat,</strong></span> <span class='ocrx_word' id='word_1_171' title='bbox 1471 1650 1777 1721; x_wconf 82' lang='grc' dir='ltr'><strong>ὑπέρτιμον</strong></span> <span class='ocrx_word' id='word_1_172' title='bbox 1809 1657 2088 1724; x_wconf 87' lang='lat' dir='ltr'><strong>appellans</strong></span> <span class='ocrx_word' id='word_1_173' title='bbox 2121 1678 2134 1712; x_wconf 93' lang='lat'>:</span> <span class='ocrx_word' id='word_1_174' title='bbox 2173 1675 2335 1726; x_wconf 88' lang='lat' dir='ltr'><strong>quam</strong></span> <span class='ocrx_word' id='word_1_175' title='bbox 2367 1639 2719 1720; x_wconf 79' lang='lat' dir='ltr'><strong>honoriﬁcam</strong></span> <span class='ocrx_word' id='word_1_176' title='bbox 2753 1665 2869 1732; x_wconf 78' lang='lat' dir='ltr'><strong>eius</strong></span> <span class='ocrx_word' id='word_1_177' title='bbox 2904 1669 3230 1724; x_wconf 88' lang='lat' dir='ltr'><strong>mentionem</strong></span> <span class='ocrx_word' id='word_1_178' title='bbox 3284 1639 3422 1723; x_wconf 78' lang='lat' dir='ltr'><strong>idem</strong></span> <span class='ocrx_word' id='word_1_179' title='bbox 3471 1639 3759 1724; x_wconf 75' lang='lat' dir='ltr'><strong>Balsamon</strong></span> <span class='ocrx_word' id='word_1_180' title='bbox 3808 1671 3974 1724; x_wconf 89' lang='lat' dir='ltr'><strong>etiam</strong></span> 
     </span>
    </p>
   </div>
   <div class='ocr_carea' id='block_1_17' title="bbox 736 1728 2389 1832">
    <p class='ocr_par' dir='ltr' id='par_1_17' title="bbox 736 1728 2380 1832">
     <span class='ocr_line' id='line_1_17' title="bbox 736 1728 2380 1832; baseline 0.016 -55"><span class='ocrx_word' id='word_1_181' title='bbox 736 1728 818 1832; x_wconf 44' lang='lat' dir='ltr'><strong>in.</strong></span> <span class='ocrx_word' id='word_1_182' title='bbox 843 1728 1067 1830; x_wconf 76' lang='lat' dir='ltr'><strong>scholiis</strong></span> <span class='ocrx_word' id='word_1_183' title='bbox 1114 1734 1230 1787; x_wconf 82' lang='lat' dir='ltr'><strong>suis</strong></span> <span class='ocrx_word' id='word_1_184' title='bbox 1259 1735 1324 1787; x_wconf 91' lang='lat' dir='ltr'><strong>ad</strong></span> <span class='ocrx_word' id='word_1_185' title='bbox 1359 1740 1548 1804; x_wconf 85' lang='lat' dir='ltr'><strong>synodi</strong></span> <span class='ocrx_word' id='word_1_186' title='bbox 1581 1738 1852 1797; x_wconf 62' lang='lat' dir='ltr'><strong>Trullana?</strong></span> <span class='ocrx_word' id='word_1_187' title='bbox 1888 1759 2148 1801; x_wconf 89' lang='lat' dir='ltr'><strong>canonem</strong></span> <span class='ocrx_word' id='word_1_188' title='bbox 2180 1749 2246 1802; x_wconf 79' lang='lat'><strong>37</strong></span> <span class='ocrx_word' id='word_1_189' title='bbox 2280 1749 2380 1805; x_wconf 72' lang='lat' dir='ltr'><strong>fuci</strong></span> 
     </span>
    </p>
   </div>
   <div class='ocr_carea' id='block_1_18' title="bbox 2321 1728 3974 1832">
    <p class='ocr_par' dir='ltr' id='par_1_18' title="bbox 2321 1728 3974 1827">
     <span class='ocr_line' id='line_1_18' title="bbox 2321 1728 3974 1827; baseline 0.004 -26"><span class='ocrx_word' id='word_1_190' title='bbox 2321 1753 2428 1816; x_wconf 76' lang='lat' dir='ltr'><strong>icit,</strong></span> <span class='ocrx_word' id='word_1_191' title='bbox 2463 1754 2548 1808; x_wconf 78' lang='lat' dir='ltr'><strong>his</strong></span> <span class='ocrx_word' id='word_1_192' title='bbox 2581 1728 3152 1821; x_wconf 40' lang='lat' dir='ltr'><strong>verbis,-llpoe6dks-ro</strong></span> <span class='ocrx_word' id='word_1_193' title='bbox 3179 1758 3285 1827; x_wconf 70' lang='grc' dir='ltr'><strong>γὰρ</strong></span> <span class='ocrx_word' id='word_1_194' title='bbox 3330 1758 3420 1810; x_wconf 77' lang='grc' dir='ltr'><strong>τὸν</strong></span> <span class='ocrx_word' id='word_1_195' title='bbox 3453 1757 3696 1810; x_wconf 79' lang='grc' dir='ltr'>τοιοῦτον</span> <span class='ocrx_word' id='word_1_196' title='bbox 3769 1757 3974 1810; x_wconf 79' lang='grc' dir='ltr'>κανόνα</span> 
     </span>
    </p>
   </div>
   <div class='ocr_carea' id='block_1_19' title="bbox 732 1815 3976 1916">
    <p class='ocr_par' dir='ltr' id='par_1_19' title="bbox 732 1815 3976 1916">
     <span class='ocr_line' id='line_1_19' title="bbox 732 1815 3976 1916; baseline 0.004 -33"><span class='ocrx_word' id='word_1_197' title='bbox 732 1815 759 1865; x_wconf 70' lang='grc' dir='ltr'>ὁ</span> <span class='ocrx_word' id='word_1_198' title='bbox 797 1815 1098 1916; x_wconf 57' lang='grc' dir='ltr'><strong>ὕπξρῖξμος</strong></span> <span class='ocrx_word' id='word_1_199' title='bbox 1129 1821 1360 1916; x_wconf 40' lang='grc' dir='ltr'><strong>ἐξεῖναί-</strong></span> <span class='ocrx_word' id='word_1_200' title='bbox 1390 1824 1569 1916; x_wconf 71' lang='grc' dir='ltr'>κῦρος</span> <span class='ocrx_word' id='word_1_201' title='bbox 1590 1828 1827 1894; x_wconf 77' lang='grc' dir='ltr'><strong>Ἀλέξιος</strong></span> <span class='ocrx_word' id='word_1_202' title='bbox 1852 1831 1880 1882; x_wconf 84' lang='grc' dir='ltr'>ὁ</span> <span class='ocrx_word' id='word_1_203' title='bbox 1929 1833 2247 1904; x_wconf 73' lang='grc' dir='ltr'><strong>Ἀριστηνὸς</strong></span> <span class='ocrx_word' id='word_1_204' title='bbox 2299 1815 2439 1892; x_wconf 55' lang='grc' dir='ltr'><strong>κατὰ</strong></span> <span class='ocrx_word' id='word_1_205' title='bbox 2467 1842 2560 1894; x_wconf 82' lang='grc' dir='ltr'><strong>τοῦ</strong></span> <span class='ocrx_word' id='word_1_206' title='bbox 2611 1815 2915 1910; x_wconf 55' lang='grc' dir='ltr'><strong>ἁγιωέάτου</strong></span> <span class='ocrx_word' id='word_1_207' title='bbox 2948 1845 3156 1897; x_wconf 75' lang='grc' dir='ltr'>ἐκείνου</span> <span class='ocrx_word' id='word_1_208' title='bbox 3190 1815 3543 1914; x_wconf 53' lang='grc' dir='ltr'>’πάτριάρχου</span> <span class='ocrx_word' id='word_1_209' title='bbox 3581 1844 3847 1916; x_wconf 83' lang='grc' dir='ltr'><strong>ἰεροσολύ</strong></span> <span class='ocrx_word' id='word_1_210' title='bbox 3859 1861 3976 1913; x_wconf 87' lang='grc' dir='ltr'><strong>μων</strong></span> 
     </span>
    </p>
   </div>
   <div class='ocr_carea' id='block_1_20' title="bbox 733 1905 3974 2000">
    <p class='ocr_par' dir='ltr' id='par_1_20' title="bbox 733 1905 3974 2000">
     <span class='ocr_line' id='line_1_20' title="bbox 733 1905 3974 2000; baseline 0.009 -44"><span class='ocrx_word' id='word_1_211' title='bbox 733 1905 909 2000; x_wconf 46' lang='grc' dir='ltr'>ξυροῦ</span> <span class='ocrx_word' id='word_1_212' title='bbox 951 1905 1290 2000; x_wconf 40' lang='grc' dir='ltr'>Νινηφόρου.</span> <span class='ocrx_word' id='word_1_213' title='bbox 1317 1910 1468 2000; x_wconf 58' lang='lat' dir='ltr'><strong>lianc</strong></span> <span class='ocrx_word' id='word_1_214' title='bbox 1491 1915 1625 1967; x_wconf 87' lang='lat' dir='ltr'><strong>enim</strong></span> <span class='ocrx_word' id='word_1_215' title='bbox 1661 1933 1910 1972; x_wconf 84' lang='lat' dir='ltr'><strong>canonem</strong></span> <span class='ocrx_word' id='word_1_216' title='bbox 1946 1922 2373 1990; x_wconf 85' lang='lat' dir='ltr'><strong>incomparabilis</strong></span> <span class='ocrx_word' id='word_1_217' title='bbox 2402 1928 2490 1982; x_wconf 89' lang='lat' dir='ltr'><strong>ille</strong></span> <span class='ocrx_word' id='word_1_218' title='bbox 2521 1905 2763 1984; x_wconf 79' lang='lat' dir='ltr'><strong>dominus</strong></span> <span class='ocrx_word' id='word_1_219' title='bbox 2795 1932 3009 1986; x_wconf 75' lang='lat' dir='ltr'><strong>Alexim</strong></span> <span class='ocrx_word' id='word_1_220' title='bbox 3038 1905 3327 1986; x_wconf 46' lang='lat' dir='ltr'><strong>Aristenus&#39;</strong></span> <span class='ocrx_word' id='word_1_221' title='bbox 3350 1905 3539 1986; x_wconf 60' lang='lat' dir='ltr'><strong>contra</strong></span> <span class='ocrx_word' id='word_1_222' title='bbox 3578 1905 3974 1986; x_wconf 74' lang='lat' dir='ltr'><strong>sanctissimum</strong></span> 
     </span>
    </p>
   </div>
   <div class='ocr_carea' id='block_1_21' title="bbox 733 1991 3972 2092">
    <p class='ocr_par' dir='ltr' id='par_1_21' title="bbox 733 1991 3972 2092">
     <span class='ocr_line' id='line_1_21' title="bbox 733 1991 3972 2092; baseline 0.01 -51"><span class='ocrx_word' id='word_1_223' title='bbox 733 1991 883 2092; x_wconf 67' lang='lat' dir='ltr'><strong>illum</strong></span> <span class='ocrx_word' id='word_1_224' title='bbox 911 1996 1275 2092; x_wconf 69' lang='lat' dir='ltr'><strong>patriarcttam</strong></span> <span class='ocrx_word' id='word_1_225' title='bbox 1311 1997 1860 2070; x_wconf 84' lang='lat' dir='ltr'><strong>Hierosolymitanum</strong></span> <span class='ocrx_word' id='word_1_226' title='bbox 1896 2005 2254 2076; x_wconf 79' lang='lat' dir='ltr'><strong>Nicephorum</strong></span> <span class='ocrx_word' id='word_1_227' title='bbox 2288 2018 2536 2081; x_wconf 84' lang='lat' dir='ltr'><strong>protulit.</strong></span> <span class='ocrx_word' id='word_1_228' title='bbox 2571 2017 2672 2072; x_wconf 89' lang='lat' dir='ltr'><strong>Ubi</strong></span> <span class='ocrx_word' id='word_1_229' title='bbox 2703 2020 2877 2074; x_wconf 89' lang='lat' dir='ltr'><strong>obiter</strong></span> <span class='ocrx_word' id='word_1_230' title='bbox 2923 2020 3087 2073; x_wconf 90' lang='lat' dir='ltr'><strong>etiam</strong></span> <span class='ocrx_word' id='word_1_231' title='bbox 3120 2021 3462 2074; x_wconf 86' lang='lat' dir='ltr'><strong>observatum</strong></span> <span class='ocrx_word' id='word_1_232' title='bbox 3499 2021 3681 2085; x_wconf 83' lang='lat' dir='ltr'><strong>velim,</strong></span> <span class='ocrx_word' id='word_1_233' title='bbox 3710 2028 3972 2088; x_wconf 85' lang='lat' dir='ltr'><strong>quantum</strong></span> 
     </span>
    </p>
   </div>
   <div class='ocr_carea' id='block_1_22' title="bbox 733 2087 3974 2179">
    <p class='ocr_par' dir='ltr' id='par_1_22' title="bbox 733 2087 3974 2179">
     <span class='ocr_line' id='line_1_22' title="bbox 733 2087 3974 2179; baseline 0.009 -48"><span class='ocrx_word' id='word_1_234' title='bbox 733 2087 785 2179; x_wconf 70' lang='lat' dir='ltr'><strong>in</strong></span> <span class='ocrx_word' id='word_1_235' title='bbox 819 2087 940 2179; x_wconf 83' lang='lat' dir='ltr'><strong>jure</strong></span> <span class='ocrx_word' id='word_1_236' title='bbox 956 2087 1238 2179; x_wconf 67' lang='lat' dir='ltr'><strong>canonico</strong></span> <span class='ocrx_word' id='word_1_237' title='bbox 1277 2089 1684 2156; x_wconf 89' lang='lat' dir='ltr'><strong>interpretando</strong></span> <span class='ocrx_word' id='word_1_238' title='bbox 1714 2111 1908 2150; x_wconf 88' lang='lat' dir='ltr'><strong>nomen</strong></span> <span class='ocrx_word' id='word_1_239' title='bbox 1942 2099 2167 2154; x_wconf 79' lang='lat' dir='ltr'><strong>Alexius</strong></span> <span class='ocrx_word' id='word_1_240' title='bbox 2209 2103 2492 2158; x_wconf 82' lang='lat' dir='ltr'><strong>Aristenus</strong></span> <span class='ocrx_word' id='word_1_241' title='bbox 2541 2113 2670 2160; x_wconf 89' lang='lat' dir='ltr'><strong>tunc</strong></span> <span class='ocrx_word' id='word_1_242' title='bbox 2698 2108 2908 2160; x_wconf 89' lang='lat' dir='ltr'><strong>dierum</strong></span> <span class='ocrx_word' id='word_1_243' title='bbox 2943 2107 3200 2171; x_wconf 85' lang='lat' dir='ltr'><strong>habebat,</strong></span> <span class='ocrx_word' id='word_1_244' title='bbox 3232 2122 3354 2162; x_wconf 87' lang='lat' dir='ltr'><strong>cum</strong></span> <span class='ocrx_word' id='word_1_245' title='bbox 3387 2107 3670 2162; x_wconf 84' lang='lat' dir='ltr'><strong>consultus</strong></span> <span class='ocrx_word' id='word_1_246' title='bbox 3701 2117 3872 2169; x_wconf 84' lang='lat' dir='ltr'><strong>esset,</strong></span> <span class='ocrx_word' id='word_1_247' title='bbox 3922 2113 3974 2159; x_wconf 82' lang='lat' dir='ltr'><strong>et</strong></span> 
     </span>
    </p>
   </div>
   <div class='ocr_carea' id='block_1_23' title="bbox 733 2172 3976 2263">
    <p class='ocr_par' dir='ltr' id='par_1_23' title="bbox 733 2172 3976 2263">
     <span class='ocr_line' id='line_1_23' title="bbox 733 2172 3976 2263; baseline 0.006 -36"><span class='ocrx_word' id='word_1_248' title='bbox 823 2172 924 2263; x_wconf 57' lang='lat' dir='ltr'><strong>isto</strong></span> <span class='ocrx_word' id='word_1_249' title='bbox 951 2172 1075 2263; x_wconf 80' lang='lat' dir='ltr'><strong>jure</strong></span> <span class='ocrx_word' id='word_1_250' title='bbox 1112 2185 1300 2263; x_wconf 73' lang='lat' dir='ltr'><strong>contra</strong></span> <span class='ocrx_word' id='word_1_251' title='bbox 1349 2179 1711 2245; x_wconf 87' lang='lat' dir='ltr'><strong>patriarcham</strong></span> <span class='ocrx_word' id='word_1_252' title='bbox 1757 2185 2135 2250; x_wconf 82' lang='lat' dir='ltr'><strong>responderet.</strong></span> <span class='ocrx_word' id='word_1_253' title='bbox 2172 2189 2248 2242; x_wconf 78' lang='lat' dir='ltr'><strong>Ex</strong></span> <span class='ocrx_word' id='word_1_254' title='bbox 2282 2189 2400 2244; x_wconf 84' lang='lat' dir='ltr'><strong>istis</strong></span> <span class='ocrx_word' id='word_1_255' title='bbox 2456 2191 2679 2260; x_wconf 85' lang='lat' dir='ltr'><strong>insuper</strong></span> <span class='ocrx_word' id='word_1_256' title='bbox 2723 2193 2904 2247; x_wconf 83' lang='lat' dir='ltr'><strong>verbis</strong></span> <span class='ocrx_word' id='word_1_257' title='bbox 2939 2192 3194 2263; x_wconf 83' lang='lat' dir='ltr'><strong>colligere</strong></span> <span class='ocrx_word' id='word_1_258' title='bbox 3237 2201 3344 2260; x_wconf 89' lang='lat' dir='ltr'><strong>est,</strong></span> <span class='ocrx_word' id='word_1_259' title='bbox 3390 2194 3588 2262; x_wconf 86' lang='lat' dir='ltr'><strong>quibus</strong></span> <span class='ocrx_word' id='word_1_260' title='bbox 3643 2194 3976 2261; x_wconf 85' lang='lat' dir='ltr'><strong>temporibus</strong></span> 
     </span>
    </p>
   </div>
   <div class='ocr_carea' id='block_1_24' title="bbox 733 2256 3972 2349">
    <p class='ocr_par' dir='ltr' id='par_1_24' title="bbox 733 2256 3972 2349">
     <span class='ocr_line' id='line_1_24' title="bbox 733 2256 3972 2349; baseline 0.008 -39"><span class='ocrx_word' id='word_1_261' title='bbox 733 2256 822 2310; x_wconf 88' lang='lat' dir='ltr'><strong>ille</strong></span> <span class='ocrx_word' id='word_1_262' title='bbox 857 2259 1056 2349; x_wconf 83' lang='lat' dir='ltr'><strong>ﬂoruit.</strong></span> <span class='ocrx_word' id='word_1_263' title='bbox 1110 2261 1350 2330; x_wconf 80' lang='lat' dir='ltr'><strong>Namque</strong></span> <span class='ocrx_word' id='word_1_264' title='bbox 1385 2264 1728 2333; x_wconf 82' lang='lat' dir='ltr'><strong>Nicephorus</strong></span> <span class='ocrx_word' id='word_1_265' title='bbox 1783 2271 1870 2324; x_wconf 92' lang='lat' dir='ltr'><strong>ille</strong></span> <span class='ocrx_word' id='word_1_266' title='bbox 1910 2271 2456 2345; x_wconf 89' lang='lat' dir='ltr'><strong>Hierosolymitanus,</strong></span> <span class='ocrx_word' id='word_1_267' title='bbox 2487 2256 2673 2332; x_wconf 81' lang='lat' dir='ltr'><strong>contra</strong></span> <span class='ocrx_word' id='word_1_268' title='bbox 2705 2296 2863 2346; x_wconf 83' lang='lat' dir='ltr'><strong>quem</strong></span> <span class='ocrx_word' id='word_1_269' title='bbox 2891 2256 3182 2336; x_wconf 68' lang='lat' dir='ltr'><strong>Aristeims</strong></span> <span class='ocrx_word' id='word_1_270' title='bbox 3218 2256 3682 2336; x_wconf 44' lang='lat' dir='ltr'><strong>istum-canonem</strong></span> <span class='ocrx_word' id='word_1_271' title='bbox 3727 2256 3972 2349; x_wconf 80' lang='lat' dir='ltr'><strong>protulit,</strong></span> 
     </span>
    </p>
   </div>
   <div class='ocr_carea' id='block_1_25' title="bbox 732 2347 3974 2438">
    <p class='ocr_par' dir='ltr' id='par_1_25' title="bbox 732 2347 3974 2438">
     <span class='ocr_line' id='line_1_25' title="bbox 732 2347 3974 2438; baseline 0.007 -43"><span class='ocrx_word' id='word_1_272' title='bbox 732 2348 941 2414; x_wconf 90' lang='lat' dir='ltr'><strong>synodo</strong></span> <span class='ocrx_word' id='word_1_273' title='bbox 971 2347 1220 2438; x_wconf 72' lang='lat' dir='ltr'><strong>interluit</strong></span> <span class='ocrx_word' id='word_1_274' title='bbox 1249 2350 1720 2422; x_wconf 83' lang='lat' dir='ltr'><strong>ConStantiuopoli</strong></span> <span class='ocrx_word' id='word_1_275' title='bbox 1757 2357 2043 2413; x_wconf 61' lang='lat' dir='ltr'><strong>celebrate</strong></span> <span class='ocrx_word' id='word_1_276' title='bbox 2080 2377 2222 2415; x_wconf 90' lang='lat' dir='ltr'><strong>anno</strong></span> <span class='ocrx_word' id='word_1_277' title='bbox 2256 2365 2438 2418; x_wconf 90' lang='lat' dir='ltr'><strong>mundi</strong></span> <span class='ocrx_word' id='word_1_278' title='bbox 2472 2365 2633 2429; x_wconf 70' lang='lat'><strong>6671,</strong></span> <span class='ocrx_word' id='word_1_279' title='bbox 2669 2368 2785 2420; x_wconf 85' lang='lat' dir='ltr'><strong>sive</strong></span> <span class='ocrx_word' id='word_1_280' title='bbox 2809 2365 3035 2429; x_wconf 83' lang='lat' dir='ltr'><strong>Christi,</strong></span> <span class='ocrx_word' id='word_1_281' title='bbox 3075 2368 3238 2432; x_wconf 78' lang='lat'><strong>“66,</strong></span> <span class='ocrx_word' id='word_1_282' title='bbox 3273 2378 3331 2422; x_wconf 89' lang='lat' dir='ltr'><strong>ut</strong></span> <span class='ocrx_word' id='word_1_283' title='bbox 3364 2384 3429 2423; x_wconf 79' lang='lat' dir='ltr'><strong>ex</strong></span> <span class='ocrx_word' id='word_1_284' title='bbox 3479 2347 3974 2438; x_wconf 40' lang='lat' dir='ltr'><strong>subscrip—tionilnts</strong></span> 
     </span>
    </p>
   </div>
   <div class='ocr_carea' id='block_1_26' title="bbox 733 2433 3970 2522">
    <p class='ocr_par' dir='ltr' id='par_1_26' title="bbox 733 2433 3970 2522">
     <span class='ocr_line' id='line_1_26' title="bbox 733 2433 3970 2522; baseline 0.007 -39"><span class='ocrx_word' id='word_1_285' title='bbox 733 2441 897 2522; x_wconf 85' lang='lat' dir='ltr'><strong>patet,</strong></span> <span class='ocrx_word' id='word_1_286' title='bbox 931 2450 1068 2501; x_wconf 91' lang='lat' dir='ltr'><strong>quas</strong></span> <span class='ocrx_word' id='word_1_287' title='bbox 1094 2433 1202 2522; x_wconf 83' lang='lat' dir='ltr'><strong>Leo</strong></span> <span class='ocrx_word' id='word_1_288' title='bbox 1227 2438 1459 2492; x_wconf 85' lang='lat' dir='ltr'><strong>Allatius</strong></span> <span class='ocrx_word' id='word_1_289' title='bbox 1487 2439 1677 2505; x_wconf 87' lang='lat' dir='ltr'><strong>edidit,</strong></span> <span class='ocrx_word' id='word_1_290' title='bbox 1713 2441 1786 2496; x_wconf 88' lang='lat' dir='ltr'><strong>De</strong></span> <span class='ocrx_word' id='word_1_291' title='bbox 1827 2453 2078 2512; x_wconf 87' lang='lat' dir='ltr'><strong>perpetua</strong></span> <span class='ocrx_word' id='word_1_292' title='bbox 2121 2464 2358 2504; x_wconf 86' lang='lat' dir='ltr'><strong>consens.</strong></span> <span class='ocrx_word' id='word_1_293' title='bbox 2396 2450 2598 2506; x_wconf 83' lang='lat' dir='ltr'><strong>Eccles.</strong></span> <span class='ocrx_word' id='word_1_294' title='bbox 2636 2452 2992 2508; x_wconf 64' lang='lat' dir='ltr'><strong>occidentalis</strong></span> <span class='ocrx_word' id='word_1_295' title='bbox 3037 2463 3086 2508; x_wconf 86' lang='lat' dir='ltr'><strong>et</strong></span> <span class='ocrx_word' id='word_1_296' title='bbox 3122 2455 3410 2509; x_wconf 79' lang='lat' dir='ltr'><strong>Orientalis</strong></span> <span class='ocrx_word' id='word_1_297' title='bbox 3450 2455 3540 2509; x_wconf 90' lang='lat' dir='ltr'><strong>lib.</strong></span> <span class='ocrx_word' id='word_1_298' title='bbox 3589 2433 3839 2522; x_wconf 36' lang='grc' dir='ltr'><strong>Μίθρῃ.</strong></span> <span class='ocrx_word' id='word_1_299' title='bbox 3883 2455 3970 2506; x_wconf 72' lang='grc'><strong>12.</strong></span> 
     </span>
    </p>
   </div>
   <div class='ocr_carea' id='block_1_27' title="bbox 732 2517 3974 2606">
    <p class='ocr_par' dir='ltr' id='par_1_27' title="bbox 732 2517 3974 2606">
     <span class='ocr_line' id='line_1_27' title="bbox 732 2517 3974 2606; baseline 0.007 -37"><span class='ocrx_word' id='word_1_300' title='bbox 732 2517 779 2570; x_wconf 93' lang='lat' dir='ltr'><strong>Is</strong></span> <span class='ocrx_word' id='word_1_301' title='bbox 810 2528 927 2571; x_wconf 86' lang='lat' dir='ltr'><strong>erat</strong></span> <span class='ocrx_word' id='word_1_302' title='bbox 955 2535 1128 2576; x_wconf 86' lang='lat' dir='ltr'><strong>annus</strong></span> <span class='ocrx_word' id='word_1_303' title='bbox 1159 2521 1422 2581; x_wconf 77' lang='lat' dir='ltr'><strong>Manuelis</strong></span> <span class='ocrx_word' id='word_1_304' title='bbox 1449 2526 1712 2583; x_wconf 90' lang='lat' dir='ltr'><strong>Comneni</strong></span> <span class='ocrx_word' id='word_1_305' title='bbox 1741 2546 1896 2594; x_wconf 81' lang='lat' dir='ltr'><strong>xxm,</strong></span> <span class='ocrx_word' id='word_1_306' title='bbox 1928 2533 2080 2600; x_wconf 85' lang='lat' dir='ltr'><strong>cujus</strong></span> <span class='ocrx_word' id='word_1_307' title='bbox 2110 2536 2456 2603; x_wconf 88' lang='lat' dir='ltr'><strong>imperatoris</strong></span> <span class='ocrx_word' id='word_1_308' title='bbox 2485 2538 2636 2606; x_wconf 85' lang='lat' dir='ltr'><strong>jussu</strong></span> <span class='ocrx_word' id='word_1_309' title='bbox 2692 2539 2981 2593; x_wconf 85' lang='lat' dir='ltr'><strong>Balsamon</strong></span> <span class='ocrx_word' id='word_1_310' title='bbox 3040 2555 3136 2593; x_wconf 85' lang='lat' dir='ltr'><strong>sua</strong></span> <span class='ocrx_word' id='word_1_311' title='bbox 3189 2541 3240 2594; x_wconf 90' lang='lat' dir='ltr'><strong>in</strong></span> <span class='ocrx_word' id='word_1_312' title='bbox 3292 2555 3530 2595; x_wconf 90' lang='lat' dir='ltr'><strong>canones</strong></span> <span class='ocrx_word' id='word_1_313' title='bbox 3584 2541 3974 2594; x_wconf 80' lang='lat' dir='ltr'><strong>commentaria</strong></span> 
     </span>
    </p>
   </div>
   <div class='ocr_carea' id='block_1_28' title="bbox 734 2615 3972 2693">
    <p class='ocr_par' dir='ltr' id='par_1_28' title="bbox 734 2615 3972 2693">
     <span class='ocr_line' id='line_1_28' title="bbox 734 2615 3972 2693; baseline 0.006 -36"><span class='ocrx_word' id='word_1_314' title='bbox 734 2620 1022 2676; x_wconf 77' lang='lat' dir='ltr'><strong>aggressus</strong></span> <span class='ocrx_word' id='word_1_315' title='bbox 1054 2618 1158 2670; x_wconf 91' lang='lat' dir='ltr'><strong>est,</strong></span> <span class='ocrx_word' id='word_1_316' title='bbox 1196 2621 1250 2664; x_wconf 94' lang='lat' dir='ltr'><strong>ut</strong></span> <span class='ocrx_word' id='word_1_317' title='bbox 1299 2626 1330 2666; x_wconf 92' lang='lat' dir='ltr'><strong>e</strong></span> <span class='ocrx_word' id='word_1_318' title='bbox 1364 2615 1689 2681; x_wconf 83' lang='lat' dir='ltr'><strong>supradictis</strong></span> <span class='ocrx_word' id='word_1_319' title='bbox 1720 2617 1908 2686; x_wconf 87' lang='lat' dir='ltr'><strong>liquet.</strong></span> <span class='ocrx_word' id='word_1_320' title='bbox 1963 2617 2073 2673; x_wconf 93' lang='lat' dir='ltr'><strong>Sub</strong></span> <span class='ocrx_word' id='word_1_321' title='bbox 2110 2621 2297 2676; x_wconf 82' lang='lat' dir='ltr'><strong>eodem</strong></span> <span class='ocrx_word' id='word_1_322' title='bbox 2334 2624 2494 2692; x_wconf 89' lang='lat' dir='ltr'><strong>igitur</strong></span> <span class='ocrx_word' id='word_1_323' title='bbox 2523 2625 2850 2693; x_wconf 88' lang='lat' dir='ltr'><strong>imperatore</strong></span> <span class='ocrx_word' id='word_1_324' title='bbox 2885 2626 3192 2680; x_wconf 87' lang='lat' dir='ltr'><strong>Aristenum</strong></span> <span class='ocrx_word' id='word_1_325' title='bbox 3243 2627 3406 2680; x_wconf 90' lang='lat' dir='ltr'><strong>etiam</strong></span> <span class='ocrx_word' id='word_1_326' title='bbox 3449 2627 3713 2684; x_wconf 88' lang='lat' dir='ltr'><strong>claruisse</strong></span> <span class='ocrx_word' id='word_1_327' title='bbox 3763 2636 3972 2679; x_wconf 78' lang='lat' dir='ltr'><strong>certum</strong></span> 
     </span>
    </p>
   </div>
   <div class='ocr_carea' id='block_1_29' title="bbox 728 2697 3981 2782">
    <p class='ocr_par' dir='ltr' id='par_1_29' title="bbox 728 2697 3981 2782">
     <span class='ocr_line' id='line_1_29' title="bbox 728 2697 3981 2782; baseline 0.006 -36"><span class='ocrx_word' id='word_1_328' title='bbox 728 2698 1093 2751; x_wconf 88' lang='lat' dir='ltr'><strong>cst:etiamsi</strong></span> <span class='ocrx_word' id='word_1_329' title='bbox 1129 2697 1237 2752; x_wconf 89' lang='lat' dir='ltr'><strong>Lco</strong></span> <span class='ocrx_word' id='word_1_330' title='bbox 1268 2699 1500 2755; x_wconf 81' lang='lat' dir='ltr'><strong>Allatius</strong></span> <span class='ocrx_word' id='word_1_331' title='bbox 1558 2712 1791 2758; x_wconf 88' lang='lat' dir='ltr'><strong>tractatu</strong></span> <span class='ocrx_word' id='word_1_332' title='bbox 1847 2707 1912 2759; x_wconf 88' lang='lat' dir='ltr'><strong>de</strong></span> <span class='ocrx_word' id='word_1_333' title='bbox 1956 2720 2112 2762; x_wconf 68' lang='lat' dir='ltr'><strong>aetate</strong></span> <span class='ocrx_word' id='word_1_334' title='bbox 2162 2720 2208 2762; x_wconf 89' lang='lat' dir='ltr'><strong>et</strong></span> <span class='ocrx_word' id='word_1_335' title='bbox 2265 2711 2582 2776; x_wconf 84' lang='lat' dir='ltr'><strong>interstitiis,</strong></span> <span class='ocrx_word' id='word_1_336' title='bbox 2623 2713 2674 2766; x_wconf 91' lang='lat' dir='ltr'><strong>in</strong></span> <span class='ocrx_word' id='word_1_337' title='bbox 2728 2713 3020 2769; x_wconf 84' lang='lat' dir='ltr'><strong>collatione</strong></span> <span class='ocrx_word' id='word_1_338' title='bbox 3065 2714 3317 2769; x_wconf 88' lang='lat' dir='ltr'><strong>ordinum</strong></span> <span class='ocrx_word' id='word_1_339' title='bbox 3351 2716 3518 2769; x_wconf 92' lang='lat' dir='ltr'><strong>etiam</strong></span> <span class='ocrx_word' id='word_1_340' title='bbox 3567 2713 3704 2782; x_wconf 90' lang='lat' dir='ltr'><strong>apud</strong></span> <span class='ocrx_word' id='word_1_341' title='bbox 3756 2713 3981 2769; x_wconf 67' lang='lat' dir='ltr'><strong>Graecos</strong></span> 
     </span>
    </p>
   </div>
   <div class='ocr_carea' id='block_1_30' title="bbox 728 2783 3974 2925">
    <p class='ocr_par' dir='ltr' id='par_1_30' title="bbox 728 2783 3974 2925">
     <span class='ocr_line' id='line_1_30' title="bbox 728 2783 3974 2872; baseline 0.006 -38"><span class='ocrx_word' id='word_1_342' title='bbox 728 2783 1031 2847; x_wconf 81' lang='lat' dir='ltr'><strong>servandis,</strong></span> <span class='ocrx_word' id='word_1_343' title='bbox 1067 2801 1188 2840; x_wconf 87' lang='lat' dir='ltr'><strong>eum</strong></span> <span class='ocrx_word' id='word_1_344' title='bbox 1217 2788 1371 2853; x_wconf 80' lang='lat' dir='ltr'><strong>jussu</strong></span> <span class='ocrx_word' id='word_1_345' title='bbox 1404 2789 1627 2846; x_wconf 83' lang='lat' dir='ltr'><strong>Joannis</strong></span> <span class='ocrx_word' id='word_1_346' title='bbox 1666 2791 1951 2863; x_wconf 87' lang='lat' dir='ltr'><strong>Comneni,</strong></span> <span class='ocrx_word' id='word_1_347' title='bbox 1983 2796 2077 2866; x_wconf 91' lang='lat' dir='ltr'><strong>qui</strong></span> <span class='ocrx_word' id='word_1_348' title='bbox 2108 2796 2412 2853; x_wconf 82' lang='lat' dir='ltr'><strong>Manuelem</strong></span> <span class='ocrx_word' id='word_1_349' title='bbox 2465 2800 2746 2869; x_wconf 82' lang='lat' dir='ltr'><strong>proximus</strong></span> <span class='ocrx_word' id='word_1_350' title='bbox 2791 2801 2849 2856; x_wconf 93' lang='lat' dir='ltr'><strong>in</strong></span> <span class='ocrx_word' id='word_1_351' title='bbox 2900 2800 3130 2872; x_wconf 91' lang='lat' dir='ltr'><strong>imperio</strong></span> <span class='ocrx_word' id='word_1_352' title='bbox 3182 2802 3483 2871; x_wconf 73' lang='lat' dir='ltr'><strong>praecessit,</strong></span> <span class='ocrx_word' id='word_1_353' title='bbox 3533 2801 3974 2857; x_wconf 85' lang='lat' dir='ltr'><strong>Nomocanouem</strong></span> 
     </span>
     <span class='ocr_line' id='line_1_31' title="bbox 728 2872 1509 2925; baseline 0.003 -2"><span class='ocrx_word' id='word_1_354' title='bbox 728 2884 886 2923; x_wconf 85' lang='lat' dir='ltr'><strong>suum</strong></span> <span class='ocrx_word' id='word_1_355' title='bbox 919 2872 1155 2925; x_wconf 79' lang='lat' dir='ltr'><strong>edidisse</strong></span> <span class='ocrx_word' id='word_1_356' title='bbox 1186 2878 1509 2925; x_wconf 80' lang='lat' dir='ltr'><strong>asserucrit-</strong></span> 
     </span>
    </p>
   </div>
   <div class='ocr_carea' id='block_1_31' title="bbox 728 2873 1509 2935">
    <p class='ocr_par' dir='ltr' id='par_1_31' title="bbox 728 2873 1509 2935">
     <span class='ocr_line' id='line_1_32' title="bbox 728 2873 1509 2935; baseline 0.01 -12"><span class='ocrx_word' id='word_1_357' title='bbox 728 2884 886 2923; x_wconf 85' lang='lat' dir='ltr'><strong>suum</strong></span> <span class='ocrx_word' id='word_1_358' title='bbox 919 2873 1155 2935; x_wconf 79' lang='lat' dir='ltr'><strong>edidisse</strong></span> <span class='ocrx_word' id='word_1_359' title='bbox 1186 2878 1509 2931; x_wconf 88' lang='lat' dir='ltr'><strong>asseruerit.</strong></span> 
     </span>
    </p>
   </div>
   <div class='ocr_carea' id='block_1_32' title="bbox 801 2980 3970 3066">
    <p class='ocr_par' dir='ltr' id='par_1_32' title="bbox 801 2980 3970 3066">
     <span class='ocr_line' id='line_1_33' title="bbox 801 2980 3970 3066; baseline 0.006 -34"><span class='ocrx_word' id='word_1_360' title='bbox 801 2980 970 3035; x_wconf 85' lang='lat' dir='ltr'><strong>Porro</strong></span> <span class='ocrx_word' id='word_1_361' title='bbox 1005 2983 1118 3036; x_wconf 56' lang='lat' dir='ltr'><strong>haec</strong></span> <span class='ocrx_word' id='word_1_362' title='bbox 1151 2984 1321 3038; x_wconf 80' lang='lat' dir='ltr'><strong>Alexii</strong></span> <span class='ocrx_word' id='word_1_363' title='bbox 1356 2985 1592 3041; x_wconf 80' lang='lat' dir='ltr'><strong>Aristeni</strong></span> <span class='ocrx_word' id='word_1_364' title='bbox 1623 2990 1675 3042; x_wconf 92' lang='lat' dir='ltr'><strong>in</strong></span> <span class='ocrx_word' id='word_1_365' title='bbox 1705 2990 1904 3045; x_wconf 85' lang='lat' dir='ltr'><strong>dictam</strong></span> <span class='ocrx_word' id='word_1_366' title='bbox 1937 3007 2210 3048; x_wconf 90' lang='lat' dir='ltr'><strong>canonum</strong></span> <span class='ocrx_word' id='word_1_367' title='bbox 2239 2996 2494 3066; x_wconf 82' lang='lat' dir='ltr'><strong>synopsin</strong></span> <span class='ocrx_word' id='word_1_368' title='bbox 2533 2999 2948 3061; x_wconf 86' lang='lat' dir='ltr'><strong>commentaria,</strong></span> <span class='ocrx_word' id='word_1_369' title='bbox 2996 2999 3050 3052; x_wconf 90' lang='lat' dir='ltr'><strong>in</strong></span> <span class='ocrx_word' id='word_1_370' title='bbox 3103 2999 3290 3055; x_wconf 86' lang='lat' dir='ltr'><strong>codice</strong></span> <span class='ocrx_word' id='word_1_371' title='bbox 3352 3013 3454 3053; x_wconf 93' lang='lat' dir='ltr'><strong>ms.</strong></span> <span class='ocrx_word' id='word_1_372' title='bbox 3521 3013 3679 3066; x_wconf 72' lang='lat' dir='ltr'><strong>quem</strong></span> <span class='ocrx_word' id='word_1_373' title='bbox 3733 2997 3970 3058; x_wconf 89' lang='lat' dir='ltr'><strong>edimus,</strong></span> 
     </span>
    </p>
   </div>
   <div class='ocr_carea' id='block_1_33' title="bbox 727 3061 2380 3156">
    <p class='ocr_par' dir='ltr' id='par_1_33' title="bbox 727 3061 2380 3156">
     <span class='ocr_line' id='line_1_34' title="bbox 727 3061 2380 3156; baseline 0.008 -34"><span class='ocrx_word' id='word_1_374' title='bbox 727 3061 809 3122; x_wconf 90' lang='lat' dir='ltr'><strong>sic</strong></span> <span class='ocrx_word' id='word_1_375' title='bbox 871 3067 1128 3156; x_wconf 77' lang='lat' dir='ltr'><strong>inscripta</strong></span> <span class='ocrx_word' id='word_1_376' title='bbox 1184 3083 1306 3124; x_wconf 87' lang='lat' dir='ltr'><strong>sunt</strong></span> <span class='ocrx_word' id='word_1_377' title='bbox 1333 3112 1347 3134; x_wconf 98' lang='lat'><strong>,</strong></span> <span class='ocrx_word' id='word_1_378' title='bbox 1381 3074 1762 3142; x_wconf 83' lang='grc' dir='ltr'>Νομοκάνονον</span> <span class='ocrx_word' id='word_1_379' title='bbox 1795 3081 1893 3131; x_wconf 84' lang='grc' dir='ltr'><strong>σὺν</strong></span> <span class='ocrx_word' id='word_1_380' title='bbox 1951 3081 2072 3149; x_wconf 83' lang='grc' dir='ltr'><strong>Θεῷ</strong></span> <span class='ocrx_word' id='word_1_381' title='bbox 2117 3061 2380 3151; x_wconf 72' lang='grc' dir='ltr'><strong>ἑρμηνευε</strong></span> 
     </span>
    </p>
   </div>
   <div class='ocr_carea' id='block_1_34' title="bbox 2319 3061 3972 3156">
    <p class='ocr_par' dir='ltr' id='par_1_34' title="bbox 2319 3061 3972 3156">
     <span class='ocr_line' id='line_1_35' title="bbox 2319 3061 3972 3156; baseline 0.002 -22"><span class='ocrx_word' id='word_1_382' title='bbox 2319 3061 2454 3136; x_wconf 70' lang='grc' dir='ltr'>ιυόὲν</span> <span class='ocrx_word' id='word_1_383' title='bbox 2508 3085 2662 3155; x_wconf 77' lang='grc' dir='ltr'><strong>παρὰ</strong></span> <span class='ocrx_word' id='word_1_384' title='bbox 2715 3085 2808 3138; x_wconf 83' lang='grc' dir='ltr'><strong>τοῦ</strong></span> <span class='ocrx_word' id='word_1_385' title='bbox 2859 3086 3278 3154; x_wconf 82' lang='grc' dir='ltr'><strong>Θεοφιλεστάτου</strong></span> <span class='ocrx_word' id='word_1_386' title='bbox 3334 3061 3717 3155; x_wconf 70' lang='grc' dir='ltr'>νομοφόλακος</span> <span class='ocrx_word' id='word_1_387' title='bbox 3777 3087 3972 3156; x_wconf 81' lang='grc' dir='ltr'>κυρίου</span> 
     </span>
    </p>
   </div>
   <div class='ocr_carea' id='block_1_35' title="bbox 743 3155 2396 3242">
    <p class='ocr_par' dir='ltr' id='par_1_35' title="bbox 743 3155 2391 3232">
     <span class='ocr_line' id='line_1_36' title="bbox 743 3155 2391 3232; baseline 0.008 -24"><span class='ocrx_word' id='word_1_388' title='bbox 743 3155 985 3220; x_wconf 78' lang='grc' dir='ltr'><strong>Ἀλεξίου</strong></span> <span class='ocrx_word' id='word_1_389' title='bbox 1050 3158 1144 3210; x_wconf 75' lang='grc' dir='ltr'><strong>τοῦ</strong></span> <span class='ocrx_word' id='word_1_390' title='bbox 1189 3159 1530 3230; x_wconf 83' lang='grc' dir='ltr'><strong>Ἀριστηνοῦ,</strong></span> <span class='ocrx_word' id='word_1_391' title='bbox 1593 3164 2048 3232; x_wconf 87' lang='lat' dir='ltr'><strong>Nomocanonum,</strong></span> <span class='ocrx_word' id='word_1_392' title='bbox 2082 3169 2189 3222; x_wconf 89' lang='lat' dir='ltr'><strong>Deo</strong></span> <span class='ocrx_word' id='word_1_393' title='bbox 2239 3171 2391 3224; x_wconf 75' lang='lat' dir='ltr'><strong>assist</strong></span> 
     </span>
    </p>
   </div>
   <div class='ocr_carea' id='block_1_36' title="bbox 2323 3155 3976 3242">
    <p class='ocr_par' dir='ltr' id='par_1_36' title="bbox 2323 3171 3976 3242">
     <span class='ocr_line' id='line_1_37' title="bbox 2323 3171 3976 3242; baseline 0.002 -20"><span class='ocrx_word' id='word_1_394' title='bbox 2323 3171 2532 3234; x_wconf 72' lang='lat' dir='ltr'><strong>istente,</strong></span> <span class='ocrx_word' id='word_1_395' title='bbox 2599 3175 3001 3240; x_wconf 85' lang='lat' dir='ltr'><strong>interpretatum</strong></span> <span class='ocrx_word' id='word_1_396' title='bbox 3044 3191 3135 3242; x_wconf 88' lang='lat' dir='ltr'><strong>per</strong></span> <span class='ocrx_word' id='word_1_397' title='bbox 3186 3174 3295 3227; x_wconf 88' lang='lat' dir='ltr'><strong>Deo</strong></span> <span class='ocrx_word' id='word_1_398' title='bbox 3362 3174 3738 3227; x_wconf 75' lang='lat' dir='ltr'><strong>citatissimum</strong></span> <span class='ocrx_word' id='word_1_399' title='bbox 3787 3189 3976 3225; x_wconf 78' lang='lat' dir='ltr'><strong>nomo-</strong></span> 
     </span>
    </p>
   </div>
   <div class='ocr_carea' id='block_1_37' title="bbox 729 3245 3976 3329">
    <p class='ocr_par' dir='ltr' id='par_1_37' title="bbox 729 3245 3976 3329">
     <span class='ocr_line' id='line_1_38' title="bbox 729 3245 3976 3329; baseline 0.005 -33"><span class='ocrx_word' id='word_1_400' title='bbox 729 3245 999 3313; x_wconf 83' lang='lat' dir='ltr'><strong>phylacem</strong></span> <span class='ocrx_word' id='word_1_401' title='bbox 1028 3245 1297 3299; x_wconf 87' lang='lat' dir='ltr'><strong>dominum</strong></span> <span class='ocrx_word' id='word_1_402' title='bbox 1325 3249 1570 3303; x_wconf 75' lang='lat' dir='ltr'><strong>Alexium</strong></span> <span class='ocrx_word' id='word_1_403' title='bbox 1601 3251 1928 3306; x_wconf 83' lang='lat' dir='ltr'><strong>Aristenum.</strong></span> <span class='ocrx_word' id='word_1_404' title='bbox 1963 3255 2060 3310; x_wconf 88' lang='lat' dir='ltr'><strong>Ubi</strong></span> <span class='ocrx_word' id='word_1_405' title='bbox 2095 3256 2266 3325; x_wconf 89' lang='lat' dir='ltr'><strong>primo</strong></span> <span class='ocrx_word' id='word_1_406' title='bbox 2297 3260 2588 3312; x_wconf 83' lang='lat' dir='ltr'><strong>observare</strong></span> <span class='ocrx_word' id='word_1_407' title='bbox 2617 3258 2763 3323; x_wconf 90' lang='lat' dir='ltr'><strong>licet,</strong></span> <span class='ocrx_word' id='word_1_408' title='bbox 2792 3261 2931 3312; x_wconf 88' lang='lat' dir='ltr'><strong>hanc</strong></span> <span class='ocrx_word' id='word_1_409' title='bbox 2961 3260 3135 3327; x_wconf 86' lang='lat' dir='ltr'><strong>ipsam</strong></span> <span class='ocrx_word' id='word_1_410' title='bbox 3161 3277 3425 3315; x_wconf 89' lang='lat' dir='ltr'><strong>canonum</strong></span> <span class='ocrx_word' id='word_1_411' title='bbox 3458 3262 3511 3314; x_wconf 91' lang='lat' dir='ltr'><strong>in</strong></span> <span class='ocrx_word' id='word_1_412' title='bbox 3546 3261 3814 3329; x_wconf 89' lang='lat' dir='ltr'><strong>epitomen</strong></span> <span class='ocrx_word' id='word_1_413' title='bbox 3843 3274 3976 3313; x_wconf 86' lang='lat' dir='ltr'><strong>con-</strong></span> 
     </span>
    </p>
   </div>
   <div class='ocr_carea' id='block_1_38' title="bbox 730 3334 3978 3418">
    <p class='ocr_par' dir='ltr' id='par_1_38' title="bbox 730 3334 3978 3418">
     <span class='ocr_line' id='line_1_39' title="bbox 730 3334 3978 3418; baseline 0.005 -33"><span class='ocrx_word' id='word_1_414' title='bbox 730 3341 1024 3386; x_wconf 88' lang='lat' dir='ltr'><strong>tractorqu</strong></span> <span class='ocrx_word' id='word_1_415' title='bbox 1083 3334 1452 3390; x_wconf 82' lang='lat' dir='ltr'><strong>collectionem</strong></span> <span class='ocrx_word' id='word_1_416' title='bbox 1484 3339 1848 3406; x_wconf 77' lang='grc' dir='ltr'>νομοκάνονον</span> <span class='ocrx_word' id='word_1_417' title='bbox 1887 3341 2064 3395; x_wconf 82' lang='lat' dir='ltr'><strong>vocari</strong></span> <span class='ocrx_word' id='word_1_418' title='bbox 2107 3361 2120 3397; x_wconf 91' lang='lat'>:</span> <span class='ocrx_word' id='word_1_419' title='bbox 2171 3358 2277 3410; x_wconf 92' lang='lat' dir='ltr'><strong>quo</strong></span> <span class='ocrx_word' id='word_1_420' title='bbox 2332 3345 2550 3399; x_wconf 90' lang='lat' dir='ltr'><strong>nomine</strong></span> <span class='ocrx_word' id='word_1_421' title='bbox 2601 3347 2766 3399; x_wconf 87' lang='lat' dir='ltr'><strong>etiam</strong></span> <span class='ocrx_word' id='word_1_422' title='bbox 2816 3346 3149 3418; x_wconf 85' lang='lat' dir='ltr'><strong>integrorum</strong></span> <span class='ocrx_word' id='word_1_423' title='bbox 3209 3363 3477 3403; x_wconf 91' lang='lat' dir='ltr'><strong>canonum</strong></span> <span class='ocrx_word' id='word_1_424' title='bbox 3535 3348 3780 3403; x_wconf 90' lang='lat' dir='ltr'><strong>collectio</strong></span> <span class='ocrx_word' id='word_1_425' title='bbox 3835 3361 3978 3416; x_wconf 67' lang='lat' dir='ltr'><strong>saepe</strong></span> 
     </span>
    </p>
   </div>
   <div class='ocr_carea' id='block_1_39' title="bbox 726 3419 3975 3505">
    <p class='ocr_par' dir='ltr' id='par_1_39' title="bbox 726 3419 3975 3505">
     <span class='ocr_line' id='line_1_40' title="bbox 726 3419 3975 3505; baseline 0.005 -33"><span class='ocrx_word' id='word_1_426' title='bbox 726 3430 1100 3489; x_wconf 81' lang='lat' dir='ltr'><strong>nuncupatur.</strong></span> <span class='ocrx_word' id='word_1_427' title='bbox 1168 3419 1377 3487; x_wconf 83' lang='lat' dir='ltr'><strong>Nemo,</strong></span> <span class='ocrx_word' id='word_1_428' title='bbox 1438 3423 1656 3491; x_wconf 78' lang='lat' dir='ltr'><strong>fateor,</strong></span> <span class='ocrx_word' id='word_1_429' title='bbox 1716 3426 1925 3481; x_wconf 76' lang='lat' dir='ltr'><strong>inficias</strong></span> <span class='ocrx_word' id='word_1_430' title='bbox 1984 3439 2115 3494; x_wconf 90' lang='lat' dir='ltr'><strong>eat,</strong></span> <span class='ocrx_word' id='word_1_431' title='bbox 2177 3431 2306 3500; x_wconf 87' lang='lat' dir='ltr'><strong>quin</strong></span> <span class='ocrx_word' id='word_1_432' title='bbox 2360 3441 2572 3487; x_wconf 84' lang='lat' dir='ltr'><strong>veteres</strong></span> <span class='ocrx_word' id='word_1_433' title='bbox 2626 3433 2930 3488; x_wconf 90' lang='lat' dir='ltr'><strong>istiusmodi</strong></span> <span class='ocrx_word' id='word_1_434' title='bbox 2987 3435 3132 3489; x_wconf 88' lang='lat' dir='ltr'><strong>solos</strong></span> <span class='ocrx_word' id='word_1_435' title='bbox 3166 3435 3374 3502; x_wconf 86' lang='lat' dir='ltr'><strong>libros,</strong></span> <span class='ocrx_word' id='word_1_436' title='bbox 3412 3435 3609 3505; x_wconf 91' lang='lat' dir='ltr'><strong>quibus</strong></span> <span class='ocrx_word' id='word_1_437' title='bbox 3667 3435 3823 3503; x_wconf 82' lang='grc' dir='ltr'>νόμοι</span> <span class='ocrx_word' id='word_1_438' title='bbox 3880 3434 3975 3487; x_wconf 81' lang='grc' dir='ltr'><strong>καὶ</strong></span> 
     </span>
    </p>
   </div>
   <div class='ocr_carea' id='block_1_40' title="bbox 732 3508 2385 3595">
    <p class='ocr_par' dir='ltr' id='par_1_40' title="bbox 732 3508 2366 3574">
     <span class='ocr_line' id='line_1_41' title="bbox 732 3508 2366 3574; baseline 0.007 -14"><span class='ocrx_word' id='word_1_439' title='bbox 732 3508 959 3568; x_wconf 64' lang='grc' dir='ltr'><strong>κανᾶνες</strong></span> <span class='ocrx_word' id='word_1_440' title='bbox 1011 3508 1155 3574; x_wconf 84' lang='lat' dir='ltr'><strong>leges</strong></span> <span class='ocrx_word' id='word_1_441' title='bbox 1184 3510 1372 3563; x_wconf 85' lang='lat' dir='ltr'><strong>civiles</strong></span> <span class='ocrx_word' id='word_1_442' title='bbox 1402 3520 1456 3564; x_wconf 92' lang='lat' dir='ltr'><strong>et</strong></span> <span class='ocrx_word' id='word_1_443' title='bbox 1505 3527 1744 3567; x_wconf 90' lang='lat' dir='ltr'><strong>canones</strong></span> <span class='ocrx_word' id='word_1_444' title='bbox 1797 3515 2155 3571; x_wconf 88' lang='lat' dir='ltr'><strong>ecclesiastici</strong></span> <span class='ocrx_word' id='word_1_445' title='bbox 2208 3519 2366 3572; x_wconf 90' lang='lat' dir='ltr'><strong>simul</strong></span> 
     </span>
    </p>
   </div>
   <div class='ocr_carea' id='block_1_41' title="bbox 2321 3508 3974 3595">
    <p class='ocr_par' dir='ltr' id='par_1_41' title="bbox 2321 3515 3974 3595">
     <span class='ocr_line' id='line_1_42' title="bbox 2321 3515 3974 3595; baseline 0.003 -24"><span class='ocrx_word' id='word_1_446' title='bbox 2321 3519 2366 3571; x_wconf 92' lang='lat' dir='ltr'><strong>ul</strong></span> <span class='ocrx_word' id='word_1_447' title='bbox 2421 3521 2633 3574; x_wconf 89' lang='lat' dir='ltr'><strong>collecti</strong></span> <span class='ocrx_word' id='word_1_448' title='bbox 2691 3534 2839 3587; x_wconf 92' lang='lat' dir='ltr'><strong>sunt,</strong></span> <span class='ocrx_word' id='word_1_449' title='bbox 2874 3515 3244 3593; x_wconf 76' lang='grc' dir='ltr'>νομοκανόνας</span> <span class='ocrx_word' id='word_1_450' title='bbox 3295 3526 3652 3595; x_wconf 86' lang='lat' dir='ltr'><strong>appellarint;</strong></span> <span class='ocrx_word' id='word_1_451' title='bbox 3709 3525 3974 3595; x_wconf 86' lang='lat' dir='ltr'><strong>quemad-</strong></span> 
     </span>
    </p>
   </div>
   <div class='ocr_carea' id='block_1_42' title="bbox 733 3594 3978 3681">
    <p class='ocr_par' dir='ltr' id='par_1_42' title="bbox 733 3594 3978 3681">
     <span class='ocr_line' id='line_1_43' title="bbox 733 3594 3978 3681; baseline 0.005 -33"><span class='ocrx_word' id='word_1_452' title='bbox 733 3598 949 3649; x_wconf 79' lang='lat' dir='ltr'><strong>modum</strong></span> <span class='ocrx_word' id='word_1_453' title='bbox 985 3594 1224 3650; x_wconf 85' lang='lat' dir='ltr'><strong>Joannes</strong></span> <span class='ocrx_word' id='word_1_454' title='bbox 1257 3598 1634 3654; x_wconf 79' lang='lat' dir='ltr'><strong>Antiocheuus</strong></span> <span class='ocrx_word' id='word_1_455' title='bbox 1667 3601 1861 3657; x_wconf 91' lang='lat' dir='ltr'><strong>librum</strong></span> <span class='ocrx_word' id='word_1_456' title='bbox 1893 3605 2084 3668; x_wconf 84' lang='lat' dir='ltr'><strong>istum,</strong></span> <span class='ocrx_word' id='word_1_457' title='bbox 2119 3621 2224 3673; x_wconf 93' lang='lat' dir='ltr'><strong>quo</strong></span> <span class='ocrx_word' id='word_1_458' title='bbox 2253 3623 2489 3662; x_wconf 90' lang='lat' dir='ltr'><strong>canones</strong></span> <span class='ocrx_word' id='word_1_459' title='bbox 2517 3609 2664 3663; x_wconf 92' lang='lat' dir='ltr'><strong>solos</strong></span> <span class='ocrx_word' id='word_1_460' title='bbox 2699 3610 2752 3663; x_wconf 90' lang='lat' dir='ltr'><strong>in</strong></span> <span class='ocrx_word' id='word_1_461' title='bbox 2786 3611 3177 3681; x_wconf 86' lang='lat' dir='ltr'><strong>quinquaginta</strong></span> <span class='ocrx_word' id='word_1_462' title='bbox 3229 3594 3412 3666; x_wconf 89' lang='lat' dir='ltr'><strong>titulos</strong></span> <span class='ocrx_word' id='word_1_463' title='bbox 3455 3611 3709 3680; x_wconf 83' lang='lat' dir='ltr'><strong>digessit,</strong></span> <span class='ocrx_word' id='word_1_464' title='bbox 3733 3594 3740 3595; x_wconf 16' lang='grc' dir='ltr'>ί</span> <span class='ocrx_word' id='word_1_465' title='bbox 3765 3611 3978 3680; x_wconf 71' lang='grc' dir='ltr'><strong>εἰηιριίο</strong></span> 
     </span>
    </p>
   </div>
   <div class='ocr_carea' id='block_1_43' title="bbox 727 3683 2380 3769">
    <p class='ocr_par' dir='ltr' id='par_1_43' title="bbox 727 3683 2377 3758">
     <span class='ocr_line' id='line_1_44' title="bbox 727 3683 2377 3758; baseline 0.004 -22"><span class='ocrx_word' id='word_1_466' title='bbox 727 3683 864 3736; x_wconf 90' lang='lat' dir='ltr'><strong>citer</strong></span> <span class='ocrx_word' id='word_1_467' title='bbox 897 3685 1228 3753; x_wconf 75' lang='grc' dir='ltr'>συναγωγὴν</span> <span class='ocrx_word' id='word_1_468' title='bbox 1263 3686 1369 3739; x_wconf 79' lang='grc' dir='ltr'><strong>τῶν</strong></span> <span class='ocrx_word' id='word_1_469' title='bbox 1423 3688 1668 3740; x_wconf 75' lang='grc' dir='ltr'>κανόνων</span> <span class='ocrx_word' id='word_1_470' title='bbox 1702 3688 1951 3754; x_wconf 89' lang='lat' dir='ltr'><strong>vocavit;</strong></span> <span class='ocrx_word' id='word_1_471' title='bbox 1984 3690 2144 3745; x_wconf 85' lang='lat' dir='ltr'><strong>istum</strong></span> <span class='ocrx_word' id='word_1_472' title='bbox 2177 3700 2377 3758; x_wconf 85' lang='lat' dir='ltr'><strong>autem,</strong></span> 
     </span>
    </p>
   </div>
   <div class='ocr_carea' id='block_1_44' title="bbox 2412 3683 4065 3769">
    <p class='ocr_par' dir='ltr' id='par_1_44' title="bbox 2412 3697 4065 3769">
     <span class='ocr_line' id='line_1_45' title="bbox 2412 3697 4065 3769; baseline 0.004 -23"><span class='ocrx_word' id='word_1_473' title='bbox 2412 3711 2518 3765; x_wconf 88' lang='lat' dir='ltr'><strong>quo</strong></span> <span class='ocrx_word' id='word_1_474' title='bbox 2547 3697 2844 3753; x_wconf 90' lang='lat' dir='ltr'><strong>canouibns</strong></span> <span class='ocrx_word' id='word_1_475' title='bbox 2872 3700 3258 3754; x_wconf 87' lang='lat' dir='ltr'><strong>ecclesiasticis</strong></span> <span class='ocrx_word' id='word_1_476' title='bbox 3298 3699 3440 3769; x_wconf 85' lang='lat' dir='ltr'><strong>leges</strong></span> <span class='ocrx_word' id='word_1_477' title='bbox 3483 3699 3860 3767; x_wconf 87' lang='lat' dir='ltr'><strong>imperatorias</strong></span> <span class='ocrx_word' id='word_1_478' title='bbox 3915 3707 3970 3752; x_wconf 89' lang='lat' dir='ltr'><strong>et</strong></span> <span class='ocrx_word' id='word_1_479' title='bbox 4051 3749 4065 3764; x_wconf 84' lang='grc'><em>,</em></span> 
     </span>
    </p>
   </div>
   <div class='ocr_carea' id='block_1_45' title="bbox 727 3770 3972 3847">
    <p class='ocr_par' dir='ltr' id='par_1_45' title="bbox 727 3770 3972 3847">
     <span class='ocr_line' id='line_1_46' title="bbox 727 3770 3972 3847; baseline 0.005 -23"><span class='ocrx_word' id='word_1_480' title='bbox 727 3770 918 3824; x_wconf 67' lang='lat' dir='ltr'><strong>civiles</strong></span> <span class='ocrx_word' id='word_1_481' title='bbox 973 3773 1243 3837; x_wconf 76' lang='lat' dir='ltr'><strong>adjuuxit,</strong></span> <span class='ocrx_word' id='word_1_482' title='bbox 1293 3776 1630 3844; x_wconf 72' lang='grc' dir='ltr'>νομοκανόνα</span> <span class='ocrx_word' id='word_1_483' title='bbox 1687 3778 2040 3847; x_wconf 85' lang='lat' dir='ltr'><strong>nuncupavit.</strong></span> <span class='ocrx_word' id='word_1_484' title='bbox 2107 3780 2170 3833; x_wconf 84' lang='lat' dir='ltr'><strong>Et</strong></span> <span class='ocrx_word' id='word_1_485' title='bbox 2220 3783 2289 3834; x_wconf 89' lang='lat' dir='ltr'><strong>oh</strong></span> <span class='ocrx_word' id='word_1_486' title='bbox 2346 3785 2590 3837; x_wconf 87' lang='lat' dir='ltr'><strong>eamdem</strong></span> <span class='ocrx_word' id='word_1_487' title='bbox 2644 3786 2806 3840; x_wconf 90' lang='lat' dir='ltr'><strong>etiam</strong></span> <span class='ocrx_word' id='word_1_488' title='bbox 2843 3786 3106 3840; x_wconf 87' lang='lat' dir='ltr'><strong>rationem</strong></span> <span class='ocrx_word' id='word_1_489' title='bbox 3160 3786 3338 3841; x_wconf 88' lang='lat' dir='ltr'><strong>Photii</strong></span> <span class='ocrx_word' id='word_1_490' title='bbox 3381 3787 3732 3841; x_wconf 82' lang='lat' dir='ltr'><strong>Nontocanon</strong></span> <span class='ocrx_word' id='word_1_491' title='bbox 3773 3801 3972 3839; x_wconf 85' lang='lat' dir='ltr'><strong>nomen</strong></span> 
     </span>
    </p>
   </div>
   <div class='ocr_carea' id='block_1_46' title="bbox 727 3855 3972 3945">
    <p class='ocr_par' dir='ltr' id='par_1_46' title="bbox 727 3855 3972 3945">
     <span class='ocr_line' id='line_1_47' title="bbox 727 3855 3972 3945; baseline 0.006 -38"><span class='ocrx_word' id='word_1_492' title='bbox 727 3855 867 3945; x_wconf 84' lang='lat' dir='ltr'><strong>istud</strong></span> <span class='ocrx_word' id='word_1_493' title='bbox 924 3857 1145 3914; x_wconf 76' lang='lat' dir='ltr'><strong>soi-titus</strong></span> <span class='ocrx_word' id='word_1_494' title='bbox 1201 3869 1334 3915; x_wconf 88' lang='lat' dir='ltr'><strong>est:</strong></span> <span class='ocrx_word' id='word_1_495' title='bbox 1381 3877 1537 3931; x_wconf 90' lang='lat' dir='ltr'><strong>quem</strong></span> <span class='ocrx_word' id='word_1_496' title='bbox 1593 3863 1878 3919; x_wconf 88' lang='lat' dir='ltr'><strong>Balsamon</strong></span> <span class='ocrx_word' id='word_1_497' title='bbox 1941 3867 1994 3921; x_wconf 91' lang='lat' dir='ltr'><strong>in</strong></span> <span class='ocrx_word' id='word_1_498' title='bbox 2053 3867 2371 3935; x_wconf 71' lang='lat' dir='ltr'><strong>praefatione</strong></span> <span class='ocrx_word' id='word_1_499' title='bbox 2418 3874 2484 3924; x_wconf 92' lang='lat' dir='ltr'><strong>ad</strong></span> <span class='ocrx_word' id='word_1_500' title='bbox 2556 3876 2825 3940; x_wconf 90' lang='lat' dir='ltr'><strong>eumdem,</strong></span> <span class='ocrx_word' id='word_1_501' title='bbox 2860 3875 3020 3929; x_wconf 89' lang='lat' dir='ltr'><strong>etiam</strong></span> <span class='ocrx_word' id='word_1_502' title='bbox 3053 3876 3429 3945; x_wconf 63' lang='grc' dir='ltr'>,νομοκάνονον</span> <span class='ocrx_word' id='word_1_503' title='bbox 3490 3876 3742 3943; x_wconf 90' lang='lat' dir='ltr'><strong>appellat.</strong></span> <span class='ocrx_word' id='word_1_504' title='bbox 3772 3873 3972 3930; x_wconf 81' lang='lat' dir='ltr'><strong>Verum</strong></span> 
     </span>
    </p>
   </div>
   <div class='ocr_carea' id='block_1_47' title="bbox 727 3944 3972 4032">
    <p class='ocr_par' dir='ltr' id='par_1_47' title="bbox 727 3944 3972 4032">
     <span class='ocr_line' id='line_1_48' title="bbox 727 3944 3972 4032; baseline 0.006 -35"><span class='ocrx_word' id='word_1_505' title='bbox 727 3944 1006 3999; x_wconf 76' lang='lat' dir='ltr'><strong>enimvero</strong></span> <span class='ocrx_word' id='word_1_506' title='bbox 1042 3949 1245 4014; x_wconf 72' lang='lat' dir='ltr'><strong>qumvis</strong></span> <span class='ocrx_word' id='word_1_507' title='bbox 1273 3950 1603 4017; x_wconf 82' lang='lat' dir='ltr'><strong>integrorum</strong></span> <span class='ocrx_word' id='word_1_508' title='bbox 1635 3968 1902 4008; x_wconf 88' lang='lat' dir='ltr'><strong>canonum</strong></span> <span class='ocrx_word' id='word_1_509' title='bbox 1929 3956 2176 4010; x_wconf 90' lang='lat' dir='ltr'><strong>collectio</strong></span> <span class='ocrx_word' id='word_1_510' title='bbox 2207 3959 2571 4026; x_wconf 79' lang='grc' dir='ltr'>νομοκάνονον</span> <span class='ocrx_word' id='word_1_511' title='bbox 2608 3963 2771 4016; x_wconf 89' lang='lat' dir='ltr'><strong>etiam</strong></span> <span class='ocrx_word' id='word_1_512' title='bbox 2823 3944 3205 4029; x_wconf 85' lang='lat' dir='ltr'><strong>nonnunquam</strong></span> <span class='ocrx_word' id='word_1_513' title='bbox 3259 3965 3406 4017; x_wconf 88' lang='lat' dir='ltr'><strong>audit</strong></span> <span class='ocrx_word' id='word_1_514' title='bbox 3437 3981 3450 4017; x_wconf 90' lang='lat'><strong>:</strong></span> <span class='ocrx_word' id='word_1_515' title='bbox 3501 3964 3643 4032; x_wconf 93' lang='lat' dir='ltr'><strong>quod</strong></span> <span class='ocrx_word' id='word_1_516' title='bbox 3693 3963 3861 4017; x_wconf 92' lang='lat' dir='ltr'><strong>miror</strong></span> <span class='ocrx_word' id='word_1_517' title='bbox 3907 3968 3972 4018; x_wconf 83' lang='lat' dir='ltr'><strong>ab</strong></span> 
     </span>
    </p>
   </div>
   <div class='ocr_carea' id='block_1_48' title="bbox 729 4030 3972 4120">
    <p class='ocr_par' dir='ltr' id='par_1_48' title="bbox 729 4030 3972 4120">
     <span class='ocr_line' id='line_1_49' title="bbox 729 4030 3972 4120; baseline 0.008 -42"><span class='ocrx_word' id='word_1_518' title='bbox 729 4030 837 4120; x_wconf 77' lang='lat' dir='ltr'><strong>ullo</strong></span> <span class='ocrx_word' id='word_1_519' title='bbox 877 4049 1110 4098; x_wconf 86' lang='lat' dir='ltr'><strong>unquam</strong></span> <span class='ocrx_word' id='word_1_520' title='bbox 1147 4038 1470 4114; x_wconf 83' lang='lat' dir='ltr'><strong>denegatum</strong></span> <span class='ocrx_word' id='word_1_521' title='bbox 1500 4037 1688 4105; x_wconf 79' lang='lat' dir='ltr'><strong>fuisse,</strong></span> <span class='ocrx_word' id='word_1_522' title='bbox 1723 4056 1845 4094; x_wconf 90' lang='lat' dir='ltr'><strong>cum</strong></span> <span class='ocrx_word' id='word_1_523' title='bbox 1885 4042 1998 4097; x_wconf 66' lang='lat' dir='ltr'><strong>haec</strong></span> <span class='ocrx_word' id='word_1_524' title='bbox 2028 4059 2132 4097; x_wconf 79' lang='lat' dir='ltr'><strong>vox</strong></span> <span class='ocrx_word' id='word_1_525' title='bbox 2186 4044 2239 4099; x_wconf 93' lang='lat' dir='ltr'><strong>in</strong></span> <span class='ocrx_word' id='word_1_526' title='bbox 2271 4046 2377 4102; x_wconf 89' lang='lat' dir='ltr'><strong>isto</strong></span> <span class='ocrx_word' id='word_1_527' title='bbox 2406 4063 2566 4103; x_wconf 90' lang='lat' dir='ltr'><strong>sensu</strong></span> <span class='ocrx_word' id='word_1_528' title='bbox 2604 4050 2670 4105; x_wconf 89' lang='lat' dir='ltr'><strong>ab</strong></span> <span class='ocrx_word' id='word_1_529' title='bbox 2718 4054 2832 4120; x_wconf 82' lang='lat' dir='ltr'><strong>ipso</strong></span> <span class='ocrx_word' id='word_1_530' title='bbox 2865 4051 3185 4106; x_wconf 88' lang='lat' dir='ltr'><strong>Balsamone</strong></span> <span class='ocrx_word' id='word_1_531' title='bbox 3232 4067 3375 4120; x_wconf 58' lang='lat' dir='ltr'><strong>saepe</strong></span> <span class='ocrx_word' id='word_1_532' title='bbox 3433 4030 3754 4119; x_wconf 86' lang='lat' dir='ltr'><strong>usurpetur;</strong></span> <span class='ocrx_word' id='word_1_533' title='bbox 3809 4058 3869 4105; x_wconf 84' lang='lat' dir='ltr'><strong>ut</strong></span> <span class='ocrx_word' id='word_1_534' title='bbox 3916 4051 3972 4105; x_wconf 92' lang='lat' dir='ltr'><strong>in</strong></span> 
     </span>
    </p>
   </div>
   <div class='ocr_carea' id='block_1_49' title="bbox 727 4117 2380 4208">
    <p class='ocr_par' dir='ltr' id='par_1_49' title="bbox 727 4117 2380 4208">
     <span class='ocr_line' id='line_1_50' title="bbox 727 4117 2380 4208; baseline 0.009 -37"><span class='ocrx_word' id='word_1_535' title='bbox 727 4117 1034 4208; x_wconf 72' lang='lat' dir='ltr'><strong>Nomot-an.</strong></span> <span class='ocrx_word' id='word_1_536' title='bbox 1074 4120 1228 4179; x_wconf 87' lang='lat' dir='ltr'><strong>Phot.</strong></span> <span class='ocrx_word' id='word_1_537' title='bbox 1267 4129 1348 4179; x_wconf 91' lang='lat' dir='ltr'><strong>tit.</strong></span> <span class='ocrx_word' id='word_1_538' title='bbox 1389 4126 1440 4187; x_wconf 79' lang='lat' dir='ltr'><strong>l,</strong></span> <span class='ocrx_word' id='word_1_539' title='bbox 1477 4142 1595 4194; x_wconf 87' lang='lat' dir='ltr'><strong>cap.</strong></span> <span class='ocrx_word' id='word_1_540' title='bbox 1623 4129 1656 4183; x_wconf 90' lang='lat'>9</span> <span class='ocrx_word' id='word_1_541' title='bbox 1688 4129 1784 4193; x_wconf 88' lang='lat' dir='ltr'><strong>ait,</strong></span> <span class='ocrx_word' id='word_1_542' title='bbox 1822 4131 1998 4193; x_wconf 75' lang='grc' dir='ltr'><strong>Αὐτὸς</strong></span> <span class='ocrx_word' id='word_1_543' title='bbox 2034 4133 2292 4202; x_wconf 78' lang='grc' dir='ltr'><strong>ἐπέμεινε</strong></span> <span class='ocrx_word' id='word_1_544' title='bbox 2341 4135 2380 4186; x_wconf 76' lang='grc' dir='ltr'><strong>λι</strong></span> 
     </span>
    </p>
   </div>
   <div class='ocr_carea' id='block_1_50' title="bbox 2319 4117 3972 4208">
    <p class='ocr_par' dir='ltr' id='par_1_50' title="bbox 2341 4117 3972 4208">
     <span class='ocr_line' id='line_1_51' title="bbox 2341 4117 3972 4208; baseline 0.001 -21"><span class='ocrx_word' id='word_1_545' title='bbox 2341 4135 2536 4202; x_wconf 82' lang='grc' dir='ltr'><strong>λέγων,</strong></span> <span class='ocrx_word' id='word_1_546' title='bbox 2587 4136 2663 4207; x_wconf 82' lang='grc' dir='ltr'><strong>μὴ</strong></span> <span class='ocrx_word' id='word_1_547' title='bbox 2706 4117 2916 4191; x_wconf 59' lang='grc' dir='ltr'>δξκαιον</span> <span class='ocrx_word' id='word_1_548' title='bbox 2947 4135 3085 4191; x_wconf 79' lang='grc' dir='ltr'>εἶναι</span> <span class='ocrx_word' id='word_1_549' title='bbox 3131 4117 3361 4208; x_wconf 63' lang='grc' dir='ltr'>κεραίάν</span> <span class='ocrx_word' id='word_1_550' title='bbox 3387 4117 3720 4207; x_wconf 52' lang='grc' dir='ltr'><strong>ἀθετηιδῆναι</strong></span> <span class='ocrx_word' id='word_1_551' title='bbox 3773 4139 3837 4190; x_wconf 78' lang='grc' dir='ltr'><strong>ὲκ</strong></span> <span class='ocrx_word' id='word_1_552' title='bbox 3863 4137 3972 4190; x_wconf 79' lang='grc' dir='ltr'>τῶν</span> 
     </span>
    </p>
   </div>
   <div class='ocr_carea' id='block_1_51' title="bbox 727 4207 3972 4298">
    <p class='ocr_par' dir='ltr' id='par_1_51' title="bbox 727 4207 3972 4298">
     <span class='ocr_line' id='line_1_52' title="bbox 727 4207 3972 4298; baseline -0.003 -10"><span class='ocrx_word' id='word_1_553' title='bbox 727 4208 785 4298; x_wconf 38' lang='lat' dir='ltr'><strong>if</strong></span> <span class='ocrx_word' id='word_1_554' title='bbox 810 4207 887 4276; x_wconf 73' lang='grc' dir='ltr'><strong>τῷ</strong></span> <span class='ocrx_word' id='word_1_555' title='bbox 938 4208 1306 4280; x_wconf 71' lang='grc' dir='ltr'><strong>Νομοκανὸνῳ</strong></span> <span class='ocrx_word' id='word_1_556' title='bbox 1343 4215 1770 4284; x_wconf 74' lang='grc' dir='ltr'><strong>γεγραμμένων.</strong></span> <span class='ocrx_word' id='word_1_557' title='bbox 1801 4216 1878 4285; x_wconf 73' lang='grc' dir='ltr'><strong>τῷ</strong></span> <span class='ocrx_word' id='word_1_558' title='bbox 1900 4219 1973 4280; x_wconf 80' lang='grc' dir='ltr'><strong>ὡς</strong></span> <span class='ocrx_word' id='word_1_559' title='bbox 2000 4219 2339 4290; x_wconf 82' lang='grc' dir='ltr'>θεογράφους</span> <span class='ocrx_word' id='word_1_560' title='bbox 2371 4225 2580 4287; x_wconf 70' lang='grc' dir='ltr'>πλάκας</span> <span class='ocrx_word' id='word_1_561' title='bbox 2611 4225 2761 4295; x_wconf 83' lang='grc' dir='ltr'>παρὰ</span> <span class='ocrx_word' id='word_1_562' title='bbox 2792 4229 2853 4295; x_wconf 77' lang='grc' dir='ltr'><strong>τῇ</strong></span> <span class='ocrx_word' id='word_1_563' title='bbox 2883 4226 3181 4298; x_wconf 71' lang='grc' dir='ltr'><strong>Ἐκκληοίᾳ</strong></span> <span class='ocrx_word' id='word_1_564' title='bbox 3201 4207 3564 4295; x_wconf 58' lang='grc' dir='ltr'><strong>λογιζομένῳ.</strong></span> <span class='ocrx_word' id='word_1_565' title='bbox 3593 4226 3713 4293; x_wconf 81' lang='lat' dir='ltr'><strong>Ipse</strong></span> <span class='ocrx_word' id='word_1_566' title='bbox 3745 4229 3972 4295; x_wconf 79' lang='lat' dir='ltr'><strong>perstitit</strong></span> 
     </span>
    </p>
   </div>
   <div class='ocr_carea' id='block_1_52' title="bbox 723 4293 3970 4387">
    <p class='ocr_par' dir='ltr' id='par_1_52' title="bbox 723 4293 3970 4387">
     <span class='ocr_line' id='line_1_53' title="bbox 723 4293 3970 4387; baseline 0.007 -41"><span class='ocrx_word' id='word_1_567' title='bbox 723 4293 923 4354; x_wconf 79' lang='lat' dir='ltr'><strong>dicens,</strong></span> <span class='ocrx_word' id='word_1_568' title='bbox 956 4312 1057 4348; x_wconf 80' lang='lat' dir='ltr'><strong>non</strong></span> <span class='ocrx_word' id='word_1_569' title='bbox 1088 4314 1294 4365; x_wconf 79' lang='lat' dir='ltr'><strong>wquum</strong></span> <span class='ocrx_word' id='word_1_570' title='bbox 1324 4318 1432 4354; x_wconf 85' lang='lat' dir='ltr'><strong>esse</strong></span> <span class='ocrx_word' id='word_1_571' title='bbox 1469 4313 1524 4354; x_wconf 88' lang='lat' dir='ltr'><strong>ut</strong></span> <span class='ocrx_word' id='word_1_572' title='bbox 1556 4302 1632 4355; x_wconf 86' lang='lat' dir='ltr'><strong>vel</strong></span> <span class='ocrx_word' id='word_1_573' title='bbox 1661 4321 1793 4371; x_wconf 76' lang='lat' dir='ltr'><strong>apex</strong></span> <span class='ocrx_word' id='word_1_574' title='bbox 1829 4307 2126 4360; x_wconf 85' lang='lat' dir='ltr'><strong>aboleretur</strong></span> <span class='ocrx_word' id='word_1_575' title='bbox 2154 4325 2218 4361; x_wconf 79' lang='lat' dir='ltr'><strong>ea:</strong></span> <span class='ocrx_word' id='word_1_576' title='bbox 2249 4310 2333 4375; x_wconf 89' lang='lat' dir='ltr'><strong>iis,</strong></span> <span class='ocrx_word' id='word_1_577' title='bbox 2365 4330 2480 4382; x_wconf 77' lang='lat' dir='ltr'><strong>qua:</strong></span> <span class='ocrx_word' id='word_1_578' title='bbox 2515 4316 2568 4366; x_wconf 88' lang='lat' dir='ltr'><strong>in</strong></span> <span class='ocrx_word' id='word_1_579' title='bbox 2609 4313 2984 4369; x_wconf 85' lang='lat' dir='ltr'><strong>Namocanonc</strong></span> <span class='ocrx_word' id='word_1_580' title='bbox 3013 4317 3210 4384; x_wconf 83' lang='lat' dir='ltr'><strong>scripta</strong></span> <span class='ocrx_word' id='word_1_581' title='bbox 3245 4326 3389 4381; x_wconf 86' lang='lat' dir='ltr'><strong>sunt,</strong></span> <span class='ocrx_word' id='word_1_582' title='bbox 3437 4317 3575 4387; x_wconf 81' lang='lat' dir='ltr'><strong>quod</strong></span> <span class='ocrx_word' id='word_1_583' title='bbox 3609 4316 3778 4369; x_wconf 84' lang='lat' dir='ltr'><strong>instar</strong></span> <span class='ocrx_word' id='word_1_584' title='bbox 3832 4317 3970 4369; x_wconf 78' lang='lat' dir='ltr'><strong>dit-i-</strong></span> 
     </span>
    </p>
   </div>
   <div class='ocr_carea' id='block_1_53' title="bbox 725 4386 3972 4471">
    <p class='ocr_par' dir='ltr' id='par_1_53' title="bbox 725 4386 3972 4471">
     <span class='ocr_line' id='line_1_54' title="bbox 725 4386 3972 4471; baseline 0.006 -38"><span class='ocrx_word' id='word_1_585' title='bbox 725 4399 918 4436; x_wconf 80' lang='lat' dir='ltr'><strong>narum</strong></span> <span class='ocrx_word' id='word_1_586' title='bbox 987 4386 1291 4439; x_wconf 81' lang='lat' dir='ltr'><strong>tabularum</strong></span> <span class='ocrx_word' id='word_1_587' title='bbox 1343 4390 1407 4440; x_wconf 88' lang='lat' dir='ltr'><strong>ab</strong></span> <span class='ocrx_word' id='word_1_588' title='bbox 1459 4387 1698 4443; x_wconf 82' lang='lat' dir='ltr'><strong>Ecclesia</strong></span> <span class='ocrx_word' id='word_1_589' title='bbox 1754 4403 2050 4460; x_wconf 87' lang='lat' dir='ltr'><strong>reputatur.</strong></span> <span class='ocrx_word' id='word_1_590' title='bbox 2111 4393 2210 4448; x_wconf 94' lang='lat' dir='ltr'><strong>Ubi</strong></span> <span class='ocrx_word' id='word_1_591' title='bbox 2247 4398 2627 4467; x_wconf 73' lang='grc' dir='ltr'>Νομυκάνονον</span> <span class='ocrx_word' id='word_1_592' title='bbox 2659 4417 2855 4471; x_wconf 92' lang='lat' dir='ltr'><strong>corpus</strong></span> <span class='ocrx_word' id='word_1_593' title='bbox 2907 4418 3173 4456; x_wconf 88' lang='lat' dir='ltr'><strong>canonum</strong></span> <span class='ocrx_word' id='word_1_594' title='bbox 3226 4386 3728 4457; x_wconf 82' lang='lat' dir='ltr'><strong>ecclesiasticorum</strong></span> <span class='ocrx_word' id='word_1_595' title='bbox 3784 4414 3972 4470; x_wconf 86' lang='lat' dir='ltr'><strong>aperte</strong></span> 
     </span>
    </p>
   </div>
   <div class='ocr_carea' id='block_1_54' title="bbox 724 4471 3971 4560">
    <p class='ocr_par' dir='ltr' id='par_1_54' title="bbox 724 4471 3971 4560">
     <span class='ocr_line' id='line_1_55' title="bbox 724 4471 3971 4560; baseline 0.007 -38"><span class='ocrx_word' id='word_1_596' title='bbox 724 4471 1013 4536; x_wconf 76' lang='lat' dir='ltr'><strong>signiﬁcat,</strong></span> <span class='ocrx_word' id='word_1_597' title='bbox 1039 4476 1494 4543; x_wconf 88' lang='lat' dir='ltr'><strong>quemadmodum</strong></span> <span class='ocrx_word' id='word_1_598' title='bbox 1524 4488 1578 4531; x_wconf 91' lang='lat' dir='ltr'><strong>et</strong></span> <span class='ocrx_word' id='word_1_599' title='bbox 1604 4478 1653 4531; x_wconf 89' lang='lat' dir='ltr'><strong>in</strong></span> <span class='ocrx_word' id='word_1_600' title='bbox 1680 4478 1923 4547; x_wconf 78' lang='lat' dir='ltr'><strong>ejusdem</strong></span> <span class='ocrx_word' id='word_1_601' title='bbox 1955 4481 2293 4536; x_wconf 87' lang='lat' dir='ltr'><strong>Balsamonis</strong></span> <span class='ocrx_word' id='word_1_602' title='bbox 2320 4490 2540 4543; x_wconf 66' lang='lat' dir='ltr'><strong>sr-holiis</strong></span> <span class='ocrx_word' id='word_1_603' title='bbox 2556 4490 2623 4543; x_wconf 89' lang='lat' dir='ltr'><strong>ad</strong></span> <span class='ocrx_word' id='word_1_604' title='bbox 2642 4491 2832 4560; x_wconf 86' lang='lat' dir='ltr'><strong>synodi</strong></span> <span class='ocrx_word' id='word_1_605' title='bbox 2854 4491 3127 4544; x_wconf 72' lang='lat' dir='ltr'><strong>Trullanze</strong></span> <span class='ocrx_word' id='word_1_606' title='bbox 3151 4504 3411 4544; x_wconf 89' lang='lat' dir='ltr'><strong>canonem</strong></span> <span class='ocrx_word' id='word_1_607' title='bbox 3436 4489 3457 4540; x_wconf 83' lang='lat' dir='ltr'><strong>l</strong></span> <span class='ocrx_word' id='word_1_608' title='bbox 3495 4489 3742 4552; x_wconf 88' lang='lat' dir='ltr'><strong>dicentis,</strong></span> <span class='ocrx_word' id='word_1_609' title='bbox 3769 4490 3851 4545; x_wconf 74' lang='grc' dir='ltr'><strong>Τὰ</strong></span> <span class='ocrx_word' id='word_1_610' title='bbox 3871 4490 3971 4559; x_wconf 79' lang='grc' dir='ltr'><strong>μὲν</strong></span> 
     </span>
    </p>
   </div>
   <div class='ocr_carea' id='block_1_55' title="bbox 721 4559 3971 4642">
    <p class='ocr_par' dir='ltr' id='par_1_55' title="bbox 721 4559 3971 4642">
     <span class='ocr_line' id='line_1_56' title="bbox 721 4559 3971 4642; baseline 0.004 -31"><span class='ocrx_word' id='word_1_611' title='bbox 721 4559 1000 4630; x_wconf 77' lang='grc' dir='ltr'><strong>νεὸγραφα</strong></span> <span class='ocrx_word' id='word_1_612' title='bbox 1021 4562 1494 4632; x_wconf 77' lang='grc' dir='ltr'>Νομοκάνονα,ὡς</span> <span class='ocrx_word' id='word_1_613' title='bbox 1528 4566 1602 4635; x_wconf 77' lang='grc' dir='ltr'><strong>μὴ</strong></span> <span class='ocrx_word' id='word_1_614' title='bbox 1623 4566 1819 4637; x_wconf 75' lang='grc' dir='ltr'>ἔχοντα</span> <span class='ocrx_word' id='word_1_615' title='bbox 1850 4569 1945 4622; x_wconf 84' lang='grc' dir='ltr'><strong>καὶ</strong></span> <span class='ocrx_word' id='word_1_616' title='bbox 1971 4571 2294 4640; x_wconf 61' lang='grc' dir='ltr'><strong>ὑπογραφᾶς</strong></span> <span class='ocrx_word' id='word_1_617' title='bbox 2322 4570 2429 4622; x_wconf 81' lang='grc' dir='ltr'>τῶν</span> <span class='ocrx_word' id='word_1_618' title='bbox 2485 4559 2791 4640; x_wconf 78' lang='grc' dir='ltr'><strong>ὲκθεμένων</strong></span> <span class='ocrx_word' id='word_1_619' title='bbox 2843 4571 2941 4634; x_wconf 79' lang='grc' dir='ltr'><strong>τὰς</strong></span> <span class='ocrx_word' id='word_1_620' title='bbox 2993 4571 3242 4634; x_wconf 80' lang='grc' dir='ltr'>συνόδους</span> <span class='ocrx_word' id='word_1_621' title='bbox 3273 4570 3534 4642; x_wconf 77' lang='grc' dir='ltr'><strong>βασιλέων</strong></span> <span class='ocrx_word' id='word_1_622' title='bbox 3561 4571 3654 4624; x_wconf 78' lang='grc' dir='ltr'><strong>καὶ</strong></span> <span class='ocrx_word' id='word_1_623' title='bbox 3712 4575 3971 4642; x_wconf 77' lang='grc' dir='ltr'><strong>πατέρων</strong></span> 
     </span>
    </p>
   </div>
   <div class='ocr_carea' id='block_1_56' title="bbox 723 4649 2376 4727">
    <p class='ocr_par' dir='ltr' id='par_1_56' title="bbox 723 4649 2376 4727">
     <span class='ocr_line' id='line_1_57' title="bbox 723 4649 2376 4727; baseline 0.007 -29"><span class='ocrx_word' id='word_1_624' title='bbox 723 4649 1076 4719; x_wconf 76' lang='grc' dir='ltr'>παρέδραμον</span> <span class='ocrx_word' id='word_1_625' title='bbox 1105 4667 1119 4681; x_wconf 89' lang='grc'><strong>·</strong></span> <span class='ocrx_word' id='word_1_626' title='bbox 1177 4651 1513 4722; x_wconf 69' lang='grc' dir='ltr'><strong>ἐψηλάφησχ</strong></span> <span class='ocrx_word' id='word_1_627' title='bbox 1569 4654 1626 4706; x_wconf 80' lang='grc' dir='ltr'><strong>δὲ</strong></span> <span class='ocrx_word' id='word_1_628' title='bbox 1664 4656 2058 4727; x_wconf 71' lang='grc' dir='ltr'><strong>παλαιόγραφι</strong></span> <span class='ocrx_word' id='word_1_629' title='bbox 2093 4658 2376 4726; x_wconf 72' lang='grc' dir='ltr'>Νομοκάνο</span> 
     </span>
    </p>
   </div>
   <div class='ocr_carea' id='block_1_57' title="bbox 2318 4649 3971 4727">
    <p class='ocr_par' dir='ltr' id='par_1_57' title="bbox 2323 4657 3971 4725">
     <span class='ocr_line' id='line_1_58' title="bbox 2323 4657 3971 4725; baseline 0.002 -17"><span class='ocrx_word' id='word_1_630' title='bbox 2323 4675 2469 4710; x_wconf 75' lang='grc' dir='ltr'>νονα..</span> <span class='ocrx_word' id='word_1_631' title='bbox 2532 4658 2598 4712; x_wconf 81' lang='lat' dir='ltr'><strong>Et</strong></span> <span class='ocrx_word' id='word_1_632' title='bbox 2657 4660 2736 4712; x_wconf 89' lang='lat' dir='ltr'><strong>sic</strong></span> <span class='ocrx_word' id='word_1_633' title='bbox 2794 4659 2996 4725; x_wconf 87' lang='lat' dir='ltr'><strong>passim</strong></span> <span class='ocrx_word' id='word_1_634' title='bbox 3056 4658 3220 4724; x_wconf 88' lang='lat' dir='ltr'><strong>alibi;</strong></span> <span class='ocrx_word' id='word_1_635' title='bbox 3271 4669 3326 4710; x_wconf 87' lang='lat' dir='ltr'><strong>ut</strong></span> <span class='ocrx_word' id='word_1_636' title='bbox 3375 4657 3510 4711; x_wconf 90' lang='lat' dir='ltr'><strong>nihil</strong></span> <span class='ocrx_word' id='word_1_637' title='bbox 3590 4659 3795 4711; x_wconf 89' lang='lat' dir='ltr'><strong>certius</strong></span> <span class='ocrx_word' id='word_1_638' title='bbox 3852 4674 3971 4712; x_wconf 74' lang='lat' dir='ltr'><strong>esse</strong></span> 
     </span>
    </p>
   </div>
   <div class='ocr_carea' id='block_1_58' title="bbox 723 4738 3970 4817">
    <p class='ocr_par' dir='ltr' id='par_1_58' title="bbox 723 4738 3970 4817">
     <span class='ocr_line' id='line_1_59' title="bbox 723 4738 3970 4817; baseline 0.004 -29"><span class='ocrx_word' id='word_1_639' title='bbox 723 4738 914 4803; x_wconf 90' lang='lat' dir='ltr'><strong>possit,</strong></span> <span class='ocrx_word' id='word_1_640' title='bbox 951 4755 1111 4805; x_wconf 85' lang='lat' dir='ltr'><strong>quam</strong></span> <span class='ocrx_word' id='word_1_641' title='bbox 1167 4741 1315 4809; x_wconf 87' lang='lat' dir='ltr'><strong>ipsas</strong></span> <span class='ocrx_word' id='word_1_642' title='bbox 1383 4759 1652 4797; x_wconf 89' lang='lat' dir='ltr'><strong>canonum</strong></span> <span class='ocrx_word' id='word_1_643' title='bbox 1687 4744 2037 4799; x_wconf 89' lang='lat' dir='ltr'><strong>collectiones</strong></span> <span class='ocrx_word' id='word_1_644' title='bbox 2065 4749 2408 4815; x_wconf 74' lang='grc' dir='ltr'>νομοκάνονα</span> <span class='ocrx_word' id='word_1_645' title='bbox 2441 4748 2689 4801; x_wconf 88' lang='lat' dir='ltr'><strong>vocitari.</strong></span> <span class='ocrx_word' id='word_1_646' title='bbox 2727 4747 2835 4803; x_wconf 87' lang='lat' dir='ltr'><strong>Hoc</strong></span> <span class='ocrx_word' id='word_1_647' title='bbox 2874 4759 3052 4801; x_wconf 90' lang='lat' dir='ltr'><strong>autem</strong></span> <span class='ocrx_word' id='word_1_648' title='bbox 3110 4762 3304 4801; x_wconf 90' lang='lat' dir='ltr'><strong>nomen</strong></span> <span class='ocrx_word' id='word_1_649' title='bbox 3356 4746 3515 4800; x_wconf 90' lang='lat' dir='ltr'><strong>etiam</strong></span> <span class='ocrx_word' id='word_1_650' title='bbox 3553 4747 3768 4817; x_wconf 85' lang='lat' dir='ltr'><strong>synopsi</strong></span> <span class='ocrx_word' id='word_1_651' title='bbox 3803 4762 3970 4802; x_wconf 86' lang='lat' dir='ltr'><strong>cano-</strong></span> 
     </span>
    </p>
   </div>
   <div class='ocr_carea' id='block_1_59' title="bbox 725 4827 3970 4904">
    <p class='ocr_par' dir='ltr' id='par_1_59' title="bbox 725 4827 3970 4904">
     <span class='ocr_line' id='line_1_60' title="bbox 725 4827 3970 4904; baseline 0.002 -26"><span class='ocrx_word' id='word_1_652' title='bbox 725 4841 852 4878; x_wconf 88' lang='lat' dir='ltr'><strong>num</strong></span> <span class='ocrx_word' id='word_1_653' title='bbox 903 4829 970 4879; x_wconf 89' lang='lat' dir='ltr'><strong>ah</strong></span> <span class='ocrx_word' id='word_1_654' title='bbox 1021 4829 1212 4883; x_wconf 82' lang='lat' dir='ltr'><strong>Alexio</strong></span> <span class='ocrx_word' id='word_1_655' title='bbox 1245 4831 1495 4900; x_wconf 73' lang='lat' dir='ltr'><strong>Aristeno</strong></span> <span class='ocrx_word' id='word_1_656' title='bbox 1541 4833 1910 4898; x_wconf 62' lang='lat' dir='ltr'><strong>interpretata:</strong></span> <span class='ocrx_word' id='word_1_657' title='bbox 1959 4836 2276 4904; x_wconf 89' lang='lat' dir='ltr'><strong>inscriptum</strong></span> <span class='ocrx_word' id='word_1_658' title='bbox 2335 4849 2441 4900; x_wconf 86' lang='lat' dir='ltr'><strong>est,</strong></span> <span class='ocrx_word' id='word_1_659' title='bbox 2487 4844 2546 4889; x_wconf 90' lang='lat' dir='ltr'><strong>ut</strong></span> <span class='ocrx_word' id='word_1_660' title='bbox 2588 4851 2653 4890; x_wconf 87' lang='lat' dir='ltr'><strong>ex</strong></span> <span class='ocrx_word' id='word_1_661' title='bbox 2692 4836 2844 4888; x_wconf 88' lang='lat' dir='ltr'><strong>titulo</strong></span> <span class='ocrx_word' id='word_1_662' title='bbox 2893 4835 3138 4901; x_wconf 88' lang='lat' dir='ltr'><strong>superius</strong></span> <span class='ocrx_word' id='word_1_663' title='bbox 3165 4834 3332 4887; x_wconf 89' lang='lat' dir='ltr'><strong>citato</strong></span> <span class='ocrx_word' id='word_1_664' title='bbox 3372 4827 3609 4895; x_wconf 79' lang='lat' dir='ltr'><strong>constat,</strong></span> <span class='ocrx_word' id='word_1_665' title='bbox 3645 4836 3786 4903; x_wconf 89' lang='lat' dir='ltr'><strong>quod</strong></span> <span class='ocrx_word' id='word_1_666' title='bbox 3821 4836 3970 4902; x_wconf 90' lang='lat' dir='ltr'><strong>prius</strong></span> 
     </span>
    </p>
   </div>
   <div class='ocr_carea' id='block_1_60' title="bbox 720 4917 3967 4992">
    <p class='ocr_par' dir='ltr' id='par_1_60' title="bbox 720 4917 3967 4992">
     <span class='ocr_line' id='line_1_61' title="bbox 720 4917 3967 4992; baseline 0.002 -24"><span class='ocrx_word' id='word_1_667' title='bbox 720 4917 1023 4988; x_wconf 74' lang='lat' dir='ltr'><strong>expositam</strong></span> <span class='ocrx_word' id='word_1_668' title='bbox 1084 4927 1324 4971; x_wconf 91' lang='lat' dir='ltr'><strong>nostram</strong></span> <span class='ocrx_word' id='word_1_669' title='bbox 1385 4920 1449 4973; x_wconf 89' lang='lat' dir='ltr'><strong>de</strong></span> <span class='ocrx_word' id='word_1_670' title='bbox 1505 4920 1604 4972; x_wconf 87' lang='lat' dir='ltr'><strong>hac</strong></span> <span class='ocrx_word' id='word_1_671' title='bbox 1641 4935 1908 4974; x_wconf 91' lang='lat' dir='ltr'><strong>canonum</strong></span> <span class='ocrx_word' id='word_1_672' title='bbox 1963 4923 2198 4991; x_wconf 88' lang='lat' dir='ltr'><strong>epitome</strong></span> <span class='ocrx_word' id='word_1_673' title='bbox 2230 4926 2550 4976; x_wconf 80' lang='lat' dir='ltr'><strong>sententiam</strong></span> <span class='ocrx_word' id='word_1_674' title='bbox 2597 4924 2811 4992; x_wconf 83' lang='lat' dir='ltr'><strong>egregie</strong></span> <span class='ocrx_word' id='word_1_675' title='bbox 2841 4923 3169 4985; x_wconf 84' lang='lat' dir='ltr'><strong>conﬁrmat;</strong></span> <span class='ocrx_word' id='word_1_676' title='bbox 3203 4937 3323 4975; x_wconf 90' lang='lat' dir='ltr'><strong>cum</strong></span> <span class='ocrx_word' id='word_1_677' title='bbox 3356 4922 3468 4976; x_wconf 53' lang='lat' dir='ltr'><strong>hac</strong></span> <span class='ocrx_word' id='word_1_678' title='bbox 3501 4924 3690 4974; x_wconf 88' lang='lat' dir='ltr'><strong>eodem</strong></span> <span class='ocrx_word' id='word_1_679' title='bbox 3729 4925 3967 4986; x_wconf 82' lang='lat' dir='ltr'><strong>nomine,</strong></span> 
     </span>
    </p>
   </div>
   <div class='ocr_carea' id='block_1_61' title="bbox 721 5005 3974 5078">
    <p class='ocr_par' dir='ltr' id='par_1_61' title="bbox 721 5005 3974 5078">
     <span class='ocr_line' id='line_1_62' title="bbox 721 5005 3974 5078; baseline 0.001 -22"><span class='ocrx_word' id='word_1_680' title='bbox 721 5021 831 5075; x_wconf 87' lang='lat' dir='ltr'><strong>quo</strong></span> <span class='ocrx_word' id='word_1_681' title='bbox 867 5007 979 5073; x_wconf 90' lang='lat' dir='ltr'><strong>ipsa</strong></span> <span class='ocrx_word' id='word_1_682' title='bbox 1028 5005 1359 5074; x_wconf 67' lang='lat' dir='ltr'><strong>integ‘rorum</strong></span> <span class='ocrx_word' id='word_1_683' title='bbox 1419 5021 1696 5062; x_wconf 88' lang='lat' dir='ltr'><strong>canonum</strong></span> <span class='ocrx_word' id='word_1_684' title='bbox 1746 5009 2019 5073; x_wconf 89' lang='lat' dir='ltr'><strong>collectio,</strong></span> <span class='ocrx_word' id='word_1_685' title='bbox 2065 5012 2426 5076; x_wconf 82' lang='grc' dir='ltr'>νομοκὰνονον</span> <span class='ocrx_word' id='word_1_686' title='bbox 2478 5011 2706 5070; x_wconf 89' lang='lat' dir='ltr'><strong>scilicet,</strong></span> <span class='ocrx_word' id='word_1_687' title='bbox 2762 5008 3104 5075; x_wconf 88' lang='lat' dir='ltr'><strong>appelletur:</strong></span> <span class='ocrx_word' id='word_1_688' title='bbox 3144 5007 3401 5060; x_wconf 86' lang='lat' dir='ltr'><strong>nimirum</strong></span> <span class='ocrx_word' id='word_1_689' title='bbox 3461 5009 3602 5074; x_wconf 89' lang='lat' dir='ltr'><strong>quod</strong></span> <span class='ocrx_word' id='word_1_690' title='bbox 3662 5017 3834 5061; x_wconf 89' lang='lat' dir='ltr'><strong>totum</strong></span> <span class='ocrx_word' id='word_1_691' title='bbox 3885 5010 3974 5078; x_wconf 89' lang='lat' dir='ltr'><strong>jus</strong></span> 
     </span>
    </p>
   </div>
   <div class='ocr_carea' id='block_1_62' title="bbox 721 5094 3971 5165">
    <p class='ocr_par' dir='ltr' id='par_1_62' title="bbox 721 5094 3971 5165">
     <span class='ocr_line' id='line_1_63' title="bbox 721 5094 3971 5165; baseline 0.001 -18"><span class='ocrx_word' id='word_1_692' title='bbox 721 5096 1050 5148; x_wconf 89' lang='lat' dir='ltr'><strong>canonicum</strong></span> <span class='ocrx_word' id='word_1_693' title='bbox 1089 5096 1137 5146; x_wconf 91' lang='lat' dir='ltr'><strong>in</strong></span> <span class='ocrx_word' id='word_1_694' title='bbox 1185 5111 1249 5148; x_wconf 87' lang='lat' dir='ltr'><strong>ea</strong></span> <span class='ocrx_word' id='word_1_695' title='bbox 1286 5110 1391 5148; x_wconf 91' lang='lat' dir='ltr'><strong>non</strong></span> <span class='ocrx_word' id='word_1_696' title='bbox 1429 5110 1586 5150; x_wconf 88' lang='lat' dir='ltr'><strong>secus</strong></span> <span class='ocrx_word' id='word_1_697' title='bbox 1616 5107 1778 5164; x_wconf 89' lang='lat' dir='ltr'><strong>atque</strong></span> <span class='ocrx_word' id='word_1_698' title='bbox 1825 5098 1877 5150; x_wconf 92' lang='lat' dir='ltr'><strong>in</strong></span> <span class='ocrx_word' id='word_1_699' title='bbox 1925 5098 2056 5165; x_wconf 86' lang='lat' dir='ltr'><strong>ipsis</strong></span> <span class='ocrx_word' id='word_1_700' title='bbox 2095 5100 2394 5154; x_wconf 89' lang='lat' dir='ltr'><strong>cauonibus</strong></span> <span class='ocrx_word' id='word_1_701' title='bbox 2440 5097 2679 5151; x_wconf 81' lang='lat' dir='ltr'><strong>exhiberi</strong></span> <span class='ocrx_word' id='word_1_702' title='bbox 2735 5110 3053 5164; x_wconf 88' lang='lat' dir='ltr'><strong>persuasum</strong></span> <span class='ocrx_word' id='word_1_703' title='bbox 3102 5103 3265 5148; x_wconf 89' lang='lat' dir='ltr'><strong>esset.</strong></span> <span class='ocrx_word' id='word_1_704' title='bbox 3317 5094 3427 5149; x_wconf 90' lang='lat' dir='ltr'><strong>lloc</strong></span> <span class='ocrx_word' id='word_1_705' title='bbox 3476 5097 3660 5165; x_wconf 92' lang='lat' dir='ltr'><strong>itaque</strong></span> <span class='ocrx_word' id='word_1_706' title='bbox 3709 5096 3971 5152; x_wconf 85' lang='lat' dir='ltr'><strong>Nomoca-</strong></span> 
     </span>
    </p>
   </div>
   <div class='ocr_carea' id='block_1_63' title="bbox 723 5183 2376 5254">
    <p class='ocr_par' dir='ltr' id='par_1_63' title="bbox 723 5183 2376 5254">
     <span class='ocr_line' id='line_1_64' title="bbox 723 5183 2376 5254; baseline 0.001 -18"><span class='ocrx_word' id='word_1_707' title='bbox 723 5199 923 5236; x_wconf 90' lang='lat' dir='ltr'><strong>nonum</strong></span> <span class='ocrx_word' id='word_1_708' title='bbox 981 5183 1204 5236; x_wconf 79' lang='lat' dir='ltr'><strong>Alexius</strong></span> <span class='ocrx_word' id='word_1_709' title='bbox 1260 5183 1550 5236; x_wconf 83' lang='lat' dir='ltr'><strong>Aristenus</strong></span> <span class='ocrx_word' id='word_1_710' title='bbox 1600 5183 1988 5253; x_wconf 88' lang='lat' dir='ltr'><strong>interpretatus</strong></span> <span class='ocrx_word' id='word_1_711' title='bbox 2039 5194 2140 5250; x_wconf 89' lang='lat' dir='ltr'><strong>est,</strong></span> <span class='ocrx_word' id='word_1_712' title='bbox 2194 5187 2284 5254; x_wconf 90' lang='lat' dir='ltr'><strong>qui</strong></span> <span class='ocrx_word' id='word_1_713' title='bbox 2338 5187 2376 5240; x_wconf 86' lang='lat' dir='ltr'><strong>ir</strong></span> 
     </span>
    </p>
   </div>
   <div class='ocr_carea' id='block_1_64' title="bbox 2316 5183 3969 5254">
    <p class='ocr_par' dir='ltr' id='par_1_64' title="bbox 2338 5183 3969 5253">
     <span class='ocr_line' id='line_1_65' title="bbox 2338 5183 3969 5253; baseline -0.002 -13"><span class='ocrx_word' id='word_1_714' title='bbox 2338 5187 2388 5240; x_wconf 94' lang='lat' dir='ltr'><strong>in</strong></span> <span class='ocrx_word' id='word_1_715' title='bbox 2432 5184 2783 5252; x_wconf 85' lang='lat' dir='ltr'><strong>inscriptione</strong></span> <span class='ocrx_word' id='word_1_716' title='bbox 2818 5183 3236 5250; x_wconf 77' lang='grc' dir='ltr'><strong>Θεοφιλέστατος</strong></span> <span class='ocrx_word' id='word_1_717' title='bbox 3273 5183 3586 5253; x_wconf 79' lang='grc' dir='ltr'>νομοφύλαξ</span> <span class='ocrx_word' id='word_1_718' title='bbox 3635 5185 3969 5249; x_wconf 88' lang='lat' dir='ltr'><strong>nominatur,</strong></span> 
     </span>
    </p>
   </div>
   <div class='ocr_carea' id='block_1_65' title="bbox 721 5271 3973 5341">
    <p class='ocr_par' dir='ltr' id='par_1_65' title="bbox 721 5271 3973 5341">
     <span class='ocr_line' id='line_1_66' title="bbox 721 5271 3973 5341; baseline 0.002 -20"><span class='ocrx_word' id='word_1_719' title='bbox 721 5286 880 5338; x_wconf 82' lang='lat' dir='ltr'><strong>quem</strong></span> <span class='ocrx_word' id='word_1_720' title='bbox 943 5271 1108 5325; x_wconf 87' lang='lat' dir='ltr'><strong>etiam</strong></span> <span class='ocrx_word' id='word_1_721' title='bbox 1173 5286 1427 5340; x_wconf 87' lang='lat' dir='ltr'><strong>magnum</strong></span> <span class='ocrx_word' id='word_1_722' title='bbox 1481 5285 1822 5327; x_wconf 68' lang='lat' dir='ltr'><strong>oeconomum</strong></span> <span class='ocrx_word' id='word_1_723' title='bbox 1888 5273 2177 5341; x_wconf 85' lang='lat' dir='ltr'><strong>aliquando</strong></span> <span class='ocrx_word' id='word_1_724' title='bbox 2231 5273 2422 5340; x_wconf 79' lang='lat' dir='ltr'><strong>fuisse,</strong></span> <span class='ocrx_word' id='word_1_725' title='bbox 2484 5271 2821 5326; x_wconf 87' lang='lat' dir='ltr'><strong>Balsamonis</strong></span> <span class='ocrx_word' id='word_1_726' title='bbox 2881 5271 3042 5326; x_wconf 79' lang='lat' dir='ltr'><strong>verba</strong></span> <span class='ocrx_word' id='word_1_727' title='bbox 3090 5271 3337 5340; x_wconf 89' lang='lat' dir='ltr'><strong>superius</strong></span> <span class='ocrx_word' id='word_1_728' title='bbox 3393 5271 3608 5326; x_wconf 89' lang='lat' dir='ltr'><strong>laudata</strong></span> <span class='ocrx_word' id='word_1_729' title='bbox 3666 5273 3824 5326; x_wconf 76' lang='lat' dir='ltr'><strong>[idem</strong></span> <span class='ocrx_word' id='word_1_730' title='bbox 3882 5273 3973 5326; x_wconf 81' lang='lat' dir='ltr'><strong>ia—</strong></span> 
     </span>
    </p>
   </div>
   <div class='ocr_carea' id='block_1_66' title="bbox 723 5359 892 5414">
    <p class='ocr_par' dir='ltr' id='par_1_66' title="bbox 723 5359 892 5414">
     <span class='ocr_line' id='line_1_67' title="bbox 723 5359 892 5414; baseline -0.018 0"><span class='ocrx_word' id='word_1_731' title='bbox 723 5359 892 5414; x_wconf 85' lang='lat' dir='ltr'><strong>ciunt.</strong></span> 
     </span>
    </p>
   </div>
   <div class='ocr_carea' id='block_1_67' title="bbox 798 5466 3974 5540">
    <p class='ocr_par' dir='ltr' id='par_1_67' title="bbox 798 5466 3974 5540">
     <span class='ocr_line' id='line_1_68' title="bbox 798 5466 3974 5540; baseline 0.001 -19"><span class='ocrx_word' id='word_1_732' title='bbox 798 5466 925 5523; x_wconf 74' lang='lat' dir='ltr'><strong>llzec</strong></span> <span class='ocrx_word' id='word_1_733' title='bbox 971 5468 1208 5521; x_wconf 85' lang='lat' dir='ltr'><strong>Aristeni</strong></span> <span class='ocrx_word' id='word_1_734' title='bbox 1263 5467 1314 5520; x_wconf 93' lang='lat' dir='ltr'><strong>in</strong></span> <span class='ocrx_word' id='word_1_735' title='bbox 1370 5466 1813 5522; x_wconf 84' lang='lat' dir='ltr'><strong>Nomocanonum</strong></span> <span class='ocrx_word' id='word_1_736' title='bbox 1868 5467 2236 5523; x_wconf 86' lang='lat' dir='ltr'><strong>abbreviatum</strong></span> <span class='ocrx_word' id='word_1_737' title='bbox 2292 5469 2494 5524; x_wconf 86' lang='lat' dir='ltr'><strong>scholia</strong></span> <span class='ocrx_word' id='word_1_738' title='bbox 2547 5485 2654 5523; x_wconf 92' lang='lat' dir='ltr'><strong>non</strong></span> <span class='ocrx_word' id='word_1_739' title='bbox 2708 5469 2927 5523; x_wconf 89' lang='lat' dir='ltr'><strong>memini</strong></span> <span class='ocrx_word' id='word_1_740' title='bbox 2959 5470 3025 5523; x_wconf 90' lang='lat' dir='ltr'><strong>ab</strong></span> <span class='ocrx_word' id='word_1_741' title='bbox 3059 5468 3354 5538; x_wconf 88' lang='lat' dir='ltr'><strong>antiquiori</strong></span> <span class='ocrx_word' id='word_1_742' title='bbox 3399 5470 3654 5538; x_wconf 89' lang='lat' dir='ltr'><strong>quopiam</strong></span> <span class='ocrx_word' id='word_1_743' title='bbox 3708 5471 3974 5540; x_wconf 88' lang='lat' dir='ltr'><strong>scriptore</strong></span> 
     </span>
    </p>
   </div>
   <div class='ocr_carea' id='block_1_68' title="bbox 719 5555 3973 5625">
    <p class='ocr_par' dir='ltr' id='par_1_68' title="bbox 719 5555 3973 5625">
     <span class='ocr_line' id='line_1_69' title="bbox 719 5555 3973 5625; baseline 0.002 -17"><span class='ocrx_word' id='word_1_744' title='bbox 719 5566 1147 5609; x_wconf 89' lang='lat' dir='ltr'><strong>commemorata</strong></span> <span class='ocrx_word' id='word_1_745' title='bbox 1183 5569 1304 5609; x_wconf 90' lang='lat' dir='ltr'><strong>esse</strong></span> <span class='ocrx_word' id='word_1_746' title='bbox 1337 5555 1420 5608; x_wconf 90' lang='lat' dir='ltr'><strong>vel</strong></span> <span class='ocrx_word' id='word_1_747' title='bbox 1452 5555 1696 5620; x_wconf 88' lang='lat' dir='ltr'><strong>laudata;</strong></span> <span class='ocrx_word' id='word_1_748' title='bbox 1731 5557 1831 5610; x_wconf 89' lang='lat' dir='ltr'><strong>nisi</strong></span> <span class='ocrx_word' id='word_1_749' title='bbox 1874 5556 2016 5625; x_wconf 90' lang='lat' dir='ltr'><strong>quod</strong></span> <span class='ocrx_word' id='word_1_750' title='bbox 2049 5557 2368 5612; x_wconf 86' lang='lat' dir='ltr'><strong>scholiastes</strong></span> <span class='ocrx_word' id='word_1_751' title='bbox 2398 5558 2450 5611; x_wconf 87' lang='lat' dir='ltr'><strong>in</strong></span> <span class='ocrx_word' id='word_1_752' title='bbox 2486 5559 2671 5612; x_wconf 87' lang='lat' dir='ltr'><strong>codice</strong></span> <span class='ocrx_word' id='word_1_753' title='bbox 2701 5557 3135 5611; x_wconf 82' lang='lat' dir='ltr'><strong>Amerbachiauo</strong></span> <span class='ocrx_word' id='word_1_754' title='bbox 3168 5557 3424 5610; x_wconf 81' lang='lat' dir='ltr'><strong>nonnulla</strong></span> <span class='ocrx_word' id='word_1_755' title='bbox 3459 5573 3521 5611; x_wconf 75' lang='lat' dir='ltr'><strong>ex</strong></span> <span class='ocrx_word' id='word_1_756' title='bbox 3583 5558 3649 5611; x_wconf 90' lang='lat' dir='ltr'><strong>iis</strong></span> <span class='ocrx_word' id='word_1_757' title='bbox 3694 5569 3973 5613; x_wconf 88' lang='lat' dir='ltr'><strong>mutuatus</strong></span> 
     </span>
    </p>
   </div>
   <div class='ocr_carea' id='block_1_69' title="bbox 719 5642 3972 5712">
    <p class='ocr_par' dir='ltr' id='par_1_69' title="bbox 719 5642 3972 5712">
     <span class='ocr_line' id='line_1_70' title="bbox 719 5642 3972 5712; baseline 0.001 -17"><span class='ocrx_word' id='word_1_758' title='bbox 719 5659 860 5709; x_wconf 82' lang='lat' dir='ltr'><strong>esse,</strong></span> <span class='ocrx_word' id='word_1_759' title='bbox 890 5654 942 5697; x_wconf 87' lang='lat' dir='ltr'><strong>et</strong></span> <span class='ocrx_word' id='word_1_760' title='bbox 991 5642 1276 5696; x_wconf 70' lang='lat' dir='ltr'><strong>Balsamon</strong></span> <span class='ocrx_word' id='word_1_761' title='bbox 1321 5657 1384 5696; x_wconf 88' lang='lat' dir='ltr'><strong>ea</strong></span> <span class='ocrx_word' id='word_1_762' title='bbox 1428 5657 1814 5712; x_wconf 89' lang='lat' dir='ltr'><strong>nonnunquam</strong></span> <span class='ocrx_word' id='word_1_763' title='bbox 1866 5645 2063 5698; x_wconf 85' lang='lat' dir='ltr'><strong>citasse</strong></span> <span class='ocrx_word' id='word_1_764' title='bbox 2111 5644 2378 5708; x_wconf 87' lang='lat' dir='ltr'><strong>videatur,</strong></span> <span class='ocrx_word' id='word_1_765' title='bbox 2415 5656 2470 5698; x_wconf 90' lang='lat' dir='ltr'><strong>ut</strong></span> <span class='ocrx_word' id='word_1_766' title='bbox 2504 5646 2559 5699; x_wconf 89' lang='lat' dir='ltr'><strong>in</strong></span> <span class='ocrx_word' id='word_1_767' title='bbox 2593 5645 3035 5699; x_wconf 85' lang='lat' dir='ltr'><strong>annotationibus</strong></span> <span class='ocrx_word' id='word_1_768' title='bbox 3083 5645 3307 5697; x_wconf 90' lang='lat' dir='ltr'><strong>subinde</strong></span> <span class='ocrx_word' id='word_1_769' title='bbox 3355 5645 3698 5698; x_wconf 87' lang='lat' dir='ltr'><strong>observatum</strong></span> <span class='ocrx_word' id='word_1_770' title='bbox 3756 5655 3859 5702; x_wconf 92' lang='lat' dir='ltr'><strong>est.</strong></span> <span class='ocrx_word' id='word_1_771' title='bbox 3897 5648 3972 5701; x_wconf 81' lang='lat' dir='ltr'><strong>Ex</strong></span> 
     </span>
    </p>
   </div>
   <div class='ocr_carea' id='block_1_70' title="bbox 723 5730 3972 5800">
    <p class='ocr_par' dir='ltr' id='par_1_70' title="bbox 723 5730 3972 5800">
     <span class='ocr_line' id='line_1_71' title="bbox 723 5730 3972 5800; baseline 0.001 -16"><span class='ocrx_word' id='word_1_772' title='bbox 723 5733 1137 5795; x_wconf 84' lang='lat' dir='ltr'><strong>recentioribus,</strong></span> <span class='ocrx_word' id='word_1_773' title='bbox 1170 5731 1450 5786; x_wconf 89' lang='lat' dir='ltr'><strong>Gilbertus</strong></span> <span class='ocrx_word' id='word_1_774' title='bbox 1481 5730 1868 5787; x_wconf 85' lang='lat' dir='ltr'><strong>Genebrardus</strong></span> <span class='ocrx_word' id='word_1_775' title='bbox 1916 5731 2052 5785; x_wconf 82' lang='lat' dir='ltr'><strong>libro</strong></span> <span class='ocrx_word' id='word_1_776' title='bbox 2114 5730 2188 5784; x_wconf 85' lang='lat' dir='ltr'><strong>De</strong></span> <span class='ocrx_word' id='word_1_777' title='bbox 2237 5730 2502 5786; x_wconf 83' lang='lat' dir='ltr'><strong>Trinitate</strong></span> <span class='ocrx_word' id='word_1_778' title='bbox 2555 5733 2800 5785; x_wconf 77' lang='lat' dir='ltr'><strong>Alesiam</strong></span> <span class='ocrx_word' id='word_1_779' title='bbox 2851 5733 3160 5784; x_wconf 88' lang='lat' dir='ltr'><strong>Aristenum</strong></span> <span class='ocrx_word' id='word_1_780' title='bbox 3208 5732 3360 5796; x_wconf 85' lang='lat' dir='ltr'><strong>citat,</strong></span> <span class='ocrx_word' id='word_1_781' title='bbox 3407 5747 3640 5800; x_wconf 90' lang='lat' dir='ltr'><strong>eumque</strong></span> <span class='ocrx_word' id='word_1_782' title='bbox 3685 5732 3972 5787; x_wconf 84' lang='lat' dir='ltr'><strong>diaconum</strong></span> 
     </span>
    </p>
   </div>
   <div class='ocr_carea' id='block_1_71' title="bbox 721 5819 3969 5894">
    <p class='ocr_par' dir='ltr' id='par_1_71' title="bbox 721 5819 3969 5894">
     <span class='ocr_line' id='line_1_72' title="bbox 721 5819 3969 5894; baseline 0 -19"><span class='ocrx_word' id='word_1_783' title='bbox 721 5821 979 5878; x_wconf 75' lang='lat' dir='ltr'><strong>Ecclesia:</strong></span> <span class='ocrx_word' id='word_1_784' title='bbox 1012 5820 1629 5894; x_wconf 76' lang='lat' dir='ltr'><strong>Constantinopolitance</strong></span> <span class='ocrx_word' id='word_1_785' title='bbox 1675 5821 1843 5882; x_wconf 82' lang='lat' dir='ltr'><strong>fuisse</strong></span> <span class='ocrx_word' id='word_1_786' title='bbox 1894 5821 2145 5880; x_wconf 80' lang='lat' dir='ltr'><strong>aﬂirmat.</strong></span> <span class='ocrx_word' id='word_1_787' title='bbox 2189 5819 2294 5878; x_wconf 89' lang='lat' dir='ltr'><strong>Lco</strong></span> <span class='ocrx_word' id='word_1_788' title='bbox 2351 5820 2580 5877; x_wconf 71' lang='lat' dir='ltr'><strong>All-atlas</strong></span> <span class='ocrx_word' id='word_1_789' title='bbox 2633 5823 2746 5875; x_wconf 62' lang='lat' dir='ltr'><strong>hinc</strong></span> <span class='ocrx_word' id='word_1_790' title='bbox 2797 5819 3001 5876; x_wconf 83' lang='lat' dir='ltr'><strong>scholia</strong></span> <span class='ocrx_word' id='word_1_791' title='bbox 3059 5833 3200 5887; x_wconf 67' lang='lat' dir='ltr'><strong>saepe</strong></span> <span class='ocrx_word' id='word_1_792' title='bbox 3251 5819 3458 5886; x_wconf 85' lang='lat' dir='ltr'><strong>laudat,</strong></span> <span class='ocrx_word' id='word_1_793' title='bbox 3516 5819 3608 5876; x_wconf 90' lang='lat' dir='ltr'><strong>scd</strong></span> <span class='ocrx_word' id='word_1_794' title='bbox 3655 5834 3720 5875; x_wconf 79' lang='lat' dir='ltr'><strong>ex</strong></span> <span class='ocrx_word' id='word_1_795' title='bbox 3772 5820 3969 5878; x_wconf 85' lang='lat' dir='ltr'><strong>biblio-</strong></span> 
     </span>
    </p>
   </div>
  </div>
