4186 6438
215 435 284 494 33
1266 435 1474 498 GUlL.
1508 435 1922 499 BEVEREGII
1957 433 2373 494 PREFATIO.
3392 434 3462 498 35

220 553 379 603 theca
419 548 724 603 Vaticana:
760 562 1039 617 nunquam
1089 550 1234 604 enim
1289 554 1525 607 antehac
1575 554 1721 609 edita
1765 553 2002 608 fuerunt.
2044 554 2124 606 Ad
2179 554 2322 607 hanc
2374 559 2554 604 autem
2621 561 2863 606 nostram
2921 567 3108 608 eorum
3165 553 3458 612 editionem

221 636 648 703 perpoliendam,
687 647 919 702 quatuor
977 637 1056 688 usi
1110 651 1296 690 sumus
1339 640 1620 692 codicibus
1665 656 1796 693 mss.
1845 655 2072 706 quorum
2123 654 2285 692 unum
2337 636 2615 690 nobiscum
2662 640 3084 693 Contmunicavit
3129 641 3465 696 clarissimus

219 723 301 774 vir
345 719 590 775 Joannes
619 723 880 784 Pearson,
927 721 1025 774 SS.
1064 723 1343 793 theologia:
1380 726 1655 794 professor
1689 725 2082 794 Margareticus
2134 725 2187 777 in
2223 725 2575 777 universitate
2624 723 3082 794 Cantabrigiensi,
3131 727 3223 794 qui
3273 729 3325 780 in
3384 730 3466 782 bi-

223 809 494 861 bliotlteca
533 809 744 875 collegii
784 810 886 863 SS.
930 809 1242 875 Trinitatis,
1283 814 1367 866 cui
1419 814 1532 878 ipse
1577 813 1863 882 praefectus
1912 824 1996 868 est
2046 814 2096 866 in
2144 813 2332 865 eadem
2383 811 2756 876 universitate,
2806 814 3050 866 codicem
3091 814 3250 867 istum
3298 815 3469 869 nitide

217 905 506 949 exaratum
563 898 868 961 inveniens,
924 901 1172 952 eumdem
1221 901 1376 953 nobis
1427 900 1616 954 Latine
1650 903 1968 954 vertendum
2018 907 2316 954 concedere
2365 900 2620 968 dignatus
2672 907 2776 962 est,
2830 908 2884 952 et
2930 901 3006 952 sic
3059 902 3286 968 primam
3342 902 3468 954 huic

225 985 438 1036 edendo
472 984 623 1050 operi
657 986 1001 1038 occasionem
1038 987 1285 1053 prtrbttil.
1328 989 1429 1041 Iste
1461 997 1639 1041 autem
1667 989 1838 1041 codex
1868 1004 1897 1042 e
1929 987 2086 1068 longe
2119 987 2399 1040 vetustiori
2434 987 2484 1039 in
2519 986 2848 1040 bibliotheca
2902 987 3194 1040 Bodleiano
3242 987 3468 1040 Oxouim

221 1073 536 1138 exscriptus
569 1071 765 1137 fuerat,
795 1088 955 1141 quem
990 1085 1273 1141 propterea
1307 1090 1447 1141 sazpe
1477 1076 1763 1129 consulere
1796 1090 2079 1129 necessum
2131 1075 2435 1127 habuimus.
2473 1073 2610 1137 Quin
2656 1084 2708 1125 et
2743 1073 2905 1125 alium
2943 1074 3303 1141 suppeditavit
3334 1074 3468 1126 insi-

224 1161 524 1224 gnisitnus
555 1160 637 1212 \ir
669 1158 908 1214 Thomas
961 1160 1177 1220 lli-own.
1226 1161 1325 1214 SS.
1374 1162 1660 1231 theologia:
1703 1161 2003 1230 professor,
2056 1171 2108 1214 et
2159 1161 2380 1229 capellae
2420 1161 2577 1226 regite
2630 1159 2987 1214 Windesoria‘.
3036 1161 3466 1228 praelateudarius.

220 1247 356 1298 Cum
412 1263 546 1316 opus
603 1261 785 1301 autem
840 1264 973 1316 pene
1030 1251 1094 1302 ad
1147 1251 1464 1304 umbilicum
1523 1251 1836 1318 perductum
1887 1247 2070 1310 fuerit,
2118 1249 2256 1300 alius
2305 1249 2356 1299 in
2413 1249 2723 1314 supradicta
2789 1247 3114 1300 bibliotheca
3177 1245 3467 1298 Bodleiana

221 1333 479 1388 inVentus
510 1344 592 1386 est
625 1337 794 1388 codex
849 1351 950 1388 ms.
1004 1339 1237 1406 eleganti
1271 1347 1324 1390 et
1352 1348 1563 1391 vetusto
1593 1339 1910 1390 charactere
1940 1346 2199 1389 exaratus
2229 1351 2243 1388 :
2282 1349 2312 1388 e
2345 1349 2452 1402 quo
2483 1335 2737 1387 nonnulla
2771 1345 3024 1402 excerpta
3056 1342 3206 1396 sunt,
3244 1348 3362 1401 qua:
3412 1333 3466 1387 in

222 1422 346 1474 aliis
375 1423 655 1474 codicibus
685 1421 1090 1486 desiderantur,
1140 1440 1202 1477 ac
1231 1426 1456 1494 proinde
1507 1436 1630 1492 post
1675 1425 1968 1478 canonicas
2008 1423 2282 1490 epistolas,
2332 1421 2396 1473 ad
2427 1435 2562 1488 quas
2591 1422 2885 1487 pertinent.
2945 1421 2995 1472 in
3032 1423 3271 1473 secundo
3301 1430 3448 1472 tomo

219 1511 480 1562 eduntur.
513 1510 708 1562 Eorum
739 1523 916 1563 autem
945 1512 1319 1564 collectionem
1353 1514 1557 1578 pariter
1587 1519 1749 1580 atque
1781 1511 2084 1563 versionem
2115 1509 2231 1560 viro
2261 1507 2449 1560 multis
2482 1507 2790 1559 nominibus
2819 1507 3136 1560 honorando
3169 1505 3230 1557 D.
3264 1504 3464 1560 Joanni

223 1595 356 1657 l-‘cll,
399 1597 455 1650 S.
486 1597 545 1648 T.
587 1597 670 1659 P.,
705 1598 959 1651 Ecclesiae
991 1599 1315 1652 cathedralis
1345 1599 1546 1652 Christi
1609 1602 1811 1651 decano
1841 1599 1894 1649 in
1925 1595 2286 1650 Universitate
2310 1593 2604 1648 Oxonicnsi
2635 1594 2912 1657 debemus,
2941 1594 3030 1662 qui
3058 1595 3126 1647 ad
3158 1595 3462 1647 uberiorem

225 1683 386 1750 ltujtts
421 1686 602 1750 operis
630 1696 882 1738 ornatum
914 1686 1147 1750 curavit,
1181 1695 1239 1740 ut
1277 1687 1402 1739 illud
1441 1702 1576 1755 opus
1612 1701 1639 1738 a
1684 1687 1843 1739 docto
1873 1685 2106 1752 quodam
2155 1684 2272 1735 viro
2305 1682 2357 1734 in
2391 1683 2579 1734 eadem
2616 1681 2909 1735 Academia
2957 1681 3327 1748 perficeretur.
3359 1680 3464 1735 Sed

222 1783 277 1822 et
309 1772 484 1822 eidem
514 1773 677 1824 etiam
713 1774 976 1839 pra-clara
1011 1775 1319 1827 eruditione
1352 1783 1407 1827 et
1457 1773 1651 1842 insigni
1687 1775 1887 1841 pietate
1935 1775 2051 1825 viro
2105 1781 2417 1824 accuratam
2468 1773 2630 1822 totius
2683 1770 2906 1838 hujusce
2947 1770 3127 1836 Operis
3181 1769 3467 1822 editionem

222 1859 532 1926 respublica
589 1859 852 1913 canonica
907 1871 1190 1927 acceptam
1250 1860 1470 1926 referat,
1527 1863 1725 1930 quippe
1772 1860 1926 1927 cujus
1953 1859 2124 1914 solius
2157 1873 2287 1912 cura
2332 1866 2492 1926 atque
2527 1857 2754 1910 consilio
2803 1857 2856 1909 itt
2893 1858 3148 1924 onmibus
3204 1855 3469 1918 adhibito,

221 1959 482 2000 accurate
513 1948 647 2000 adeo
679 1958 730 2002 et
764 1948 928 2017 polite
961 1949 1160 2017 prodit.
1208 1965 1230 1980 κ

295 2056 378 2108 Ad
437 2055 640 2109 calcem
696 2057 859 2106 totius
911 2056 1092 2120 Operis
1143 2055 1526 2109 annotatioues
1581 2055 1954 2126 subjuuximus
1987 2056 2102 2126 (a):
2161 2056 2210 2108 in
2274 2054 2469 2121 quibus
2537 2053 2664 2121 quid
2724 2053 3093 2121 prmstitimus,
3138 2052 3218 2106 vel
3281 2053 3472 2106 saltem

226 2154 490 2210 praestare
537 2143 711 2194 conati
771 2156 980 2202 sumus,
1034 2145 1218 2208 paucis
1274 2143 1644 2210 expediemus.
1685 2124 2058 2198 Priitto‘Enim
2101 2144 2254 2198 nobis
2307 2143 2529 2195 minime
2570 2143 2904 2209 propositum
2949 2142 3071 2203 fuit,
3138 2144 3189 2195 in
3233 2141 3475 2209 singulos

227 2243 470 2281 canones
520 2243 823 2294 eorumque
855 2228 1057 2280 scholia
1099 2231 1518 2283 commentarios
1557 2230 1737 2293 edere,
1767 2231 1906 2298 quod
1935 2246 2114 2298 operae
2150 2230 2302 2313 nobis
2334 2230 2564 2296 pretium
2600 2228 2738 2281 haud
2785 2228 2956 2280 visum
2993 2236 3098 2282 est.
3143 2228 3219 2281 Ac
3253 2228 3476 2295 proinde

226 2315 536 2368 istiusmodi
569 2317 942 2367 tantummodo
974 2315 1128 2379 locis,
1180 2332 1298 2383 qua:
1343 2318 1811 2369 oltscurioraWisa
1847 2329 1988 2378 sunt,
2032 2332 2150 2382 qua:
2192 2312 2473 2384 perperam
2526 2316 2594 2367 ab
2642 2315 2762 2367 aliis
2792 2314 3081 2375 intellecta,
3133 2323 3224 2366 aut
3259 2312 3475 2379 majoris

224 2401 511 2466 momenti,
545 2411 598 2453 et
630 2399 1018 2468 frequentioris
1052 2403 1102 2453 in
1143 2402 1526 2456 ecclesiasticis
1553 2403 1901 2457 dlSCtlllClltllS
1930 2403 2317 2456 controversiis
2350 2417 2502 2460 usus.
2540 2401 2924 2463 dilueidandis,
2953 2397 3294 2452 vindicandis
3328 2407 3381 2451 et
3411 2400 3473 2452 ad

223 2490 524 2557 genuinum
591 2488 829 2554 ipsorum
882 2503 1100 2539 sensum
1158 2488 1530 2551 restituendis,
1585 2499 1787 2551 totam,
1836 2492 2010 2556 qualis
2057 2490 2236 2558 qualis
2283 2487 2421 2550 fuit,
2473 2503 2690 2557 operam
2745 2487 3061 2540 locavinttts.
3118 2484 3252 2539 Ilinc
3308 2486 3474 2538 etiam

227 2576 504 2626 variantes
559 2574 762 2641 passim
821 2573 1082 2625 let-tiones
1131 2589 1196 2625 cx
1239 2574 1515 2626 codicibus
1548 2585 1656 2625 tant
1712 2590 1840 2626 tnss.
1888 2593 2045 2643 quant
2097 2575 2377 2643 impressis
2422 2613 2435 2637 ,
2486 2573 2890 2636 adnotavimus;
2934 2572 3035 2623 alia
3086 2575 3246 2624 etiam
3284 2587 3473 2639 quant-

227 2661 466 2731 pluriuta
497 2661 724 2722 scholia,
765 2677 886 2728 quze
916 2670 970 2712 ut
1003 2675 1174 2728 neque
1209 2661 1274 2712 ad
1321 2659 1683 2724 Balsantonis,
1718 2676 1814 2713 nec
1848 2661 2091 2723 lunai-ar,
2127 2676 2225 2714 nec
2255 2661 2493 2712 Aristeni
2544 2659 2845 2730 ἑρμηνείας
2879 2657 3224 2725 pertinentia,
3266 2660 3315 2709 in
3361 2658 3475 2724 iptu

223 2751 410 2818 aperis
463 2763 685 2816 corpore
737 2749 984 2802 consulto
1040 2750 1402 2817 praetermissa
1450 2759 1605 2811 sunt,
1659 2762 1722 2801 ex
1777 2764 1904 2802 mss.
1959 2747 2261 2800 Bodleianis
2302 2757 2354 2799 et
2407 2746 2880 2802 Anterbachiano.
2942 2745 3006 2797 ad
3073 2759 3198 2796 suos
3253 2758 3476 2811 qumque

233 2853 480 2892 canones
509 2838 650 2890 inter
683 2838 1063 2891 annotatiunes
1097 2839 1464 2906 apposuimtts.
1489 2836 1759 2904 Quidquid
1784 2837 1944 2889 etiatn
1977 2835 2296 2888 scholiastes
2330 2837 2378 2884 in
2414 2833 2753 2886 Constantini
2787 2831 3169 2898 llartnenopuli
3202 2831 3475 2898 epitomen

225 2943 500 2984 canonum
533 2927 998 2991 conscripserunt,
1031 2930 1093 2978 ad
1137 2926 1310 2978 locum
1329 2900 1515 2978 {tidem
1546 2926 1796 2993 quodque
1822 2940 1974 2977 suum
2005 2923 2392 2991 congessimus.
2425 2921 2570 2972 Adeo
2603 2929 2660 2972 ut
2687 2920 2817 2972 lllllll
2865 2935 2894 2971 a
2919 2917 3122 2971 Grmcis
3150 2919 3476 2986 quibuslibet

226 3018 281 3069 in
328 3015 432 3068 hoc
469 3011 715 3066 canonici
750 3014 986 3081 ipsorum
1018 3013 1158 3079 juris
1187 3028 1383 3081 corpus
1414 3011 1780 3081 conscriptum
1809 3010 1875 3064 ad
1902 3010 2156 3063 notitiam
2193 3018 2432 3062 nostram
2477 3006 2745 3074 pervenit,
2774 3007 2915 3075 quod
2949 3022 3051 3058 non
3096 3007 3147 3057 in
3184 3007 3281 3058 hoc
3311 3005 3474 3057 unico

224 3117 393 3172 opere
425 3101 708 3156 collectum
742 3100 1042 3153 exhibetur.

294 3274 370 3334 (α)
397 3274 548 3327 Notas
575 3274 740 3328 textui
771 3274 1088 3339 subjecimus,
1126 3279 1212 3327 sed
1239 3275 1438 3325 delectu
1465 3276 1647 3325 habito.
1674 3224 1810 3324 lion.
1839 3275 1988 3324 Pun.
