4186 6438
718 408 788 471 ιιι
832 382 835 389 ί
1958 393 2233 453 THEOD.
2274 390 2676 452 BALSAMON
3911 381 3979 444 tt.

790 514 1042 572 'LONAR.
1079 512 1311 567 Fructus
1356 504 1695 562 autumnales
1719 514 1783 558 ad
1812 507 1979 558 altare
2008 519 2115 558 non
2140 519 2302 572 opor-

2478 504 2726 557 ZQNAP.
2780 502 2891 563 Τὰς
2926 499 3149 571 ὀπώρας
3207 499 3307 552 οὑκ
3360 497 3443 561 είς
3479 496 3539 551 τὸ
3596 495 3979 565 θυσιαστήριον

721 618 798 664 tet
832 605 1046 661 all'erre.
1080 603 1187 658 Sed
1218 600 1311 670 qui
1370 614 1467 670 pro
1519 598 1697 654 debita
1735 597 2033 666 gratiarum
2086 596 2302 649 actione

723 700 835 753 vult
858 713 925 752 ex
957 696 1042 750 his
1075 694 1271 749 oll‘erre
1298 693 1405 747 Deo
1430 690 1674 746 decimas
1717 697 1812 741 aut
1841 686 2133 756 primitias,
2178 684 2301 753 epi-

722 800 910 854 se0po,
964 782 1408 855 presbyterisque
1446 779 1655 834 delerat
1691 778 1855 848 ipsas.
1895 774 1997 841 Qui
2030 790 2149 829 cum
2182 788 2307 828 sns-

723 876 967 947 ceperint
998 888 1118 940 eas,
1158 875 1208 927 in
1236 872 1595 927 domesticam
1642 884 1794 924 suam
1838 867 2006 921 solam
2059 882 2166 921 non
2206 866 2304 919 ha-

723 970 887 1021 beant
918 966 1228 1027 utilitatem,
1279 978 1379 1019 nec
1420 962 1521 1019 soli
1574 961 1827 1016 fruantur
1857 979 1870 1015 :
1906 960 2001 1015 sed
2046 959 2305 1014 universo

725 1058 872 1111 clero
905 1057 1252 1111 distribuant.

723 1148 952 1205 ARIST.
999 1146 1230 1201 Fructus
1311 1147 1523 1199 domum
1590 1144 1890 1208 mittantur,
1966 1158 2096 1212 quos
2144 1144 2303 1211 primi

1054 1239 1236 1291 ordine
1258 1236 1589 1307 sequentibus
1623 1235 1963 1289 distribuunt.

795 1331 1029 1402 Excepta
1079 1346 1178 1383 uva
1216 1344 1374 1399 paSsa
1435 1327 1701 1398 primitias
1748 1327 1973 1380 aliomm
2028 1325 2303 1381 fructuum

722 1439 829 1477 non
879 1422 1004 1477 licet
1035 1421 1191 1474 altari
1243 1419 1479 1485 oll'erre,
1534 1419 1628 1473 sed
1668 1419 1886 1472 domum
1938 1416 2151 1471 mittere
2186 1417 2305 1486 epi-

722 1528 891 1582 scopo
928 1522 983 1565 et
1022 1511 1376 1582 presbyteris,
1417 1522 1476 1563 ut
1524 1508 1919 1564 distribuantur
1969 1508 2211 1562 diaconis
2250 1518 2304 1563 et

723 1604 845 1658 aliis
882 1603 1117 1659 clericis.
1156 1602 1269 1659 Uva
1293 1602 1436 1657 enim
1464 1602 1517 1656 in
1550 1600 1780 1656 ecclesia
1814 1598 2040 1654 oll‘ertur
2068 1600 2308 1670 peculia-

722 1696 857 1749 riter
896 1696 962 1748 ab
1000 1693 1119 1749 aliis
1159 1693 1443 1757 fructibus,
1484 1702 1541 1746 ut
1587 1701 1643 1747 et
1693 1707 1721 1745 a
1759 1693 1884 1745 vino
1922 1707 1987 1745 ex
2034 1706 2097 1747 ea
2140 1690 2304 1757 facto,

722 1786 864 1852 quod
899 1787 1194 1839 assumitur
1225 1786 1292 1840 ad
1323 1784 1706 1855 perliciendum
1756 1782 2103 1838 incruentum
2130 1785 2305 1839 sacri-

724 1879 926 1934 ﬁcium.

1373 2058 1600 2115 CANON
1641 2061 1699 2114 V.

725 2152 1059 2224 EpiscOpus,
1124 2153 1201 2207 vel
1258 2158 1564 2222 presbyter,
1631 2152 1707 2206 vel
1765 2154 2021 2206 diaconus
2084 2169 2305 2219 uxorem

792 2262 946 2299 suam
997 2262 1058 2299 ne
1108 2246 1285 2314 ejiciat
1341 2246 1609 2314 religionis
1650 2253 1908 2314 prwtextu
1944 2260 1963 2298 :
1998 2246 2084 2299 sin
2132 2256 2307 2301 autem

795 2339 1038 2408 ejecerit,
1104 2350 1398 2407 segregetur
1433 2354 1451 2391 :
1504 2349 1550 2391 et
1601 2341 1646 2391 si
1693 2350 2015 2407 perseveret,
2074 2341 2307 2408 depona-

796 2441 902 2481 tur.

794 2520 990 2576 BALS.
1020 2521 1160 2575 Ante
1192 2529 1399 2575 sextam
1434 2521 1720 2591 synodum.
1750 2537 1870 2591 quae
1916 2522 2013 2576 fuit
2041 2523 2091 2576 in
2120 2521 2307 2576 Trullo

723 2613 931 2683 palatii,
963 2614 1153 2667 licebat
1188 2613 1456 2681 episcopis
1492 2613 1695 2668 habere
1728 2630 1947 2679 uxores,
1979 2617 2144 2670 etiam
2187 2626 2308 2685 post

723 2710 1039 2779 dignitatem
1073 2707 1460 2776 episcopalem,
1496 2708 1950 2777 quemadmodum
1986 2718 2039 2763 et
2063 2710 2155 2776 qui
2186 2719 2307 2778 post

723 2800 1131 2853 matrimonium
1200 2801 1523 2852 ordinantur
1576 2799 1889 2854 sacerdotes
1947 2809 2003 2853 et
2068 2799 2305 2855 diaconi.

722 2894 988 2961 Quoniam
1022 2893 1203 2961 itaque
1233 2902 1357 2944 ante
1403 2906 1551 2945 cxut
1583 2890 1816 2946 Justiani
1857 2889 2155 2955 Novellam,
2189 2906 2310 2961 quas

721 2987 824 3041 sita
849 2997 931 3041 εει
959 2984 1011 3038 in
1044 2984 1183 3038 libro
1215 2983 1433 3036 Basilic.
1472 2997 1664 3048 uvut,
1700 2984 1782 3036 tit.
1832 2982 1883 3047 7,
1920 2982 2119 3036 licebat
2150 2982 2307 3037 cuili-

722 3079 813 3132 bet
848 3059 1038 3145 quav'is
1062 3090 1126 3128 ex
1158 3089 1323 3127 causa
1359 3073 1573 3127 mittere
1616 3087 1726 3128 Sum
1752 3076 1907 3127 uxori
1940 3072 2179 3126 libellum
2222 3086 2307 3127 re-

726 3168 896 3239 pudii,
934 3166 1065 3221 dicit
1092 3179 1332 3235 praesens
1355 3180 1553 3231 canon,
1591 3179 1698 3219 non
1726 3164 1890 3220 licere
1915 3167 2189 3234 episcopo,
2224 3163 2305 3219 vel

2404 597 2488 650 δεῖ
2547 592 2947 666 προσάγεσθαι,
3005 591 3143 644 ἀλλὰ
3193 590 3285 643 τὸν
3332 588 3661 659 βουλόμενον
3729 588 3977 657 ἀπαρχάς

2405 687 2468 750 ἐξ
2502 687 2686 739 αὐτῶν
2718 686 3099 755 προσαγαγεὶν
3126 681 3203 751 τῷ
3235 680 3355 751 Θεῷ
3389 681 3471 740 είς
3528 678 3877 749 εὐχαριστίαν
3904 676 3980 743 τῷ

2404 779 2693 849 ὲπισκόπῳ
2724 777 2929 839 ταύτας
2983 773 3322 845 προσφέρειν
3369 772 3465 826 καὶ
3506 773 3622 834 τοῖς
3677 768 3978 840 πρεσϐυτέ-

2409 889 2543 943 ροις·
2574 871 2864 933 κάκείνους
2890 868 3213 938 δεχομένους
3254 864 3458 929 ταύτας
3507 868 3583 933 μὴ
3642 864 3723 926 είς
3774 860 3979 915 οἰκείαν

2410 965 2580 1035 μόνην
2611 963 2758 1033 ἔχειν
2812 961 3137 1023 ἀπόλαυσιν,
3168 958 3304 1011 ἀλλὰ
3333 959 3427 1010 καὶ
3462 954 3542 1023 τῷ
3571 955 3760 1025 κλήρῳ
3807 952 3981 1007 διανέφ

2411 1074 2477 1127 με
2488 1074 2536 1108 ιν
2565 1057 2754 1110 παντί.

2408 1149 2631 1203 ΑΡΙΣΤ.
2680 1152 2749 1204 Al
2780 1148 3005 1215 ὀπῶραι
3036 1147 3189 1200 οἶκοι
3228 1143 3674 1213 πεμπέσθωσαν
3696 1140 3771 1210 (4)
3824 1136 3895 1204 ἃς
3930 1138 3984 1190 ιι

2737 1238 2953 1308 πρῶτοι
2978 1238 3105 1305 τοῖς
3126 1236 3272 1305 ἑξῆς
3307 1234 3661 1303 διανέμοιεν.

2484 1334 2653 1386 Ἀνευ
2687 1330 2967 1401 σταφυλῆς
3003 1331 3102 1392 τὰς
3129 1330 3384 1400 ἀπαρχὰς
3412 1328 3520 1381 τῶν
3548 1325 3723 1380 ἀλλων
3754 1320 3983 1390 ὀπωρῶν

2408 1424 2469 1477 οὐ
2487 1423 2565 1494 τῷ
2589 1422 2966 1493 θυσιαστηρίῳ
2991 1422 3327 1491 προσφέρειν
3344 1419 3446 1482 δεῖ,
3474 1416 3587 1470 ἀλλ’
3611 1414 3749 1468 οἴκοι
3770 1411 3979 1465 στέλλε-

2408 1518 2533 1572 σθαι
2564 1516 2642 1587 τῷ
2672 1515 2955 1585 ἐπισκόπῳ
2982 1516 3074 1568 καὶ
3097 1516 3209 1576 τοῖς
3230 1508 3641 1581 πρεσϐυτέροις,
3668 1506 3761 1558 ἐπὶ
3778 1503 3855 1573 τῷ
3876 1503 3987 1555 δια-

2408 1608 2698 1679 νείμασθαι
2726 1606 2897 1662 ταῦτα
2925 1606 3034 1668 τοῖς
3059 1602 3324 1663 διακόνοις
3352 1600 3450 1655 καὶ
3490 1601 3605 1662 τοῖς
3627 1597 3831 1657 λοιποῖς
3859 1593 3989 1661 κληη

2410 1698 2606 1773 ρικοίς.
2639 1700 2707 1753 Ἦ
2736 1698 2845 1769 γὰρ
2874 1694 3116 1765 σταφυλὴ
3144 1696 3202 1748 ὲν
3224 1696 3289 1763 τῇ
3327 1690 3593 1761 ἐκκλησίᾳ
3618 1685 3987 1758 προσαχθήσε-

2409 1812 2521 1858 ται,
2546 1795 2667 1846 κατ’
2692 1791 2968 1861 ἐξαίρετον
2995 1787 3105 1842 τῶν
3124 1785 3298 1841 ἄλλων
3320 1781 3662 1855 ὀπωρῶν,ὼς
3688 1780 3782 1833 καὶ
3808 1776 3901 1830 τοῦ
3930 1774 3988 1839 ἐξ

2413 1885 2586 1955 αὐτῆς
2612 1884 2758 1937 οῐνου
2815 1885 2897 1946 εἰς
2942 1877 3356 1949 τελεσιουργίαν
3419 1870 3987 1946 παραλαμϐανομένου

2409 1978 2509 2048 τῆς
2536 1977 2875 2047 ἁναιμάκτου
2905 1973 3119 2035 θυσίας.

3010 2065 3251 2119 ΚΑΝΩΝ
3285 2065 3361 2117 E’.

2422 2164 2795 2227 Ἐπίσκοπος
2821 2203 2835 2226 ,
2883 2160 2923 2229 ἢ
2980 2157 3423 2226 πρεσϐύτερος,
3470 2154 3509 2221 ἢ
3552 2150 3832 2215 διάκονος
3876 2150 3991 2205 τὴν

2480 2255 2701 2312 ἑαυτοῦ
2723 2252 2979 2324 γυναῖκα
2998 2250 3082 2320 μὴ
3114 2248 3458 2303 ἐκϐαλᾸέτω
3487 2244 3779 2314 προφάσει
3810 2246 3991 2297 εἴκω-

2479 2351 2663 2413 ϐείας·
2695 2347 2806 2401 ἐὰν
2832 2346 2902 2399 δὲ
2944 2342 3235 2410 ἐκϐάλλῃ,
3272 2337 3657 2409 ἀφοριζέσθω·
3692 2336 3991 2406 ἐπιμένων

2479 2444 2569 2505 δὲ,
2618 2439 3036 2510 καθαιρείσθω.

2480 2534 2679 2589 ΒΑΛΣ.
2713 2531 2831 2601 Πρὸ
2858 2531 2955 2599 τῆς
3000 2535 3055 2593 ς·⁹
3115 2525 3334 2579 συνόδου
3396 2526 3494 2595 τῆς
3534 2525 3590 2576 ὲν
3619 2522 3697 2592 τῷ
3733 2520 3991 2594 Τρούλλῳ

2409 2631 2504 2683 τοῦ
2562 2626 2828 2681 παλατίου
2899 2620 3202 2691 γενομένης
3284 2619 3412 2687 ἐξῆν
3484 2620 3597 2679 τοῖς
3665 2616 3994 2678 ἐπισκόποις

2411 2722 2557 2792 ἔχειν
2595 2721 2860 2788 γυναῖκας
2900 2716 2995 2769 καὶ
3054 2712 3194 2781 μετὰ
3228 2714 3289 2764 τὸ
3341 2709 3702 2763 ὲπισκοπικὺν
3748 2707 3992 2775 ἀξίωμα,

2409 2816 2601 2883 ὥσπερ
2635 2813 2850 2883 ἔχουσιν
2887 2809 3056 2871 αὐτὰς
3087 2806 3183 2860 καὶ⁴
3214 2806 3264 2859 οἱ
3303 2804 3444 2876 μετὰ
3472 2803 3563 2857 τὸν
3610 2803 3789 2872 γάμον
3815 2817 3997 2871 χειρο-

2408 2908 2721 2976 τονούμενοι
2781 2905 2945 2972 ἱερεῖς
2986 2901 3017 2969 ἢ
3061 2901 3324 2954 διάκονοι.
3384 2898 3537 2950 Ἐπεὶ
3593 2891 3688 2949 οὖν
3739 2896 3843 2966 πρὸ
3897 2894 3998 2962 τῆς

2423 2996 2863 3051 Ἰουστινιανείου
2894 2990 3021 3063 ριζ’,
3058 3006 3263 3060 νεαρας
3293 2989 3392 3055 τῆς
3427 2985 3691 3055 κειμένης
3724 2986 3781 3038 ὲν
3806 2984 3999 3053 βιϐλίῳ

2409 3091 2517 3143 τῶν
2553 3087 2857 3143 Βασιλικῶν
2886 3086 2961 3155 (5)
2988 3081 3073 3152 κη’
3098 3082 3262 3149 τίτλῳ
3293 3080 3336 3144 ζ’
3369 3080 3552 3132 ἄδειαν
3581 3072 3727 3146 εῖχεν
3756 3078 3784 3129 δ
3806 3074 3999 3145 βουλό-

2415 3201 2574 3256 μενος
2602 3184 2666 3234 ὲκ
2692 3179 2868 3248 πάσης
2899 3177 3079 3237 αἰτίας
3110 3172 3462 3228 ἀποστέλλειν
3484 3172 3551 3240 τῇ
3579 3168 3800 3237 γυναικὶ
3828 3164 3999 3220 αὐτοῦ

723 3265 1061 3330 presbytero,
1105 3257 1187 3311 vel
1227 3258 1453 3311 diacono
1506 3266 1767 3326 prmtextu
1826 3256 2103 3326 religionis
2152 3272 2305 3311 suam

2414 3277 2713 3343 διαζύγιον,
2739 3271 2905 3341 φησὶν
2941 3272 2968 3323 ὁ
3008 3266 3201 3337 παρὼν
3237 3263 3440 3325 κανὼν,
3488 3262 3563 3332 μὴ
3615 3262 3762 3331 ἔχειν
3814 3261 4003 3315 ἄδειαν

724 3365 946 3403 uxorem
982 3349 1201 3419 ejicere.
1241 3346 1340 3401 llic
1369 3356 1547 3402 autem
1578 3362 1751 3401 canon
1778 3348 2031 3413 exolevit,
2069 3348 2211 3417 quod
2239 3349 2305 3401 ad

723 3441 1068 3512 presbyteros
1103 3450 1156 3493 et
1190 3440 1447 3493 diaconos
1490 3440 1717 3503 attinet;
1757 3438 1992 3507 episcold
2029 3441 2196 3501 enim,
2250 3451 2309 3493 ut

722 3532 927 3587 dictum
969 3540 1074 3596 est,
1122 3541 1242 3600 post
1287 3531 1653 3599 episc0patum
1705 3544 1910 3585 uxores
1957 3530 2154 3585 habere
2198 3545 2306 3583 non

723 3633 981 3696 possunt;
1015 3623 1157 3692 quod
1194 3637 1333 3676 nunc
1362 3636 1465 3675 non
1493 3623 1662 3690 possit
1686 3620 1843 3675 aliter
1864 3621 1999 3676 solvi
2027 3623 2309 3675 matrimo-

725 3718 874 3771 nium
913 3731 1076 3786 quam
1113 3730 1210 3784 pro
1241 3716 1424 3770 causis
1461 3730 1581 3784 quae
1614 3715 1665 3768 iu
1701 3715 1845 3768 dicta
1877 3712 2097 3769 Novella
2130 3716 2306 3769 conti-

726 3820 941 3873 nentur,
971 3823 1089 3878 qua:
1120 3818 1244 3862 sunt
1281 3808 1362 3861 ha:
1394 3825 1406 3859 :
1442 3806 1496 3861 Si
1521 3808 1640 3875 quis
1673 3822 1736 3861 ex
1774 3807 2094 3876 eonjugibus
2119 3810 2310 3863 adver-

726 3920 816 3956 sus
850 3904 1231 3969 imperatorem
1262 3900 1677 3969 conspiraverit.
1714 3898 1768 3953 Si
1815 3915 1953 3954 uxor
2006 3899 2310 3954 adulterata

727 3996 909 4049 luerit.
955 3994 1010 4048 Si
1043 3997 1306 4047 alteruter
1349 3994 1470 4046 vitae
1516 3992 1738 4047 alterius
1790 3992 2078 4046 insidiatus
2120 3993 2305 4048 fuerit.

728 4089 782 4141 Si
818 4100 951 4140 uxor
990 4101 1110 4140 cum
1150 4085 1281 4138 viris
1311 4084 1550 4138 externis
1579 4085 1796 4139 nolente
1827 4087 2021 4139 marito
2048 4087 2305 4140 connive-

726 4189 839 4242 tur,
872 4178 955 4232 vel
981 4178 1213 4232 lavetur.
1258 4176 1314 4230 Si
1346 4186 1501 4231 extra
1533 4177 1750 4231 domum
1776 4178 1957 4231 mariti
1992 4193 2128 4231 uxor
2157 4194 2302 4232 man-

725 4274 877 4336 serit,
912 4272 1017 4325 nisi
1057 4272 1195 4325 lorte
1231 4271 1375 4339 apud
1404 4284 1531 4325 suos
1562 4278 1837 4336 parentes.
1877 4268 1933 4323 Si
1975 4286 2111 4325 uxor
2148 4272 2312 4326 vadat

724 4366 789 4417 ad
820 4376 1082 4432 equorum
1132 4361 1385 4416 Circense
1424 4362 1752 4415 curriculum
1817 4370 2012 4431 praeter
2065 4364 2310 4418 volunta-

727 4465 831 4507 tem
870 4453 1072 4507 mariti.
1111 4452 1167 4506 Si
1199 4452 1460 4506 alteruter
1490 4452 1782 4522 conjugum
1830 4454 1994 4508 vitam
2046 4456 2313 4510 monasti-

2412 3366 2504 3418 τὸν
2535 3364 2861 3423 ἐπίσκοπον,
2888 3360 2920 3428 ἢ
2958 3357 3052 3410 τὸν
3084 3354 3485 3425 πρεσϐύτερον,
3515 3354 3546 3421 ἦ
3578 3351 3671 3405 τὸν
3725 3351 4003 3417 διάκονον,

2414 3455 2691 3525 προφάσει
2724 3451 3015 3513 εὐλαϐείας
3040 3450 3325 3503 ἐκϐάλλειν
3359 3446 3459 3516 τὴν
3488 3445 3698 3499 οἰκείαν
3741 3448 3999 3512 γυναῖκα.

2415 3549 2496 3603 Τὰ
2529 3546 2623 3599 τοῦ
2647 3545 2896 3599 τοιούτου
2928 3544 2986 3595 δὲ
3035 3542 3262 3604 κανόνος
3317 3540 3645 3610 ἐσχόλασαν,
3680 3539 3805 3591 ὅσον
3860 3537 4002 3598 τέως

2414 3641 2493 3703 είς
2519 3639 2649 3701 τοὺς
2688 3636 3096 3708 πρεσϐυτέρους
3132 3634 3226 3686 καὶ
3271 3633 3576 3693 διακόνους.
3625 3630 3824 3701 Οίγὰρ
3881 3630 4005 3682 ἐπί-

2418 3749 2615 3784 σκοποι
2648 3731 2917 3797 γυναῖκας
2956 3727 3121 3796 ἔχειν,
3150 3724 3227 3788 ὡς
3270 3726 3505 3793 εἴρηται,
3554 3722 3693 3793 μετὰ
3729 3724 3829 3793 τὴν
3880 3724 4004 3773 ἐπι-

2420 3821 2631 3892 σκοπὴν
2691 3822 2751 3873 οὐ
2804 3820 3084 3871 δύνανταιο
3120 3819 3183 3870 ὲκ
3236 3817 3331 3869 τοῦ
3361 3817 3437 3886 μὴ
3486 3815 3712 3869 λύεσθαι
3758 3816 4003 3883 σήμερον

2417 3915 2595 3978 ἄλλως
2634 3930 2750 3977 πως
2794 3910 3136 3964 συνοικέσιον
3190 3908 3269 3979 (6)
3312 3905 3722 3979 οἱονδηποτοῦν,
3750 3908 3798 3959 εί
3830 3906 3905 3977 μὴ
3937 3909 4005 3959 ἐκ

2416 4007 2527 4059 τῶν
2561 4006 2751 4059 αἰτιῶν
2776 4004 2886 4055 τῶν
2915 4006 2972 4055 ὲν
3000 4005 3065 4072 τῇ
3096 4001 3327 4073 ῥηθείσῃ
3360 4003 3527 4071 νεαρᾷ
3566 3999 3999 4069 περιεχομένων

2416 4094 2600 4155 αἳνκαί
2626 4096 2767 4145 εἰσιν
2800 4086 2962 4146 αὗται
2987 4108 3000 4122 ο
3039 4091 3102 4143 τὸ
3156 4089 3427 4160 φρονῆσαί
3456 4106 3577 4142 τινα
3612 4091 3676 4142 ὲκ
3730 4089 3836 4142 τῶν
3866 4090 4003 4158 δμο-

2416 4184 2595 4251 ζύγων
2620 4183 2763 4237 κατὰ
2798 4183 3044 4251 βασιλέα,
3097 4181 3156 4234 τὸ
3211 4181 3565 4252 μοιχευθῆναι
3597 4180 3697 4251 τὴν
3740 4184 4005 4248 γυναῖκα,

2421 4278 2478 4330 τὸ
2502 4275 2997 4330 ἐπιϐουλεύσασθαι
3029 4276 3259 4344 θάτερον
3289 4277 3355 4342 τῇ
3392 4273 3487 4327 τοῦ
3517 4273 3707 4344 ἑτέρου
3752 4271 3893 4341 ζωῇ,
3942 4273 4008 4325 τὸ

2424 4368 2821 4437 συμποσιάξειν
2852 4366 2884 4437 ἦ
2916 4367 3271 4419 συλλούεσθαι
3297 4365 3394 4436 τὴν
3442 4368 3677 4433 γυναῖκα
3741 4364 4008 4434 ἀνδράσιν

2422 4462 2724 4527 ὲξωτικοῖς,
2787 4462 2861 4531 μὴ
2919 4459 3246 4530 βουλομένου
3286 4459 3380 4512 τοῦ
3415 4457 3633 4528 ἀνδρός·
3664 4458 3728 4511 τὸ
3766 4457 3873 4525 ἔξω
3900 4457 4007 4527 τῆς

1968 4570 2135 4631 Guil.
2174 4573 2504 4654 Beveregii
2553 4586 2741 4638 notae.

794 4696 872 4767 (4)
901 4697 1066 4750 Οἵκοι
1091 4694 1561 4770 πεμπέσθῳσαν.
1605 4694 1658 4770 I_n
1692 4696 1965 4770 Simeonis
2001 4695 2306 4768 Logothetm

2428 4704 2537 4758 lilio
2593 4704 2774 4759 Leone
2828 4703 3161 4770 Philosophe
3208 4702 3487 4763 collectus,
3525 4699 3807 4770 βασιλικαί
3872 4701 4005 4769 (viz.

722 4770 957 4841 epitome
983 4779 1098 4836 post
1137 4767 1937 4841 asp-itisllwaav‘sielegitur;
1981 4767 2208 4841 ἀπαρχὴ
2236 4771 2313 4841 τῷ

723 4835 1013 4911 ἐπισκόπῳ
1060 4839 1167 4911 Δκαὶ
1198 4835 1353 4911 ,τοῖς
1402 4835 1826 4908 πρεσϐυτέροις,
1888 4838 1955 4902 ἃς
1994 4839 2043 4889 οἱ
2100 4835 2311 4911 πρῶτοι

719 4912 835 4971 τοίς
896 4910 1021 4975 ἑξῆς
1055 4907 1388 4977 διανέμοιεν.

794 4980 871 5047 (5)
921 4981 1021 5032 Ἐν
1048 4981 1270 5044 βιϐλίῳ
1316 4978 1437 5034 τῶν
1466 4978 1829 5034 Βασιλικῶν.
1859 4981 2019 5035 Liber
2044 4984 2312 5037 constitu-

724 5052 930 5105 tiouum
978 5050 1340 5118 imperialium
1388 5068 1417 5105 e
1472 5052 1766 5106 Justiniani
1800 5054 2006 5116 codice,
2056 5054 2307 5118 digestis,

720 5121 979 5183 novellis,
1037 5095 1473 5176 iiistitutioaibus
1506 5132 1560 5176 et
1610 5120 1845 5185 edictis;
1884 5095 2009 5177 ueni
2046 5140 2075 5177 e
2111 5095 2309 5177 justini

718 5191 985 5252 Juuioris,
1054 5190 1285 5253 Tiberii,
1316 5190 1552 5247 Zenonis
1604 5192 1950 5261 aliorumque
2015 5196 2310 5261 imperato-

726 5276 867 5322 rum,
921 5272 1087 5329 atque
1137 5262 1307 5329 ipsius
1361 5262 1549 5317 Basilii
1609 5260 1919 5317 Macedonis
1969 5260 2220 5326 novellis,
2276 5280 2306 5319 ο

726 5332 1217 5402 tJOnstitutiunibus
1267 5333 1429 5385 etiam
1498 5332 1813 5396 Βασιλικαῖς
1849 5371 1865 5395 ,
1921 5334 2251 5402 ἐπαρχικαῖς
2289 5374 2304 5399 ,

731 5399 1073 5470 Ῥωμιῖκαῐς
1101 5417 1113 5464 ;
1148 5417 1358 5455 nemon
1383 5419 1447 5457 ex
1475 5404 1764 5473 paratitlis,
1786 5404 1999 5469 glossis,
2018 5399 2307 5474 παραγραο

725 5475 877 5550 φαίς,
927 5476 1364 5550 παραπομπαῖς,
1416 5490 1508 5527 seu
1556 5475 2121 5550 interpt-etatiouibus,
2172 5490 2305 5543 quas

720 5545 875 5614 vatit
920 5543 1297 5608 juriscousulti
1346 5543 1795 5614 conSt-ribebant,
1828 5559 1856 5597 e
1911 5547 2107 5614 ροπχίς
2138 5548 2298 5599 etiam

714 5628 811 5688 seu
858 5613 1273 5688 dygyaigfnspl
1318 5616 1427 5667 τῶν
1464 5615 1646 5683 νόμων
1676 5613 1919 5688 ξλΡοδίου,
1963 5615 2311 5688 7Γ;ωργικοῦ,

718 5684 795 5735 Bc
828 5686 991 5744 pwuis
1030 5683 1376 5749 utilitatibus,
1411 5696 1545 5750 ete.,
1577 5702 1640 5738 ex
1676 5683 1794 5737 lluli
1849 5687 2024 5749 libris,
2057 5683 2107 5738 et
2144 5683 2179 5739 re
2211 5689 2311 5738 l'a—

721 5764 861 5805 lt'mn
907 5767 1166 5821 praeterea
1212 5758 1502 5809 sententiis
1531 5796 1543 5819 ,
1579 5769 1631 5809 et
1666 5757 2035 5808 (lonctliurutn
2081 5757 2309 5809 canoni-

721 5826 841 5889 bus,
884 5826 1059 5893 primo
1087 5844 1114 5880 ti
1153 5826 1351 5880 Basilio
1384 5827 1701 5891 Maccdom,
1740 5838 1792 5879 et
1820 5829 2014 5881 deinde
2042 5828 2108 5881 ab
2143 5829 2309 5896 ipsius

2423 4774 2720 4844 διατάξεις)
2758 4785 2809 4830 et
2857 4788 3247 4843 nonnunquam
3316 4771 3574 4844 βασιλικά
3628 4782 4002 4844 nuncupatur.

2421 4840 2858 4916 Egregiunidioc
2898 4860 3037 4912 Opus
3087 4840 3344 4916 inlibros
3371 4858 3437 4897 ιι
3461 4840 3862 4916 -ιιιειτίιιυιυιιι,
3898 4842 3971 4916 ali
4000 4870 4009 4878 -

2420 4911 2641 4982 quando
2673 4932 2698 4966 a
2728 4911 2947 4969 Zonara’
2973 4924 3027 4967 et
3072 4914 3349 4975 Aristeno,
3382 4928 3411 4965 a
3461 4912 3786 4982 Balsamone
3818 4911 4011 4979 sapis-

2419 4978 2558 5039 sime
2614 4984 2886 5037 laudatur.
2945 4984 3216 5038 Caeterum
3270 4983 3554 5049 exetuplar
3593 4995 3623 5034 a
3676 4978 4010 5036 Balsamtmt:

2420 5057 2752 5135 reliquisque
2810 5056 3067 5135 usita_tn_m
3122 5056 3190 5108 ab
3239 5068 3327 5135 eo_,
3370 5051 3513 5135 quod
3564 5052 3888 5135 impressum
3923 5061 4012 5131 est

2418 5121 2839 5179 Parisiis—anno
2896 5124 3057 5189 1647,
3091 5121 3553 5194 quamplurimum
3613 5121 3910 5194 discrepat,
3951 5123 4007 5174 in

2419 5196 2591 5248 titulis
2612 5196 2916 5263 prtesertim
2954 5205 3010 5247 et
3038 5188 3309 5263 capitibus
3339 5190 3710 5263 recensendis.
3742 5188 4011 5263 Nonnun-

2416 5261 2623 5333 quam,
2657 5266 2855 5330 lateor,
2905 5280 3013 5318 non
3072 5261 3249 5331 capita
3300 5272 3530 5333 tantum,
3580 5261 3675 5315 sed
3706 5271 3758 5314 et
3800 5262 3942 5333 tituli
3977 5274 4010 5313 a

2418 5330 2737 5389 Balsamouc
2774 5335 2922 5388 citati
2957 5335 3008 5387 in
3034 5330 3309 5401 impressis
3333 5332 3740 5386 desiderantur:
3763 5330 4011 5400 plerum-

2417 5421 2522 5472 que
2566 5418 2743 5458 tamen
2777 5406 2952 5457 locum
2984 5400 3229 5467 citatum,
3264 5404 3309 5458 si
3352 5402 3535 5455 nonin
3572 5402 3688 5469 ipso
3716 5400 3916 5469 capite,
3950 5400 4006 5451 in

2415 5476 2606 5531 eodem
2660 5475 2851 5529 saltem
2891 5475 3068 5537 titulo,
3104 5474 3166 5527 ad
3190 5490 3351 5543 quem
3384 5481 3437 5543 te
3469 5472 3696 5543 remittit
3741 5473 4009 5523 invenies.

2493 5546 2569 5616 (6)
2602 5546 3016 5599 Συνοικέσιον.
3049 5545 3137 5597 Sic
3162 5545 3214 5597 in
3249 5542 3696 5616 tns._B_odleiano,
3732 5549 3787 5594 at
3820 5543 3871 5593 in
3904 5542 4013 5616 im-

2423 5613 2629 5686 pressis
2674 5625 2755 5668 est
2806 5615 3175 5681 γυναικέσιον,
3229 5613 3371 5681 quod
3408 5613 3654 5686 nuSpiam
3700 5614 3943 5666 occurrit
3993 5626 4008 5661 :

2421 5683 2765 5739 συνοικέσιον
2793 5697 2972 5739 autem
3012 5688 3224 5747 eodem,
3256 5697 3412 5751 quoa
3452 5683 3788 5745 llalsamonc,
3814 5687 4011 5740 sensu,

2423 5760 2525 5811 viz.
2561 5775 2656 5826 pro
2688 5757 3060 5821 matrimonio,
3102 5764 3266 5810 ειιιιιιι
3301 5769 3330 5808 ιι
3355 5752 3551 5809 concil.
3584 5751 3843 5807 Chalced.
3878 5765 4015 5804 can.

2420 5830 2510 5893 ‘27,
2539 5838 2848 5897 usurpatur.
