4186 6438
160 425 228 490 57
1423 433 1504 493 IN
1544 431 1712 493 CAN.

1823 434 1835 490 [
1895 431 2150 492 APOST.
3341 427 3410 491 58

157 551 334 607 κεῖνος
369 545 819 614 ἀφορισθήσεται.
860 546 1032 601 Τοῦτο
1069 549 1160 601 καὶ
1195 553 1221 602 ὁ
1256 551 1298 602 0'
1331 551 1507 603 κανὼν
1541 552 1638 619 τῆς
1676 553 1732 604 ἐν

1839 553 2060 606 ecclesia
2094 554 2186 606 sed
2220 553 2272 605 in
2309 552 2486 615 domo,
2516 548 2721 615 pariter
2747 555 2799 600 et
2834 545 2920 599 hic
2953 544 3409 620 excommunica-

153 638 486 706 Καρθαγένῃ
516 638 733 689 συνόδου
768 641 922 706 φησί.

154 817 374 872 ΑΡΙΣΤ.
415 817 477 867 '0
518 820 966 886 συνευχόμενος
1005 821 1384 896 ἀκοινωιςήτῳ
1441 840 1736 878 ταυτοκα-

818 910 1109 978 τάκριτος.

233 1003 293 1055 Ὀ
325 1005 715 1072 συνευχόμενος
732 1005 1025 1074 αἱρετικοῖς
1049 1008 1105 1058 ἐν
1133 1005 1397 1076 ἐκκλησίᾳ
1427 1007 1457 1077 ἢ
1494 1008 1552 1059 ἐν
1577 991 1733 1077 οἴκῳ,

152 1094 514 1158 ἀκοινώνητος
543 1096 807 1158 ὡσαύτως
841 1097 983 1150 ἔστω
1015 1099 1108 1148 καὶ
1141 1098 1320 1160 αὐτός.

759 1189 998 1240 ΚΛΝΩΝ
1037 1189 1124 1242 ια’.

151 1278 224 1330 ΕΖ
271 1295 363 1342 τις
413 1281 802 1345 καθῃρημένῳ
851 1279 962 1345 (18)
1015 1280 1302 1344 κληρικὸς
1349 1279 1435 1331 ὢν
1478 1282 1738 1349 κληρικῷ

220 1369 591 1434 συνετύξηται
627 1369 762 1436 (19),
799 1369 1193 1433 καθαιρείσθω
1227 1370 1325 1421 καὶ
1359 1372 1557 1434 αὐτός.

221 1458 420 1510 ΒᾹΛΣ.
472 1460 631 1521 Τινὲς
671 1460 733 1511 τὸ
782 1459 1145 1522 συνεύξασθαι
1196 1461 1426 1512 ἐνταῦθα
1477 1463 1596 1515 ἀντὶ
1643 1465 1736 1517 τοῦ

152 1550 608 1618 συνιερουργῆται
653 1545 991 1613 ἑξελάϐοντο.
1038 1551 1113 1602 Οὐ
1158 1551 1306 1603 δοκεῖ
1346 1553 1400 1604 δὲ
1449 1555 1542 1605 καὶ
1592 1555 1736 1624 ἐμοί.

152 1641 287 1709 Περὶ
326 1641 436 1711 γὰρ
475 1641 673 1703 παντὸς
712 1640 978 1710 κληρικοῦ
1015 1641 1436 1710 καθαιρεθέντος
1467 1642 1736 1714 ἐξελήφθη

149 1729 176 1780 ὀ
205 1729 386 1782 κανὼν
407 1772 420 1794 ,
450 1729 509 1782 ού
544 1730 650 1800 μὴν
679 1732 808 1800 περὶ
839 1732 1000 1799 μόνου
1034 1732 1245 1802 ἱερέως.
1279 1733 1463 1786 ’Ἄλλοι
1493 1734 1550 1788 δὲ
1583 1732 1738 1788 εἷπον

151 1819 387 1873 ἐνταῦθα
403 1823 493 1873 τὸν
513 1821 908 1891 καθαιρεθέντα
926 1822 1293 1893 ὑποϐληθῆναι
1313 1827 1406 1878 καὶ
1423 1827 1735 1898 ἀφορισμῷ,

1843 646 2006 699 bitur.
2047 644 2160 698 lloc
2197 646 2360 697 etiam
2391 657 2566 695 nonus
2591 656 2764 694 canon
2799 637 2984 707 synodi
3015 635 3408 705 Carthagine-u-

1838 730 1913 784 sis
1949 732 2096 783 dicit.

1909 820 2134 875 AlilST.
2164 820 2268 886 Qui
2299 839 2414 873 cum
2451 821 2897 875 excommunicato
2943 817 3105 869 simul
3155 818 3403 880 oraverit,

2247 916 2410 967 eidem
2435 915 2641 982 judicio
2669 911 2966 978 subjicitur.

1909 1005 2010 1072 Qui
2061 1005 2220 1060 simul
2261 1007 2497 1059 oraverit
2527 1021 2647 1058 cmn
2678 1003 2945 1056 haereticis
2983 1002 3033 1054 in
3066 1000 3295 1056 ecclesia
3327 999 3410 1052 vel

1839 1097 2020 1161 domo,
2050 1097 2160 1165 ipse
2188 1096 2436 1150 similiter
2459 1097 2524 1149 sit
2550 1094 3068 1148 excommunicatns.

2443 1186 2672 1242 CANON
2707 1185 2797 1240 XI.

1840 1281 1900 1337 Si
1928 1282 2066 1352 quis,
2091 1298 2206 1334 cum
2236 1281 2309 1334 sit
2341 1281 2584 1342 clericus,
2635 1297 2739 1331 una
2792 1295 2907 1331 cum
2947 1278 3181 1344 deposito
3221 1275 3411 1329 clerico

2214 1371 2464 1430 oraverit,
2505 1369 2794 1434 deponatur
2831 1377 2879 1418 et
2913 1369 3040 1433 ipse.

1911 1462 2106 1515 BALS.
2130 1460 2385 1515 Nonnulli
2417 1461 2564 1520 illud,
2603 1474 2705 1511 una
2740 1456 2970 1524 precari.
3019 1470 3116 1519 pro
3159 1468 3223 1507 eo
3269 1453 3408 1519 quod

1838 1565 1922 1609 est
1944 1555 2100 1608 simul
2124 1568 2277 1607 sacra
2305 1552 2504 1614 facere,
2530 1550 2615 1602 hic
2638 1555 2983 1615 acceperunt.
3011 1545 3115 1599 Sed
3143 1543 3277 1596 mihi
3305 1559 3409 1596 non
3468 1579 3476 1596 ι

1843 1647 1910 1700 ita
1942 1645 2175 1700 videtur.
2213 1643 2283 1697 De
2310 1643 2499 1711 quovis
2523 1641 2666 1694 enim
2700 1639 2901 1693 clerico
2930 1637 3177 1706 deposito
3211 1635 3413 1701 accipi-

1841 1748 1929 1793 tur
1955 1753 2150 1801 canon,
2181 1751 2284 1789 non
2319 1745 2496 1788 autem
2530 1734 2594 1787 de
2619 1733 2732 1786 solo
2757 1731 3058 1785 sacerdme.
3095 1728 3196 1781 Alii
3229 1737 3409 1781 autem

1841 1831 2094 1884 dixerunt
2134 1830 2225 1882 hic
2251 1828 2551 1896 depositum
2580 1826 2745 1879 etiam
2803 1821 3163 1891 segregationi
3195 1819 3406 1888 subjici,

150 1914 243 1964 καὶ
286 1914 374 1964 διὰ
413 1912 570 1965 τοῦτο
611 1912 926 1980 κωλυθῆναι
959 1916 1058 1986 τὴν
1095 1918 1233 1985 μετᾶ
1267 1919 1456 1971 τούτου
1500 1938 1732 1989 προσευ-

1837 1931 1890 1976 et
1917 1922 2038 1975 ideo
2070 1935 2190 1976 esse
2220 1918 2548 1988 prohibitam
2599 1932 2701 1970 una
2752 1931 2875 1969 cum
2909 1931 2973 1968 eo
3014 1912 3407 1983 precationem.

151 2003 271 2073 χήν.
313 2005 468 2073 Ἐμοὶ
502 2004 557 2056 δὲ
592 2008 938 2059 κατανοεῖται
971 2007 1053 2060 ὅτι
1088 2008 1288 2072 σκοπὸς
1317 2010 1394 2080 τῷ
1431 2013 1612 2065 κανόνι
1647 2015 1733 2067 ἐν·

150 2094 324 2147 ταῦοά
369 2099 483 2147 ἐστι
523 2096 845 2159 κολάζεσθαι
886 2099 1066 2152 πάντα
1107 2101 1370 2170 κληρικδν
1406 2105 1736 2174 συνευξάμε-

151 2205 240 2238 νον
286 2187 644 2254 ὁπωσδήποτε
696 2188 946 2258 κληρικῷ
994 2191 1266 2260 οἱῳδήτινι
1317 2191 1732 2261 καθαιρεθέντι,

150 2279 241 2328 καὶ
285 2279 425 2346 μετὰ
457 2279 556 2346 τὴν
590 2279 914 2350 καθαίρεσιν
948 2279 1310 2351 ὲνεργήσαντι
1353 2284 1627 2352 ἱερατικὸν
1660 2304 1734 2340 τι.

149 2368 246 2419 Διὰ
281 2369 392 2436 γὰρ
424 2367 579 2420 τοῦτο
615 2369 707 2421 καῖ
739 2370 1059 2440 καθαίρεσις
1092 2372 1240 2442 αὺτῷ
1272 2373 1563 2441 ἐπάγεται.
1602 2374 1782 2436 Ἀπδς

153 2460 338 2526 μέντοι
362 2459 456 2512 τοῦ
483 2461 843 2527 συνεύξασθαι
867 2479 990 2515 τινα
1017 2464 1387 2534 ἀφωρισμένῳ
1413 2468 1518 2518 τινὶ
1547 2468 1733 2520 καθαί-

151 2567 298 2618 ρεσις
340 2550 438 2602 οὐκ
476 2552 762 2618 ἐπάγεται,
795 2552 928 2606 ἀλλὰ
964 2555 1289 2624 ἀφορισμδς,
1321 2557 1395 2620 ὡς
1432 2561 1459 2611 ὁ
1500 2566 1529 2612 ι’
1555 2561 1737 2615 κανὼν

151 2636 605 2704 παρακελεύεται.

221 2726 471 2781 ΖΩΝΑΡ.
502 2727 624 2780 Τῶν
653 2730 1108 2800 καθαιρουμένων
1127 2738 1266 2798 τινὲς
1287 2739 1386 2807 μὲν
1416 2742 1586 2808 μόνης
1624 2743 1734 2813 lep-

149 2817 380 2885 ουρτιας
412 2819 736 2882 κωλύονται,
782 2824 842 2874 οὐ
903 2824 1085 2892 μέντοι
1115 2827 1210 2880 καὶ
1241 2830 1544 2895 κοινωνίας,
1578 2833 1609 2901 ἢ
1640 2834 1731 2885 τού

149 2911 663 2979 συνεκκλησιάζειν.
696 2915 758 2965 0i
793 2914 848 2966 δὲ
882 2916 981 2968 σὺν
1008 2920 1072 2986 τῇ
1108 2919 1426 2989 καθαιρέσει
1460 2923 1550 2975 καὶ
1580 2924 1732 2976 ἀκοι-

146 3000 378 3068 νώνητοξ
416 3002 519 3053 εἰσι
557 3004 648 3055 καὶ
682 3006 1081 3076 ἀφωρισμένοι.
1110 3009 1181 3061 ’Ἡ
1213 3011 1341 3078 γοῦν
1374 3014 1400 3064 ὁ
1436 3014 1614 3066 κανὼν
1644 3010 1732 3068 οὖα

145 3108 238 3151 τος
280 3093 414 3159 πςρὶ
451 3093 875 3162 καθαιρεθέντος
911 3099 970 3150 ἐν
1003 3100 1186 3169 ταυτῷ
1221 3103 1313 3154 καὶ
1347 3104 1736 3172 ἀφορισθέντος

1838 2015 1948 2084 Ego
1975 2028 2102 2065 vcro
2129 2012 2388 2079 intelligo,
2415 2009 2554 2078 quod
2581 2008 2801 2062 canonis
2836 2007 2937 2060 huc
2971 2015 3051 2060 est
3079 2004 3408 2062 institutmu,

1838 2107 2030 2172 punire
2058 2103 2303 2173 quemvis
2335 2103 2612 2165 clericum,
2654 2100 2742 2167 qui
2779 2114 2899 2152 cum
2936 2097 3126 2166 quovis
3157 2096 3404 2162 deposito

1837 2197 2055 2259 clerico,
2102 2206 2154 2250 et
2181 2205 2298 2264 post
2330 2194 2719 2262 depositionem
2752 2188 3094 2244 sacerdotale
3124 2187 3400 2256 quidpiam

1837 2296 2082 2354 operato,
2142 2287 2212 2340 sit
2264 2285 2752 2354 quomodocunqnc
2796 2289 3066 2349 precatus.
3118 2279 3406 2346 Propterea

1838 2381 1979 2431 enim
2012 2378 2280 2445 depositio
2330 2378 2494 2431 etiam
2532 2375 2604 2428 illi
2652 2374 2928 2442 inﬂigitur.
2982 2372 3056 2426 Es
3109 2386 3175 2424 eo
3228 2381 3404 2423 autem

1838 2471 1978 2540 quod
2002 2470 2122 2539 quis
2151 2485 2272 2524 cum
2303 2469 2483 2537 aliquo
2511 2466 2976 2520 excomtnunirato
3010 2473 3260 2532 precatus
3295 2459 3407 2513 iue-

1839 2563 1928 2624 rit,
1960 2577 2063 2614 non
2094 2559 2350 2630 inﬂigitur
2374 2557 2660 2627 depositio,
2687 2557 2779 2610 sed
2809 2540 3324 2614 excommunicatio,
3350 2560 3409 2605 ut

1839 2655 2082 2708 decimus
2117 2666 2291 2706 canon
2316 2651 2488 2719 jubet.

1909 2743 2158 2800 ZONAR.
2193 2743 2566 2812 Depositorum
2604 2739 2838 2793 nonnulli
2863 2737 3079 2808 quidem
3111 2735 3406 2805 prohiben-

1840 2846 1925 2889 tur
1969 2853 1996 2888 a
2043 2835 2155 2891 sola
2189 2847 2468 2887 sacrorum
2509 2831 2874 2885 celebratione
2922 2846 2937 2882 :
2997 2843 3102 2882 non
3157 2826 3321 2880 etiam
3377 2838 3406 2876 α

1838 2926 2237 2988 communione,
2286 2922 2370 2976 vel
2415 2923 2482 2976 ab
2529 2920 2784 2974 Ecclesite
2827 2926 3115 2973 conventu.
3178 2915 3406 2981 Quidam

1839 3035 1965 3073 vero
1992 3018 2148 3072 simul
2183 3031 2302 3071 cum
2327 3015 2659 3083 depositione
2692 3021 2817 3066 sunt
2872 3020 2926 3065 et
2955 3005 3407 3064 excommunicati

1838 3122 1890 3163 ct
1913 3113 1978 3163 ab
2002 3111 2120 3162 aliis
2147 3107 2435 3177 segregati.
2464 3105 2561 3160 Vel
2583 3106 2668 3158 hic
2687 3106 2848 3173 igitur
2862 3117 3034 3158 canon
3072 3102 3138 3153 tle
3165 3099 3408 3166 deposito

145 3182 501 3251 νοηθήσεται.
532 3187 624 3237 καὶ
655 3187 682 3237 ὁ
714 3187 1115 3254 συνευξάμενος
1141 3190 1316 3259 τούτῳ
1347 3193 1453 3245 ὑπὸ
1481 3193 1732 3262 καθαίρε-

154 3288 232 3292 --..
269 3272 462 3292 ,ακγαμ
501 3274 524 3292 Ω
599 3275 613 3292 ι
800 3276 859 3292 JF
940 3278 965 3292 Λ
1072 3281 1083 3292 1
1159 3279 1171 3292 ι
1278 3282 1303 3292 υ
1673 3285 1695 3292 -

1844 3201 2045 3270 pariter
2089 3209 2143 3252 et
2203 3197 2674 3250 excommunicato
2723 3195 2868 3247 venit
2911 3193 3308 3260 intelligendus,
3353 3199 3410 3244 et

148 3288 233 3324 σιν
268 3272 424 3325 ἔσται
450 3290 464 3304 ο
497 3274 528 3344 ἢ
563 3275 623 3326 τὸ
664 3276 1029 3341 συνεύξασθαι
1062 3279 1181 3332 ἀντὶ
1211 3282 1304 3333 τοῦ
1342 3285 1733 3353 συνιερουργῆ-

147 3381 237 3417 σαι
272 3366 788 3438 παραληφθήσεται.

144 3543 373 3596 ΔΡΙΣΤ.
430 3544 495 3596 '0
533 3545 981 3615 σι’νευχόμενος
1023 3547 1406 3616 καθῃρημένφ
1441 3565 1732 3603 ταυτοκα-

785 3638 1078 3706 τάκριτος.

1842 3291 1929 3356 qui
1965 3290 2124 3343 simul
2151 3287 2388 3342 oraverit
2424 3302 2544 3339 cum
2578 3301 2662 3351 eo,
2698 3285 3018 3353 depositioni
3067 3284 3279 3336 futurus
3336 3282 3410 3334 sit

1839 3382 2143 3442 obnoxius;
2181 3380 2282 3443 vel,
2315 3379 2474 3432 simul
2505 3392 2712 3440 orasse,
2747 3392 2842 3446 pro
2871 3392 3025 3430 sacra
3057 3375 3216 3428 simul
3247 3386 3406 3442 pere-

1840 3472 2000 3542 gisse,
2028 3471 2324 3539 accipiatur

1908 3559 2138 3614 Αιιιδτ.
2190 3559 2295 3625 Qui
2333 3561 2490 3612 simul
2525 3561 2750 3613 oraverit
2784 3575 2901 3612 cum
2944 3559 3200 3624 deposito,
3236 3555 3403 3611 eidem

2348 3651 2553 3720 judicio
2589 3651 2890 3718 subjicitur.

1410 3784 1573 3844 Guil.
1607 3782 1934 3859 Beveregii
1979 3789 2168 3843 notae.

215 3938 340 4009 (18)
378 3937 451 3989 El
481 3953 569 4002 τις
597 3939 1011 4009 καθῃρημένῳ.
1042 3935 1105 4009 iit
1145 3938 1267 3993 laici
1305 3940 1569 3995 scelerum
1595 3957 1726 3998 con-

143 4008 272 4066 victi
307 4008 871 4082 exco‘mmunicantur,
903 4010 984 4062 sic
1008 4008 1194 4063 clerici
1230 4011 1607 4082 delinquentes
1632 4028 1729 4082 per

144 4094 390 4136 canones
417 4079 781 4144 depontmtur;
813 4079 912 4132 hoc
939 4087 1076 4148 esta
1104 4080 1276 4132 sacris
1308 4082 1592 4148 iungendis
1626 4079 1726 4135 mi-

146 4150 398 4204 nisteriis
451 4155 722 4207 arcentur,
780 4158 832 4201 et
866 4148 917 4200 in
967 4147 1230 4201 laicorum
1280 4152 1524 4203 ordinem
1586 4152 1728 4204 redi-

145 4229 372 4290 guntur.
427 4214 576 4290 lianc
621 4231 836 4290 pugnam
872 4215 1084 4270 clericis
1138 4215 1395 4290 inﬂictam
1436 4232 1643 4290 veteres
1676 4222 1729 4275 hi

145 4284 392 4344 canones
448 4284 732 4356 καθαιρεῖν
791 4295 1005 4349 vocant,
1071 4297 1121 4340 et
1181 4289 1376 4355 quibus
1436 4288 1711 4356 infligitur,

146 4356 597 4427 καθῃρημένους.
617 4354 1023 4427 _Nonnunquam
1057 4354 1502 4427 neptupaoctxé;
1533 4354 1716 4422 capri-

145 4423 338 4488 mitur,
363 4423 460 4491 per
489 4423 583 4476 τοῦ
609 4423 818 4491 βαθμοῦ
861 4423 1258 4493 καθαιρεῖσθαι.
1292 4426 1448 4480 Basil.
1481 4444 1602 4481 can.
1624 4429 1711 4482 55.

145 4497 442 4566 ἐκπιπτειν
460 4495 558 4563 τῆς
582 4494 1028 4566 ύπηρεσίαςι-Ιιι.
1056 4511 1190 4566 Ῠοαιι.
1234 4497 1322 4549 5|.
1359 4494 1452 4548 τοῦ
1506 4496 1715 4566 βαθμοῦ

146 4562 522 4628 κατάγεσθαι,
581 4562 836 4633 Ιιιβραη.
896 4563 984 4617 52.
1051 4565 1390 4632 ὲκκήρυκτον
1449 4562 1714 4633 γίνεσθαι.

147 4633 360 4689 Concil.
395 4634 681 4703 Ancyr._c.
719 4632 782 4684 18
807 4651 824 4703 γε
861 4633 1150 4703 ἐκπίπτειν
1180 4636 1273 4686 τοῦ
1309 4635 1436 4687 ἰδίου
1461 4632 1716 4703 βαθμοῦ,

147 4703 410 4774 Chalced.
446 4701 566 4774 cui).
593 4701 685 4774 27,
709 4702 1035 4774 κινδυνεύειν
1066 4703 1194 4772 περὶ
1215 4705 1304 4756 τὸν
1336 4705 1466 4756 ῐδιον
1491 4701 1717 4774 βαθμὸν,

147 4772 410 4825 (ἶιιειΙυθά.
441 4785 489 4841 ογ.
506 4770 560 4828 ⁸2.
590 4773 689 4841 hoc
711 4781 814 4830 est.
835 4773 1101 4841 jacturam
1122 4770 1397 4826 clericatus
1421 4770 1718 4839 sustinebit,

145 4842 242 4909 τῆς
283 4840 583 4906 ἱερωσύνης
613 4839 1077 4906 ἀπογυμνοῦσθαι,
1104 4841 1275 4895 'l‘rull.
1309 4859 1430 4896 can.
1465 4843 1553 4904 8|,
1588 4846 1721 4898 καθ·
1755 4897 1759 4902 ,

145 4911 426 4980 αιρεῖσθαι
493 4909 595 4977 τῆς
653 4910 1013 4976 λειτουργίας,
1071 4912 1322 4965 Antioch.
1378 4928 1497 4964 can.
1557 4915 1609 4977 ὅ,
1664 4913 1722 4968 ni

149 4983 351 5049 μηκέτι
380 4980 715 5046 λειτουργεῖν
742 4981 789 5033 ei
828 4980 905 5043 fas
938 4981 1028 5041 sit,
1050 4981 1235 5046 Apost.
1268 4997 1392 5035 can.
1429 4983 1515 5035 i5.
1545 4982 1607 5036 Et
1637 4986 1717 5039 sic

145 5051 366 5118 quidem
397 5049 721 5120 iancclesia
772 5049 1042 5114 primitiva
1094 5051 1185 5116 qui
1238 5051 1405 5105 semel
1441 5053 1731 5120 depositus

145 5117 270 5182 fuit,
316 5117 547 5184 amplius
583 5118 859 5172 celebrare
887 5132 989 5171 n0n
1031 5121 1224 5186 potuit,
1258 5136 1358 5174 nec
1406 5123 1457 5175 in
1509 5117 1714 5176 clerum

146 5202 340 5241 rursus
389 5186 630 5256 admitti;
679 5188 770 5240 sed
808 5188 949 5241 inter
981 5188 1147 5242 laicos
1183 5202 1443 5256 perpetuo
1473 5193 1716 5245 recensi-

144 5267 229 5311 tus
261 5255 615 5328 fuit._Postea
663 5264 840 5312 autem
876 5257 1118 5323 partialis
1156 5255 1405 5328 quaedam
1441 5272 1535 5315 aut
1566 5271 1716 5315 tein-

145 5327 351 5394 poralis
403 5323 707 5379 introducta
761 5335 843 5380 est
877 5323 1189 5393 dcpositiof
1223 5330 1288 5380 ad
1341 5339 1544 5383 certum
1599 5343 1714 5384 tan-

145 5394 429 5448 tummodo
485 5404 697 5461 tempus
749 5395 962 5450 clericis
1016 5397 1248 5463 inﬂicta;
1316 5412 1476 5463 quam
1536 5411 1712 5453 tamen

145 5479 252 5517 non
301 5464 674 5534 depositionem
705 5466 940 5531 proprie,
992 5468 1085 5519 sed
1135 5469 1519 5534 suspensionem
1573 5473 1714 5520 voci-

145 5535 248 5587 tari
286 5547 387 5586 usu
415 5535 582 5586 venit.
610 5532 906 5587 Concilium
945 5532 1357 5599 Aurelianense,
1411 5536 1713 5601 Memorato:

142 5618 385 5668 personte
403 5604 469 5654 ab
486 5601 679 5654 honore
699 5604 773 5656 vel
794 5605 957 5672 oﬂicio
983 5618 1220 5671 suscepto
1241 5606 1400 5672 juxta
1433 5607 1711 5660 arbitrium

143 5672 522 5744 suiponti/icis
547 5673 949 5744 suspendantur,
981 5675 1173 5730 concil.
1196 5676 1376 5728 Aurel.
1405 5674 1458 5739 5,
1492 5692 1540 5729 c.
1575 5677 1628 5738 5,
1656 5693 1706 5744 p.

143 5742 273 5803 515,
317 5752 450 5796 tom.
482 5739 546 5795 ΙΙ.
577 5739 694 5795 Bin.
728 5744 866 5795 Anni
896 5745 1068 5810 spatio
1096 5761 1126 5795 a
1158 5746 1516 5797 communione
1545 5739 1708 5799 eccle-

139 5811 360 5866 siastica
385 5811 928 5874 suspendatur.~ibid.
956 5829 1005 5870 c.
1036 5814 1122 5875 17.
1146 5823 1199 5869 et
1227 5815 1423 5871 concil.
1448 5816 1499 5876 .i.
1533 5830 1581 5871 c.
1626 5818 1706 5878 ιν.

1825 3941 1868 3992 Α
1892 3943 2252 3994 communione
2284 3942 2548 3995 catholica
2579 3958 2671 4007 pro
2721 3941 3084 3994 e.ueudatione
3133 3940 3402 3998 sacrileaii

1824 4015 2193 4078 suspendatur.
2225 4011 2433 4068 Concil.
2471 4013 2653 4065 Aurel.
2695 4011 2750 4070 4,
2792 4028 2840 4061 c..
2878 4012 2962 4074 i5,
2998 4012 3150 4073 ibid.,
3199 4028 3249 4078 p.
3277 4011 3402 4063 Sil-2.

1824 4079 1957 4132 Cum
1995 4097 2096 4133 vox
2132 4083 2404 4147 suspensio
2450 4097 2551 4133 non
2595 4090 2910 4145 usurpatur,
2970 4091 3178 4148 tempus
3228 4085 3405 4133 deter-

1826 4150 2085 4213 minatur,
2117 4165 2222 4215 quo
2253 4152 2321 4203 ab
2354 4151 2528 4203 otiicio
2577 4166 2790 4203 cessare
2825 4150 3018 4202 debent
3052 4167 3064 4201 :
3120 4161 3196 4212 ut,
3235 4151 3401 4201 tribus

1827 4221 2084 4272 mensibus
2119 4222 2185 4273 sit
2218 4239 2248 4272 a
2274 4236 2368 4271 suo
2401 4220 2579 4287 ofﬁcia
2608 4228 2987 4285 sequestratus,
3011 4219 3179 4272 Cone.
3214 4221 3398 4273 Aurel.

1827 4288 1881 4349 5,
1915 4305 1962 4342 c.
1995 4289 2048 4349 9,
2088 4291 2217 4343 ibid.
2251 4306 2302 4356 p.
2340 4289 2463 4343 505.
2497 4291 2634 4343 Antii
2672 4292 2840 4356 spatio
2868 4289 3062 4342 Missus
3106 4289 3403 4354 facerenon

1824 4373 2126 4424 pra’sumat:
2160 4361 2286 4412 ibid.
2320 4376 2368 4412 ο.
2396 4359 2486 4412 25.
2523 4362 2908 4425 Αηηολὶιιεεᾳνο
2935 4375 3115 4424 pacem
3152 4358 3400 4411 Ecclesia:

1827 4443 1924 4478 non
1962 4429 2187 4480 habebit.
2225 4429 2352 4484 ibid.
2389 4445 2439 4482 c.
2480 4430 2566 4481 16.
2602 4427 2805 4481 Tantliu
2836 4447 2864 4479 a
2892 4427 3242 4492 sacriﬁcando
3289 4445 3401 4480 cvs-

1825 4497 1977 4557 snbit,
2035 4499 2286 4565 quamdiu
2351 4499 2587 4566 legitima
2661 4499 2971 4557 paenitentia!
3036 4498 3400 4564 satisfactione

1823 4577 2088 4629 correptus
2112 4570 2178 4619 ad
2210 4571 2405 4633 gradus
2441 4569 2543 4619 sive
2574 4567 2811 4635 ofﬁciunt
2847 4569 3042 4619 redeat.
3089 4572 3225 4632 quod
3263 4566 3401 4635 ami-

1821 4637 1908 4695 sit,
1967 4652 2118 4690 conc.
2175 4636 2430 4691 Brachar.
2485 4637 2538 4699 3,
2587 4634 2702 4702 cap.
2759 4653 2796 4696 ι,
2854 4652 2905 4703 p.
2954 4635 3112 4699 1904,
3167 4647 3298 4687 tom.
3355 4634 3399 4688 ll

1824 4704 1942 4756 Bin.
2004 4705 2266 4768 Quamdiu
2307 4708 2363 4758 iu
2422 4707 2516 4758 hoc
2552 4708 2677 4758 vitio
2717 4706 2893 4772 fuerit,
2970 4722 3001 4756 a
3043 4706 3397 4771 sacriﬁcando

1821 4774 2062 4836 cessabit,
2103 4777 2230 4829 ibid.
2263 4790 2383 4843 cap.
2416 4774 2469 4837 5,
2519 4777 2762 4827 ἐνιαυτδιν
2795 4776 3005 4842 ἀργεῖν,
3057 4774 3217 4827 Basil.
3270 4790 3394 4828 can.

1821 4843 1908 4896 69.
1964 4844 2229 4897 Cmternm
2271 4846 2558 4898 concilium
2617 4845 2976 4898 Laterauense
3031 4847 3240 4906 statuit,
3296 4859 3397 4896 nec

1821 4915 2226 4977 suspensionem
2259 4913 2374 4968 ﬁeri
2411 4915 2515 4966 nisi
2551 4915 2799 4966 canonica
2828 4913 3228 4966 commonitione
3255 4930 3395 4980 prtu-

1820 4982 2000 5102 ﬂtissa,
2033 4984 2226 5037 concil.
2279 4982 2459 5037 Later.
2513 4985 2567 5049 5,
2610 5000 2658 5036 c.
2693 4983 2746 5046 6,
2817 4999 2868 5050 p.
2916 4982 3072 5048 15w,
3132 4993 3262 5036 tom.
3330 4981 3394 5035 Ill

1868 5071 1944 5102 ΙΙΙ.

1892 5121 1999 5188 (19)
2039 5120 2144 5172 Ὧν
2186 5117 2450 5186 κ.1ηρικῷ
2482 5121 2873 5183 συνεύξηται.
2913 5119 2966 5172 Ιιι
3001 5122 3280 5186 impressis
3307 5131 3394 5176 est

1815 5188 1890 5243 ὢν
1913 5190 1993 5261 ᾡς
2022 5191 2289 5261 κληρικῷ,
2316 5193 2584 5258 quomodo
2619 5191 2800 5256 legunt
2840 5189 2964 5243 Joh.
2993 5191 3386 5254 Antiocltenus,

1816 5268 1869 5312 et
1911 5259 2192 5328 Dionysius
2241 5259 2517 5327 Exiguus,
2570 5261 2660 5328 qui
2717 5269 2885 5311 totum
2944 5262 3089 5312 hunc
3122 5276 3389 5313 eanonem

1777 5363 1790 5377 .
1815 5329 1893 5382 sic
1927 5327 2200 5381 transmlit
2234 5346 2247 5381 :
2285 5327 2342 5382 Si
2389 5330 2503 5395 quis
2553 5327 2670 5381 cum
2705 5331 2951 5380 damnato
3002 5331 3188 5382 clerico
3232 5330 3391 5384 veluti
3480 5369 3482 5371 ›

1815 5415 1930 5449 cum
1960 5397 2146 5450 clerico
2170 5399 2328 5450 simul
2361 5401 2608 5459 oraverit,
2635 5400 2731 5451 iste
2774 5398 3073 5452 damnetur.
3140 5399 3202 5450 Et
3236 5415 3390 5462 paru-

1815 5469 2066 5532 pltt‘asles
2118 5467 2396 5532 Arabicns,
2433 5468 2519 5534 qui
2578 5471 2760 5528 verba,
2811 5469 2883 5529 ὡς
2918 5468 3164 5536 κληρικῷ
3197 5469 3387 5518 owed-

1814 5536 1970 5604 ξηται
2028 5539 2187 5589 vertit
2241 5547 2331 5588 aut
2365 5547 2607 5601 precatur
2635 5553 2752 5590 cum
2775 5553 2854 5597 eo,
2883 5546 2935 5588 ut
2969 5550 3214 5603 precatur
3250 5539 3383 5590 veris

1812 5606 2184 5660 sacerdotibus.
2214 5607 2492 5660 Balsamon
2522 5622 2610 5672 per
2650 5607 3002 5669 συνεύξασθαι
3054 5607 3138 5658 hic
3169 5623 3385 5674 συνιερο

1813 5678 2076 5745 ουργῆσαι
2110 5693 2137 5727 a
2173 5677 2444 5728 nonnullis
2474 5678 2695 5745 intelligi
2730 5677 3021 5729 observat:
3080 5676 3220 5727 inter
3246 5690 3384 5741 quos

1814 5744 2082 5815 Zonaram
2121 5754 2174 5798 ct
2210 5745 2521 5799 Aristenutn
2561 5744 2725 5801 fuisse
2776 5745 3253 5815 interpretationes
3282 5760 3380 5798 eo-

1815 5829 1928 5868 rum
1964 5814 2138 5876 palam
2167 5815 2396 5870 faciunt.
