  <div class='ocr_page' id='page_1' title='image "/cluster/home/n/w/nwhite01/storage/ocr_20150623/137/nnc1.0046979786/046.png"; bbox 0 0 4186 6438; ppageno 0'>
   <div class='ocr_carea' id='block_1_1' title="bbox 172 424 3424 493">
    <p class='ocr_par' dir='ltr' id='par_1_1' title="bbox 172 424 3424 493">
     <span class='ocr_line' id='line_1_1' title="bbox 172 424 3424 493; baseline 0 -4"><span class='ocrx_word' id='word_1_1' title='bbox 172 424 241 489; x_wconf 72' lang='lat'><strong>5&#39;3</strong></span> <span class='ocrx_word' id='word_1_2' title='bbox 1437 432 1518 493; x_wconf 83' lang='lat' dir='ltr'><strong>IN</strong></span> <span class='ocrx_word' id='word_1_3' title='bbox 1557 431 1725 493; x_wconf 87' lang='lat' dir='ltr'><strong>CAN.</strong></span> <span class='ocrx_word' id='word_1_4' title='bbox 1773 433 1848 492; x_wconf 77' lang='lat' dir='ltr'><strong>XI</strong></span> <span class='ocrx_word' id='word_1_5' title='bbox 1909 430 2164 491; x_wconf 86' lang='lat' dir='ltr'><strong>APOS&#39;I‘.</strong></span> <span class='ocrx_word' id='word_1_6' title='bbox 3355 427 3424 490; x_wconf 79' lang='grc'><strong>58</strong></span> 
     </span>
    </p>
   </div>
   <div class='ocr_carea' id='block_1_2' title="bbox 169 544 1745 620">
    <p class='ocr_par' dir='ltr' id='par_1_2' title="bbox 169 544 1745 618">
     <span class='ocr_line' id='line_1_2' title="bbox 169 544 1745 618; baseline 0.001 -19"><span class='ocrx_word' id='word_1_7' title='bbox 169 549 348 606; x_wconf 81' lang='grc' dir='ltr'>κεῖνος</span> <span class='ocrx_word' id='word_1_8' title='bbox 381 544 832 613; x_wconf 67' lang='grc' dir='ltr'><strong>ἀφορισθήσεται.</strong></span> <span class='ocrx_word' id='word_1_9' title='bbox 873 545 1045 600; x_wconf 82' lang='grc' dir='ltr'>Τοῦτο</span> <span class='ocrx_word' id='word_1_10' title='bbox 1083 548 1173 600; x_wconf 76' lang='grc' dir='ltr'><strong>καὶ</strong></span> <span class='ocrx_word' id='word_1_11' title='bbox 1209 552 1234 601; x_wconf 83' lang='grc' dir='ltr'>ὁ</span> <span class='ocrx_word' id='word_1_12' title='bbox 1270 550 1312 601; x_wconf 91' lang='lat'><strong>0&#39;</strong></span> <span class='ocrx_word' id='word_1_13' title='bbox 1344 551 1521 602; x_wconf 86' lang='grc' dir='ltr'>κανὼν</span> <span class='ocrx_word' id='word_1_14' title='bbox 1555 551 1652 618; x_wconf 82' lang='grc' dir='ltr'>τῆς</span> <span class='ocrx_word' id='word_1_15' title='bbox 1689 553 1745 603; x_wconf 83' lang='grc' dir='ltr'><strong>ἐν</strong></span> 
     </span>
    </p>
   </div>
   <div class='ocr_carea' id='block_1_3' title="bbox 1838 544 3423 620">
    <p class='ocr_par' dir='ltr' id='par_1_3' title="bbox 1853 544 3423 620">
     <span class='ocr_line' id='line_1_3' title="bbox 1853 544 3423 620; baseline -0.004 -15"><span class='ocrx_word' id='word_1_16' title='bbox 1853 552 2074 606; x_wconf 76' lang='lat' dir='ltr'><strong>ecclesia</strong></span> <span class='ocrx_word' id='word_1_17' title='bbox 2108 554 2200 605; x_wconf 90' lang='lat' dir='ltr'><strong>sed</strong></span> <span class='ocrx_word' id='word_1_18' title='bbox 2234 553 2286 604; x_wconf 94' lang='lat' dir='ltr'><strong>in</strong></span> <span class='ocrx_word' id='word_1_19' title='bbox 2323 552 2499 614; x_wconf 88' lang='lat' dir='ltr'><strong>domo,</strong></span> <span class='ocrx_word' id='word_1_20' title='bbox 2530 547 2734 615; x_wconf 86' lang='lat' dir='ltr'><strong>pariter</strong></span> <span class='ocrx_word' id='word_1_21' title='bbox 2760 555 2813 599; x_wconf 87' lang='lat' dir='ltr'><strong>et</strong></span> <span class='ocrx_word' id='word_1_22' title='bbox 2847 545 2934 598; x_wconf 91' lang='lat' dir='ltr'><strong>bic</strong></span> <span class='ocrx_word' id='word_1_23' title='bbox 2968 544 3423 620; x_wconf 77' lang='lat' dir='ltr'><strong>excommunica-</strong></span> 
     </span>
    </p>
   </div>
   <div class='ocr_carea' id='block_1_4' title="bbox 165 637 934 706">
    <p class='ocr_par' dir='ltr' id='par_1_4' title="bbox 165 637 934 706">
     <span class='ocr_line' id='line_1_4' title="bbox 165 637 934 706; baseline 0.001 -18"><span class='ocrx_word' id='word_1_24' title='bbox 165 637 498 705; x_wconf 80' lang='grc' dir='ltr'>Καρθαγένῃ</span> <span class='ocrx_word' id='word_1_25' title='bbox 529 637 746 688; x_wconf 73' lang='grc' dir='ltr'>συνόδου</span> <span class='ocrx_word' id='word_1_26' title='bbox 782 639 934 706; x_wconf 74' lang='grc' dir='ltr'>φησί.</span> 
     </span>
    </p>
   </div>
   <div class='ocr_carea' id='block_1_5' title="bbox 167 815 1749 896">
    <p class='ocr_par' dir='ltr' id='par_1_5' title="bbox 167 815 1749 896">
     <span class='ocr_line' id='line_1_5' title="bbox 167 815 1749 896; baseline 0.005 -29"><span class='ocrx_word' id='word_1_27' title='bbox 167 815 387 870; x_wconf 79' lang='grc' dir='ltr'><strong>ΑΡΙΣΤ.</strong></span> <span class='ocrx_word' id='word_1_28' title='bbox 428 815 491 866; x_wconf 88' lang='lat'><strong>&#39;0</strong></span> <span class='ocrx_word' id='word_1_29' title='bbox 531 819 980 885; x_wconf 78' lang='grc' dir='ltr'><strong>συνευχόμενος</strong></span> <span class='ocrx_word' id='word_1_30' title='bbox 1019 821 1398 896; x_wconf 70' lang='grc' dir='ltr'>ἀκοινωιςήτῳ</span> <span class='ocrx_word' id='word_1_31' title='bbox 1455 839 1749 877; x_wconf 80' lang='grc' dir='ltr'>ταυτοκα-</span> 
     </span>
    </p>
   </div>
   <div class='ocr_carea' id='block_1_6' title="bbox 831 909 1123 977">
    <p class='ocr_par' dir='ltr' id='par_1_6' title="bbox 831 909 1123 977">
     <span class='ocr_line' id='line_1_6' title="bbox 831 909 1123 977; baseline 0.014 -15"><span class='ocrx_word' id='word_1_32' title='bbox 831 909 1123 977; x_wconf 72' lang='grc' dir='ltr'>τάκριτος.</span> 
     </span>
    </p>
   </div>
   <div class='ocr_carea' id='block_1_7' title="bbox 246 990 1747 1076">
    <p class='ocr_par' dir='ltr' id='par_1_7' title="bbox 246 990 1747 1076">
     <span class='ocr_line' id='line_1_7' title="bbox 246 990 1747 1076; baseline 0.002 -23"><span class='ocrx_word' id='word_1_33' title='bbox 246 1002 307 1053; x_wconf 85' lang='grc' dir='ltr'><strong>Ὀ</strong></span> <span class='ocrx_word' id='word_1_34' title='bbox 339 1004 728 1070; x_wconf 75' lang='grc' dir='ltr'><strong>συνευχόμενος</strong></span> <span class='ocrx_word' id='word_1_35' title='bbox 746 1003 1038 1073; x_wconf 75' lang='grc' dir='ltr'>αἰρετικοῖς</span> <span class='ocrx_word' id='word_1_36' title='bbox 1062 1007 1119 1057; x_wconf 85' lang='grc' dir='ltr'><strong>ἐν</strong></span> <span class='ocrx_word' id='word_1_37' title='bbox 1147 1004 1411 1075; x_wconf 74' lang='grc' dir='ltr'>ἐκκλησίᾳ</span> <span class='ocrx_word' id='word_1_38' title='bbox 1441 1006 1470 1076; x_wconf 89' lang='grc' dir='ltr'>ἢ</span> <span class='ocrx_word' id='word_1_39' title='bbox 1508 1007 1567 1057; x_wconf 83' lang='grc' dir='ltr'>ὲν</span> <span class='ocrx_word' id='word_1_40' title='bbox 1591 990 1747 1076; x_wconf 79' lang='grc' dir='ltr'>οἴκῳ,</span> 
     </span>
    </p>
   </div>
   <div class='ocr_carea' id='block_1_8' title="bbox 163 1093 1335 1158">
    <p class='ocr_par' dir='ltr' id='par_1_8' title="bbox 163 1093 1335 1158">
     <span class='ocr_line' id='line_1_8' title="bbox 163 1093 1335 1158; baseline 0.005 -14"><span class='ocrx_word' id='word_1_41' title='bbox 163 1093 527 1157; x_wconf 71' lang='grc' dir='ltr'>ἀκοινώνιπτος</span> <span class='ocrx_word' id='word_1_42' title='bbox 557 1095 821 1157; x_wconf 80' lang='grc' dir='ltr'>ὡσαύτως</span> <span class='ocrx_word' id='word_1_43' title='bbox 855 1096 996 1149; x_wconf 79' lang='grc' dir='ltr'>ἔστω</span> <span class='ocrx_word' id='word_1_44' title='bbox 1028 1099 1122 1148; x_wconf 75' lang='grc' dir='ltr'><strong>καὶ</strong></span> <span class='ocrx_word' id='word_1_45' title='bbox 1155 1097 1335 1158; x_wconf 74' lang='grc' dir='ltr'>αὐτός.</span> 
     </span>
    </p>
   </div>
   <div class='ocr_carea' id='block_1_9' title="bbox 773 1187 1139 1241">
    <p class='ocr_par' dir='ltr' id='par_1_9' title="bbox 773 1187 1139 1241">
     <span class='ocr_line' id='line_1_9' title="bbox 773 1187 1139 1241; baseline 0.005 -3"><span class='ocrx_word' id='word_1_46' title='bbox 773 1187 1012 1238; x_wconf 76' lang='grc' dir='ltr'><strong>ΚΔΝΩΝ</strong></span> <span class='ocrx_word' id='word_1_47' title='bbox 1051 1188 1139 1241; x_wconf 85' lang='grc' dir='ltr'>ια’.</span> 
     </span>
    </p>
   </div>
   <div class='ocr_carea' id='block_1_10' title="bbox 163 1277 1752 1348">
    <p class='ocr_par' dir='ltr' id='par_1_10' title="bbox 163 1277 1752 1348">
     <span class='ocr_line' id='line_1_10' title="bbox 163 1277 1752 1348; baseline 0.003 -19"><span class='ocrx_word' id='word_1_48' title='bbox 163 1277 236 1329; x_wconf 81' lang='lat' dir='ltr'><strong>El</strong></span> <span class='ocrx_word' id='word_1_49' title='bbox 283 1294 376 1340; x_wconf 79' lang='grc' dir='ltr'><strong>τις</strong></span> <span class='ocrx_word' id='word_1_50' title='bbox 427 1280 816 1344; x_wconf 75' lang='grc' dir='ltr'>καθῃρημένῳ</span> <span class='ocrx_word' id='word_1_51' title='bbox 865 1278 976 1345; x_wconf 80' lang='grc'><strong>(18)</strong></span> <span class='ocrx_word' id='word_1_52' title='bbox 1030 1279 1316 1344; x_wconf 76' lang='grc' dir='ltr'>κληρικὸς</span> <span class='ocrx_word' id='word_1_53' title='bbox 1363 1279 1448 1330; x_wconf 85' lang='grc' dir='ltr'><em>ὢν</em></span> <span class='ocrx_word' id='word_1_54' title='bbox 1492 1281 1752 1348; x_wconf 76' lang='grc' dir='ltr'>κληρικῷ</span> 
     </span>
    </p>
   </div>
   <div class='ocr_carea' id='block_1_11' title="bbox 232 1367 1571 1434">
    <p class='ocr_par' dir='ltr' id='par_1_11' title="bbox 232 1367 1571 1434">
     <span class='ocr_line' id='line_1_11' title="bbox 232 1367 1571 1434; baseline 0.004 -16"><span class='ocrx_word' id='word_1_55' title='bbox 232 1367 605 1432; x_wconf 78' lang='grc' dir='ltr'>σιννεύεηται</span> <span class='ocrx_word' id='word_1_56' title='bbox 641 1368 776 1434; x_wconf 89' lang='lat' dir='ltr'><strong>(l9),</strong></span> <span class='ocrx_word' id='word_1_57' title='bbox 811 1368 1207 1432; x_wconf 79' lang='grc' dir='ltr'><strong>καθαιρείσθω</strong></span> <span class='ocrx_word' id='word_1_58' title='bbox 1241 1369 1339 1420; x_wconf 76' lang='grc' dir='ltr'>καὶ</span> <span class='ocrx_word' id='word_1_59' title='bbox 1373 1371 1571 1434; x_wconf 85' lang='grc' dir='ltr'><strong>αὐτός.</strong></span> 
     </span>
    </p>
   </div>
   <div class='ocr_carea' id='block_1_12' title="bbox 233 1457 1750 1521">
    <p class='ocr_par' dir='ltr' id='par_1_12' title="bbox 233 1457 1750 1521">
     <span class='ocr_line' id='line_1_12' title="bbox 233 1457 1750 1521; baseline 0.006 -13"><span class='ocrx_word' id='word_1_60' title='bbox 233 1458 434 1509; x_wconf 70' lang='grc' dir='ltr'><strong>ΒᾹΛΣ.</strong></span> <span class='ocrx_word' id='word_1_61' title='bbox 485 1459 646 1520; x_wconf 81' lang='grc' dir='ltr'>Τινὲς</span> <span class='ocrx_word' id='word_1_62' title='bbox 685 1459 746 1510; x_wconf 84' lang='grc' dir='ltr'><strong>τὸ</strong></span> <span class='ocrx_word' id='word_1_63' title='bbox 796 1457 1159 1521; x_wconf 65' lang='grc' dir='ltr'><strong>συνεύξασθαι</strong></span> <span class='ocrx_word' id='word_1_64' title='bbox 1210 1459 1440 1512; x_wconf 80' lang='grc' dir='ltr'>ἐνταῦθα</span> <span class='ocrx_word' id='word_1_65' title='bbox 1490 1462 1610 1514; x_wconf 70' lang='grc' dir='ltr'>ἀντὶ</span> <span class='ocrx_word' id='word_1_66' title='bbox 1657 1463 1750 1516; x_wconf 81' lang='grc' dir='ltr'><strong>τοῦ</strong></span> 
     </span>
    </p>
   </div>
   <div class='ocr_carea' id='block_1_13' title="bbox 163 1544 1749 1623">
    <p class='ocr_par' dir='ltr' id='par_1_13' title="bbox 163 1544 1749 1623">
     <span class='ocr_line' id='line_1_13' title="bbox 163 1544 1749 1623; baseline 0.005 -24"><span class='ocrx_word' id='word_1_67' title='bbox 163 1550 622 1616; x_wconf 80' lang='grc' dir='ltr'>συνιερουργῆσαι</span> <span class='ocrx_word' id='word_1_68' title='bbox 667 1544 1005 1612; x_wconf 70' lang='grc' dir='ltr'>ὲξελάϐοντο.</span> <span class='ocrx_word' id='word_1_69' title='bbox 1052 1550 1127 1601; x_wconf 81' lang='grc' dir='ltr'>Οῦ</span> <span class='ocrx_word' id='word_1_70' title='bbox 1172 1550 1320 1602; x_wconf 82' lang='grc' dir='ltr'>δοκεῖ</span> <span class='ocrx_word' id='word_1_71' title='bbox 1360 1552 1414 1603; x_wconf 83' lang='grc' dir='ltr'><strong>δὲ</strong></span> <span class='ocrx_word' id='word_1_72' title='bbox 1463 1553 1556 1604; x_wconf 72' lang='grc' dir='ltr'><strong>καὶ</strong></span> <span class='ocrx_word' id='word_1_73' title='bbox 1606 1554 1749 1623; x_wconf 79' lang='grc' dir='ltr'>ἐμοί.</span> 
     </span>
    </p>
   </div>
   <div class='ocr_carea' id='block_1_14' title="bbox 162 1639 1750 1714">
    <p class='ocr_par' dir='ltr' id='par_1_14' title="bbox 162 1639 1750 1714">
     <span class='ocr_line' id='line_1_14' title="bbox 162 1639 1750 1714; baseline 0.004 -23"><span class='ocrx_word' id='word_1_74' title='bbox 162 1640 301 1708; x_wconf 79' lang='grc' dir='ltr'>Περὶ</span> <span class='ocrx_word' id='word_1_75' title='bbox 340 1640 450 1710; x_wconf 71' lang='grc' dir='ltr'><strong>γὰρ</strong></span> <span class='ocrx_word' id='word_1_76' title='bbox 490 1640 688 1702; x_wconf 83' lang='grc' dir='ltr'>παντὸς</span> <span class='ocrx_word' id='word_1_77' title='bbox 726 1639 992 1708; x_wconf 83' lang='grc' dir='ltr'>κληρικοῦ</span> <span class='ocrx_word' id='word_1_78' title='bbox 1028 1639 1449 1710; x_wconf 81' lang='grc' dir='ltr'><strong>καθαιρεθέντος</strong></span> <span class='ocrx_word' id='word_1_79' title='bbox 1481 1642 1750 1714; x_wconf 83' lang='grc' dir='ltr'>ἐξελήφθη</span> 
     </span>
    </p>
   </div>
   <div class='ocr_carea' id='block_1_15' title="bbox 158 1727 1752 1801">
    <p class='ocr_par' dir='ltr' id='par_1_15' title="bbox 158 1727 1752 1801">
     <span class='ocr_line' id='line_1_15' title="bbox 158 1727 1752 1801; baseline 0.005 -22"><span class='ocrx_word' id='word_1_80' title='bbox 158 1728 186 1779; x_wconf 84' lang='grc' dir='ltr'>ὁ</span> <span class='ocrx_word' id='word_1_81' title='bbox 216 1727 400 1780; x_wconf 85' lang='grc' dir='ltr'>κανὼν</span> <span class='ocrx_word' id='word_1_82' title='bbox 421 1771 434 1793; x_wconf 93' lang='grc'><strong>,</strong></span> <span class='ocrx_word' id='word_1_83' title='bbox 464 1729 523 1781; x_wconf 85' lang='grc' dir='ltr'><strong>οὐ</strong></span> <span class='ocrx_word' id='word_1_84' title='bbox 559 1729 664 1798; x_wconf 73' lang='grc' dir='ltr'>μὴν</span> <span class='ocrx_word' id='word_1_85' title='bbox 692 1731 822 1799; x_wconf 76' lang='grc' dir='ltr'>περὶ</span> <span class='ocrx_word' id='word_1_86' title='bbox 853 1731 1014 1798; x_wconf 82' lang='grc' dir='ltr'>μόνου</span> <span class='ocrx_word' id='word_1_87' title='bbox 1048 1731 1260 1801; x_wconf 82' lang='grc' dir='ltr'>ἱερέως.</span> <span class='ocrx_word' id='word_1_88' title='bbox 1293 1732 1478 1785; x_wconf 79' lang='grc' dir='ltr'>Ἀλλοι</span> <span class='ocrx_word' id='word_1_89' title='bbox 1507 1733 1564 1786; x_wconf 82' lang='grc' dir='ltr'><strong>δὲ</strong></span> <span class='ocrx_word' id='word_1_90' title='bbox 1596 1732 1752 1787; x_wconf 83' lang='grc' dir='ltr'>εἶπον</span> 
     </span>
    </p>
   </div>
   <div class='ocr_carea' id='block_1_16' title="bbox 159 1818 1749 1897">
    <p class='ocr_par' dir='ltr' id='par_1_16' title="bbox 159 1818 1749 1897">
     <span class='ocr_line' id='line_1_16' title="bbox 159 1818 1749 1897; baseline 0.007 -29"><span class='ocrx_word' id='word_1_91' title='bbox 159 1818 401 1872; x_wconf 73' lang='grc' dir='ltr'>ἐνταῦθα</span> <span class='ocrx_word' id='word_1_92' title='bbox 417 1822 508 1872; x_wconf 76' lang='grc' dir='ltr'><strong>τὸν</strong></span> <span class='ocrx_word' id='word_1_93' title='bbox 527 1821 923 1891; x_wconf 72' lang='grc' dir='ltr'>καθαιρεθέντα</span> <span class='ocrx_word' id='word_1_94' title='bbox 941 1819 1307 1892; x_wconf 77' lang='grc' dir='ltr'>ύποὸληθῆναι</span> <span class='ocrx_word' id='word_1_95' title='bbox 1327 1826 1420 1877; x_wconf 73' lang='grc' dir='ltr'>καὶ</span> <span class='ocrx_word' id='word_1_96' title='bbox 1437 1827 1749 1897; x_wconf 83' lang='grc' dir='ltr'>ἀφορισμῷ,</span> 
     </span>
    </p>
   </div>
   <div class='ocr_carea' id='block_1_17' title="bbox 1857 635 3421 707">
    <p class='ocr_par' dir='ltr' id='par_1_17' title="bbox 1857 635 3421 707">
     <span class='ocr_line' id='line_1_17' title="bbox 1857 635 3421 707; baseline -0.006 -10"><span class='ocrx_word' id='word_1_97' title='bbox 1857 645 2020 698; x_wconf 83' lang='lat' dir='ltr'><strong>bitur.</strong></span> <span class='ocrx_word' id='word_1_98' title='bbox 2061 643 2174 697; x_wconf 89' lang='lat' dir='ltr'><strong>lloc</strong></span> <span class='ocrx_word' id='word_1_99' title='bbox 2210 646 2374 696; x_wconf 89' lang='lat' dir='ltr'><strong>etiam</strong></span> <span class='ocrx_word' id='word_1_100' title='bbox 2405 656 2581 694; x_wconf 90' lang='lat' dir='ltr'><strong>nonus</strong></span> <span class='ocrx_word' id='word_1_101' title='bbox 2605 655 2778 692; x_wconf 85' lang='lat' dir='ltr'><strong>canon</strong></span> <span class='ocrx_word' id='word_1_102' title='bbox 2813 636 2998 707; x_wconf 80' lang='lat' dir='ltr'><strong>synodi</strong></span> <span class='ocrx_word' id='word_1_103' title='bbox 3029 635 3421 704; x_wconf 81' lang='lat' dir='ltr'><strong>Cartltagineu-</strong></span> 
     </span>
    </p>
   </div>
   <div class='ocr_carea' id='block_1_18' title="bbox 1851 730 2110 783">
    <p class='ocr_par' dir='ltr' id='par_1_18' title="bbox 1851 730 2110 783">
     <span class='ocr_line' id='line_1_18' title="bbox 1851 730 2110 783; baseline 0 -1"><span class='ocrx_word' id='word_1_104' title='bbox 1851 730 1927 783; x_wconf 91' lang='lat' dir='ltr'><strong>sis</strong></span> <span class='ocrx_word' id='word_1_105' title='bbox 1963 732 2110 782; x_wconf 78' lang='lat' dir='ltr'><strong>dicit.</strong></span> 
     </span>
    </p>
   </div>
   <div class='ocr_carea' id='block_1_19' title="bbox 1923 816 3416 885">
    <p class='ocr_par' dir='ltr' id='par_1_19' title="bbox 1923 816 3416 885">
     <span class='ocr_line' id='line_1_19' title="bbox 1923 816 3416 885; baseline -0.006 -11"><span class='ocrx_word' id='word_1_106' title='bbox 1923 819 2148 874; x_wconf 70' lang='lat' dir='ltr'><strong>AlllST.</strong></span> <span class='ocrx_word' id='word_1_107' title='bbox 2178 820 2281 885; x_wconf 85' lang='lat' dir='ltr'><strong>Qui</strong></span> <span class='ocrx_word' id='word_1_108' title='bbox 2313 838 2428 874; x_wconf 88' lang='lat' dir='ltr'><strong>cum</strong></span> <span class='ocrx_word' id='word_1_109' title='bbox 2465 820 2911 874; x_wconf 71' lang='lat' dir='ltr'><strong>excommunicato</strong></span> <span class='ocrx_word' id='word_1_110' title='bbox 2956 816 3119 868; x_wconf 78' lang='lat' dir='ltr'><strong>simul</strong></span> <span class='ocrx_word' id='word_1_111' title='bbox 3169 817 3416 880; x_wconf 82' lang='lat' dir='ltr'><strong>oraverit,</strong></span> 
     </span>
    </p>
   </div>
   <div class='ocr_carea' id='block_1_20' title="bbox 2261 911 2979 981">
    <p class='ocr_par' dir='ltr' id='par_1_20' title="bbox 2261 911 2979 981">
     <span class='ocr_line' id='line_1_20' title="bbox 2261 911 2979 981; baseline -0.006 -15"><span class='ocrx_word' id='word_1_112' title='bbox 2261 914 2424 966; x_wconf 84' lang='lat' dir='ltr'><strong>eidem</strong></span> <span class='ocrx_word' id='word_1_113' title='bbox 2449 914 2655 981; x_wconf 83' lang='lat' dir='ltr'><strong>judicio</strong></span> <span class='ocrx_word' id='word_1_114' title='bbox 2683 911 2979 978; x_wconf 77' lang='lat' dir='ltr'><strong>subjicitur.</strong></span> 
     </span>
    </p>
   </div>
   <div class='ocr_carea' id='block_1_21' title="bbox 1923 999 3425 1072">
    <p class='ocr_par' dir='ltr' id='par_1_21' title="bbox 1923 999 3425 1072">
     <span class='ocr_line' id='line_1_21' title="bbox 1923 999 3425 1072; baseline -0.003 -17"><span class='ocrx_word' id='word_1_115' title='bbox 1923 1005 2024 1072; x_wconf 79' lang='lat' dir='ltr'><strong>Qui</strong></span> <span class='ocrx_word' id='word_1_116' title='bbox 2075 1005 2233 1059; x_wconf 85' lang='lat' dir='ltr'><strong>simul</strong></span> <span class='ocrx_word' id='word_1_117' title='bbox 2275 1006 2512 1058; x_wconf 88' lang='lat' dir='ltr'><strong>oraverit</strong></span> <span class='ocrx_word' id='word_1_118' title='bbox 2541 1020 2660 1057; x_wconf 89' lang='lat' dir='ltr'><strong>cum</strong></span> <span class='ocrx_word' id='word_1_119' title='bbox 2692 1002 2959 1055; x_wconf 70' lang='lat' dir='ltr'><strong>haereticis</strong></span> <span class='ocrx_word' id='word_1_120' title='bbox 2997 1002 3047 1054; x_wconf 92' lang='lat' dir='ltr'><strong>in</strong></span> <span class='ocrx_word' id='word_1_121' title='bbox 3079 999 3309 1056; x_wconf 86' lang='lat' dir='ltr'><strong>ecclesia</strong></span> <span class='ocrx_word' id='word_1_122' title='bbox 3341 999 3425 1051; x_wconf 73' lang='lat' dir='ltr'><strong>vel</strong></span> 
     </span>
    </p>
   </div>
   <div class='ocr_carea' id='block_1_22' title="bbox 1853 1093 3082 1164">
    <p class='ocr_par' dir='ltr' id='par_1_22' title="bbox 1853 1093 3082 1164">
     <span class='ocr_line' id='line_1_22' title="bbox 1853 1093 3082 1164; baseline -0.004 -14"><span class='ocrx_word' id='word_1_123' title='bbox 1853 1097 2034 1160; x_wconf 86' lang='lat' dir='ltr'><strong>domo,</strong></span> <span class='ocrx_word' id='word_1_124' title='bbox 2064 1096 2174 1164; x_wconf 67' lang='lat' dir='ltr'><strong>ipse</strong></span> <span class='ocrx_word' id='word_1_125' title='bbox 2201 1096 2450 1149; x_wconf 90' lang='lat' dir='ltr'><strong>similiter</strong></span> <span class='ocrx_word' id='word_1_126' title='bbox 2473 1096 2538 1149; x_wconf 89' lang='lat' dir='ltr'><strong>sit</strong></span> <span class='ocrx_word' id='word_1_127' title='bbox 2564 1093 3082 1148; x_wconf 74' lang='lat' dir='ltr'><strong>exconmtuuicatus.</strong></span> 
     </span>
    </p>
   </div>
   <div class='ocr_carea' id='block_1_23' title="bbox 2456 1184 2811 1241">
    <p class='ocr_par' dir='ltr' id='par_1_23' title="bbox 2456 1184 2811 1241">
     <span class='ocr_line' id='line_1_23' title="bbox 2456 1184 2811 1241; baseline -0.006 -2"><span class='ocrx_word' id='word_1_128' title='bbox 2456 1185 2686 1241; x_wconf 78' lang='lat' dir='ltr'><strong>CANON</strong></span> <span class='ocrx_word' id='word_1_129' title='bbox 2722 1184 2811 1238; x_wconf 81' lang='lat' dir='ltr'><strong>XI.</strong></span> 
     </span>
    </p>
   </div>
   <div class='ocr_carea' id='block_1_24' title="bbox 1854 1275 3425 1352">
    <p class='ocr_par' dir='ltr' id='par_1_24' title="bbox 1854 1275 3425 1352">
     <span class='ocr_line' id='line_1_24' title="bbox 1854 1275 3425 1352; baseline -0.006 -16"><span class='ocrx_word' id='word_1_130' title='bbox 1854 1281 1914 1336; x_wconf 89' lang='lat' dir='ltr'><strong>Si</strong></span> <span class='ocrx_word' id='word_1_131' title='bbox 1942 1281 2079 1352; x_wconf 86' lang='lat' dir='ltr'><strong>quis,</strong></span> <span class='ocrx_word' id='word_1_132' title='bbox 2105 1297 2219 1333; x_wconf 88' lang='lat' dir='ltr'><strong>cum</strong></span> <span class='ocrx_word' id='word_1_133' title='bbox 2250 1281 2323 1334; x_wconf 87' lang='lat' dir='ltr'><strong>sit</strong></span> <span class='ocrx_word' id='word_1_134' title='bbox 2354 1280 2598 1341; x_wconf 75' lang='lat' dir='ltr'><strong>clericus,</strong></span> <span class='ocrx_word' id='word_1_135' title='bbox 2650 1296 2753 1330; x_wconf 88' lang='lat' dir='ltr'><strong>una</strong></span> <span class='ocrx_word' id='word_1_136' title='bbox 2806 1294 2921 1330; x_wconf 87' lang='lat' dir='ltr'><strong>cum</strong></span> <span class='ocrx_word' id='word_1_137' title='bbox 2961 1277 3194 1343; x_wconf 81' lang='lat' dir='ltr'><strong>deposito</strong></span> <span class='ocrx_word' id='word_1_138' title='bbox 3235 1275 3425 1328; x_wconf 72' lang='lat' dir='ltr'><strong>clerico</strong></span> 
     </span>
    </p>
   </div>
   <div class='ocr_carea' id='block_1_25' title="bbox 2228 1368 3053 1434">
    <p class='ocr_par' dir='ltr' id='par_1_25' title="bbox 2228 1368 3053 1434">
     <span class='ocr_line' id='line_1_25' title="bbox 2228 1368 3053 1434; baseline -0.006 -12"><span class='ocrx_word' id='word_1_139' title='bbox 2228 1371 2478 1429; x_wconf 76' lang='lat' dir='ltr'><strong>oraverit,</strong></span> <span class='ocrx_word' id='word_1_140' title='bbox 2518 1368 2808 1434; x_wconf 75' lang='lat' dir='ltr'><strong>deponatur</strong></span> <span class='ocrx_word' id='word_1_141' title='bbox 2845 1376 2892 1418; x_wconf 82' lang='lat' dir='ltr'><strong>et</strong></span> <span class='ocrx_word' id='word_1_142' title='bbox 2926 1368 3053 1432; x_wconf 85' lang='lat' dir='ltr'><strong>ipse.</strong></span> 
     </span>
    </p>
   </div>
   <div class='ocr_carea' id='block_1_26' title="bbox 1925 1452 3422 1524">
    <p class='ocr_par' dir='ltr' id='par_1_26' title="bbox 1925 1452 3422 1524">
     <span class='ocr_line' id='line_1_26' title="bbox 1925 1452 3422 1524; baseline -0.008 -10"><span class='ocrx_word' id='word_1_143' title='bbox 1925 1462 2120 1514; x_wconf 82' lang='lat' dir='ltr'><strong>BALS.</strong></span> <span class='ocrx_word' id='word_1_144' title='bbox 2144 1459 2398 1514; x_wconf 81' lang='lat' dir='ltr'><strong>Nonnulli</strong></span> <span class='ocrx_word' id='word_1_145' title='bbox 2430 1460 2578 1519; x_wconf 88' lang='lat' dir='ltr'><strong>illud,</strong></span> <span class='ocrx_word' id='word_1_146' title='bbox 2617 1473 2719 1510; x_wconf 90' lang='lat' dir='ltr'><strong>una</strong></span> <span class='ocrx_word' id='word_1_147' title='bbox 2754 1456 2983 1524; x_wconf 85' lang='lat' dir='ltr'><strong>precari,</strong></span> <span class='ocrx_word' id='word_1_148' title='bbox 3034 1469 3130 1518; x_wconf 88' lang='lat' dir='ltr'><strong>pro</strong></span> <span class='ocrx_word' id='word_1_149' title='bbox 3173 1467 3236 1506; x_wconf 91' lang='lat' dir='ltr'><strong>eo</strong></span> <span class='ocrx_word' id='word_1_150' title='bbox 3283 1452 3422 1518; x_wconf 90' lang='lat' dir='ltr'><strong>quod</strong></span> 
     </span>
    </p>
   </div>
   <div class='ocr_carea' id='block_1_27' title="bbox 1852 1542 3490 1614">
    <p class='ocr_par' dir='ltr' id='par_1_27' title="bbox 1852 1542 3490 1614">
     <span class='ocr_line' id='line_1_27' title="bbox 1852 1542 3490 1614; baseline -0.008 -6"><span class='ocrx_word' id='word_1_151' title='bbox 1852 1564 1936 1608; x_wconf 90' lang='lat' dir='ltr'><strong>est</strong></span> <span class='ocrx_word' id='word_1_152' title='bbox 1958 1553 2114 1608; x_wconf 87' lang='lat' dir='ltr'><strong>simul</strong></span> <span class='ocrx_word' id='word_1_153' title='bbox 2137 1567 2290 1606; x_wconf 87' lang='lat' dir='ltr'><strong>sacra</strong></span> <span class='ocrx_word' id='word_1_154' title='bbox 2319 1551 2518 1613; x_wconf 80' lang='lat' dir='ltr'><strong>facere,</strong></span> <span class='ocrx_word' id='word_1_155' title='bbox 2544 1549 2629 1602; x_wconf 90' lang='lat' dir='ltr'><strong>hic</strong></span> <span class='ocrx_word' id='word_1_156' title='bbox 2652 1555 2997 1614; x_wconf 77' lang='lat' dir='ltr'><strong>acceperunt.</strong></span> <span class='ocrx_word' id='word_1_157' title='bbox 3025 1544 3129 1598; x_wconf 91' lang='lat' dir='ltr'><strong>Sed</strong></span> <span class='ocrx_word' id='word_1_158' title='bbox 3157 1542 3291 1596; x_wconf 88' lang='lat' dir='ltr'><strong>mihi</strong></span> <span class='ocrx_word' id='word_1_159' title='bbox 3319 1558 3422 1595; x_wconf 92' lang='lat' dir='ltr'><strong>non</strong></span> <span class='ocrx_word' id='word_1_160' title='bbox 3482 1579 3490 1595; x_wconf 83' lang='lat'><strong>.</strong></span> 
     </span>
    </p>
   </div>
   <div class='ocr_carea' id='block_1_28' title="bbox 1856 1633 3427 1710">
    <p class='ocr_par' dir='ltr' id='par_1_28' title="bbox 1856 1633 3427 1710">
     <span class='ocr_line' id='line_1_28' title="bbox 1856 1633 3427 1710; baseline -0.009 -11"><span class='ocrx_word' id='word_1_161' title='bbox 1856 1646 1924 1699; x_wconf 90' lang='lat' dir='ltr'><strong>ita</strong></span> <span class='ocrx_word' id='word_1_162' title='bbox 1956 1645 2189 1699; x_wconf 89' lang='lat' dir='ltr'><strong>videtur.</strong></span> <span class='ocrx_word' id='word_1_163' title='bbox 2226 1643 2297 1696; x_wconf 85' lang='lat' dir='ltr'><strong>De</strong></span> <span class='ocrx_word' id='word_1_164' title='bbox 2324 1642 2514 1710; x_wconf 89' lang='lat' dir='ltr'><strong>quovis</strong></span> <span class='ocrx_word' id='word_1_165' title='bbox 2537 1640 2680 1693; x_wconf 88' lang='lat' dir='ltr'><strong>enim</strong></span> <span class='ocrx_word' id='word_1_166' title='bbox 2714 1638 2914 1692; x_wconf 86' lang='lat' dir='ltr'><strong>clerico</strong></span> <span class='ocrx_word' id='word_1_167' title='bbox 2944 1636 3191 1704; x_wconf 87' lang='lat' dir='ltr'><strong>deposito</strong></span> <span class='ocrx_word' id='word_1_168' title='bbox 3225 1633 3427 1700; x_wconf 80' lang='lat' dir='ltr'><strong>accipi-</strong></span> 
     </span>
    </p>
   </div>
   <div class='ocr_carea' id='block_1_29' title="bbox 1856 1727 3422 1800">
    <p class='ocr_par' dir='ltr' id='par_1_29' title="bbox 1856 1727 3422 1800">
     <span class='ocr_line' id='line_1_29' title="bbox 1856 1727 3422 1800; baseline -0.008 -9"><span class='ocrx_word' id='word_1_169' title='bbox 1856 1747 1943 1792; x_wconf 93' lang='lat' dir='ltr'><strong>tur</strong></span> <span class='ocrx_word' id='word_1_170' title='bbox 1969 1753 2163 1800; x_wconf 89' lang='lat' dir='ltr'><strong>canon,</strong></span> <span class='ocrx_word' id='word_1_171' title='bbox 2195 1750 2298 1788; x_wconf 89' lang='lat' dir='ltr'><strong>non</strong></span> <span class='ocrx_word' id='word_1_172' title='bbox 2333 1744 2509 1787; x_wconf 91' lang='lat' dir='ltr'><strong>autem</strong></span> <span class='ocrx_word' id='word_1_173' title='bbox 2544 1733 2608 1786; x_wconf 91' lang='lat' dir='ltr'><strong>de</strong></span> <span class='ocrx_word' id='word_1_174' title='bbox 2632 1732 2746 1785; x_wconf 90' lang='lat' dir='ltr'><strong>solo</strong></span> <span class='ocrx_word' id='word_1_175' title='bbox 2770 1730 3072 1784; x_wconf 83' lang='lat' dir='ltr'><strong>sacerdme.</strong></span> <span class='ocrx_word' id='word_1_176' title='bbox 3110 1727 3210 1780; x_wconf 85' lang='lat' dir='ltr'><strong>Alii</strong></span> <span class='ocrx_word' id='word_1_177' title='bbox 3242 1736 3422 1780; x_wconf 90' lang='lat' dir='ltr'><strong>autem</strong></span> 
     </span>
    </p>
   </div>
   <div class='ocr_carea' id='block_1_30' title="bbox 1855 1818 3420 1895">
    <p class='ocr_par' dir='ltr' id='par_1_30' title="bbox 1855 1818 3420 1895">
     <span class='ocr_line' id='line_1_30' title="bbox 1855 1818 3420 1895; baseline -0.012 -11"><span class='ocrx_word' id='word_1_178' title='bbox 1855 1830 2108 1884; x_wconf 78' lang='lat' dir='ltr'><strong>dixerunt</strong></span> <span class='ocrx_word' id='word_1_179' title='bbox 2148 1829 2239 1881; x_wconf 91' lang='lat' dir='ltr'><strong>hic</strong></span> <span class='ocrx_word' id='word_1_180' title='bbox 2266 1827 2565 1895; x_wconf 88' lang='lat' dir='ltr'><strong>depositum</strong></span> <span class='ocrx_word' id='word_1_181' title='bbox 2594 1825 2758 1878; x_wconf 87' lang='lat' dir='ltr'><strong>etiam</strong></span> <span class='ocrx_word' id='word_1_182' title='bbox 2817 1820 3176 1890; x_wconf 81' lang='lat' dir='ltr'><strong>scgrcgationi</strong></span> <span class='ocrx_word' id='word_1_183' title='bbox 3208 1818 3420 1887; x_wconf 79' lang='lat' dir='ltr'><strong>subjici,</strong></span> 
     </span>
    </p>
   </div>
   <div class='ocr_carea' id='block_1_31' title="bbox 159 1901 1745 1989">
    <p class='ocr_par' dir='ltr' id='par_1_31' title="bbox 159 1912 1745 1989">
     <span class='ocr_line' id='line_1_31' title="bbox 159 1912 1745 1989; baseline 0.006 -26"><span class='ocrx_word' id='word_1_184' title='bbox 159 1913 257 1963; x_wconf 72' lang='grc' dir='ltr'><strong>καὶ</strong></span> <span class='ocrx_word' id='word_1_185' title='bbox 299 1912 389 1963; x_wconf 67' lang='grc' dir='ltr'><strong>διὰ</strong></span> <span class='ocrx_word' id='word_1_186' title='bbox 426 1912 585 1964; x_wconf 90' lang='grc' dir='ltr'>τοῦτο</span> <span class='ocrx_word' id='word_1_187' title='bbox 625 1912 940 1980; x_wconf 82' lang='grc' dir='ltr'>κωλυθῆναι</span> <span class='ocrx_word' id='word_1_188' title='bbox 974 1915 1072 1986; x_wconf 81' lang='grc' dir='ltr'><strong>τὴν</strong></span> <span class='ocrx_word' id='word_1_189' title='bbox 1109 1917 1247 1984; x_wconf 75' lang='grc' dir='ltr'>μετὰ</span> <span class='ocrx_word' id='word_1_190' title='bbox 1281 1918 1470 1971; x_wconf 88' lang='grc' dir='ltr'>τούτου</span> <span class='ocrx_word' id='word_1_191' title='bbox 1514 1937 1745 1989; x_wconf 84' lang='grc' dir='ltr'>προσευ-</span> 
     </span>
    </p>
   </div>
   <div class='ocr_carea' id='block_1_32' title="bbox 1838 1901 3420 1989">
    <p class='ocr_par' dir='ltr' id='par_1_32' title="bbox 1851 1911 3420 1988">
     <span class='ocr_line' id='line_1_32' title="bbox 1851 1911 3420 1988; baseline -0.007 -14"><span class='ocrx_word' id='word_1_192' title='bbox 1851 1931 1904 1974; x_wconf 87' lang='lat' dir='ltr'><strong>et</strong></span> <span class='ocrx_word' id='word_1_193' title='bbox 1932 1921 2052 1975; x_wconf 90' lang='lat' dir='ltr'><strong>ideo</strong></span> <span class='ocrx_word' id='word_1_194' title='bbox 2083 1935 2204 1975; x_wconf 88' lang='lat' dir='ltr'><strong>esse</strong></span> <span class='ocrx_word' id='word_1_195' title='bbox 2234 1917 2562 1988; x_wconf 77' lang='lat' dir='ltr'><strong>prohibitam</strong></span> <span class='ocrx_word' id='word_1_196' title='bbox 2612 1931 2715 1969; x_wconf 85' lang='lat' dir='ltr'><strong>una</strong></span> <span class='ocrx_word' id='word_1_197' title='bbox 2766 1931 2889 1968; x_wconf 88' lang='lat' dir='ltr'><strong>cum</strong></span> <span class='ocrx_word' id='word_1_198' title='bbox 2923 1930 2987 1967; x_wconf 89' lang='lat' dir='ltr'><strong>eo</strong></span> <span class='ocrx_word' id='word_1_199' title='bbox 3027 1911 3420 1982; x_wconf 79' lang='lat' dir='ltr'><strong>precationem.</strong></span> 
     </span>
    </p>
   </div>
   <div class='ocr_carea' id='block_1_33' title="bbox 158 2003 1747 2079">
    <p class='ocr_par' dir='ltr' id='par_1_33' title="bbox 158 2003 1747 2079">
     <span class='ocr_line' id='line_1_33' title="bbox 158 2003 1747 2079; baseline 0.009 -27"><span class='ocrx_word' id='word_1_200' title='bbox 158 2003 285 2072; x_wconf 81' lang='grc' dir='ltr'>χήν,</span> <span class='ocrx_word' id='word_1_201' title='bbox 327 2004 482 2072; x_wconf 71' lang='grc' dir='ltr'>Ἐμοὶ</span> <span class='ocrx_word' id='word_1_202' title='bbox 517 2004 572 2056; x_wconf 84' lang='grc' dir='ltr'><strong>δὲ</strong></span> <span class='ocrx_word' id='word_1_203' title='bbox 605 2007 952 2058; x_wconf 82' lang='grc' dir='ltr'>κατανοεῖται</span> <span class='ocrx_word' id='word_1_204' title='bbox 985 2007 1068 2060; x_wconf 78' lang='grc' dir='ltr'><strong>ὅτι</strong></span> <span class='ocrx_word' id='word_1_205' title='bbox 1102 2008 1303 2071; x_wconf 85' lang='grc' dir='ltr'>σκοπὸς</span> <span class='ocrx_word' id='word_1_206' title='bbox 1331 2009 1408 2079; x_wconf 82' lang='grc' dir='ltr'><strong>τῷ</strong></span> <span class='ocrx_word' id='word_1_207' title='bbox 1444 2012 1627 2064; x_wconf 79' lang='grc' dir='ltr'>κανόνι</span> <span class='ocrx_word' id='word_1_208' title='bbox 1661 2013 1747 2066; x_wconf 83' lang='grc' dir='ltr'><strong>ὲν-</strong></span> 
     </span>
    </p>
   </div>
   <div class='ocr_carea' id='block_1_34' title="bbox 158 2093 1750 2173">
    <p class='ocr_par' dir='ltr' id='par_1_34' title="bbox 158 2093 1750 2173">
     <span class='ocr_line' id='line_1_34' title="bbox 158 2093 1750 2173; baseline 0.005 -27"><span class='ocrx_word' id='word_1_209' title='bbox 158 2093 339 2146; x_wconf 74' lang='grc' dir='ltr'>τ;.ὖοά</span> <span class='ocrx_word' id='word_1_210' title='bbox 382 2098 498 2146; x_wconf 80' lang='grc' dir='ltr'>ἐστι</span> <span class='ocrx_word' id='word_1_211' title='bbox 537 2095 859 2158; x_wconf 75' lang='grc' dir='ltr'>κολάζεσθαι</span> <span class='ocrx_word' id='word_1_212' title='bbox 899 2098 1081 2152; x_wconf 75' lang='grc' dir='ltr'>πάντα</span> <span class='ocrx_word' id='word_1_213' title='bbox 1121 2100 1384 2170; x_wconf 79' lang='grc' dir='ltr'>κληρικδν</span> <span class='ocrx_word' id='word_1_214' title='bbox 1420 2104 1750 2173; x_wconf 79' lang='grc' dir='ltr'>συνευξάμε-</span> 
     </span>
    </p>
   </div>
   <div class='ocr_carea' id='block_1_35' title="bbox 158 2187 1746 2260">
    <p class='ocr_par' dir='ltr' id='par_1_35' title="bbox 158 2187 1746 2260">
     <span class='ocr_line' id='line_1_35' title="bbox 158 2187 1746 2260; baseline 0.006 -24"><span class='ocrx_word' id='word_1_215' title='bbox 158 2203 254 2237; x_wconf 84' lang='grc' dir='ltr'><strong>νον</strong></span> <span class='ocrx_word' id='word_1_216' title='bbox 301 2187 659 2254; x_wconf 77' lang='grc' dir='ltr'>ὁπωσδήποτε</span> <span class='ocrx_word' id='word_1_217' title='bbox 709 2187 961 2258; x_wconf 83' lang='grc' dir='ltr'>κληρικῷ</span> <span class='ocrx_word' id='word_1_218' title='bbox 1008 2190 1280 2260; x_wconf 81' lang='grc' dir='ltr'>οίῳδήτινι</span> <span class='ocrx_word' id='word_1_219' title='bbox 1331 2191 1746 2260; x_wconf 84' lang='grc' dir='ltr'>καθαιρεθέντι,</span> 
     </span>
    </p>
   </div>
   <div class='ocr_carea' id='block_1_36' title="bbox 158 2278 1748 2351">
    <p class='ocr_par' dir='ltr' id='par_1_36' title="bbox 158 2278 1748 2351">
     <span class='ocr_line' id='line_1_36' title="bbox 158 2278 1748 2351; baseline 0.007 -24"><span class='ocrx_word' id='word_1_220' title='bbox 158 2278 256 2328; x_wconf 76' lang='grc' dir='ltr'><strong>καὶ</strong></span> <span class='ocrx_word' id='word_1_221' title='bbox 299 2278 438 2345; x_wconf 80' lang='grc' dir='ltr'><strong>μετά</strong></span> <span class='ocrx_word' id='word_1_222' title='bbox 472 2278 570 2345; x_wconf 84' lang='grc' dir='ltr'>τὴν</span> <span class='ocrx_word' id='word_1_223' title='bbox 605 2278 928 2349; x_wconf 82' lang='grc' dir='ltr'>καθαίρεσιν</span> <span class='ocrx_word' id='word_1_224' title='bbox 963 2279 1324 2350; x_wconf 75' lang='grc' dir='ltr'>ἔνεργήσαντι</span> <span class='ocrx_word' id='word_1_225' title='bbox 1368 2283 1641 2351; x_wconf 85' lang='grc' dir='ltr'>ἱερατικόν</span> <span class='ocrx_word' id='word_1_226' title='bbox 1675 2303 1748 2339; x_wconf 90' lang='grc' dir='ltr'>τι.</span> 
     </span>
    </p>
   </div>
   <div class='ocr_carea' id='block_1_37' title="bbox 156 2367 1796 2441">
    <p class='ocr_par' dir='ltr' id='par_1_37' title="bbox 156 2367 1796 2441">
     <span class='ocr_line' id='line_1_37' title="bbox 156 2367 1796 2441; baseline 0.005 -23"><span class='ocrx_word' id='word_1_227' title='bbox 156 2367 260 2418; x_wconf 71' lang='grc' dir='ltr'><strong>Διὰ</strong></span> <span class='ocrx_word' id='word_1_228' title='bbox 294 2368 406 2436; x_wconf 73' lang='grc' dir='ltr'>γὰρ</span> <span class='ocrx_word' id='word_1_229' title='bbox 438 2367 594 2420; x_wconf 83' lang='grc' dir='ltr'>τοῦτο</span> <span class='ocrx_word' id='word_1_230' title='bbox 629 2368 721 2420; x_wconf 75' lang='grc' dir='ltr'>καῖ</span> <span class='ocrx_word' id='word_1_231' title='bbox 753 2369 1073 2439; x_wconf 78' lang='grc' dir='ltr'>καθαίρεσις</span> <span class='ocrx_word' id='word_1_232' title='bbox 1106 2371 1254 2441; x_wconf 82' lang='grc' dir='ltr'>αὺτῷ</span> <span class='ocrx_word' id='word_1_233' title='bbox 1287 2372 1577 2441; x_wconf 77' lang='grc' dir='ltr'>ἐπάγεται.</span> <span class='ocrx_word' id='word_1_234' title='bbox 1617 2373 1796 2436; x_wconf 66' lang='grc' dir='ltr'>Ἀπδς</span> 
     </span>
    </p>
   </div>
   <div class='ocr_carea' id='block_1_38' title="bbox 161 2459 1747 2533">
    <p class='ocr_par' dir='ltr' id='par_1_38' title="bbox 161 2459 1747 2533">
     <span class='ocr_line' id='line_1_38' title="bbox 161 2459 1747 2533; baseline 0.006 -24"><span class='ocrx_word' id='word_1_235' title='bbox 161 2459 352 2527; x_wconf 78' lang='grc' dir='ltr'>μέντοι</span> <span class='ocrx_word' id='word_1_236' title='bbox 375 2459 470 2511; x_wconf 87' lang='grc' dir='ltr'><strong>τοῦ</strong></span> <span class='ocrx_word' id='word_1_237' title='bbox 498 2460 858 2526; x_wconf 84' lang='grc' dir='ltr'>συνεύξασθαί</span> <span class='ocrx_word' id='word_1_238' title='bbox 881 2479 1004 2514; x_wconf 89' lang='grc' dir='ltr'>τινα</span> <span class='ocrx_word' id='word_1_239' title='bbox 1031 2463 1402 2533; x_wconf 84' lang='grc' dir='ltr'>ἁφωρισμένῳ</span> <span class='ocrx_word' id='word_1_240' title='bbox 1427 2467 1533 2517; x_wconf 80' lang='grc' dir='ltr'>τινὶ</span> <span class='ocrx_word' id='word_1_241' title='bbox 1561 2467 1747 2520; x_wconf 70' lang='grc' dir='ltr'>καθαίο</span> 
     </span>
    </p>
   </div>
   <div class='ocr_carea' id='block_1_39' title="bbox 159 2550 1752 2624">
    <p class='ocr_par' dir='ltr' id='par_1_39' title="bbox 159 2550 1752 2624">
     <span class='ocr_line' id='line_1_39' title="bbox 159 2550 1752 2624; baseline 0.009 -25"><span class='ocrx_word' id='word_1_242' title='bbox 159 2566 312 2618; x_wconf 89' lang='grc' dir='ltr'>ρεσις</span> <span class='ocrx_word' id='word_1_243' title='bbox 353 2550 453 2601; x_wconf 81' lang='grc' dir='ltr'><strong>οὐκ</strong></span> <span class='ocrx_word' id='word_1_244' title='bbox 490 2551 776 2617; x_wconf 70' lang='grc' dir='ltr'>ἐπάγεται,</span> <span class='ocrx_word' id='word_1_245' title='bbox 809 2551 943 2605; x_wconf 82' lang='grc' dir='ltr'>ἀλλὰ</span> <span class='ocrx_word' id='word_1_246' title='bbox 979 2555 1303 2624; x_wconf 81' lang='grc' dir='ltr'>ἀφορισμδς,</span> <span class='ocrx_word' id='word_1_247' title='bbox 1335 2557 1410 2620; x_wconf 87' lang='grc' dir='ltr'><strong>ὡς</strong></span> <span class='ocrx_word' id='word_1_248' title='bbox 1446 2560 1473 2610; x_wconf 86' lang='grc' dir='ltr'>ὁ</span> <span class='ocrx_word' id='word_1_249' title='bbox 1514 2566 1543 2610; x_wconf 86' lang='grc' dir='ltr'>ι’</span> <span class='ocrx_word' id='word_1_250' title='bbox 1569 2561 1752 2614; x_wconf 85' lang='grc' dir='ltr'>κανὼν</span> 
     </span>
    </p>
   </div>
   <div class='ocr_carea' id='block_1_40' title="bbox 158 2636 620 2704">
    <p class='ocr_par' dir='ltr' id='par_1_40' title="bbox 158 2636 620 2704">
     <span class='ocr_line' id='line_1_40' title="bbox 158 2636 620 2704; baseline 0.009 -18"><span class='ocrx_word' id='word_1_251' title='bbox 158 2636 620 2704; x_wconf 80' lang='grc' dir='ltr'>παρακελεύεται.</span> 
     </span>
    </p>
   </div>
   <div class='ocr_carea' id='block_1_41' title="bbox 234 2726 1748 2812">
    <p class='ocr_par' dir='ltr' id='par_1_41' title="bbox 234 2726 1748 2812">
     <span class='ocr_line' id='line_1_41' title="bbox 234 2726 1748 2812; baseline 0.011 -35"><span class='ocrx_word' id='word_1_252' title='bbox 234 2726 485 2780; x_wconf 81' lang='grc' dir='ltr'><strong>ΖΩΝΑΡ.</strong></span> <span class='ocrx_word' id='word_1_253' title='bbox 517 2727 639 2779; x_wconf 83' lang='grc' dir='ltr'><strong>Τῶν</strong></span> <span class='ocrx_word' id='word_1_254' title='bbox 668 2729 1122 2800; x_wconf 82' lang='grc' dir='ltr'>καθαιρουμένων</span> <span class='ocrx_word' id='word_1_255' title='bbox 1141 2737 1280 2797; x_wconf 83' lang='grc' dir='ltr'>τινὲς</span> <span class='ocrx_word' id='word_1_256' title='bbox 1301 2738 1400 2806; x_wconf 78' lang='grc' dir='ltr'><strong>μὲν</strong></span> <span class='ocrx_word' id='word_1_257' title='bbox 1431 2741 1601 2807; x_wconf 75' lang='grc' dir='ltr'>μόνης</span> <span class='ocrx_word' id='word_1_258' title='bbox 1638 2742 1748 2812; x_wconf 78' lang='grc' dir='ltr'><strong>ίερ⁸</strong></span> 
     </span>
    </p>
   </div>
   <div class='ocr_carea' id='block_1_42' title="bbox 157 2818 1745 2900">
    <p class='ocr_par' dir='ltr' id='par_1_42' title="bbox 157 2818 1745 2900">
     <span class='ocr_line' id='line_1_42' title="bbox 157 2818 1745 2900; baseline 0.01 -32"><span class='ocrx_word' id='word_1_259' title='bbox 157 2818 394 2885; x_wconf 84' lang='grc' dir='ltr'>ουργίας</span> <span class='ocrx_word' id='word_1_260' title='bbox 427 2819 751 2882; x_wconf 84' lang='grc' dir='ltr'>κωλύονται,</span> <span class='ocrx_word' id='word_1_261' title='bbox 797 2823 858 2874; x_wconf 79' lang='grc' dir='ltr'><strong>ού</strong></span> <span class='ocrx_word' id='word_1_262' title='bbox 917 2824 1099 2891; x_wconf 80' lang='grc' dir='ltr'>μέντοι</span> <span class='ocrx_word' id='word_1_263' title='bbox 1129 2827 1224 2879; x_wconf 75' lang='grc' dir='ltr'>καὶ</span> <span class='ocrx_word' id='word_1_264' title='bbox 1255 2829 1558 2894; x_wconf 82' lang='grc' dir='ltr'>κοινωνίας,</span> <span class='ocrx_word' id='word_1_265' title='bbox 1593 2832 1623 2900; x_wconf 81' lang='grc' dir='ltr'>ἢ</span> <span class='ocrx_word' id='word_1_266' title='bbox 1655 2833 1745 2884; x_wconf 85' lang='grc' dir='ltr'><strong>τοῦ</strong></span> 
     </span>
    </p>
   </div>
   <div class='ocr_carea' id='block_1_43' title="bbox 160 2909 1747 2988">
    <p class='ocr_par' dir='ltr' id='par_1_43' title="bbox 160 2909 1747 2988">
     <span class='ocr_line' id='line_1_43' title="bbox 160 2909 1747 2988; baseline 0.009 -27"><span class='ocrx_word' id='word_1_267' title='bbox 160 2909 678 2978; x_wconf 80' lang='grc' dir='ltr'>συνεκκλησιάζειν.</span> <span class='ocrx_word' id='word_1_268' title='bbox 711 2914 773 2964; x_wconf 82' lang='grc' dir='ltr'><strong>Οἱ</strong></span> <span class='ocrx_word' id='word_1_269' title='bbox 808 2914 863 2966; x_wconf 82' lang='grc' dir='ltr'><strong>δὲ</strong></span> <span class='ocrx_word' id='word_1_270' title='bbox 896 2915 995 2968; x_wconf 81' lang='grc' dir='ltr'><strong>σὺν</strong></span> <span class='ocrx_word' id='word_1_271' title='bbox 1023 2920 1086 2986; x_wconf 79' lang='grc' dir='ltr'>τῇ</span> <span class='ocrx_word' id='word_1_272' title='bbox 1122 2918 1440 2988; x_wconf 82' lang='grc' dir='ltr'>καθαιρέσει</span> <span class='ocrx_word' id='word_1_273' title='bbox 1475 2923 1565 2974; x_wconf 82' lang='grc' dir='ltr'>καὶ</span> <span class='ocrx_word' id='word_1_274' title='bbox 1595 2923 1747 2975; x_wconf 84' lang='grc' dir='ltr'>ἀκοι-</span> 
     </span>
    </p>
   </div>
   <div class='ocr_carea' id='block_1_44' title="bbox 157 2999 1746 3077">
    <p class='ocr_par' dir='ltr' id='par_1_44' title="bbox 157 2999 1746 3077">
     <span class='ocr_line' id='line_1_44' title="bbox 157 2999 1746 3077; baseline 0.011 -28"><span class='ocrx_word' id='word_1_275' title='bbox 157 2999 393 3068; x_wconf 82' lang='grc' dir='ltr'>νώνητοί</span> <span class='ocrx_word' id='word_1_276' title='bbox 430 3001 534 3054; x_wconf 84' lang='grc' dir='ltr'>είσι</span> <span class='ocrx_word' id='word_1_277' title='bbox 572 3003 662 3054; x_wconf 69' lang='grc' dir='ltr'><strong>καὶ</strong></span> <span class='ocrx_word' id='word_1_278' title='bbox 697 3005 1095 3075; x_wconf 81' lang='grc' dir='ltr'>ἀφωρισμένοι.</span> <span class='ocrx_word' id='word_1_279' title='bbox 1125 3009 1196 3060; x_wconf 87' lang='grc' dir='ltr'><em>Ἢ</em></span> <span class='ocrx_word' id='word_1_280' title='bbox 1227 3010 1356 3077; x_wconf 84' lang='grc' dir='ltr'>γοῦν</span> <span class='ocrx_word' id='word_1_281' title='bbox 1388 3013 1414 3064; x_wconf 87' lang='grc' dir='ltr'>ὁ</span> <span class='ocrx_word' id='word_1_282' title='bbox 1450 3014 1628 3065; x_wconf 83' lang='grc' dir='ltr'>κανὼν</span> <span class='ocrx_word' id='word_1_283' title='bbox 1658 3009 1746 3068; x_wconf 75' lang='grc' dir='ltr'><strong>οὗ-</strong></span> 
     </span>
    </p>
   </div>
   <div class='ocr_carea' id='block_1_45' title="bbox 157 3092 1750 3171">
    <p class='ocr_par' dir='ltr' id='par_1_45' title="bbox 157 3092 1750 3171">
     <span class='ocr_line' id='line_1_45' title="bbox 157 3092 1750 3171; baseline 0.011 -30"><span class='ocrx_word' id='word_1_284' title='bbox 157 3107 251 3151; x_wconf 83' lang='grc' dir='ltr'><strong>τος</strong></span> <span class='ocrx_word' id='word_1_285' title='bbox 294 3092 427 3159; x_wconf 72' lang='grc' dir='ltr'>πῖρὶ</span> <span class='ocrx_word' id='word_1_286' title='bbox 466 3092 890 3162; x_wconf 84' lang='grc' dir='ltr'>καθαιρεθέντος</span> <span class='ocrx_word' id='word_1_287' title='bbox 926 3099 984 3148; x_wconf 74' lang='grc' dir='ltr'>ἐν</span> <span class='ocrx_word' id='word_1_288' title='bbox 1017 3100 1200 3168; x_wconf 79' lang='grc' dir='ltr'>ταυτῷ</span> <span class='ocrx_word' id='word_1_289' title='bbox 1235 3102 1328 3153; x_wconf 69' lang='grc' dir='ltr'>καὶ</span> <span class='ocrx_word' id='word_1_290' title='bbox 1362 3104 1750 3171; x_wconf 82' lang='grc' dir='ltr'>ἀφορισθέντος</span> 
     </span>
    </p>
   </div>
   <div class='ocr_carea' id='block_1_46' title="bbox 1851 2003 3421 2083">
    <p class='ocr_par' dir='ltr' id='par_1_46' title="bbox 1851 2003 3421 2083">
     <span class='ocr_line' id='line_1_46' title="bbox 1851 2003 3421 2083; baseline -0.011 -16"><span class='ocrx_word' id='word_1_291' title='bbox 1851 2014 1962 2083; x_wconf 77' lang='lat' dir='ltr'><strong>Ego</strong></span> <span class='ocrx_word' id='word_1_292' title='bbox 1989 2028 2116 2064; x_wconf 76' lang='lat' dir='ltr'><strong>vero</strong></span> <span class='ocrx_word' id='word_1_293' title='bbox 2144 2011 2402 2078; x_wconf 73' lang='lat' dir='ltr'><strong>intelligo,</strong></span> <span class='ocrx_word' id='word_1_294' title='bbox 2429 2008 2568 2077; x_wconf 92' lang='lat' dir='ltr'><strong>quod</strong></span> <span class='ocrx_word' id='word_1_295' title='bbox 2595 2007 2815 2061; x_wconf 83' lang='lat' dir='ltr'><strong>canonis</strong></span> <span class='ocrx_word' id='word_1_296' title='bbox 2850 2007 2951 2059; x_wconf 65' lang='lat' dir='ltr'><strong>hoc</strong></span> <span class='ocrx_word' id='word_1_297' title='bbox 2985 2014 3065 2058; x_wconf 87' lang='lat' dir='ltr'><strong>est</strong></span> <span class='ocrx_word' id='word_1_298' title='bbox 3093 2003 3421 2061; x_wconf 88' lang='lat' dir='ltr'><strong>institutum,</strong></span> 
     </span>
    </p>
   </div>
   <div class='ocr_carea' id='block_1_47' title="bbox 1852 2095 3418 2172">
    <p class='ocr_par' dir='ltr' id='par_1_47' title="bbox 1852 2095 3418 2172">
     <span class='ocr_line' id='line_1_47' title="bbox 1852 2095 3418 2172; baseline -0.007 -17"><span class='ocrx_word' id='word_1_299' title='bbox 1852 2105 2044 2172; x_wconf 90' lang='lat' dir='ltr'><strong>punire</strong></span> <span class='ocrx_word' id='word_1_300' title='bbox 2071 2102 2317 2172; x_wconf 82' lang='lat' dir='ltr'><strong>quemvis</strong></span> <span class='ocrx_word' id='word_1_301' title='bbox 2349 2102 2626 2164; x_wconf 79' lang='lat' dir='ltr'><strong>clericum,</strong></span> <span class='ocrx_word' id='word_1_302' title='bbox 2668 2100 2756 2166; x_wconf 86' lang='lat' dir='ltr'><strong>qui</strong></span> <span class='ocrx_word' id='word_1_303' title='bbox 2793 2114 2913 2151; x_wconf 91' lang='lat' dir='ltr'><strong>cum</strong></span> <span class='ocrx_word' id='word_1_304' title='bbox 2950 2096 3140 2166; x_wconf 88' lang='lat' dir='ltr'><strong>quovis</strong></span> <span class='ocrx_word' id='word_1_305' title='bbox 3171 2095 3418 2161; x_wconf 85' lang='lat' dir='ltr'><strong>deposito</strong></span> 
     </span>
    </p>
   </div>
   <div class='ocr_carea' id='block_1_48' title="bbox 1851 2186 3413 2263">
    <p class='ocr_par' dir='ltr' id='par_1_48' title="bbox 1851 2186 3413 2263">
     <span class='ocr_line' id='line_1_48' title="bbox 1851 2186 3413 2263; baseline -0.008 -14"><span class='ocrx_word' id='word_1_306' title='bbox 1851 2196 2069 2258; x_wconf 84' lang='lat' dir='ltr'><strong>clerico,</strong></span> <span class='ocrx_word' id='word_1_307' title='bbox 2116 2205 2168 2250; x_wconf 94' lang='lat' dir='ltr'><strong>et</strong></span> <span class='ocrx_word' id='word_1_308' title='bbox 2195 2204 2312 2263; x_wconf 82' lang='lat' dir='ltr'><strong>post</strong></span> <span class='ocrx_word' id='word_1_309' title='bbox 2344 2194 2733 2261; x_wconf 86' lang='lat' dir='ltr'><strong>depositionem</strong></span> <span class='ocrx_word' id='word_1_310' title='bbox 2766 2187 3108 2244; x_wconf 82' lang='lat' dir='ltr'><strong>sacerdotale</strong></span> <span class='ocrx_word' id='word_1_311' title='bbox 3137 2186 3413 2255; x_wconf 80' lang='lat' dir='ltr'><strong>quidpiam</strong></span> 
     </span>
    </p>
   </div>
   <div class='ocr_carea' id='block_1_49' title="bbox 1851 2278 3421 2353">
    <p class='ocr_par' dir='ltr' id='par_1_49' title="bbox 1851 2278 3421 2353">
     <span class='ocr_line' id='line_1_49' title="bbox 1851 2278 3421 2353; baseline -0.007 -16"><span class='ocrx_word' id='word_1_312' title='bbox 1851 2295 2096 2353; x_wconf 84' lang='lat' dir='ltr'><strong>operato,</strong></span> <span class='ocrx_word' id='word_1_313' title='bbox 2156 2286 2226 2339; x_wconf 90' lang='lat' dir='ltr'><strong>sit</strong></span> <span class='ocrx_word' id='word_1_314' title='bbox 2278 2284 2766 2353; x_wconf 87' lang='lat' dir='ltr'><strong>quomodocuuquo</strong></span> <span class='ocrx_word' id='word_1_315' title='bbox 2809 2287 3081 2348; x_wconf 80' lang='lat' dir='ltr'><strong>precatus.</strong></span> <span class='ocrx_word' id='word_1_316' title='bbox 3131 2278 3421 2345; x_wconf 77' lang='lat' dir='ltr'><strong>Propterea</strong></span> 
     </span>
    </p>
   </div>
   <div class='ocr_carea' id='block_1_50' title="bbox 1852 2371 3419 2444">
    <p class='ocr_par' dir='ltr' id='par_1_50' title="bbox 1852 2371 3419 2444">
     <span class='ocr_line' id='line_1_50' title="bbox 1852 2371 3419 2444; baseline -0.006 -14"><span class='ocrx_word' id='word_1_317' title='bbox 1852 2380 1993 2430; x_wconf 90' lang='lat' dir='ltr'><strong>enim</strong></span> <span class='ocrx_word' id='word_1_318' title='bbox 2026 2377 2294 2444; x_wconf 86' lang='lat' dir='ltr'><strong>depositio</strong></span> <span class='ocrx_word' id='word_1_319' title='bbox 2344 2377 2507 2430; x_wconf 89' lang='lat' dir='ltr'><strong>etiam</strong></span> <span class='ocrx_word' id='word_1_320' title='bbox 2545 2375 2618 2427; x_wconf 94' lang='lat' dir='ltr'><strong>illi</strong></span> <span class='ocrx_word' id='word_1_321' title='bbox 2665 2373 2942 2441; x_wconf 78' lang='lat' dir='ltr'><strong>infligitur.</strong></span> <span class='ocrx_word' id='word_1_322' title='bbox 2996 2371 3069 2425; x_wconf 82' lang='lat' dir='ltr'><strong>Ex</strong></span> <span class='ocrx_word' id='word_1_323' title='bbox 3123 2385 3188 2423; x_wconf 88' lang='lat' dir='ltr'><strong>eo</strong></span> <span class='ocrx_word' id='word_1_324' title='bbox 3243 2380 3419 2422; x_wconf 86' lang='lat' dir='ltr'><strong>autem</strong></span> 
     </span>
    </p>
   </div>
   <div class='ocr_carea' id='block_1_51' title="bbox 1851 2459 3422 2539">
    <p class='ocr_par' dir='ltr' id='par_1_51' title="bbox 1851 2459 3422 2539">
     <span class='ocr_line' id='line_1_51' title="bbox 1851 2459 3422 2539; baseline -0.007 -19"><span class='ocrx_word' id='word_1_325' title='bbox 1851 2470 1992 2539; x_wconf 89' lang='lat' dir='ltr'><strong>quod</strong></span> <span class='ocrx_word' id='word_1_326' title='bbox 2016 2470 2136 2538; x_wconf 85' lang='lat' dir='ltr'><strong>quis</strong></span> <span class='ocrx_word' id='word_1_327' title='bbox 2165 2484 2286 2523; x_wconf 90' lang='lat' dir='ltr'><strong>cum</strong></span> <span class='ocrx_word' id='word_1_328' title='bbox 2317 2469 2496 2536; x_wconf 89' lang='lat' dir='ltr'><strong>aliquo</strong></span> <span class='ocrx_word' id='word_1_329' title='bbox 2525 2465 2990 2519; x_wconf 73' lang='lat' dir='ltr'><strong>exconunuuirato</strong></span> <span class='ocrx_word' id='word_1_330' title='bbox 3024 2472 3274 2531; x_wconf 83' lang='lat' dir='ltr'><strong>precatus</strong></span> <span class='ocrx_word' id='word_1_331' title='bbox 3308 2459 3422 2512; x_wconf 81' lang='lat' dir='ltr'><strong>fue-</strong></span> 
     </span>
    </p>
   </div>
   <div class='ocr_carea' id='block_1_52' title="bbox 1853 2539 3423 2629">
    <p class='ocr_par' dir='ltr' id='par_1_52' title="bbox 1853 2539 3423 2629">
     <span class='ocr_line' id='line_1_52' title="bbox 1853 2539 3423 2629; baseline -0.008 -14"><span class='ocrx_word' id='word_1_332' title='bbox 1853 2562 1942 2623; x_wconf 88' lang='lat' dir='ltr'><strong>rit,</strong></span> <span class='ocrx_word' id='word_1_333' title='bbox 1974 2577 2077 2613; x_wconf 91' lang='lat' dir='ltr'><strong>non</strong></span> <span class='ocrx_word' id='word_1_334' title='bbox 2108 2559 2364 2629; x_wconf 80' lang='lat' dir='ltr'><strong>infligitur</strong></span> <span class='ocrx_word' id='word_1_335' title='bbox 2388 2556 2674 2626; x_wconf 88' lang='lat' dir='ltr'><strong>depositio,</strong></span> <span class='ocrx_word' id='word_1_336' title='bbox 2701 2556 2792 2609; x_wconf 91' lang='lat' dir='ltr'><strong>sed</strong></span> <span class='ocrx_word' id='word_1_337' title='bbox 2823 2539 3338 2613; x_wconf 83' lang='lat' dir='ltr'><strong>excommunicatio,</strong></span> <span class='ocrx_word' id='word_1_338' title='bbox 3364 2559 3423 2604; x_wconf 89' lang='lat' dir='ltr'><strong>ut</strong></span> 
     </span>
    </p>
   </div>
   <div class='ocr_carea' id='block_1_53' title="bbox 1852 2650 2502 2718">
    <p class='ocr_par' dir='ltr' id='par_1_53' title="bbox 1852 2650 2502 2718">
     <span class='ocr_line' id='line_1_53' title="bbox 1852 2650 2502 2718; baseline -0.006 -11"><span class='ocrx_word' id='word_1_339' title='bbox 1852 2655 2097 2707; x_wconf 85' lang='lat' dir='ltr'><strong>decimus</strong></span> <span class='ocrx_word' id='word_1_340' title='bbox 2131 2665 2305 2705; x_wconf 87' lang='lat' dir='ltr'><strong>canon</strong></span> <span class='ocrx_word' id='word_1_341' title='bbox 2331 2650 2502 2718; x_wconf 88' lang='lat' dir='ltr'><strong>jubet.</strong></span> 
     </span>
    </p>
   </div>
   <div class='ocr_carea' id='block_1_54' title="bbox 1923 2735 3420 2811">
    <p class='ocr_par' dir='ltr' id='par_1_54' title="bbox 1923 2735 3420 2811">
     <span class='ocr_line' id='line_1_54' title="bbox 1923 2735 3420 2811; baseline -0.009 -13"><span class='ocrx_word' id='word_1_342' title='bbox 1923 2742 2172 2799; x_wconf 76' lang='lat' dir='ltr'><strong>ZONAR.</strong></span> <span class='ocrx_word' id='word_1_343' title='bbox 2207 2743 2579 2811; x_wconf 84' lang='lat' dir='ltr'><strong>Depositorum</strong></span> <span class='ocrx_word' id='word_1_344' title='bbox 2617 2738 2851 2792; x_wconf 91' lang='lat' dir='ltr'><strong>nonnulli</strong></span> <span class='ocrx_word' id='word_1_345' title='bbox 2877 2737 3092 2807; x_wconf 89' lang='lat' dir='ltr'><strong>quidem</strong></span> <span class='ocrx_word' id='word_1_346' title='bbox 3125 2735 3420 2804; x_wconf 54' lang='lat' dir='ltr'><strong>prohibeo.</strong></span> 
     </span>
    </p>
   </div>
   <div class='ocr_carea' id='block_1_55' title="bbox 1854 2825 3420 2890">
    <p class='ocr_par' dir='ltr' id='par_1_55' title="bbox 1854 2825 3420 2890">
     <span class='ocr_line' id='line_1_55' title="bbox 1854 2825 3420 2890; baseline -0.009 -3"><span class='ocrx_word' id='word_1_347' title='bbox 1854 2844 1940 2888; x_wconf 89' lang='lat' dir='ltr'><strong>tur</strong></span> <span class='ocrx_word' id='word_1_348' title='bbox 1982 2851 2010 2887; x_wconf 93' lang='lat' dir='ltr'><strong>a</strong></span> <span class='ocrx_word' id='word_1_349' title='bbox 2057 2834 2169 2890; x_wconf 88' lang='lat' dir='ltr'><strong>sola</strong></span> <span class='ocrx_word' id='word_1_350' title='bbox 2203 2847 2482 2886; x_wconf 90' lang='lat' dir='ltr'><strong>sacrorum</strong></span> <span class='ocrx_word' id='word_1_351' title='bbox 2523 2829 2888 2884; x_wconf 83' lang='lat' dir='ltr'><strong>celebratione</strong></span> <span class='ocrx_word' id='word_1_352' title='bbox 2937 2845 2950 2882; x_wconf 93' lang='lat'>:</span> <span class='ocrx_word' id='word_1_353' title='bbox 3011 2841 3115 2881; x_wconf 91' lang='lat' dir='ltr'><strong>non</strong></span> <span class='ocrx_word' id='word_1_354' title='bbox 3172 2825 3335 2879; x_wconf 90' lang='lat' dir='ltr'><strong>etiam</strong></span> <span class='ocrx_word' id='word_1_355' title='bbox 3391 2837 3420 2875; x_wconf 85' lang='lat' dir='ltr'><strong>a</strong></span> 
     </span>
    </p>
   </div>
   <div class='ocr_carea' id='block_1_56' title="bbox 1852 2913 3419 2987">
    <p class='ocr_par' dir='ltr' id='par_1_56' title="bbox 1852 2913 3419 2987">
     <span class='ocr_line' id='line_1_56' title="bbox 1852 2913 3419 2987; baseline -0.009 -9"><span class='ocrx_word' id='word_1_356' title='bbox 1852 2926 2251 2987; x_wconf 90' lang='lat' dir='ltr'><strong>communione,</strong></span> <span class='ocrx_word' id='word_1_357' title='bbox 2300 2921 2383 2976; x_wconf 83' lang='lat' dir='ltr'><strong>vel</strong></span> <span class='ocrx_word' id='word_1_358' title='bbox 2428 2923 2497 2974; x_wconf 90' lang='lat' dir='ltr'><strong>ab</strong></span> <span class='ocrx_word' id='word_1_359' title='bbox 2542 2919 2798 2973; x_wconf 70' lang='lat' dir='ltr'><strong>Ecclesia:</strong></span> <span class='ocrx_word' id='word_1_360' title='bbox 2841 2925 3129 2973; x_wconf 89' lang='lat' dir='ltr'><strong>conventu.</strong></span> <span class='ocrx_word' id='word_1_361' title='bbox 3192 2913 3419 2980; x_wconf 84' lang='lat' dir='ltr'><strong>Quidam</strong></span> 
     </span>
    </p>
   </div>
   <div class='ocr_carea' id='block_1_57' title="bbox 1852 3004 3421 3082">
    <p class='ocr_par' dir='ltr' id='par_1_57' title="bbox 1852 3004 3421 3082">
     <span class='ocr_line' id='line_1_57' title="bbox 1852 3004 3421 3082; baseline -0.009 -10"><span class='ocrx_word' id='word_1_362' title='bbox 1852 3035 1979 3072; x_wconf 85' lang='lat' dir='ltr'><strong>vero</strong></span> <span class='ocrx_word' id='word_1_363' title='bbox 2005 3017 2162 3072; x_wconf 82' lang='lat' dir='ltr'><strong>simul</strong></span> <span class='ocrx_word' id='word_1_364' title='bbox 2197 3030 2316 3070; x_wconf 89' lang='lat' dir='ltr'><strong>cum</strong></span> <span class='ocrx_word' id='word_1_365' title='bbox 2341 3013 2672 3082; x_wconf 85' lang='lat' dir='ltr'><strong>depositione</strong></span> <span class='ocrx_word' id='word_1_366' title='bbox 2706 3020 2830 3066; x_wconf 85' lang='lat' dir='ltr'><strong>sunt</strong></span> <span class='ocrx_word' id='word_1_367' title='bbox 2885 3019 2940 3064; x_wconf 92' lang='lat' dir='ltr'><strong>et</strong></span> <span class='ocrx_word' id='word_1_368' title='bbox 2968 3004 3421 3062; x_wconf 73' lang='lat' dir='ltr'><strong>excommunicati</strong></span> 
     </span>
    </p>
   </div>
   <div class='ocr_carea' id='block_1_58' title="bbox 1852 3098 3422 3177">
    <p class='ocr_par' dir='ltr' id='par_1_58' title="bbox 1852 3098 3422 3177">
     <span class='ocr_line' id='line_1_58' title="bbox 1852 3098 3422 3177; baseline -0.006 -17"><span class='ocrx_word' id='word_1_369' title='bbox 1852 3121 1904 3162; x_wconf 85' lang='lat' dir='ltr'><strong>ct</strong></span> <span class='ocrx_word' id='word_1_370' title='bbox 1928 3112 1992 3162; x_wconf 88' lang='lat' dir='ltr'><strong>ab</strong></span> <span class='ocrx_word' id='word_1_371' title='bbox 2016 3110 2134 3161; x_wconf 84' lang='lat' dir='ltr'><strong>aliis</strong></span> <span class='ocrx_word' id='word_1_372' title='bbox 2161 3107 2450 3177; x_wconf 76' lang='lat' dir='ltr'><strong>segregati.</strong></span> <span class='ocrx_word' id='word_1_373' title='bbox 2478 3104 2575 3159; x_wconf 75' lang='lat' dir='ltr'><strong>Vel</strong></span> <span class='ocrx_word' id='word_1_374' title='bbox 2596 3105 2682 3157; x_wconf 87' lang='lat' dir='ltr'><strong>hic</strong></span> <span class='ocrx_word' id='word_1_375' title='bbox 2701 3105 2862 3172; x_wconf 82' lang='lat' dir='ltr'><strong>igitur</strong></span> <span class='ocrx_word' id='word_1_376' title='bbox 2876 3116 3047 3156; x_wconf 90' lang='lat' dir='ltr'><strong>canon</strong></span> <span class='ocrx_word' id='word_1_377' title='bbox 3086 3101 3152 3152; x_wconf 90' lang='lat' dir='ltr'><strong>de</strong></span> <span class='ocrx_word' id='word_1_378' title='bbox 3178 3098 3422 3165; x_wconf 83' lang='lat' dir='ltr'><strong>deposito</strong></span> 
     </span>
    </p>
   </div>
   <div class='ocr_carea' id='block_1_59' title="bbox 157 3181 1745 3291">
    <p class='ocr_par' dir='ltr' id='par_1_59' title="bbox 157 3181 1745 3291">
     <span class='ocr_line' id='line_1_59' title="bbox 157 3181 1745 3262; baseline 0.009 -31"><span class='ocrx_word' id='word_1_379' title='bbox 157 3181 515 3251; x_wconf 79' lang='grc' dir='ltr'>νοηθήσεται,</span> <span class='ocrx_word' id='word_1_380' title='bbox 546 3187 639 3236; x_wconf 78' lang='grc' dir='ltr'><strong>καὶ</strong></span> <span class='ocrx_word' id='word_1_381' title='bbox 670 3187 697 3236; x_wconf 83' lang='grc' dir='ltr'>ὁ</span> <span class='ocrx_word' id='word_1_382' title='bbox 729 3186 1129 3254; x_wconf 80' lang='grc' dir='ltr'>συνευξάμενος</span> <span class='ocrx_word' id='word_1_383' title='bbox 1156 3189 1330 3258; x_wconf 81' lang='grc' dir='ltr'>τούτῳ</span> <span class='ocrx_word' id='word_1_384' title='bbox 1362 3192 1468 3244; x_wconf 77' lang='grc' dir='ltr'><strong>ὑπὸ</strong></span> <span class='ocrx_word' id='word_1_385' title='bbox 1496 3193 1745 3262; x_wconf 76' lang='grc' dir='ltr'><strong>ιιαθαίρε⁴</strong></span> 
     </span>
     <span class='ocr_line' id='line_1_60' title="bbox 166 3272 1710 3291; baseline 0 0"><span class='ocrx_word' id='word_1_386' title='bbox 166 3272 628 3291; x_wconf 18' lang='lat' dir='ltr'><strong>han“...</strong></span> <span class='ocrx_word' id='word_1_387' title='bbox 815 3276 978 3291; x_wconf 62' lang='grc' dir='ltr'><strong>λ...</strong></span> <span class='ocrx_word' id='word_1_388' title='bbox 1086 3279 1186 3291; x_wconf 85' lang='grc'>..</span> <span class='ocrx_word' id='word_1_389' title='bbox 1294 3281 1316 3291; x_wconf 88' lang='grc'><strong>-</strong></span> <span class='ocrx_word' id='word_1_390' title='bbox 1687 3285 1710 3291; x_wconf 83' lang='grc'><strong>-</strong></span> 
     </span>
    </p>
   </div>
   <div class='ocr_carea' id='block_1_60' title="bbox 1838 3181 3424 3291">
    <p class='ocr_par' dir='ltr' id='par_1_60' title="bbox 1858 3191 3424 3269">
     <span class='ocr_line' id='line_1_61' title="bbox 1858 3191 3424 3269; baseline -0.005 -19"><span class='ocrx_word' id='word_1_391' title='bbox 1858 3201 2059 3269; x_wconf 86' lang='lat' dir='ltr'><strong>pariter</strong></span> <span class='ocrx_word' id='word_1_392' title='bbox 2103 3207 2156 3251; x_wconf 89' lang='lat' dir='ltr'><strong>et</strong></span> <span class='ocrx_word' id='word_1_393' title='bbox 2216 3195 2687 3249; x_wconf 80' lang='lat' dir='ltr'><strong>excommunicato</strong></span> <span class='ocrx_word' id='word_1_394' title='bbox 2737 3194 2885 3246; x_wconf 84' lang='lat' dir='ltr'><strong>venit</strong></span> <span class='ocrx_word' id='word_1_395' title='bbox 2924 3191 3322 3259; x_wconf 82' lang='lat' dir='ltr'><strong>intelligendus,</strong></span> <span class='ocrx_word' id='word_1_396' title='bbox 3367 3197 3424 3242; x_wconf 90' lang='lat' dir='ltr'><strong>et</strong></span> 
     </span>
    </p>
   </div>
   <div class='ocr_carea' id='block_1_61' title="bbox 160 3272 1746 3352">
    <p class='ocr_par' dir='ltr' id='par_1_61' title="bbox 160 3272 1746 3352">
     <span class='ocr_line' id='line_1_62' title="bbox 160 3272 1746 3352; baseline 0.009 -31"><span class='ocrx_word' id='word_1_397' title='bbox 160 3287 247 3322; x_wconf 85' lang='grc' dir='ltr'><strong>σιν</strong></span> <span class='ocrx_word' id='word_1_398' title='bbox 282 3272 438 3324; x_wconf 77' lang='grc' dir='ltr'>ἔσται</span> <span class='ocrx_word' id='word_1_399' title='bbox 465 3289 478 3303; x_wconf 92' lang='grc'><strong>·</strong></span> <span class='ocrx_word' id='word_1_400' title='bbox 512 3273 544 3342; x_wconf 88' lang='grc' dir='ltr'>ἦ</span> <span class='ocrx_word' id='word_1_401' title='bbox 577 3275 637 3325; x_wconf 88' lang='grc' dir='ltr'><strong>τὸ</strong></span> <span class='ocrx_word' id='word_1_402' title='bbox 679 3276 1044 3341; x_wconf 79' lang='grc' dir='ltr'>συνεύξασθαι</span> <span class='ocrx_word' id='word_1_403' title='bbox 1075 3279 1195 3331; x_wconf 71' lang='grc' dir='ltr'>ἀντὶ</span> <span class='ocrx_word' id='word_1_404' title='bbox 1226 3281 1318 3332; x_wconf 84' lang='grc' dir='ltr'><strong>τοῦ</strong></span> <span class='ocrx_word' id='word_1_405' title='bbox 1357 3285 1746 3352; x_wconf 80' lang='grc' dir='ltr'>συνιερουργῆ-</span> 
     </span>
    </p>
   </div>
   <div class='ocr_carea' id='block_1_62' title="bbox 160 3365 803 3437">
    <p class='ocr_par' dir='ltr' id='par_1_62' title="bbox 160 3365 803 3437">
     <span class='ocr_line' id='line_1_63' title="bbox 160 3365 803 3437; baseline 0.008 -22"><span class='ocrx_word' id='word_1_406' title='bbox 160 3380 251 3416; x_wconf 84' lang='grc' dir='ltr'><strong>σαι</strong></span> <span class='ocrx_word' id='word_1_407' title='bbox 287 3365 585 3437; x_wconf 71' lang='grc' dir='ltr'>παραληφο</span> <span class='ocrx_word' id='word_1_408' title='bbox 597 3370 622 3437; x_wconf 67' lang='grc' dir='ltr'>ἡ</span> <span class='ocrx_word' id='word_1_409' title='bbox 634 3386 686 3420; x_wconf 85' lang='grc' dir='ltr'><strong>σε</strong></span> <span class='ocrx_word' id='word_1_410' title='bbox 697 3387 803 3422; x_wconf 78' lang='grc' dir='ltr'>ται.</span> 
     </span>
    </p>
   </div>
   <div class='ocr_carea' id='block_1_63' title="bbox 158 3541 1746 3614">
    <p class='ocr_par' dir='ltr' id='par_1_63' title="bbox 158 3541 1746 3614">
     <span class='ocr_line' id='line_1_64' title="bbox 158 3541 1746 3614; baseline 0.004 -19"><span class='ocrx_word' id='word_1_411' title='bbox 158 3541 388 3595; x_wconf 80' lang='grc' dir='ltr'><strong>ΑΡΙΣΤ.</strong></span> <span class='ocrx_word' id='word_1_412' title='bbox 445 3543 510 3595; x_wconf 86' lang='lat'><strong>&#39;0</strong></span> <span class='ocrx_word' id='word_1_413' title='bbox 546 3545 996 3614; x_wconf 67' lang='grc' dir='ltr'>συνευχόμενος</span> <span class='ocrx_word' id='word_1_414' title='bbox 1038 3545 1420 3614; x_wconf 77' lang='grc' dir='ltr'>καθῃρημένφ</span> <span class='ocrx_word' id='word_1_415' title='bbox 1456 3564 1746 3602; x_wconf 63' lang='lat' dir='ltr'><strong>raucosra-</strong></span> 
     </span>
    </p>
   </div>
   <div class='ocr_carea' id='block_1_64' title="bbox 800 3637 1092 3704">
    <p class='ocr_par' dir='ltr' id='par_1_64' title="bbox 800 3637 1092 3704">
     <span class='ocr_line' id='line_1_65' title="bbox 800 3637 1092 3704; baseline 0.01 -15"><span class='ocrx_word' id='word_1_416' title='bbox 800 3637 1092 3704; x_wconf 83' lang='grc' dir='ltr'>τάκριτος.</span> 
     </span>
    </p>
   </div>
   <div class='ocr_carea' id='block_1_65' title="bbox 1857 3281 3423 3355">
    <p class='ocr_par' dir='ltr' id='par_1_65' title="bbox 1857 3281 3423 3355">
     <span class='ocr_line' id='line_1_66' title="bbox 1857 3281 3423 3355; baseline -0.005 -15"><span class='ocrx_word' id='word_1_417' title='bbox 1857 3291 1943 3355; x_wconf 89' lang='lat' dir='ltr'><strong>qui</strong></span> <span class='ocrx_word' id='word_1_418' title='bbox 1979 3289 2137 3342; x_wconf 90' lang='lat' dir='ltr'><strong>simul</strong></span> <span class='ocrx_word' id='word_1_419' title='bbox 2165 3286 2402 3341; x_wconf 84' lang='lat' dir='ltr'><strong>oraverit</strong></span> <span class='ocrx_word' id='word_1_420' title='bbox 2438 3301 2558 3338; x_wconf 91' lang='lat' dir='ltr'><strong>cum</strong></span> <span class='ocrx_word' id='word_1_421' title='bbox 2591 3300 2675 3350; x_wconf 89' lang='lat' dir='ltr'><strong>eo,</strong></span> <span class='ocrx_word' id='word_1_422' title='bbox 2711 3283 3032 3352; x_wconf 80' lang='lat' dir='ltr'><strong>depositioni</strong></span> <span class='ocrx_word' id='word_1_423' title='bbox 3080 3283 3292 3335; x_wconf 87' lang='lat' dir='ltr'><strong>futurus</strong></span> <span class='ocrx_word' id='word_1_424' title='bbox 3350 3281 3423 3333; x_wconf 88' lang='lat' dir='ltr'><strong>sit</strong></span> 
     </span>
    </p>
   </div>
   <div class='ocr_carea' id='block_1_66' title="bbox 1853 3373 3420 3444">
    <p class='ocr_par' dir='ltr' id='par_1_66' title="bbox 1853 3373 3420 3444">
     <span class='ocr_line' id='line_1_67' title="bbox 1853 3373 3420 3444; baseline -0.006 -10"><span class='ocrx_word' id='word_1_425' title='bbox 1853 3381 2157 3441; x_wconf 74' lang='lat' dir='ltr'><strong>obnoxius;</strong></span> <span class='ocrx_word' id='word_1_426' title='bbox 2195 3379 2295 3443; x_wconf 87' lang='lat' dir='ltr'><strong>vel,</strong></span> <span class='ocrx_word' id='word_1_427' title='bbox 2329 3378 2486 3431; x_wconf 91' lang='lat' dir='ltr'><strong>simul</strong></span> <span class='ocrx_word' id='word_1_428' title='bbox 2519 3391 2726 3439; x_wconf 88' lang='lat' dir='ltr'><strong>orasse,</strong></span> <span class='ocrx_word' id='word_1_429' title='bbox 2761 3391 2856 3444; x_wconf 94' lang='lat' dir='ltr'><strong>pro</strong></span> <span class='ocrx_word' id='word_1_430' title='bbox 2884 3391 3039 3430; x_wconf 87' lang='lat' dir='ltr'><strong>sacra</strong></span> <span class='ocrx_word' id='word_1_431' title='bbox 3070 3373 3230 3428; x_wconf 90' lang='lat' dir='ltr'><strong>simul</strong></span> <span class='ocrx_word' id='word_1_432' title='bbox 3261 3385 3420 3440; x_wconf 84' lang='lat' dir='ltr'><strong>pere-</strong></span> 
     </span>
    </p>
   </div>
   <div class='ocr_carea' id='block_1_67' title="bbox 1855 3470 2337 3541">
    <p class='ocr_par' dir='ltr' id='par_1_67' title="bbox 1855 3470 2337 3541">
     <span class='ocr_line' id='line_1_68' title="bbox 1855 3470 2337 3541; baseline -0.006 -19"><span class='ocrx_word' id='word_1_433' title='bbox 1855 3471 2013 3541; x_wconf 74' lang='lat' dir='ltr'><strong>gisse.</strong></span> <span class='ocrx_word' id='word_1_434' title='bbox 2042 3470 2337 3538; x_wconf 84' lang='lat' dir='ltr'><strong>accipiatur</strong></span> 
     </span>
    </p>
   </div>
   <div class='ocr_carea' id='block_1_68' title="bbox 1922 3553 3417 3624">
    <p class='ocr_par' dir='ltr' id='par_1_68' title="bbox 1922 3553 3417 3624">
     <span class='ocr_line' id='line_1_69' title="bbox 1922 3553 3417 3624; baseline -0.005 -11"><span class='ocrx_word' id='word_1_435' title='bbox 1922 3558 2151 3614; x_wconf 78' lang='lat' dir='ltr'><strong>AlllST.</strong></span> <span class='ocrx_word' id='word_1_436' title='bbox 2204 3558 2308 3624; x_wconf 84' lang='lat' dir='ltr'><strong>Qui</strong></span> <span class='ocrx_word' id='word_1_437' title='bbox 2346 3560 2504 3611; x_wconf 88' lang='lat' dir='ltr'><strong>simul</strong></span> <span class='ocrx_word' id='word_1_438' title='bbox 2539 3559 2765 3612; x_wconf 85' lang='lat' dir='ltr'><strong>orarerit</strong></span> <span class='ocrx_word' id='word_1_439' title='bbox 2798 3573 2915 3610; x_wconf 84' lang='lat' dir='ltr'><strong>cum</strong></span> <span class='ocrx_word' id='word_1_440' title='bbox 2957 3558 3214 3622; x_wconf 86' lang='lat' dir='ltr'><strong>deposito,</strong></span> <span class='ocrx_word' id='word_1_441' title='bbox 3249 3553 3417 3609; x_wconf 87' lang='lat' dir='ltr'><strong>eidem</strong></span> 
     </span>
    </p>
   </div>
   <div class='ocr_carea' id='block_1_69' title="bbox 2361 3650 2904 3718">
    <p class='ocr_par' dir='ltr' id='par_1_69' title="bbox 2361 3650 2904 3718">
     <span class='ocr_line' id='line_1_70' title="bbox 2361 3650 2904 3718; baseline 0.004 -17"><span class='ocrx_word' id='word_1_442' title='bbox 2361 3650 2567 3718; x_wconf 86' lang='lat' dir='ltr'><strong>judicio</strong></span> <span class='ocrx_word' id='word_1_443' title='bbox 2603 3650 2904 3716; x_wconf 80' lang='lat' dir='ltr'><strong>subjicitur.</strong></span> 
     </span>
    </p>
   </div>
   <div class='ocr_carea' id='block_1_70' title="bbox 1425 3781 2182 3858">
    <p class='ocr_par' dir='ltr' id='par_1_70' title="bbox 1425 3781 2182 3858">
     <span class='ocr_line' id='line_1_71' title="bbox 1425 3781 2182 3858; baseline -0.001 -17"><span class='ocrx_word' id='word_1_444' title='bbox 1425 3783 1587 3843; x_wconf 88' lang='lat' dir='ltr'><strong>Guil.</strong></span> <span class='ocrx_word' id='word_1_445' title='bbox 1621 3781 1946 3858; x_wconf 81' lang='lat' dir='ltr'><strong>Beveregii</strong></span> <span class='ocrx_word' id='word_1_446' title='bbox 1993 3789 2182 3842; x_wconf 65' lang='lat' dir='ltr'><strong>notae.</strong></span> 
     </span>
    </p>
   </div>
   <div class='ocr_carea' id='block_1_71' title="bbox 230 3934 1740 4009">
    <p class='ocr_par' dir='ltr' id='par_1_71' title="bbox 230 3934 1740 4009">
     <span class='ocr_line' id='line_1_72' title="bbox 230 3934 1740 4009; baseline 0.003 -17"><span class='ocrx_word' id='word_1_447' title='bbox 230 3937 355 4009; x_wconf 81' lang='lat' dir='ltr'><strong>(l8)</strong></span> <span class='ocrx_word' id='word_1_448' title='bbox 392 3936 466 3988; x_wconf 83' lang='grc' dir='ltr'><strong>ΕΖ</strong></span> <span class='ocrx_word' id='word_1_449' title='bbox 495 3953 584 4001; x_wconf 83' lang='grc' dir='ltr'><strong>τις</strong></span> <span class='ocrx_word' id='word_1_450' title='bbox 611 3938 1025 4009; x_wconf 78' lang='grc' dir='ltr'>καθῃρημένφ.</span> <span class='ocrx_word' id='word_1_451' title='bbox 1055 3934 1120 4009; x_wconf 76' lang='lat' dir='ltr'><strong>lit</strong></span> <span class='ocrx_word' id='word_1_452' title='bbox 1160 3937 1281 3992; x_wconf 80' lang='lat' dir='ltr'><strong>laici</strong></span> <span class='ocrx_word' id='word_1_453' title='bbox 1319 3939 1583 3994; x_wconf 88' lang='lat' dir='ltr'><strong>scelerum</strong></span> <span class='ocrx_word' id='word_1_454' title='bbox 1609 3957 1740 3996; x_wconf 91' lang='lat' dir='ltr'><strong>con-</strong></span> 
     </span>
    </p>
   </div>
   <div class='ocr_carea' id='block_1_72' title="bbox 155 4007 1743 4081">
    <p class='ocr_par' dir='ltr' id='par_1_72' title="bbox 155 4007 1743 4081">
     <span class='ocr_line' id='line_1_73' title="bbox 155 4007 1743 4081; baseline 0.001 -18"><span class='ocrx_word' id='word_1_455' title='bbox 155 4007 286 4066; x_wconf 74' lang='lat' dir='ltr'><strong>victi</strong></span> <span class='ocrx_word' id='word_1_456' title='bbox 321 4007 885 4081; x_wconf 80' lang='lat' dir='ltr'><strong>excommunicantur,</strong></span> <span class='ocrx_word' id='word_1_457' title='bbox 918 4009 999 4062; x_wconf 85' lang='lat' dir='ltr'><strong>sic</strong></span> <span class='ocrx_word' id='word_1_458' title='bbox 1022 4007 1209 4062; x_wconf 89' lang='lat' dir='ltr'><strong>clerici</strong></span> <span class='ocrx_word' id='word_1_459' title='bbox 1245 4009 1621 4081; x_wconf 83' lang='lat' dir='ltr'><strong>delinquentes</strong></span> <span class='ocrx_word' id='word_1_460' title='bbox 1647 4027 1743 4081; x_wconf 91' lang='lat' dir='ltr'><strong>per</strong></span> 
     </span>
    </p>
   </div>
   <div class='ocr_carea' id='block_1_73' title="bbox 157 4078 1740 4146">
    <p class='ocr_par' dir='ltr' id='par_1_73' title="bbox 157 4078 1740 4146">
     <span class='ocr_line' id='line_1_74' title="bbox 157 4078 1740 4146; baseline 0 -12"><span class='ocrx_word' id='word_1_461' title='bbox 157 4093 406 4135; x_wconf 82' lang='lat' dir='ltr'><strong>canones</strong></span> <span class='ocrx_word' id='word_1_462' title='bbox 432 4079 797 4143; x_wconf 82' lang='lat' dir='ltr'><strong>deponuntur;</strong></span> <span class='ocrx_word' id='word_1_463' title='bbox 828 4078 926 4131; x_wconf 90' lang='lat' dir='ltr'><strong>boc</strong></span> <span class='ocrx_word' id='word_1_464' title='bbox 953 4086 1036 4130; x_wconf 90' lang='lat' dir='ltr'><strong>est</strong></span> <span class='ocrx_word' id='word_1_465' title='bbox 1062 4093 1090 4128; x_wconf 91' lang='lat' dir='ltr'><strong>a</strong></span> <span class='ocrx_word' id='word_1_466' title='bbox 1119 4079 1290 4132; x_wconf 90' lang='lat' dir='ltr'><strong>sacris</strong></span> <span class='ocrx_word' id='word_1_467' title='bbox 1322 4081 1606 4146; x_wconf 72' lang='lat' dir='ltr'><strong>fititgeudis</strong></span> <span class='ocrx_word' id='word_1_468' title='bbox 1640 4078 1740 4134; x_wconf 86' lang='lat' dir='ltr'><strong>mi-</strong></span> 
     </span>
    </p>
   </div>
   <div class='ocr_carea' id='block_1_74' title="bbox 159 4146 1742 4206">
    <p class='ocr_par' dir='ltr' id='par_1_74' title="bbox 159 4146 1742 4206">
     <span class='ocr_line' id='line_1_75' title="bbox 159 4146 1742 4206; baseline 0 -3"><span class='ocrx_word' id='word_1_469' title='bbox 159 4149 413 4204; x_wconf 89' lang='lat' dir='ltr'><strong>nisteriis</strong></span> <span class='ocrx_word' id='word_1_470' title='bbox 466 4153 737 4206; x_wconf 86' lang='lat' dir='ltr'><strong>arcentur,</strong></span> <span class='ocrx_word' id='word_1_471' title='bbox 795 4147 932 4200; x_wconf 89' lang='lat' dir='ltr'><strong>etin</strong></span> <span class='ocrx_word' id='word_1_472' title='bbox 982 4146 1244 4200; x_wconf 88' lang='lat' dir='ltr'><strong>laicorqu</strong></span> <span class='ocrx_word' id='word_1_473' title='bbox 1294 4151 1538 4202; x_wconf 89' lang='lat' dir='ltr'><strong>ordinem</strong></span> <span class='ocrx_word' id='word_1_474' title='bbox 1600 4151 1742 4203; x_wconf 89' lang='lat' dir='ltr'><strong>redi-</strong></span> 
     </span>
    </p>
   </div>
   <div class='ocr_carea' id='block_1_75' title="bbox 157 4213 1742 4290">
    <p class='ocr_par' dir='ltr' id='par_1_75' title="bbox 157 4213 1742 4290">
     <span class='ocr_line' id='line_1_76' title="bbox 157 4213 1742 4290; baseline 0.003 -21"><span class='ocrx_word' id='word_1_475' title='bbox 157 4229 388 4290; x_wconf 74' lang='lat' dir='ltr'><strong>guntur.</strong></span> <span class='ocrx_word' id='word_1_476' title='bbox 442 4213 591 4290; x_wconf 74' lang='lat' dir='ltr'><strong>Hauc</strong></span> <span class='ocrx_word' id='word_1_477' title='bbox 636 4230 850 4290; x_wconf 56' lang='lat' dir='ltr'><strong>poenam</strong></span> <span class='ocrx_word' id='word_1_478' title='bbox 886 4214 1098 4269; x_wconf 87' lang='lat' dir='ltr'><strong>clericis</strong></span> <span class='ocrx_word' id='word_1_479' title='bbox 1153 4215 1410 4290; x_wconf 78' lang='lat' dir='ltr'><strong>inflictam</strong></span> <span class='ocrx_word' id='word_1_480' title='bbox 1450 4231 1657 4290; x_wconf 73' lang='lat' dir='ltr'><strong>veteres</strong></span> <span class='ocrx_word' id='word_1_481' title='bbox 1690 4220 1742 4274; x_wconf 88' lang='lat' dir='ltr'><strong>hi</strong></span> 
     </span>
    </p>
   </div>
   <div class='ocr_carea' id='block_1_76' title="bbox 157 4283 1726 4355">
    <p class='ocr_par' dir='ltr' id='par_1_76' title="bbox 157 4283 1726 4355">
     <span class='ocr_line' id='line_1_77' title="bbox 157 4283 1726 4355; baseline 0.001 -16"><span class='ocrx_word' id='word_1_482' title='bbox 157 4283 408 4344; x_wconf 65' lang='lat' dir='ltr'><strong>canones</strong></span> <span class='ocrx_word' id='word_1_483' title='bbox 462 4283 748 4355; x_wconf 75' lang='grc' dir='ltr'>καθαιρεῖν</span> <span class='ocrx_word' id='word_1_484' title='bbox 806 4294 1020 4348; x_wconf 87' lang='lat' dir='ltr'><strong>vocant,</strong></span> <span class='ocrx_word' id='word_1_485' title='bbox 1086 4296 1136 4338; x_wconf 92' lang='lat' dir='ltr'><strong>et</strong></span> <span class='ocrx_word' id='word_1_486' title='bbox 1195 4288 1391 4354; x_wconf 83' lang='lat' dir='ltr'><strong>quibus</strong></span> <span class='ocrx_word' id='word_1_487' title='bbox 1450 4287 1726 4355; x_wconf 78' lang='lat' dir='ltr'><strong>infligitur,</strong></span> 
     </span>
    </p>
   </div>
   <div class='ocr_carea' id='block_1_77' title="bbox 159 4353 1730 4426">
    <p class='ocr_par' dir='ltr' id='par_1_77' title="bbox 159 4353 1730 4426">
     <span class='ocr_line' id='line_1_78' title="bbox 159 4353 1730 4426; baseline -0.002 -15"><span class='ocrx_word' id='word_1_488' title='bbox 159 4355 612 4426; x_wconf 75' lang='grc' dir='ltr'>καθῃρημένους.</span> <span class='ocrx_word' id='word_1_489' title='bbox 631 4353 1038 4426; x_wconf 73' lang='lat' dir='ltr'><strong>_Nonnunquam</strong></span> <span class='ocrx_word' id='word_1_490' title='bbox 1072 4353 1517 4426; x_wconf 17' lang='lat' dir='ltr'><strong>ﬂepittppaia’ttxd&#39;);</strong></span> <span class='ocrx_word' id='word_1_491' title='bbox 1548 4353 1730 4419; x_wconf 71' lang='lat' dir='ltr'><strong>expri-</strong></span> 
     </span>
    </p>
   </div>
   <div class='ocr_carea' id='block_1_78' title="bbox 157 4422 1724 4492">
    <p class='ocr_par' dir='ltr' id='par_1_78' title="bbox 157 4422 1724 4492">
     <span class='ocr_line' id='line_1_79' title="bbox 157 4422 1724 4492; baseline -0.001 -11"><span class='ocrx_word' id='word_1_492' title='bbox 157 4422 353 4487; x_wconf 74' lang='lat' dir='ltr'><strong>mitur,</strong></span> <span class='ocrx_word' id='word_1_493' title='bbox 378 4422 474 4491; x_wconf 81' lang='lat' dir='ltr'><strong>per</strong></span> <span class='ocrx_word' id='word_1_494' title='bbox 503 4423 597 4475; x_wconf 86' lang='grc' dir='ltr'><strong>τοῦ</strong></span> <span class='ocrx_word' id='word_1_495' title='bbox 623 4422 832 4491; x_wconf 79' lang='grc' dir='ltr'>βαθμοῦ</span> <span class='ocrx_word' id='word_1_496' title='bbox 876 4422 1273 4492; x_wconf 77' lang='grc' dir='ltr'>καθαιρεῖσθαι.</span> <span class='ocrx_word' id='word_1_497' title='bbox 1307 4425 1462 4478; x_wconf 85' lang='lat' dir='ltr'><strong>Basil.</strong></span> <span class='ocrx_word' id='word_1_498' title='bbox 1494 4443 1616 4480; x_wconf 83' lang='lat' dir='ltr'><strong>can.</strong></span> <span class='ocrx_word' id='word_1_499' title='bbox 1637 4427 1724 4481; x_wconf 75' lang='lat'><strong>55.</strong></span> 
     </span>
    </p>
   </div>
   <div class='ocr_carea' id='block_1_79' title="bbox 157 4493 1729 4566">
    <p class='ocr_par' dir='ltr' id='par_1_79' title="bbox 157 4493 1729 4566">
     <span class='ocr_line' id='line_1_80' title="bbox 157 4493 1729 4566; baseline 0 -17"><span class='ocrx_word' id='word_1_500' title='bbox 157 4495 456 4566; x_wconf 62' lang='grc' dir='ltr'>ἐκπίπτειν</span> <span class='ocrx_word' id='word_1_501' title='bbox 475 4493 573 4562; x_wconf 80' lang='grc' dir='ltr'>τῆς</span> <span class='ocrx_word' id='word_1_502' title='bbox 595 4493 1042 4566; x_wconf 29' lang='grc' dir='ltr'>ύπηρεσίαςμιιι.</span> <span class='ocrx_word' id='word_1_503' title='bbox 1070 4509 1204 4566; x_wconf 75' lang='lat' dir='ltr'><strong>_cau_.</strong></span> <span class='ocrx_word' id='word_1_504' title='bbox 1248 4496 1337 4548; x_wconf 84' lang='lat'><strong>5|.</strong></span> <span class='ocrx_word' id='word_1_505' title='bbox 1375 4493 1466 4547; x_wconf 84' lang='grc' dir='ltr'><strong>τοῦ</strong></span> <span class='ocrx_word' id='word_1_506' title='bbox 1511 4495 1729 4566; x_wconf 80' lang='grc' dir='ltr'>βαθμοῦ</span> 
     </span>
    </p>
   </div>
   <div class='ocr_carea' id='block_1_80' title="bbox 158 4561 1728 4632">
    <p class='ocr_par' dir='ltr' id='par_1_80' title="bbox 158 4561 1728 4632">
     <span class='ocr_line' id='line_1_81' title="bbox 158 4561 1728 4632; baseline 0.001 -15"><span class='ocrx_word' id='word_1_507' title='bbox 158 4561 528 4627; x_wconf 77' lang='grc' dir='ltr'>κατάγεσθαι,</span> <span class='ocrx_word' id='word_1_508' title='bbox 594 4561 998 4632; x_wconf 53' lang='lat' dir='ltr'><strong>ingemas.</strong></span> <span class='ocrx_word' id='word_1_509' title='bbox 1065 4563 1405 4631; x_wconf 81' lang='grc' dir='ltr'>ὲκκήρυκτον</span> <span class='ocrx_word' id='word_1_510' title='bbox 1463 4561 1728 4632; x_wconf 82' lang='grc' dir='ltr'>γίνεσθαι.</span> 
     </span>
    </p>
   </div>
   <div class='ocr_carea' id='block_1_81' title="bbox 159 4631 1730 4702">
    <p class='ocr_par' dir='ltr' id='par_1_81' title="bbox 159 4631 1730 4702">
     <span class='ocr_line' id='line_1_82' title="bbox 159 4631 1730 4702; baseline -0.001 -15"><span class='ocrx_word' id='word_1_511' title='bbox 159 4633 696 4702; x_wconf 39' lang='grc' dir='ltr'><strong>ΟοηεὶΙεΑιιί-Υι-κο.</strong></span> <span class='ocrx_word' id='word_1_512' title='bbox 732 4631 839 4685; x_wconf 79' lang='grc' dir='ltr'><strong>18ι</strong></span> <span class='ocrx_word' id='word_1_513' title='bbox 876 4631 1164 4702; x_wconf 81' lang='grc' dir='ltr'>ἐκπίπτειν</span> <span class='ocrx_word' id='word_1_514' title='bbox 1195 4635 1287 4685; x_wconf 84' lang='grc' dir='ltr'><strong>τοῦ</strong></span> <span class='ocrx_word' id='word_1_515' title='bbox 1323 4633 1450 4686; x_wconf 84' lang='grc' dir='ltr'>ἰδίου</span> <span class='ocrx_word' id='word_1_516' title='bbox 1499 4633 1730 4701; x_wconf 83' lang='grc' dir='ltr'>βαθμοῦ,</span> 
     </span>
    </p>
   </div>
   <div class='ocr_carea' id='block_1_82' title="bbox 159 4700 1731 4772">
    <p class='ocr_par' dir='ltr' id='par_1_82' title="bbox 159 4700 1731 4772">
     <span class='ocr_line' id='line_1_83' title="bbox 159 4700 1731 4772; baseline -0.001 -15"><span class='ocrx_word' id='word_1_517' title='bbox 159 4701 425 4757; x_wconf 83' lang='lat' dir='ltr'><strong>Chalced.</strong></span> <span class='ocrx_word' id='word_1_518' title='bbox 460 4700 580 4772; x_wconf 67' lang='lat' dir='ltr'><strong>catt.</strong></span> <span class='ocrx_word' id='word_1_519' title='bbox 607 4700 700 4765; x_wconf 73' lang='lat'><strong>27,</strong></span> <span class='ocrx_word' id='word_1_520' title='bbox 724 4701 1049 4754; x_wconf 80' lang='grc' dir='ltr'>κινδυνεύειν</span> <span class='ocrx_word' id='word_1_521' title='bbox 1080 4702 1208 4770; x_wconf 79' lang='grc' dir='ltr'>περὶ</span> <span class='ocrx_word' id='word_1_522' title='bbox 1229 4704 1319 4754; x_wconf 81' lang='grc' dir='ltr'>τὸν</span> <span class='ocrx_word' id='word_1_523' title='bbox 1349 4704 1480 4755; x_wconf 76' lang='grc' dir='ltr'>ἴδιον</span> <span class='ocrx_word' id='word_1_524' title='bbox 1505 4700 1731 4772; x_wconf 72' lang='grc' dir='ltr'>βαθμὸν,</span> 
     </span>
    </p>
   </div>
   <div class='ocr_carea' id='block_1_83' title="bbox 159 4769 1731 4839">
    <p class='ocr_par' dir='ltr' id='par_1_83' title="bbox 159 4769 1731 4839">
     <span class='ocr_line' id='line_1_84' title="bbox 159 4769 1731 4839; baseline 0 -14"><span class='ocrx_word' id='word_1_525' title='bbox 159 4772 424 4825; x_wconf 75' lang='lat' dir='ltr'><strong>Cltalced.</strong></span> <span class='ocrx_word' id='word_1_526' title='bbox 455 4784 503 4822; x_wconf 89' lang='lat' dir='ltr'><strong>c.</strong></span> <span class='ocrx_word' id='word_1_527' title='bbox 520 4769 575 4828; x_wconf 70' lang='grc'><strong>2.</strong></span> <span class='ocrx_word' id='word_1_528' title='bbox 605 4772 704 4823; x_wconf 87' lang='lat' dir='ltr'><strong>hoc</strong></span> <span class='ocrx_word' id='word_1_529' title='bbox 725 4780 829 4829; x_wconf 87' lang='lat' dir='ltr'><strong>est,</strong></span> <span class='ocrx_word' id='word_1_530' title='bbox 849 4772 1116 4839; x_wconf 68' lang='lat' dir='ltr'><strong>facturam</strong></span> <span class='ocrx_word' id='word_1_531' title='bbox 1137 4769 1412 4825; x_wconf 85' lang='lat' dir='ltr'><strong>clericatus</strong></span> <span class='ocrx_word' id='word_1_532' title='bbox 1435 4769 1731 4838; x_wconf 70' lang='lat' dir='ltr'><strong>sustinebit,</strong></span> 
     </span>
    </p>
   </div>
   <div class='ocr_carea' id='block_1_84' title="bbox 158 4839 1773 4908">
    <p class='ocr_par' dir='ltr' id='par_1_84' title="bbox 158 4839 1773 4908">
     <span class='ocr_line' id='line_1_85' title="bbox 158 4839 1773 4908; baseline 0.003 -18"><span class='ocrx_word' id='word_1_533' title='bbox 158 4841 259 4908; x_wconf 75' lang='grc' dir='ltr'>τῆς</span> <span class='ocrx_word' id='word_1_534' title='bbox 297 4839 597 4906; x_wconf 78' lang='grc' dir='ltr'>ἱερωσύνης</span> <span class='ocrx_word' id='word_1_535' title='bbox 627 4839 1091 4906; x_wconf 77' lang='grc' dir='ltr'>ἀπογυμνοῦσθαι,</span> <span class='ocrx_word' id='word_1_536' title='bbox 1119 4840 1289 4894; x_wconf 86' lang='lat' dir='ltr'><strong>Trull.</strong></span> <span class='ocrx_word' id='word_1_537' title='bbox 1324 4858 1444 4895; x_wconf 86' lang='lat' dir='ltr'><strong>can.</strong></span> <span class='ocrx_word' id='word_1_538' title='bbox 1479 4842 1567 4903; x_wconf 86' lang='lat'><strong>8|,</strong></span> <span class='ocrx_word' id='word_1_539' title='bbox 1601 4845 1735 4896; x_wconf 66' lang='grc' dir='ltr'>καθα</span> <span class='ocrx_word' id='word_1_540' title='bbox 1769 4896 1773 4900; x_wconf 92' lang='lat'><strong><em>_</em></strong></span> 
     </span>
    </p>
   </div>
   <div class='ocr_carea' id='block_1_85' title="bbox 158 4909 1736 4978">
    <p class='ocr_par' dir='ltr' id='par_1_85' title="bbox 158 4909 1736 4978">
     <span class='ocr_line' id='line_1_86' title="bbox 158 4909 1736 4978; baseline 0.002 -15"><span class='ocrx_word' id='word_1_541' title='bbox 158 4910 441 4978; x_wconf 76' lang='grc' dir='ltr'>αιρείσθαι</span> <span class='ocrx_word' id='word_1_542' title='bbox 507 4909 610 4976; x_wconf 81' lang='grc' dir='ltr'><strong>τῆς</strong></span> <span class='ocrx_word' id='word_1_543' title='bbox 668 4909 1027 4976; x_wconf 81' lang='grc' dir='ltr'>λειτουργίας,</span> <span class='ocrx_word' id='word_1_544' title='bbox 1085 4911 1336 4964; x_wconf 76' lang='lat' dir='ltr'><strong>Antioch.</strong></span> <span class='ocrx_word' id='word_1_545' title='bbox 1391 4928 1510 4963; x_wconf 89' lang='lat' dir='ltr'><strong>can.</strong></span> <span class='ocrx_word' id='word_1_546' title='bbox 1571 4914 1623 4976; x_wconf 74' lang='grc'>5,</span> <span class='ocrx_word' id='word_1_547' title='bbox 1678 4912 1736 4966; x_wconf 74' lang='lat' dir='ltr'><strong>ul</strong></span> 
     </span>
    </p>
   </div>
   <div class='ocr_carea' id='block_1_86' title="bbox 163 4979 1731 5048">
    <p class='ocr_par' dir='ltr' id='par_1_86' title="bbox 163 4979 1731 5048">
     <span class='ocr_line' id='line_1_87' title="bbox 163 4979 1731 5048; baseline 0.004 -17"><span class='ocrx_word' id='word_1_548' title='bbox 163 4982 366 5048; x_wconf 81' lang='grc' dir='ltr'>μηκέτι</span> <span class='ocrx_word' id='word_1_549' title='bbox 394 4979 730 5045; x_wconf 82' lang='grc' dir='ltr'>λειτουργεῖν</span> <span class='ocrx_word' id='word_1_550' title='bbox 757 4981 804 5032; x_wconf 89' lang='lat' dir='ltr'><strong>ei</strong></span> <span class='ocrx_word' id='word_1_551' title='bbox 842 4979 919 5042; x_wconf 67' lang='lat' dir='ltr'><strong>fas</strong></span> <span class='ocrx_word' id='word_1_552' title='bbox 952 4981 1043 5040; x_wconf 91' lang='lat' dir='ltr'><strong>sit,</strong></span> <span class='ocrx_word' id='word_1_553' title='bbox 1064 4980 1250 5045; x_wconf 84' lang='lat' dir='ltr'><strong>Apost.</strong></span> <span class='ocrx_word' id='word_1_554' title='bbox 1283 4996 1406 5034; x_wconf 86' lang='lat' dir='ltr'><strong>can.</strong></span> <span class='ocrx_word' id='word_1_555' title='bbox 1444 4982 1528 5034; x_wconf 79' lang='grc'><strong>15.</strong></span> <span class='ocrx_word' id='word_1_556' title='bbox 1560 4981 1621 5034; x_wconf 82' lang='grc' dir='ltr'>Ει</span> <span class='ocrx_word' id='word_1_557' title='bbox 1651 4984 1731 5038; x_wconf 89' lang='lat' dir='ltr'><strong>sic</strong></span> 
     </span>
    </p>
   </div>
   <div class='ocr_carea' id='block_1_87' title="bbox 159 5048 1745 5119">
    <p class='ocr_par' dir='ltr' id='par_1_87' title="bbox 159 5048 1745 5119">
     <span class='ocr_line' id='line_1_88' title="bbox 159 5048 1745 5119; baseline 0.004 -21"><span class='ocrx_word' id='word_1_558' title='bbox 159 5050 381 5116; x_wconf 85' lang='lat' dir='ltr'><strong>quidem</strong></span> <span class='ocrx_word' id='word_1_559' title='bbox 413 5048 735 5119; x_wconf 13' lang='lat' dir='ltr'><strong>iancclesia</strong></span> <span class='ocrx_word' id='word_1_560' title='bbox 787 5049 1056 5113; x_wconf 83' lang='lat' dir='ltr'><strong>primitiva</strong></span> <span class='ocrx_word' id='word_1_561' title='bbox 1109 5050 1199 5115; x_wconf 91' lang='lat' dir='ltr'><strong>qui</strong></span> <span class='ocrx_word' id='word_1_562' title='bbox 1252 5050 1419 5105; x_wconf 84' lang='lat' dir='ltr'><strong>semel</strong></span> <span class='ocrx_word' id='word_1_563' title='bbox 1455 5052 1745 5119; x_wconf 84' lang='lat' dir='ltr'><strong>depositus</strong></span> 
     </span>
    </p>
   </div>
   <div class='ocr_carea' id='block_1_88' title="bbox 160 5116 1727 5184">
    <p class='ocr_par' dir='ltr' id='par_1_88' title="bbox 160 5116 1727 5184">
     <span class='ocr_line' id='line_1_89' title="bbox 160 5116 1727 5184; baseline 0.003 -14"><span class='ocrx_word' id='word_1_564' title='bbox 160 5119 286 5180; x_wconf 90' lang='lat' dir='ltr'><strong>fuit,</strong></span> <span class='ocrx_word' id='word_1_565' title='bbox 332 5116 562 5183; x_wconf 76' lang='lat' dir='ltr'><strong>amplius</strong></span> <span class='ocrx_word' id='word_1_566' title='bbox 597 5117 874 5170; x_wconf 89' lang='lat' dir='ltr'><strong>celebrare</strong></span> <span class='ocrx_word' id='word_1_567' title='bbox 901 5131 1003 5170; x_wconf 83' lang='lat' dir='ltr'><strong>neu</strong></span> <span class='ocrx_word' id='word_1_568' title='bbox 1045 5119 1238 5184; x_wconf 92' lang='lat' dir='ltr'><strong>potuit,</strong></span> <span class='ocrx_word' id='word_1_569' title='bbox 1273 5135 1372 5172; x_wconf 91' lang='lat' dir='ltr'><strong>nec</strong></span> <span class='ocrx_word' id='word_1_570' title='bbox 1420 5122 1471 5173; x_wconf 96' lang='lat' dir='ltr'><strong>iu</strong></span> <span class='ocrx_word' id='word_1_571' title='bbox 1523 5116 1727 5175; x_wconf 81' lang='lat' dir='ltr'><strong>clerum</strong></span> 
     </span>
    </p>
   </div>
   <div class='ocr_carea' id='block_1_89' title="bbox 162 5185 1730 5256">
    <p class='ocr_par' dir='ltr' id='par_1_89' title="bbox 162 5185 1730 5256">
     <span class='ocr_line' id='line_1_90' title="bbox 162 5185 1730 5256; baseline 0.002 -16"><span class='ocrx_word' id='word_1_572' title='bbox 162 5201 356 5256; x_wconf 79' lang='lat' dir='ltr'><strong>rursus</strong></span> <span class='ocrx_word' id='word_1_573' title='bbox 404 5185 645 5256; x_wconf 80' lang='lat' dir='ltr'><strong>admitti;</strong></span> <span class='ocrx_word' id='word_1_574' title='bbox 694 5187 785 5240; x_wconf 91' lang='lat' dir='ltr'><strong>sed</strong></span> <span class='ocrx_word' id='word_1_575' title='bbox 823 5187 964 5240; x_wconf 90' lang='lat' dir='ltr'><strong>inter</strong></span> <span class='ocrx_word' id='word_1_576' title='bbox 995 5187 1161 5241; x_wconf 89' lang='lat' dir='ltr'><strong>laicos</strong></span> <span class='ocrx_word' id='word_1_577' title='bbox 1198 5201 1457 5256; x_wconf 91' lang='lat' dir='ltr'><strong>perpetuo</strong></span> <span class='ocrx_word' id='word_1_578' title='bbox 1487 5191 1730 5244; x_wconf 87' lang='lat' dir='ltr'><strong>recensi-</strong></span> 
     </span>
    </p>
   </div>
   <div class='ocr_carea' id='block_1_90' title="bbox 159 5254 1730 5326">
    <p class='ocr_par' dir='ltr' id='par_1_90' title="bbox 159 5254 1730 5326">
     <span class='ocr_line' id='line_1_91' title="bbox 159 5254 1730 5326; baseline 0.001 -17"><span class='ocrx_word' id='word_1_579' title='bbox 159 5266 246 5310; x_wconf 88' lang='lat' dir='ltr'><strong>tus</strong></span> <span class='ocrx_word' id='word_1_580' title='bbox 277 5254 629 5326; x_wconf 31' lang='lat' dir='ltr'><strong>fuitaPostea</strong></span> <span class='ocrx_word' id='word_1_581' title='bbox 678 5263 855 5311; x_wconf 86' lang='lat' dir='ltr'><strong>autem</strong></span> <span class='ocrx_word' id='word_1_582' title='bbox 891 5257 1132 5322; x_wconf 86' lang='lat' dir='ltr'><strong>partialis</strong></span> <span class='ocrx_word' id='word_1_583' title='bbox 1170 5254 1419 5326; x_wconf 65' lang='lat' dir='ltr'><strong>quaedam</strong></span> <span class='ocrx_word' id='word_1_584' title='bbox 1455 5270 1548 5314; x_wconf 88' lang='lat' dir='ltr'><strong>aut</strong></span> <span class='ocrx_word' id='word_1_585' title='bbox 1580 5270 1730 5314; x_wconf 90' lang='lat' dir='ltr'><strong>tem-</strong></span> 
     </span>
    </p>
   </div>
   <div class='ocr_carea' id='block_1_91' title="bbox 160 5323 1728 5392">
    <p class='ocr_par' dir='ltr' id='par_1_91' title="bbox 160 5323 1728 5392">
     <span class='ocr_line' id='line_1_92' title="bbox 160 5323 1728 5392; baseline 0.003 -13"><span class='ocrx_word' id='word_1_586' title='bbox 160 5325 367 5392; x_wconf 87' lang='lat' dir='ltr'><strong>poralis</strong></span> <span class='ocrx_word' id='word_1_587' title='bbox 417 5323 722 5378; x_wconf 87' lang='lat' dir='ltr'><strong>introducta</strong></span> <span class='ocrx_word' id='word_1_588' title='bbox 775 5333 857 5379; x_wconf 87' lang='lat' dir='ltr'><strong>est</strong></span> <span class='ocrx_word' id='word_1_589' title='bbox 892 5323 1203 5392; x_wconf 47' lang='lat' dir='ltr'><strong>depositio,‘</strong></span> <span class='ocrx_word' id='word_1_590' title='bbox 1238 5329 1302 5379; x_wconf 91' lang='lat' dir='ltr'><strong>ad</strong></span> <span class='ocrx_word' id='word_1_591' title='bbox 1354 5337 1557 5382; x_wconf 87' lang='lat' dir='ltr'><strong>certum</strong></span> <span class='ocrx_word' id='word_1_592' title='bbox 1613 5341 1728 5382; x_wconf 85' lang='lat' dir='ltr'><strong>tan-</strong></span> 
     </span>
    </p>
   </div>
   <div class='ocr_carea' id='block_1_92' title="bbox 161 5393 1726 5462">
    <p class='ocr_par' dir='ltr' id='par_1_92' title="bbox 161 5393 1726 5462">
     <span class='ocr_line' id='line_1_93' title="bbox 161 5393 1726 5462; baseline 0.003 -16"><span class='ocrx_word' id='word_1_593' title='bbox 161 5394 444 5447; x_wconf 88' lang='lat' dir='ltr'><strong>tummodo</strong></span> <span class='ocrx_word' id='word_1_594' title='bbox 500 5403 712 5460; x_wconf 85' lang='lat' dir='ltr'><strong>tempus</strong></span> <span class='ocrx_word' id='word_1_595' title='bbox 763 5393 976 5449; x_wconf 88' lang='lat' dir='ltr'><strong>clericis</strong></span> <span class='ocrx_word' id='word_1_596' title='bbox 1030 5396 1262 5462; x_wconf 84' lang='lat' dir='ltr'><strong>inllicta;</strong></span> <span class='ocrx_word' id='word_1_597' title='bbox 1329 5411 1490 5462; x_wconf 87' lang='lat' dir='ltr'><strong>quam</strong></span> <span class='ocrx_word' id='word_1_598' title='bbox 1550 5410 1726 5452; x_wconf 89' lang='lat' dir='ltr'><strong>tamen</strong></span> 
     </span>
    </p>
   </div>
   <div class='ocr_carea' id='block_1_93' title="bbox 161 5463 1728 5533">
    <p class='ocr_par' dir='ltr' id='par_1_93' title="bbox 161 5463 1728 5533">
     <span class='ocr_line' id='line_1_94' title="bbox 161 5463 1728 5533; baseline 0.004 -20"><span class='ocrx_word' id='word_1_599' title='bbox 161 5479 269 5515; x_wconf 91' lang='lat' dir='ltr'><strong>non</strong></span> <span class='ocrx_word' id='word_1_600' title='bbox 317 5463 689 5533; x_wconf 71' lang='lat' dir='ltr'><strong>depositionem</strong></span> <span class='ocrx_word' id='word_1_601' title='bbox 720 5465 955 5530; x_wconf 86' lang='lat' dir='ltr'><strong>proprie,</strong></span> <span class='ocrx_word' id='word_1_602' title='bbox 1006 5467 1099 5518; x_wconf 75' lang='lat' dir='ltr'><strong>Sed</strong></span> <span class='ocrx_word' id='word_1_603' title='bbox 1149 5469 1533 5533; x_wconf 86' lang='lat' dir='ltr'><strong>suspensionem</strong></span> <span class='ocrx_word' id='word_1_604' title='bbox 1587 5472 1728 5519; x_wconf 89' lang='lat' dir='ltr'><strong>voci-</strong></span> 
     </span>
    </p>
   </div>
   <div class='ocr_carea' id='block_1_94' title="bbox 161 5531 1727 5599">
    <p class='ocr_par' dir='ltr' id='par_1_94' title="bbox 161 5531 1727 5599">
     <span class='ocr_line' id='line_1_95' title="bbox 161 5531 1727 5599; baseline 0.005 -16"><span class='ocrx_word' id='word_1_605' title='bbox 161 5534 266 5585; x_wconf 81' lang='lat' dir='ltr'><strong>tari</strong></span> <span class='ocrx_word' id='word_1_606' title='bbox 302 5546 402 5585; x_wconf 85' lang='lat' dir='ltr'><strong>usu</strong></span> <span class='ocrx_word' id='word_1_607' title='bbox 430 5534 596 5585; x_wconf 82' lang='lat' dir='ltr'><strong>venit.</strong></span> <span class='ocrx_word' id='word_1_608' title='bbox 624 5531 921 5586; x_wconf 86' lang='lat' dir='ltr'><strong>Conciltum</strong></span> <span class='ocrx_word' id='word_1_609' title='bbox 959 5531 1371 5599; x_wconf 84' lang='lat' dir='ltr'><strong>Attrclianeuse,</strong></span> <span class='ocrx_word' id='word_1_610' title='bbox 1424 5535 1727 5599; x_wconf 65' lang='lat' dir='ltr'><strong>Memoratw</strong></span> 
     </span>
    </p>
   </div>
   <div class='ocr_carea' id='block_1_95' title="bbox 159 5600 1724 5671">
    <p class='ocr_par' dir='ltr' id='par_1_95' title="bbox 159 5600 1724 5671">
     <span class='ocr_line' id='line_1_96' title="bbox 159 5600 1724 5671; baseline 0.001 -17"><span class='ocrx_word' id='word_1_611' title='bbox 159 5617 400 5667; x_wconf 75' lang='lat' dir='ltr'><strong>persona:</strong></span> <span class='ocrx_word' id='word_1_612' title='bbox 419 5603 484 5653; x_wconf 87' lang='lat' dir='ltr'><strong>ab</strong></span> <span class='ocrx_word' id='word_1_613' title='bbox 501 5600 694 5653; x_wconf 82' lang='lat' dir='ltr'><strong>honore</strong></span> <span class='ocrx_word' id='word_1_614' title='bbox 714 5603 788 5655; x_wconf 83' lang='lat' dir='ltr'><strong>vel</strong></span> <span class='ocrx_word' id='word_1_615' title='bbox 809 5603 971 5671; x_wconf 71' lang='lat' dir='ltr'><strong>o/ﬁcio</strong></span> <span class='ocrx_word' id='word_1_616' title='bbox 997 5617 1234 5670; x_wconf 84' lang='lat' dir='ltr'><strong>suscepto</strong></span> <span class='ocrx_word' id='word_1_617' title='bbox 1255 5605 1415 5671; x_wconf 74' lang='lat' dir='ltr'><strong>juxta</strong></span> <span class='ocrx_word' id='word_1_618' title='bbox 1447 5606 1724 5659; x_wconf 76' lang='lat' dir='ltr'><strong>arbitrium</strong></span> 
     </span>
    </p>
   </div>
   <div class='ocr_carea' id='block_1_96' title="bbox 161 5671 1721 5743">
    <p class='ocr_par' dir='ltr' id='par_1_96' title="bbox 161 5671 1721 5743">
     <span class='ocr_line' id='line_1_97' title="bbox 161 5671 1721 5743; baseline 0.006 -22"><span class='ocrx_word' id='word_1_619' title='bbox 161 5671 537 5743; x_wconf 12' lang='lat' dir='ltr'><strong>suifpontiﬁcis</strong></span> <span class='ocrx_word' id='word_1_620' title='bbox 562 5672 964 5743; x_wconf 75' lang='lat' dir='ltr'><strong>suspendantur,</strong></span> <span class='ocrx_word' id='word_1_621' title='bbox 996 5674 1188 5728; x_wconf 87' lang='lat' dir='ltr'><strong>concil.</strong></span> <span class='ocrx_word' id='word_1_622' title='bbox 1211 5675 1391 5727; x_wconf 85' lang='lat' dir='ltr'><strong>Aurel.</strong></span> <span class='ocrx_word' id='word_1_623' title='bbox 1419 5673 1472 5738; x_wconf 88' lang='grc'>5,</span> <span class='ocrx_word' id='word_1_624' title='bbox 1506 5690 1554 5728; x_wconf 92' lang='lat' dir='ltr'><strong>c.</strong></span> <span class='ocrx_word' id='word_1_625' title='bbox 1589 5676 1642 5737; x_wconf 88' lang='lat'><strong>5,</strong></span> <span class='ocrx_word' id='word_1_626' title='bbox 1670 5691 1721 5743; x_wconf 87' lang='lat' dir='ltr'><strong>p.</strong></span> 
     </span>
    </p>
   </div>
   <div class='ocr_carea' id='block_1_97' title="bbox 161 5737 1723 5809">
    <p class='ocr_par' dir='ltr' id='par_1_97' title="bbox 161 5737 1723 5809">
     <span class='ocr_line' id='line_1_98' title="bbox 161 5737 1723 5809; baseline 0.002 -15"><span class='ocrx_word' id='word_1_627' title='bbox 161 5737 290 5801; x_wconf 78' lang='lat'><strong>515,</strong></span> <span class='ocrx_word' id='word_1_628' title='bbox 333 5751 466 5794; x_wconf 92' lang='lat' dir='ltr'><strong>tom.</strong></span> <span class='ocrx_word' id='word_1_629' title='bbox 498 5737 561 5793; x_wconf 94' lang='lat' dir='ltr'><strong>ll.</strong></span> <span class='ocrx_word' id='word_1_630' title='bbox 591 5737 709 5794; x_wconf 81' lang='lat' dir='ltr'><strong>Biu.</strong></span> <span class='ocrx_word' id='word_1_631' title='bbox 743 5743 880 5794; x_wconf 84' lang='lat' dir='ltr'><strong>Anni</strong></span> <span class='ocrx_word' id='word_1_632' title='bbox 910 5743 1082 5809; x_wconf 81' lang='lat' dir='ltr'><strong>spatio</strong></span> <span class='ocrx_word' id='word_1_633' title='bbox 1111 5759 1140 5794; x_wconf 90' lang='lat' dir='ltr'><strong>a</strong></span> <span class='ocrx_word' id='word_1_634' title='bbox 1173 5737 1530 5796; x_wconf 85' lang='lat' dir='ltr'><strong>communione</strong></span> <span class='ocrx_word' id='word_1_635' title='bbox 1559 5737 1723 5798; x_wconf 77' lang='lat' dir='ltr'><strong>eccle-</strong></span> 
     </span>
    </p>
   </div>
   <div class='ocr_carea' id='block_1_98' title="bbox 159 5810 1719 5876">
    <p class='ocr_par' dir='ltr' id='par_1_98' title="bbox 159 5810 1719 5876">
     <span class='ocr_line' id='line_1_99' title="bbox 159 5810 1719 5876; baseline 0.006 -13"><span class='ocrx_word' id='word_1_636' title='bbox 159 5810 376 5864; x_wconf 83' lang='lat' dir='ltr'><strong>siastica</strong></span> <span class='ocrx_word' id='word_1_637' title='bbox 402 5810 942 5873; x_wconf 46' lang='lat' dir='ltr'><strong>suspendaturﬁbid.</strong></span> <span class='ocrx_word' id='word_1_638' title='bbox 970 5827 1020 5869; x_wconf 85' lang='lat' dir='ltr'><strong>c.</strong></span> <span class='ocrx_word' id='word_1_639' title='bbox 1050 5813 1136 5874; x_wconf 84' lang='lat' dir='ltr'><strong>l7.</strong></span> <span class='ocrx_word' id='word_1_640' title='bbox 1160 5823 1213 5868; x_wconf 91' lang='lat' dir='ltr'><strong>et</strong></span> <span class='ocrx_word' id='word_1_641' title='bbox 1242 5815 1437 5869; x_wconf 90' lang='lat' dir='ltr'><strong>concil.</strong></span> <span class='ocrx_word' id='word_1_642' title='bbox 1461 5815 1513 5874; x_wconf 79' lang='lat' dir='ltr'><strong>.l.</strong></span> <span class='ocrx_word' id='word_1_643' title='bbox 1547 5829 1595 5869; x_wconf 91' lang='lat' dir='ltr'><strong>c.</strong></span> <span class='ocrx_word' id='word_1_644' title='bbox 1638 5817 1719 5876; x_wconf 73' lang='grc' dir='ltr'>ιι).</span> 
     </span>
    </p>
   </div>
   <div class='ocr_carea' id='block_1_99' title="bbox 1839 3939 3416 4006">
    <p class='ocr_par' dir='ltr' id='par_1_99' title="bbox 1839 3939 3416 4006">
     <span class='ocr_line' id='line_1_100' title="bbox 1839 3939 3416 4006; baseline -0.001 -15"><span class='ocrx_word' id='word_1_645' title='bbox 1839 3939 1882 3991; x_wconf 89' lang='grc' dir='ltr'><em>Α</em></span> <span class='ocrx_word' id='word_1_646' title='bbox 1907 3942 2266 3993; x_wconf 78' lang='lat' dir='ltr'><strong>communione</strong></span> <span class='ocrx_word' id='word_1_647' title='bbox 2297 3941 2561 3994; x_wconf 82' lang='lat' dir='ltr'><strong>catholica</strong></span> <span class='ocrx_word' id='word_1_648' title='bbox 2593 3957 2685 4006; x_wconf 90' lang='lat' dir='ltr'><strong>pro</strong></span> <span class='ocrx_word' id='word_1_649' title='bbox 2735 3939 3097 3993; x_wconf 61' lang='lat' dir='ltr'><strong>attendatione</strong></span> <span class='ocrx_word' id='word_1_650' title='bbox 3147 3939 3416 3996; x_wconf 73' lang='lat' dir='ltr'><strong>sacrilegii</strong></span> 
     </span>
    </p>
   </div>
   <div class='ocr_carea' id='block_1_100' title="bbox 1838 4010 3416 4077">
    <p class='ocr_par' dir='ltr' id='par_1_100' title="bbox 1838 4010 3416 4077">
     <span class='ocr_line' id='line_1_101' title="bbox 1838 4010 3416 4077; baseline 0.001 -16"><span class='ocrx_word' id='word_1_651' title='bbox 1838 4014 2208 4077; x_wconf 77' lang='lat' dir='ltr'><strong>suspendatur.</strong></span> <span class='ocrx_word' id='word_1_652' title='bbox 2239 4010 2447 4066; x_wconf 81' lang='lat' dir='ltr'><strong>Concil.</strong></span> <span class='ocrx_word' id='word_1_653' title='bbox 2485 4012 2666 4063; x_wconf 82' lang='lat' dir='ltr'><strong>Aurel.</strong></span> <span class='ocrx_word' id='word_1_654' title='bbox 2709 4010 2764 4068; x_wconf 76' lang='grc'><strong>4.</strong></span> <span class='ocrx_word' id='word_1_655' title='bbox 2806 4026 2853 4060; x_wconf 82' lang='lat' dir='ltr'><strong>c.</strong></span> <span class='ocrx_word' id='word_1_656' title='bbox 2891 4010 2976 4073; x_wconf 72' lang='lat'><strong>15,</strong></span> <span class='ocrx_word' id='word_1_657' title='bbox 3011 4011 3163 4071; x_wconf 72' lang='lat' dir='ltr'><strong>ibitl.,</strong></span> <span class='ocrx_word' id='word_1_658' title='bbox 3213 4027 3262 4076; x_wconf 88' lang='lat' dir='ltr'><strong>p.</strong></span> <span class='ocrx_word' id='word_1_659' title='bbox 3290 4010 3416 4062; x_wconf 66' lang='lat' dir='ltr'><strong>fil-2.</strong></span> 
     </span>
    </p>
   </div>
   <div class='ocr_carea' id='block_1_101' title="bbox 1837 4078 3418 4146">
    <p class='ocr_par' dir='ltr' id='par_1_101' title="bbox 1837 4078 3418 4146">
     <span class='ocr_line' id='line_1_102' title="bbox 1837 4078 3418 4146; baseline -0.003 -15"><span class='ocrx_word' id='word_1_660' title='bbox 1837 4078 1970 4131; x_wconf 86' lang='lat' dir='ltr'><strong>Cum</strong></span> <span class='ocrx_word' id='word_1_661' title='bbox 2009 4095 2110 4132; x_wconf 78' lang='lat' dir='ltr'><strong>vox</strong></span> <span class='ocrx_word' id='word_1_662' title='bbox 2145 4082 2417 4145; x_wconf 83' lang='lat' dir='ltr'><strong>suspensio</strong></span> <span class='ocrx_word' id='word_1_663' title='bbox 2464 4096 2565 4132; x_wconf 91' lang='lat' dir='ltr'><strong>non</strong></span> <span class='ocrx_word' id='word_1_664' title='bbox 2609 4089 2924 4142; x_wconf 88' lang='lat' dir='ltr'><strong>usurpatur,</strong></span> <span class='ocrx_word' id='word_1_665' title='bbox 2983 4090 3192 4146; x_wconf 90' lang='lat' dir='ltr'><strong>tempus</strong></span> <span class='ocrx_word' id='word_1_666' title='bbox 3241 4084 3418 4131; x_wconf 80' lang='lat' dir='ltr'><strong>deter-</strong></span> 
     </span>
    </p>
   </div>
   <div class='ocr_carea' id='block_1_102' title="bbox 1840 4148 3415 4213">
    <p class='ocr_par' dir='ltr' id='par_1_102' title="bbox 1840 4148 3415 4213">
     <span class='ocr_line' id='line_1_103' title="bbox 1840 4148 3415 4213; baseline 0 -13"><span class='ocrx_word' id='word_1_667' title='bbox 1840 4149 2099 4212; x_wconf 89' lang='lat' dir='ltr'><strong>minatur,</strong></span> <span class='ocrx_word' id='word_1_668' title='bbox 2131 4165 2236 4213; x_wconf 83' lang='lat' dir='ltr'><strong>quo</strong></span> <span class='ocrx_word' id='word_1_669' title='bbox 2267 4151 2334 4201; x_wconf 88' lang='lat' dir='ltr'><strong>ab</strong></span> <span class='ocrx_word' id='word_1_670' title='bbox 2367 4149 2541 4202; x_wconf 80' lang='lat' dir='ltr'><strong>officio</strong></span> <span class='ocrx_word' id='word_1_671' title='bbox 2591 4164 2804 4201; x_wconf 87' lang='lat' dir='ltr'><strong>cessare</strong></span> <span class='ocrx_word' id='word_1_672' title='bbox 2838 4148 3032 4201; x_wconf 90' lang='lat' dir='ltr'><strong>debent</strong></span> <span class='ocrx_word' id='word_1_673' title='bbox 3065 4166 3078 4199; x_wconf 88' lang='lat'><strong>:</strong></span> <span class='ocrx_word' id='word_1_674' title='bbox 3134 4160 3209 4211; x_wconf 93' lang='lat' dir='ltr'><strong>ut,</strong></span> <span class='ocrx_word' id='word_1_675' title='bbox 3249 4151 3415 4200; x_wconf 89' lang='lat' dir='ltr'><strong>tribus</strong></span> 
     </span>
    </p>
   </div>
   <div class='ocr_carea' id='block_1_103' title="bbox 1841 4217 3412 4286">
    <p class='ocr_par' dir='ltr' id='par_1_103' title="bbox 1841 4217 3412 4286">
     <span class='ocr_line' id='line_1_104' title="bbox 1841 4217 3412 4286; baseline 0.002 -18"><span class='ocrx_word' id='word_1_676' title='bbox 1841 4219 2098 4270; x_wconf 85' lang='lat' dir='ltr'><strong>mensibus</strong></span> <span class='ocrx_word' id='word_1_677' title='bbox 2132 4220 2198 4271; x_wconf 87' lang='lat' dir='ltr'><strong>sit</strong></span> <span class='ocrx_word' id='word_1_678' title='bbox 2232 4237 2262 4270; x_wconf 89' lang='lat' dir='ltr'><strong>a</strong></span> <span class='ocrx_word' id='word_1_679' title='bbox 2288 4235 2382 4270; x_wconf 88' lang='lat' dir='ltr'><strong>suo</strong></span> <span class='ocrx_word' id='word_1_680' title='bbox 2415 4219 2592 4286; x_wconf 78' lang='lat' dir='ltr'><strong>ofﬁcio</strong></span> <span class='ocrx_word' id='word_1_681' title='bbox 2621 4227 3000 4283; x_wconf 79' lang='lat' dir='ltr'><strong>sequestratus,</strong></span> <span class='ocrx_word' id='word_1_682' title='bbox 3025 4217 3194 4271; x_wconf 85' lang='lat' dir='ltr'><strong>Cone.</strong></span> <span class='ocrx_word' id='word_1_683' title='bbox 3227 4221 3412 4271; x_wconf 71' lang='lat' dir='ltr'><strong>Aurel.</strong></span> 
     </span>
    </p>
   </div>
   <div class='ocr_carea' id='block_1_104' title="bbox 1841 4287 3416 4354">
    <p class='ocr_par' dir='ltr' id='par_1_104' title="bbox 1841 4287 3416 4354">
     <span class='ocr_line' id='line_1_105' title="bbox 1841 4287 3416 4354; baseline 0 -15"><span class='ocrx_word' id='word_1_684' title='bbox 1841 4287 1894 4348; x_wconf 77' lang='grc'>5,</span> <span class='ocrx_word' id='word_1_685' title='bbox 1928 4303 1975 4340; x_wconf 83' lang='lat' dir='ltr'><strong>c.</strong></span> <span class='ocrx_word' id='word_1_686' title='bbox 2009 4288 2062 4348; x_wconf 70' lang='grc' dir='ltr'>Ξ,</span> <span class='ocrx_word' id='word_1_687' title='bbox 2103 4289 2231 4341; x_wconf 86' lang='lat' dir='ltr'><strong>ibid.</strong></span> <span class='ocrx_word' id='word_1_688' title='bbox 2265 4304 2316 4354; x_wconf 92' lang='lat' dir='ltr'><strong>p.</strong></span> <span class='ocrx_word' id='word_1_689' title='bbox 2354 4288 2477 4342; x_wconf 89' lang='lat'><strong>505.</strong></span> <span class='ocrx_word' id='word_1_690' title='bbox 2511 4290 2648 4342; x_wconf 73' lang='lat' dir='ltr'><strong>Antii</strong></span> <span class='ocrx_word' id='word_1_691' title='bbox 2686 4291 2854 4354; x_wconf 78' lang='lat' dir='ltr'><strong>spatio</strong></span> <span class='ocrx_word' id='word_1_692' title='bbox 2883 4287 3076 4340; x_wconf 83' lang='lat' dir='ltr'><strong>Missus</strong></span> <span class='ocrx_word' id='word_1_693' title='bbox 3119 4287 3416 4353; x_wconf 75' lang='lat' dir='ltr'><strong>facerenon</strong></span> 
     </span>
    </p>
   </div>
   <div class='ocr_carea' id='block_1_105' title="bbox 1838 4356 3413 4423">
    <p class='ocr_par' dir='ltr' id='par_1_105' title="bbox 1838 4356 3413 4423">
     <span class='ocr_line' id='line_1_106' title="bbox 1838 4356 3413 4423; baseline 0.003 -17"><span class='ocrx_word' id='word_1_694' title='bbox 1838 4371 2139 4422; x_wconf 72' lang='lat' dir='ltr'><strong>prtesumat:</strong></span> <span class='ocrx_word' id='word_1_695' title='bbox 2173 4360 2300 4411; x_wconf 84' lang='lat' dir='ltr'><strong>ibid.</strong></span> <span class='ocrx_word' id='word_1_696' title='bbox 2334 4375 2381 4410; x_wconf 84' lang='lat' dir='ltr'><strong>c.</strong></span> <span class='ocrx_word' id='word_1_697' title='bbox 2410 4358 2499 4411; x_wconf 66' lang='lat'><strong>25.</strong></span> <span class='ocrx_word' id='word_1_698' title='bbox 2537 4361 2686 4409; x_wconf 71' lang='lat' dir='ltr'><strong>Anno</strong></span> <span class='ocrx_word' id='word_1_699' title='bbox 2709 4361 2922 4423; x_wconf 63' lang='lat' dir='ltr'><strong>‘ivtcgro</strong></span> <span class='ocrx_word' id='word_1_700' title='bbox 2949 4374 3129 4422; x_wconf 87' lang='lat' dir='ltr'><strong>pacem</strong></span> <span class='ocrx_word' id='word_1_701' title='bbox 3165 4356 3413 4410; x_wconf 72' lang='lat' dir='ltr'><strong>Ecclesia:</strong></span> 
     </span>
    </p>
   </div>
   <div class='ocr_carea' id='block_1_106' title="bbox 1840 4426 3414 4492">
    <p class='ocr_par' dir='ltr' id='par_1_106' title="bbox 1840 4426 3414 4492">
     <span class='ocr_line' id='line_1_107' title="bbox 1840 4426 3414 4492; baseline 0.003 -17"><span class='ocrx_word' id='word_1_702' title='bbox 1840 4441 1939 4476; x_wconf 87' lang='lat' dir='ltr'><strong>non</strong></span> <span class='ocrx_word' id='word_1_703' title='bbox 1976 4427 2201 4479; x_wconf 78' lang='lat' dir='ltr'><strong>habebit.</strong></span> <span class='ocrx_word' id='word_1_704' title='bbox 2239 4428 2366 4482; x_wconf 84' lang='lat' dir='ltr'><strong>ibid.</strong></span> <span class='ocrx_word' id='word_1_705' title='bbox 2403 4443 2452 4480; x_wconf 84' lang='lat' dir='ltr'><strong>c.</strong></span> <span class='ocrx_word' id='word_1_706' title='bbox 2494 4428 2581 4480; x_wconf 75' lang='lat' dir='ltr'><strong>l6.</strong></span> <span class='ocrx_word' id='word_1_707' title='bbox 2616 4426 2819 4479; x_wconf 78' lang='lat' dir='ltr'><strong>Tantliu</strong></span> <span class='ocrx_word' id='word_1_708' title='bbox 2850 4446 2878 4478; x_wconf 90' lang='lat' dir='ltr'><strong>a</strong></span> <span class='ocrx_word' id='word_1_709' title='bbox 2906 4426 3255 4492; x_wconf 75' lang='lat' dir='ltr'><strong>sacriﬁcando</strong></span> <span class='ocrx_word' id='word_1_710' title='bbox 3302 4443 3414 4479; x_wconf 61' lang='lat' dir='ltr'><strong>cns-</strong></span> 
     </span>
    </p>
   </div>
   <div class='ocr_carea' id='block_1_107' title="bbox 1838 4495 3414 4565">
    <p class='ocr_par' dir='ltr' id='par_1_107' title="bbox 1838 4495 3414 4565">
     <span class='ocr_line' id='line_1_108' title="bbox 1838 4495 3414 4565; baseline 0.002 -19"><span class='ocrx_word' id='word_1_711' title='bbox 1838 4495 1990 4555; x_wconf 80' lang='lat' dir='ltr'><strong>snbit,</strong></span> <span class='ocrx_word' id='word_1_712' title='bbox 2049 4497 2300 4563; x_wconf 82' lang='lat' dir='ltr'><strong>quamdiu</strong></span> <span class='ocrx_word' id='word_1_713' title='bbox 2365 4497 2600 4565; x_wconf 85' lang='lat' dir='ltr'><strong>legitima</strong></span> <span class='ocrx_word' id='word_1_714' title='bbox 2675 4498 2985 4555; x_wconf 66' lang='lat' dir='ltr'><strong>pauitantia:</strong></span> <span class='ocrx_word' id='word_1_715' title='bbox 3051 4497 3414 4563; x_wconf 78' lang='lat' dir='ltr'><strong>satisfactione</strong></span> 
     </span>
    </p>
   </div>
   <div class='ocr_carea' id='block_1_108' title="bbox 1837 4565 3415 4634">
    <p class='ocr_par' dir='ltr' id='par_1_108' title="bbox 1837 4565 3415 4634">
     <span class='ocr_line' id='line_1_109' title="bbox 1837 4565 3415 4634; baseline 0.001 -19"><span class='ocrx_word' id='word_1_716' title='bbox 1837 4575 2101 4628; x_wconf 77' lang='lat' dir='ltr'><strong>correptus</strong></span> <span class='ocrx_word' id='word_1_717' title='bbox 2125 4569 2192 4618; x_wconf 83' lang='lat' dir='ltr'><strong>atl</strong></span> <span class='ocrx_word' id='word_1_718' title='bbox 2224 4569 2419 4631; x_wconf 80' lang='lat' dir='ltr'><strong>gradus</strong></span> <span class='ocrx_word' id='word_1_719' title='bbox 2455 4568 2557 4618; x_wconf 84' lang='lat' dir='ltr'><strong>sive</strong></span> <span class='ocrx_word' id='word_1_720' title='bbox 2587 4566 2825 4634; x_wconf 79' lang='lat' dir='ltr'><strong>ofﬁciunt</strong></span> <span class='ocrx_word' id='word_1_721' title='bbox 2861 4567 3056 4634; x_wconf 82' lang='lat' dir='ltr'><strong>redeat.</strong></span> <span class='ocrx_word' id='word_1_722' title='bbox 3087 4571 3240 4634; x_wconf 78' lang='lat' dir='ltr'><strong>quod</strong></span> <span class='ocrx_word' id='word_1_723' title='bbox 3277 4565 3415 4634; x_wconf 79' lang='lat' dir='ltr'><strong>ami-</strong></span> 
     </span>
    </p>
   </div>
   <div class='ocr_carea' id='block_1_109' title="bbox 1836 4633 3412 4702">
    <p class='ocr_par' dir='ltr' id='par_1_109' title="bbox 1836 4633 3412 4702">
     <span class='ocr_line' id='line_1_110' title="bbox 1836 4633 3412 4702; baseline 0.003 -20"><span class='ocrx_word' id='word_1_724' title='bbox 1836 4635 1922 4694; x_wconf 84' lang='lat' dir='ltr'><strong>sit,</strong></span> <span class='ocrx_word' id='word_1_725' title='bbox 1981 4651 2131 4688; x_wconf 86' lang='lat' dir='ltr'><strong>conc.</strong></span> <span class='ocrx_word' id='word_1_726' title='bbox 2188 4635 2445 4689; x_wconf 79' lang='lat' dir='ltr'><strong>Bracbar.</strong></span> <span class='ocrx_word' id='word_1_727' title='bbox 2498 4636 2552 4698; x_wconf 76' lang='lat'><strong>3,</strong></span> <span class='ocrx_word' id='word_1_728' title='bbox 2601 4633 2717 4701; x_wconf 81' lang='lat' dir='ltr'><strong>cap.</strong></span> <span class='ocrx_word' id='word_1_729' title='bbox 2774 4651 2810 4695; x_wconf 91' lang='lat' dir='ltr'><strong>I,</strong></span> <span class='ocrx_word' id='word_1_730' title='bbox 2868 4650 2919 4702; x_wconf 91' lang='lat' dir='ltr'><strong>p.</strong></span> <span class='ocrx_word' id='word_1_731' title='bbox 2968 4633 3126 4697; x_wconf 67' lang='lat'><strong>1904,</strong></span> <span class='ocrx_word' id='word_1_732' title='bbox 3181 4645 3311 4686; x_wconf 89' lang='lat' dir='ltr'><strong>tom.</strong></span> <span class='ocrx_word' id='word_1_733' title='bbox 3368 4633 3412 4687; x_wconf 89' lang='lat' dir='ltr'><strong>ll</strong></span> 
     </span>
    </p>
   </div>
   <div class='ocr_carea' id='block_1_110' title="bbox 1837 4702 3412 4770">
    <p class='ocr_par' dir='ltr' id='par_1_110' title="bbox 1837 4702 3412 4770">
     <span class='ocr_line' id='line_1_111' title="bbox 1837 4702 3412 4770; baseline 0.001 -17"><span class='ocrx_word' id='word_1_734' title='bbox 1837 4702 1956 4754; x_wconf 89' lang='lat' dir='ltr'><strong>Biu.</strong></span> <span class='ocrx_word' id='word_1_735' title='bbox 2018 4704 2280 4766; x_wconf 84' lang='lat' dir='ltr'><strong>Quamdiu</strong></span> <span class='ocrx_word' id='word_1_736' title='bbox 2322 4705 2376 4757; x_wconf 88' lang='lat' dir='ltr'><strong>in</strong></span> <span class='ocrx_word' id='word_1_737' title='bbox 2435 4705 2530 4756; x_wconf 81' lang='lat' dir='ltr'><strong>hoc</strong></span> <span class='ocrx_word' id='word_1_738' title='bbox 2566 4706 2691 4757; x_wconf 82' lang='lat' dir='ltr'><strong>vitio</strong></span> <span class='ocrx_word' id='word_1_739' title='bbox 2730 4705 2907 4770; x_wconf 79' lang='lat' dir='ltr'><strong>fuerit,</strong></span> <span class='ocrx_word' id='word_1_740' title='bbox 2985 4720 3015 4755; x_wconf 88' lang='lat' dir='ltr'><strong>a</strong></span> <span class='ocrx_word' id='word_1_741' title='bbox 3057 4704 3412 4769; x_wconf 77' lang='lat' dir='ltr'><strong>sacrificando</strong></span> 
     </span>
    </p>
   </div>
   <div class='ocr_carea' id='block_1_111' title="bbox 1834 4772 3408 4842">
    <p class='ocr_par' dir='ltr' id='par_1_111' title="bbox 1834 4772 3408 4842">
     <span class='ocr_line' id='line_1_112' title="bbox 1834 4772 3408 4842; baseline 0.003 -19"><span class='ocrx_word' id='word_1_742' title='bbox 1834 4773 2076 4835; x_wconf 83' lang='lat' dir='ltr'><strong>cessabit,</strong></span> <span class='ocrx_word' id='word_1_743' title='bbox 2117 4775 2244 4827; x_wconf 88' lang='lat' dir='ltr'><strong>ibid.</strong></span> <span class='ocrx_word' id='word_1_744' title='bbox 2277 4789 2397 4842; x_wconf 85' lang='lat' dir='ltr'><strong>cap.</strong></span> <span class='ocrx_word' id='word_1_745' title='bbox 2430 4773 2483 4836; x_wconf 85' lang='lat'><strong>5,</strong></span> <span class='ocrx_word' id='word_1_746' title='bbox 2533 4776 2776 4826; x_wconf 68' lang='lat' dir='ltr'><strong>swaqu</strong></span> <span class='ocrx_word' id='word_1_747' title='bbox 2809 4775 3019 4840; x_wconf 86' lang='grc' dir='ltr'>ἀργεῖν,</span> <span class='ocrx_word' id='word_1_748' title='bbox 3071 4772 3231 4825; x_wconf 81' lang='lat' dir='ltr'><strong>Basil.</strong></span> <span class='ocrx_word' id='word_1_749' title='bbox 3283 4789 3408 4827; x_wconf 88' lang='lat' dir='ltr'><strong>can.</strong></span> 
     </span>
    </p>
   </div>
   <div class='ocr_carea' id='block_1_112' title="bbox 1835 4842 3410 4904">
    <p class='ocr_par' dir='ltr' id='par_1_112' title="bbox 1835 4842 3410 4904">
     <span class='ocr_line' id='line_1_113' title="bbox 1835 4842 3410 4904; baseline 0.001 -11"><span class='ocrx_word' id='word_1_750' title='bbox 1835 4842 1922 4895; x_wconf 84' lang='lat'><strong>69.</strong></span> <span class='ocrx_word' id='word_1_751' title='bbox 1978 4842 2243 4896; x_wconf 66' lang='lat' dir='ltr'><strong>Cmterum</strong></span> <span class='ocrx_word' id='word_1_752' title='bbox 2286 4845 2572 4896; x_wconf 89' lang='lat' dir='ltr'><strong>couciliutn</strong></span> <span class='ocrx_word' id='word_1_753' title='bbox 2631 4844 2990 4896; x_wconf 69' lang='lat' dir='ltr'><strong>Luterauense</strong></span> <span class='ocrx_word' id='word_1_754' title='bbox 3045 4845 3254 4904; x_wconf 87' lang='lat' dir='ltr'><strong>statuit,</strong></span> <span class='ocrx_word' id='word_1_755' title='bbox 3310 4857 3410 4895; x_wconf 90' lang='lat' dir='ltr'><strong>nec</strong></span> 
     </span>
    </p>
   </div>
   <div class='ocr_carea' id='block_1_113' title="bbox 1834 4912 3409 4978">
    <p class='ocr_par' dir='ltr' id='par_1_113' title="bbox 1834 4912 3409 4978">
     <span class='ocr_line' id='line_1_114' title="bbox 1834 4912 3409 4978; baseline 0.001 -16"><span class='ocrx_word' id='word_1_756' title='bbox 1834 4914 2240 4976; x_wconf 84' lang='lat' dir='ltr'><strong>suspensionem</strong></span> <span class='ocrx_word' id='word_1_757' title='bbox 2273 4913 2388 4966; x_wconf 88' lang='lat' dir='ltr'><strong>fieri</strong></span> <span class='ocrx_word' id='word_1_758' title='bbox 2425 4913 2529 4965; x_wconf 85' lang='lat' dir='ltr'><strong>nisi</strong></span> <span class='ocrx_word' id='word_1_759' title='bbox 2565 4914 2813 4965; x_wconf 77' lang='lat' dir='ltr'><strong>canonica</strong></span> <span class='ocrx_word' id='word_1_760' title='bbox 2841 4912 3242 4964; x_wconf 82' lang='lat' dir='ltr'><strong>commonitione</strong></span> <span class='ocrx_word' id='word_1_761' title='bbox 3269 4929 3409 4978; x_wconf 74' lang='lat' dir='ltr'><strong>pra:-</strong></span> 
     </span>
    </p>
   </div>
   <div class='ocr_carea' id='block_1_114' title="bbox 1834 4980 3408 5100">
    <p class='ocr_par' dir='ltr' id='par_1_114' title="bbox 1834 4980 3408 5100">
     <span class='ocr_line' id='line_1_115' title="bbox 1834 4980 3408 5100; baseline 0.001 -69"><span class='ocrx_word' id='word_1_762' title='bbox 1834 4981 2014 5100; x_wconf 57' lang='lat' dir='ltr'><strong>Biissa,</strong></span> <span class='ocrx_word' id='word_1_763' title='bbox 2047 4983 2240 5035; x_wconf 91' lang='lat' dir='ltr'><strong>concil.</strong></span> <span class='ocrx_word' id='word_1_764' title='bbox 2294 4981 2472 5036; x_wconf 89' lang='lat' dir='ltr'><strong>Later.</strong></span> <span class='ocrx_word' id='word_1_765' title='bbox 2527 4985 2581 5047; x_wconf 78' lang='lat'><strong>5,</strong></span> <span class='ocrx_word' id='word_1_766' title='bbox 2624 4998 2672 5035; x_wconf 88' lang='lat' dir='ltr'><strong>c.</strong></span> <span class='ocrx_word' id='word_1_767' title='bbox 2707 4981 2760 5045; x_wconf 83' lang='lat'><strong>6,</strong></span> <span class='ocrx_word' id='word_1_768' title='bbox 2831 4997 2882 5049; x_wconf 92' lang='lat' dir='ltr'><strong>p.</strong></span> <span class='ocrx_word' id='word_1_769' title='bbox 2929 4981 3086 5046; x_wconf 67' lang='lat'><strong>1546,</strong></span> <span class='ocrx_word' id='word_1_770' title='bbox 3146 4991 3276 5034; x_wconf 92' lang='lat' dir='ltr'><strong>tom.</strong></span> <span class='ocrx_word' id='word_1_771' title='bbox 3344 4980 3408 5033; x_wconf 94' lang='lat' dir='ltr'><strong>lll</strong></span> 
     </span>
     <span class='ocr_line' id='line_1_116' title="bbox 1882 5069 1958 5100; baseline 0 0"><span class='ocrx_word' id='word_1_772' title='bbox 1882 5069 1958 5100; x_wconf 80' lang='grc' dir='ltr'><strong>ΙΙΙ.</strong></span> 
     </span>
    </p>
   </div>
   <div class='ocr_carea' id='block_1_115' title="bbox 1905 5116 3408 5186">
    <p class='ocr_par' dir='ltr' id='par_1_115' title="bbox 1905 5116 3408 5186">
     <span class='ocr_line' id='line_1_117' title="bbox 1905 5116 3408 5186; baseline 0.001 -14"><span class='ocrx_word' id='word_1_773' title='bbox 1905 5119 2013 5186; x_wconf 81' lang='grc'><strong>(19)</strong></span> <span class='ocrx_word' id='word_1_774' title='bbox 2053 5119 2158 5171; x_wconf 85' lang='grc' dir='ltr'><strong>Ὣν</strong></span> <span class='ocrx_word' id='word_1_775' title='bbox 2200 5116 2464 5185; x_wconf 74' lang='grc' dir='ltr'>κληρικῷ</span> <span class='ocrx_word' id='word_1_776' title='bbox 2496 5120 2887 5182; x_wconf 80' lang='grc' dir='ltr'>συνεύξηται.</span> <span class='ocrx_word' id='word_1_777' title='bbox 2926 5118 2980 5170; x_wconf 88' lang='lat' dir='ltr'><strong>lu</strong></span> <span class='ocrx_word' id='word_1_778' title='bbox 3015 5121 3294 5185; x_wconf 91' lang='lat' dir='ltr'><strong>impressis</strong></span> <span class='ocrx_word' id='word_1_779' title='bbox 3322 5129 3408 5174; x_wconf 84' lang='lat' dir='ltr'><strong>est</strong></span> 
     </span>
    </p>
   </div>
   <div class='ocr_carea' id='block_1_116' title="bbox 1829 5187 3400 5259">
    <p class='ocr_par' dir='ltr' id='par_1_116' title="bbox 1829 5187 3400 5259">
     <span class='ocr_line' id='line_1_118' title="bbox 1829 5187 3400 5259; baseline -0.001 -17"><span class='ocrx_word' id='word_1_780' title='bbox 1829 5187 1903 5242; x_wconf 86' lang='grc' dir='ltr'>ὣν</span> <span class='ocrx_word' id='word_1_781' title='bbox 1932 5189 2006 5251; x_wconf 84' lang='grc' dir='ltr'><strong>ὡς</strong></span> <span class='ocrx_word' id='word_1_782' title='bbox 2037 5189 2303 5259; x_wconf 79' lang='grc' dir='ltr'>κληρικῴ.</span> <span class='ocrx_word' id='word_1_783' title='bbox 2330 5192 2598 5256; x_wconf 89' lang='lat' dir='ltr'><strong>quomodo</strong></span> <span class='ocrx_word' id='word_1_784' title='bbox 2634 5190 2813 5255; x_wconf 77' lang='lat' dir='ltr'><strong>legunt</strong></span> <span class='ocrx_word' id='word_1_785' title='bbox 2854 5188 2979 5242; x_wconf 82' lang='lat' dir='ltr'><strong>Job.</strong></span> <span class='ocrx_word' id='word_1_786' title='bbox 3007 5189 3400 5252; x_wconf 81' lang='lat' dir='ltr'><strong>Antiocbeuus,</strong></span> 
     </span>
    </p>
   </div>
   <div class='ocr_carea' id='block_1_117' title="bbox 1830 5259 3403 5327">
    <p class='ocr_par' dir='ltr' id='par_1_117' title="bbox 1830 5259 3403 5327">
     <span class='ocr_line' id='line_1_119' title="bbox 1830 5259 3403 5327; baseline 0 -16"><span class='ocrx_word' id='word_1_787' title='bbox 1830 5267 1883 5311; x_wconf 90' lang='lat' dir='ltr'><strong>et</strong></span> <span class='ocrx_word' id='word_1_788' title='bbox 1925 5259 2206 5327; x_wconf 90' lang='lat' dir='ltr'><strong>Dionysius</strong></span> <span class='ocrx_word' id='word_1_789' title='bbox 2268 5259 2532 5327; x_wconf 81' lang='lat' dir='ltr'><strong>Exiguus,</strong></span> <span class='ocrx_word' id='word_1_790' title='bbox 2584 5259 2674 5326; x_wconf 89' lang='lat' dir='ltr'><strong>qui</strong></span> <span class='ocrx_word' id='word_1_791' title='bbox 2731 5268 2899 5309; x_wconf 87' lang='lat' dir='ltr'><strong>totum</strong></span> <span class='ocrx_word' id='word_1_792' title='bbox 2959 5260 3102 5311; x_wconf 86' lang='lat' dir='ltr'><strong>ltuuc</strong></span> <span class='ocrx_word' id='word_1_793' title='bbox 3136 5275 3403 5312; x_wconf 83' lang='lat' dir='ltr'><strong>cauouem</strong></span> 
     </span>
    </p>
   </div>
   <div class='ocr_carea' id='block_1_118' title="bbox 1790 5326 3405 5394">
    <p class='ocr_par' dir='ltr' id='par_1_118' title="bbox 1790 5326 3405 5394">
     <span class='ocr_line' id='line_1_120' title="bbox 1790 5326 3405 5394; baseline 0.005 -19"><span class='ocrx_word' id='word_1_794' title='bbox 1790 5362 1803 5375; x_wconf 87' lang='lat'><strong>.</strong></span> <span class='ocrx_word' id='word_1_795' title='bbox 1829 5328 1907 5380; x_wconf 87' lang='lat' dir='ltr'><strong>sic</strong></span> <span class='ocrx_word' id='word_1_796' title='bbox 1941 5326 2214 5380; x_wconf 87' lang='lat' dir='ltr'><strong>transtulit</strong></span> <span class='ocrx_word' id='word_1_797' title='bbox 2248 5345 2261 5380; x_wconf 92' lang='lat'>:</span> <span class='ocrx_word' id='word_1_798' title='bbox 2299 5326 2356 5380; x_wconf 87' lang='lat' dir='ltr'><strong>Si</strong></span> <span class='ocrx_word' id='word_1_799' title='bbox 2403 5329 2517 5394; x_wconf 85' lang='lat' dir='ltr'><strong>quis</strong></span> <span class='ocrx_word' id='word_1_800' title='bbox 2567 5345 2684 5379; x_wconf 89' lang='lat' dir='ltr'><strong>cum</strong></span> <span class='ocrx_word' id='word_1_801' title='bbox 2718 5329 2965 5379; x_wconf 83' lang='lat' dir='ltr'><strong>damnato</strong></span> <span class='ocrx_word' id='word_1_802' title='bbox 3016 5330 3202 5380; x_wconf 86' lang='lat' dir='ltr'><strong>clerico</strong></span> <span class='ocrx_word' id='word_1_803' title='bbox 3246 5328 3405 5383; x_wconf 73' lang='lat' dir='ltr'><strong>veluti</strong></span> 
     </span>
    </p>
   </div>
   <div class='ocr_carea' id='block_1_119' title="bbox 1829 5395 3403 5461">
    <p class='ocr_par' dir='ltr' id='par_1_119' title="bbox 1829 5395 3403 5461">
     <span class='ocr_line' id='line_1_121' title="bbox 1829 5395 3403 5461; baseline -0.001 -13"><span class='ocrx_word' id='word_1_804' title='bbox 1829 5413 1943 5448; x_wconf 78' lang='lat' dir='ltr'><strong>cum</strong></span> <span class='ocrx_word' id='word_1_805' title='bbox 1974 5395 2160 5449; x_wconf 84' lang='lat' dir='ltr'><strong>clerico</strong></span> <span class='ocrx_word' id='word_1_806' title='bbox 2184 5398 2342 5449; x_wconf 85' lang='lat' dir='ltr'><strong>simul</strong></span> <span class='ocrx_word' id='word_1_807' title='bbox 2375 5399 2622 5458; x_wconf 77' lang='lat' dir='ltr'><strong>oraverit,</strong></span> <span class='ocrx_word' id='word_1_808' title='bbox 2649 5398 2745 5450; x_wconf 86' lang='lat' dir='ltr'><strong>iste</strong></span> <span class='ocrx_word' id='word_1_809' title='bbox 2788 5397 3087 5451; x_wconf 86' lang='lat' dir='ltr'><strong>damnetur.</strong></span> <span class='ocrx_word' id='word_1_810' title='bbox 3154 5398 3216 5449; x_wconf 86' lang='lat' dir='ltr'><strong>Et</strong></span> <span class='ocrx_word' id='word_1_811' title='bbox 3250 5413 3403 5461; x_wconf 82' lang='lat' dir='ltr'><strong>para-</strong></span> 
     </span>
    </p>
   </div>
   <div class='ocr_carea' id='block_1_120' title="bbox 1829 5466 3400 5534">
    <p class='ocr_par' dir='ltr' id='par_1_120' title="bbox 1829 5466 3400 5534">
     <span class='ocr_line' id='line_1_122' title="bbox 1829 5466 3400 5534; baseline -0.001 -18"><span class='ocrx_word' id='word_1_812' title='bbox 1829 5468 2080 5530; x_wconf 84' lang='lat' dir='ltr'><strong>phrastes</strong></span> <span class='ocrx_word' id='word_1_813' title='bbox 2132 5466 2410 5531; x_wconf 81' lang='lat' dir='ltr'><strong>Arabicus,</strong></span> <span class='ocrx_word' id='word_1_814' title='bbox 2447 5467 2533 5532; x_wconf 93' lang='lat' dir='ltr'><strong>qui</strong></span> <span class='ocrx_word' id='word_1_815' title='bbox 2592 5469 2774 5526; x_wconf 84' lang='lat' dir='ltr'><strong>verba,</strong></span> <span class='ocrx_word' id='word_1_816' title='bbox 2825 5468 2897 5528; x_wconf 76' lang='grc' dir='ltr'>ὡς</span> <span class='ocrx_word' id='word_1_817' title='bbox 2932 5466 3177 5534; x_wconf 65' lang='grc' dir='ltr'>κληρικῷ</span> <span class='ocrx_word' id='word_1_818' title='bbox 3211 5467 3400 5517; x_wconf 81' lang='grc' dir='ltr'>συνεύ-</span> 
     </span>
    </p>
   </div>
   <div class='ocr_carea' id='block_1_121' title="bbox 1828 5534 3396 5602">
    <p class='ocr_par' dir='ltr' id='par_1_121' title="bbox 1828 5534 3396 5602">
     <span class='ocr_line' id='line_1_123' title="bbox 1828 5534 3396 5602; baseline 0.002 -17"><span class='ocrx_word' id='word_1_819' title='bbox 1828 5534 1984 5602; x_wconf 67' lang='lat' dir='ltr'><strong>Equi</strong></span> <span class='ocrx_word' id='word_1_820' title='bbox 2043 5537 2201 5588; x_wconf 88' lang='lat' dir='ltr'><strong>vertit</strong></span> <span class='ocrx_word' id='word_1_821' title='bbox 2255 5546 2345 5587; x_wconf 88' lang='lat' dir='ltr'><strong>aut</strong></span> <span class='ocrx_word' id='word_1_822' title='bbox 2379 5546 2621 5599; x_wconf 78' lang='lat' dir='ltr'><strong>precatur</strong></span> <span class='ocrx_word' id='word_1_823' title='bbox 2649 5552 2766 5588; x_wconf 86' lang='lat' dir='ltr'><strong>cum</strong></span> <span class='ocrx_word' id='word_1_824' title='bbox 2789 5552 2868 5597; x_wconf 86' lang='lat' dir='ltr'><strong>eo,</strong></span> <span class='ocrx_word' id='word_1_825' title='bbox 2896 5545 2948 5587; x_wconf 89' lang='lat' dir='ltr'><strong>ut</strong></span> <span class='ocrx_word' id='word_1_826' title='bbox 2984 5549 3228 5602; x_wconf 79' lang='lat' dir='ltr'><strong>precatur</strong></span> <span class='ocrx_word' id='word_1_827' title='bbox 3264 5537 3396 5588; x_wconf 83' lang='lat' dir='ltr'><strong>veris</strong></span> 
     </span>
    </p>
   </div>
   <div class='ocr_carea' id='block_1_122' title="bbox 1826 5605 3399 5673">
    <p class='ocr_par' dir='ltr' id='par_1_122' title="bbox 1826 5605 3399 5673">
     <span class='ocr_line' id='line_1_124' title="bbox 1826 5605 3399 5673; baseline -0.001 -17"><span class='ocrx_word' id='word_1_828' title='bbox 1826 5605 2197 5659; x_wconf 74' lang='lat' dir='ltr'><strong>sacerdotibus.</strong></span> <span class='ocrx_word' id='word_1_829' title='bbox 2228 5606 2505 5658; x_wconf 73' lang='lat' dir='ltr'><strong>Balsamou</strong></span> <span class='ocrx_word' id='word_1_830' title='bbox 2536 5621 2624 5671; x_wconf 83' lang='lat' dir='ltr'><strong>per</strong></span> <span class='ocrx_word' id='word_1_831' title='bbox 2664 5605 3016 5668; x_wconf 79' lang='grc' dir='ltr'>συνεύξασθαι</span> <span class='ocrx_word' id='word_1_832' title='bbox 3068 5606 3152 5657; x_wconf 87' lang='lat' dir='ltr'><strong>bic</strong></span> <span class='ocrx_word' id='word_1_833' title='bbox 3182 5622 3399 5673; x_wconf 71' lang='lat' dir='ltr'><strong>auvzsp-</strong></span> 
     </span>
    </p>
   </div>
   <div class='ocr_carea' id='block_1_123' title="bbox 1826 5675 3398 5744">
    <p class='ocr_par' dir='ltr' id='par_1_123' title="bbox 1826 5675 3398 5744">
     <span class='ocr_line' id='line_1_125' title="bbox 1826 5675 3398 5744; baseline 0.003 -21"><span class='ocrx_word' id='word_1_834' title='bbox 1826 5677 2089 5744; x_wconf 74' lang='grc' dir='ltr'>ουργῆσαι</span> <span class='ocrx_word' id='word_1_835' title='bbox 2124 5691 2151 5726; x_wconf 86' lang='lat' dir='ltr'><strong>a</strong></span> <span class='ocrx_word' id='word_1_836' title='bbox 2188 5675 2458 5727; x_wconf 74' lang='lat' dir='ltr'><strong>ntmnullis</strong></span> <span class='ocrx_word' id='word_1_837' title='bbox 2489 5677 2709 5744; x_wconf 76' lang='lat' dir='ltr'><strong>intelligi</strong></span> <span class='ocrx_word' id='word_1_838' title='bbox 2744 5675 3035 5728; x_wconf 82' lang='lat' dir='ltr'><strong>observat:</strong></span> <span class='ocrx_word' id='word_1_839' title='bbox 3094 5675 3233 5726; x_wconf 87' lang='lat' dir='ltr'><strong>inter</strong></span> <span class='ocrx_word' id='word_1_840' title='bbox 3260 5689 3398 5740; x_wconf 72' lang='lat' dir='ltr'><strong>quos</strong></span> 
     </span>
    </p>
   </div>
   <div class='ocr_carea' id='block_1_124' title="bbox 1828 5743 3393 5814">
    <p class='ocr_par' dir='ltr' id='par_1_124' title="bbox 1828 5743 3393 5814">
     <span class='ocr_line' id='line_1_126' title="bbox 1828 5743 3393 5814; baseline -0.001 -19"><span class='ocrx_word' id='word_1_841' title='bbox 1828 5743 2095 5814; x_wconf 83' lang='lat' dir='ltr'><strong>Zonaram</strong></span> <span class='ocrx_word' id='word_1_842' title='bbox 2135 5745 2535 5814; x_wconf 80' lang='lat' dir='ltr'><strong>etAristenum</strong></span> <span class='ocrx_word' id='word_1_843' title='bbox 2575 5743 2740 5800; x_wconf 75' lang='lat' dir='ltr'><strong>fuisse</strong></span> <span class='ocrx_word' id='word_1_844' title='bbox 2790 5744 3267 5814; x_wconf 83' lang='lat' dir='ltr'><strong>interpretationes</strong></span> <span class='ocrx_word' id='word_1_845' title='bbox 3296 5758 3393 5796; x_wconf 74' lang='lat' dir='ltr'><strong>eo.</strong></span> 
     </span>
    </p>
   </div>
   <div class='ocr_carea' id='block_1_125' title="bbox 1829 5813 2410 5874">
    <p class='ocr_par' dir='ltr' id='par_1_125' title="bbox 1829 5813 2410 5874">
     <span class='ocr_line' id='line_1_127' title="bbox 1829 5813 2410 5874; baseline 0 -8"><span class='ocrx_word' id='word_1_846' title='bbox 1829 5828 1942 5867; x_wconf 85' lang='lat' dir='ltr'><strong>rum</strong></span> <span class='ocrx_word' id='word_1_847' title='bbox 1978 5813 2152 5874; x_wconf 78' lang='lat' dir='ltr'><strong>palam</strong></span> <span class='ocrx_word' id='word_1_848' title='bbox 2181 5813 2410 5868; x_wconf 83' lang='lat' dir='ltr'><strong>faciunt.</strong></span> 
     </span>
    </p>
   </div>
  </div>
