4186 6438
768 360 839 423 63
1987 346 2087 404 ΤΗ
2097 345 2265 404 EOD.
2325 341 2348 398 Ῑ

2446 342 2557 399 ζιΞΛ
2568 339 2721 399 ΜοἺ
3960 331 4026 388 ει

768 471 1103 541 recipiendo,
1131 470 1445 528 et..necdum
1491 466 1764 533 ordinato,
1805 480 1979 533 neque
2018 476 2334 518 excommu—

2446 472 2570 507 κτου
2610 452 2963 521 ἑξεφωνήθη,
3002 449 3093 504 καὶ
3137 450 3304 520 μήπω
3346 448 3849 519 χειροτονηθέντος,
3888 450 4025 518 μηδὲ

769 564 951 617 niCato
981 561 1353 630 promulgatus
1385 567 1468 614 cst
1501 576 1514 614 :
1558 560 1656 613 sed
1689 573 1797 627 pra:
1832 574 1927 611 eus
1964 572 2135 610 canon
2166 555 2232 607 de
2261 572 2345 607 or-

766 655 951 705 dinato
979 655 1192 715 statuit,
1228 661 1278 706 et
1303 651 1796 714 excommunicato,
1845 651 1936 719 qui
1971 659 2090 717 post
2115 663 2339 701 escom-

770 743 1189 795 niunieationem
1243 757 1384 809 {egre
1436 741 1614 795 ferens
1672 743 1737 793 ad
1797 741 1959 793 alitnu
2021 755 2077 793 Se
2137 738 2341 791 confert

770 838 1099 904 pontiﬁcem,
1131 838 1497 904 rccipitttrque
1534 837 1601 889 ab
1634 850 1700 890 eo
1728 835 1870 889 illius
1901 832 2341 888 excommunica-

772 927 934 979 tionis
964 927 1171 997 ignaro.
1199 926 1385 981 Canon
1425 927 1587 996 igitur
1620 926 1743 980 talis
1779 925 1927 992 iubet
1960 925 2341 978 excommuni-

769 1035 797 1071 c
818 1019 1032 1072 nionem
1061 1020 1285 1075 inti-udi.

768 1111 995 1167 ARIST.
1078 1112 1181 1176 Qui
1257 1114 1661 1181 segregationem
1721 1128 1871 1166 suam
1934 1115 2205 1174 mentitur,
2263 1122 2343 1166 est

1262 1207 1475 1260 minime
1495 1208 1841 1271 recipiendus.

842 1297 896 1350 Si
933 1299 1054 1366 quis
1085 1312 1111 1349 a
1149 1301 1367 1366 proprio
1407 1299 1657 1367 episcopo
1694 1307 2029 1369 segrt-gatur,
2082 1310 2136 1353 et
2180 1301 2343 1368 proli-

769 1390 979 1443 ciscens
1010 1389 1075 1442 ad
1102 1391 1263 1460 alium
1291 1391 1603 1457 episcopum
1636 1391 1776 1444 celat
1803 1390 2258 1460 segregationem,
2287 1401 2341 1444 et

770 1482 839 1532 ab
872 1497 935 1535 eo
974 1483 1250 1549 recipitur.
1291 1494 1618 1553 aggravetur
1647 1482 1695 1536 ei
1723 1484 2046 1551 segregatio.
2087 1494 2339 1553 tauquam

771 1573 1050 1627 mentienti
1080 1582 1133 1629 et
1165 1575 1453 1643 decipienti
1483 1574 1782 1630 Ecclesium
1814 1575 1927 1630 Dei.

1343 1754 1573 1809 CANON
1615 1754 1757 1808 XIV.

769 1842 1024 1915 Episcopo
1061 1862 1161 1899 non
1200 1846 1374 1909 liceat,
1410 1863 1506 1899 sua
1549 1847 1726 1901 relicta
1751 1848 2023 1913 paroclua,
2070 1863 2135 1900 at!
2171 1846 2337 1900 aliam

839 1940 1128 2002 transilire,
1162 1941 1370 1993 etiamsi
1411 1958 1441 1991 a
1471 1940 1711 2007 pluribus
1743 1953 1982 2009 cogatur,
2015 1940 2116 1993 nisi
2140 1941 2205 1992 δὶι
2237 1941 2340 1992 ali-

836 2047 938 2097 qua
960 2047 1119 2083 causa
1150 2033 1344 2085 rationi
1381 2042 1758 2091 comentmtea.
1785 2048 1900 2103 qua:
1922 2049 2037 2085 eum
2064 2042 2213 2100 cogat
2242 2035 2340 2085 hoc

837 2123 1023 2190 facere,
1059 2134 1232 2189 utpote
1256 2139 1372 2175 cum
1398 2124 1555 2192 possit
1584 2125 1690 2188 ipse
1720 2130 1895 2191 majus
1919 2130 2127 2177 lucrum
2162 2126 2225 2176 iis
2251 2126 2341 2193 qui

837 2215 946 2267 illic
975 2215 1211 2269 habitant
1236 2215 1450 2283 pietatis
1486 2214 1635 2267 verbo
1668 2216 1943 2281 conferre;
1977 2217 2130 2284 idque
2154 2231 2253 2269 non
2278 2232 2342 2269 ea:

839 2321 911 2367 se,
948 2306 1036 2358 sed
1062 2304 1344 2359 nmltorum
1381 2307 1741 2374 episcoporum
1775 2305 1982 2375 judicio
2018 2316 2065 2359 et
2110 2306 2340 2359 maxima

834 2397 1208 2451 exhortatione.

845 2581 1035 2639 BALS.
1065 2584 1312 2638 Praesens
1342 2582 1557 2651 quidem
1601 2598 1772 2637 canon
1826 2582 2182 2638 H‘decernit
2234 2598 2340 2637 non

768 2675 932 2730 licere
961 2677 1211 2745 episcopo
1239 2692 1306 2729 ex
1334 2692 1428 2730 sua
1462 2675 1714 2744 parochia
1753 2676 1818 2729 ad
1851 2676 2011 2731 aliam
2045 2675 2339 2741 transilire,

769 2771 932 2822 etiam
980 2770 1022 2822 si
1058 2768 1233 2838 populi
1274 2768 1522 2823 utilitatis
1571 2768 1739 2837 gratia
1778 2769 1879 2823 hoc
1925 2766 2145 2833 fecerit,
2181 2779 2234 2823 et
2274 2769 2342 2822 ab

768 2857 957 2911 alienae
986 2858 1216 2925 regionis
1247 2858 1443 2927 pontth
1476 2860 1541 2911 ad
1574 2859 1673 2912 boc
1704 2869 1950 2928 cogatur,
1981 2859 2084 2913 nisi
2126 2860 2229 2912 hoc
2275 2873 2340 2911 ex

770 2950 1010 3019 synodali
1071 2950 1429 3016 permissione
1460 2949 1666 3006 fecerit.
1705 2952 1767 3005 16
1800 2962 1978 3007 autem
2025 2967 2196 3005 canon
2234 2952 2343 3003 An-

769 3042 1037 3096 tiochenaz
1080 3057 1204 3112 syn.
1234 3043 1382 3109 dicit,
1415 3058 1536 3098 eum
1576 3045 1949 3114 rejiciendnm,
2006 3046 2096 3114 qui
2138 3044 2344 3113 absque

770 3134 1011 3204 synodali
1048 3134 1316 3189 sententia
1350 3146 1629 3190 vacantem
1656 3138 1943 3193 ecclesiam
1976 3137 2223 3206 arripuit.
2261 3133 2341 3188 Tu

772 3237 949 3281 autem
977 3227 1119 3282 scias
1144 3269 1159 3292 ,
1195 3227 1335 3296 quod
1366 3225 1492 3282 licet
1524 3242 1761 3296 prresens
1796 3227 1860 3281 14
1901 3244 2072 3284 canon
2106 3225 2339 3296 apostol.

772 3336 880 3375 non
922 3321 1074 3389 punit
1113 3335 1236 3375 eum
1288 3319 1379 3389 qui
1432 3320 1587 3375 docet
1624 3330 1775 3375 extra
1814 3335 1967 3376 suam
2016 3319 2298 3374 dioecesim
2325 3358 2341 3382 ,

770 3412 861 3467 alii
891 3422 1065 3467 tamen
1101 3411 1298 3465 diversi
1331 3425 1567 3465 canones
1598 3425 1712 3476 eos,
1753 3410 1843 3479 qui
1879 3421 2031 3464 extra
2063 3409 2342 3464 diceeesim

769 3506 973 3576 aliquid
1007 3506 1341 3561 sacerdotale
1366 3515 1647 3571 exercent,
1673 3504 1995 3572 depositioni
2021 3503 2341 3572 subjiciunt.

770 3602 1151 3657 Cltaracterem
1210 3612 1391 3655 autem
1450 3600 1580 3654 dare
1610 3607 1763 3653 extra
1818 3596 2132 3658 dimcesim,
2189 3598 2347 3668 jussu

774 3694 1128 3758 imperatorio
1160 3693 1485 3761 permissum
1526 3699 1630 3744 est.
1661 3689 1891 3755 Quidam
1926 3697 2103 3741 autem
2141 3698 2347 3743 metro-

771 3784 1062 3854 pulitatius,
1111 3783 1201 3851 qui
1258 3782 1309 3835 in
1356 3780 1728 3849 compluribus
1782 3778 1897 3833 suis
1945 3780 2348 3848 episcopalibus

771 3885 965 3944 praeter
994 3873 1372 3943 episcoporum
1407 3872 1736 3924 voluntatem
1777 3870 2055 3933 docuerat,
2095 3879 2148 3924 et
2174 3884 2340 3924 accu-

771 3968 1014 4029 sabatur,
1044 3964 1403 4034 respondebat
1432 3964 1639 4025 dicens,
1669 3962 1871 4031 justum
1905 3977 2010 4016 non
2041 3976 2161 4015 esse
2195 3970 2253 4014 ut
2281 3976 2346 4016 ex

771 4075 837 4113 eo
867 4060 1178 4120 laederetur,
1213 4057 1355 4126 quod
1400 4066 1454 4109 et
1500 4056 1850 4123 episcopatus
1877 4054 1989 4109 sint
2034 4055 2085 4108 iu
2119 4069 2213 4108 sua
2248 4067 2347 4120 po-

772 4158 989 4214 tesiale,
1021 4158 1075 4203 et
1099 4148 1241 4218 quod
1278 4157 1517 4215 praesens
1547 4158 1721 4198 canon
1753 4143 1800 4196 ei
1845 4156 2061 4210 postiam
2092 4158 2201 4198 non
2254 4143 2350 4197 iut-

772 4254 960 4314 ponat,
998 4253 1047 4295 et
1085 4239 1358 4309 quodnon
1390 4239 1461 4291 sit
1507 4237 1646 4291 forte
1684 4250 1878 4289 munus
1903 4235 2207 4305 episcopale
2250 4236 2352 4290 do-

772 4346 918 4395 cere,
969 4333 1048 4385 vel
1098 4330 1228 4383 dare
1266 4328 1668 4391 characterem;
1699 4340 1819 4394 qua:
1864 4326 2083 4394 quidem
2133 4341 2345 4396 magnze

775 4425 981 4494 synodo
1019 4438 1121 4477 non
1175 4420 1517 4491 placuerunt.
1560 4417 1697 4472 Nota
1730 4433 1858 4488 ergo
1885 4433 2005 4487 qute
2051 4418 2102 4471 in
2150 4417 2253 4472 hoc
2283 4419 2350 4473 Η
2382 4460 2426 4516 D

776 4531 989 4574 canone
1034 4524 1158 4571 sunt
1208 4513 1435 4581 scripta,
1485 4521 1743 4581 praeterea
1781 4526 1928 4576 vero,
1962 4527 2080 4579 qua;
2114 4513 2164 4565 in
2200 4527 2350 4567 com-

781 4607 1048 4662 mentario
1076 4606 1126 4660 iu
1158 4604 1229 4659 20
1253 4619 1462 4659 canone
1494 4604 1683 4674 synodi
1734 4603 1785 4657 in
1817 4602 2002 4658 Trullo
2045 4603 2173 4657 alibi
2229 4612 2356 4657 sunt
2452 4581 2625 4652 παρόν

776 4711 1057 4765 annotata,
1094 4700 1160 4753 de
1184 4713 1249 4752 eo
1277 4698 1530 4767 episcopo
1570 4696 1661 4765 qui
1700 4705 1851 4749 extra
1888 4695 2087 4749 limites
2125 4712 2235 4751 sua:
2268 4713 2353 4751 rc-

773 4789 950 4859 gionis
979 4787 1245 4852 docuerit,
1278 4800 1440 4856 atque
1471 4794 1762 4840 utrumuue
1797 4800 2061 4841 canonem
2094 4786 2349 4843 concilia.

1259 5056 1439 5109 Altera
1476 5054 1865 5123 interpretatio.

852 5152 928 5207 Ex
973 5152 1072 5207 hoc
1103 5149 1352 5222 praesenti
1388 5147 1453 5201 14
1496 5160 1703 5200 canone
1748 5144 2171 5215 deprehenditur
2213 5147 2355 5215 quod

776 5257 952 5303 astuta
994 5242 1237 5314 episcopi
1288 5240 1513 5309 alicujus
1561 5238 1627 5293 de
1676 5238 1913 5307 parmcia
1959 5238 2010 5292 in
2057 5240 2353 5307 parceciatu

774 5342 1025 5399 transitio
1048 5331 1775 5393 condemnatur.Translatio
1798 5341 1975 5385 autem
2011 5332 2150 5386 bona
2176 5333 2351 5400 gratia

771 5432 979 5506 justam
1018 5430 1086 5485 ob
1116 5442 1334 5483 causam
1390 5438 1640 5494 magnam
1682 5431 1736 5478 et
1782 5424 1849 5477 ad
1891 5422 2144 5491 pietatem
2186 5421 2356 5476 stabi-

2444 546 2832 615 ἀφορισθέντος
2853 558 2867 573 ⁸
2900 546 2926 596 ό
2958 543 3013 595 δὲ
3050 542 3239 612 παρὼν
3270 540 3450 595 κανὼν
3484 543 3609 611 περὶ
3642 558 4025 612 κεχειροτονηο

2448 637 2609 707 μένου
2655 635 2989 688 διατάττεται
3034 636 3129 687 καὶ
3171 634 3577 703 ἀφωρισμένον,
3618 632 3697 697 ὃς,
3750 635 3887 701 μετὰ
3940 636 4026 683 τὶν

2444 728 2749 796 ἁφορισμὸν
2780 727 3252 795 ἁποδυσπετήσας,
3286 726 3458 793 ἑτέρῳ
3495 723 3798 794 προσῆλθεν
3833 726 4026 793 ἀρχιε-

2445 821 2549 888 ρεῖ,
2578 821 2668 869 καὶ
2697 817 2888 885 ἐδέχθη
2919 816 3049 885 παρ’
3074 816 3284 868 ἐκείνου
3313 815 3404 866 τὸν
3432 814 3737 884 άφορισμδν
3766 812 4026 879 ἀγνοούν-

2441 928 2531 972 τος
2553 927 2565 941 ⁸
2595 912 2688 965 τοῦ
2717 909 2847 978 γοῦν
2873 908 3113 962 τοιούτου
3145 906 3511 961 ἐπιτείνεσθαι
3543 904 3755 959 κελεύει
3782 907 3811 959 ό
3839 902 4024 957 κανὼν

2440 1001 2535 1053 τὸν
2564 1001 2884 1071 ἁφορισμόν.

2441 1093 2663 1145 ΑΡΙΣΤ.
2731 1092 2785 1145 '0
2825 1093 2931 1146 τόν
2968 1090 3307 1162 ἀφορισμὸν
3348 1084 3738 1158 ψευσάμενος
3780 1083 4031 1139 adsud-

3134 1201 3332 1249 τατος.

2515 1278 2581 1329 Εἴ
2618 1296 2702 1341 τις
2745 1277 2898 1347 παρὰ
2932 1277 3026 1330 τοῦ
3071 1277 3204 1330 ἰδίου
3248 1276 3548 1330 ἐπισκόπου
3590 1274 3884 1344 ἀφορισθῇ,
3928 1272 4027 1324 καὶ

2441 1366 2690 1418 ἀπελθὼν
2714 1369 2793 1429 είς
2819 1367 3009 1436 ἓτερον
3034 1367 3331 1420 ἐπίσκοπον
3354 1364 3553 1434 κρύψει
3574 1363 3665 1417 τὸν
3689 1361 4023 1430 άιξορισμὸν,

2440 1458 2535 1509 καὶ
2568 1460 2695 1528 παρ’
2720 1458 2930 1511 ἐκείνου
2962 1459 3317 1529 προσδεχθείη
3340 1498 3354 1519 ,
3389 1454 3745 1509 ὲπιτεινέσθω
3772 1455 3800 1507 ό
3826 1455 4026 1523 ἀφορι-

2442 1548 2576 1618 σμὸς
2607 1550 2777 1619 αύτῷ,
2809 1550 2883 1613 ὡς
2912 1549 3240 1621 ψευσαμένῳ
3268 1549 3363 1602 καὶ
3390 1550 3735 1620 ἀπατήσαντι
3760 1547 3860 1618 τὴν
3888 1549 4022 1601 Ἐκ·-

2440 1641 2668 1713 κλησίαν
2694 1643 2789 1696 τοῦ
2818 1644 2975 1698 Θεοῦ.

3040 1734 3280 1788 ΚᾹΝΩΝ
3314 1733 3413 1788 ὶΔθ.

2453 1828 2826 1883 Ἐπίσκοπον
2850 1827 2937 1897 μὴ
2972 1827 3222 1892 ἐξεῖναι,
3254 1826 3705 1893 καταλείψαντα
3737 1823 3849 1892 τὴν
3878 1825 4024 1877 ἐαυ-

2511 1920 2616 1974 τοῦ
2643 1921 2982 1986 παροικίαν,
3008 1919 3175 1986 ἑτέρᾳ
3200 1917 3522 1986 ἐπιπηδᾷν,
3550 1917 3665 1970 κᾶν
3686 1916 3805 1971 ὑπὸ
3830 1916 4031 1969 πλειό-

2511 2030 2633 2067 νων
2665 2013 3063 2081 ἀναγκάζηται
3084 2051 3100 2078 ,
3144 2014 3194 2065 εἰ
3227 2011 3311 2080 μή
3347 2029 3437 2075 τις
3472 2010 3725 2077 εὔλογος
3760 2010 3922 2061 αιτία
3956 2003 4024 2078 ᾖ,

2511 2105 2691 2158 τοῦτο
2734 2105 3062 2173 βιαζομένῃ
3110 2106 3300 2157 αὐτὸν
3341 2102 3558 2162 ποιεῖν.
3604 2102 3684 2166 ὡς
3735 2100 3930 2154 πλέον
3976 2117 4030 2153 τι

2512 2195 2725 2262 κέρδος
2757 2196 3101 2263 δυναμένου
3138 2193 3324 2248 αὐτοῦ
3354 2194 3482 2258 τοῖς
3512 2192 3711 2246 ἐκεῖσε
3741 2192 3901 2259 λόγῳ
3934 2192 4033 2244 εἰ·-

2510 2290 2752 2353 σεὸείας
2788 2287 3251 2355 συμϐάλλεσθαι
3275 2303 3289 2318 ο
3327 2285 3430 2342 καὶ
3462 2285 3638 2339 τοῦτο
3671 2283 3741 2337 δὲ
3772 2286 3885 2337 οὐκ
3926 2282 4032 2351 ἀρ’

2510 2378 2750 2443 ἑαυτοῦ,
2794 2376 2956 2431 ἀλλὰ
3002 2377 3193 2443 κρίσει
3241 2373 3493 2429 πολλῶν
3529 2373 3883 2427 ἐπισκόπων
3926 2370 4027 2426 καί

2511 2469 2893 2537 παρακλήσει
2921 2469 3200 2537 μεγίστῃ.

2515 2563 2712 2615 ΒΛΛΣ.
2756 2559 2814 2614 '0
2865 2561 2963 2629 μὲν
3012 2560 3205 2629 παρὼν
3268 2558 3331 2611 ιδ’
3376 2557 3559 2612 κανὼν
3599 2557 3896 2629 διορίζεται
3949 2556 4027 2627 μὴ

2441 2656 2586 2727 ἔχειν
2614 2655 2700 2709 ἐπ’
2730 2653 2913 2717 ἀδείας
2943 2651 3242 2705 ἐπίσκοπον
3273 2653 3336 2704 ὲκ
3361 2651 3458 2721 τῆς
3489 2650 3687 2703 ἑαυτοῦ
3729 2649 4027 2720 παροικίας

2441 2749 2523 2811 είς
2555 2747 2748 2816 ἑτέραν
2778 2743 3071 2814 ὲπιπηδᾷν,
3104 2742 3206 2795 κᾶν
3230 2740 3499 2809 ὠφελείας
3547 2740 3708 2809 χάριν
3747 2739 3843 2791 τοῦ
3887 2739 4027 2791 λαου

2441 2840 2599 2893 τοῦτο
2640 2840 2792 2908 ποιῇ.
2853 2836 2959 2889 κᾶν
3003 2835 3110 2887 ὑπὸ
3155 2832 3246 2886 τοῦ
3294 2832 3537 2902 πλήθους
3581 2833 3684 2901 τῆς
3731 2831 4029 2901 ἀλλοτρίας

2442 2929 2657 2995 ὲνορίας
2698 2929 2775 2990 είς
2808 2925 2968 2979 τοῦτο
3004 2923 3380 2993 παραϐιασθῇ,
3414 2921 3462 2973 εί
3510 2921 3584 2991 μὴ
3610 2920 3862 2989 συνοδικῇ
3900 2921 4031 2972 ἑπι-

2442 3020 2617 3090 τροπῇ
2646 3017 2804 3070 τοῦτο
2835 3018 3084 3084 ποιήσει’
3126 3014 3155 3066 ό
3200 3013 3259 3066 δὲ
3314 3009 3389 3076 ις’
3436 3011 3618 3065 κανὼν
3648 3010 3747 3081 τῆς
3798 3011 3858 3064 ὲν
3904 3010 4033 3063 Ἀνο

2371 3128 2415 3186 c
2445 3109 2657 3181 τιοχείᾳ
2705 3107 2947 3171 συνόδου,
2997 3104 3305 3174 ἀπόϐλητον
3356 3099 3494 3156 εἶναι
3534 3102 3681 3169 λέγει
3741 3102 3834 3154 τὸν
3889 3103 4024 3155 ἄνευ

2449 3201 2734 3272 συνοδικῆς
2762 3199 2991 3268 γνώμης
3053 3195 3457 3266 ὑφαρπάσαντα
3506 3194 3877 3264 σχολάζουσαν
3930 3198 4031 3247 ὲκ-

2447 3294 2698 3365 κλησίαν.
2762 3293 2836 3346 Σὺ
2892 3291 2948 3344 δὲ
3007 3288 3118 3342 ἴσθι
3167 3289 3266 3349 ὅτι,
3305 3287 3411 3341 κᾶν
3438 3288 3467 3339 ό
3512 3283 3706 3354 παρὼν
3741 3284 3805 3337 ιδ’
3844 3285 4031 3337 κανὼν

2446 3385 2804 3446 ἀποστολικδς
2832 3383 2892 3437 οὐ
2920 3381 3142 3446 κολάζει
3166 3381 3258 3433 τὸν
3291 3378 3424 3449 παρ’
3447 3377 3661 3447 ὲνορίαν
3678 3377 4027 3441 διδάσκοντα,

2447 3479 2562 3533 ἀλλ’
2589 3478 2767 3548 ἕτεροι
2800 3475 3051 3546 διάφοροι
3081 3473 3306 3536 κανόνες
3333 3472 3459 3534 τοὺς
3485 3472 3619 3541 παρ’
3653 3469 3873 3539 ἑνορίαν
3906 3470 4037 3525 ἑπι-

2450 3568 2716 3625 σκοπικόν
2771 3585 2824 3621 τι
2863 3566 3276 3635 ὲνεργήσαντας
3304 3562 3626 3633 καθαιρέσει
3678 3562 4035 3617 καθυποϐάλι

2449 3665 2625 3718 λουσι.
2671 3663 2745 3715 Τὸ
2786 3661 2843 3715 δὲ
2906 3679 2925 3712 ι
2974 3657 3104 3728 παρ’
3139 3657 3355 3726 ὲνορίαν
3394 3675 3414 3708 ι
3474 3652 3841 3738 σημειοῦσθαι
3887 3657 4033 3711 κατὰ

2449 3754 2753 3828 πρόσταξιν
2792 3752 3083 3824 βασιλικὴν
3132 3748 3541 3821 ὲκκεχώρηται.
3606 3745 4033 3819 Μητροπολίτης

2447 3851 2507 3905 δέ
2535 3867 2619 3914 τις
2658 3849 2739 3911 είς
2778 3844 3084 3909 ἑπισκοπὰς
3109 3842 3276 3897 αὐτοῦ
3304 3840 3841 3911 διαφόρουςδιδάξας
3874 3840 4029 3910 παρὰ

2449 3941 2675 4011 γνώμην
2699 3938 2809 3992 τῶν
2836 3937 3177 4002 ἐπισκόπων,
3217 3934 3315 3987 καὶ
3337 3931 3686 4001 αἰτιώμενος,
3722 3930 4031 3984 ἐδικαιολοο

2448 4032 2599 4098 γεῖτο
2640 4028 2714 4099 μὴ
2748 4026 2987 4096 ὀφείλειν
3030 4021 3453 4094 παραϐλαὸῆναι
3483 4018 3573 4074 διά
3594 4036 3654 4072 τε
3683 4020 3746 4073 τὸ
3779 4020 3887 4072 ὑπὸ
3926 4019 4031 4090 τὴν

2449 4122 2700 4187 ἐξουσίαν
2724 4118 2885 4174 αὑτοῦ
2917 4116 3057 4174 εἶναι
3096 4118 3195 4180 τὰς
3228 4114 3559 4179 ἑπισκοπάς,
3604 4114 3692 4169 διά
3740 4131 3800 4167 τε
3848 4114 3911 4168 τὸ
3955 4115 4034 4184 μὴ

2450 4214 2758 4284 ἐπάγεσθαι
2808 4212 3033 4267 κόλασιν
3092 4210 3199 4264 ὑπὸ
3234 4208 3329 4262 τοῦ
3372 4207 3642 4279 παρόντος
3693 4206 3924 4270 κανόνος
3952 4206 4034 4276 τῷ

2452 4304 2699 4374 τοιούτῳ,
2737 4305 2830 4358 καὶ
2860 4302 2948 4355 διά
2976 4301 3037 4354 τὸ
3064 4301 3139 4370 μὴ
3167 4295 3307 4354 εἶναι
3337 4299 3479 4367 τάχα
3519 4298 3887 4350 ἐπισκοπικδν
3916 4298 4036 4351 λει-

2453 4396 2741 4466 τούργημα
2766 4394 2827 4447 τὸ
2852 4391 3066 4457 διδάξαι
3092 4390 3126 4460 ἢ
3150 4385 3593 4459 σημειώσασθαι,
3624 4387 3769 4456 ἆπερ
3796 4390 3867 4458 τῇ
3934 4405 4033 4456 με·

2456 4490 2598 4559 γάλῃ
2630 4486 2830 4556 συνόδῳ
2859 4485 2960 4539 οὐκ
2983 4484 3243 4554 ήρεσκον.
3268 4478 3583 4550 Σημείωσαι
3613 4472 3708 4531 οὖν
3760 4478 3829 4531 τὰ
3862 4479 3920 4531 ὲν
3950 4478 4032 4548 τῷ

2630 4597 2679 4632 τι
2713 4576 2771 4632 ιδ’
2805 4575 2993 4631 κανόνι
3022 4572 3308 4644 γραφέντα
3333 4587 3347 4602 ·
3389 4569 3527 4641 πρὸς
3555 4569 3613 4623 δὲ
3644 4569 3830 4623 καὶτὰ
3873 4571 3931 4623 ἐν
3951 4571 4033 4641 τῷ

2451 4680 2499 4727 κ’
2529 4672 2714 4726 κανόνι
2750 4671 2849 4740 τῆς
2892 4672 2949 4722 ἐν
2997 4666 3075 4737 τῷ
3105 4664 3361 4736 Τρούλ).ῳ
3418 4662 3662 4727 συνόδου,
3700 4661 3904 4728 ἔξωθεν
3934 4665 4035 4735 ἑρο

2456 4764 2797 4837 μηνευθέντα
2826 4762 2958 4832 περὶ
3014 4758 3108 4814 τοῦ
3138 4756 3449 4821 διδάξαντος
3485 4754 3784 4808 ἐπισκόπου
3810 4755 3892 4817 είς
3933 4756 4037 4808 ἀλ-

2452 4856 2675 4928 λοτρίαν
2712 4852 2951 4923 ὲνορίαν,
2982 4850 3079 4905 καὶ
3123 4847 3465 4919 συμϐίόασον
3499 4844 3670 4915 ἄμφω
3698 4846 3824 4909 τοὺς
3873 4847 4036 4899 κανό-

2460 4973 2580 5018 νας.

2893 5038 2958 5092 Ἐ
2964 5036 3099 5106 τέρα
3136 5033 3414 5103 ἑρμηνεία
3450 5030 3587 5103 (25).

2543 5138 2678 5193 ’Δπδ
2721 5134 2817 5188 τοῦ
2845 5130 3116 5199 παρόντος
3156 5124 3217 5179 ιδ’
3260 5124 3488 5186 κανόνος
3540 5120 4039 5191 καταλαμϐάνεται

2458 5233 2542 5287 ὅτι
2572 5231 2605 5301 ἡ
2634 5228 2734 5299 μὲν
2768 5216 3147 5291 κακεντρεχὴς
3195 5214 3531 5284 ὲπιπήδησις
3578 5211 3686 5264 ἀπὸ
3739 5213 4043 5280 παροικὲας

2461 5327 2540 5387 είς
2558 5318 2852 5393 παροικίαν
2885 5310 3185 5367 ἐπισκόπου
3226 5305 3371 5369 τινὸς
3404 5302 3799 5393 κατακρίνεται
3824 5319 3838 5333 ·
3882 5305 3915 5374 ἡ
3982 5304 4041 5356 δὲ

2463 5391 2728 5488 γινομένη
2757 5404 3048 5480 μετάθεσις
3076 5399 3262 5470 χάριτι
3302 5395 3481 5465 ἀγαθῇ
3508 5394 3573 5446 δι’
3607 5391 3826 5461 εὔλογον
3864 5393 4050 5462 μεγά-

2024 5537 2193 5602 Guil.
2240 5530 2563 5610 Beveregii
2615 5531 2803 5587 notua.

852 5653 969 5725 (εδ)
1003 5651 1201 5719 Ἑτέρα
1229 5649 1533 5725 ἑρμηνεία.
1556 5645 1747 5725 Totam
1782 5643 1921 5724 lianc
1950 5642 2175 5725 alteram
2203 5641 2359 5725 bnjus

778 5713 1006 5783 canonis
1088 5713 1594 5787 interpr-ltatinnem
1669 5716 1720 5768 in
1782 5713 2357 5787 itnpress‘is‘anteltac

780 5780 1174 5861 d~:.~idcratatn,
1207 5780 1308 5849 ms.
1346 5789 1644 5847 Bodleiano
1676 5780 1953 5855 acceptam
2004 5782 2249 5841 ferimus.
2299 5780 2355 5836 lu

2467 5609 2654 5689 codice
2689 5635 2891 5690 autem,
2925 5635 3086 5692 quem
3109 5615 3408 5692 Gentianus
3436 5613 3705 5692 Hervptus
3741 5609 4041 5690 transtulit.

2501 5683 2662 5759 actiui
2691 5683 2963 5763 descripta
3018 5690 3153 5763 fuit;
3200 5687 3342 5763 unde
3384 5695 3437 5737 et
3471 5683 3652 5763 latina
3707 5683 3827 5763 ejus
3862 5683 4048 5737 rcrsio

2463 5754 2605 5835 line}
2638 5754 3012 5841 supplementa
3050 5759 3116 5816 ad
3151 5757 3360 5829 priores
3384 5754 3600 5812 codices
3624 5758 3823 5808 exstat.
