4186 6438
143 410 213 471 (‘0
1426 405 1505 463 ΙΝ
1548 402 1716 463 CAN.
1737 404 2139 464 XVIIAI’OST
3336 404 3405 468 70

144 518 464 589 παρυικίαν,
502 517 597 571 καὶ
628 517 763 587 πρὸς
797 516 993 587 ἑτέραν
1024 514 1295 576 ἀπελθὼν,
1336 516 1430 567 καὶ
1475 514 1550 585 μὴ
1587 514 1723 566 ὑπο-

1836 526 2022 579 quens,
2058 524 2109 568 et
2139 517 2203 568 ad
2241 515 2469 569 alienam
2506 509 2853 579 proﬁciscens
2879 553 2893 577 ,
2940 521 2990 567 el
3030 528 3137 567 non
3188 515 3403 571 rediens

143 610 407 679 στρέψας.
435 609 530 662 καὶ
558 608 732 661 ταῦτα
772 609 924 678 παρὰ
948 606 1038 660 τοῦ
1078 609 1210 660 ίδίου
1255 607 1733 676 προσκαλούμενος

140 701 471 765 ἐπισκόπου,
507 700 707 771 μηκέτι
738 699 1142 768 λειτουργείτω.
1178 700 1239 751 Ei
1269 700 1324 752 δὲ
1354 702 1446 753 καὶ
1482 701 1733 768 ἐπιμένει

140 796 205 862 τῇ
243 792 446 863 ἀταξία
486 794 681 864 ταύτῃ,
711 790 1123 862 καθαιρείσθωο
1169 792 1243 853 ὠς
1299 792 1488 853 λαῖκὸς
1549 792 1732 861 μέντοι

141 885 321 937 ἐκεῖσε
379 885 731 939 κοινωνείτω.
797 884 910 938 Καὶ
956 882 1110 953 ζήτει
1160 882 1259 951 τῆς
1320 884 1377 936 ἐν
1435 883 1733 955 Ἀντιοχείᾳ

140 977 368 1028 συνόδου
400 978 602 1030 κανόνα
631 977 839 1047 τρίτον.

742 1069 1131 1135 κΑΝοΝιπκ

140 1154 206 1208 Et
232 1156 304 1208 δὲ
339 1160 373 1211 ὁ
392 1158 727 1223 ἐπίσκοπος
767 1158 904 1224 παρ’
928 1152 976 1225 ᾧ
1002 1156 1434 1226 τυγχάνουσιν.
1464 1156 1601 1223 παρ’
1627 1157 1732 1208 οὺ-

206 1248 320 1301 δὲν
352 1249 759 1317 λογισάμενος
781 1248 898 1315 τὴν
959 1248 1087 1302 κατ’
1145 1248 1345 1303 αὐτῶν
1382 1247 1733 1314 ὁρισθεῖσαν

204 1340 452 1406 ἀρτίαν,
486 1340 730 1407 δέξηται
753 1342 978 1405 αὐτοὺς
1020 1342 1102 1405 ὠς
1142 1339 1492 1409 κληρωτοὺς,
1523 1340 1731 1408 ἀφορι·

207 1431 403 1492 (eaeo
438 1433 520 1493 ὡς
539 1431 912 1498 διδάσκαλος
936 1432 1209 1497 ἀταξίας.

203 1524 416 1580 ΒΑΛΣ.
468 1526 610 1594 Ὅρα
649 1524 730 1577 ὅτι
790 1527 817 1578 ὁ
869 1524 1061 1593 παρὼν
1101 1522 1285 1577 κανὼν
1338 1523 1591 1595 ἀφορίζει
1640 1523 1729 1577 τὸν

132 1614 441 1669 ἐπίσκοπον
486 1617 579 1669 τὸν
630 1616 1121 1686 συναριθμήσαντα
1165 1614 1243 1685 τῷ
1297 1616 1485 1685 οἰκείῳ
1538 1616 1728 1686 κλήρῳ

132 1704 335 1773 ἑτέρας
369 1703 589 1774 ἐνορίας
623 1704 886 1774 κληρικὺν
923 1705 1053 1757 ἄνευ
1097 1704 1435 1773 ἀπολυτικῆς
1506 1706 1729 1775 γραφῆς

132 1794 227 1846 τοῦ
259 1795 470 1846 οἰκείου
494 1795 823 1848 ἐπισκόπου.
849 1794 1026 1856 Μόνος
1052 1794 1108 1847 δὲ
1155 1796 1182 1848 ὁ
1216 1795 1513 1857 ἐπίσκοπος
1573 1796 1726 1864 Καρ-

128 1884 377 1952 οαγένης
409 1884 634 1938 δύναται
696 1885 1127 1953 συγκαταλέγειν
1163 1885 1243 1954 τῷ
1294 1886 1480 1955 οἰκείῳ
1541 1886 1728 1956 κλήρῳ

128 1976 344 2046 ἐτέρων
378 1977 603 2045 ἐνορῶν
670 1977 990 2046 κληρικοὺς,
1040 1977 1133 2029 καὶ
1172 1978 1342 2046 χωρὶς
1393 1977 1727 2046 ἀπολυτικῆς

127 2068 361 2135 γραφῆς
381 2067 488 2117 τῶν
514 2066 1018 2136 χειροτονησάιτων
1040 2066 1261 2127 αὐτούς.
1311 2066 1419 2119 Καὶ
1472 2067 1727 2137 εὑρήσεις

126 2157 294 2209 τοῦτο
326 2159 411 2220 είς
443 2159 571 2219 τοὺς
598 2158 831 2219 κανόνας
859 2156 961 2227 τῆς
1000 2159 1059 2211 ἐν
1107 2157 1439 2228 Καρθαγένῃ
1478 2158 1721 2212 συνόδου.

128 2247 302 2301 ’Δλλὰ
325 2250 423 2302 καὶ
461 2250 489 2301 ὁ
523 2249 1158 2312 Κωνσταντινουπόλεως
1188 2250 1726 2318 άρχιεπίσκοποςέπ’

124 2344 383 2411 ἔξουσίας
435 2346 548 2412 ἐΑει
602 2344 924 2414 παρομοίως
980 2347 1177 2397 ποιεῖν.
1237 2346 1375 2414 Φησὶ
1436 2346 1544 2413 γὰρ
1590 2347 1624 2412 ἡ
1675 2350 1724 2412 γ’

122 2438 302 2507 νεαρὰ
336 2439 430 2491 τοῦ
461 2440 726 2509 βασιλέως
767 2437 1173 2500 Ἰουστινιανοῦ,
1206 2437 1376 2505 ἤγουν
1414 2437 1475 2487 τὸ
1513 2436 1557 2505 β’
1590 2454 1719 2504 κεῖ).

118 2527 220 2581 τοῦ
262 2530 311 2598 β’
335 2530 520 2582 τίτλου
546 2529 773 2599 (³27)τοῦ
800 2528 847 2598 γ’
879 2528 1087 2599 βιὸλίου
1124 2530 1234 2581 τῶν
1277 2529 1585 2582 Βασιλικῶν
1618 2545 1632 2560 ·
1665 2530 1725 2582 Et

122 2622 240 2693 γὰρ
270 2621 498 2674 ἐπὶτῶν
523 2622 744 2688 εύαγῶν
778 2622 1164 2692 μοναστηρίων
1197 2620 1483 2691 κωλύομεν
1522 2623 1580 2686 ἐξ
1617 2622 1726 2674 ἐτέ-

127 2730 232 2781 ρου
286 2715 657 2784 μοναστηρῗου
721 2715 801 2776 είς
864 2715 1058 2785 ἕτερον
1113 2713 1486 2783 μεταϐαίνειν,
1543 2714 1725 2786 πολὶῷ

127 2804 349 2873 μᾶλλον
400 2804 522 2856 οὐδὲ
590 2806 704 2867 τοῖς
760 2804 1182 2867 εὐλαϐεστάτοις
1230 2805 1511 2875 κὶηρικοϊς
1566 2806 1727 2861 τοῦτο

124 2894 237 2963 ἐφή
252 2910 443 2962 σομεν,
469 2894 695 2963 κέρδους
726 2912 787 2948 τε
820 2896 916 2949 καὶ
960 2896 1233 2966 ἐμπορίας
1272 2896 1549 2963 ἀπόδειξιν
1580 2898 1726 2968 ἔχειν

122 2983 229 3053 τὴν
261 2983 524 3052 τοιαύτην
554 2984 853 3054 ἐπιθυμίαν
879 2986 1199 3055 ἡγούμενοι.
1253 2987 1313 3039 Εί
1342 2986 1401 3039 δὲ
1439 2988 1533 3039 καί
1591 3006 1725 3042 ποτε

122 3075 399 3143 τοιαύτην
451 3076 575 3129 τινὰ
634 3078 971 3146 μετάστασιν
1017 3078 1049 3146 ἡ
1104 3078 1172 3149 σὴ
1221 3079 1562 3149 μακαριότης
1617 3080 1647 3149 ἢ
1691 3081 1723 3150 ἡ

1835 604 2080 670 quamvis
2110 616 2332 659 vocatus
2380 620 2407 657 a
2467 605 2684 673 proprio
2745 604 3036 672 epismpo,
3092 620 3157 657 ne
3214 619 3400 670 postea

1837 698 2129 749 ministret.
2173 698 2229 751 Si
2260 710 2439 753 autem
2471 709 2524 752 et
2557 707 2865 767 perseverat
2894 698 2943 750 in
2988 696 3163 751 isthac
3198 692 3403 751 ordinis

1834 791 2268 853 cunturbatione,
2302 790 2636 860 deponatur;
2668 802 2724 843 ιιι
2749 790 2916 843 laicus
2937 797 3117 843 autem
3152 791 3221 844 ibi
3255 806 3401 842 com-

1836 883 2090 936 municet.
2129 884 2321 949 Quer
2355 893 2405 938 et
2448 884 2663 938 tertium
2704 899 2968 938 canouem
3011 885 3064 937 iu
3108 884 3406 939 Antiochia:

1834 977 2059 1046 synodo.

2395 1065 2623 1122 CANON
2687 1066 2825 1122 XVI.

1835 1159 1930 1215 Sin
1964 1174 2135 1215 autem
2170 1164 2442 1233 episcopus
2472 1166 2611 1231 apud
2650 1183 2797 1229 quem
2834 1175 2987 1229 sunt,
3021 1166 3171 1217 nihili
3210 1165 3407 1230 {acinis

1902 1255 2161 1307 decretam
2196 1257 2441 1309 adversus
2468 1273 2553 1307 eos
2585 1274 2616 1309 a
2646 1274 2855 1309 munere
2890 1262 3229 1310 cessationem
3259 1300 3270 1315 ,
3314 1274 3405 1308 eos

1903 1354 1958 1396 ut
1994 1345 2213 1399 clericos
2245 1348 2523 1413 receperit.
2560 1359 2855 1416 segregetur
2892 1360 2941 1399 ut
2985 1347 3327 1400 immodestiw
3361 1358 3406 1398 et

1904 1437 2194 1492 insolentia:
2226 1439 2495 1509 magister.

1903 1531 2099 1585 B.\LS.
2146 1528 2284 1586 Nota
2329 1532 2469 1600 quod
2508 1544 2746 1598 prmscus
2782 1543 2952 1582 canon
2992 1540 3236 1599 Segrega!
3290 1531 3409 1598 cp?-

1831 1639 2077 1690 scopum,
2112 1625 2203 1692 qui
2251 1638 2347 1677 suo
2380 1622 2525 1677 clero
2573 1623 2988 1676 eonnnmeravit
3019 1624 3244 1676 alterius
3275 1623 3411 1675 dim-

1829 1713 1970 1765 cesis
2008 1711 2267 1765 clericum
2301 1710 2508 1777 absque
2537 1710 2618 1762 sui
2649 1710 2883 1778 episcopi
2909 1710 3231 1763 dimissoriis
3264 1710 3411 1763 litte-

1835 1806 1928 1855 ris.
1980 1803 2139 1856 Solus
2177 1812 2353 1854 autem
2409 1802 2699 1871 (‘pisCOpUS
2750 1800 3197 1869 Carthaginiensis
3235 1809 3411 1868 potest

1838 1897 1886 1949 in
1934 1913 2085 1949 suum
2122 1895 2329 1948 clerum
2358 1894 2563 1946 referre
2614 1892 2838 1946 alterius
2870 1893 3118 1947 dimccsis
3158 1893 3407 1953 clericos,

1834 1993 1993 2043 edam
2048 1988 2252 2055 absque
2298 1987 2621 2041 dimissurus
2654 1987 2849 2040 litteris
2892 2002 3081 2041 eorum
3143 1988 3231 2055 qui
3288 1987 3410 2040 illos

1833 2074 2172 2133 ordinarunt-
2211 2080 2319 2132 Hoc
2354 2092 2530 2133 autem
2582 2081 2823 2133 invenies
2860 2079 2912 2133 in
2946 2081 3243 2133 canentibus
3275 2080 3410 2133 Car-

1837 2171 2136 2237 litagiltt'lls.
2174 2170 2385 2239 synodi.
2421 2170 2523 2222 Sed
2566 2177 2618 2221 ct
2659 2169 3097 2235 archiepiscopus
3144 2169 3411 2224 Constan-

1832 2260 2222 2327 tinOpoIitanus
2293 2270 2469 2327 potest
2514 2259 2766 2312 similiter
2821 2260 3017 2314 facere.
3077 2260 3212 2313 Dicit
3264 2263 3407 2315 enim

1832 2366 2087 2419 expresse
2125 2352 2158 2405 5
2201 2352 2409 2405 novella
2443 2348 2730 2404 Justiniani
2779 2351 3145 2419 imperatoris,
3196 2368 3287 2404 seu
3322 2355 3355 2404 '2
3382 2395 3396 2416 ,

1834 2455 1954 2511 cap.
1984 2441 2017 2493 2
2053 2443 2133 2501 tit.
2166 2442 2219 2505 5,
2256 2441 2377 2494 libri
2407 2439 2761 2495 Basilicorum
2794 2460 2804 2493 :
2841 2441 2895 2495 Si
2938 2442 3080 2495 enim
3134 2443 3185 2496 in
3232 2460 3412 2496 sacro-

1833 2532 2040 2585 sanctis
2073 2531 2421 2583 monasteriis
2456 2531 2808 2600 prohibemus
2836 2547 2900 2583 ex
2933 2531 3038 2585 alio
3079 2536 3408 2585 monasterio

1834 2621 2069 2675 trantire
2106 2622 2155 2673 iu
2189 2621 2357 2684 aliud,
2404 2620 2569 2673 multo
2626 2622 2799 2689 magis
2851 2636 2947 2675 nec
2989 2622 3410 2689 ιἰιιίςίυςὶεείιιτξς

1834 2712 2048 2767 clericis
2082 2714 2186 2766 hoc
2223 2712 2611 2781 permittimus,
2641 2712 2776 2765 lucri
2824 2722 2877 2767 et
2911 2716 3290 2782 negotiationis
3318 2715 3412 2766 dc-

1834 2805 2280 2858 monstrationem
2309 2805 2447 2858 lianc
2479 2804 2674 2857 habere
2707 2804 3054 2871 cupiditatem
3087 2807 3409 2861 existiman-

1833 2908 1930 2952 tr-s.
1967 2895 2022 2951 Si
2064 2898 2278 2966 quando
2328 2908 2510 2950 autem
2560 2896 2827 2965 ejusmodi
2876 2897 3279 2952 translationem
3318 2909 3406 2952 tua

1832 2986 2110 3041 beatitudo
2153 2987 2231 3040 vel
2258 3003 2377 3057 quae
2418 2998 2545 3041 tunc
2582 2987 2745 3041 fuerit
2789 2988 3084 3056 imperialis
3133 2989 3408 3052 maiestas,

1833 3076 2136 3134 faciendam
2169 3080 2403 3144 duxerit,
2432 3094 2497 3133 ne
2527 3080 2627 3135 hoc
2660 3080 2816 3133 aliter
2844 3080 2959 3141 iiat,
2986 3081 3296 3148 priusquam
3323 3096 3412 3135 res

125 3166 278 3219 κατὰ
309 3166 504 3237 καιρὸν
546 3167 795 3236 βασιλεία
852 3168 1107 3237 γίνεσθαι
1158 3169 1367 3239 συνίδῃ,
1419 3170 1492 3239 μὴ
1551 3171 1722 3233 ἄλλως

1836 3172 1895 3221 ad
1928 3169 2132 3223 dictum
2170 3171 2327 3223 uobis
2357 3184 2641 3223 numerum
2672 3170 2885 3222 redacta
2916 3169 3097 3223 fuerit.
3133 3169 3407 3239 Ejusmodi

124 3258 292 3312 τοῦτο
336 3260 701 3331 πράττεσθαι,
756 3260 888 3328 πρὶν
946 3259 1011 3313 ἂν
1045 3262 1125 3322 εἰς
1148 3261 1239 3312 τὸν
1270 3264 1563 3331 είρημὲνον
1594 3265 1728 3333 ἡμῖν

126 3350 376 3421 ἀριθμὸν
414 3352 710 3423 περισταίη
743 3353 802 3404 τὺ
828 3354 1085 3423 πρᾶγμα.
1130 3352 1194 3405 Ἦ
1222 3352 1279 3407 δὲ
1312 3354 1535 3422 τοιαύτη
1560 3356 1730 3423 νεαρὰ

126 3444 354 3514 ἐγράφη
380 3446 518 3514 πρὸς
551 3446 644 3497 τὸν
668 3446 791 3497 τότε
817 3445 1171 3516 πατριάρχην
1205 3448 1701 3501 Κωνσταντινουπό
1721 3478 1733 3489 -

128 3537 293 3598 λεως.
355 3536 672 3605 Σημείωσαι
726 3537 784 3588 δὲ
828 3537 911 3589 ὅτι
960 3539 1056 3591 καὶ
1122 3536 1199 3609 τῷ
1252 3537 1471 3608 βασιλεῖ
1515 3538 1728 3610 ἐνεδόθη

133 3629 467 3699 μεταθέσεις
497 3631 673 3681 ποιεῖν
704 3629 1009 3698 κληρικῶν.

202 3720 453 3775 ΖΩΝΔΡ.
506 3723 567 3773 '0
619 3721 910 3793 προλαϐὼν
956 3721 1138 3777 κανὼν
1190 3724 1444 3793 ἀπείργει
1492 3725 1589 3795 τῆς
1628 3725 1732 3777 λει·

135 3812 407 3881 τουργίας
472 3814 599 3875 τοὺς
664 3816 1063 3879 καταλιπόντας
1116 3816 1213 3887 τὴν
1274 3818 1533 3884 ἐνορίαν,
1596 3812 1730 3889 ἐνῇ

132 3906 659 3977 ἐχειροτονήθησαν.
708 3907 765 3959 '0
787 3907 843 3959 δὲ
869 3906 1061 3977 παρὼν
1089 3907 1337 3978 ἀφορίζει
1379 3909 1471 3961 τὸν
1516 3910 1735 3961 ἐπίσκοσ

133 3992 307 4067 πονῷ
336 3999 669 4069 προσῆλθον,
703 4001 750 4053 εί
806 4000 1021 4064 δέξεται
1060 4000 1258 4062 αὐτοὺς
1300 4000 1375 4061 ὡς
1432 4000 1733 4070 κληρικοὺς

131 4095 189 4145 ἐν
222 4093 431 4162 είδήσει
465 4092 558 4145 τοῦ
589 4092 889 4163 ἐπιτιμίου,
925 4095 1001 4156 ὡς
1030 4092 1258 4157 ἀταξίας
1290 4094 1384 4146 καὶ
1414 4095 1735 4149 ἀκαταστα-

132 4183 260 4246 σίας
289 4184 661 4253 κατάρχοντα.

126 4276 369 4333 ΔΡΙΣΤ.
410 4277 476 4329 '0
508 4276 618 4330 τὸν
642 4276 1006 4331 τοιοῦτονὲν
1031 4276 1249 4346 γνώσει
1280 4277 1548 4348 κατέχων
1587 4298 1731 4335 rav-

714 4368 1163 4435 τοκατάκριτος.

215 4456 279 4511 Ὀ
308 4457 368 4509 ἐν
395 4455 605 4526 εἰδήσει
630 4457 925 4526 γενόμενος
956 4458 1260 4522 ἐπίσκοπος
1300 4461 1394 4513 τοῦ
1423 4462 1733 4533 ὁρισθέντος

1835 3271 2012 3315 autem
2046 3261 2267 3316 Novella
2303 3261 2503 3329 scripta
2532 3271 2613 3315 est
2638 3262 2703 3313 ad
2739 3260 3104 3328 patriareham
3139 3260 3409 3314 Constan-

1836 3354 2280 3420 tiuopolitauum,
2314 3352 2404 3419 qui
2438 3361 2552 3404 erat
2580 3361 2708 3406 tunc
2746 3353 3031 3420 temporis.
3064 3349 3197 3403 Nota
3228 3362 3410 3405 autem

1833 3447 1973 3511 quod
1998 3448 2159 3497 etiam
2188 3444 2505 3513 imperatori
2535 3458 2851 3497 concessum
2880 3452 2961 3497 est
2983 3441 3167 3497 facere
3187 3442 3414 3497 clerico-

1833 3553 1951 3590 rum
1985 3537 2365 3591 translationes

1904 3714 2152 3771 ZONAR.
2188 3716 2527 3770 Antecedens
2546 3730 2715 3769 cauou
2741 3727 2890 3771 arcet
2916 3732 3009 3771 eos
3038 3732 3067 3769 a
3092 3719 3412 3783 ministerio,

1834 3823 1924 3876 qui
1961 3809 2252 3876 parmeiam
2302 3809 2693 3870 deseruerunt,
2740 3808 2791 3860 in
2832 3822 2934 3875 qua
2985 3809 3217 3862 ordinati
3265 3821 3410 3865 sunt.

1834 3898 2079 3952 Prtesens
2109 3914 2236 3953 vero
2270 3914 2445 3952 canon
2475 3898 2917 3952 excommunicat
2955 3899 3267 3967 episcopum
3296 3940 3311 3967 ,
3348 3902 3414 3954 ad

1835 4004 1996 4059 quem
2029 4005 2087 4044 se
2142 3990 2527 4054 contulerunt,
2581 3991 2625 4044 si
2668 3991 2942 4045 decretam
2996 3989 3177 4044 sciens
3225 3990 3279 4045 in
3322 4008 3416 4046 eos

1836 4096 2076 4151 ptenam,
2108 4083 2375 4150 receperit
2405 4084 2551 4150 ipsos
2592 4090 2653 4135 ut
2685 4080 2916 4136 clericos
2937 4122 2952 4147 ,
2990 4091 3247 4151 tanquam
3279 4099 3412 4138 con-

1836 4173 2065 4229 fusionis
2102 4183 2153 4225 et
2182 4173 2463 4226 seditionis
2498 4183 2799 4227 auctorem.

1907 4261 2134 4316 Αιιιδτ.
2183 4260 2283 4326 Qui
2332 4262 2488 4315 talem
2539 4262 2706 4316 sciens
2756 4261 2951 4315 detinet
2996 4262 3161 4323 eidem
3206 4264 3434 4333 judicio-

2472 4353 2769 4423 subjicitur.

1913 4446 2210 4516 Episcopus
2263 4450 2441 4501 sciens
2472 4448 2796 4516 supplicium
2852 4449 3128 4502 decretum
3168 4448 3219 4501 iu
3258 4450 3418 4513 talem

130 4539 424 4619 ἐπιτιμίου
450 4550 593 4602 κατὰ
614 4546 709 4601 τοῦ
744 4547 989 4601 τοιούτου
1023 4549 1308 4620 κληρικοῧ,
1346 4554 1438 4605 καὶ
1486 4556 1729 4624 κατέχων

1837 4539 2130 4604 clericum,
2181 4548 2234 4592 et
2275 4539 2520 4592 eumdem
2563 4541 2809 4594 detinens
2852 4550 2908 4593 ut
2961 4541 3257 4608 clericum,
3318 4558 3419 4596 ex-

129 4643 326 4706 αίοτὸν,
379 4642 457 4703 ὡς
508 4638 773 4710 κληρικδν
805 4677 821 4703 ,
897 4640 1219 4711 ἀφορίζεται
1277 4642 1353 4707 ὠς
1408 4644 1734 4711 διδάσκαλος

128 4733 336 4800 ἀταξία
344 4753 388 4798 ς.
946 4720 952 4727 ’

742 4822 981 4877 ΚΑΝΩΝ
1022 4820 1119 4879 IZ'.

144 4917 206 4973 '0
243 4916 392 4971 δυσί
432 4914 645 4986 γάμοις
671 4916 1059 4984 συμπλακεὶς
1080 4916 1230 4984 μετὰ
1261 4916 1324 4970 τὸ
1349 4917 1669 4989 ,ϐάπτισμα
1693 4921 1731 4991 ἢ

207 5010 551 5075 παλλακὴν
572 5007 956 5075 κτησάμενος
986 5009 1059 5061 οὐ
1109 5006 1360 5062 δύναται
1413 5011 1567 5066 εἶναι
1605 5014 1736 5067 ἐπί-

204 5115 454 5163 σκοπος
481 5099 517 5168 ἢ
548 5100 955 5167 πρεσϐύτερος
984 5098 1022 5168 ἢ
1054 5099 1361 5167 διάκονος,
1382 5102 1421 5171 ἢ
1448 5104 1596 5170 ὅλως
1632 5105 1740 5160 τοῦ

203 5192 553 5261 καταλόγου
572 5191 679 5246 τοῦ
711 5191 1030 5259 ἱερατικοῦ.

210 5286 416 5339 ΒΑΛΣ.
445 5285 550 5337 Τὸν
583 5283 722 5353 μετὰ
756 5283 816 5336 τὸ
849 5284 1004 5351 ἅγιον
1032 5281 1316 5355 βάπτισμα
1354 5285 1743 5356 διγαμήσαντα

133 5380 171 5455 ἢ
207 5377 593 5451 πορνεύσαντα
623 5376 823 5430 κωλύει
857 5377 887 5430 ὁ
914 5376 1095 5431 κανὼν
1128 5379 1431 5431 ἐπίσκοπον
1480 5378 1737 5445 γενέσθαι

1841 4633 2279 4687 comumuicatur
2312 4642 2371 4685 ιιι
2406 4630 2783 4687 confusionem
2821 4633 3045 4689 docens.

2400 4811 2628 4867 cauos
2690 4812 2856 4878 xvu,

1843 4916 1941 4983 Qui
1969 4922 2082 4983 post
2113 4919 2353 4967 sanctum
2387 4907 2705 4977 baptismum
2740 4910 2947 4960 duobus
2977 4910 3237 4976 conjugiis
3262 4910 3423 4977 fuerit

1910 5004 2221 5075 implicitus,
2270 5002 2347 5055 vel
2386 4998 2623 5051 [tabuerit
2680 4996 3050 5061 concubinam,
3102 5016 3205 5052 non
3255 5008 3425 5068 potest

1913 5113 2025 5152 esse
2069 5095 2375 5163 episcopus,
2424 5090 2499 5145 vel
2550 5090 2855 5159 presbyter,
2904 5091 2982 5144 vel
3028 5092 3301 5158 diaconus,
3348 5091 3426 5146 vel

1910 5190 2125 5244 omnino
2158 5201 2222 5241 ea:
2248 5200 2464 5237 numero
2493 5184 2811 5237 sacerdotali
2829 5201 2834 5205 ·

1921 5279 2120 5337 BALS.
2156 5280 2286 5332 Eum
2319 5277 2411 5347 qui
2460 5283 2582 5345 post
2624 5285 2872 5331 sanctum
2910 5277 3235 5347 baptismum
3286 5277 3432 5349 biga-

1848 5389 1971 5428 mus
2004 5372 2168 5425 fuerit
2189 5412 2204 5436 ,
2234 5369 2317 5423 vel
2349 5368 2650 5423 fornicatus
2682 5366 2776 5434 sit,
2808 5369 3058 5439 prohibet
3101 5384 3280 5426 canon
3312 5370 3430 5428 ﬁeri

1421 5495 1594 5558 Guil.
1631 5493 1955 5572 Beveregii
2002 5498 2190 5554 notae.

213 5621 331 5693 (2T)
366 5622 441 5676 Τὸ
487 5618 550 5685 β’
608 5638 745 5693 κερ.
792 5620 902 5693 τοῦ
944 5620 1005 5685 β’
1040 5620 1194 5693 etc}.
1227 5620 1404 5675 Verba
1451 5620 1537 5674 hic.
1578 5623 1742 5675 citata

140 5692 197 5752 in
227 5691 523 5761 impressis
552 5693 660 5746 τῶν
694 5691 1000 5744 Βασιλικῶν
1029 5692 1307 5746 codicibus
1340 5708 1444 5744 non
1490 5703 1741 5746 exstant:

141 5772 292 5820 totus
340 5774 523 5817 autem
579 5762 832 5817 laudatus
885 5763 1076 5815 titulus
1128 5773 1211 5815 est
1278 5763 1407 5829 περὶ
1455 5761 1741 5832 κληρικῶν

142 5834 508 5891 ἀποστάντων
540 5836 640 5901 τῆς
701 5833 824 5887 κατ’
855 5832 1057 5896 αὐτοὺς
1096 5834 1418 5903 ἐκκλησίας,
1449 5834 1543 5886 καὶ
1598 5833 1730 5903 περὶ

1855 5618 2293 5687 οἱκοδομούντων
2324 5618 2650 5687 εὖκτηρίους
2673 5617 2877 5681 οἴκους.
2911 5618 3065 5685 Quod
3115 5632 3238 5671 cum
3289 5617 3430 5674 idem

1853 5692 1925 5745 sit
1966 5701 2368 5753 argtnnentum,
2420 5699 2642 5757 propter
2690 5691 2829 5757 quod
2882 5688 3169 5743 Balsamon
3215 5689 3429 5743 titulum

1855 5761 1999 5832 hunc
2029 5758 2231 5832 laudat,
2274 5760 2520 5832 suspicor
2548 5760 2802 5832 nonnulla
2828 5760 2881 5815 in
2913 5758 3193 5832 impressis
3222 5760 3433 5817 deside-

1851 5829 1983 5895 rari,
2013 5845 2131 5900 quia:
2160 5830 2289 5884 olim
2332 5830 2532 5884 inserta
2567 5828 2805 5886 fuerunt.
