4186 6438
792 370 891 460 τε

2067 383 2345 451 ΤΙῙΕΟΙ).
2380 389 2787 450 BALSAMUN
3967 380 4035 453 τε

792 504 977 567 etiam,
1011 499 1056 556 si
1092 499 1210 568 ejus
1239 514 1373 555 uxor
1403 514 1468 554 eo
1503 497 1710 554 sciente
1741 496 2038 554 adulterata
2073 497 2271 563 fuerit,
2304 507 2354 552 et

2474 496 2776 565 Ἀνάγνωθι
2802 496 2897 550 καὶ
2920 495 2982 549 τὸ
3013 496 3095 550 κο¹
3127 513 3253 564 κεφ.
3282 495 3376 549 τοῦ
3406 495 3450 548 0'
3482 494 3667 549 τίτλον
3696 494 3790 550 τοῦ
3840 502 4041 568 παρόν-

791 593 1050 661 patiente.
1080 589 1221 660 Lege
1241 590 1403 643 etiam
1427 589 1496 643 29
1521 603 1639 657 cap.
1662 587 1717 655 9,
1739 589 1822 641 tit.
1847 586 2129 656 prmsentis
2151 587 2356 655 Operis;

790 695 845 739 et
884 684 1147 737 decimum
1173 696 1443 737 canonem
1472 681 1665 751 synodi
1698 680 2018 749 Ancyranzc,
2055 686 2109 733 et
2135 693 2257 747 qu:e
2301 681 2354 732 in

788 788 852 826 eo
877 773 1077 841 scripta
1101 783 1234 827 sunt
1256 772 1599 842 prmscntium
1632 771 1860 825 duorum
1890 778 2157 825 canbnum
2186 770 2359 823 inter-

789 862 1112 932 pretationis
1146 863 1337 931 gratia.

855 952 1106 1006 ZONAR.
1139 951 1340 1007 ludatis
1370 952 1530 1007 etiam
1564 951 1727 1006 veteri
1763 966 1857 1005 sua
1883 950 2000 1018 lege
2031 949 2360 1018 prohibitum

786 1045 909 1107 fuit,
955 1060 1019 1099 ne
1051 1045 1365 1099 sacerdotes
1398 1046 1631 1113 ipsorum
1669 1045 1929 1096 ducerem
1964 1044 2015 1094 in
2072 1041 2361 1094 matrimo-

785 1138 932 1190 nium
967 1137 1314 1201 meretrices,
1354 1136 1432 1190 vel
1470 1136 1523 1188 in
1557 1134 1693 1189 bello
1727 1143 1916 1201 captas
1948 1131 2227 1197 mulieres,
2265 1140 2359 1185 aut

788 1227 1014 1281 ancillas
1039 1236 1094 1281 et
1128 1226 1570 1294 caupouatriccs;
1603 1232 1658 1278 et
1682 1223 1883 1277 victum
1917 1222 2018 1277 sibi
2054 1232 2361 1290 quaarcntes

784 1318 842 1371 in
876 1318 1101 1370 taberna
1136 1315 1411 1370 meritoria
1439 1324 1494 1369 et
1522 1323 1801 1383 separatas
1858 1327 1889 1365 a
1936 1311 2090 1367 viris.
2126 1311 2278 1375 Quod
2314 1308 2361 1362 si

786 1409 1001 1462 fuerant
1036 1411 1147 1462 haec
1183 1408 1287 1461 illis
1316 1420 1346 1460 a
1375 1406 1493 1476 lege
1521 1405 1772 1459 mandata
1800 1419 1816 1455 :
1846 1401 2017 1457 multo
2044 1402 2218 1469 magis
2254 1401 2359 1463 his,

783 1502 875 1569 qui
909 1500 1206 1554 secundum
1243 1496 1592 1566 Evangelium
1638 1501 1764 1549 sunt
1813 1507 1966 1548 sacra
2015 1491 2360 1547 celebraturi.

782 1590 923 1646 Ecce
953 1591 1094 1644 enim
1126 1590 1201 1644 ait
1222 1589 1419 1657 templo
1448 1588 1577 1655 quid
1601 1585 1830 1653 amplius
1853 1584 1942 1638 hic
1968 1594 2070 1638 est.
2100 1580 2363 1650 Propter—

781 1697 869 1747 ea,
907 1696 1150 1752 praesens
1188 1695 1363 1734 canon
1430 1677 1600 1733 sacris
1650 1676 1924 1730 interdicit
1978 1673 2264 1736 ministris,
2307 1672 2361 1726 in

783 1788 1031 1838 uxorem,
1060 1786 1160 1825 nec
1178 1771 1390 1824 viduam
1415 1769 1633 1823 ducere.
1659 1781 1758 1820 nec
1788 1780 1814 1818 a
1846 1780 1941 1819 suo
1967 1764 2082 1818 viro
2105 1764 2357 1834 eiectam,

2461 604 2557 649 τος
2590 588 2994 657 συντάγματος,
3026 587 3123 641 καὶ
3146 588 3235 642 τὸν
3265 585 3295 640 ι’
3328 587 3529 640 κανόνα
3551 590 3651 657 τῆς
3692 590 3750 641 ἑν
3794 590 4041 660 Ἀγκύρῃ

2462 682 2683 736 συνόδου
2720 686 2812 737 καὶ
2837 684 2907 737 τὰ
2931 687 2987 737 έν
3019 683 3168 752 αύτῷ
3193 685 3476 752 γραφέντα
3523 683 3681 753 χάριν
3732 686 3831 753 τῆς
3868 686 4042 754 ἑομη·

2461 771 2613 835 νείας
2635 772 2744 825 τῶν
2773 774 3058 845 παρόντων
3104 773 3199 827 δύο
3226 775 3488 827 κανόνων.

2531 954 2775 1009 ΖΩΝᾹΡ.
2833 955 2942 1007 Kal
2991 956 3102 1017 τοῖς
3154 953 3433 1017 Ἰουδαίοις
3487 955 3841 1025 ἀπηγόρευτο
3891 960 4042 1028 παρὰ

2461 1047 2555 1099 τοῦ
2590 1047 2758 1115 νόμου
2807 1047 2902 1099 τοῦ
2932 1043 3167 1099 παλαιοῦ
3209 1046 3335 1109 τοὺς
3385 1046 3550 1116 ἱερεῖς
3602 1048 3783 1100 αὐτῶν
3836 1051 4042 1120 πόρνας

2463 1137 2600 1205 πρὸς
2631 1137 2802 1207 γάμον
2831 1136 3087 1204 ἄγεσθαι,
3120 1138 3153 1207 ἢ
3187 1136 3591 1207 αἰχμαλώτους,
3634 1139 3664 1207 ἢ
3701 1139 3924 1203 δούλας.
3952 1145 4044 1195 καὶ

2461 1226 2561 1289 τὰς
2593 1229 2655 1279 ὲκ
2688 1226 3016 1295 καπηλείας,
3066 1227 3161 1279 καὶ
3222 1227 3317 1279 τοῦ
3359 1228 3711 1295 πανδοκεύειν
3753 1229 3851 1300 τὴν
3898 1231 4044 1301 ζωὴν

2464 1316 2852 1385 παριζομένας,
2889 1316 3115 1379 καὶτὰς
3146 1316 3206 1381 ἐξ
3249 1317 3462 1388 ἀνδρῶν
3502 1322 3944 1389 κεχωρισμένας.
3984 1323 4043 1374 El

2461 1409 2517 1461 δὲ
2545 1408 2780 1470 ἐκείνοις
2817 1408 2993 1462 ταῦτα
3024 1408 3440 1479 νενομοθέτητο,
3473 1408 3654 1478 πολλῷ
3691 1411 3900 1479 μᾶλλον
3928 1415 4042 1473 τοῖς

2462 1500 2607 1552 κατὰ
2663 1497 2724 1551 τὺ
2770 1498 3107 1566 Εὑαγγέλιον
3178 1499 3487 1568 ἱερουργεῖν
3543 1500 3851 1568 μέλλουσιν.
3914 1502 4043 1554 Ἰδοὺ

2462 1591 2570 1660 γάρ
2636 1607 2771 1659 φησι
2826 1590 2990 1643 πλέον
3020 1590 3117 1643 τοῦ
3189 1590 3337 1660 ἱεροῦ
3389 1585 3513 1644 ὦδε.
3567 1592 3670 1644 Διὰ
3692 1592 3867 1646 ταῦτα
3898 1595 4045 1647 καὶὸ

2464 1680 2658 1751 παρὼν
2701 1681 2882 1734 κανὼν
2912 1682 3039 1744 τοὺς
3062 1682 3407 1752 ἱερωμένους
3438 1681 3637 1734 κωλύει
3678 1684 3817 1751 μήτε
3860 1685 4045 1752 χήραν

2463 1775 2543 1836 είς
2587 1775 2765 1844 γάμον
2813 1774 3062 1843 ἄγεσθαι,
3122 1774 3250 1844 μήτ’
3292 1773 3711 1845 ἐκϐεϐλημένην
3758 1776 3915 1840 παρὰ
3953 1777 4044 1827 τοῦ

783 1880 882 1919 nec
937 1866 1306 1930 meretricem,
1364 1875 1462 1915 nec
1515 1858 1806 1922 ancillam;
1862 1857 1956 1910 sed
2014 1871 2112 1910 nec
2168 1870 2354 1910 earum

2465 1836 2678 1918 οἰκείου
2709 1836 2922 1936 ἀνδρός,
2963 1836 3380 1934 μήτε-πόρνην,
3444 1836 3584 1933 μήτε
3631 1836 3853 1931 δούλην,
3905 1866 4044 1919 ἀλλὰ

780 1956 1092 2024 quampiam
1122 1994 1137 2020 ,
1173 1968 1293 2023 quae
1326 1952 1512 2006 ludant
1542 1952 1596 2004 in
1630 1963 1810 2004 scena.
1842 1947 2003 2001 Tales
2038 1946 2182 1999 enim
2225 1960 2349 2013 pro-

780 2048 988 2100 miscue
1024 2047 1290 2110 viventes,
1324 2042 1689 2098 inverecunde
1712 2054 1835 2093 cum
1863 2038 2141 2106 quibusvis
2163 2052 2358 2093 occur-

781 2137 1024 2191 rentibus
1052 2146 1438 2190 conversantes
1471 2145 1525 2189 et
1558 2133 1959 2201 colloquentes,
1989 2145 2094 2183 non
2126 2130 2361 2183 credun-

782 2240 868 2282 tur
900 2231 1090 2297 pudice
1141 2227 1343 2281 vivere.
1383 2225 1779 2292 Quamobrem,
1829 2222 2077 2291 quisquis
2123 2220 2356 2289 aliquant

780 2326 845 2373 de
873 2320 1170 2372 numeratis
1204 2318 1510 2386 acceperit,
1541 2319 1682 2368 hunc
1716 2316 1781 2367 ad
1816 2314 1977 2366 ullam
2013 2313 2153 2366 sacri
2199 2312 2358 2365 mini-

780 2411 931 2464 sterii
967 2410 1294 2463 fnnctionem
1329 2408 1549 2477 provehi
1578 2422 1685 2459 non
1719 2404 1986 2473 permittit
2015 2418 2214 2459 canon.

784 2500 1127 2571 13ARIS'T.
1164 2498 1267 2561 Qui
1297 2499 1595 2563 dimissam,
1640 2509 1727 2549 aut
1779 2497 2013 2557 viduam,
2055 2503 2148 2547 aut
2186 2492 2358 2545 ancil-

845 2591 982 2653 lam,
1039 2598 1132 2643 aut
1182 2590 1425 2642 insanum
1489 2589 1540 2640 in
1599 2602 1815 2639 uxorem
1868 2585 2019 2638 duxit
2086 2582 2355 2646 sacerdos,

844 2680 1139 2733 saccrdorio
1171 2681 1425 2747 privatur.

847 2774 940 2828 Sic
985 2774 1146 2827 etiam
1204 2773 1293 2839 qui
1344 2787 1451 2824 non
1504 2770 1799 2823 modestam
1834 2779 2059 2819 uxorem
2113 2763 2259 2817 ducit
2303 2771 2358 2816 et

776 2867 1065 2937 virginem,
1100 2864 1191 2918 sed
1222 2878 1384 2932 quam
1418 2861 1554 2915 alius
1588 2860 1832 2922 dimisit,
1870 2868 1963 2910 aut
1994 2855 2233 2921 viduam,
2264 2864 2356 2909 ant

776 2956 1051 3020 ancillam,
1088 2963 1182 3008 aut
1215 2954 1487 3015 insanam,
1510 2950 1575 3005 ad
1607 2948 1969 3005 sacerdOtium
2005 2960 2110 3001 non
2138 2946 2352 3000 admit-

779 3057 941 3102 tetur.

1361 3133 1587 3191 CANON
1627 3132 1766 3187 XIX.

2464 1956 2599 2025 μηδέ
2619 1973 2741 2009 τινα
2772 1956 2881 2008 τῶν
2906 1957 3000 2008 ἐπὶ
3026 1956 3253 2025 σκηνῆς.
3279 1955 3343 2007 Αἱ
3376 1956 3485 2022 γὰρ
3509 1954 3784 2018 τοιαῦται,
3815 1956 4044 2024 άδιαφό·

2462 2064 2571 2116 ρως
2603 2046 2795 2110 ζῶσαι,
2824 2046 2920 2099 καὶ
2950 2046 3183 2106 ἀναιδῶς
3207 2045 3642 2115 προσομιλοῦσαι
3689 2048 3805 2107 τοῖς
3851 2050 4047 2114 ἐντυγ-

2462 2138 2737 2206 χάνουσιν,
2792 2137 2913 2195 οὐδὲ
2966 2137 3316 2190 πιστεύονται
3371 2139 3691 2206 σωφρονεῖν.
3752 2137 3857 2188 Τὸν
3914 2138 4045 2204 γοῦν

2462 2227 2591 2296 μίαν
2610 2228 2672 2279 ὲκ
2700 2227 2810 2278 τῶν
2843 2227 3325 2297 ἀπηριθμημένων
3352 2225 3583 2279 λαϐόντα
3611 2228 3690 2289 εἱς
3729 2226 4041 2297 ἱερωσύνην

2458 2318 2769 2388 οἱανδήτινα
2796 2318 3228 2390 προϐιϐάζεσθαι
3261 2318 3322 2371 ού
3363 2321 3636 2388 συγχωρεῖ
3664 2323 3691 2372 ὀ
3720 2318 3931 2374 κανών.

2457 2495 2679 2549 ΔΡΙΣΤ.
2747 2495 3261 2562 Ἀπολελυμένην,
3315 2496 3352 2560 ἣ
3410 2494 3625 2561 χήραν,
3678 2494 3717 2561 ἢ
3768 2494 4051 2561 θεράπαι-

2597 2605 2734 2653 ναν,
2767 2588 2807 2657 ἢ
2826 2587 3089 2656 μαινάδα
3121 2586 3324 2642 λαϐὼν
3353 2587 3570 2654 ἱερεὺς,
3600 2587 3859 2654 ἀνὶερος.

2529 2769 2638 2822 Καὶ
2667 2762 2866 2831 οὗτοςὸ
2905 2771 2980 2839 μὴ
3014 2770 3251 2838 κοσμίαν
3279 2772 3514 2838 γυναῖκα
3539 2770 3745 2835 λαϐὼν,
3776 2770 3873 2823 καὶ
3897 2788 4043 2838 παρ-

2458 2858 2633 2923 θένον,
2670 2860 2789 2914 ἀλλ’
2833 2862 2901 2932 ἢν
2937 2862 3242 2915 άπεϐάλετο
3267 2862 3472 2931 ἔτερος,
3531 2862 3563 2930 ἢ
3607 2861 3975 2931 θεράπαιναν,
4014 2862 4046 2931 ἦ

2459 2951 2717 3021 μαινάδα,
2754 2954 2835 3015 εἰς
2872 2954 3175 3023 ἱερωσύνην
3210 2952 3272 3005 οὑ
3306 2952 3796 3022 προσδεχθήσεται.

3054 3129 3296 3183 ΚΑΝΩΝ
3330 3128 3430 3182 ΙΘ’.

778 3228 881 3294 Qui
919 3229 1051 3283 duas
1082 3244 1288 3284 sorores
1314 3227 1488 3290 duxit,
1519 3227 1595 3279 vel
1624 3225 2013 3289 consobrinam,
2048 3241 2150 3278 non
2187 3233 2353 3293 potest

2472 3223 2525 3278 Ὀ
2578 3224 2688 3280 δύο
2737 3222 3007 3292 ἀδελφὰς
3036 3222 3409 3290 ἀγαγόμενος
3475 3218 3513 3287 ἢ
3570 3218 3914 3289 ἀδελφιδῆν
3974 3222 4049 3274 οὐ

1372 3335 1481 3373 esse
1512 3319 1754 3373 clericus.

846 3410 1041 3467 BALS.
1082 3410 1368 3480 ’Δδελφιδῆ
1397 3410 1539 3465 idem
1570 3418 1653 3464 est
1673 3407 1816 3478 quod
1838 3407 2054 3477 ἀνεψιὰ.
2083 3407 2358 3476 Eumergo

773 3506 862 3573 qui
894 3507 1040 3559 ducit
1076 3504 1127 3559 in
1165 3519 1385 3558 uxorem
1414 3502 1499 3557 vel
1532 3503 1666 3557 duas
1716 3515 1953 3567 sorores,
1986 3501 2068 3554 vel
2109 3502 2354 3563 amitam,

771 3609 825 3653 et
848 3597 1255 3662 consobrinam,
1286 3611 1389 3651 non
1412 3591 1675 3663 permittit
1718 3605 1889 3644 canon
1936 3589 2051 3643 ﬁeri
2079 3589 2353 3654 clericum,

771 3691 896 3744 licet
928 3688 1148 3743 omnino
1181 3682 1586 3740 matrimonium
1634 3679 1847 3732 irritum
1897 3677 2013 3731 ﬁat.
2050 3678 2128 3731 Tu
2177 3688 2354 3729 autem

769 3782 932 3844 scias,
952 3780 1093 3850 quod
1125 3793 1232 3833 non
1258 3776 1452 3840 solmn,
1474 3774 1566 3844 qui
1594 3772 1863 3841 ejusmodi
1894 3770 2188 3840 quidquam
2215 3768 2354 3823 fece-

770 3876 864 3936 rit,
901 3872 993 3926 sed
1018 3880 1070 3925 et
1096 3870 1187 3939 qui
1220 3868 1361 3922 aliud
1399 3866 1805 3921 matrimonium
1866 3869 2086 3931 propter
2124 3876 2355 3914 consan-

769 3964 1085 4033 guinitatem
1118 3960 1200 4015 vel
1225 3958 1539 4012 amnilatem
1573 3955 1905 4026 prohibitum
1931 3952 2222 4013 contraxit,
2250 3968 2351 4003 non

768 4059 859 4112 liet
886 4057 1137 4118 clericus,
1192 4054 1283 4107 sed
1314 4054 1363 4107 ei
1399 4065 1558 4121 poena
1612 4048 1793 4119 potius
1834 4048 2163 4116 imponetur.
2195 4044 2353 4109 Quae-

769 4166 893 4204 nam
943 4148 1053 4203 sint
1076 4157 1253 4201 autem
1287 4159 1458 4215 paenae
1484 4157 1671 4198 eorum
1722 4140 1813 4210 qui
1858 4153 1982 4192 cum
2030 4136 2354 4205 consangui-

766 4241 886 4296 neis
910 4255 1021 4295 rem
1050 4241 1275 4302 habent,
1299 4239 1476 4293 disces
1497 4251 1564 4290 ex
1596 4232 1825 4289 diversis
1847 4228 2146 4285 canonibus
2172 4227 2351 4296 magni

769 4332 979 4385 Basilii.

835 4421 1087 4478 ZONAR.
1118 4420 1322 4476 Illicitte
1356 4418 1501 4471 enim
1536 4415 1734 4485 nuptim
1786 4412 1964 4481 ipsum
2009 4423 2118 4463 non
2172 4408 2347 4462 solum

2854 3316 3110 3368 δύναται
3139 3309 3293 3367 εἶναι
3327 3310 3636 3380 κληρικός.

2533 3410 2735 3463 ΒᾹΛΣ.
2778 3408 3058 3476 ’Δδελιριδῆ
3121 3406 3342 3473 λέγεται
3392 3405 3425 3473 ἡ
3472 3402 3686 3471 άνεψιά.
3746 3402 3851 3455 Τὸν
3910 3401 4047 3470 γοῦν

2458 3502 2811 3570 ἀγαγόμενον
2848 3500 2929 3562 είς
2960 3499 3141 3569 γάμον
3171 3497 3205 3567 ἢ
3230 3496 3323 3549 δύο
3354 3494 3618 3563 ἀδελφὰς,
3672 3493 3706 3562 ἧ
3742 3492 3898 3545 Θείαν
3942 3494 4041 3546 καὶ

2457 3590 2711 3658 ἀνεψιὰν,
2744 3589 2805 3641 ού
2840 3589 3166 3657 παραχωρεί
3204 3587 3231 3638 ὁ
3262 3582 3441 3637 κανὼν
3485 3581 3866 3653 κληρωθῆναι,
3922 3581 4046 3634 δια-

2462 3680 2752 3749 σπωμένου
2790 3680 3005 3741 παντως
3059 3674 3273 3729 καὶτοῦ
3329 3674 3531 3743 γάμου.
3599 3674 3669 3724 Σὺ
3706 3673 3762 3726 δὲ
3798 3671 4043 3739 γίνωσκε

2456 3770 2531 3835 ὡς
2565 3771 2625 3822 οὐ
2667 3770 2828 3840 μόνον
2862 3770 2889 3821 ὁ
2918 3766 3165 3821 τοιοῦτόν
3196 3783 3247 3818 τι
3285 3766 3537 3834 ποιήσας,
3568 3762 3702 3817 ἁλλᾶ
3737 3764 3877 3815 καὶὸ
3917 3762 4044 3814 ἓτε-

2458 3881 2550 3936 ρον
2577 3863 2753 3933 γάμον
2780 3858 3164 3928 κεκωλυμένον
3198 3856 3257 3920 se
3288 3855 3519 3924 αἵματος
3550 3853 3583 3921 ἢ
3613 3854 3672 3919 ἐξ
3710 3851 4038 3920 ἀγχιστείας

2459 3940 2797 4017 συναλλάξας
2829 3953 2892 4004 οὐ
2916 3949 3358 4020 κληρωθήσεται,
3392 3945 3528 3999 ἀλλὰ
3562 3945 3760 4015 μᾶλλον
3783 3943 3877 3996 καὶ
3913 3949 4041 3995 έπι-

2453 4045 2847 4116 τιμηθήσεται.
2882 4038 2986 4096 Οἷα
3018 4041 3075 4093 δέ
3113 4044 3218 4092 εἰσι
3254 4042 3323 4092 τὰ
3354 4039 3458 4090 τῶν
3516 4036 3863 4107 αἱμομικτῶν
3919 4038 4044 4088 ἔπι-

2452 4138 2634 4208 τίμια,
2670 4137 2891 4208 μαθήσῃ
2916 4134 3026 4189 ἀπὸ
3056 4132 3331 4203 διαφόρων
3361 4131 3603 4185 κανόνων
3660 4128 3753 4182 τοῦ
3792 4127 4042 4198 μεγάλου

2460 4229 2766 4283 Βασιλείου.

2525 4407 2771 4461 ΖΩΝΛΡ.
2830 4405 2893 4459 ῚΙ
2960 4406 3069 4475 γάρ
3125 4401 3538 4472 ἀθεμιτογαμία
3590 4400 3653 4453 οὐ
3719 4398 3876 4470 μόνον
3943 4398 4043 4453 τοῦ

764 4525 957 4579 arcent
980 4530 1007 4568 a
1036 4513 1206 4577 clero,
1242 4512 1335 4568 sed
1369 4511 1534 4565 etiam
1563 4508 1742 4578 pinnis
1782 4503 2095 4573 subjiciunt.
2132 4501 2269 4567 Quin
2296 4511 2347 4555 et

2458 4501 2660 4571 κλήρου
2682 4499 2845 4551 αὐτὸν
2875 4497 3098 4560 κωλύει,
3146 4494 3284 4548 ἀλλὰ
3326 4494 3421 4547 καὶ
3462 4491 3768 4562 ἐπιτιμίοις
3801 4491 4042 4559 ὑπάγει.

762 4619 858 4673 per
883 4606 1050 4673 legem
1079 4603 1288 4658 civilem
1318 4601 1537 4670 punitur
1560 4597 1868 4667 illegitimas
1896 4593 2071 4647 iniens
2100 4593 2343 4660 nuptias,

761 4712 900 4765 quas
927 4709 979 4750 et
1007 4696 1092 4751 lex
1127 4696 1292 4751 etiam
1322 4692 1607 4748 distrahit.

760 4788 985 4846 ARIST.
1045 4786 1169 4842 Non
1216 4787 1277 4855 ﬁt
1337 4785 1559 4839 clericus
1614 4784 1706 4854 qui
1762 4783 1896 4838 duas
1947 4797 2197 4847 sorores,
2251 4786 2343 4831 aut

1240 4878 1608 4933 consobrinam
1638 4876 1865 4928 duxerit.

842 4968 979 5028 I'alis
1010 4988 1130 5027 cum
1167 4985 1325 5041 poena
1356 4970 1475 5035 hac,
1504 4969 1648 5038 quod
1682 4981 1787 5020 non
1822 4972 2000 5035 potest
2047 4963 2160 5019 ﬁeri
2189 4962 2349 5019 cleri-

761 5082 880 5131 cus,
907 5065 1243 5136 gravioribus
1263 5061 1425 5117 etiam
1456 5059 1735 5130 suppliciis
1754 5057 2053 5125 subjicitur,
2080 5055 2351 5111 distractis

762 5159 981 5227 insuper
1008 5166 1062 5211 et
1084 5154 1375 5224 illegitimis
1409 5152 1634 5220 nuptiis.

1353 5239 1584 5296 CANON
1627 5238 1747 5295 XX.

1097 5336 1332 5394 Clericus
1360 5334 1651 5403 ﬁdejubens
1692 5332 2005 5400 deponatur.

833 5430 1027 5487 BALS.
1061 5429 1386 5499 Fidejubere
1423 5425 1665 5481 nonnulli
1689 5438 1811 5479 esse
1840 5423 2047 5489 dicunt,
2080 5421 2337 5477 clericum

2458 4592 2569 4644 Kal
2616 4590 2767 4659 παρὰ
2824 4588 2918 4640 τοῦ
2971 4585 3259 4640 πολιτικοῦ
3316 4584 3373 4637 δὲ
3425 4583 3592 4653 νόμου
3639 4584 3979 4651 τιμωρεῖται
4014 4584 4043 4633 ὁ

2453 4680 2879 4753 ἁθεμιτογαμῶν
2910 4679 3256 4742 διασπῶντος
3287 4678 3385 4731 καὶ
3413 4676 3506 4729 τὸν
3536 4674 3796 4742 ἀθέμιτον
3818 4672 4038 4743 γάμον.

2453 4777 2676 4831 ΑΡΙΣΤ.
2700 4777 2781 4829 Οὐ
2822 4772 3190 4840 κεκλήρωται
3213 4773 3247 4825 ὁ
3278 4770 3388 4824 δύο
3410 4768 3680 4837 ἀδελφὰς
3697 4765 3737 4836 ἢ
3769 4765 4044 4833 ἀνεψιὰν

3036 4863 3437 4934 ἀγαγόμενος.

2527 4961 2587 5016 '0
2620 4961 2880 5025 τοιοῦτος,
2919 4960 3017 5013 σὺν
3042 4959 3119 5028 τῷ
3152 4958 3227 5027 μὴ
3267 4954 3529 5009 δύνασθαι
3563 4948 3823 5024 κληρικδς
3854 4950 4033 5015 γενέ-

2450 5055 2602 5119 σθαι,
2626 5057 2724 5110 καὶ
2751 5053 3077 5123 βαρυτάτοις
3104 5048 3405 5119 ἐπιτιμίοις
3434 5046 3748 5108 ὑπόκειται,
3775 5043 4043 5094 διασπω-

2451 5148 2614 5218 μένου
2644 5146 2784 5217 πρὸς
2819 5145 3030 5207 τούτοις
3062 5143 3152 5195 καὶ
3181 5140 3276 5193 τοῦ
3318 5139 3563 5208 ἀθέσμου
3597 5139 3799 5209 γάμου.

2759 5288 2768 5297 ,
3053 5230 3294 5284 ΚΑΝΩΝ
3328 5231 3414 5282 Κ’.

2519 5328 2843 5396 Κληρικὸς,
2877 5325 3097 5396 ἐγγύας
3121 5322 3325 5387 διδοὺς
3358 5322 3494 5391 (55),
3526 5325 3948 5391 καθαιρείσθω.

2520 5422 2720 5474 ΒΑΛΣ.
2778 5419 2853 5471 Τὸ
2910 5416 3111 5472 διδόναι
3159 5413 3368 5483 ἐγγύας
3421 5413 3567 5477 τινὲς
3608 5416 3707 5485 μὲν
3765 5414 4041 5482 λέγουσιν

2012 5535 2201 5599 Guill.
2236 5536 2562 5615 Beveregii
2606 5539 2796 5596 nota).

831 5647 943 5719 (53)
984 5642 1287 5719 Κληρικὸς
1317 5643 1536 5719 ἐγγύας
1569 5620 1809 5719 διδούς...
1832 5640 2167 5709 lnterpretes
2206 5654 2336 5719 con-

762 5713 1026 5787 sentiunt,
1057 5713 1200 5781 qtiod
1231 5715 1450 5787 clericis
1480 5715 1569 5787 hic
1598 5713 1993 5787 interdicatur,
2038 5726 2145 5787 non
2197 5713 2336 5787 alios

764 5809 858 5859 pro
887 5804 965 5853 se,
992 5784 1087 5841 Sed
1133 5801 1191 5839 sc
1232 5800 1326 5853 pro
1363 5784 1507 5844 aliis,
1561 5784 1721 5850 idque
1758 5784 1928 5851 turpis
1977 5781 2112 5835 lucri
2164 5781 2338 5850 gratia

2444 5636 2795 5703 ﬁdeiussores
2830 5630 3183 5703 constituere.
3220 5624 3559 5703 Astipulatur
3614 5632 3675 5703 et
3700 5622 4040 5703 Scholiasta

2448 5693 2858 5770 Hnrtnenopuli,
2887 5701 2949 5753 Ei
2976 5698 3044 5750 δι’
3073 5693 3525 5770 αίσχροκέρδειαν
3548 5695 3643 5770 καὶ
3661 5693 4043 5770 ἐπὶ-τελωνῶν

2448 5776 2607 5829 τοῦτο
2627 5764 2792 5837 ποιεῖ,
2823 5774 2869 5824 εί
2893 5770 2947 5824 δὲ
2976 5769 3043 5822 δι’
3075 5764 3323 5837 ἀνάγκην
3358 5767 3392 5837 ἢ
3422 5766 3513 5818 ἐπὶ
3541 5764 3839 5836 κληρικῶν,
3863 5764 4023 5819 ἐπαι-
