4186 6438
117 473 180 528 ’Π
1387 450 1468 510 IN
1509 447 1675 508 CAN.
1710 446 1850 505 XIX
1891 443 2146 503 APOST.
3046 411 3055 424 ’
3308 438 3384 500 78

123 591 260 635 εξναι
290 582 349 634 τ),
384 575 694 646 ἐγγυᾶσθαι
723 571 867 641 ὑπὲρ
902 570 1092 639 ἑτέρου
1131 569 1223 620 τὸν
1247 566 1531 634 κληρικόν·
1554 561 1699 622 τινὲς

1828 573 1904 611 ινο
1943 559 2048 612 alio
2109 555 2401 623 ltdejubere
2437 571 2452 619 ;
2484 555 2722 610 nonnulli
2766 560 2946 608 autem
2976 551 3230 607 clericum
3285 569 3382 623 pro

122 674 176 726 δὲ
203 673 264 725 τὸ
299 670 502 724 διδόναι
546 668 639 720 τὸν
672 664 934 732 κληρικὶν
968 662 1108 729 ὑπὲρ
1164 657 1359 710 ἑαυτοῦ
1394 657 1582 723 ἕτερον
1609 655 1700 717 ἐγ-

124 764 354 831 γυητήν.
385 760 460 811 Τὸ
493 756 626 826 γοῦν
653 756 835 822 λέγειν
885 748 1271 820 καθαιρεῖσθαι
1305 747 1395 799 τὸν
1443 743 1702 814 κληρικδν

129 854 200 924 μὴ
237 853 682 924 παραδεχόμενιιν
731 852 811 910 είς
870 845 1251 912 δικαστήριον,
1301 841 1333 908 ἦ
1395 841 1475 900 εἰς
1515 835 1706 903 avom,

125 949 189 1000 δι’
219 947 487 1018 ἀπορίαν,
541 944 574 1014 ἢ
607 943 672 994 δι’
701 943 891 1010 ἕτερον
942 939 1148 1008 τρόπον
1184 935 1404 1001 εὔλογόν
1434 949 1580 993 τινα,
1612 929 1705 981 καὶ

127 1039 214 1092 διὰ
237 1039 403 1091 τοῦτο
433 1035 650 1088 διδόντα
685 1032 966 1101 ἐγγυητὰς
1008 1030 1170 1099 χάριν
1203 1025 1297 1078 τοῦ
1324 1023 1707 1087 ἀπαλλαγῆναι

125 1132 425 1200 ὀχλήσεως,
463 1126 874 1197 φορτικῶτατόν
920 1125 1036 1176 ἐστι
1095 1121 1190 1173 καὶ
1211 1119 1311 1186 τῆς
1339 1114 1707 1182 ἀποστολικῆς

128 1221 546 1292 φιλανθρωπίας
581 1219 823 1283 ἀνάξιον.
853 1216 928 1268 Τὸ
959 1215 1014 1268 δὲ
1050 1209 1354 1280 ἐγγυᾶσθαι
1387 1208 1478 1261 τὸν
1509 1205 1708 1276 κληρι-

127 1315 219 1366 κον
268 1312 412 1382 ὑπὲρ
448 1313 635 1378 ἐτέρου
679 1310 805 1362 ποτὲ
841 1309 972 1367 ἴσως
1007 1304 1430 1372 κολασοήσεται.
1495 1299 1552 1350 El
1613 1299 1710 1366 μὲν

128 1410 237 1476 γὰρ
265 1409 432 1476 χάριν
460 1404 691 1472 κέρδους
722 1398 1059 1469 ἐγγυήσεταί
1094 1413 1214 1448 τινα
1256 1389 1542 1462 κληρικὸς,
1576 1387 1709 1440 καθε-

129 1500 495 1568 αιρεοὴσεται
532 1496 620 1548 διὰ
659 1495 760 1562 τὴν
811 1488 1148 1560 αἰσχρότητα
1177 1487 1278 1556 τῆς
1309 1483 1537 1552 ἐγγύας.
1570 1480 1630 1532 El
1653 1479 1713 1532 δὲ

130 1588 343 1656 πένητά
373 1605 497 1639 τινα
528 1584 873 1653 ὲγγυήσεται
908 1578 998 1632 διὰ
1045 1579 1220 1642 ἔλεον,
1277 1575 1311 1645 ἧ
1342 1574 1431 1626 διά
1469 1587 1596 1624 τινα
1623 1569 1714 1622 εὑ-

134 1680 272 1749 σεὸῆ
326 1679 511 1732 αἰτίαν
563 1673 756 1730 ἑαυτὸν
799 1673 939 1740 ὑπὲρ
1001 1671 1192 1738 ἑτέρου
1247 1662 1601 1735 παρεμῦἀλῃ,
1653 1659 1715 1713 ού

132 1771 623 1839 καθαιρεῦήσεται.
664 1767 942 1837 Εὕρηνται
982 1764 1037 1816 δὲ
1071 1761 1165 1814 καί⁵
1201 1762 1257 1812 ἐν
1292 1761 1358 1827 τῇ
1384 1756 1426 1809 δ’
1453 1757 1715 1823 οἰκουμε·

130 1866 254 1931 νικῇ
291 1862 500 1931 σινόδῳ
538 1859 733 1911 πολλοὶ
762 1857 1060 1910 ἐπίσκοποι
1089 1851 1185 1905 καὶ
1217 1850 1472 1922 κληρικοὶ
1504 1844 1716 1913 ἐγγύας

128 1959 570 2024 ἀπαιτήσαντες,
630 1951 726 2004 καὶ
784 1947 1205 2018 ἀπαιτηθέντες,
1271 1943 1368 1996 καὶ⁵
1431 1940 1607 2002 οὐδεὶς
1659 1936 1718 2002 ἐξ

130 2050 316 2101 αὐτῶν
351 2047 582 2114 εϐλάὗη.
634 2042 1016 2113 Ἑρμήνευσον
1047 2038 1191 2089 οὑτω
1244 2035 1314 2086 τὰ
1348 2033 1449 2101 τῆς
1489 2029 1715 2098 ἐγγύας.

113 2141 451 2208 -Ἀνάγνωοι
501 2138 559 2191 δὲ
587 2137 682 2189 καὶ
730 2136 832 2204 τὴν
867 2138 983 2197 ρκγ¹
1023 2127 1457 2183 Ἰουστινιάνειον
1497 2124 1719 2180 Νεαρὰν

133 2237 410 2303 κειμένην
440 2234 496 2284 ἐν
538 2229 731 2301 βιϐλίῳ
758 2225 807 2296 γ’
839 2225 950 2278 τῶν
973 2220 1302 2282 Βασιλικῶν,
1334 2220 1500 2287 τίτλῳ
1526 2225 1572 2269 α’
1599 2217 1720 2285 ἢτοι

134 2328 435 2395 κεφάλαιον
460 2323 629 2376 αὑτοῦ
666 2328 736 2389 ιγ’
775 2319 934 2386 λέγον
961 2317 1139 2395 οὕτως
1176 2318 1236 2367 ὲν
1267 2315 1459 2382 μέρειο
1492 2311 1632 2370 Τοὺς
1665 2309 1722 2360 δὲ

135 2420 550 2490 πρεσϐυτέρους
578 2417 678 2468 καὶ
717 2415 1002 2474 διακόνους
1033 2409 1128 2462 καὶ
1180 2404 1573 2465 ὑποδιακόνους
1595 2442 1609 2465 ,
1644 2401 1723 2468 τῷ

136 2513 339 2581 δικαίῳ
368 2511 464 2564 καὶ
498 2511 644 2578 μόνῳ
690 2508 792 2576 τῆς
840 2500 1167 2571 συγγενείας
1226 2500 1304 2561 είς
1352 2492 1720 2565 ὲπιτροπὴνῆ

139 2602 562 2672 κουρατωρείαν
611 2597 1007 2666 καλουμένους,
1043 2593 1142 2663 τὴν
1171 2589 1429 2658 τοιαύτην
1477 2586 1724 2654 λειτουρ-

139 2699 272 2764 γίαν
319 2691 682 2759 ὑποδέχεσθαι
739 2685 1157 2756 συγχωροῦμεν.
1216 2681 1329 2733 Καὶ
1395 2676 1513 2748 μετ’
1567 2675 1723 2740 ὀλίγα

141 2787 307 2838 πάλιν
332 2801 346 2814 ο
405 2783 546 2835 Ἀλλ’
593 2780 713 2834 οὑδὲ
743 2779 1056 2846 ἀπαιτητὴν
1087 2771 1366 2843 δημοσίων
1402 2765 1727 2821 συντελειῶν

139 2881 172 2950 ἢ
203 2880 524 2946 ὲκλήπτορα
575 2877 609 2944 ἢ
678 2872 952 2944 μισθωτὸν
993 2869 1166 2922 τελῶν
1196 2867 1227 2935 ἦ
1261 2863 1556 2932 ἀλλοτρίων
1591 2859 1726 2927 κτή-

144 2992 306 3034 σεων,
358 2970 391 3038 ἢ
425 2969 751 3036 κουράτωρα
779 2965 953 3027 οἴκου,
1001 2962 1036 3031 ἥ
1093 2958 1313 3012 ὲντολέα
1344 2956 1522 3022 δίκης,
1566 2953 1596 3022 ἦ
1633 2953 1727 3017 ἐγ-

142 3063 359 3133 γυητὴν
395 3061 537 3130 ὑπὲρ
563 3057 774 3111 τούτων
799 3055 909 3107 τῶν
948 3053 1163 3113 αἰτιῶν,
1197 3050 1495 3101 ἐπίσκοπον
1523 3045 1556 3114 ἢ
1585 3043 1730 3095 οἰκο-

144 3129 336 3225 νόμον,
367 3153 400 3223 ἦ
441 3129 599 3206 ἄλλον
632 3148 893 3219 κληρικδν
919 3129 1263 3212 οἱουδήποτεδ
1289 3135 1525 3210 βαθμοῦ,
1553 3134 1586 3203 ἦ
1629 3149 1727 3199 μο-

1809 655 1986 719 seipse
2015 651 2144 703 dare
2177 650 2344 701 alium
2373 648 2742 715 lidejussorem
2780 663 2792 698 :
2829 645 3011 700 dicere
3038 658 3166 713 ergo
3187 642 3382 711 deponi

1809 743 2086 806 clericum,
2117 742 2210 810 qui
2249 741 2314 795 ad
2345 740 2603 808 judicium
2632 741 2713 793 vel
2747 742 2814 794 ad
2844 739 3134 807 agendum,
3164 750 3384 806 prepter

1810 844 2210 904 paupertatem,
2241 834 2324 887 vel
2355 833 2593 901 aliquam
2620 831 2780 885 aliam
2808 832 3006 900 justam
3031 845 3249 884 causam
3277 846 3382 883 non

1812 927 2140 991 admittitur,
2167 936 2215 979 el
2247 936 2532 994 propterea
2573 923 2666 978 dat
2695 923 3038 993 lidejussores
3069 933 3125 976 ιιι
3152 938 3181 976 a
3217 923 3384 976 inole-

1811 1022 1914 1075 slia
1945 1021 2221 1081 liberatur.
2251 1029 2336 1072 est
2367 1019 2766 1085 gravissimum,
2803 1025 2855 1070 et
2877 1017 3166 1084 apostolica
3199 1017 3391 1070 Immu-

1813 1111 1980 1168 nitate
2020 1113 2317 1179 indignum.
2355 1110 2410 1163 Si
2444 1111 2673 1164 clericus
2701 1119 2880 1162 autem
2910 1123 3004 1177 pro
3035 1109 3142 1162 alio
3197 1106 3389 1176 lidcju-

1814 1206 1958 1266 beat,
1989 1204 2218 1258 fortasse
2234 1204 2557 1273 quandoque
2592 1204 2866 1273 punietur.
2899 1201 2954 1254 Si
2989 1202 3133 1254 enim
3165 1201 3392 1254 clericus

1815 1298 1954 1352 lucri
2014 1297 2187 1372 gratia
2242 1311 2340 1364 pro
2382 1296 2562 1364 aliquo
2633 1294 2959 1363 lidejusserit
2990 1337 3004 1358 ,
3048 1293 3346 1360 deponetur
3377 1333 3390 1351 .

1818 1395 2040 1458 propter
2079 1373 2445 1460 lidejussionis
2493 1385 2877 1453 turpitudinem
2915 1402 2927 1436 :
2961 1384 3044 1437 sin
3085 1393 3262 1436 autem
3288 1398 3395 1451 pro

1817 1481 1998 1549 aliquo
2032 1494 2267 1549 paupere
2311 1478 2640 1546 lidejusserit
2685 1487 2906 1548 propter
2939 1474 3391 1535 misericordiam.

1818 1573 1906 1628 vel
1935 1582 2157 1642 propter
2186 1573 2420 1640 aliquam
2453 1573 2844 1639 piam'causatu
2876 1571 3114 1637 seipsum
3161 1582 3258 1637 pro
3288 1566 3396 1620 alio

1820 1664 2129 1734 ingesserit,
2156 1679 2258 1717 non
2280 1665 2599 1730 deponetur.
2637 1660 2844 1715 Inventi
2875 1669 3004 1714 sunt
3029 1667 3207 1713 autem
3231 1659 3392 1713 etiam

1821 1757 1874 1810 iu
1909 1757 1942 1809 4
1970 1755 2261 1810 universali
2306 1755 2516 1824 synodo
2546 1754 2698 1813 multi
2729 1753 2910 1807 clerici
2943 1761 2996 1804 et
3028 1750 3283 1820 episcopi,
3304 1751 3394 1818 qui

1825 1847 2173 1916 lidejussores
2198 1855 2251 1901 et
2279 1847 2566 1908 dederunt,
2594 1855 2650 1900 et
2673 1852 3032 1913 acceperunt,
3079 1857 3179 1897 nec
3220 1851 3396 1896 tamen

1821 1938 1962 1995 ullus
1995 1940 2112 1994 ideo
2151 1938 2308 1992 laesus
2334 1945 2438 1992 est.
2476 1936 2905 2004 Fidejussionem
2931 1950 3061 2006 ergo
3121 1936 3194 1989 ita
3239 1935 3400 1988 inter-

1823 2040 2054 2098 pretare.
2089 2030 2228 2100 Lege
2257 2031 2421 2084 etiam
2459 2029 2561 2082 125
2590 2028 2880 2082 Justiuiani
2917 2027 3196 2085 Novellam
3229 2067 3244 2094 ,
3278 2041 3400 2097 qua:

1823 2124 1925 2177 sita
1951 2133 2035 2178 est
2067 2123 2118 2176 in
2161 2125 2301 2176 libro
2325 2137 2384 2178 ιιι
2409 2121 2626 2176 Basilic.
2665 2123 2748 2175 tit.
2786 2123 2963 2190 primo
2990 2137 3084 2176 seu
3121 2135 3240 2190 cap.
3283 2121 3401 2189 eius

1827 2216 1894 2268 l3
1918 2215 2061 2283 quod
2095 2216 2329 2269 siedieit
2371 2215 2423 2268 in
2474 2225 2662 2284 parte:
2694 2214 3046 2282 Presbyteros
3088 2223 3303 2275 autem.
3346 2224 3402 2268 et

1827 2306 2102 2367 diaconos,
2135 2313 2188 2358 et
2210 2305 2586 2366 subdiaconos,
2621 2304 2714 2370 qui
2756 2303 2872 2359 solo
2902 2303 3024 2372 jure
3056 2302 3399 2370 cognationis

1827 2398 1894 2450 ad
1926 2397 2145 2452 tutelam
2181 2397 2263 2450 vel
2286 2412 2472 2450 curam
2509 2404 2776 2448 vocantur
2813 2432 2828 2456 ,
2859 2395 2964 2448 tale
3006 2407 3199 2447 munus
3231 2395 3404 2448 susci-

1825 2504 1956 2560 pere
1999 2489 2384 2560 permittimus.
2413 2488 2477 2542 Et
2511 2488 2673 2557 paulo
2717 2497 2835 2556 post
2871 2487 3064 2540 iternm
3103 2503 3115 2537 :
3149 2486 3256 2539 Sed
3303 2501 3402 2539 nec

1831 2584 2180 2654 publicorum
2210 2583 2534 2636 tributorum
2566 2590 2899 2644 exactorem,
2930 2579 3010 2631 vel
3045 2588 3400 2647 receptorem,

1830 2676 1912 2728 vel
1943 2675 2285 2743 vectigalium
2321 2682 2413 2726 aut
2475 2673 2877 2740 possessionum
2932 2671 3235 2725 alienarum
3273 2685 3406 2724 cou-

1829 2767 2135 2831 ductorem,
2162 2766 2245 2819 vel
2275 2775 2586 2818 curatorem
2617 2764 2829 2823 domus,
2869 2763 2951 2816 vel
3001 2777 3179 2816 causa
3205 2777 3404 2831 procu-

1831 2869 2064 2913 ratorem
2088 2898 2103 2922 ,
2136 2858 2214 2911 vel
2250 2872 2348 2926 pro
2402 2857 2485 2911 his
2533 2857 2714 2910 causis
2753 2855 3125 2924 lidejussorem
3147 2895 3161 2920 ,
3195 2854 3409 2923 episco-

1830 2965 1979 3018 pum,
2013 2949 2094 3004 vel
2126 2964 2489 3014 meouomum,
2513 2950 2594 3001 vel
2621 2949 2780 3001 alium
2809 2948 3067 3001 clericum
3107 2948 3408 3016 cujuscun-

1831 3054 1936 3109 que
1968 3043 2167 3110 gradus
2194 3080 2209 3106 ,
2241 3040 2323 3094 vel
2367 3041 2688 3094 monachum
2748 3039 2970 3109 proprio
3023 3039 3239 3093 nomine
3264 3078 3280 3100 ,
3324 3043 3407 3093 vel

1833 3131 2109 3197 ecclesite,
2138 3142 2227 3186 aut
2274 3132 2633 3197 monasterii,
2685 3146 2808 3186 esse
2853 3131 3220 3200 permittimus
3267 3146 3280 3182 :
3339 3147 3408 3186 ne

151 3224 318 3316 vim
352 3245 469 3312 ίζίῳ
494 3242 744 3311 ὀνόματι,
779 3239 936 3309 ἢτῆς
969 3232 1294 3303 ἐκκλησίας,
1329 3230 1361 3300 ἢ
1412 3226 1509 3280 τοῦ
1557 3241 1724 3296 μονα-

1837 3226 1937 3280 Ιιοε
1966 3235 2226 3293 praetextu
2268 3225 2474 3279 sanctis
2507 3236 2724 3293 quoque
2747 3224 2998 3278 domibus
3019 3224 3406 3278 detrimentum

144 3338 395 3406 στηρίου,
425 3334 734 3390 ὑπεισιέναι
763 3328 1181 3400 συγχωροῦμεν,
1222 3324 1311 3377 ἵνα.
1363 3319 1438 3392 μὴ
1465 3319 1551 3371 διὰ
1581 3316 1704 3369 ταύρ

143 3451 164 3480 π
179 3447 245 3498 ης
279 3427 612 3498 προφάσεως
630 3427 723 3476 καὶ
747 3424 860 3483 τοῖς
889 3420 1066 3489 ἁγίοις
1086 3418 1260 3478 οἴκοις
1279 3413 1454 3483 ζημία
1475 3410 1724 3478 γένηται,

144 3522 241 3574 καὶ
283 3522 342 3572 αἱ
406 3518 551 3570 Θεῖαι
607 3515 907 3584 ὑπηρεσίαι
951 3509 1378 3581 ὲμποδίζωνται.
1411 3503 1574 3554 Ὠστε
1633 3499 1730 3551 καὶ

147 3613 255 3665 ἀπὸ
285 3611 398 3664 τῶν
429 3609 691 3680 ῥημάτων
747 3605 959 3659 τούτων
988 3603 1086 3671 τῆς
1115 3599 1335 3668 Νεαρᾶς
1355 3635 1371 3659 ,
1407 3594 1513 3648 τῶν
1545 3591 1731 3658 λεγόν-

143 3722 257 3758 των
293 3703 370 3772 μὴ
428 3700 680 3768 γίνεσθαι
720 3696 1021 3767 ἱερωμένον
1078 3692 1202 3744 τινὰ
1255 3684 1531 3756 ἐγγυητὴν
1590 3682 1729 3749 ὑπὲρ

145 3797 361 3849 τούτων
392 3794 505 3846 τῶν
533 3791 746 3859 αἰτιῶν,
777 3787 979 3858 δηλαδὴ
998 3786 1107 3838 τῶν
1142 3778 1560 3850 διαληφθεισῶν,
1585 3791 1730 3844 παρ-

149 3891 376 3942 ίσταται
403 3885 585 3947 καλῶς
623 3882 929 3950 ἐγγυᾶσθαι
957 3879 1048 3930 τὸν
1073 3874 1336 3945 κληρικὸν
1356 3871 1499 3938 ὑπὲρ
1527 3868 1731 3938 ἑτέρων

151 3980 400 4032 εὐσεϐῶν
431 3976 646 4039 αἰτιῶν,
701 3973 890 4040 ῶσπερ
940 3971 1034 4023 καὶ
1076 3963 1483 4037 παρεμϐάλλειν
1514 3960 1726 4014 ἑαυτόν.

1837 3317 2120 3380 aﬂ'eratur,
2150 3327 2204 3370 et
2248 3318 2427 3371 divina
2461 3315 2759 3370 ministeria
2796 3315 3181 3385 impediantur.
3231 3315 3411 3381 Quart:

1834 3425 1898 3462 ex
1931 3411 2012 3462 bis
2044 3423 2256 3478 quoque
2290 3409 2469 3461 verbis
2501 3405 2757 3470 Novellar,
2797 3422 2917 3475 quae
2947 3407 3136 3462 dicunt
3177 3422 3281 3460 non
3321 3408 3413 3461 de-

1835 3500 1965 3552 bere
1998 3499 2111 3552 ﬁeri
2156 3509 2428 3552 sacratum
2461 3499 2695 3567 aliquem
2728 3513 2826 3567 pro
2861 3497 2944 3552 liis
2972 3501 3155 3553 causis
3194 3495 3410 3564 ﬁdeius-

1835 3607 2039 3654 sorein,
2072 3590 2137 3645 iis
2167 3592 2418 3645 videlicet
2440 3606 2559 3659 qua:
2585 3591 2988 3657 comprehensa:
3011 3599 3157 3655 sunt,
3189 3590 3412 3659 pulchre

1839 3690 2052 3735 constat
2086 3696 2243 3750 posse
2269 3681 2526 3735 clericum
2560 3695 2657 3748 pro
2685 3682 2804 3734 aliis
2848 3681 2949 3749 piis
2992 3681 3174 3735 causis
3221 3681 3408 3749 lideju-

1841 3773 1993 3835 bere,
2017 3772 2157 3826 sicut
2175 3772 2334 3826 etiam
2354 3772 2588 3839 seipsum
2612 3771 2877 3840 ingerere.
2907 3771 3010 3842 14
3032 3771 3223 3838 Quzere
3249 3773 3411 3826 etiam

1843 3866 2053 3919 titulum
2087 3881 2284 3917 nonum
2335 3865 2616 3932 praesentis
2665 3865 2848 3932 operis
2873 3906 2888 3930 ,
2919 3880 3039 3933 cap.
3071 3864 3140 3920 54
3176 3876 3230 3920 ει
3255 3863 3324 3919 27
3360 3879 3414 3920 et

1842 3974 1960 4026 quae
1984 3969 2108 4009 sunt
2151 3957 2202 4009 in
2237 3958 2336 4020 eis,
2369 3964 2422 4010 et
2461 3955 2713 4010 Cbalced.
2744 3971 2885 4024 syu.,
2917 3973 3040 4010 cazi.
3080 3958 3169 4012 50.

147 4074 315 4141 xii—:3;
369 4070 469 4122 καὶ
514 4069 558 4120 0'
604 4067 784 4117 τίτλον
826 4062 920 4116 τοῦ
978 4061 1245 4129 παρόντος
1297 4059 1697 4124 συντάγματος,
1740 4069 1869 4121 κεφ,
1904 4051 1972 4102 λὸ¹
2009 4052 2102 4101 καὶ
2141 4047 2221 4112 κζ’
2254 4049 2348 4100 καὶ
2382 4048 2452 4100 τὰ
2481 4050 2536 4100 ἐν
2562 4049 2767 4114 αὑτοῖς,
2833 4049 2926 4102 καὶ
2988 4052 3046 4102 ἐν
3111 4049 3413 4120 Χαλκηδόνι

149 4167 374 4223 συνόδου
403 4166 604 4218 κανόνα
623 4161 691 4212 λ’.
761 4204 763 4206 .

224 4262 475 4316 ZQNAP.
525 4256 758 4324 Ἑγγύας
816 4272 900 4317 τις
962 4253 1178 4305 δίδωσιν
1211 4250 1242 4318 ἦ
1278 4249 1419 4317 ὑπὲρ
1466 4243 1732 4313 ὲαυτοῦῆ

151 4358 301 4425 ὑπὲρ
333 4353 518 4408 ἄλλου.
577 4351 688 4403 Καὶ
722 4351 748 4401 ὁ
786 4348 925 4417 ὑπὲρ
957 4346 1116 4400 ἄλλου
1153 4342 1330 4404 διδοὺς
1362 4341 1394 4411 ἢ
1426 4339 1514 4392 διὰ
1545 4336 1736 4408 κέρδος

153 4449 431 4516 ἐγγυᾶται
471 4444 504 4514 ἢ
536 4442 624 4504 διὰ
649 4441 894 4509 ἀγάπην,
927 4437 993 4497 δι’
1025 4439 1089 4508 ῆν
1117 4433 1334 4494 καὶτὰς
1363 4432 1546 4500 ψυχὰς
1579 4429 1737 4498 ἡμῶν

1918 4238 2480 4307 ZONAR.Fidejubet
2513 4237 2705 4306 aliquis
2735 4247 2826 4291 aut
2876 4253 2972 4306 pro
3025 4251 3124 4299 se,
3179 4247 3269 4289 aut
3316 4252 3418 4307 pro
3467 4253 3476 4268 ·

1850 4334 1975 4386 alio.
2015 4333 2115 4398 Qui
2141 4346 2268 4384 vero
2299 4345 2398 4398 pro
2420 4328 2526 4383 alio
2559 4329 2927 4398 lidejussnrem
2953 4343 3010 4383 se
3038 4326 3258 4396 prtestat
3282 4367 3299 4394 ,
3325 4344 3418 4382 aut

1848 4432 2072 4494 propter
2124 4422 2335 4476 luerunt
2390 4421 2684 4489 lidejubet,
2740 4428 2834 4474 aut
2896 4431 3114 4489 propter
3181 4422 3421 4475 charita-

151 4513 374 4593 τιθέναι
393 4513 551 4604 ,ὑπὲρ
586 4535 694 4585 τῶν
726 4530 971 4598 ἀδελφῶν
1003 4524 1401 4594 ὲντετάλμεθα.
1423 4522 1496 4578 Τὸ
1522 4523 1620 4588 μὲν
1642 4516 1726 4571 οὖν

1849 4527 1976 4578 ιειιι,
2020 4526 2240 4585 prepter
2289 4528 2453 4582 quam
2509 4523 2724 4566 nostras
2769 4513 3007 4581 ipsorum
3064 4513 3274 4565 animas
3321 4528 3420 4582 pro

154 4632 302 4699 ὑπὲρ
342 4629 504 4682 ἄλλου
533 4623 831 4677 ὑποϐαλεῖν
865 4619 1078 4682 ἑαυτὸν,
1111 4618 1230 4687 ἢτοι
1263 4614 1447 4683 ἔνοχον
1485 4611 1732 4678 ποιῆσαι,

153 4724 231 4784 ῶς
274 4720 440 4789 τνχὸν
493 4717 634 4784 ὑπὲρ
686 4713 941 4773 τελώνου,
1007 4708 1351 4761 κεκώλυται·
1409 4701 1610 4771 ἀρχαία
1680 4700 1738 4752 δὲ

155 4814 336 4870 κακία
365 4811 428 4864 τὸ
463 4809 716 4863 τελωνεῖν
738 4824 751 4838 ⁸
784 4803 1017 4859 τελῶναι
1061 4800 1104 4854 δ’
1135 4801 1270 4851 εἰσὶν
1300 4798 1348 4849 οἱ
1373 4797 1468 4858 τὰς
1499 4794 1738 4862 ἀπαιτή-

157 4923 276 4966 σεις
316 4898 620 4969 ὠνούμενοι
650 4898 758 4950 τῶν
807 4894 1087 4977 δημοσίωγ
1135 4888 1474 4943 συντελειῶν.
1512 4887 1574 4938 Oi
1608 4885 1740 4952 γοῦν

155 4995 424 5053 τοιοῦτοι,
461 4993 510 5044 εί
545 4991 619 5060 μὴ
659 4989 904 5058 φανερᾶς
943 4982 1271 5052 εὐποροῦσιν
1299 4980 1510 5043 οὑσίας,
1532 4977 1740 5044 ἐγγύας

158 5086 548 5145 ἀπαιτοῦνται,
599 5086 694 5135 καὶ
728 5078 1037 5151 παράγουσί
1089 5092 1238 5136 τινας
1268 5073 1620 5132 ὑποτιθέντας
1670 5067 1737 5121 δι’

162 5180 416 5241 ἐκείνους
455 5177 520 5227 τὰ
551 5171 795 5228 ἑαυτῶν·
851 5169 1011 5222 τοῦτο
1067 5166 1246 5221 τοίνυν
1281 5166 1375 5217 καί
1423 5164 1523 5215 ὅσα
1563 5161 1740 5215 τούτω

1843 4609 2104 4662 fratribus
2168 4620 2369 4674 ponere
2441 4604 2715 4674 iubemur.
2792 4602 3040 4671 Seipsum
3089 4604 3250 4673 igitur
3319 4618 3420 4673 pro

1837 4698 1942 4750 alio
1994 4696 2262 4765 subjicere
2316 4693 2626 4762 obligationi
2656 4731 2670 4754 ,
2718 4691 2831 4746 sive
2879 4692 3170 4744 obnoxium
3227 4707 3285 4746 se
3334 4692 3417 4744 fa-

1838 4805 2007 4859 cere,,
2041 4799 2097 4841 ut
2146 4789 2282 4840 forte
2344 4800 2440 4853 pro
2485 4784 2791 4854 publicano,
2831 4793 3064 4837 velatur.
3109 4783 3414 4851 t’Antiquum

1839 4884 2103 4952 siquidem
2131 4887 2214 4935 est
2255 4879 2476 4938 malum,
2515 4878 2863 4944 publicanum
2916 4890 3096 4946 agere.
3135 4874 3416 4930 Publicani

1839 4990 1965 5029 vero
2000 4982 2167 5037 sunt,
2224 4972 2314 5039 qui
2376 4968 2711 5039 publicorum
2773 4968 3095 5022 tributorum
3149 4968 3415 5022 redimunt

1847 5068 2174 5122 exactiones.
2212 5065 2254 5115 A
2294 5062 2490 5115 talibus
2518 5074 2646 5129 ergo
2674 5099 2687 5121 ,
2718 5059 2761 5113 si
2794 5057 3092 5112 manifestis
3118 5073 3223 5112 non
3251 5060 3418 5113 abun-
3483 5077 3486 5081 '

1853 5165 1980 5216 dent
2011 5158 2376 5214 facultatibus.
2411 5155 2754 5224 lidejussores
2794 5153 3084 5223 exiguntur
3109 5193 3123 5219 ,
3175 5164 3229 5211 et
3281 5169 3421 5214 non-

448 5357 457 5391 ,
1410 5304 1603 5384 Guill.
1634 5303 1953 5382 Beveregii
2001 5316 2187 5363 notae.

161 5441 373 5498 νετέος.
407 5434 906 5504 llarmetiop.epit.
936 5446 1056 5504 can.
1088 5440 1222 5483 seet.
1258 5429 1313 5484 5.
1345 5427 1520 5504 tit._2.
1550 5424 1755 5504 Egber-

169 5495 262 5564 tus
305 5495 709 5564 Eboracensis:
749 5495 821 5556 Ut
850 5503 981 5553 nulli
1021 5503 1359 5554 sacerdotum
1415 5499 1565 5549 liceat
1620 5495 1753 5560 ﬁde.

156 5583 427 5649 jussorem
463 5593 591 5649 esse,
623 5590 781 5649 neque
806 5574 984 5649 reltcta
1013 5571 1228 5639 propria
1253 5566 1455 5649 leg_e_ad
1476 5565 1761 5648 Stecularig

167 5637 373 5703 iudicia
410 5647 674 5709 accedere,
697 5637 924 5709 Egbert.
963 5637 1019 5694 in
1045 5637 1288 5708 excerpt.
1326 5637 1467 5689 Idem
1521 5637 1750 5709 innuere

165 5723 393 5772 videtur
439 5727 493 5769 et
544 5703 833 5775 Dionysius
883 5711 1150 5774 Exiguus,
1183 5703 1271 5775 qui
1307 5720 1570 5760 canonem
1604 5703 1750 5758 hunc

165 5792 250 5842 sic
316 5786 618 5850 transfert,
681 5777 912 5836 Clericus
969 5777 1401 5848 ﬁdejuuionibus
1465 5777 1747 5850 inserciens

165 5859 488 5927 adjiciatur.
525 5845 632 5911 Sed
663 5854 928 5921 Josepbus
959 5845 1242 5920 )Egjtptitis
1270 5861 1534 5909 canonetn
1592 5845 1749 5898 aliter

1861 5428 2289 5495 interpretatur:
2327 5423 2637 5492 Quicunque
2701 5440 2728 5476 e
2764 5422 3124 5495 sacerdotibus
3159 5423 3421 5495 hominem

1857 5513 1954 5564 pro
2010 5491 2065 5548 se
2100 5495 2472 5564 .ﬁdejussorem
2541 5491 2762 5552 dederit.
2816 5505 2906 5545 aut
2964 5494 3078 5560 ipse
3117 5509 3173 5546 se
3220 5491 3421 5546 dederit

1856 5563 2218 5634 ﬁdejussorem
2251 5581 2344 5631 pro
2376 5563 2506 5625 alio,
2530 5566 2606 5617 vel
2628 5564 2887 5634 hominem
2907 5564 3110 5633 pignori
3139 5566 3420 5632 acceperit.

1853 5633 2291 5704 quemadmodum
2321 5633 2488 5687 exteri
2531 5635 2762 5703 faciunt,
2815 5633 3057 5688 Ecclesia
3105 5634 3418 5700 expellatur.

1853 5709 2002 5760 Adeo
2039 5714 2096 5756 ut
2144 5707 2209 5758 de
2236 5704 2467 5767 clericis,
2497 5706 2586 5771 qui
2631 5705 2764 5756 alios
2798 5719 2894 5770 pro
2929 5719 3010 5765 se,
3058 5719 3208 5771 teque
3247 5717 3312 5755 ac
3359 5705 3423 5756 iis

1852 5778 1940 5844 qui
1970 5791 2026 5828 se
2065 5789 2160 5839 pro
2203 5774 2318 5828 aliis
2346 5787 2634 5840 spensores
2662 5773 2927 5839 dederint,
2980 5789 3240 5827 rationein
3280 5773 3426 5835 bunt:

1848 5855 2101 5913 exponau
