4186 6438
770 468 837 529 79
2029 469 2304 534 TllEOD.
2330 472 2335 477 ’

2438 470 2560 527 LSA
2570 470 2722 529 ΜοΝ
3941 464 4009 525 86

774 578 948 633 nullos
977 578 1275 639 adducunt,
1311 579 1399 646 qui
1432 578 1566 632 bona
1599 592 1693 630 sua
1720 587 1939 647 propter
1960 592 2055 632 (ξοδ
2080 581 2335 647 oppigno-

2444 579 2708 645 ἐοίκασιν,
2743 582 3119 650 ἀπηγόρευται
3147 582 3256 643 τοῖς
3300 578 3613 649 κληρικοῖς·
3649 579 3737 631 ἴνα
3764 577 3840 647 μὴ
3876 578 4013 630 ἐαυ-

770 684 908 727 I'attt.
939 672 1048 725 lloc
1076 671 1257 740 igitur,
1279 681 1335 724 et
1361 685 1476 738 qua:
1497 683 1616 723 sunt
1638 672 1762 723 huic
1779 669 1994 735 similia,
2022 672 2230 737 prohib.
2256 682 2338 723 tnr

767 766 993 823 tleiiris.
1028 778 1093 816 ne
1128 780 1184 817 se
1213 764 1543 831 negotiorum
1590 762 1853 815 molestiis
1880 802 1895 827 ,
1937 770 1991 814 et
2036 763 2338 815 actionibus

768 858 1111 923 interponant
1138 853 1504 922 judicialibus.
1533 851 1783 920 Suspicio
1815 856 2047 919 namque
2071 859 2171 915 est,
2197 852 2337 919 quod

768 948 867 997 ista
902 954 1119 1013 propter
1154 944 1361 996 lucrum
1399 940 1607 1006 ferant,
1637 942 1865 994 clericos
1902 950 2083 995 autem
2118 941 2339 994 dedecet

767 1048 885 1085 esse
918 1032 1088 1098 turpis
1122 1032 1253 1083 lucri
1317 1030 1558 1097 cupidos.
1621 1029 1910 1097 Propterea
1984 1029 2336 1097 depositionis

767 1137 923 1187 pu'llzt
970 1120 1164 1172 talibus
1200 1117 1476 1186 inﬂigitur.
1510 1118 1659 1184 Quod
1702 1119 1746 1172 si
1813 1119 1949 1173 forte
2005 1118 2234 1173 clericus
2271 1119 2337 1170 ab

764 1215 945 1280 aliquo
992 1221 1197 1263 tractus
1253 1211 1315 1261 ad
1342 1209 1607 1277 judicium
1637 1249 1651 1270 ,
1687 1209 1954 1263 satisdare
2012 1208 2216 1275 judicio
2263 1210 2337 1261 si-

764 1304 934 1357 stendi
972 1316 1131 1354 causa
1157 1311 1398 1369 cogatur,
1431 1300 1735 1353 istiusmodi
1768 1301 2150 1354 satisdationes
2201 1313 2336 1365 pra:-

764 1407 913 1449 stans
937 1402 1076 1445 statu
1107 1406 1206 1445 suo
1240 1406 1344 1443 non
1369 1391 1573 1444 idcirco
1616 1390 1958 1445 multabitur.
1986 1390 2337 1457 Quandoqui-

763 1490 880 1539 dem
910 1484 1168 1550 comperti
1213 1492 1338 1534 sunt
1387 1482 1439 1533 in
1490 1482 1820 1535 meumenica
1883 1480 2088 1550 synodo
2144 1489 2335 1547 quarta

762 1576 1073 1645 congregati
1110 1574 1273 1625 divini
1314 1572 1499 1626 l’atres
1524 1613 1538 1635 ,
1588 1582 1642 1625 et
1684 1572 1776 1641 qui
1825 1580 2189 1626 convenerant
2230 1585 2333 1622 una

761 1678 1037 1721 senatores
1067 1666 1136 1718 ab
1166 1664 1432 1733 {Egyptiis
1454 1665 1721 1731 episcopis
1756 1664 2002 1731 exegisse
2030 1662 2336 1731 ﬁdejussio-

761 1774 860 1810 nes
886 1757 1087 1826 judicio
1122 1755 1345 1808 sistendi
1381 1770 1395 1806 :
1437 1753 1520 1807 vel
1559 1753 1650 1822 qui
1684 1751 2130 1806 satisdatiouibus
2164 1750 2331 1804 desti-

763 1850 1070 1911 tuebantur,
1107 1846 1188 1899 his
1236 1845 1615 1911 jusjurandum
1652 1845 1951 1912 imperasse
1978 1881 1993 1905 ,
2030 1843 2157 1896 dum
2197 1852 2334 1895 tein-

759 1956 858 2009 pus
896 1946 1143 2007 qumruut
1170 1938 1235 1989 ad
1268 1936 1602 1990 dilationem.
1636 1934 1787 1999 Quod
1824 1935 1869 1988 si
1900 1935 2131 1988 clericus
2162 1932 2226 1986 ad
2248 1933 2335 2001 ju-
2362 1914 2409 1973 Β

758 2032 955 2085 ilicium
988 2029 1330 2097 comperiens
1361 2029 1595 2095 aliquem
1626 2035 1955 2094 protractum
1998 2025 2066 2079 ob
2102 2025 2331 2078 dandam

755 2121 982 2176 sistendi
1010 2136 1068 2174 se
1092 2119 1298 2187 judicio
1334 2118 1659 2181 cautionem,
1693 2117 1775 2170 vel
1804 2117 1909 2171 alio
1926 2131 2144 2185 quoquo
2176 2118 2335 2169 modo

759 2213 1035 2282 petitionis
1064 2211 1368 2279 cujuspiam
1397 2208 1668 2277 judicialis
1703 2223 1851 2261 reum
1884 2245 1900 2269 ,
1946 2209 2039 2275 qui
2076 2207 2334 2260 custodiae

759 2306 1008 2369 traditur,
1040 2303 1169 2372 quia
1204 2303 1469 2356 satisdare
1496 2311 1725 2368 nequeat
1757 2316 1771 2352 :
1810 2300 2103 2352 miseratus
2151 2308 2332 2353 autem

755 2399 906 2452 illum
938 2410 1035 2465 pro
1064 2393 1154 2449 illo
1182 2394 1295 2462 ipse
1336 2390 1612 2459 ﬁdejubet,
1665 2392 1834 2459 ipsius
1866 2389 2179 2443 Calamitate
2213 2403 2332 2441 mo-

755 2505 862 2553 tus,
896 2491 1039 2543 hunc
1070 2502 1177 2540 non
1206 2487 1438 2539 arbitror
1460 2481 1653 2537 ordine
1692 2496 1792 2536 suo
1822 2481 2142 2535 nmveudum
2182 2498 2196 2532 :
2240 2480 2333 2534 sed

756 2582 896 2651 apud
936 2579 1100 2634 Deum
1154 2578 1429 2643 bonosque
1468 2575 1613 2628 viros
1664 2582 1941 2642 acceptum
1994 2571 2139 2636 fore,
2194 2572 2336 2626 velut

753 2670 1047 2741 evangelici
1080 2670 1483 2723 observatorem
1510 2664 1771 2718 mandati.
1796 2663 1857 2716 Et
1882 2662 2055 2718 civilis
2075 2671 2333 2730 praetcrea

752 2764 836 2815 lex
869 2761 1098 2814 clericos
1138 2758 1192 2810 in
1247 2756 1338 2823 jus
1388 2762 1607 2809 vocatos
1657 2752 1921 2807 satisdare
1964 2749 2136 2819 jubet.
2196 2749 2331 2802 Nota

752 2854 899 2923 quod
928 2850 1229 2920 segregatio
1263 2858 1346 2903 cst
1380 2848 1544 2902 etiam
1576 2860 1764 2916 poenas
1807 2845 1938 2898 dare
1985 2857 2107 2911 qua:
2135 2856 2167 2896 e
2194 2840 2335 2896 divi-

755 2946 839 2996 nis
871 2944 1097 3017 ejiciunt
1131 2939 1397 3004 terminis,
1431 2948 1485 2992 et
1517 2938 1570 2992 in
1626 2935 2000 3007 pmnitentium
2054 2933 2171 2987 loco
2204 2948 2333 2988 cou-

752 3038 998 3087 stituunt.

752 3126 979 3181 AltlS'l‘.
1010 3124 1243 3178 CIequs
1289 3121 1651 3191 ﬁdejusat'oues
1690 3137 1791 3175 non
1820 3121 1945 3184 dat,
1984 3121 2117 3172 dans
2159 3126 2329 3172 autem

1389 3216 1687 3282 deponitur.

820 3320 937 3375 Non
973 3322 1185 3386 oportet
1210 3312 1463 3367 clericum
1497 3311 1551 3363 in
1600 3309 1816 3377 negotia
1873 3322 1929 3361 se
1980 3306 2201 3374 injircre
2225 3345 2240 3371 ,
2278 3314 2333 3358 et

752 3417 849 3471 lori
880 3408 1149 3483 jndicialis
1179 3405 1457 3461 molestias
1506 3408 1722 3470 propter
1772 3399 1989 3468 aliquod
2029 3408 2184 3465 turpe
2243 3400 2323 3449 lu-

750 3520 925 3561 crum.
956 3503 1011 3555 Si
1038 3498 1203 3555 Paulo
1231 3496 1377 3550 enim
1402 3493 1630 3547 fortasse
1655 3506 1776 3544 cum
1822 3489 2037 3557 publico
2091 3489 2171 3541 vel
2223 3487 2331 3556 pri-

750 3610 873 3651 xato
900 3596 1084 3663 aiiquo
1120 3590 1399 3660 pactiones
1432 3586 1805 3647 contrahente,
1838 3592 1891 3636 et
1917 3582 1967 3635 ei
2014 3598 2117 3635 non
2151 3579 2329 3633 credi-

753 3706 859 3755 ltlr,
896 3689 988 3743 sed
1018 3682 1395 3753 ﬁdejussioues
1445 3680 1752 3745 exiguntur,
1803 3674 2036 3728 clericus
2091 3687 2188 3741 pro
2244 3671 2331 3725 illo

754 3780 1099 3846 tida-jusserit,
1138 3785 1191 3829 et
1216 3767 1701 3827 semctobnoxium
1752 3766 2066 3830 reddiderit,
2125 3767 2245 3818 talis
2275 3772 2331 3817 ut

751 3878 1084 3940 contemptui
1118 3865 1319 3935 proprii
1344 3870 1518 3917 status
1536 3869 1591 3913 et
1620 3858 1840 3913 honoris
1878 3856 2330 3927 propterlucrum

751 3965 1018 4033 quoddam
1062 3959 1263 4019 factus,
1298 3954 1615 4022 deponetur.
1658 3949 1713 4004 Si
1742 3949 1975 4002 clericus
2012 3956 2191 4003 autem
2249 3949 2333 3999 in-

752 4058 974 4111 x-eniens
1002 4051 1270 4105 hominem
1306 4057 1621 4114 oppressum
1671 4051 1726 4095 et
1773 4042 1827 4094 in
1875 4042 2117 4094 custodia
2147 4044 2336 4093 deten-

751 4160 885 4209 tum,
924 4157 971 4198 ct
997 4142 1153 4195 aliter
1193 4138 1336 4192 illinc
1367 4152 1494 4201 nou.
1523 4134 1791 4189 exiturum
1842 4132 1946 4187 nisi
1986 4131 2219 4199 aliquem
2254 4133 2339 4181 dc-

748 4239 889 4292 derit
915 4231 1289 4302 lidcjubentem
1323 4244 1444 4282 eum
1496 4240 1601 4280 non
1653 4224 2051 4293 conlugiturum
2080 4262 2093 4285 ,
2124 4233 2177 4275 et
2210 4237 2335 4291 pro-

751 4343 870 4399 pter
906 4324 1264 4399 sympathiam
1294 4330 1345 4374 et
1379 4318 1771 4371 humanitatem
1799 4315 1960 4368 talem
1989 4314 2040 4367 in
2084 4330 2144 4367 se
2193 4328 2339 4367 rece-

753 4420 913 4489 perit,
949 4426 1001 4469 rt
1043 4412 1366 4482 ﬁdeiusserit
1396 4424 1519 4463 cum
1578 4422 1636 4462 se
1680 4406 1886 4475 judicio
1920 4407 2116 4459 sistere
2165 4420 2338 4475 quan-

754 4516 1040 4577 docunque
1073 4503 1366 4573 requisitus
1392 4500 1575 4562 fuerit,
1630 4513 1734 4552 non
1782 4505 1991 4552 tantum
2055 4512 2159 4550 non
2201 4496 2329 4563 abji-

2444 675 2572 734 τοὺς
2607 672 2752 741 ὄχλῳ
2780 673 3125 749 πραγμάτων
3144 672 3237 724 καὶ
3264 672 3558 739 ἐλκυσμοῐς
3584 667 4004 737 παρεμϐάλωσι,

2443 763 2540 814 καὶ
2567 762 2852 831 ἐπηρείαις
2889 765 3234 833 σεκρετικαῖς
3258 777 3270 789 ’
3308 762 3705 813 ὑποπτεύονται
3754 759 3865 830 γὰρ
3920 759 4011 811 διὰ

2443 856 2633 925 κέρδος
2672 855 2879 907 τούτων
2928 855 3257 923 ἀνέχεσθαι·
3307 854 3719 923 αἰσχροκερδεῖς
3772 853 3832 904 δὲ
3879 851 4008 910 τοὺς

2442 946 2740 1015 κληρικους
2770 942 2906 998 εἶναι
2936 947 2995 997 ού
3024 947 3107 998 δεῖ
3127 962 3140 976 ι
3186 946 3257 997 δι’
3288 946 3317 997 6
3348 947 3439 997 καὶ
3466 946 3499 1014 ὴ
3530 944 3854 1014 καθαίρεσις
3880 942 4010 994 τού-

2440 1055 2551 1099 τοις
2607 1039 2890 1104 ἐπάγεται.
2951 1038 3013 1089 Εί
3056 1038 3113 1090 δὲ
3159 1037 3311 1106 παρά
3362 1054 3505 1099 τινος
3560 1037 3693 1098 ἴσως
3742 1034 4010 1101 κληρικὶς

2440 1130 2772 1197 ἐναγόμενος
2797 1129 2897 1195 τῆς
2925 1129 3005 1190 είς
3033 1129 3093 1179 τὺ
3117 1128 3474 1198 δικαστήριον
3497 1126 3827 1196 προσεδρίας
3848 1126 4010 1194 χάριν

2448 1222 2651 1287 ἐγγύας
2707 1222 3045 1281 ἁπαιτεῖται,
3104 1221 3279 1282 διδοὺς
3330 1220 3536 1281 ταύτας
3578 1221 3638 1272 οὐ
3674 1219 4010 1288 βλαϐήσεται

2438 1314 2591 1381 παρὰ
2618 1312 2717 1382 τὴν
2747 1314 2960 1365 οἰκείαν
3001 1314 3305 1380 ἐπιτιμίαν.
3348 1313 3503 1364 Ἐπεὶ
3532 1312 3793 1382 εὕρηνται
3826 1312 3923 1364 καὶ
3952 1312 4009 1361 ἐν

2439 1408 2500 1473 τῇ
2538 1407 2775 1475 τετάρτῃ
2809 1407 3165 1475 οἰκουμενικῇ
3199 1406 3403 1474 συνόδῳ
3434 1407 3483 1457 οἰ
3528 1406 3587 1458 ἐν
3619 1405 3798 1476 ταύτῃ
3822 1405 4013 1472 ἀθροι-

2440 1493 2659 1553 σθέντες
2684 1494 2815 1544 θεῖοι
2848 1495 3114 1563 Πατέρες,
3147 1494 3240 1546 καὶ
3264 1496 3313 1547 oi
3364 1495 3614 1558 συνόντες
3663 1495 3847 1556 αὐτοῖς
3872 1510 4010 1560 συγ-

2439 1583 2708 1651 κλητικοὶ,
2743 1585 2870 1645 τοὺς
2901 1583 3235 1651 Αἰγυπτίους
3266 1584 3606 1647 ἐπισκόπους
3657 1586 3866 1651 ἐγγύας
3903 1587 4013 1636 ἀπ-

2438 1674 2765 1741 αιτήσαντες
2830 1674 3196 1743 προσεδρίαςο
3277 1674 3309 1741 ἦ
3368 1674 3575 1727 τούτων
3640 1674 4007 1743 ἀποροῦντας,

2439 1763 2797 1825 κελεύσαντες
2824 1764 3133 1833 ἐξωμοσίαν
3171 1764 3524 1830 ποιήσασθαι,
3560 1765 3855 1835 ζητοῦντας
3883 1783 4015 1817 και-

2440 1854 2531 1923 ρὸν
2580 1856 2660 1915 εἰς
2709 1854 3025 1922 ὑπέρθεσιν.
3059 1854 3122 1905 Εἰ
3157 1854 3213 1907 δὲ
3248 1854 3511 1924 κληρικὸς
3547 1857 3845 1921 ἑλκόμενόν
3882 1873 4011 1907 τινα

2436 1943 2707 2013 εὑρηκὼς,
2741 1943 2835 1995 καὶ
2880 1943 3086 2010 ἐγγύας
3119 1943 3261 2013 ὑπὲρ
3297 1946 3724 2014 παραστάσεως,
3764 1947 3797 2015 ἦ
3830 1947 4014 2006 ἄλλως

2436 2051 2554 2096 πως
2587 2035 2999 2103 ἀπαιτούμενον
3032 2036 3129 2088 καὶ
3159 2038 3350 2105 εἰρκτῇ
3377 2038 4013 2107 παραπεμπόμενον,ὠ;

2438 2126 2512 2194 μὴ
2536 2126 2836 2195 δυνάμενον
2868 2129 3172 2196 παρασχεῖν
3196 2128 3297 2189 τὰς
3324 2128 3555 2195 ἐγγύας,
3586 2130 3817 2196 ἐλεήσας
3842 2129 4014 2181 αὐτὸν

2436 2216 2577 2284 ὑπὲρ
2612 2215 2819 2269 ἐκείνου
2850 2216 3049 2268 ἑαυτὸν
3080 2216 3398 2269 ὑποτίθεται
3449 2221 3526 2288 τῇ
3551 2219 3748 2289 ἐγγύῃ,
3776 2220 4014 2273 ἐπικλαο

2436 2307 2587 2369 σθεὶς
2621 2309 2687 2376 τῇ
2712 2307 2806 2359 τοῦ
2850 2308 3154 2377 πάσχοντος
3185 2311 3462 2379 συμφορᾷ,
3499 2310 3598 2363 οὐκ
3636 2306 3792 2377 οἶμαι
3816 2310 4014 2367 τοῦτον

2434 2395 2963 2466 καθαιρεθήσεσθαι,
3022 2397 3160 2449 ἀλλὰ
3194 2397 3291 2449 καὶ
3348 2399 3821 2469 ἀποδεχθήοεσθαι
3854 2403 4015 2467 παρὰ

2434 2485 2570 2538 Θεοῦ
2619 2503 2679 2538 τε
2731 2487 2827 2538 καὶ
2862 2486 3223 2554 εὐγνωμόνων
3261 2487 3493 2557 ἀνδρῶν,
3535 2488 3609 2550 ὡς
3644 2488 4016 2557 εὐαγγελικὴν

2434 2576 2803 2647 πληρώσαντα
2834 2577 3079 2646 ἐντολήν.
3112 2578 3229 2630 Καὶ
3252 2579 3280 2630 6
3312 2577 3585 2641 πολιτικὸς
3605 2580 3661 2632 δὲ
3694 2581 3857 2649 νόμος
3881 2583 4016 2649 τοὺς

2436 2667 2738 2737 κληρικοϋς
2792 2667 3186 2738 δικαζομένους
3244 2669 3448 2723 διδόναι
3502 2670 3708 2738 ἐγγύας
3758 2688 4016 2739 παρακε-

2436 2758 2676 2811 λεύεται.
2724 2759 3042 2827 Σημείωσαι
3075 2761 3158 2812 ὅτι
3192 2760 3500 2829 ἀφόρισμός
3546 2763 3663 2814 ἐστι
3702 2764 3797 2815 καὶ
3844 2763 3908 2815 τὸ
3955 2766 4017 2816 ἐν

2434 2849 2733 2918 ἐπιτιμίοις
2787 2848 3045 2915 γενέσθαι
3094 2852 3209 2914 τοῖς
3282 2850 3607 2905 ἐκϐάλλουσι
3676 2853 3785 2905 τῶν
3848 2852 4015 2905 θείων

2434 2942 2761 3011 περιϐόλων,
2819 2943 2916 2996 καὶ
2971 2944 3106 3012 πρὸς
3129 2944 3227 3013 τὴν
3254 2944 3362 2999 τῶν
3412 2945 3820 3016 μετανοούντων
3874 2946 4017 3005 καθα

2438 3033 2629 3087 ιστῶσι
2664 3033 2869 3103 χώραν.

2434 3124 2657 3178 ΔΡΙΣΤ.
2717 3121 3015 3191 Imm):de
3074 3123 3297 3193 ἐγγύας
3353 3126 3426 3177 οὺ
3460 3122 3707 3179 δίδωσι·
3758 3122 3908 3186 δοὺς
3946 3122 4019 3183 δὲ

3024 3214 3294 3282 καθαιρεῖ
3294 3232 3383 3269 ται
3394 3257 3409 3271 .

2506 3310 2581 3362 Οὐ
2611 3308 2692 3360 δεῖ
2721 3307 2809 3360 τὸν
2852 3292 3120 3376 ⁸κληρικδν
3167 3307 3361 3360 ἐαυτὸν
3398 3308 3478 3371 είς
3510 3309 3813 3377 πράγματα
3864 3326 4022 3377 παρ-

2439 3400 2757 3468 εμϐάλλειν,
2794 3399 2886 3451 καὶ
2919 3397 3293 3468 δικαστηρίων
3320 3398 3573 3468 ὀχλήσεις
3630 3398 3719 3452 διά
3752 3417 3875 3452 τινα
3927 3402 4019 3453 αἰ-

2442 3491 2832 3561 σχροκέρδειαν
2859 3506 2873 3520 ·
2909 3491 2958 3541 εἰ
2987 3490 3097 3560 γὰρ
3134 3488 3228 3543 τοῦ
3274 3490 3487 3543 Παύλου
3524 3490 3687 3559 τυχὸν
3732 3493 3871 3559 μετὰ
3918 3492 4019 3549 τοῦ

2440 3585 2708 3654 δημοσίου
2745 3583 2776 3652 ἢ
2819 3584 2916 3635 καὶ
2971 3582 3182 3636 ἰδιώτου
3216 3584 3359 3644 τινὲς
3390 3582 3875 3648 συναλλάσσοντος,
3919 3585 4021 3635 καὶ

2439 3680 2515 3748 μὴ
2572 3677 3071 3746 ἐμπιστευομένου,
3128 3676 3243 3729 ἀλλ’
3302 3674 3712 3744 ἀπαιτουμένου
3775 3674 4018 3739 ἐγγύας,

2438 3768 2695 3838 κληρικδς
2726 3768 3063 3836 ἐγγυήσεται
3090 3767 3305 3829 τοῦτον,
3339 3768 3431 3819 καὶ
3456 3766 3798 3836 καταστήσει
3825 3765 4021 3832 ἔνοχον

2437 3860 2664 3914 ἑαυτόν
2699 3862 2726 3912 ὁ
2754 3858 3016 3923 τοιοῦτος,
3073 3859 3147 3922 ὼς
3183 3858 3605 3927 καταφρονητὴς
3649 3860 3747 3926 τῆς
3797 3857 4017 3919 οἰκείας

2436 3951 2718 4019 ἐπιτιμίας
2742 3950 2831 4003 διά
2863 3966 2915 4002 τι
2948 3949 3137 4018 κέρδος
3164 3949 3477 4017 γενόμενος,
3514 3948 4011 4019 καθαιρεθήσεται.

2439 4046 2503 4095 Εἰ
2532 4044 2590 4096 δέ
2616 4045 2755 4095 κατὰ
2788 4041 2953 4094 πόνου
3004 4039 3179 4109 εὑρὼν
3209 4043 3234 4093 6
3264 4039 3527 4114 κληρικὺς
3569 4039 3884 4107 ἄνθρωπον,
3922 4043 4023 4091 καί

2440 4139 2498 4189 ἐν
2557 4134 2774 4203 φυλακῇ
2828 4134 3218 4202 κατεχόμενον,
3275 4132 3370 4183 καὶ
3416 4131 3593 4194 ἄλλως
3652 4131 3868 4183 ἐκεῖθεν
3943 4129 4037 4211 pi;

2441 4229 2797 4295 ἐξαγόμενον,
2820 4228 2868 4276 εἰ
2898 4228 2970 4293 μη
2994 4240 3115 4277 τινα
3144 4222 3260 4292 δοίη
3288 4220 3380 4275 τὸν
3407 4222 3823 4291 ἐγγυησάμενον
3848 4220 4023 4273 αὑτὸν

2443 4319 2520 4388 μὴ
2549 4317 2850 4387 ἀποδρᾶναι
2872 4330 2884 4343 ·
2939 4317 3032 4368 καὶ
3064 4314 3155 4367 διὰ
3191 4314 3541 4383 συμπάθειαν
3574 4316 3668 4366 καὶ
3704 4313 4024 4385 φιλανθρω-

2441 4410 2572 4465 πίαν
2603 4408 2913 4472 ἁναδέξεται
2945 4408 3036 4461 τὸν
3064 4407 3312 4460 τοιοῦτον
3352 4406 3447 4459 καὶ
3480 4409 3757 4477 παριστᾷν
3810 4408 4024 4479 ἐγγυή-

2443 4520 2615 4568 σεται,
2645 4502 2848 4553 ὁπόταν
2879 4499 2944 4553 ἂν
2973 4497 3183 4569 ζητηθῇ
3210 4538 3224 4562 ,
3255 4498 3316 4550 ού
3363 4498 3525 4567 μόνον
3569 4499 3670 4551 οὐκ
3698 4498 4023 4569 ἁπᾶϐλητος

753 4600 978 4657 tit-udus
1005 4598 1129 4659 erit,
1160 4596 1253 4649 sed
1283 4592 1581 4646 laudandus
1619 4589 1949 4659 judicabitur
1971 4628 1987 4653 ,
2024 4597 2082 4642 ut
2128 4603 2334 4656 ponens

2439 4593 2617 4655 ἔσται,
2673 4589 2809 4643 ἀλλὰ
2867 4589 2963 4642 καὶ
3004 4588 3321 4649 ἐπαινετέος
3368 4589 3717 4658 κριθήσεται,
3788 4588 3863 4650 ὡς
3916 4590 4021 4658 τὴν

755 4696 991 4748 animam
1023 4703 1179 4745 suam
1218 4702 1315 4756 pro
1357 4691 1610 4753 cognato.
1647 4680 1871 4734 Clericis
1923 4689 2104 4733 autem
2160 4680 2212 4731 in
2248 4680 2336 4748 jus

750 4783 959 4838 vocatis
991 4780 1131 4849 exigi
1170 4774 1551 4845 ﬁdejussioues
1571 4771 1777 4840 judicio
1819 4784 1879 4825 se
1915 4767 2139 4823 sistendi
2166 4808 2179 4833 ,
2234 4770 2336 4821 hoc

760 4891 865 4931 non
896 4873 1067 4929 reddit
1093 4886 1188 4925 eos
1215 4866 1544 4936 depositioui
1568 4863 1849 4917 obnoxios.
1886 4860 1942 4913 In
1974 4873 2165 4928 quarta
2189 4858 2335 4911 enim

754 4968 969 5023 actione
1005 4965 1058 5017 in
1094 4960 1438 5016 Chalcedoac
1473 4966 1738 5020 actorum,
1766 4964 1959 5007 sancta
2007 4952 2245 5021 synodus
2283 4958 2337 5004 et

753 5060 1095 5115 considentes
1128 5058 1183 5109 iu
1212 5069 1274 5108 ea
1325 5048 1666 5107 celeberrimi
1717 5045 1977 5115 praafecti,
2024 5050 2333 5099 statuerunt

753 5148 1040 5218 (Egyptios
1078 5144 1358 5213 episc0pos
1390 5138 1764 5208 ﬁdejussioues
1804 5150 1863 5190 se
1894 5133 2120 5188 sistendi
2160 5134 2330 5197 ,darc,

755 5253 808 5296 ct
833 5242 941 5296 illis
966 5238 1254 5294 destitutos
1280 5230 1637 5304 jurejurando
1672 5226 1959 5296 obstringi.

1343 5508 1572 5567 CANON
1604 5507 1740 5563 XXI.

756 5614 1069 5673 [ιωιιιείιιιδ.
1105 5610 1151 5662 si
1182 5623 1243 5661 ea:
1277 5606 1542 5659 hominum
1569 5602 1778 5672 quidem
1804 5598 2001 5669 injuria
2033 5602 2209 5671 factus
2241 5601 2331 5667 sit,

2436 4682 2631 4737 ἐαυτοῦ
2662 4681 2844 4752 ψυχὴν
2876 4680 3019 4749 ὑπὲρ
3051 4679 3349 4749 ὁμογενοῦς
3404 4680 3655 4747 θέμενος.
3692 4679 3764 4730 T6
3798 4680 3855 4731 δὲ
3889 4682 4025 4742 τοὺς

2438 4777 2740 4847 κληρικους
2774 4774 3169 4844 δικαζομένους
3207 4772 3560 4825 ἀπαιτεῖσθαι
3596 4772 3808 4840 ἐγγύας
3839 4790 4026 4842 παρα-

2440 4872 2687 4931 στάσεως
2749 4865 3009 4924 τοσοῦτον
3060 4866 3119 4917 ού
3179 4865 3499 4933 καθαιρέσει
3554 4866 3754 4928 αὐτοὺς
3795 4864 4025 4935 ἐνόχους

2438 4961 2784 5029 καθίστησιν,
2817 4958 2898 5010 ὅτι
2933 4959 3031 5011 καὶ
3079 4958 3135 5011 ἐν
3172 4959 3239 5025 τῇ
3274 4962 3513 5027 τετάρτῃ
3586 4956 3781 5025 πράξει
3811 4958 3927 5010 τῶν
3961 4960 4024 5010 ἐν

2436 5050 2743 5119 Χαλκηδόνι
2804 5048 3156 5118 πραχθέντων
3217 5050 3249 5116 ὴ
3312 5048 3442 5116 ἁγία
3500 5048 3715 5111 σύνοδος
3759 5050 3852 5101 καὶ
3888 5067 4022 5102 συν-

2440 5144 2755 5213 εδρεύοντες
2785 5142 2922 5212 αὐτῇ
2947 5140 3283 5204 ἐνδοξότατοι
3318 5142 3579 5212 ἄρχοντες
3612 5142 3858 5196 διέλαϐον
3886 5148 4021 5204 τοὺς

2440 5238 2777 5306 “Tun-ﬁcu;
2829 5236 3163 5295 ἐπισκόπους
3216 5235 3422 5305 ἐγγύας
3459 5236 3789 5306 προσεδρίας
3842 5255 4027 5309 παρα-

2443 5332 2612 5400 σχεῖν,
2650 5330 2745 5381 καὶ
2793 5327 3001 5379 τούτων
3056 5325 3401 5398 ἀποροῦντας
3458 5329 3736 5402 ἐξωμοσία
3769 5347 4023 5385 καταπιο

2444 5420 2752 5490 στευθῆναι.

3028 5509 3265 5561 ΚᾹΝΩΝ
3300 5510 3425 5562 KA'.

2445 5603 2755 5671 Εὐνοῦχος
2796 5601 2929 5673 (36),
2980 5603 3028 5653 εἰ
3082 5600 3198 5670 μὲν
3249 5600 3318 5666 ἐξ
3363 5602 3647 5669 ἐπηρείας
3686 5603 4026 5672 ἀνθρώπων

1973 5717 2165 5778 Guill.
2198 5718 2522 5796 Beveregii
2567 5724 2756 5777 notae.

828 5830 941 5900 (5i)
998 5829 1328 5895 Ei‘i'cfvch.
1393 5826 1642 5900 Serundo
1700 5839 1727 5900 a
1802 5821 2003 5900 Christi
2066 5824 2331 5900 natalitiis

762 5895 953 5961 liuenti:
985 5906 1203 5963 sxa-uin,
1252 5908 1367 5952 υιιε
1413 5909 1495 5948 e-t
1549 5895 1885 5949 \alcsiorum
1942 5895 2185 5959 lixrcsis,
2240 5896 2329 5963 qui

2434 5824 2582 5875 varia
2631 5823 2925 5891 Scriptum
2977 5821 3114 5883 loca.
3168 5822 3469 5890 praesertim
3527 5822 3717 5874 Matth.
3754 5838 3866 5887 xu,
3929 5825 4023 5887 £2,

2434 5908 2716 5964 perperam
2753 5895 3115 5961 interpretati,
3162 5894 3395 5947 cxseCtis
3431 5894 3697 5961 virilibus,
3736 5898 4026 5952 eunuchus
