4186 6438
144 375 209 436 81
1392 380 1473 437 IN
1503 381 1667 439 CAN.
1713 382 1719 438 ἶ

1809 381 1850 440 CI
1883 383 2141 445 APOST.
3319 377 3384 434 δί

212 479 454 548 ἐγένετό
521 499 629 546 τις,
687 483 826 548 ἢέν
875 481 1105 550 διωγμῷ
1140 483 1408 552 ἀφῃρέθη
1472 486 1542 538 τὰ
1603 485 1800 544 τῶνΑ

213 567 474 640 ἀνδρῶν,
533 574 568 640 ῆ
601 573 788 639 οὕτως
825 575 962 644 ἔφυ,
1013 576 1111 629 καί
1146 577 1318 631 ἐστιν
1353 578 1542 642 ἄξιος,
1596 578 1716 628 ἐπί-

214 678 457 726 σκοπος
481 664 762 728 γινέσθω.

217 755 419 811 ΒΔΛΣ.
455 756 519 807 Οἱ
550 757 806 826 τέτταρες
835 751 980 810 οὗτοι
1009 760 1258 821 κανόνες,
1287 762 1454 830 ἤγουν
1473 761 1501 813 ὁ
1526 759 1716 829 παρὼν

141 848 242 899 καὶ
275 849 322 900 οἱ
356 848 584 916 άφεξῆς,
610 851 722 910 τοῖς
749 849 847 916 μὲν
891 850 994 918 πρὸ
1022 851 1115 903 τοῦ
1156 851 1504 920 κληρωθῆναι
1531 854 1716 903 εὐνου-

142 935 382 1004 χισθεῖσι
433 937 523 988 διά
562 937 717 989 νόσον
753 938 784 1007 ἢ
819 939 875 1001 ἐξ
906 939 1099 1007 ἐφόδου
1136 940 1345 1010 ἐχθρῶν
1392 957 1715 1008 συγγνωμο-

141 1025 317 1087 νοῦσι,
358 1026 450 1079 καὶ
475 1025 550 1095 τῷ
582 1026 770 1096 κλήρῳ
803 1029 1328 1096 συγκαταλέγουσιν,
1362 1030 1547 1092 ἀξίους
1577 1031 1716 1080 πάν-

139 1131 251 1177 τως
283 1117 744 1185 εὑρισκομένουςο
799 1121 926 1180 τοὺς
984 1121 1040 1171 δὲ
1090 1121 1228 1188 μετὰ
1279 1121 1379 1190 τὴν
1413 1123 1715 1191 ἱερωσύνην

141 1207 373 1269 ἑαυτοὺς
402 1207 952 1277 άκρωτηριάσαντας,
993 1211 1096 1262 κᾶν
1130 1211 1235 1263 ὑπὸ
1278 1213 1432 1264 νόσου
1461 1214 1717 1282 ἐϐιάσθη-

142 1316 265 1357 σαν,
300 1298 566 1360 ὡσαύτως
600 1302 694 1351 καὶ
724 1301 851 1362 τοὺς
874 1302 980 1370 πρὸ
1011 1303 1111 1371 τῆς
1146 1304 1444 1371 ἱερωσύνης
1468 1306 1590 1374 δίχα
1626 1307 1715 1357 νό-

142 1407 239 1442 σου
266 1392 336 1444 τὰ
371 1394 669 1460 παιδογόνα
717 1394 882 1462 μόρια
915 1395 1127 1447 ἑαυτῶν
1153 1397 1508 1462 περιελόντας
1559 1399 1717 1450 κολά-

141 1483 325 1544 ζουσι·
360 1486 487 1548 τοὺς
514 1486 615 1553 μὲν
639 1487 745 1554 γὰρ
768 1486 1112 1555 καθαιροῦσι,
1140 1489 1266 1548 τοὺς
1293 1490 1348 1540 δὲ
1379 1489 1714 1557 κληροῦσθαι

139 1573 453 1625 κωλύουσι·
483 1575 610 1637 τοὺς
642 1576 696 1627 δὲ
728 1576 952 1637 λαῖκοὺς
997 1575 1122 1636 τοὺς
1174 1577 1294 1645 δίχα
1327 1579 1482 1628 νόσου
1539 1580 1570 1648 ἢ
1617 1581 1716 1633 ἐπ-

139 1663 337 1731 ηρεέας
369 1665 596 1726 ἑαυτοὺς
649 1665 1176 1734 ἀκρωτηριάσαντας
1211 1669 1301 1718 ἐπὶ
1329 1667 1423 1733 ἐτη
1460 1669 1582 1737 τρία
1614 1671 1718 1737 ἀφ·

140 1755 452 1821 ορῑζουσινο
486 1756 612 1808 ὅθεν
645 1758 740 1810 καὶ
792 1759 841 1810 oi
899 1758 1118 1820 πλειους
1179 1759 1287 1812 τῶν
1333 1761 1638 1828 ἀνθρώπων
1667 1765 1716 1815 οἱ

141 1847 664 1918 προσεκτικωτεροι,
715 1847 804 1900 διὰ
834 1849 989 1901 νόσον
1043 1850 1330 1916 μέλλοντες
1385 1852 1719 1921 εὐνουχίζειν

141 1937 341 1998 παῖδας
365 1937 573 2000 αὐτῶν,
593 1941 660 2007 τῇ
689 1939 966 2010 ἁγιωτάτῃ
983 1940 1280 2012 Ἐκκλησία
1298 1943 1716 2012 προσέρχονται,

140 2030 232 2082 καὶ
259 2029 431 2098 δήλην
461 2027 675 2082 ποιοῦσι
732 2031 829 2099 τὴν
859 2032 1038 2094 νόσον,
1077 2035 1170 2086 καὶ
1201 2035 1298 2102 τὴν
1337 2035 1446 2087 τῶν
1483 2035 1719 2104 διδύμων

140 2122 411 2191 ἔκκοπήν.
442 2121 504 2174 Οἱ
540 2120 596 2173 δὲ
632 2121 906 2174 πολιτικοὶ
930 2122 1087 2191 νόμοι
1122 2123 1376 2192 μεγάλως
1420 2123 1717 2186 κολάζουσι

138 2212 266 2273 τοὺς
322 2210 738 2280 εὐνουχῑζοντας
773 2213 968 2274 παῖδας
1020 2213 1225 2277 αὐτῶν,
1289 2216 1323 2286 ἢ
1374 2215 1618 2278 δούλους,
1680 2215 1713 2280 ἦ

139 2302 362 2370 ἐτέρους
396 2301 550 2362 τινὰς
580 2302 718 2371 νόσῳ
753 2303 829 2373 μὴ
859 2305 1280 2373 κατεχομένους.
1309 2308 1417 2358 Καὶ
1440 2307 1712 2373 ἀνάγνωθι

137 2395 198 2445 τὸ
235 2395 295 2446 ιδ’
325 2411 450 2462 κεφ.
499 2394 591 2446 τοῦ
625 2395 844 2464 πρώτου
898 2397 1077 2448 τίτλου
1132 2398 1225 2450 τοῦ
1287 2400 1551 2468 παρόντος
1588 2417 1715 2450 συν-

135 2485 445 2553 τάγματος,
494 2487 590 2538 καὶ
641 2488 739 2556 τὴν
774 2486 816 2551 ξ’
843 2488 1062 2556 Νεαρὰν
1087 2492 1181 2541 τοῦ
1245 2490 1511 2558 βασιλέως
1543 2489 1712 2560 κυροῠ

139 2577 377 2636 Λέοντος
401 2576 495 2630 τοῦ
529 2578 724 2646 Σοφοΰ.
763 2578 918 2631 Ἐπεὶ
948 2579 1004 2632 δὲ
1035 2582 1116 2643 εἰς
1147 2582 1274 2651 τρία
1297 2581 1631 2652 διαιροῦνται
1665 2584 1715 2635 οἱ

1751 1812 1852 1897 ⁸η

1895 489 1969 541 vel
2000 489 2049 539 in
2084 489 2436 551 persecutione
2471 487 2705 539 virilibus
2752 487 2983 550 privatus
3029 485 3091 535 sit
3119 524 3130 546 ,
3182 484 3260 535 vel
3312 485 3387 535 sic

1897 587 2053 629 natus
2090 587 2184 638 est,
2222 587 2268 628 ct
2301 578 2483 644 dignm
2531 588 2626 636 est.
2667 578 2761 643 ﬁat
2796 578 3085 640 episcopus.

1892 757 1993 826 15
2017 756 2201 809 BALS.
2237 755 2298 808 lli
2327 764 2556 823 quatuor
2583 770 2836 815 canones.
2870 768 3102 819 prwsctts
3134 754 3383 806 nimirum

1816 857 1864 900 cl
1898 859 2006 900 tres
2029 861 2146 914 quae
2175 856 2488 914 sequuntur.
2523 847 2585 898 iis
2605 847 2819 913 quidem
2848 847 2937 915 qui
2970 851 3256 910 authuum
3281 845 3384 894 clo.-

1819 940 1910 992 rici
1936 939 2058 991 facti
2085 947 2284 997 essent,
2310 948 2525 1004 propter
2557 939 2796 990 morbum
2827 975 2842 999 ,
2891 937 2971 989 vel
3017 936 3250 988 hostium
3306 937 3386 986 iu-

1818 1030 2116 1082 cursiouem
2140 1030 2357 1082 castrati
2385 1040 2528 1090 sunt.
2559 1030 2863 1096 ignoscunt,
2885 1039 2939 1081 et
2965 1042 3058 1081 eos
3088 1028 3140 1078 in
3183 1027 3383 1078 clcrum

1819 1121 2080 1180 referunt.
2109 1121 2153 1174 si
2182 1120 2401 1173 omnino
2432 1120 2574 1186 digni
2628 1121 2968 1172 inveniantur
3008 1137 3019 1170 :
3061 1134 3154 1170 cos
3209 1130 3384 1169 animo

1817 1213 1906 1279 qui
1941 1220 2059 1275 post
2089 1211 2448 1265 sacerdotium
2482 1210 2688 1273 seipsos
2724 1210 3128 1269 mutilavcrunt,
3177 1209 3384 1260 etiamsi

1820 1317 1846 1352 a
1881 1302 2066 1354 morbo
2095 1301 2266 1354 coacti
2296 1301 2432 1354 sint:
2479 1301 2724 1353 similiter
2751 1310 2804 1354 et
2836 1315 2950 1362 eos,
2985 1301 3072 1367 qui
3119 1307 3243 1349 aute
3300 1313 3385 1347 sa-

1814 1394 2112 1449 cerdotium
2154 1394 2358 1460 absque
2391 1393 2576 1446 morbo
2617 1392 2865 1458 genitalia
2897 1407 2996 1445 sua
3033 1393 3348 1444 cxscinduut
3372 1429 3385 1446 .

1819 1484 2068 1551 puuiuut.
2102 1480 2228 1536 Illos
2248 1483 2392 1536 enim
2423 1485 2716 1550 deponunt,
2742 1482 2841 1535 bos
2864 1496 2991 1534 vero
3015 1481 3240 1534 clericos
3274 1481 3386 1532 ﬁcri

1817 1573 2106 1644 prohibent
2142 1590 2155 1624 :
2189 1573 2355 1626 laicos
2390 1582 2588 1632 autem.
2617 1572 2704 1638 qui
2731 1573 2933 1637 absque
2969 1574 3156 1622 morbo
3192 1570 3276 1621 vel
3305 1573 3385 1620 iu-

1813 1663 1956 1730 juria
1990 1664 2198 1728 seipsos
2227 1661 2498 1724 mutilant.
2533 1661 2704 1713 tribus
2727 1662 2881 1712 annis
2915 1668 3217 1727 segregant.
3241 1657 3388 1710 Uutlo

1819 1754 1980 1807 etiam
2016 1753 2233 1822 plurimi
2265 1752 2510 1804 homines
2538 1751 2693 1819 paulo
2737 1751 3191 1804 consideratiorcs
3217 1790 3229 1808 .
3267 1765 3391 1800 suos

1861 1845 1960 1898 lios
1984 1853 2204 1913 propter
2234 1843 2476 1896 morbum
2511 1843 2821 1904 castraturi.
2866 1842 2930 1894 ad
2988 1842 3388 1895 sanctissimam

1816 1933 2112 1990 Ecclesiam
2161 1935 2426 1988 accedunt
2459 1972 2474 1996 .
2525 1943 2578 1987 et
2630 1935 2873 1987 morbum
2925 1944 2977 1986 et
3021 1933 3387 1984 testiculorum

1814 2027 2204 2082 abscissionem
2255 2025 2523 2092 aperiunt.
2576 2024 2777 2078 Civiles
2827 2033 3004 2075 autem
3045 2023 3185 2089 lcgcs
3239 2025 3390 2074 va‘de

1814 2120 2040 2189 puniunt
2071 2134 2164 2173 eos
2205 2117 2295 2188 qui
2347 2133 2476 2171 suos
2530 2117 2666 2169 ﬁlios
2695 2155 2709 2178 .
2744 2115 2826 2167 vel
2867 2129 3050 2168 servos
3076 2155 3089 2177 ,
3135 2113 3215 2164 vel
3259 2113 3391 2165 alios

1817 2214 2006 2268 morbo
2039 2226 2144 2264 non
2173 2225 2462 2279 oppressos
2493 2215 2755 2261 castraut.
2792 2205 2930 2272 Lege
2951 2207 3112 2259 etiam
3165 2205 3228 2257 l4
3267 2222 3385 2272 cap.

1823 2305 1980 2373 primi
2017 2301 2155 2355 tituli
2192 2301 2473 2371 praesentis
2501 2298 2703 2365 operis,
2739 2307 2793 2349 et
2845 2296 2914 2349 60
2960 2295 3231 2348 Novellam
3287 2298 3389 2348 itu-

1821 2395 2085 2464 peratoris
2118 2394 2316 2447 domini
2345 2391 2539 2444 Leonis
2569 2390 2860 2457 Sapientis.
2914 2388 3048 2453 Quia
3078 2399 3252 2442 autem
3287 2392 3349 2440 tri
3364 2407 3386 2439 τι

1821 2495 1947 2540 sunt
1979 2485 2346 2538 eunucbormu
2376 2496 2610 2551 genera:
2641 2481 2746 2535 viz.
2782 2482 2981 2534 tldibizn
3016 2522 3030 2545 .
3070 2483 3158 2548 qui
3207 2482 3272 2534 ab
3309 2483 3390 2535 iu-

1822 2578 1987 2632 fantia
2019 2577 2279 2647 genitales
2323 2584 2503 2644 partes
2546 2575 2880 2639 amiserunt,
2939 2583 2994 2627 ut
3050 2589 3164 2641 qurc
3224 2575 3302 2628 eis
3359 2590 3387 2626 a

1330 2723 1525 2786 Guill.
1573 2723 1902 2802 Beveregii
1945 2729 2138 2784 notre.

142 2879 201 2916 se
233 2862 541 2918 faciebant:
577 2870 635 2916 ut
661 2871 928 2918 testantur
950 2865 1212 2934 Epiphan.
1238 2867 1371 2921 ham
1405 2867 1492 2928 58.
1521 2882 1634 2930 par.
1663 2868 1713 2930 l.

142 2943 198 2984 et
243 2934 477 3004 August.
529 2935 661 2987 bzcr.
706 2934 799 2987 57.
855 2935 1050 2990 Eodem
1093 2937 1338 3004 protinus
1375 2951 1561 2987 errore
1611 2937 1714 2988 im-

143 3004 309 3053 butus
341 3003 600 3059 Origenes
651 3018 808 3055 suum
847 3006 1008 3058 etiam
1058 3003 1258 3068 corpus
1303 3006 1515 3058 evirare
1554 3021 1716 3058 ausus

141 3082 274 3124 est:
316 3081 374 3122 ut
403 3072 597 3125 docent
650 3072 846 3125 Euseb.
889 3073 1028 3129 Hist.
1081 3075 1287 3128 Eccles.
1344 3077 1377 3127 Ι.
1432 3073 1490 3130 6.
1539 3091 1589 3128 c.
1648 3075 1710 3140 8;

138 3140 466 3211 Nicephd.
509 3142 560 3202 5.
594 3157 655 3211 _c.
695 3141 759 3202 8;
810 3141 1078 3211 Epiphan.
1139 3145 1270 3197 ha-r.
1326 3144 1417 3205 64,
1481 3158 1595 3202 par.
1654 3146 1707 3196 '5.

140 3209 293 3275 Quod
306 3207 558 3272 Origenis
585 3209 818 3271 facinus.
849 3207 1176 3275 Demetrius.
1195 3213 1453 3265 Ecclesia!
1475 3213 1709 3266 Alexan-

141 3281 311 3350 drina:
346 3279 660 3346 episcopus.
699 3280 877 3344 primo
911 3282 1228 3341 admiratus.
1255 3282 1449 3335 deinde
1489 3281 1708 3350 scriptis

140 3349 205 3401 ad
230 3363 426 3401 omnes
457 3350 652 3416 ubique
687 3357 956 3404 terrarum
997 3353 1297 3417 episcopos.
1324 3361 1577 3412 tanquam
1606 3349 1707 3404 ab-

139 3417 526 3487 surdissimium
559 3418 970 3487 proscindebat.
1007 3431 1064 3472 ut
1102 3421 1265 3473 tradit
1296 3420 1560 3474 Eusebius
1586 3422 1707 3474 loco

141 3489 331 3539 citato.
397 3486 706 3542 Hinc'veri
753 3489 908 3542 nobis
966 3491 1106 3542 haud
1154 3490 1416 3544 dissimile
1471 3491 1705 3555 videtur,

140 3557 353 3622 aliquos
400 3557 590 3610 saltem
655 3572 864 3615 eorum.
909 3560 952 3610 si
1011 3575 1117 3611 non
1175 3575 1393 3625 omnes,
1449 3560 1514 3612 ad
1572 3574 1760 3626 quos.

142 3626 453 3678 Demetrius
478 3627 788 3693 scripserat.
837 3627 1142 3693 episcmtos.
1177 3629 1228 3679 in
1261 3645 1426 3680 unum
1481 3643 1710 3690 congre-

140 3704 318 3758 gatos.
363 3695 464 3748 hac
493 3697 558 3748 de
587 3713 644 3750 re
686 3697 1128 3750 deliberationem
1163 3698 1368 3759 iniisse,
1397 3707 1449 3750 et
1476 3708 1709 3765 quatuor

141 3765 239 3817 hos
271 3765 339 3816 de
365 3765 628 3836 eunuchis
658 3781 896 3820 canones
919 3767 1001 3819 vel
1036 3768 1210 3836 primo
1231 3769 1601 3831 constituisse,
1625 3767 1706 3820 vel

140 3848 268 3886 ante
325 3834 647 3889 constitutos
703 3834 1047 3900 renovassea
1093 3837 1234 3899 quod
1289 3838 1534 3890 ultimum
1574 3837 1706 3890 mihi

141 3904 318 3974 magis
371 3903 594 3974 arridet.
645 3914 926 3970 propterea
983 3906 1125 3974 quod
1178 3906 1480 3959 Demetrius
1531 3905 1708 3958 Caesa-

142 3973 383 4025 riensem
410 3981 482 4043 _et_
501 3971 1050 4043 Hierosolymitanuin
1076 3977 1358 4043 episcopos
1387 3976 1708 4029 criminatus

140 4049 250 4114 (5|,
275 4041 427 4114 quod
448 4038 730 4109 Origeuem
755 4038 859 4114 ’iu_
879 4038 1198 4114 presbyterii
1241 4038 1460 4108 gradum
1493 4059 1708 4106 promo-

139 4111 344 4182 vissent
358 4110 483 4182 ,via.
500 4122 686 4182 contra
701 4126 818 4182 can.
834 4111 904 4165 ‘22
920 4129 1025 4180 quo
1042 4110 1470 4182 constituitttr,_t_tt
1488 4116 1516 4164 ὁ
1529 4114 1709 4182 ἀκρω-

138 4179 644 4251 τηριάσας-ἐαυτὸν
673 4180 747 4250 μὴ
787 4179 1027 4248 γενέσθω
1073 4182 1353 4251 κληρικός.
1405 4180 1514 4234 Nisi
1561 4179 1704 4234 cuim

143 4248 454 4307 huiusmodi
519 4248 794 4302 decretum
847 4261 1003 4303 antea
1075 4248 1274 4304 editum
1327 4251 1548 4308 fuisset.
1601 4266 1712 4304 non

141 4317 304 4369 video
342 4332 510 4374 quare
544 4320 849 4372 Demetrius
882 4320 982 4373 hoc
1013 4322 1077 4374 iis
1106 4322 1234 4372 vitio
1281 4328 1536 4372 verteret.
1569 4319 1706 4370 lleu.

142 4385 294 4438 ricus
325 4384 592 4450 Valesius,
623 4388 813 4453 fateor,
852 4391 903 4442 in
947 4390 1390 4442 annotationibus
1417 4391 1479 4440 ad
1506 4390 1704 4440 dictum

143 4454 364 4508 Eusebii
423 4456 632 4518 locum.
688 4459 913 4522 scribit,
953 4459 1224 4512 Demetrio
1278 4459 1477 4510 illatam
1541 4458 1706 4512 fuisse

142 4523 428 4594 iniuriam,
455 4526 596 4592 quod
636 4529 1044 4580 commemorati
1093 4529 1328 4594 episcopi
1379 4527 1662 4594 Origeueut
1692 4566 1706 4587 .

143 4593 512 4664 ditionisuon
567 4609 699 4659 sum,
754 4598 848 4649 sed
893 4593 1294 4664 {Alexandrina}.
1342 4599 1426 4649 cui
1485 4593 1714 4664 praverat

142 4661 471 4734 Demetrius.
505 4664 867 4718 ordinasscnt.
897 4663 1096 4718 Verum
1135 4664 1488 4734 Hieronymus
1524 4663 1712 4732 Orige-

141 4746 268 4784 nem
319 4732 560 4784 Athenas
591 4748 685 4800 per
735 4734 1098 4800 lfalrestinam,
1137 4736 1222 4787 ubi
1276 4732 1556 4787 ordinatus
1605 4745 1710 4800 est.

141 4795 621 4866 proficiscenti-to,
675 4795 1100 4856 ecclesiasticam
1167 4819 1346 4857 secum
1418 4795 1708 4869 Epistolam

141 4870 393 4941 attulisse
449 4870 636 4941 refert.
698 4871 1005 4941 llieronym.
1071 4873 1122 4924 in
1172 4873 1332 4924 catal.
1383 4887 1512 4924 voce
1561 4874 1707 4939 Orig.

143 4951 278 4990 tom.
315 4935 402 4998 Ill.
450 4937 537 4990 fol.
576 4939 665 4997 96.
698 4941 753 4993 2.
791 4941 854 4992 Et
884 4935 998 5008 ipse
1028 4942 1190 4993 etiam
1225 4942 1528 4994 Alexander
1579 4935 1708 4994 Hie-

140 5008 586 5078 rosolytnitanus.
650 5011 739 5077 qui
788 5024 909 5062 eum
975 5009 1358 5072 ordinaverat,
1430 5012 1706 5078 epistolam

139 5075 363 5148 srripSit
402 5091 496 5148 pro
524 5075 756 5145 Origene
789 5081 1051 5133 adversus
1087 5079 1440 5140 Demetrium,
1465 5075 1530 5132 eo
1562 5083 1706 5148 quod

135 5145 291 5220 juxta
329 5146 694 5220 testimonium
727 5149 1147 5220 Detuetriiueum
1183 5151 1552 5220 presbyterum
1581 5145 1709 5203 cou-

140 5217 420 5274 stituerat,
473 5224 529 5267 ut
576 5218 764 5268 scribit
800 5218 935 5270 idem
989 5217 1205 5271 llierou.
1263 5217 1702 5274 iit—Alexandro.

141 5285 273 5357 ibid.
311 5282 402 5357 fol.
425 5282 523 5357 _98.
555 5287 590 5357 1A
645 5285 710 5337 Et
737 5287 937 5338 idcirco
989 5288 1089 5354 ipsi
1137 5303 1353 5355 quoque
1392 5288 1605 5357 Aigypti
1653 5300 1706 5342 et

140 5355 484 5424 Alexandria:
510 5355 748 5422 episcopi
781 5357 832 5408 in
864 5358 1091 5422 epistola
1134 5360 1388 5424 synodica
1445 5355 1704 5414 adversus

137 5423 389 5497 υἷι-μεως
451 5425 790 5497 doctrinam.
835 5423 1278 5493 χειροτονηθέντα
1346 5428 1504 5478 αὖτἰν
1570 5445 1706 5497 πρε-

137 5490 405 5567 σῦύτερρν
445 5491 548 5542 ὑπὸ
601 5493 700 5560 τῆς
733 5490 1032 5567 κανονᾼικῆςγ
1081 5490 1285 5567 τεκαὶ
1343 5497 1468 5564 μιᾶς
1523 5490 1703 5567 χειρὸς

137 5558 408 5634 ἀληθινῆς
443 5558 760 5634 agnoscunt.
798 5565 901 5617 Sed
946 5558 1073 5632 quid
1125 5558 1368 5633 pluribus
1420 5558 1554 5632 Opu's'
1595 5558 1700 5634 est;

138 5643 261 5680 eum
305 5630 421 5696 ipse
452 5631 614 5681 etiam
651 5631 911 5686 Eusebius
940 5630 1083 5685 dicto
1127 5630 1242 5688 ioco
1295 5630 1548 5698 fateatur.
1598 5630 1700 5690 De;

139 5699 398 5750 tnetriutn
435 5700 568 5752 nihil
591 5704 743 5773 aliud
781 5704 1056 5765 habuisse,
1101 5705 1240 5771 quod
1289 5705 1506 5773 Origcni
1559 5708 1697 5771 obji-

139 5778 311 5833 seret,
354 5782 551 5836 prater
583 5770 791 5825 facinus
822 5773 984 5837 istud,
1022 5770 1161 5840 quod
1217 5770 1529 5829 adolescens
1572 5770 1696 5829 olim

1817 2877 2150 2929 patraverat.
2183 2882 2304 2920 cum
2339 2881 2395 2918 se
2446 2866 2544 2919 viz.
2581 2868 2905 2922 exsecuerit.
2937 2871 3004 2920 At
3033 2869 3076 2918 si
3129 2867 3389 2921 θήκην]

1816 2937 1988 2989 invito
2022 2941 2274 3006 episcopo
2331 2951 2428 2989 suo
2456 2938 2738 2989 ordinatus
2791 2936 3000 2999 fuisset,
3034 2938 3133 2988 hoc.
3179 2938 3226 2990 ci
3283 2954 3388 2990 non

1816 3007 1994 3058 minus
2044 3022 2202 3072 quam
2257 3007 2680 3069 Ordinatorihus,
2737 3006 2866 3058 vitio
2927 3016 3247 3061 verteretur.
3320 3006 3390 3058 lit

1814 3075 1946 3127 nihil
1987 3077 2225 3141 apertius
2277 3090 2399 3128 esse
2451 3076 2640 3137 possit.
2685 3090 2844 3142 quam
2902 3075 3238 3128 Demetrium
3285 3078 3388 3129 boe

1819 3153 2024 3213 tantum
2057 3144 2278 3208 Origeni
2319 3144 2645 3210 obiectasse.
2680 3145 2825 3213 quod
2878 3159 3000 3198 cum
3047 3160 3104 3197 se
3143 3161 3390 3198 emascu-

1817 3211 2002 3272 lassct.
2059 3217 2440 3279 ordinaretur,
2490 3222 2542 3266 et
2599 3211 3038 3268 commemoratis
3093 3217 3385 3278 episcopis.

1815 3281 1958 3349 quod
2017 3284 2325 3336 eunuchum
2375 3297 2406 3336 a
2466 3295 2523 3333 se
2564 3283 2761 3336 factum
2810 3283 3148 3341 ordinarent.
3198 3295 3384 3336 contra

1815 3352 1964 3416 prius
2017 3353 2285 3405 laudatum
2335 3366 2616 3404 canonem.
2681 3350 2807 3405 Hazc
2865 3362 3044 3405 nostra
3111 3356 3383 3405 sententia

1815 3420 2053 3488 aliquam
2095 3423 2256 3474 etiam
2292 3423 2486 3473 exinde
2533 3421 2702 3473 lucem
2735 3429 3032 3482 mutuatur.
3067 3420 3210 3488 quod
3259 3423 3386 3474 Ori-

1815 3505 1981 3555 genes
2020 3490 2087 3543 ab
2118 3506 2221 3543 una
2254 3492 2471 3552 quidem
2506 3489 2712 3557 synodo
2745 3491 3119 3556 episcOporum
3155 3491 3386 3544 Alexan-

1815 3560 1956 3622 dria,
1987 3561 2052 3613 ab
2097 3561 2199 3612 alia
2235 3560 2453 3611 demum
2488 3561 2649 3610 etiam
2684 3559 2991 3611 sacerdotio
3043 3560 3227 3624 pulsus
3279 3572 3380 3621 cst,

1815 3638 1875 3680 ut
1907 3629 2070 3682 refert
2101 3629 2408 3694 Pamphilus
2438 3629 2486 3680 io
2522 3628 2696 3682 Photii
2731 3628 3077 3691 bibliotheca,
3105 3631 3226 3680 cod.
3259 3630 3382 3682 H8.

1817 3695 1884 3750 At
1913 3712 2020 3766 quo
2055 3701 2266 3752 tandem
2293 3708 2448 3764 pacto
2467 3697 2566 3749 Itoc
2593 3698 2704 3750 ﬁeri
2734 3698 2986 3766 potuit.si
3005 3698 3180 3750 nullus
3209 3699 3386 3751 adhuc

1817 3765 1988 3819 canon
2014 3778 2199 3820 contra
2218 3782 2309 3820 eos
2331 3767 2420 3827 qui
2444 3782 2501 3819 se
2522 3767 2792 3819 eunuchos
2807 3765 3032 3828 faciunt,
3066 3769 3240 3819 editus
3257 3767 3384 3819 fuis-

1816 3837 2019 3890 set?Et
2039 3837 2250 3903 quidem
2272 3837 2479 3888 etiamsi
2505 3837 2800 3889 Demelrius
2832 3835 3130 3889 istiusmodi
3163 3839 3384 3889 canonis

1816 3919 2074 3970 expresse
2107 3921 2210 3958 non
2245 3905 2511 3965 meminit.
2556 3920 2660 3957 non
2699 3907 2925 3956 obscure
2958 3914 3137 3958 tamen
3185 3906 3382 3973 indigi-

1819 3983 1932 4028 tare
1951 3974 2184 4037 videtur,
2216 3988 2336 4027 cum
2373 3973 2439 4026 de
2469 3985 2762 4041 spontauca
2789 3973 3036 4040 Origenis
3067 3975 3382 4028 cxsectione

1816 4043 2015 4112 certior
2046 4043 2240 4104 factus,
2270 4043 2447 4109 primo
2495 4059 2614 4095 eum
2663 4041 2888 4109 Οαῤῥεῖν
2948 4043 3147 4112 αὐτίκα
3201 4059 3382 4112 παρα-

1817 4110 2120 4177 κελεύεται,
2143 4114 2275 4163 bono
2309 4113 2483 4162 animo
2505 4128 2614 4164 esse
2636 4112 2803 4178 jubet.
2851 4112 3044 4164 Euseb.
3081 4111 3218 4164 Hist.
3265 4110 3295 4163 I'.
3327 4117 3380 4175 6,

1819 4195 1868 4233 c.
1904 4180 1957 4243 8,
1986 4181 2068 4232 bis
2094 4183 2236 4233 enim
2267 4182 2445 4232 verbis
2479 4182 2624 4233 clare
2671 4182 2804 4232 satis
2846 4182 3039 4240 innuit.
3088 4181 3378 4247 Origenem

1817 4251 2241 4303 ecclesiasticam
2305 4250 2542 4316 aliquam
2609 4250 2907 4301 trausilisse
2972 4251 3240 4317 regulam:
3324 4267 3383 4303 se

1819 4329 1999 4370 autem
2039 4334 2160 4370 eum
2191 4331 2408 4386 propter
2445 4319 2642 4385 ingenii
2671 4320 3150 4386 promptitudiuem
3179 4329 3232 4371 ct
3261 4319 3379 4373 ﬁdei

1817 4388 2183 4439 sinceritatem
2231 4388 2614 4451 def-usurum,
2687 4402 2751 4438 ne
2803 4402 2960 4454 poena
3020 4389 3277 4440 canonica
3332 4392 3378 4438 ci

1816 4455 2182 4520 inﬂigeretur;
2210 4470 2235 4508 a
2262 4472 2363 4524 qua
2393 4466 2446 4508 et
2483 4459 2656 4522 ipsum
2692 4456 2790 4509 sibi
2823 4457 3065 4509 timuisse
3093 4458 3379 4524 Origeuem

1737 4513 1790 4571 D
1820 4513 2295 4589 manifestum'est;
2328 4541 2394 4578 eo
2432 4513 2570 4588 quod
2605 4541 2702 4593 pro
2741 4526 2885 4578 virili
2929 4536 3156 4578 conatus
3191 4513 3292 4588 :u,
3325 4540 3383 4578 ut

1820 4594 1871 4646 id
1925 4596 2066 4659 quod
2129 4596 2363 4658 fecerat,
2409 4594 2544 4648 alios
2597 4596 2821 4647 omnino
2867 4595 3089 4656 lateret;
3143 4608 3298 4661 prout
3352 4615 3381 4645 ιι

1817 4664 1962 4716 dieto
1996 4664 2208 4716 Eusebii
2261 4664 2381 4716 loco
2415 4671 2645 4716 constat.
2684 4664 2891 4728 Quibus
2939 4665 3189 4716 omnibus
3242 4667 3383 4716 inter

1817 4747 1876 4786 se
1905 4733 2118 4785 collatis
2162 4734 2402 4786 adducor
2433 4743 2491 4784 ut
2518 4733 2756 4795 credam,
2786 4732 3071 4796 primitiva:
3127 4735 3380 4786 Ecclesia!

1817 4801 2074 4869 prmsules
2101 4803 2264 4854 etiam
2291 4813 2418 4854 ante
2449 4803 2736 4870 Origeuem
2790 4804 2955 4855 hosce
3002 4801 3070 4854 de
3111 4805 3379 4855 cuuucbis

1817 4885 2055 4924 canones
2084 4872 2319 4924 edidisse
2349 4871 2602 4935 (fortasse
2638 4882 2826 4923 contra
2872 4873 3179 4924 lmreticam
3227 4872 3377 4923 Valu-

1813 4940 2017 4992 siorum
2051 4941 2382 5008 Opinionem)
2413 4955 2708 5006 eorumque
2743 4942 3065 4994 auctoritate
3091 4941 3376 5004 Origencm

1814 5010 2046 5076 primum
2082 5009 2387 5077 sacerdotio
2411 5010 2718 5072 eXpUISIIm.
2750 5020 2932 5077 postea
2975 5025 3099 5062 vero
3139 5014 3206 5060 ob
3231 5027 3380 5062 Slllll-

1813 5093 1953 5131 mam
1982 5077 2099 5144 ejus
2133 5080 2184 5130 in
2220 5076 2517 5143 Scripturis
2545 5076 2982 5146 interpretandis,
3019 5081 3377 5145 omnibusque

1813 5149 2020 5201 artibus
2050 5158 2103 5201 et
2133 5149 2372 5202 scientiis
2405 5149 2624 5209 famam.
2648 5149 2838 5200 iterum
2873 5159 3142 5214 receptum
3172 5149 3372 5202 fuisse:

1812 5219 2077 5284 praecipue
2143 5229 2427 5285 postquam
2497 5218 2784 5270 inconsulti
2858 5219 2938 5271 sui
2989 5228 3041 5270 et
3104 5219 3373 5271 temerarii

1812 5285 1960 5345 facti.
1990 5287 2246 5353 juvenilis
2275 5290 2448 5340 aetatis
2481 5287 2691 5340 fervore
2728 5288 3044 5353 perpetrati.
3090 5302 3210 5340 eum
3259 5303 3376 5353 pce-

1810 5357 2063 5409 uituisset
2094 5373 2105 5407 :
2146 5357 2464 5423 pmuituisse
2491 5367 2665 5408 autem
2699 5372 2764 5409 ex
2792 5356 2959 5423 ipsius
3003 5357 3178 5408 verbis
3208 5368 3373 5423 patet,

1808 5426 1894 5476 ubi
1946 5428 2040 5479 ait.
2089 5427 2278 5494 Ἡμεῖς
2324 5426 2380 5477 δὲ
2432 5428 2665 5495 Χριστὸν
2718 5427 2807 5477 τὸν
2856 5427 3028 5492 Λόγον
3061 5427 3196 5478 Θεοῦ
3238 5428 3375 5477 κατὰ

1808 5495 1987 5560 σάρκα
2038 5497 2326 5564 καὶκατὰ
2375 5495 2436 5546 τὸ
2476 5495 2709 5564 γράμμα
2762 5497 2889 5547 ποτὲ
2931 5497 3246 5564 νοήσαντες,
3281 5495 3378 5549 νῦν

1803 5564 1986 5615 οὐκέτι
2043 5563 2435 5630 γινώσκοντες,
2515 5563 2614 5617 οὐκ
2671 5563 3022 5632 εὐδοκοῦμεν
3064 5568 3138 5627 ὡς
3195 5565 3374 5628 καλῶς

1803 5632 2122 5704 ὲξειληφόσιῗ
2145 5638 2257 5687 τοῖς
2308 5637 2400 5686 καὶ
2443 5635 2533 5687 τὸν
2563 5635 2742 5702 τρίτον
2775 5635 3132 5704 εύνουχισμδν
3165 5638 3377 5696 ἑαυτοῖς

1803 5703 2071 5825 στροῧάσει
2105 5703 2381 5808 βασιλείὲς
2408 5706 2516 5758 τῶν
2559 5707 2805 5776 οὐρανῶν
2837 5703 3123 5772 ἐπάγουσι.
3151 5707 3367 5774 Οΐίδειι.

1804 5788 1854 5825 lll
1909 5815 1918 5824 .
1960 5777 2092 5825 attb.
2142 5791 2249 5825 χιχ.
2288 5778 2369 5825 l...

1804 5773 1854 5825 iu
1909 5773 2092 5827 Matth.
2142 5791 2249 5839 tux,
2288 5774 2369 5829 12.
