4186 6438
775 410 848 472 sa
2051 400 2331 461 TIIEOD.
2376 394 2785 457 BALSAMON
3955 395 4030 463 ες

778 518 1091 588 parentibus
1125 530 1396 581 expressae
1435 523 1489 569 et
1525 512 1742 567 mutiles
1780 511 1936 565 factae
1966 519 2090 562 sunt
2119 526 2132 561 :
2157 507 2352 575 spado-

2460 502 2721 573 εὐνοῦχοι,
2753 505 2923 571 ἧγουν
2946 507 3028 566 εἰς
3062 503 3274 568 θλιϐἱας
3300 504 3425 567 τοὺς
3452 507 3710 573 νηπιόθεν
3739 508 3807 561 τὰ
3839 510 4039 563 παιδο-

778 623 895 669 nes,
920 609 1008 672 qui
1046 622 1073 659 a
1107 608 1390 660 nativitate
1428 604 1701 658 testiculos
1726 616 1836 657 non
1861 590 2061 655 habent
2090 617 2102 651 :
2130 598 2349 664 insuper

776 697 1088 763 etcastrati,
1110 697 1200 765 qui
1222 695 1365 750 ferro
1380 697 1583 750 exsecti
1609 702 1754 757 sunt,
1779 702 2021 747 castrum
2044 690 2185 743 enim
2209 687 2350 756 apud

779 790 1054 843 Romanos
1080 798 1162 843 est
1203 788 1440 843 ferrum:
1485 786 1687 841 thlibire
1727 784 1945 853 quidem
1990 791 2045 836 et
2083 783 2352 849 Spadoues

756 860 893 934 sine
943 880 1052 935 ullo
1100 878 1413 947 praejudicio
1469 876 1973 939 consecrabuntur,
2024 882 2208 941 utpote
2258 872 2350 939 qui

775 972 877 1026 sibi
916 971 1110 1025 nullius
1133 971 1256 1025 mali
1285 980 1540 1024 aut-tores
1583 969 1783 1023 fuerint
1815 986 1830 1022 :
1866 967 2084 1021 castrati
2130 973 2309 1018 autem
2333 1003 2349 1027 ,

778 1072 833 1117 ut
869 1064 1038 1116 voluit
1068 1063 1319 1132 superior
1353 1061 1687 1124 constitutio,
1716 1058 2009 1128 aliquando
2035 1057 2252 1128 quidem
2284 1055 2351 1109 ad

777 1168 959 1208 sacros
988 1155 1205 1209 ordines
1238 1154 1595 1207 admittentur
1622 1193 1638 1216 ,
1684 1151 1975 1221 aliquando
2007 1164 2135 1204 vero
2164 1147 2351 1215 prohi~

775 1244 1067 1300 hebuntur.

1354 1516 1580 1573 (TA-NON
1610 1518 1769 1572 XXII.

777 1610 882 1675 Qui
910 1611 1137 1675 seipsnnt
1168 1610 1452 1671 mutilavit,
1497 1628 1558 1662 nr
1589 1612 1654 1662 sit
1686 1612 1908 1663 clericus
1946 1626 1961 1663 :
1991 1618 2068 1662 est
2103 1608 2240 1662 enim
2269 1606 2353 1661 sui

1114 1702 1372 1756 homicida
1395 1714 1442 1755 et
1472 1702 1563 1755 Dei
1593 1702 1789 1771 api/itii
1812 1702 1996 1756 hostis.

1324 1881 1555 1937 CANON
1603 1880 1795 1936 XXI".

775 1973 839 2027 Si
865 1974 980 2044 quis
1010 1992 1128 2029 cum
1160 1977 1227 2029 sit
1257 1976 1480 2030 clericus
1502 2018 1517 2040 ,
1550 1979 1781 2043 seipsunt
1812 1973 2156 2039 mutilaverit,
2189 1970 2352 2037 depo-

1106 2082 1263 2119 na'ur
1296 2084 1314 2121 :
1354 2079 1425 2121 est
1454 2069 1588 2120 enim
1617 2071 1700 2119 sui
1734 2067 2013 2120 Iwmirida.

1339 2157 1566 2212 CANON
1591 2158 1784 2214 XXIV.

771 2247 963 2303 Laicus
994 2251 1081 2318 qui
1107 2251 1333 2317 seipsum
1365 2250 1646 2307 mutilavit.
1675 2249 1833 2302 tribus
1859 2250 2010 2302 annis
2023 2259 2350 2320 segregetur:

1036 2353 1108 2394 est
1130 2344 1265 2393 enim
1296 2358 1405 2394 sua'
1429 2343 1593 2409 ipsius
1623 2343 1740 2395 rita’
1766 2342 2067 2395 insidiator.

842 2429 1037 2484 BALS.
1096 2430 1475 2499 lnterpretatio
1533 2432 1725 2486 horum
1794 2431 2030 2498 capitum
2101 2429 2352 2499 superius

772 2523 975 2591 scripta
1000 2533 1113 2586 est;
1146 2524 1259 2591 lege
1288 2533 1341 2577 et
1370 2524 1668 2576 orationem
1721 2523 1795 2576 De
1843 2523 2140 2587 virginitate
2172 2525 2351 2591 magni

772 2612 942 2664 sancti
972 2610 1184 2673 Basilii,
1209 2621 1255 2665 et
1279 2611 1451 2664 sancti
1481 2610 1782 2680 Epipltanii,
1814 2622 1864 2665 et
1886 2628 1949 2665 ex
1976 2611 2351 2667 Nomocanone

775 2700 1019 2755 Nesteuti
1037 2702 1115 2754 De
1146 2702 1212 2755 iis
1242 2702 1333 2772 qui
1359 2701 1583 2756 eunuchi
1612 2702 1741 2772 [acti
1778 2704 1920 2757 sunt.

840 2878 1099 2933 ZONAR.
1129 2877 1386 2933 Castrare
1420 2877 1749 2946 quempiam,
1784 2876 1887 2932 nisi
1943 2886 2164 2947 propter
2212 2893 2354 2932 mor-

772 2970 899 3024 hum
922 2969 1065 3024 circa
1099 2968 1352 3037 genitalia
1383 2968 1622 3022 membra
1650 2968 2059 3038 irrumpentem,
2103 2968 2354 3023 civilibus

777 3063 944 3117 etiam
976 3061 1307 3131 prohibitum
1339 3059 1548 3128 legibus
1581 3077 1596 3114 :
1624 3074 1797 3126 usque
1831 3060 1967 3113 adeo
2007 3069 2065 3114 ut
2102 3070 2355 3117 exsectos

773 3157 935 3208 etiam
968 3169 1158 3209 servos
1183 3154 1235 3205 in
1264 3152 1567 3206 libertatem
1599 3152 1712 3221 rapi
1736 3150 1997 3218 jubeant;
2022 3159 2075 3208 et
2104 3162 2353 3207 castran-

771 3258 853 3303 ies
886 3248 1060 3301 eidem
1093 3245 1254 3310 cladi,
1287 3259 1505 3300 suorum
1533 3258 1748 3313 quoque
1794 3244 2057 3298 honorum
2108 3245 2355 3313 publica-

774 3340 933 3404 t‘oui,
957 3338 1165 3407 pariter
1190 3348 1246 3392 et
1265 3336 1460 3392 exsilio
1508 3334 1701 3403 subjici
1733 3351 1749 3388 :
1787 3336 1881 3389 sed
1933 3343 1990 3390 et
2040 3337 2211 3390 sacris
2255 3337 2359 3393 hoc

772 3429 1020 3483 similiter
1038 3429 1337 3483 eanonihus
1370 3427 1614 3481 vetitum.
1670 3425 1784 3479 Non
1819 3435 1997 3480 tamen
2023 3438 2281 3483 cssectus
2328 3443 2358 3482 a

772 3522 1073 3577 sacerdotio
1097 3520 1394 3589 repellitur,
1419 3520 1462 3575 si
1495 3534 1602 3573 non
1636 3534 1695 3574 se
1727 3518 2011 3573 tradiderit
2033 3519 2355 3575 exsectioui.

773 3611 907 3665 Nam
937 3620 1207 3666 castratus
1231 3611 1303 3665 ab
1332 3611 1455 3665 aliis
1478 3649 1495 3674 ,
1526 3610 1672 3665 velut
1719 3609 1912 3676 injuria
1951 3610 2196 3679 graviter
2224 3610 2358 3666 alle-

771 3712 912 3766 ctus,
941 3702 1291 3755 miseratione
1322 3702 1493 3770 magis
1534 3709 1619 3755 est
1664 3700 1859 3768 dignus
1893 3716 1909 3753 :
1953 3713 2055 3753 nec
2102 3708 2189 3753 est
2234 3701 2359 3754 odio

772 3793 1207 3862 prosequeudns.
1238 3792 1359 3846 ldeo
1385 3792 1431 3845 si
1462 3790 1771 3845 sacerdotio
1807 3789 2002 3859 dignus
2031 3804 2096 3844 ex
2125 3805 2222 3843 sua
2250 3791 2356 3845 vita

766 3884 1067 3952 judicetur,
1118 3885 1183 3937 ad
1220 3882 1347 3937 illud
1392 3884 1557 3937 etiam
1609 3882 2039 3951 promovebitur.
2083 3880 2215 3937 Item
2264 3884 2357 3952 qui

775 3986 967 4029 natura
998 3975 1325 4043 genitalibus
1355 3983 1439 4029 est
1478 3974 1724 4043 partibus
1754 3972 2034 4027 mutilatus
2080 3972 2255 4042 (quos
2308 3975 2358 4028 in

775 4064 1082 4133 Evangeliis
1111 4061 1371 4116 Dominus
1402 4062 1685 4117 eunuchos
1734 4061 1815 4117 sic
1860 4063 2070 4130 genitos
2111 4064 2363 4117 nomina-

771 4156 881 4225 vit)
912 4157 1057 4210 clero
1091 4170 1197 4208 non
1233 4153 1567 4207 inhibebitur
1597 4152 1817 4207 ascribi.
1846 4152 1949 4219 Qui
1988 4168 2121 4208 vero
2157 4166 2361 4208 castra-

775 4249 975 4301 tionem
1003 4245 1104 4299 sibi
1137 4243 1493 4308 aliectaverit,
1549 4243 1605 4296 in
1654 4239 1857 4297 cle'rum
1917 4257 2023 4297 non
2082 4243 2356 4313 eligetur:

774 4340 868 4390 se-l
894 4348 946 4390 et
971 4337 1015 4389 si
1036 4335 1147 4404 jam
1182 4333 1359 4388 factus
1388 4334 1459 4388 sit
1490 4332 1755 4397 clericus,
1778 4347 1807 4385 a
1849 4332 1978 4387 cleri
2022 4335 2363 4403 propulsabi-

775 4438 864 4477 llll‘
889 4424 1099 4478 ordine.
1137 4422 1195 4476 Si
1226 4437 1353 4476 vero
1390 4421 1560 4475 laicus
1602 4430 1725 4484 est,
1772 4421 1863 4489 qui
1906 4435 1965 4475 se
2011 4424 2358 4477 castrandum

2453 591 2589 659 γόνα
2632 592 2797 660 μόρια
2848 592 3225 653 ἀποῦαλόντας
3247 634 3261 654 .
3294 594 3370 655 ὡς
3397 594 3504 647 ύπδ
3529 596 3639 647 τῶν
3671 597 3878 664 γονέων
3913 598 4035 651 θλι-

2454 681 2617 736 6ἐντα
2646 684 2741 737 καὶ
2773 683 3225 754 ἀχρηστεύσαντα
3247 700 3262 714 ·
3319 688 3399 748 εἱς
3448 687 3760 754 σπάδωνας,
3801 690 3929 751 τοὺς
3958 692 4034 742 ἐκ

2454 776 2684 845 γενετῆς
2737 775 2992 845 διδύμους
3056 777 3130 845 μὴ
3185 776 3441 845 ἔχοντας·
3477 778 3613 846 πρὸς
3678 780 3732 833 δὲ
3788 780 3885 831 καὶ
3947 782 4037 844 εἱς

2455 868 2833 939 κανστράτους
2881 868 3016 938 (35),
3063 868 3193 931 τοὺς
3244 867 3331 922 διὰ
3384 869 3610 939 σιδήρου
3672 870 4036 941 (Ιικρωιτηριιιι⁴

2456 956 2718 1020 σθέντας·
2748 959 3020 1027 κάνστρον
3046 958 3155 1026 γὰρ
3182 957 3334 1026 παρὰ
3375 957 3668 1027 Ῥωμαίοις
3706 961 3734 1013 ὁ
3775 961 3999 1031 σίδηρος
4019 978 4036 993 ·

2458 1048 2508 1100 οἱ
2545 1047 2643 1117 μὲν
2696 1046 2901 1100 θλιὸἱαι
2958 1049 3054 1102 καὶ
3086 1051 3135 1102 οἱ
3191 1050 3471 1113 σπάδωνες
3506 1051 4041 1123 ἀπροκριματὶστως

2458 1139 2899 1217 ἱερωθήσονται,
2965 1140 3042 1203 ὡς
3094 1139 3230 1210 μηδὲ
3284 1140 3460 1193 κακοῦ
3523 1158 3669 1205 τινος
3744 1144 4043 1211 γεγονότες

2456 1232 2737 1302 παραίτιοι
2799 1233 3054 1296 ἑαυτοῖς·
3125 1234 3177 1286 οἱ
3240 1232 3297 1285 δὲ
3349 1233 3681 1301 κανστράτοι
3734 1237 3879 1288 κατὰ
3938 1236 4046 1302 τὴν

2455 1325 2714 1394 ἀνωτέρω
2746 1324 2994 1389 διάταξιν
3044 1325 3175 1379 ποτε
3208 1324 3313 1396 μὲν
3348 1326 3763 1397 ἱερωθήσονται,
3800 1326 3937 1379 ποτε
3981 1328 4043 1381 δὲ

2458 1416 2888 1486 κωλυθήσονται.

3032 1509 3273 1563 ΚΛΝΩΝ
3307 1510 3439 1565 KB’.

2468 1603 2532 1654 '0
2559 1601 3012 1670 ἀκρωτηριάσας
3039 1602 3261 1656 ἑαυτὸν
3295 1603 3383 1673 μὴ
3419 1603 3673 1673 γινέσθω
3701 1603 3997 1670 κληρικός
4024 1619 4041 1634 ⁸

2527 1693 2984 1761 αὐτοφονευτὴς
3016 1693 3127 1761 γάρ
3157 1694 3332 1747 ἐστιν
3366 1693 3610 1759 ἑαυτοῦ,
3644 1693 3744 1748 καὶ
3778 1692 3893 1762 τῆς
3929 1692 4045 1747 τοῦ

2531 1785 2679 1840 Θεοῦ
2704 1782 3099 1853 δημιουργίας
3133 1782 3375 1852 ἐχθρός.

3054 1876 3295 1931 ΚΛΝΩΝ
3324 1874 3453 1933 ΚΓ.

2459 1972 2534 2025 Et
2562 1989 2672 2036 τις,
2720 1970 3011 2038 κληρικὸς
3058 1971 3161 2037 ὢν,
3195 1971 3421 2026 ἑαυτὸν
3470 1968 3548 2024 ἂν
3576 1970 4048 2038 ἀκρωτηριάσει,

2600 2064 3003 2132 καθαιρείσθω
3021 2081 3035 2095 ”
3062 2064 3287 2132 φονεὺς
3318 2064 3429 2131 γάρ
3456 2061 3631 2115 ἐστιν
3655 2060 3902 2117 ἑαυτοῦ.

3044 2154 3287 2208 ΚΑΝΩΝ
3320 2156 3449 2210 KA'.

2460 2246 2712 2314 Λαῖκὸς,
2745 2246 2968 2300 ἑαυτὸν
2996 2244 3459 2313 ἀκρωτηριάσας
3485 2285 3497 2303 .
3523 2242 3896 2312 ἁφοριζέσθω
3935 2243 4049 2311 ἔτη

2528 2339 2661 2405 τρία
2688 2352 2702 2368 ·
2738 2338 3062 2402 ἐπίϐουλος
3086 2335 3199 2405 γάρ
3225 2337 3359 2388 ἐστι
3385 2334 3497 2400 τῆς
3528 2334 3750 2388 ἑαυτοῦ
3784 2332 3959 2402 ζωῆς.

2534 2430 2731 2484 ΒΑΛΣ.
2777 2430 2844 2484 Ἥ
2906 2430 3175 2501 ἑρμηνεία
3244 2426 3355 2480 τῶν
3419 2426 3679 2481 τοιούτων
3734 2425 3847 2493 (36)
3909 2444 4052 2495 23;.

2460 2523 2677 2592 ὲγρὰψη
2711 2523 2939 2577 ἄνωθεν*
2973 2520 3247 2588 ἀνάγνωθι
3291 2519 3389 2573 καὶ
3420 2520 3511 2572 τὸν
3539 2520 3675 2588 Περὶ
3707 2521 4051 2588 παρθενίας

2459 2616 2617 2682 λόγον
2648 2614 2752 2667 τοῦ
2782 2613 3062 2682 Μεγάλου
3097 2613 3269 2680 ἁγίου
3293 2611 3637 2674 Βασιλείου,
3661 2612 3758 2665 καὶ
3792 2611 3903 2665 τὸν
3935 2611 4054 2665 τοῦ

2460 2707 2634 2773 ἁγίου
2665 2706 3046 2773 Ἑπιφανίου,
3073 2703 3169 2757 καὶ
3192 2703 3313 2757 ἀπὸ
3344 2702 3453 2756 τοῦ
3476 2701 3907 2769 Νομοκὰνονος
3936 2704 4055 2758 τοῦ

2461 2794 2815 2860 Νηστευτοῦ
2851 2793 2987 2861 Περὶ
3012 2792 3132 2847 τῶν
3163 2792 3708 2861 εὐνουχισθέντων.

2529 2885 2774 2939 ΖΩΝΑΡ.
2810 2884 2884 2937 Τὸ
2915 2884 3281 2954 εὖνουχὶζειν,
3333 2886 3381 2937 εἱ
3415 2882 3491 2952 μὴ
3521 2883 3612 2937 διὰ
3638 2882 3810 2945 πάθος
3837 2884 4053 2953 ἐνσκῆ-

2460 2975 2569 3045 ψαν
2594 2977 2721 3044 περὶ
2748 2975 2817 3028 τὰ
2848 2976 3149 3043 παιδογόνα
3182 2976 3348 3043 μόρια
3379 2975 3611 3042 γένοιτο,
3664 2976 3759 3027 καὶ
3788 2976 3907 3035 τοῖς
3942 2991 4054 3026 πιο-

2462 3067 2690 3126 λιτικοῖς
2740 3066 3120 3137 ἀπηγόρευται
3176 3066 3403 3135 νόμοις·
3452 3063 3865 3125 καὶ.τοσοῦτον.
3901 3063 4053 3118 ὥστε

2462 3158 2557 3210 καὶ
2619 3157 2747 3220 τοὺς
2808 3157 3244 3226 ὲκτομνομένους
3302 3155 3526 3217 δούλους
3588 3157 3670 3218 εἱς
3726 3153 4056 3223 ἐλευθερίαν

2464 3246 2783 3301 κελεύουσιν
2814 3245 3271 3316 ἀναρπάζεσθαιο
3311 3247 3408 3299 καὶ
3437 3246 3563 3309 τοὺς
3614 3246 4056 3315 εὐνουχίσαντας

2462 3338 2785 3392 ὑποκεῖσθαι
2816 3337 3223 3408 ταυτοπαθεὶᾳ,
3278 3338 3375 3390 καὶ
3426 3337 3718 3405 δημεύσει,
3750 3338 3845 3389 καὶ
3880 3355 4054 3405 περι-

2461 3430 2697 3499 ορισμῷ.
2744 3430 2908 3484 ’Δλλὰ
2943 3428 3051 3499 μὴν
3115 3431 3212 3482 καὶ
3263 3432 3379 3492 τοῖς
3436 3431 3602 3499 ἱεροῖς
3652 3430 3845 3482 κανόσι
3884 3430 4056 3481 τοῦτο

2461 3520 2793 3575 κεκώλυται.
2846 3522 2921 3573 05
2965 3520 3152 3591 μέντοι
3192 3519 3221 3572 ὁ
3268 3519 3569 3590 ἐκτμηθεὶς
3602 3519 3914 3589 ἱερωσύνης
3940 3520 4055 3572 ἁπ-

2462 3612 2737 3683 εἱργεται,
2774 3614 2823 3665 εἱ
2852 3612 2926 3684 μὴ
2959 3611 3229 3675 αύτδςοεὶς
3254 3612 3502 3681 ἐκτομὴν
3537 3611 3865 3680 παρέδωκεν
3913 3610 4054 3662 ἑαυ-

2462 3705 2588 3758 τόνο
2620 3706 2650 3756 ὁ
2686 3705 2785 3773 μὲν
2811 3702 2919 3775 γὰρ
2955 3706 3087 3774 παρ’
3121 3705 3327 3775 ἑτέρων
3352 3702 3675 3775 ἐκτμηθεὶς,
3696 3702 3773 3766 ὡς
3800 3703 4058 3773 ἐπηρεαο

2468 3796 2639 3861 σθεὶς,
2665 3797 2943 3850 ἐλεεῖσθαι
2994 3797 3198 3867 μᾶλλόν
3227 3798 3378 3850 ἐστιν
3421 3796 3600 3859 ἄξιος,
3650 3795 3767 3849 ἀλλ’
3793 3795 3927 3866 οὐχὶ
3961 3814 4059 3863 μι-

2462 3888 2676 3942 σεῖσθαι
2699 3906 2711 3918 ⁸
2766 3890 2835 3942 δι’
2864 3890 2892 3942 ὃ
2926 3890 3019 3943 καὶ
3050 3891 3100 3943 εἰ
3132 3889 3284 3955 ἄξιος
3315 3891 3381 3941 ὲκ
3413 3888 3509 3941 τοῦ
3565 3888 3684 3959 βίου
3720 3887 3893 3941 αὐτοῦ
3926 3888 4055 3957 κρὶ-

2463 3995 2609 4031 νοιτο
2640 3979 2964 4049 ἱερωσύνης,
3024 3981 3107 4043 εἱς
3150 3979 3359 4049 ταύτην
3390 3977 3802 4050 προύιόάζεται.
3839 3979 3961 4031 Καὶ
3990 3977 4058 4041 ὃς

2460 4068 2526 4121 ἐκ
2560 4069 2775 4137 φύσεως
2808 4070 2878 4123 τὰ
2926 4070 3224 4138 παιδογόνα
3258 4071 3588 4141 πεπήρωται
3626 4069 3793 4140 μόρια
3835 4067 3963 4139 (οὓς
3992 4070 4057 4121 ἐν

2463 4162 2824 4229 Εὑαγγελὶοις
2873 4163 2901 4214 ὁ
2936 4162 3142 4232 Κύριος
3176 4163 3469 4232 εὐνούχους
3500 4161 3645 4215 οὕτω
3674 4160 4058 4229 γεννηθέντας

2460 4252 2735 4322 ὠνόμασε)
2762 4251 2841 4321 τῷ
2866 4252 3054 4325 κλήρῳ
3085 4254 3460 4322 καταλεγῆναι
3508 4251 3569 4304 οὐ
3612 4250 3832 4319 κωλυθή
3844 4266 4008 4304 σεται
4034 4267 4053 4283 ·

2459 4344 2487 4394 ὁ
2528 4341 2574 4393 δ’
2621 4341 2771 4411 αύτῷ
2819 4340 2921 4412 τὴν
2965 4343 3209 4412 ἐκτομὴν
3263 4340 3745 4412 μνηστευσάμενος
3792 4340 3926 4392 οὔτε
3973 4342 4061 4402 εἱς

2461 4432 2665 4502 κλῆρον
2695 4435 3138 4501 καταταγήσεται
3167 4450 3180 4464 ·
3226 4432 3363 4486 ἀλλὰ
3410 4434 3515 4485 κᾶν
3564 4431 3706 4501 ἔφθη
3739 4431 4054 4501 γενόμενος

772 4516 1023 4583 praebuit,
1061 4515 1114 4568 in
1145 4522 1256 4568 tres
1287 4528 1461 4567 annos
1485 4512 1557 4566 ab
1580 4512 1807 4565 aliorum
1835 4522 1977 4565 ccetu
2004 4513 2243 4567 ﬁdeliqu
2273 4530 2355 4568 se-

2464 4521 2747 4592 κληρικὸς,
2778 4522 2875 4575 τοῦ
2923 4524 3125 4592 κλήρου
3156 4523 3609 4591 ὲκδιωχθήσεται.
3671 4522 3734 4575 Et
3763 4522 3820 4575 δὲ
3850 4523 4059 4585 λαῖκός

775 4610 1075 4673 parabitur.
1105 4605 1350 4676 Namque
1378 4606 1459 4660 sui
1493 4607 1733 4674 ipsorum
1766 4605 2021 4659 videntur
2074 4606 2358 4660 insidiato-

2467 4614 2617 4664 ἔστιν
2669 4615 2697 4665 ὁ
2752 4614 2832 4673 εἰς
2887 4612 3130 4685 ἐκτομὴν
3167 4613 3357 4675 ἐκδοὺς
3393 4611 3609 4677 ἑαυτὸν,
3662 4612 3754 4664 ἐπὶ
3802 4612 4063 4681 τριετὶαν

2012 4722 2199 4783 Guill.
2251 4725 2578 4807 Beveregii
2620 4738 2812 4792 notua.

848 4826 959 4891 ('55)
993 4821 1439 4889 Κανστράτους.
1462 4821 1559 4874 llic
1589 4820 2149 4891 inanditantantehac
2176 4823 2357 4879 latinae

774 4890 949 4966 huius
987 4892 1576 4966 t'ncis__etytuolngian_t
1632 4890 1862 4966 prufert__
1890 4890 2201 4966 Balsamon,
2250 4898 2358 4947 viz.

774 4960 1102 5033 κανστράτοι
1132 4960 1367 5033 Castrati
1413 4961 1443 5014 Ξι
1505 4961 1772 5033 κάνοι-ρον
1824 4961 2077 5033 Castrum
2133 4960 2353 5033 ferrum.

778 5038 881 5091 Sed
919 5028 1187 5088 uiideuam
1237 5032 1429 5085 miratu
1484 5033 1623 5085 hanc
1674 5030 1851 5084 Castri
1905 5028 2356 5095 signiﬁcationem

774 5105 1039 5166 hauserit,
1071 5102 1334 5156 hariolari
1368 5116 1614 5168 nequeo;
1660 5101 1762 5153 nisi
1799 5114 1894 5167 pro
1914 5099 2360 5157 CestrumGrzt-ce

775 5177 1003 5242 κέστρυν
1028 5173 1345 5238 sumpserit,
1379 5170 2003 5242 quodinstrumeutunt,
2054 5184 2359 5242 quocava-

774 5258 864 5298 tur
896 5240 1054 5302 cbur,
1092 5243 1449 5308 signiﬁcatur.
1519 5240 1828 5307 Quinetiam
1889 5255 1987 5292 nec
2035 5240 2214 5293 Omnis
2260 5254 2360 5293 eu-

776 5314 1096 5368 uuchismus
1131 5312 1280 5365 ferro
1313 5309 1396 5371 fit,
1436 5312 1531 5364 sed
1567 5321 1618 5361 et
1650 5310 1770 5362 aliis
1806 5323 2192 5375 nonnunquam
2242 5324 2361 5363 mo-

775 5386 897 5446 dis,
933 5390 992 5434 ut
1050 5382 1461 5435 medicamentis
1527 5380 1875 5433 exsiccativis
1933 5396 1947 5433 :
1995 5380 2265 5442 quomodo
2307 5390 2362 5433 et

775 5454 1062 5521 Urigeuem
1105 5466 1165 5505 se
1223 5451 1532 5517 eunuchum
1564 5449 1758 5521 fecisse
1804 5446 2075 5521 nonnulli
2102 5450 2362 5521 suSpicati

777 5516 937 5586 sunt;
973 5532 1030 5573 ut
1054 5522 1218 5574 tradit
1251 5516 1603 5589 Epiphanius,
1639 5517 1825 5589 ’Ἄλλοι
1860 5517 1918 5569 δὲ
1966 5516 2110 5585 οὐχὶ,
2160 5520 2357 5587 φησιν,

776 5592 912 5644 αλλὰ
942 5592 1208 5659 ἐπενόησέ
1256 5608 1308 5643 τι
1350 5587 1643 5660 φάρμακον
1677 5587 1945 5660 ἐπιθεῖναι
1987 5592 2101 5650 τοῖς
2139 5589 2353 5660 μορίοις

778 5663 873 5714 καὶ
934 5656 1295 5731 ἀποξηρὰναι.
1355 5656 1647 5731 Epiphania
1680 5659 1811 5713 hair.
1863 5656 1952 5721 tit,
1999 5656 2147 5726 par.
2172 5656 2361 5731 fusio

779 5728 1137 5785 Atheuienses
1163 5728 1561 5799 HierOphantas
1587 5730 1651 5781 ad
1689 5731 2142 5799 compescendum
2172 5728 2355 5780 libidi-

782 5815 862 5854 ttlS
892 5811 1118 5855 antrum
1155 5797 1389 5856 cicutam
1418 5800 1743 5871 genitalibus
1772 5798 1978 5852 illinere
2028 5797 2217 5852 solitos
2245 5799 2355 5863 ipse

2454 4829 2716 4899 Origenes
2752 4834 2929 4886 docet.
2967 4841 3147 4885 contra
3184 4829 3321 4886 Cels.
3374 4830 3468 4886 lib.
3520 4830 3593 4894 7;
3630 4838 3685 4882 et
3724 4827 3937 4882 Plinius
3988 4829 4063 4886 de

2453 4900 2634 4954 cicuta
2665 4903 2759 4962 ait,
2794 4904 2931 4968 quod
2960 4913 3159 4953 certum
3198 4910 3293 4959 est,
3347 4900 3428 4952 lac
3471 4914 3843 4966 puerperarum
3879 4917 4063 4952 mam-

2457 4970 2555 5022 mis
2610 4972 2855 5035 imposita
2881 4974 3202 5033 exstinguit,
3256 4986 3588 5035 tenerentque
3640 4969 3855 5021 testibus
3907 4971 4063 5021 circa

2455 5042 2779 5105 pubertatem
2813 5040 2969 5093 illita.
3002 5042 3147 5093 Plin.
3183 5040 3220 5093 Ι.
3251 5054 3378 5103 xxv,
3406 5054 3456 5094 c.
3502 5039 3585 5093 15.
3614 5040 3759 5093 Idem
3797 5040 3971 5093 tradit
4002 5052 4067 5093 et

2459 5110 2823 5169 Dioscorides.
2855 5111 2888 5163 Ι.
2932 5126 3002 5171 iv,
3030 5126 3077 5162 c.
3111 5109 3199 5163 77.

2529 5179 2967 5247 (56)Ἐρμηι·εία
3003 5178 3121 5231 τῶν
3160 5180 3466 5233 τοιούτων.
3496 5176 3552 5230 In
3582 5175 3864 5243 impressis
3901 5179 4065 5243 pari-

2463 5258 2545 5301 ter
2572 5266 2634 5303 ac
2672 5267 2798 5302 mss.
2838 5250 3175 5303 Balsamouis
3206 5252 3485 5301 codicibus
3516 5247 3569 5300 bi
3605 5256 3834 5313 quatuor
3872 5260 4066 5299 eano-

2467 5332 2563 5372 nes
2596 5320 2704 5372 viz.
2736 5320 2827 5381 ει.
2859 5322 2949 5383 22,
2998 5319 3089 5381 25,
3124 5317 3215 5381 24,
3252 5318 3413 5371 simul
3464 5317 3822 5371 collocantur.
3880 5317 3956 5367 At
4000 5317 4063 5369 iu

2467 5402 2572 5440 uno
2598 5403 2627 5441 e
2659 5404 2786 5442 mss.
2829 5388 3156 5450 Bodleianis,
3210 5402 3317 5457 quo
3352 5387 3574 5441 Zouara:
3613 5396 3668 5438 et
3709 5383 4067 5457 Balsamonis

2467 5459 2672 5511 scholia
2710 5460 2760 5512 in
2810 5460 3138 5525 apostolicos
3187 5453 3350 5510 hosce
3405 5470 3642 5509 canones
3693 5453 4061 5521 colliguntur,

2466 5525 2809 5582 Balsamouis
2843 5528 3218 5597 interpretatio
3251 5540 3517 5580 eanonem
3547 5525 3633 5597 21Δ
3676 5534 3959 5597 sequitur,
3993 5535 4060 5579 et

2470 5599 2584 5651 haec
2614 5615 2735 5651 cum
2771 5591 3131 5667 sequeuiibus
3168 5598 3353 5651 verbis
3386 5610 3530 5649 nunc
3546 5593 3730 5667 primo
3778 5591 3947 5667 editis
3985 5603 4067 5667 ad

2467 5682 2590 5720 can.
2627 5668 2699 5721 2-4
2742 5663 3094 5723 referuntur:
3154 5682 3217 5721 ac
3266 5668 3495 5737 proinde
3542 5665 3629 5720 hic
3689 5663 4066 5731 imprimenda

2470 5753 2798 5792 CCIISIIIIIIUS.
