4186 6438
177 362 248 424 93
1398 369 1477 429 IN
1519 370 1683 429 CAN.
1718 372 1763 430 Χ

1867 373 1880 429 ἰ
1923 370 2175 432 APOST.
3373 371 3443 436 94

264 469 327 524 '0
391 470 528 540 μετὰ
566 470 664 540 τὴν
713 472 1037 542 καθαίρεσιν
1069 474 1171 541 τὴν
1200 474 1438 542 εὐλόγως
1473 478 1567 528 ἐπὶ
1601 493 1765 545 φανε-
1798 482 1834 532 A

182 563 298 634 ροΐς
341 563 656 632 ἐγκλήμασι
707 567 1008 635 γενομένην
1057 565 1158 632 τῆς
1207 566 1360 630 Θείας
1418 567 1765 637 λειτουργίας

183 655 348 706 πάλιν
405 655 682 724 ἁψάμενος
741 657 842 724 τῆς
886 657 1216 726 Ἐκκλησίας
1269 654 1418 722 οὗτος
1474 660 1548 719 ὡς
1604 678 1766 730 σεση-

182 747 283 808 πδς
315 746 478 815 μέλος
508 749 836 800 ἐκκόπτεται
867 749 1075 803 τέλεον.

761 861 998 914 ΚΑΝΩΝ
1028 862 1157 917 ΚΘ’.

143 1033 150 1044 _
184 973 260 1027 Εἴ
292 992 385 1036 τις
452 973 783 1040 ἐπίσκοπος
811 974 907 1028 διὰ
945 975 1264 1043 χρημάτων
1299 977 1412 1044 («12)
1450 976 1562 1043 τῆς
1588 976 1762 1040 ἀξίας

256 1065 481 1130 ταύτης
526 1065 819 1131 ἐγκρατὴς
866 1065 1128 1132 γένηται,
1181 1067 1219 1132 ἣ
1265 1068 1687 1134 πρεσϐύτερος,
1730 1067 1767 1132 ἢ

249 1151 560 1216 διάκονος,
593 1153 992 1219 καθαιρείσθω
1021 1153 1119 1206 καί
1151 1155 1334 1219 αὐτὸς
1365 1155 1462 1207 καὶ
1505 1158 1537 1208 ὀ
1579 1172 1769 1224 χειρο-

256 1241 554 1307 τονήσας,
604 1242 702 1294 καὶ
739 1242 1130 1296 ἑκκοπτέσθω
1183 1243 1282 1296 καὶ
1318 1243 1425 1310 τῆς
1461 1245 1768 1305 κοινωνίας

254 1332 673 1398 παντάπασιν,
701 1333 784 1398 ὡς
804 1334 1002 1402 Σίμων
1035 1336 1067 1388 ὀ
1089 1333 1291 1402 Μάγος
1322 1334 1424 1389 ὑπ’
1462 1334 1608 1402 ἐμοῦ
1658 1335 1770 1386 Πέ-

256 1440 400 1491 τρου
427 1424 563 1495 ςιίὸ).

809 1537 1054 1590 ΚΑΝΩΝ
1083 1535 1167 1591 Λ’.

177 1648 257 1703 Εἴ
321 1667 414 1716 τις
448 1650 802 1716 ἐπίσκοπος,
833 1651 1146 1720 κοσμικοῒς
1181 1651 1439 1721 ἄρχουσι
1467 1653 1770 1721 χρησάμε-

249 1761 384 1808 νος,
411 1743 487 1796 δι’
518 1743 717 1797 αὐτῶν
744 1745 1041 1813 ἐγκρατὴς
1088 1745 1453 1811 Ἐκκνίηονίας
1500 1747 1767 1814 γένηται,

251 1836 650 1902 καθαιρείσθω
716 1836 815 1887 καὶ
878 1836 1266 1904 ἀροριζέσθω,
1321 1837 1418 1890 καί
1461 1838 1515 1890 οἱ
1565 1855 1772 1890 κοινω-

248 1924 518 1991 νοῦντες
533 1926 691 1990 αὑτῷ
719 1927 1002 1992 ἅπαντες.

255 2019 456 2070 ΒΑᾹΣ.
491 2020 553 2071 Ol
596 2021 869 2088 παρόντες
919 2019 1014 2071 δύο
1045 2019 1268 2082 κανόνες
1312 2019 1339 2070 δ
1383 2017 1465 2072 κθ⁹
1502 2020 1597 2072 καὶ
1629 2019 1672 2071 λ’
1704 2020 1766 2072 οὐ

181 2111 350 2178 μόνον
373 2110 750 2180 καθαιροῦσιν,
774 2111 908 2163 ἀλλὰ
929 2112 1023 2163 καὶ
1046 2112 1145 2181 τῆς
1167 2112 1450 2174 κοινωνίας
1469 2112 1770 2166 ἐκκόπτου-

191 2218 300 2262 σιν,
335 2202 455 2270 ἤτοι
489 2201 813 2270 ἀφορίζουσι
844 2202 970 2264 τοὺς
991 2201 1080 2254 διὰ
1108 2202 1409 2270 χρημάτων
1433 2190 1771 2266 ἐπισκόπους

179 2290 211 2357 ἦ
253 2291 718 2361 πρεσϐυτέρουςῆ
750 2292 1040 2354 διακόνους
1084 2293 1438 2360 γενομένους,
1496 2295 1594 2346 ιιαλ⁵
1643 2295 1767 2354 τοὺς

178 2381 273 2433 διὰ
331 2382 613 2449 ἀρχόντων
660 2379 1000 2448 προστασίας
1041 2381 1380 2441 ἐπισκόπους
1415 2381 1765 2450 γενομένους.

193 2473 259 2524 Ἦ
304 2471 416 2539 γὰρ
460 2471 624 2540 χάρις
657 2470 751 2523 τοῦ
786 2472 1055 2538 παναγίου
1105 2472 1424 2541 Πνεύματος
1459 2472 1619 2533 ὤνιος
1668 2473 1768 2524 οὐκ

181 2563 317 2624 ἐστι,
354 2563 506 2630 φασί.
545 2563 656 2616 Καὶ
710 2563 742 2633 ὴ
787 2564 1044 2634 ἐπιστολὴ
1076 2564 1133 2616 δὲ
1163 2565 1258 2618 τοῦ
1293 2554 1448 2633 ἁγίου
1490 2566 1766 2632 Ταρασίου

180 2653 476 2722 γινομένου
517 2655 860 2724 πατριάρχου
893 2655 1542 2722 Κωνσταντινουπόλεως,
1564 2659 1596 2724 ἡ
1631 2657 1768 2726 πρὸς

179 2746 274 2797 τὸν
309 2747 546 2797 πάππαν
596 2745 903 2812 Ἀδριανὸν,
928 2746 1065 2815 φησι
1102 2748 1469 2818 φορητότερον
1492 2743 1634 2800 εἶναι
1673 2749 1768 2799 τὸν

178 2835 462 2904 αἱρετικὸν
494 2835 831 2888 Μακεδόνιον
856 2836 948 2888 τὸν
979 2836 1457 2906 βλασφημήσαντα
1489 2838 1769 2890 δουλεύειν

177 2924 240 2977 τὸ
268 2925 428 2991 ᾰγιον
483 2924 709 2994 Πνεῦμα
763 2925 868 2979 τοῦ
903 2926 995 2979 διὰ
1041 2929 1342 2996 χρημάτων
1395 2928 1765 3000 πωλοῦντοςῆ

177 3017 495 3085 ὠνουμένου
546 3016 606 3069 τὸ
665 3017 758 3070 τοῦ
809 3019 1078 3084 παναγίου
1113 3020 1431 3088 Πνεύματος
1474 3024 1765 3090 χάρισμα·

177 3109 264 3160 ὅτι
329 3109 358 3159 ό
417 3109 748 3180 πιπράσκων
789 3109 865 3171 ὡς
895 3110 1167 3178 δεσπότης
1220 3111 1528 3181 πιπράσκει
1556 3125 1572 3140 ·
1620 3111 1769 3163 καὶὸ

1937 479 2037 544 Qui
2066 489 2182 546 post
2207 477 2598 546 depositionem
2624 476 2694 529 ob
2718 477 3004 529 manifesta
3040 478 3268 531 crimina
3296 477 3443 544 justo

1872 569 2106 631 factum,
2154 585 2368 622 sacrum
2418 569 2778 621 ministerium
2826 584 3015 619 rursus
3058 568 3292 635 attingit,
3342 570 3443 623 iste

1872 671 2124 730 tanquam
2167 663 2463 713 membrum
2513 661 2786 727 putridunt
2829 661 2895 712 ab
2930 659 3166 713 Ecclesia
3203 659 3440 727 perfecte

1871 755 2226 807 abscinditur.

2420 863 2648 919 CANON
2689 862 2876 916 XXIX.

1869 981 1928 1034 Si
1960 983 2075 1050 quis
2104 982 2394 1047 episc0pus,
2421 998 2511 1047 per
2547 983 2796 1048 pecunias
2842 981 2976 1033 Imm:
3022 983 3089 1034 sit
3124 981 3440 1049 dignitatem

1940 1083 2230 1138 assecutus,
2263 1073 2338 1125 rel
2365 1074 2646 1141 presbyter,
2692 1074 2769 1124 vel
2801 1073 3073 1134 diaconus,
3122 1075 3438 1140 deponatur,

1938 1175 1986 1216 et
2029 1166 2154 1230 ipse,
2197 1174 2244 1218 et
2287 1166 2375 1234 qui
2410 1181 2525 1217 eum
2557 1166 2854 1228 ordinavit,
2900 1174 2948 1217 et
2996 1181 3028 1216 a
3085 1166 3444 1217 communione

1939 1258 2096 1307 etiam
2176 1259 2384 1310 omnino
2462 1257 2826 1320 exscindalur,
2887 1267 2938 1308 ut
2990 1253 3171 1309 Simon
3251 1255 3437 1324 Hagus

1942 1362 1974 1397 a
2007 1363 2086 1399 me
2121 1347 2300 1399 Petro.

2435 1546 2661 1600 CANON
2703 1547 2874 1600 XXX.

1872 1651 1931 1706 Si
1961 1654 2074 1721 quis
2101 1656 2368 1720 episcOpus
2404 1655 2745 1707 swcularilms
2775 1655 3105 1721 principibus
3171 1671 3317 1719 usus,
3354 1669 3444 1721 per

1945 1759 2030 1796 eos
2061 1741 2349 1796 Ecclesium
2382 1746 2599 1809 adeptus
2633 1746 2724 1807 sit,
2772 1746 3087 1810 deponatur,
3122 1755 3167 1798 et
3203 1762 3442 1816 segrege-

1944 1845 2049 1898 tur,
2089 1847 2134 1888 et
2167 1852 2342 1889 omnes
2372 1838 2465 1905 qui
2493 1838 2575 1889 illi
2607 1839 3018 1891 communicant.

1948 2014 2144 2068 BALS.
2180 2016 2480 2070 l’rmsentes
2506 2017 2610 2070 dno
2642 2032 2881 2071 canones
2925 2017 2994 2070 ‘29
3024 2028 3077 2072 et
3108 2018 3198 2081 30,
3232 2034 3337 2072 non
3361 2034 3447 2072 so-

1871 2108 1979 2162 lum
2020 2111 2334 2175 deponunt,
2376 2109 2470 2161 sed
2506 2109 2667 2161 etiam
2718 2123 2746 2161 a
2802 2111 3184 2163 communione
3235 2109 3450 2163 abscin-

1871 2202 2027 2262 dunt,
2063 2213 2155 2251 seu
2188 2208 2473 2267 segregant
2499 2212 2592 2251 eos
2623 2199 2712 2266 qui
2738 2213 2831 2266 per
2852 2199 3132 2265 pecunias.
3163 2199 3399 2266 episcmti
3428 2240 3444 2261 ,

1870 2290 1954 2342 vel
2009 2290 2331 2358 presbyteri,
2378 2290 2462 2342 vel
2515 2289 2725 2342 diaconi
2777 2289 2928 2353 ﬁunt,
2981 2300 3034 2342 et
3089 2305 3182 2344 eos
3223 2292 3310 2359 qui
3355 2307 3447 2358 per

1871 2382 2175 2450 principum
2253 2380 2546 2447 potentiam
2627 2392 2883 2434 creantur
2948 2381 3213 2448 episc0pi.
3256 2381 3442 2434 Sancti

1871 2473 2014 2525 enim
2078 2471 2332 2540 Spiritus,
2377 2471 2660 2540 inquiunt,
2705 2471 2878 2538 gratia
2911 2487 3015 2526 non
3065 2481 3147 2524 est
3219 2473 3445 2524 venalis.

1871 2563 2040 2618 Porro
2107 2572 2286 2616 autem
2350 2563 2522 2616 sancti
2583 2578 2796 2632 quoque
2852 2561 3062 2616 Tarasii
3126 2564 3449 2632 patriarchze

1871 2654 2452 2722 Constantinopolitani
2499 2654 2722 2722 epistola
2774 2655 2841 2707 ad
2880 2669 3071 2724 papam
3126 2654 3445 2720 Adriannm,

1873 2744 2026 2806 dicit,
2069 2758 2190 2799 esse
2237 2744 2663 2797 tolerabiliorem
2706 2743 3021 2798 liaereticum
3054 2744 3446 2804 Macedoninnt,

1872 2839 1962 2906 qui
1991 2846 2240 2890 sanctum
2278 2835 2539 2905 Spiritum
2571 2837 2798 2900 servire,
2837 2836 3150 2902 blaspheme
3182 2835 3339 2900 dixit,
3383 2852 3450 2890 co

1871 2928 1962 2996 qui
2014 2929 2257 2996 pecuniis
2293 2928 2424 2982 emit
2465 2928 2550 2982 vel
2585 2929 2771 2982 vendit
2809 2929 2986 2982 sancti
3042 2926 3278 2996 Spiritus
3323 2945 3448 2995 gra-

1875 3021 2038 3083 tiam;
2085 3021 2174 3087 qui
2207 3019 2352 3074 enim
2388 3021 2591 3083 vendit,
2637 3021 2821 3073 vendit
2863 3029 3119 3086 tanquam
3151 3019 3400 3072 dmninus
3431 3036 3445 3072 ε

1872 3121 1927 3166 et
1977 3111 2067 3179 qni
2109 3113 2261 3174 emit,
2298 3122 2551 3177 tanquam
2594 3110 2846 3164 dominus
2900 3108 3119 3164 futurus
3162 3119 3448 3178 argentum

177 3199 554 3268 ἐξωνούμενος
580 3200 655 3262 ὡς
682 3201 964 3255 δεσπόσων
990 3202 1324 3256 καταϐάλλει
1369 3203 1432 3256 τὸ
1480 3204 1763 3275 ἀργύριον.

1872 3204 2056 3259 solvit.
2106 3202 2449 3256 Sanctissimi
2507 3216 2723 3270 quoque
2766 3201 3087 3271 patriarchae
3134 3200 3401 3254 Gennadii
3431 3241 3447 3264 ,

189 3290 256 3342 Ἥ
307 3291 366 3344 δὲ
399 3291 493 3344 τοῦ
527 3293 835 3358 ἁγιωτάτου
900 3294 1247 3364 πατρίαρχου
1278 3295 1318 3346 Γ
1320 3294 1566 3348 ενναδίου
1597 3295 1761 3363 ἐγκύ-

174 3381 334 3445 κλιος
360 3383 619 3451 ἐπιστολὴ
647 3385 741 3436 καὶ
759 3383 1067 3452 ἀναθὲματι
1094 3388 1319 3448 τούτους
1336 3385 1764 3453 καθυποὸάλλει,

177 3471 357 3524 ταῦτα
423 3471 698 3538 λέγουσα·
771 3474 956 3527 Ἔστω
987 3476 1168 3529 τοίνυν
1218 3479 1313 3530 καὶ⁸
1352 3479 1505 3530 ἐστιν
1556 3480 1767 3550 ἀποκή-

175 3577 404 3629 ρυκτος,
434 3561 532 3613 καὶ
572 3563 754 3632 πάσης
781 3564 1063 3633 ἱερατικῆς
1111 3564 1271 3628 ἀξίας
1308 3583 1368 3618 τε
1399 3565 1493 3620 καὶ
1522 3567 1766 3638 λειτουρ-

173 3654 302 3718 γίας
357 3653 663 3723 ἀλλότριος,
732 3658 826 3707 καὶ
877 3658 943 3725 τῇ
1005 3658 1222 3729 κατάρᾳ
1281 3658 1378 3712 τοῦ
1421 3660 1767 3726 ἀναθέματος

176 3743 566 3812 ὑποκείμενος,
617 3746 646 3797 ό
683 3745 860 3809 διδοὺς
905 3746 1001 3798 καὶ
1055 3749 1084 3800 ὀ
1124 3748 1419 3816 λαμσάνων
1465 3748 1625 3803 ὢνιον
1660 3750 1760 3821 τὴν

173 3835 340 3906 χάριν
370 3835 466 3888 τοῦ
499 3836 837 3906 Πνεύματος,
874 3840 982 3891 εἴτε
1013 3839 1274 3909 κληρικὸς
1306 3841 1415 3892 εἴτε
1438 3841 1624 3905 λαῖκδς
1654 3842 1762 3911 εἴη.

174 3930 286 3981 Καὶ
318 3928 493 3982 ταῦτα
525 3929 625 3998 μὲν
646 3928 841 3992 οὕτως.
877 3930 1177 4002 Ἐρωτήσει
1233 3932 1288 3985 δέ
1341 3950 1424 3997 τις
1478 3934 1550 3997 ὡς
1588 3934 1684 3987 τοῦ
1719 3934 1761 3987 λ’

178 4020 412 4082 κανόνος
468 4021 771 4074 ἐπισκόπου
823 4022 992 4093 μόνου
1067 4025 1444 4094 μεμνημένου,
1494 4025 1758 4091 ὡσαύτως

170 4112 268 4163 καὶ
304 4111 397 4163 τοῦ
442 4109 522 4163 κθ¹
565 4113 790 4176 κανόνος
863 4113 1229 4168 ὑποδιακόνων
1278 4117 1352 4185 μὴ
1408 4118 1760 4186 μεμνημένου

172 4203 204 4272 ῆ
236 4202 628 4270 ἀναγνωστῶν,
664 4205 763 4258 ἐὰν
792 4205 1166 4275 πρεσϐύτερός
1207 4224 1289 4268 τις
1317 4209 1543 4276 γένηται
1570 4209 1602 4278 ἢ
1639 4209 1762 4262 διά-

169 4311 330 4355 κονος
375 4294 409 4364 ἢ
444 4295 797 4357 ὑποδιάκονος
843 4297 876 4365 ἢ
921 4298 1280 4365 ἀναγνώστης
1302 4298 1388 4349 διὰ
1424 4301 1762 4368 προστασίας

168 4387 460 4455 ἄρχοντος,
499 4386 532 4456 ἦ
566 4388 920 4450 ὐποδιάκονος
955 4389 986 4457 ἢ
1034 4389 1388 4460 ἁναγνώστης
1423 4385 1513 4443 διὰ
1561 4391 1762 4454 δόσεως

172 4479 507 4545 χρημάτων,
534 4480 585 4530 τί
617 4478 820 4546 ὀφείλει
869 4479 1164 4548 γενέσθαι;
1198 4481 1384 4545 Λύσις.
1442 4482 1553 4535 Καὶ
1607 4476 1757 4538 οὗτοι

168 4567 678 4636 γαθαιρεθήσονται
704 4572 794 4622 καὶ
822 4571 1290 4641 ἀφορισθήσονται
1322 4574 1431 4625 ἀπὸ
1454 4573 1548 4626 τοῦ
1572 4574 1763 4638 τέλους

164 4655 261 4706 τοῦ
326 4656 597 4724 παρόντος
645 4657 685 4707 λ’
741 4659 986 4721 κανόνος,
1020 4658 1272 4725 λέγοντος
1302 4660 1375 4728 μὴ
1416 4660 1611 4730 μόνους
1642 4662 1770 4724 τοὺς

167 4747 540 4816 πρωταιτίους
600 4747 695 4801 τοῦ
749 4749 924 4802 κακοῦ
985 4750 1371 4820 καθαιρεῖσθαι
1424 4753 1766 4842 καιὰφορί-

174 4848 392 4914 Casini,
428 4849 565 4902 ἀλλά
609 4850 702 4902 καὶ
750 4851 876 4913 τοὺς
904 4849 1299 4912 κοινωνοῦντας
1343 4851 1550 4912 αὐτοῖς.
1585 4851 1695 4904 Καὶ
1729 4852 1761 4920 ή

1871 3311 1990 3364 quae
2019 3294 2221 3361 passim
2245 3293 2440 3362 legitur
2467 3293 2718 3360 epistola,
2743 3307 2838 3347 eos
2869 3307 3086 3362 quoque
3114 3293 3447 3346 anathemati

1870 3387 2112 3454 subjicit,
2150 3387 2262 3439 haec
2309 3385 2500 3439 dicens
2537 3404 2549 3438 :
2588 3383 2668 3437 Sit
2713 3385 2895 3452 itaque
2935 3395 2987 3438 et
3015 3397 3099 3438 est
3142 3386 3446 3449 abdicatus,

1869 3490 1922 3536 el.
1987 3480 2055 3535 ab
2109 3479 2253 3534 omni
2319 3478 2640 3532 sacerdotali
2707 3479 2967 3549 dignitate
3031 3487 3083 3529 et
3144 3476 3450 3530 ministerio

1869 3575 2099 3638 alienus,
2144 3583 2197 3626 et
2221 3572 2586 3625 anatltematis
2627 3568 2994 3623 exsecratinni
3027 3568 3302 3635 subjectus
3335 3578 3446 3620 tant

1868 3665 1960 3734 qui
2008 3663 2187 3717 vendit
2212 3678 2372 3732 quam
2414 3662 2502 3730 qni
2551 3661 2682 3714 emit
2725 3663 2894 3714 sancti
2922 3660 3157 3728 Spiritus
3193 3660 3445 3729 gratiam,

1867 3757 1983 3809 sive
2011 3755 2081 3809 sit
2105 3754 2338 3808 clericus
2365 3791 2380 3815 ,
2422 3752 2533 3806 sive
2557 3751 2725 3805 laicus
2766 3768 2778 3804 :
2821 3760 2871 3804 et
2901 3751 3013 3804 hinc
3043 3752 3255 3819 quidem
3287 3751 3364 3804 sic
3389 3765 3449 3803 se

1867 3843 2088 3898 habent.
2123 3839 2442 3908 Quatsiverit
2484 3848 2663 3892 autem
2727 3838 3013 3906 quispiam,
3045 3852 3169 3891 cum
3210 3835 3279 3890 30
3308 3835 3443 3887 Can.

1866 3936 2034 3990 solius
2055 3936 2289 4002 episcOpi
2320 3932 2648 3997 meminerit,
2672 3931 2918 3986 similiter
2935 3940 3112 3984 autem
3130 3942 3182 3983 et
3198 3928 3288 3987 29.
3308 3928 3450 3982 Sub-

1866 4028 2213 4080 diaconorum
2238 4023 2342 4092 19
2372 4024 2451 4077 vel
2495 4025 2747 4076 lectorum
2766 4023 3090 4077 mentionem
3115 4035 3217 4074 non
3238 4020 3446 4085 fecerit,

1869 4118 1915 4173 si
1970 4117 2091 4186 quis
2139 4120 2422 4185 presbyter
2458 4114 2540 4168 vel
2583 4115 2874 4177 diaconus,
2925 4114 3008 4166 vel
3056 4111 3446 4175 subdiaconus,

1866 4215 1961 4260 aut
2014 4207 2186 4260 lector
2215 4205 2358 4258 datis
2402 4205 2651 4275 pecuniis
2692 4206 3075 4267 constituatur,
3112 4202 3241 4272 quid
3287 4204 3447 4257 debet

1869 4299 2022 4351 ﬁeri?
2063 4297 2291 4352 Solutio.
2339 4295 2404 4348 Hi
2437 4311 2652 4366 quoque
2707 4299 3044 4362 deponentur
3096 4305 3151 4349 et
3194 4310 3447 4365 segrega-

1865 4394 2067 4447 buntur
2095 4408 2159 4446 ex
2207 4393 2312 4447 ﬁne
2356 4394 2635 4461 praasentis
2670 4394 2738 4447 5O
2769 4393 3008 4456 canOnis,
3035 4393 3122 4461 qui
3158 4393 3310 4455 dicit,
3340 4406 3446 4444 non

1865 4487 2034 4539 solum
2079 4486 2282 4555 primos
2315 4493 2567 4539 auctores
2601 4488 2862 4538 malorum
2896 4484 3110 4552 deponi,
3155 4493 3209 4537 et
3268 4497 3447 4549 segre-

1871 4575 2006 4645 gari,
2057 4577 2150 4628 sed
2176 4591 2268 4629 eos
2301 4577 2463 4631 etiam
2508 4578 2598 4644 qui
2643 4575 2749 4630 illis
2797 4575 3223 4630 communicant.
3276 4572 3447 4626 Pmro

1873 4677 2052 4719 autent
2085 4666 2350 4720 Gennadii
2381 4667 2548 4721 etiam
2575 4664 2825 4734 epistola,
2858 4674 2918 4718 ut
2941 4665 3145 4718 dictum
3179 4672 3283 4727 est,
3338 4677 3444 4716 ιιοη

1868 4758 2042 4812 Solum
2110 4767 2398 4822 sacratos,
2467 4757 2560 4812 sed
2594 4767 2669 4810 ἐι
2713 4757 2904 4820 laicos,
2959 4756 3048 4824 qui
3090 4755 3196 4808 tale
3248 4754 3444 4808 malum

1867 4850 2132 4916 fecerunt,
2167 4851 2496 4905 anathemati
2557 4849 2802 4918 subjicit.
2850 4846 2992 4918 Lege
3037 4848 3202 4901 etiam
3253 4861 3447 4903 secun—

1376 4989 1564 5050 Guill.
1612 4988 1933 5065 Beveregii
1979 4994 2163 5048 notae.

240 5138 356 5207 (αἰεὶ)
408 5137 476 5191 Et
517 5155 606 5203 τις
644 5139 981 5201 ἐπίσκοπος
1029 5133 1128 5188 διὰ
1169 5134 1507 5203 χρημάτων.
1538 5134 1633 5188 Hic
1668 5150 1758 5207 ca-

167 5226 279 5260 non
306 5205 440 5274 ipsis
467 5208 785 5261 Tertulliani
813 5209 1001 5259 diebus
1029 5208 1347 5259 Obsel'ValllS
1375 5215 1477 5266 est,
1504 5217 1560 5256 nt
1587 5220 1647 5258 ex
1670 5205 1755 5260 his

167 5280 343 5341 ipsius
371 5279 549 5332 verbis
573 5288 735 5346 patet,
754 5277 1046 5330 Prtesident
1071 5275 1279 5338 probati
1300 5277 1486 5341 quique
1504 5276 1753 5339 seniores,

165 5349 418 5400 honorem
457 5349 619 5401 istum
672 5365 773 5401 non
830 5352 1018 5413 pretio,
1071 5347 1160 5398 sed
1209 5346 1504 5396 testimonio
1539 5346 1752 5412 adepti;

167 5434 336 5484 neque
381 5421 521 5470 enim
575 5419 740 5480 pretio
804 5417 915 5469 ulla
954 5433 1033 5470 res
1084 5415 1181 5466 Dei
1235 5424 1461 5468 constat.
1521 5416 1746 5469 Tertull.

165 5488 326 5552 Apul.
365 5503 413 5540 c.
450 5489 539 5542 59.
572 5487 706 5541 Cum
740 5496 920 5540 autem
955 5485 1352 5539 atrocissinmm
1407 5486 1504 5537 hoc
1548 5485 1746 5549 scelus,

164 5559 538 5612 sacerdotium
566 5557 814 5611 videlicet
860 5559 1033 5623 pretio
1058 5556 1354 5615 mercandi,
1372 5554 1425 5606 in
1452 5553 1746 5608 Ecclesiam

166 5625 489 5695 irrepserat,
517 5627 574 5681 S.
613 5628 802 5681 Patres
829 5627 879 5680 in
911 5627 1051 5680 istud
1101 5625 1367 5680 aet-rrime
1414 5625 1744 5695 inveheban-

169 5694 448 5752 tur.’vide
481 5699 539 5752 D.
584 5697 882 5753 ll’.eron.in
937 5695 1125 5749 Matth.
1179 5710 1278 5757 xu,
1339 5709 1389 5749 v.
1423 5694 1510 5746 52.
1574 5694 1737 5762 Greg.

169 5763 311 5835 Μία.
342 5769 505 5836 epist.
549 5769 585 5822 l.
628 5769 684 5835 4,
735 5784 824 5840 ep.
879 5766 948 5822 50
1003 5767 1066 5821 ad
1125 5765 1308 5834 Virgil.
1369 5767 1496 5818 edit.
1560 5763 1746 5820 Romae

1866 5134 2022 5188 1591.
2055 5131 2502 5198 Gennadiiepist.
2533 5128 2752 5198 Encycl.
2787 5129 2853 5184 de
2910 5128 3177 5193 Simonia,
3221 5128 3291 5181 ad
3332 5143 3449 5180 tne-

1867 5203 2222 5270 tropolitanos
2244 5210 2296 5253 ct
2333 5216 2522 5269 papam
2569 5201 2891 5252 Romanum.
2937 5199 3150 5254 Tarasii
3176 5204 3339 5267 epist.
3366 5199 3442 5270 ad

1861 5268 2155 5326 Adrianum
2184 5274 2249 5323 de
2296 5268 2728 5323 ordinatimiihus
2766 5271 3074 5324 Simoniace
3101 5285 3206 5322 non
3249 5268 3439 5322 confe—

1862 5345 2064 5407 rendis,
2090 5343 2227 5408 apud
2250 5340 2362 5393 Bin.
2405 5350 2531 5393 tom.
2565 5339 2654 5401 ΙΙΙ,
2688 5341 2882 5394 concil.
2914 5357 2965 5404 ιι.
2991 5341 3119 5403 ⁸26τὶ,
3157 5341 3289 5408 edit.
3318 5338 3433 5393 Col.

1857 5413 2017 5477 2606,
2067 5407 2277 5466 COncil.
2315 5411 2588 5463 Aurelian.
2625 5411 2678 5473 ‘2,
2731 5427 2779 5463 c.
2821 5412 2874 5475 4,
2922 5411 3134 5463 liincm.
3182 5407 3438 5462 Remens.

1857 5485 2014 5549 epist.
2061 5485 2124 5533 ad
2161 5483 2443 5548 episcopos
2483 5480 2725 5534 Francia:
2757 5496 2877 5550 cap.
2912 5482 2964 5541 5,
3010 5483 3141 5533 edit.
3194 5481 3434 5550 Μυμιιιιι.

1860 5548 2017 5608 1602.
2053 5551 2260 5606 Cuncrl.
2325 5551 2492 5602 Paris.
2545 5550 2596 5612 6,
2632 5551 2668 5602 Ι.
2713 5567 2752 5612 ι,
2796 5548 2848 5604 εὴ.
2902 5552 2989 5605 11.
3038 5551 3244 5604 Concil.
3292 5548 3434 5602 Gull.

1858 5635 1966 5677 tom
2011 5623 2074 5685 ΙΙ,
2118 5636 2239 5689 pag.
2271 5620 2396 5680 189,
2430 5619 2637 5673 Cuticil.
2673 5635 2902 5674 venue.
2930 5621 3021 5680 26.
3078 5621 3206 5672 ibid.
3249 5635 3300 5686 p.
3345 5619 3436 5671 55.

1850 5691 1973 5746 Isid.
2012 5692 2268 5746 Pelusiot.
2315 5691 2474 5757 epist.
2511 5691 2542 5742 Ι.
2573 5705 2613 5753 ι,
2655 5706 2740 5760 cp.
2787 5690 2914 5758 515,
2945 5691 3033 5746 ubi
3067 5690 3434 5746 Sithoniacum

1854 5764 2109 5832 Καϊάφαν
2135 5762 2529 5830 Χριστοκτόνον
2561 5773 2738 5816 vocat.
