4186 6438
192 422 262 481 97
1410 414 1491 471 ΙΝ
1531 410 1695 471 CAN.
1724 409 1919 471 XXXI
1961 412 2213 474 APOST.
3372 420 3446 485 93

263 531 467 584 ΒΛᾹΣ.
509 528 781 594 Ἐκάστης
837 526 1043 587 πόλεως
1092 524 1377 593 ἱερωμένοι
1436 525 1530 575 καὶ
1590 522 1769 573 λαῖκοὶ

1949 521 2144 577 BALS.
2182 524 2244 577 Et
2268 526 2465 577 sacrati
2503 533 2555 579 ct
2599 525 2717 580 laici
2751 526 3177 596 uniuscujusque
3208 528 3445 585 civitatis

191 624 503 689 ὀφείλουσιν
561 618 883 671 ὑποκεῖσθαι
936 616 1013 685 τῷ
1062 616 1200 667 κατὰ
1242 613 1422 684 χώραν
1459 615 1765 681 ἐπισκόπῳ,

190 718 286 767 καὶ
344 714 486 782 μετα
530 711 723 764 τούτου
770 709 1099 775 συνάγεσθαι
1137 709 1229 761 καὶ
1279 706 1691 775 ἐκκλησιάζειν,
1721 706 1770 757 εί

193 807 272 873 μὴ
328 806 748 867 καταγνώσουσι
806 801 999 854 τούτου
1058 801 1134 863 ὡς
1192 800 1422 861 ἀσεϐοῦς
1468 798 1502 869 ἢ
1559 798 1768 851 ἀδίκου.

191 895 515 963 Τηνικαῦτα
548 893 657 962 γὰρ
689 891 1170 959 ἀποδιισταμένοες
1199 890 1389 949 αὑτοῦ,
1433 888 1532 941 ούκ
1575 886 1766 938 εὐθυν-

192 986 447 1054 θήσεται.
498 985 559 1038 Ὀ
583 985 638 1036 δὲ
668 983 819 1051 παρὰ
852 982 1025 1035 ταῦτα
1054 980 1307 1050 ποιήσας,
1342 981 1435 1032 καὶ
1466 979 1771 1044 ἁνευλόγως

193 1092 256 1125 ίκ
284 1074 386 1127 τοῦ
419 1075 551 1127 ίδίου
577 1075 877 1127 ἐπισκόπου
902 1073 1275 1143 ἀποσχισθεὶς,
1305 1072 1397 1125 καὶ¹
1434 1071 1541 1141 ἰδία
1568 1070 1768 1138 ἐκκλη-

194 1167 423 1232 σιάζων,
464 1169 512 1219 εἰ
562 1167 659 1236 μὲν
690 1167 952 1236 κληρικός
1003 1168 1140 1231 ἐστι,
1179 1164 1665 1235 καθαιρεθήσεται,
1696 1161 1772 1224 ὡς

192 1258 484 1327 φίλαρχος,
517 1260 565 1310 εἰ
598 1258 654 1309 δὲ
684 1258 892 1320 λαῖκὸς,
932 1256 1382 1325 ἀφορισθήσεται.
1418 1253 1559 1323 Πλὴν
1597 1252 1770 1306 ταῦτα

192 1349 496 1416 διορίζεται
533 1348 789 1417 γενέσθαι
845 1351 873 1401 ὁ
924 1348 1104 1401 κανὼν
1139 1347 1275 1416 μετὰ
1308 1345 1555 1416 πρώτην,
1586 1344 1774 1397 δευτέ-

195 1454 321 1504 ραν,
360 1438 453 1489 καὶ
482 1437 672 1508 τρίτην
700 1436 1058 1506 ἐπιφώνησιν.
1098 1435 1399 1505 ’Ᾱνάγνωθι
1435 1436 1530 1488 καὶ
1594 1436 1687 1487 τὸν
1717 1432 1771 1498 ς’

193 1528 402 1581 κανόνα
445 1528 545 1596 τῆς
590 1531 647 1581 ἐν
700 1529 926 1599 Γάγγρα
975 1528 1192 1581 συνόδου
1267 1528 1362 1579 καὶ
1393 1528 1483 1579 τὸν
1516 1532 1547 1579 ι’
1574 1528 1670 1594 τῆς
1714 1528 1772 1577 ἐν

196 1619 556 1691 Καρθαγένῃ.
585 1619 772 1690 Τούτῳ
813 1618 891 1689 τῷ
938 1619 1123 1672 κανόνι
1166 1620 1260 1672 καὶ
1307 1622 1423 1682 τοῖς
1468 1618 1675 1679 λοιποῖς
1705 1614 1773 1669 τὰ

192 1710 425 1761 τοιαῦτα
473 1710 865 1778 διοριζομένοις
904 1710 957 1762 oi
1007 1709 1514 1779 προσϐοηθούμενοι
1546 1710 1593 1760 οξ
1629 1706 1771 1759 κατὰ

196 1799 386 1868 χώραν
459 1800 855 1869 μητροπολῖται
921 1800 1018 1853 καὶ
1075 1800 1366 1853 ἐπίσκοποι
1436 1799 1772 1866 γογγύζουσι

195 1894 340 1943 κατὰ
374 1892 485 1943 τῶν
516 1892 820 1960 ζητούντων
846 1894 1225 1963 σταυροπήγια
1254 1891 1368 1961 (43)
1399 1891 1771 1961 πατριαρχικα

194 1988 277 2045 εἰς
327 1988 429 2047 τὲς
479 1986 691 2054 ὲνορίας
738 1986 941 2039 αὐτῶν.
973 1987 1070 2038 Διὰ
1108 1987 1218 2055 γὰρ
1255 1984 1413 2037 τοῦτο
1452 1986 1546 2037 καὶ
1582 1983 1777 2037 πολλά-

195 2094 284 2139 κις
320 2078 462 2138 τινὲς
496 2076 746 2146 ὥχλησαν
777 2078 877 2140 τὰς
914 2077 1199 2147 βασιλικὰς
1245 2077 1338 2130 καὶ
1366 2075 1775 2147 πατριαρχικὰς

195 2172 397 2233 ἀκοὰς,
462 2173 752 2241 ζητοῦντες
816 2172 1243 2242 περιαιρεθῆναι
1305 2172 1404 2240 τὴν
1468 2170 1612 2222 δόσιν
1668 2168 1776 2220 τῶν

200 2266 623 2333 πατριαρχικὼν
673 2265 1130 2334 σταυροπηγίων·
1187 2265 1261 2326 ὡς
1313 2264 1421 2314 τῶν
1470 2262 1777 2331 ζητούντων

200 2356 365 2418 αὐτὰ,
402 2359 496 2407 καὶ
546 2357 887 2425 ποιουμένων
938 2357 1038 2425 τὴν
1092 2354 1189 2408 τοῦ
1239 2352 1622 2423 οίκουμενικοῦ
1676 2370 1778 2403 πα‹

200 2445 472 2514 τριάρχου
522 2445 817 2513 ἀναφοράν,
859 2445 992 2513 μηδὲ
1033 2444 1191 2512 λόγου
1226 2444 1522 2508 ἀξιούντων
1554 2442 1774 2502 αύτούς.

212 2530 358 2582 Ἀλλ’
417 2532 517 2583 οὒκ
580 2531 1053 2601 εἰσηκούσθησαν’
1111 2534 1206 2583 καὶ
1261 2532 1431 2584 ταῦτα
1484 2530 1779 2601 ζητοῦντες

200 2624 441 2686 κανόνας
494 2625 935 2694 προκομισθῆναι
966 2624 1065 2694 τὴν
1094 2625 1203 2676 τῶν
1246 2624 1503 2676 τοιούτων
1552 2640 1781 2692 σταυρο-

200 2715 423 2783 πηγὶων
476 2715 859 2784 ἑκχωροῦντας
914 2716 1144 2779 ἔκδοσιν,
1186 2716 1261 2777 ὡς
1307 2716 1400 2766 τοῦ
1455 2715 1655 2782 μέρους
1683 2716 1780 2783 τῆς

198 2807 517 2876 ἁγιωτάτης
544 2808 802 2876 Μεγάλης
840 2806 1170 2877 Ἐκκλησίας
1213 2807 1479 2871 γενναίως
1507 2806 1783 2856 ἀπεσκευ-

202 2896 449 2964 ασμένου
510 2896 609 2965 τὴν
673 2898 881 2949 τούτων
946 2896 1195 2948 ἔνστασιν
1253 2895 1338 2948 διὰ
1396 2897 1496 2962 τῆς
1563 2895 1780 2965 μακρᾶς

201 2986 667 3057 ἐκκλησίαις-διχῇ
711 2988 962 3056 ἀγράφου
996 2988 1304 3056 συνηθείας,
1340 2988 1435 3055 τῆς
1463 2988 1581 3040 ἀντὶ
1620 2986 1784 3038 κανό-

203 3098 313 3132 νων
343 3082 701 3149 κρατησάσης
729 3080 788 3143 ἐξ
818 3079 1250 3148 ἀμνημονεύτων
1291 3080 1499 3147 χρόνων
1545 3079 1640 3129 καὶ
1684 3078 1783 3146 μέ-

1875 611 2069 665 dcbcnt
2105 614 2327 667 subesse
2356 614 2606 681 episcopo
2644 615 2965 681 dimceseos,
2991 626 3044 669 et
3075 632 3195 671 cum
3219 633 3284 672 eo
3318 632 3449 672 con-

1873 704 2112 772 gregari,
2144 712 2196 757 et
2225 706 2277 757 in
2305 704 2541 758 Ecclesia
2573 706 2925 771 versari,nisi
2957 706 3103 760 illum
3137 717 3194 761 ut
3221 709 3445 777 impium

1873 794 1955 848 vel
1984 795 2241 863 injustnm
2275 796 2722 851 condemnarint:
2774 806 2898 851 tunc
2927 798 3074 852 enim
3108 798 3151 852 si
3185 799 3253 853 ab
3273 814 3339 853 eo
3366 814 3451 853 re-

1873 890 2159 953 cesserint,
2206 889 2284 943 eis
2332 904 2439 942 non
2489 888 2867 958 imputabitur.
2897 889 2996 954 Qui
3035 898 3214 943 autem
3256 900 3450 956 prteter

1873 979 1988 1032 haec
2021 980 2225 1039 fecerit.
2259 989 2312 1035 et
2345 982 2464 1035 sine
2501 981 2710 1035 ratione
2754 998 2781 1034 a
2813 982 3033 1049 proprio
3061 982 3314 1048 episcopo
3355 983 3450 1033 ab-

1874 1071 2155 1135 scesserit;
2199 1080 2253 1124 ct
2293 1072 2581 1139 separatim
2642 1072 2694 1124 in
2746 1071 2982 1125 Ecclesia
3025 1070 3222 1135 fuerit;
3268 1070 3312 1124 si
3367 1077 3450 1125 est

1874 1163 2088 1229 quidem
2117 1162 2349 1216 clericus
2391 1163 2685 1228 deponatur
2732 1173 2789 1214 ιιι
2832 1161 3040 1230 imperii
3083 1162 3309 1228 cupidus
3345 1178 3357 1213 :
3403 1161 3447 1214 si

1875 1261 2054 1305 autem
2085 1252 2287 1318 Inicus,
2318 1253 2714 1321 segregabitur.
2741 1252 2844 1307 Sed
2879 1267 3051 1305 canon
3080 1253 3295 1321 quidem
3334 1252 3450 1306 haec

1874 1360 1991 1398 esse
2032 1345 2275 1398 facienda
2319 1346 2577 1408 decernit,
2626 1354 2743 1413 post
2772 1345 3020 1410 primam,
3057 1343 3346 1397 secundant
3396 1352 3451 1397 et

1878 1439 2088 1491 tertiam
2154 1436 2600 1491 admonitionem.
2646 1435 2787 1503 Lege
2820 1436 2982 1489 etiam
3019 1433 3051 1487 6
3083 1449 3205 1488 catt.
3248 1434 3448 1503 Synoti

1874 1529 2075 1597 Gangr.
2096 1540 2147 1583 et
2170 1529 2233 1583 l0
2266 1529 2337 1584 Ca
2349 1530 2452 1582 rth.
2476 1528 2588 1583 Hoc
2611 1543 2817 1581 canone
2834 1537 2887 1582 et
2910 1527 3127 1596 reliquis
3148 1526 3238 1595 qui
3260 1526 3449 1581 eadem

1876 1624 2193 1684 decernunt,
2236 1624 2355 1675 freti
2391 1621 2788 1690 metropolitani
2834 1620 3192 1689 provinciales
3228 1629 3282 1673 et
3335 1621 3450 1684 epi-

1876 1718 2046 1785 scopi,
2098 1724 2439 1768 murmurant
2488 1714 2749 1769 adversus
2790 1729 2886 1769 eos
2932 1714 3027 1783 qui
3060 1723 3310 1782 quaerunt
3344 1713 3452 1782 20

1879 1818 1935 1859 ut
1970 1823 2158 1861 cruces
2206 1806 2594 1875 patriarchales
2621 1809 2675 1859 in
2702 1808 2815 1861 suis
2850 1806 3161 1876 regionibus
3194 1806 3448 1872 ﬁgantur,

1877 1908 1930 1954 et
1980 1901 2097 1953 ideo
2138 1914 2278 1967 saepe
2346 1898 2589 1952 nonnulli
2629 1898 2975 1965 imperatoris
3021 1906 3076 1951 et
3128 1895 3452 1964 patriarcha:

1879 2007 2036 2047 aures
2093 1993 2442 2053 obtuderunt,
2500 1998 2806 2059 quazrentes
2872 1995 2930 2041 ut
3004 1986 3449 2057 patriarchalium

1879 2086 2258 2153 aliigcndarnm
2292 2083 2531 2135 (rnciunt
2561 2082 2706 2135 datio
2743 2080 3068 2143 auferretur,
3098 2086 3280 2146 utpote
3313 2078 3451 2144 quod

1879 2177 2005 2243 quid
2053 2190 2115 2227 ea
2148 2181 2472 2242 qumrcreut,
2529 2182 2582 2224 et
2619 2172 2684 2225 de
2723 2170 2811 2223 his
2844 2172 2907 2223 ad
2955 2169 3314 2221 universaletn
3362 2181 3454 2235 pa-

1883 2268 2173 2321 triarcham
2221 2265 2504 2327 referrent,
2538 2278 2720 2317 eorum
2764 2262 2959 2315 nullam
2992 2260 3252 2313 rationem
3288 2260 3452 2311 habe-

1882 2370 2018 2414 rent.
2073 2360 2176 2411 Sed
2216 2374 2319 2411 non
2370 2366 2494 2409 sunt
2534 2354 2771 2409 exauditi
2811 2371 2823 2407 :
2857 2362 2909 2407 et
2960 2368 3080 2407 cum
3115 2351 3451 2420 postularent

1883 2447 2108 2514 proferri
2167 2459 2425 2505 canones,
2476 2445 2567 2512 qui
2615 2442 2853 2496 erucium
2888 2442 3153 2509 ejusmodi
3210 2440 3450 2507 figenda-

1884 2554 2001 2589 rum
2029 2537 2430 2589 concessionem
2463 2534 2853 2603 permitterent,
2886 2533 3244 2586 sanctissima:
3269 2530 3457 2586 Eccle-

1882 2631 1974 2683 sia-
2009 2645 2132 2698 pnrs
2164 2645 2350 2682 eorum
2383 2629 2699 2682 instantiam
2742 2628 2929 2697 rcjecit
2959 2643 3055 2697 per
3086 2628 3297 2695 longam
3348 2642 3455 2680 non

1881 2720 2133 2788 scriptam
2173 2720 2595 2773 ecclesiasticam
2639 2718 3110 2778 consuetudinem,
3178 2732 3296 2786 quas
3361 2733 3458 2785 pro

1882 2810 2180 2864 eattonibus
2201 2820 2413 2863 servata
2450 2820 2533 2862 est
2564 2818 2714 2863 tanto
2744 2816 2988 2876 tempore
3029 2809 3218 2876 quanti
3256 2822 3464 2859 memo-

1884 2903 1962 2955 ria
2006 2901 2188 2955 haberi
2222 2916 2324 2953 non
2354 2910 2548 2970 potest,
2569 2911 2622 2955 et
2664 2903 2717 2953 in
2739 2902 3053 2954 hodiernum
3090 2913 3260 2967 usque
3293 2899 3458 2952 diem.

1884 2993 2017 3046 Nota
2055 3000 2372 3060 praesentem
2401 3007 2661 3045 canoncm
2697 2991 3048 3057 apostolicum
3079 2992 3457 3045 decernentem

1885 3084 2112 3139 clericos
2154 3083 2221 3136 ab
2249 3084 2516 3152 episcopis
2548 3082 2663 3136 suis
2704 3084 2919 3151 impune
2950 3082 3250 3141 discedere.
3290 3082 3332 3134 si
3367 3097 3462 3134 cos

202 3187 301 3239 χρι
326 3167 422 3220 τοῦ
458 3169 569 3220 νῦν.
602 3169 917 3238 Σημείωσαι
964 3170 1056 3221 τὸν
1110 3169 1354 3237 παρόντα
1389 3169 1500 3238 (46)
1546 3169 1776 3220 ἀποστο-

1885 3185 1946 3229 ut
1982 3175 2180 3244 impios
2222 3184 2278 3228 et
2323 3176 2550 3242 injustos
2595 3176 2957 3227 eondemnent
2991 3192 3003 3225 :
3046 3184 3100 3226 et
3142 3173 3460 3226 ltucnutum

206 3260 365 3312 λικδν
419 3261 618 3312 κανόνα
674 3260 1048 3329 διοριζόμενον
1107 3260 1406 3321 ἀκινδύνως
1461 3259 1783 3329 ἁποσχίζειν

204 3349 336 3411 τοὺς
363 3349 656 3417 κληρικοὺς
685 3351 792 3401 ἀπὸ
837 3349 945 3402 τῶν
973 3348 1287 3401 ἐπισκόπων
1318 3348 1519 3412 αὐτῶν,
1552 3365 1785 3416 καταγι-

205 3440 524 3502 νώσκοντας
551 3441 757 3494 τούτων
787 3441 859 3502 ὡς
891 3439 1235 3494 ἀσεϐούντων
1286 3442 1380 3492 καὶ
1423 3440 1781 3493 ἀδικούντωνο

208 3532 304 3583 καί
343 3532 459 3583 ἐστι
483 3533 669 3584 καινὸν
692 3533 751 3584 τὸ
782 3532 883 3601 τῆς
918 3533 1151 3595 ἀδικίας.
1202 3533 1291 3596 Ἐξ
1321 3533 1512 3600 ἐτέρου
1560 3532 1617 3584 δὲ
1660 3533 1785 3602 τρό-

206 3640 338 3685 που,
375 3622 478 3675 κᾶν
523 3624 793 3692 χείριστος
821 3625 1040 3677 πάντων
1069 3624 1219 3676 ἐστὶν
1257 3625 1286 3676 ό
1316 3625 1618 3686 ἐπίσκοπος
1661 3625 1691 3694 ἢ
1756 3627 1785 3677 ὁ

208 3717 414 3785 ἱερεὺς,
446 3716 546 3767 οὐκ
579 3715 781 3782 ὀφείλει
829 3732 913 3776 τις
953 3714 1272 3783 ἀποσχίζειν
1306 3716 1364 3781 ἑξ
1418 3715 1614 3775 αὐτῶν,
1651 3716 1786 3782 μᾶλ-

205 3808 299 3858 λον
333 3808 434 3874 μὲν
465 3805 557 3859 οὗν
585 3806 860 3859 πιστεύειν
882 3807 951 3858 δι’
971 3807 1168 3867 αὐτοὺς
1194 3806 1539 3873 ἁγιάζεσθαι·
1576 3806 1784 3869 πάντας

206 3901 342 3969 γὰρ,
377 3900 540 3966 φησὶν
573 3898 706 3967 (47),
734 3901 761 3951 ὁ
799 3899 931 3960 Θεὸς
985 3899 1046 3949 οὐ
1094 3899 1416 3968 χειροτονεῖ,
1444 3896 1533 3950 διὰ
1567 3898 1787 3950 πάντων

1890 3276 1974 3320 est
2012 3265 2312 3335 injustitise.
2351 3265 2565 3334 Alioqui
2600 3276 2778 3318 autem
2821 3266 3034 3319 etiamsi
3076 3265 3311 3317 omnium
3342 3280 3463 3334 pes-

1890 3354 2059 3408 simus
2092 3356 2472 3423 sitcpiscopus
2527 3364 2619 3408 aut
2665 3358 2941 3415 sacerdos,
2977 3370 3083 3408 non
3132 3356 3289 3409 debet
3314 3356 3464 3421 quis-

1891 3447 2033 3516 piam
2076 3447 2142 3498 ab
2180 3446 2259 3498 eis
2293 3444 2569 3498 discedere
2623 3445 2713 3497 sed
2771 3446 2946 3511 potius
2998 3444 3219 3497 credere
3263 3459 3320 3497 se
3368 3460 3464 3511 per

1892 3550 1985 3589 eos
2010 3534 2341 3590 sanctificari
2369 3550 2382 3586 :
2409 3550 2529 3587 nam
2562 3550 2751 3588 omnes
2781 3534 2972 3602 inquit,
3000 3534 3461 3603 (Chrysostotnus)

1894 3628 2036 3681 Deus
2081 3642 2183 3680 non
2226 3627 2461 3689 ordinat,
2500 3626 2593 3679 sed
2633 3641 2728 3693 per
2772 3640 2960 3679 omnes
3000 3636 3272 3693 operatur.
3328 3624 3464 3693 Lege

1893 3728 1946 3771 et
2019 3717 2085 3769 15
2144 3730 2402 3769 cauonem
2477 3714 2695 3783 sydonir
2736 3714 2788 3767 in
2868 3716 3065 3779 templo
3136 3713 3460 3767 Sanctorum

1893 3806 2275 3874 Apostolorum
2310 3805 2529 3868 habitze,
2566 3814 2620 3858 et
2652 3805 3019 3874 Chrysostomi
3061 3806 3465 3873 interpretatio-

1901 3912 2021 3951 nem
2044 3897 2294 3952 secunda:
2318 3896 2565 3964 Epistolm
2594 3897 2659 3948 ad
2691 3894 3057 3958 Timotheum.

206 3995 263 4046 δὲ
300 3996 537 4062 ἐνεργεῖ.
581 3994 920 4060 Ἀνάγνωσον
945 3994 1039 4044 καὶ
1064 3993 1155 4044 τὸν
1183 3998 1251 4060 ιγ’
1285 3992 1485 4045 κανόνα
1506 3994 1603 4062 τῆς
1625 3996 1682 4046 ἑν
1706 3994 1783 4064 τῷ
1804 3994 1915 4065 ναῷ
1940 3994 2049 4047 τῶν
2083 3993 2281 4061 Ἀγίων
2309 3990 2648 4045 ’Δποστόλων
2674 3991 2915 4060 συνόδου,
2941 3993 3034 4045 καὶ
3058 3992 3167 4046 ἀπὸ
3198 3992 3300 4062 τῆς
3329 3992 3466 4063 πρὸς

206 4084 477 4155 Τιμόθεον
503 4085 763 4155 δευτέρας
788 4083 1078 4153 ἐπιστολῆς
1100 4082 1397 4154 ἑρμηνείαν
1421 4083 1515 4137 τοῦ
1544 4085 1723 4152 λόγου.

730 4177 936 4247 Ἑτέρα
962 4179 1266 4248 ἑρμηνεία.

282 4271 443 4326 Μετὰ
495 4272 594 4342 τὴν
638 4271 730 4325 τοῦ
780 4273 1049 4342 παρόντος
1098 4273 1317 4334 κανόνος
1363 4274 1661 4344 ἑρμηνείαν
1707 4274 1789 4337 είς

206 4365 403 4433 λόγους
448 4362 618 4417 ἐλθὼν
670 4364 810 4433 μετά
856 4380 1022 4416 τινων
1070 4364 1376 4435 ἀρχιερέων
1407 4366 1787 4433 γογγυζόντων

207 4460 297 4508 δια
334 4457 402 4507 τα
451 4454 823 4524 πατριαρχικᾶι
854 4456 1233 4525 σταυροπήγια
1274 4455 1350 4520 ὼς
1392 4455 1554 4525 δῆθεν
1588 4457 1791 4510 ἀκανο-

210 4553 409 4610 vista);
440 4547 883 4617 ἀποστελλόμενα
917 4550 995 4609 είς
1018 4547 1117 4610 τας
1151 4546 1364 4617 ἐνορίας
1393 4548 1593 4613 αὐτῶν,
1629 4566 1790 4605 κατε-

207 4644 379 4709 νόησα
428 4639 604 4700 καλῶς
666 4642 759 4691 καὶ
809 4639 1110 4701 κανονικῶς
1175 4638 1348 4691 ταῦτα
1378 4639 1644 4707 γίνεσθαι,
1693 4645 1789 4694 καὶ

213 4737 393 4804 μάτην
439 4735 565 4795 τοὶς
608 4734 903 4803 ἐγχωρίους
943 4732 1275 4794 ἐπισκόπους
1336 4732 1647 4802 μέμφεσθαι
1686 4735 1786 4802 τὴν

208 4826 418 4877 τούτων
454 4826 694 4892 ποίησιν.
734 4823 867 4875 Ἀπὸ
906 4822 1011 4891 γὰρ
1048 4822 1157 4875 τῶν
1184 4822 1343 4875 θείων
1388 4823 1633 4876 κανόνων
1659 4820 1783 4875 οὔτε

211 4914 611 4987 μητροπολίτου
664 4912 786 4964 οὔτε
833 4912 1268 4983 ἀρχιεπισκόπου
1308 4910 1431 4964 οὔτε
1481 4914 1781 4966 ἐπισκόπου

206 5010 394 5075 ενορία
447 5003 627 5072 ἐδόθη,
661 5003 797 5055 ἀλλὰ
846 5003 914 5054 τὰ
958 5001 1138 5054 πάντα
1182 5004 1548 5073 πατριάρχαις
1586 5006 1787 5057 ἀπενε-

208 5095 485 5165 μηθησαν,
511 5094 605 5145 καὶ
636 5091 694 5146 αί
727 5090 845 5143 ὅλαι
888 5089 1091 5159 ὲνορίαι
1128 5090 1225 5160 τῆς
1264 5090 1393 5162 ὅλης
1433 5092 1777 5161 οικουμένης,

2409 4179 2530 4234 Alia
2560 4180 2940 4249 interpretatio.

1960 4271 2083 4327 Post
2110 4271 2393 4342 praesentis
2421 4272 2644 4326 canonis
2668 4271 3173 4340 interpretationem
3203 4287 3324 4327 cum
3359 4273 3462 4327 ali-

1888 4373 2017 4433 quot
2047 4364 2323 4433 episcopis
2348 4364 2506 4418 verba
2547 4363 2753 4418 habens
2779 4364 2869 4433 qui
2894 4373 3088 4418 contra
3122 4365 3464 4435 patriarcha-

1888 4456 1958 4509 lia
1992 4456 2403 4508 murmurabant
2435 4455 2783 4524 stauropegia
2818 4463 2875 4510 ut
2901 4455 3113 4511 scilicet
3148 4468 3345 4524 printer
3367 4472 3458 4510 ca-

1894 4561 2062 4601 nones
2118 4547 2171 4599 in
2216 4561 2343 4599 suas
2384 4545 2649 4599 dimceses
2683 4548 2886 4612 missa,
2945 4549 3299 4602 animadverti
3349 4549 3464 4603 hare

1899 4650 2043 4693 recte
2089 4644 2143 4691 et
2176 4638 2440 4691 canonice
2478 4635 2619 4701 fieri,
2656 4648 2709 4691 et
2732 4653 2919 4692 eorum
2949 4640 3226 4709 regionum
3257 4642 3467 4709 episco-

1892 4747 1989 4801 pos
2042 4731 2161 4784 sine
2204 4744 2371 4784 causa
2418 4730 2521 4784 hoc
2549 4744 2736 4783 eorum
2791 4729 2991 4785 factum
3043 4734 3461 4801 reprehendere.

1889 4826 1931 4875 A
1985 4821 2181 4874 divinis
2224 4820 2369 4873 enim
2418 4822 2719 4875 canonibus
2772 4836 2872 4875 nec
2919 4823 3306 4892 metropolitaa,
3366 4840 3467 4880 nec

1890 4913 2320 4982 archiepiscopi,
2378 4927 2478 4967 nec
2532 4913 2773 4983 episcopi
2834 4914 3087 4970 dimcesis
3172 4919 3464 4971 constituta

1886 5015 1988 5069 est,
2038 5005 2130 5059 sed
2190 5003 2369 5057 omnia
2432 5004 2755 5072 patriarchis
2817 5005 3227 5072 distribuuntur,
3298 5008 3463 5063 etiam

1886 5111 2075 5150 omnes
2113 5096 2275 5150 totius
2304 5094 2453 5150 orbis
2484 5104 2749 5149 terrarum
2793 5096 3077 5163 dimceses,
3124 5107 3179 5152 et
3215 5097 3334 5154 ideo
3368 5098 3435 5154 ba

1444 5210 1631 5272 Guill.
1672 5215 1999 5293 Beveregii
2043 5224 2233 5281 notua.

280 5322 395 5388 (45)
443 5312 877 5385 σταυροπήγια.
903 5313 978 5367 De
1041 5314 1125 5367 bis
1173 5311 1296 5367 vide
1345 5313 1536 5367 concil.
1579 5311 1697 5367 Nic.
1734 5329 1796 5380 ll,

206 5411 331 5446 «an.
368 5392 449 5444 Π.
1146 5418 1149 5421 ν

280 5466 395 5530 (46)
428 5457 768 5540 ρηίιείωσαι
789 5458 913 5511 ,τὸν
937 5453 1226 5540 παρόντα.
1270 5451 1404 5534 “ire.
1433 5454 1689 5540 usquead
1718 5455 1795 5540 ti-

207 5521 333 5589 ncin
378 5521 719 5597 ’τῆς”ὲτέρας
743 5521 1041 5596 ἑρμηνείας
1070 5526 1122 5578 in
1157 5521 1437 5592 impressis
1467 5524 1790 5597 desiderata,

204 5623 235 5659 υ
276 5618 380 5655 ms.
417 5590 707 5652 Bodleiano
762 5590 1142 5651 restituimus:
1198 5590 1320 5664 quce
1374 5606 1561 5664 revera
1603 5590 1793 5646 Balsa-

207 5672 387 5726 IllOlliS
413 5684 531 5723 esse
554 5684 622 5723 ex
659 5669 812 5723 initio
866 5667 966 5737 τῆς
999 5661 1228 5738 ,ἑτέρας
1268 5661 1563 5733 ἑρμηνείας
1623 5664 1790 5732 probe

203 5752 443 5798 cottstat.

1976 5316 2087 5383 (47)
2120 5317 2261 5384 Γὰρ,
2300 5317 2510 5388 φησίν.
2560 5317 2617 5371 Ιιι
2666 5319 2826 5388 hujus
2876 5319 2976 5373 loci
3024 5321 3466 5388 interpretatione

1897 5384 2089 5439 Latina
2120 5401 2215 5463 nos
2247 5384 2656 5463 παρενθετικῷς
2691 5384 3122 5463 ἱιι”ίρι·εθῐ·ιιίιηιιε,
3150 5384 3464 5463 Chrysalo-

1894 5471 2030 5526 mus_.
2073 5456 2226 5521 cuius
2255 5456 2379 5510 sunt
2409 5460 2569 5526 verba
2604 5459 2692 5513 hic
2718 5460 2881 5513 citata
2917 5462 2969 5514 in
3011 5462 3168 5526 epist.
3222 5456 3458 5518 secunda

1892 5524 2329 5598 ad'l‘imotheum
2388 5525 2515 5598 νλόγ.
2559 5527 2601 5596 β’
2632 5531 2698 5582 ad
2756 5545 2913 5598 quem
2956 5524 3115 5583 etiam
3153 5547 3458 5586 sermonem

1892 5593 2173 5669 Balsatnon
2207 5596 2256 5647 in
2305 5593 2507 5669 ultimis
2544 5593 2732 5665 prima:
2774 5593 2940 5667 hujus
2994 5602 3459 5669 interpretationis

1892 5665 2344 5742 vet-lnslectorem
2377 5667 2619 5742 l'_ettlillil,
2653 5685 2704 5728 v.
2736 5665 3019 5742 Citrysosl.
3069 5665 3171 5739 Ορ.
3220 5680 3350 5727 ιοιιι.
3384 5688 3459 5740 tv,

1889 5750 1941 5802 ι..
1980 5735 2104 5801 εδδ,
2130 5736 2241 5790 edit
2265 5734 2432 5794 Savil.
