4186 6438
142 391 230 450 101

195 518 311 555 που
333 501 578 569 γένηται
636 501 1071 570 ἀφωρισμέντς.
1106 500 1320 552 τοῦτιιιε
1346 499 1429 566 μὴ
1485 495 1709 557 ἐξεῖναι
1744 505 1784 553 Α

195 589 334 658 παρ’
364 592 571 658 ἐτέρου
605 591 894 660 δεχθῆναι
932 594 1072 645 (ΜΓ
1107 593 1142 657 ἡ
1172 594 1329 656 παρὰ
1360 588 1463 641 τοῦ
1509 588 1720 655 ἀφορί-

195 697 421 746 σαντος
455 683 663 743 αὑτὸν,
698 681 846 750 εἰμὴ
875 682 951 734 ἄν
976 681 1126 733 κατὰ
1156 680 1494 747 συγκυρίαν
1523 681 1724 730 τελευ-

207 772 370 836 τήσῃ
397 773 757 840 ἀάρορίσας
788 775 976 825 αὐτὸν
1008 774 1361 835 ἐπίσκοπος.

207 861 406 913 ΒΔΛΣ.
441 863 521 912 Ti
551 863 648 929 μὲν
681 863 814 914 ἄλλα
852 863 944 913 τοῦ
984 863 1248 930 παρόντος
1295 861 1525 922 κανόνος
1590 875 1724 927 προ·

145 968 295 1018 ηρμη
317 951 573 1017 ἐυθησαν
595 953 651 1002 ἐν
676 954 883 1020 ἐτέροις
909 954 1126 1004 κανόσι·
1166 953 1278 1004 πῶς
1311 955 1365 1004 δὲ
1412 952 1598 1002 λύεται
1629 948 1723 1000 τοῦ

147 1042 512 1111 ἀφορισμοῦὀ
562 1044 877 1109 ἀφορισθεὶς
923 1045 1060 1112 μετά
1095 1044 1324 1095 Θάνατον
1380 1043 1474 1094 τοῦ
1535 1043 1727 1110 ἀφορί-

147 1150 338 1194 σαντος
377 1135 546 1186 αύτδν
591 1137 920 1199 ἐπισκόπου,
989 1137 1127 1205 μάοε
1173 1139 1237 1188 τά
1277 1137 1393 1197 νῦν,
1455 1139 1549 1189 καὶ
1605 1136 1723 1186 εἰπὲ

72 1257 85 1276 ,
147 1223 247 1282 δτι,
280 1221 378 1272 τοῦ
414 1223 779 1290 ἀφορίσαντος
810 1225 1273 1290 ἀποϐεὸιωκότος,
1315 1226 1392 1295 ἢὸ
1418 1227 1534 1295 μετ’
1567 1225 1728 1277 αὑτὸν

147 1311 449 1374 ἐπίσκοπος
485 1312 600 1364 λύει
638 1315 728 1365 τὸν
769 1316 1102 1384 ἀφορισμδν,
1160 1316 1192 1384 ἢ
1235 1318 1264 1368 ό
1330 1319 1419 1370 τὸν
1471 1317 1730 1385 τελευτή-

149 1419 314 1455 σαντα
349 1405 787 1474 προϐαλλόμενος
844 1409 1058 1476 πρῶτος
1117 1407 1427 1477 ἀρχιερεὺς,
1463 1411 1734 1479 πατριάρ-

150 1493 248 1558 χῆς
283 1493 486 1563 δηλαδὴ
524 1495 557 1564 ἦ
617 1497 1044 1564 μητροπολίτης,
1088 1498 1230 1567 πλὴν
1283 1499 1421 1566 μετά
1461 1498 1730 1560 ἐξέτασιν.

148 1583 218 1632 Τὸ
243 1581 300 1634 δὲ
335 1584 530 1652 ἐτέρας
563 1588 856 1654 παροικίας
908 1588 1208 1640 ἐπίσκοπον
1233 1588 1382 1641 λύειν
1440 1590 1533 1642 τὸν
1601 1591 1734 1658 ἀφο·

152 1673 378 1743 ρίσαντα
416 1676 516 1727 οὐκ
550 1677 972 1748 ἐπιτέτραπται.

224 1845 484 1901 ΖΩΝΑΡ.-
509 1848 649 1917 Περὶ⁸
683 1848 777 1900 τοῦ
813 1850 887 1920 μὴ
921 1850 1176 1919 δέχεσθαι
1251 1853 1282 1921 ἢ
1341 1851 1567 1904 λύεσθαι
1638 1852 1732 1904 τοῦ
1769 1854 1807 1906 Β

153 1935 436 2004 ἐπιτιμίου
470 1939 597 2000 τοὺς
629 1939 733 1990 ὑπὸ
781 1940 890 1992 τῶν
943 1942 1090 1994 ίδίων
1163 1943 1485 1993 ἐπισκόπων
1525 1944 1738 2010 ἀφωρι-

155 2026 391 2092 σμένους
411 2028 544 2096 παρ’
586 2031 792 2100 ἐτέρων
854 2033 950 2084 καὶ
1004 2033 1269 2100 ἀνωτέρω
1345 2034 1598 2102 εἴρηταιο
1651 2035 1740 2086 καὶ

154 2116 310 2183 αὖθις
339 2120 396 2173 δὲ
432 2122 499 2173 τὰ
540 2117 692 2174 αύτά
721 2116 877 2184 οὗτος
906 2126 932 2175 ὁ
965 2123 1144 2175 κανὼν
1187 2121 1552 2178 διατάττεται.
1585 2125 1742 2176 Ἐπεὶ

153 2215 207 2267 δὲ
247 2213 398 2274 είκδς
431 2215 557 2273 ίσως
612 2214 705 2265 τὸν
745 2213 1087 2282 ἀφορίσαντα
1145 2217 1177 2284 ἦ
1239 2215 1505 2284 αἰφνίδιον
1578 2215 1610 2284 ἢ
1685 2215 1742 2266 ἐν

157 2304 436 2373 ἀποδημίᾳ
489 2305 620 2356 ὅντα
648 2304 853 2369 θανεῖν,
884 2305 978 2358 καὶ
1009 2307 1100 2358 τὸν
1141 2307 1513 2375 ἀφορισθέντα
1562 2308 1745 2376 μένειν

155 2397 641 2464 ἐπιτετιμημένον,
678 2397 874 2463 ἐπάγει
903 2410 916 2422 '
960 2397 1022 2448 Εί
1060 2397 1134 2468 μὴ
1163 2399 1228 2449 ἂν
1266 2403 1408 2451 κατά
1445 2400 1746 2467 συγκυρίαν

156 2487 461 2558 τελευτήσῃ
497 2489 524 2538 ό
552 2488 825 2555 ἀφορίσας
863 2489 1047 2542 αὐτόν.
1078 2491 1186 2542 Καὶ
1231 2489 1376 2542 ἔοικε
1423 2490 1525 2560 μὲν
1564 2509 1748 2560 παρα-

157 2578 360 2645 χωρεῖν
391 2579 418 2628 ό
452 2575 635 2628 κανὼν
671 2571 848 2640 οὗτος,
875 2580 921 2630 εί
951 2579 1091 2649 τύχῃ
1132 2580 1466 2650 τελευτήσας
1501 2584 1528 2634 ὁ
1551 2583 1747 2650 ἀφορί-

160 2684 280 2730 σας,
317 2671 410 2718 καὶ
442 2668 574 2737 παρ’
605 2669 799 2737 ἐτέρου
838 2669 1092 2738 δέχεσθαι
1151 2673 1540 2742 ἀφορισθέντα.
1587 2674 1749 2726 Ἀλλά

157 2761 238 2824 τι,
309 2761 445 2826 παρ’
500 2759 719 2824 ἄλλοι),
769 2760 944 2823 οὕτως
1010 2763 1305 2832 ὲξελήφθη,
1380 2765 1551 2833 ἦγουν
1600 2766 1750 2833 παρὰ

157 2855 254 2906 τοῦ
282 2852 675 2920 διαδεξαμένου
733 2854 833 2922 τὴν
905 2855 1306 2925 ἀρχιερατικὴν
1353 2855 1604 2919 ἐξουσίαν
1656 2857 1748 2910 τοῦ

157 2945 610 3013 τελευτησαντος.
700 2942 925 3014 Ἐτέρας
990 2946 1099 3015 γὰρ
1173 2947 1391 3016 ἐνορίας
1460 2950 1751 3017 ἐπισκόπῳ

159 3035 326 3086 λῦσαι
355 3035 447 3085 τὸν
505 3034 973 3101 ἐπιτετιμημένον
1025 3035 1156 3104 παρ’
1189 3036 1383 3104 ἐτέρου
1424 3037 1483 3088 οὐ
1516 3036 1748 3099 δέδοται,

159 3128 306 3195 είμή
339 3123 443 3176 ποῦ
487 3125 742 3194 συνοδικὴ
771 3124 1026 3188 ἐξέτασις
1083 3126 1337 3195 γένηται,
1408 3129 1505 3179 καὶ
1552 3129 1747 3198 φανείη

161 3219 238 3288 μὴ
266 3217 495 3278 δικαίως
535 3220 561 3270 ό
609 3217 909 3279 ἐπίσκοπος
967 3219 1258 3288 ἀφορίσας.
1307 3220 1621 3291 Τοῦτο-γὰρ
1658 3222 1750 3275 καὶ

160 3311 385 3374 ζώντων
406 3311 483 3362 ἔτι
518 3307 625 3360 τῶν
647 3310 1028 3378 ἀφορισάντων
1053 3311 1298 3378 γίνεσθαι
1331 3315 1748 3384 ἐπιτέτραπται.

169 3405 415 3457 ἈΡΙΣΤ.
459 3402 742 3468 Ἀδεκτος
775 3403 1004 3470 ἑτέροις
1044 3408 1076 3457 ό
1107 3405 1174 3468 ἐξ
1207 3405 1411 3473 ἐτέρου
1443 3408 1753 3474 περιόντος

766 3498 1205 3564 ἀφωρισμένος.

241 3590 304 3641 '0
330 3587 652 3658 ἀφορισθεὶς
685 3593 837 3659 παρά
891 3589 986 3641 τοῦ
1047 3590 1178 3642 ἰδίου
1239 3591 1543 3642 ἐπισκόπου
1615 3607 1752 3658 πρε-

162 3679 432 3747 σϐύτερος
473 3679 506 3748 ἢ
537 3679 810 3745 διάκονος,
841 3679 1047 3743 ζῶντος
1102 3679 1198 3732 τοῦ
1258 3680 1622 3750 ἀφορίσαντος
1659 3679 1757 3730 αύ-

159 3774 254 3824 τὶν
342 3770 672 3838 ἐπισκόπου,
739 3771 860 3824 οὐδὲ
929 3771 1059 3840 παρ’
1084 3770 1276 3840 ἐτέρου
1348 3771 1754 3841 προσδεχθῆναι

159 3861 397 3929 ὀφείλει.

781 3950 1021 4004 ΚΑΝΩΝ
1054 3951 1173 4005 AI".

163 4044 416 4112 Μηδένα
439 4043 558 4096 τῶν
596 4043 788 4108 ξένων
817 4043 932 4113 (60)
988 4043 1341 4096 ἐπισκόπων
1393 4043 1432 4112 ἣ
1489 4047 1754 4112 πρεσϐυ·

245 4137 436 4202 τέρων
469 4136 508 4204 ἢ
548 4135 845 4188 διακόνων
873 4134 1021 4186 ἄνευ
1067 4134 1449 4188 συστατικῶν
1497 4135 1756 4203 προσδέ-

239 4233 481 4300 χεσθαι.
522 4226 1098 4294 Καίέπιφερομένων
1153 4225 1374 4292 αὐτῶν,
1444 4225 1758 4295 ἁνακρινέ-

243 4322 520 4375 σθωσαν.
548 4317 656 4371 Kal
691 4317 800 4369 ἐὰν
827 4315 946 4384 μὲν
1001 4311 1113 4368 ὦσι
1146 4315 1405 4382 κήρυκες
1448 4314 1559 4383 τῆς
1585 4318 1760 4368 εὐσε-

242 4411 435 4474 θείας,
467 4406 1022 4476 προσδεχέσθωσαγ
1044 4422 1056 4435 ·
1084 4408 1137 4458 εἰ
1179 4405 1246 4457 δὲ
1279 4405 1364 4474 μή
1388 4423 1478 4474 τε,
1508 4407 1581 4459 τὰ
1609 4405 1760 4473 πρὸς

239 4503 457 4572 χρείαν
477 4498 682 4563 αὐτοῖς
707 4497 1286 4567 ἐπιχορηγήσαντες,
1322 4501 1410 4564 είς
1435 4500 1756 4551 κοινωνίαν
1783 4538 1832 4598 Β

239 4593 472 4659 αὐτοὺς
520 4591 607 4661 μὴ
667 4589 1115 4658 προσδέξησθε.
1190 4591 1397 4644 Πολλὰ
1457 4590 1562 4659 γὰρ
1603 4590 1755 4642 κατὰ

238 4682 651 4752 συναρπαγὴν
683 4684 926 4750 γίνεται.
972 4707 975 4709 -

236 4778 440 4831 ΒΑΛΣ.
478 4775 552 4828 Τὸ
582 4775 707 4845 δίχα
743 4774 1092 4826 συστατικῶν
1138 4773 1370 4843 γραφῶν
1419 4771 1497 4843 μὴ
1521 4773 1757 4844 προσδέ-

163 4870 365 4940 χεσθαι
393 4869 521 4932 τοὺς
552 4867 747 4934 ξένους
794 4868 1134 4929 ἐπισκόπους
1189 4867 1222 4936 ἢ
1284 4864 1694 4936 πρεσϐυτέρους
1723 4866 1757 4936 ἢ

163 4962 459 5025 διακόνους
506 4957 1006 5031 προεδιδὰχθημεν.
1075 4959 1309 5028 Ἀρτίως
1348 4959 1404 5014 δὲ
1461 4959 1762 5027 διορίζεται

1324 386 1426 446 IN.
1461 383 1626 444 CAN.
1657 381 1914 441 XXXIII
1952 381 2205 438 APOST.

3294 369 3391 433 I02

1884 504 2061 560 gntus,
2111 508 2210 541 non
2259 489 2407 541 liceat
2459 489 2553 540 alii
2606 504 2721 539 eum
2779 485 3037 550 suscipere
3089 499 3246 550 quam
3305 501 3390 548 qm

1897 583 2061 646 ipsum
2096 580 2374 647 segregavit
2403 595 2418 630 .·
2448 579 2546 629 nisi
2573 578 2705 644 forte
2754 584 2987 627 mortuus
3030 577 3093 625 sit
3122 573 3389 640 episcopis

1895 673 1984 732 qui
2023 689 2140 723 eum
2181 671 2491 737 segregat-it.

1898 847 2092 901 BALS.
2123 848 2237 900 Alia
2271 862 2387 915 qum
2409 854 2533 898 sunt
2562 845 2612 897 in
2649 843 2902 913 praesenti
2931 855 3158 903 canone,
3189 847 3314 892 sunt
3342 839 3394 892 in

1827 941 1944 993 aliis
1975 941 2274 994 canonibns
2300 941 2445 1006 prius
2472 937 2740 1006 exposita.
2769 935 3050 999 Quomodo
3085 944 3262 986 autem
3305 935 3395 1000 qui

1827 1041 1912 1085 est
1945 1042 2280 1100 segregatus.
2315 1045 2343 1084 a
2380 1031 2749 1098 segregatione
2781 1027 3077 1081 absolvitur
3102 1035 3218 1094 post
3256 1041 3401 1100 mor-

1832 1139 1936 1177 tem
1963 1126 2200 1193 episcopi
2245 1123 2332 1191 qui
2365 1139 2484 1175 eum
2536 1121 2877 1189 segregavit,
2923 1135 3064 1173 nunc
3096 1119 3304 1185 accipe,
3350 1125 3404 1169 et

1831 1219 1933 1274 dic.
1974 1218 2113 1284 quod
2151 1227 2430 1286 postquam
2461 1230 2490 1267 e
2525 1215 2658 1266 vivis
2691 1214 2922 1266 excessit
2947 1212 3037 1281 qni
3066 1227 3186 1264 enm
3219 1225 3404 1276 segre-

1831 1309 1995 1376 gavit,
2041 1307 2124 1359 vel
2158 1308 2244 1374 qui
2282 1304 2526 1358 succedit
2563 1306 2611 1356 ci
2644 1305 2930 1371 epiSCOpus
2975 1304 3402 1370 segregationem

1833 1399 2018 1462 solvil,
2050 1398 2133 1450 vel
2170 1398 2213 1451 is
2249 1397 2452 1466 primus
2485 1400 2712 1450 antistes
2741 1397 2828 1462 qui
2865 1396 3178 1447 defunctum
3214 1393 3404 1460 ιπερίο-

1835 1491 1928 1553 cit,
1965 1491 2272 1558 patriarcha
2299 1489 2527 1550 scilicet,
2557 1486 2638 1539 vel
2673 1486 3139 1554 metropolitanns,
3170 1485 3262 1537 sed
3289 1496 3407 1551 post

1834 1582 2315 1634 examinationem.
2350 1579 2589 1633 Alterius
2624 1589 2805 1632 autem
2839 1577 3110 1647 parocltize
3151 1577 3407 1645 episcopo

1837 1688 1942 1726 non
1997 1674 2319 1740 permissum
2368 1681 2471 1735 est,
2507 1680 2563 1723 ut
2609 1680 2947 1740 segregatum
2997 1671 3238 1721 absolvat
3286 1674 3406 1734 post

1839 1775 2062 1817 mortem
2097 1762 2211 1829 ejus
2236 1763 2324 1830 qui
2355 1763 2680 1830 segregavit.

1907 1852 2158 1908 ZONAR.
2198 1853 2460 1921 Superius
2485 1855 2647 1907 etiam
2677 1853 2877 1904 dictum
2915 1851 3034 1913 fuit,
3069 1850 3134 1901 ab
3171 1849 3288 1901 aliis
3313 1864 3414 1903 nec

1848 1946 2034 2011 recipi,
2071 1959 2170 1996 nec
2209 1945 2339 1998 solvi
2369 1959 2524 2013 pcnna
2558 1945 2776 2004 debere,
2805 1959 2939 2011 quos
2973 1943 3172 2010 proprii
3199 1957 3415 1993 excom-

1846 2037 2437 2104 tnunicarantepiscopi
2471 2053 2482 2088 :
2521 2037 2816 2103 eademque
2847 2049 3031 2088 rursus
3063 2033 3279 2087 ordinat
3325 2031 3415 2085 hic

1845 2143 2032 2182 canon.
2066 2127 2330 2193 Quoniam
2362 2136 2541 2178 antem
2587 2125 2862 2192 probabile
2895 2122 3126 2176 forsitan
3165 2132 3250 2176 cst
3289 2137 3412 2175 eum

1846 2223 1934 2288 qui
1963 2220 2482 2280 excontmtmicarat,
2521 2217 2602 2270 vel
2639 2219 2936 2283 repentine,
2975 2215 3052 2268 vel
3089 2216 3141 2267 in
3177 2215 3418 2281 peregri-

1848 2311 2068 2365 natione
2098 2311 2388 2374 interiisse,
2416 2318 2471 2363 et
2511 2308 3031 2361 excommunicatmn
3075 2306 3126 2358 in
3172 2306 3418 2371 imposita

1848 2405 1948 2458 sibi
1984 2419 2141 2472 pmna
2173 2415 2412 2466 manere,
2446 2400 2624 2453 subdit
2657 2415 2670 2453 :
2704 2397 2812 2452 Nisi
2849 2413 2975 2452 casu
3026 2407 3268 2450 mortuus
3315 2408 3418 2457 εει,

1849 2496 1938 2566 qui
1987 2495 2486 2550 excommunicarat
2530 2507 2674 2546 eum.
2721 2493 2787 2544 Et
2835 2492 2922 2544 hic
2971 2490 3190 2558 quidem
3246 2503 3416 2542 canon

1851 2585 2166 2655 permittere
2196 2581 2430 2643 videtur,
2463 2579 2510 2634 si
2547 2580 2685 2632 forte
2734 2587 2980 2631 mortuus
3014 2587 3094 2631 est
3130 2578 3174 2630 is
3208 2577 3296 2644 qui
3330 2591 3423 2627 ex-

1850 2673 2290 2734 communicavit,
2319 2671 2387 2724 ab
2416 2669 2521 2722 alio
2551 2669 2712 2734 recipi
2739 2668 3288 2720 excommunicatum.
3317 2665 3421 2719 Sed

1853 2766 2005 2828 illud,
2038 2764 2100 2815 ab
2130 2763 2262 2825 alio,
2293 2761 2370 2816 sic
2397 2760 2680 2828 accipitur,
2711 2760 2811 2812 hoc
2850 2768 2954 2823 est,
2983 2759 3051 2812 ab
3077 2773 3161 2825 eo,
3197 2759 3284 2828 qui
3311 2760 3419 2811 vita

1853 2856 2019 2909 [inuicti
2078 2855 2391 2923 dignitatem
2440 2851 2803 2920 pontiﬁcalem
2861 2851 3118 2916 suscepit.
3185 2849 3422 2902 Alterius

1855 2950 1999 3003 enim
2041 2949 2340 3001 dimceseos
2377 2946 2630 3014 episcopo
2655 2960 2761 2996 non
2794 2944 3113 2998 conceditur
3139 2943 3419 2998 absolvere

1855 3041 2269 3093 condemnatum
2298 3039 2367 3092 ab
2395 3037 2524 3100 alio,
2559 3035 2660 3088 nisi
2696 3035 2835 3088 forte
2867 3035 3123 3103 synodica
3151 3033 3318 3088 fuerit
3346 3035 3419 3086 in-

1855 3133 2099 3203 quisitio,
2139 3143 2193 3184 et
2222 3132 2514 3199 episcOpus
2547 3129 2748 3198 injuste
2774 3129 3018 3182 videatur
3055 3129 3426 3182 excommuni-

1862 3242 2032 3282 casse.
2076 3224 2232 3290 Nam,
2263 3222 2569 3277 viventibus
2601 3223 2774 3276 adhuc
2806 3223 2936 3288 ipsis
2981 3221 3424 3276 excommunica-

1860 3320 2089 3378 toribus,
2135 3318 2236 3370 hoc
2262 3315 2424 3369 etiam
2461 3315 2574 3366 ﬁeri
2607 3315 2926 3380 permissum
2960 3321 3062 3365 est.

1860 3409 2083 3464 ARIST.
2113 3409 2215 3474 Qui
2244 3408 2309 3460 ab
2336 3408 2514 3476 aliqua
2544 3406 2818 3472 superstite
2852 3411 3174 3472 segregatur,
3211 3403 3274 3456 ab
3312 3403 3432 3456 al.is

2356 3517 2458 3553 non
2491 3511 2563 3552 est
2594 3498 2940 3566 recipiendus.

1935 3596 2267 3665 Segregatus
2298 3607 2324 3664 a
2356 3593 2576 3660 proprio
2601 3591 2858 3659 episcopo
2885 3588 3186 3658 presbyter,
3216 3588 3298 3642 vel
3323 3589 3438 3641 dia-

1863 3702 2050 3749 conus,
2081 3688 2293 3739 vivente
2339 3686 2593 3754 episc0po
2635 3683 2725 3753 qui
2776 3697 2900 3736 eum
2953 3682 3290 3752 segregavit,
3328 3698 3436 3735 non

1863 3777 2026 3832 debet
2053 3778 2120 3829 ab
2153 3775 2258 3829 alio
2288 3775 2478 3842 recipi.

2387 3948 2618 4004 CANON
2672 3947 2914 4003 XXXIII.

1867 4044 2065 4098 Nullus
2098 4051 2439 4096 externorum
2467 4043 2826 4110 episcoporum
2851 4082 2865 4106 ,
2899 4042 2975 4094 vel
3001 4041 3442 4111 presbyterorum,

1937 4138 2011 4190 vel
2044 4137 2405 4199 diaconorum,
2435 4135 2547 4189 ante
2595 4133 3037 4186 commendatitiis
3089 4135 3373 4201 recipiatur
3423 4150 3446 4187 :

1937 4230 2016 4282 his
2056 4244 2170 4282 vero
2200 4225 2400 4287 allatis,
2430 4227 2815 4278 examinentur.
2846 4225 2913 4277 Et
2941 4227 2986 4277 si
3016 4225 3212 4293 fuerint
3242 4243 3444 4292 pra'co-

1938 4338 2025 4375 nes
2059 4322 2268 4380 pietatis
2305 4318 2625 4385 recipiantur
2654 4333 2672 4371 :
2711 4318 2792 4370 sin
2831 4317 3023 4381 minus,
3054 4318 3118 4370 iis
3167 4333 3282 4386 quae
3316 4328 3442 4370 sunt

1937 4415 2254 4476 necessaria,
2285 4412 2388 4464 illis
2416 4411 2677 4471 exhibitis,
2714 4410 2781 4462 ad
2814 4411 3224 4462 communionem
3268 4427 3353 4463 eos
3385 4428 3450 4464 ne

1940 4506 2253 4560 admittatis.
2288 4503 2461 4556 Multa
2486 4503 2622 4556 enim
2652 4519 2743 4569 per
2775 4503 3152 4570 surreptionem
3185 4502 3347 4570 ﬁunt.

1934 4774 2128 4832 BALS.
2157 4775 2286 4831 Sine
2317 4775 2514 4829 litteris
2555 4773 3017 4829 commendatitiis
3065 4788 3171 4827 non
3217 4771 3433 4831 admitti

1863 4879 2119 4924 externos
2159 4867 2469 4938 episcopos,
2501 4866 2585 4919 vel
2630 4866 2994 4936 presbyteros,
3033 4864 3115 4917 vel
3151 4864 3438 4925 diaconos,

1866 4971 2022 5016 antea
2071 4959 2375 5014 didicimus.
2422 4956 2574 5014 Nunc
2623 4967 2802 5012 autem
2847 4957 3035 5013 detinit
3081 4970 3278 5023 canon,
3329 4971 3450 5022 eos,

1404 5074 1604 5139 Guill.
1627 5075 1958 5154 Beveregii
2001 5080 2196 5138 noue.

166 5201 245 5254 υῦ
277 5198 410 5267 περὶ
449 5196 615 5263 ἄλλης
642 5198 858 5267 ἐνορίας
884 5197 1197 5268 ἐπισκόπου,
1225 5198 1414 5268 φησὶν,
1467 5197 1609 5250 ἀλλά
1636 5199 1766 5268 περὶ

163 5271 265 5324 τοῦ
304 5267 695 5336 διαδεξαμένου
724 5269 826 5336 τὴν
856 5267 1248 5337 ἀρχιερατικὴν
1277 5268 1436 5332 ἀξίαν
1488 5268 1583 5320 τοῦ
1630 5267 1766 5335 ἀφο-

168 5342 430 5410 ρίσαντος
491 5338 628 5410 μετά
680 5339 781 5407 τὴν
829 5339 1038 5410 ἐκείνου
1089 5338 1373 5410 τελευτήνί
1427 5339 1522 5410 καί
1563 5338 1765 5410 ζῶντος

164 5407 225 5463 δὲ
254 5408 354 5462 τοῦ
379 5408 746 5477 ἀφορίσαντος
773 5408 1066 5470 συνοδικῶς
1112 5407 1417 5478 ἀφορισμδς
1465 5409 1677 5474 λύεται,
1714 5409 1764 5460 εί

169 5481 250 5550 μὴ
283 5480 514 5550 δικαίως
547 5479 744 5550 φανείη
769 5479 1082 5550 γενόμενος.
1130 5477 1460 5550 Ilarmettop.
1514 5489 1653 5550 sect.
1703 5479 1760 5541 ‘2,

170 5546 257 5603 ιη’.
294 5549 349 5602 3.
384 5548 514 5612 Quae
544 5546 770 5618 zonarae
799 5549 1096 5618 praesertim
1129 5546 1286 5605 ιιυίυε
1330 5546 1559 5604 canonis
1591 5547 1762 5602 inter-

167 5619 468 5688 pretationi
496 5617 879 5688 snﬂ‘ragaﬁntur.

245 5687 362 5760 (50)
398 5685 642 5760 Μηιὶένα
669 5685 783 5741 ἰῶν
830 5687 1042 5760 ξένων,
1087 5689 1393 5760 Οοηοίιίιιιῐι
1434 5687 1758 5743 IIeorutfor-

167 5755 342 5815 dense
365 5758 469 5813 sub
509 5755 796 5814 Theodoro
821 5759 1233 5826 archiepiscopo
1268 5759 1601 5816 celebratum
1631 5774 1757 5815 can.

1869 5199 1901 5252 6
1930 5216 1944 5253 :
1981 5196 2050 5251 Ut
2099 5198 2326 5266 episcOpi
2356 5204 2514 5266 atque
2552 5196 2729 5249 clerici
2761 5196 3022 5264 peregrini
3056 5193 3287 5249 contenti
3319 5195 3446 5266 sint

1868 5265 2246 5333 hospitalitatis
2280 5285 2494 5320 munere
2523 5266 2739 5336 oblato,
2783 5268 3019 5336 nullique
3071 5281 3252 5318 eorum
3289 5265 3446 5329 licea,

1873 5339 2036 5392 ullum
2061 5339 2286 5408 officium
2312 5337 2656 5399 sacerdotale,
2690 5335 2880 5408 absque
2909 5335 3163 5405 permissu
3189 5337 3436 5408 episcom't

1869 5411 1923 5462 in
1945 5405 2341 5476 cujns'parcecia
2360 5425 2469 5461 esse
2494 5407 2845 5475 cognoscitur,
2880 5423 3032 5474 agere
3059 5407 3266 5459 statuit.
3315 5405 3447 5460 Bell.

1869 5479 2010 5534 Ilist.
2042 5479 2250 5532 Eccles.
2287 5477 2321 5530 Ι.
2359 5477 2412 5542 4,
2450 5495 2499 5532 c.
2533 5478 2587 5531 5.
2629 5476 2706 5530 Ex
2745 5492 2807 5531 ea
2856 5478 2998 5546 quod
3041 5477 3144 5531 hoc
3182 5483 3448 5546 stat_utnm

1868 5566 1931 5603 ex
1958 5552 2207 5617 praesenti
2247 5563 2453 5602 canone
2474 5558 2748 5614 sumptum
2781 5544 3137 5611 sit,'codicem
3189 5562 3217 5599 a
3267 5544 3448 5617 Theo-

1870 5616 2004 5674 doro
2052 5629 2180 5673 tunc
2244 5619 2502 5685 temporis
2568 5618 2844 5681 oblatum,
2899 5617 3224 5686 apostolicos
3281 5616 3452 5670 etiam

1870 5705 2108 5748 canones
2137 5690 2375 5746 adnexos
2403 5689 2675 5756 habuisse,
2705 5688 2921 5744 ahunde
2960 5695 3194 5744 constat.
