4186 6438
782 434 925 501 1οΤ

2019 443 2297 503 'l'IIEOD.
2336 446 2568 505 BALSA
2581 446 2735 506 ΜοΝ

3961 449 4061 515 108

805 559 975 625 gratia
1002 593 1019 619 ,
1061 554 1201 622 quod
1253 555 1432 606 multa!
1472 552 1718 606 civitates
1762 563 1985 623 propter
2022 557 2261 622 gentium
2314 556 2366 608 in

2509 558 2680 610 ἐθνῶν
2715 557 3016 628 ἐπιδρομὴν
3053 559 3508 613 ἀνεπισκόπευτοι
3586 561 3865 631 μένουσαι,
3926 568 4064 616 κατὰ

809 648 1121 701 eursionem
1154 648 1357 714 absque
1409 648 1675 715 t‘plSCOpis
1709 658 2019 711 manentes,
2061 648 2395 702 oeconomica

800 740 1012 792 ratione
1047 737 1166 791 aliis
1196 737 1465 805 episcopis
1492 736 1597 807 23
1627 738 2011 793 attribuuntur.
2044 737 2100 793 Si
2131 754 2258 807 ergo
2272 740 2393 808 pri-

807 844 924 880 "IIIS
954 828 1054 881 sub
1088 842 1195 897 quo
1223 828 1302 880 lue
1346 839 1486 885 sunt.
1520 830 1636 881 sine
1658 830 1921 882 sententia
1945 844 2127 883 eorum
2148 830 2237 897 qui
2268 839 2392 884 stunt

812 921 1096 974 ministerii
1144 920 1441 989 adjutores,
1496 922 1633 973 hanc
1695 922 2104 975 attributionem
2156 922 2385 989 fecerit,

808 1013 1255 1081 reprehendetur.
1288 1014 1558 1081 Ejusmodi
1594 1024 1717 1068 sunt
1759 1029 1847 1069 res
1893 1015 2069 1084 magni
2100 1018 2383 1081 momenti,

811 1107 956 1160 etde
985 1106 1049 1159 iis
1078 1107 1264 1159 deﬁnit
1304 1122 1497 1159 canon.
1537 1105 1650 1159 Non
1707 1120 1865 1174 posse
1911 1119 2090 1160 autem
2141 1109 2374 1177 primunt

801 1199 1092 1266 quidquam
1141 1199 1319 1252 facere
1362 1199 1478 1252 sine
1517 1199 1786 1253 sententia
1833 1199 2209 1268 cpiscoporum
2249 1217 2378 1253 suo-

801 1307 942 1349 rum.
977 1307 1043 1344 ne
1070 1290 1271 1343 dixeris
1306 1306 1423 1344 esse
1468 1290 1813 1360 intelligenda
1861 1293 1926 1345 de
1972 1294 2226 1347 omnibus
2254 1308 2377 1361 qua:

804 1384 870 1436 ab
904 1384 990 1435 ille
1023 1383 1266 1437 facienda
1310 1392 1456 1448 sunt,
1492 1385 1584 1435 sed
1616 1382 1684 1435 de
1719 1384 1783 1436 iis
1831 1393 2040 1437 tantum
2085 1399 2204 1452 qua:
2251 1395 2379 1438 sunt

805 1472 981 1538 magni
1015 1472 1292 1525 momenti.
1324 1470 1378 1524 Si
1403 1471 1545 1524 enim
1572 1472 1671 1525 hoc
1699 1472 1922 1537 dixeris,
1947 1472 1992 1525 is
2017 1474 2108 1542 qui
2137 1474 2373 1538 ordinat,

805 1563 852 1615 ci
889 1563 977 1630 qui
1016 1563 1317 1626 ordinatur,
1370 1562 1596 1625 suberit,
1630 1577 1751 1615 cum
1800 1563 1846 1616 is
1890 1563 2107 1632 quidem
2152 1564 2375 1617 omnino

796 1655 1145 1720 prohibeatur
1174 1655 1380 1723 absque
1402 1654 1669 1708 sententia
1693 1668 1881 1708 eorum
1907 1656 1998 1724 qui
2031 1655 2078 1708 ei
2111 1655 2368 1720 subsunt,

761 1792 763 1795 ,
796 1746 996 1814 aliquid
1031 1762 1189 1815 agere
1230 1762 1245 1798 :
1285 1745 1359 1798 illi
1390 1760 1522 1799 vero
1557 1746 1715 1813 primi
1752 1747 2037 1817 prasentia
2069 1748 2133 1799 ad
2157 1762 2219 1800 ea
2242 1758 2362 1800 tan-

2502 647 2658 714 λόγον
2689 650 3004 719 οἰκονομίας
3040 651 3356 713 ἐπισκόποις
3397 653 3603 721 ἑτέροις
3642 656 4066 722 προσανατίθεν-

2494 756 2608 796 ται.
2641 743 2703 794 Εἰ
2730 741 2865 809 γοῦν
2894 743 2923 794 6
2950 743 3169 812 πρῶτος
3208 744 3297 812 ὑφ’
3324 742 3386 796 ὃν
3420 738 3583 798 αὗται
3632 746 3879 811 τελοῦσι,
3940 748 4065 815 δίχα

2492 833 2721 903 γνώμης
2746 834 2854 887 τῶν
2924 835 3361 905 συλλειτουργῶν
3433 837 3601 890 αὑτοῦ
3651 837 3751 907 τὴν
3808 838 4066 891 ἀνάθεσιν

2489 924 2697 977 τούτων
2726 926 2970 995 ποιήσει,
3020 927 3428 996 αἰτιαθήσεται.
3497 929 3736 981 Τοιαῦτά
3813 931 3923 981 εἰσι
4002 932 4067 981 τὰ

2487 1017 2746 1086 περιττὰ.
2777 1018 2873 1071 καὶ
2904 1019 3034 1089 περὶ
3088 1017 3295 1071 τούτων
3326 1022 3353 1071 6
3391 1018 3575 1071 κανὼν
3630 1022 3955 1091 διορίζεται.
3996 1025 4067 1076 Τὸ

2484 1109 2542 1161 δὲ
2584 1112 2659 1177 μὴ
2695 1111 2960 1179 πράττειν
2988 1128 3041 1162 τι
3082 1111 3175 1163 τὸν
3204 1113 3426 1180 πρῶτον
3482 1115 3610 1165 ἄνευ
3673 1116 3773 1183 τῆς
3836 1116 4067 1185 γνώμης

2486 1200 2597 1252 τῶν
2623 1200 2941 1253 ἐπισκόπων
2965 1200 3135 1252 αὐτοῦ
3176 1202 3251 1270 μὴ
3276 1202 3439 1271 εἴπῃς
3468 1202 3709 1255 νοεῖσθαι
3730 1204 3810 1265 εἰς
3841 1203 4066 1258 ἅπαντα

2481 1289 2550 1341 τὰ
2575 1289 2727 1357 παρὰ
2755 1288 2949 1341 τούτου
2974 1288 3224 1354 γίνεσθαι
3307 1290 3598 1359 μέλλοντα,
3652 1290 3767 1341 ἀλλ’
3800 1292 3884 1353 εἰς
3932 1293 4068 1360 μόνα

2480 1380 2551 1433 τὰ
2583 1380 2837 1452 περιττά.
2891 1381 2953 1432 Εἰ
2979 1380 3088 1448 γὰρ
3125 1379 3286 1433 τοῦτο
3320 1381 3507 1450 εἴπῃς,
3555 1381 4067 1450 ὑποὸιόασθὴσεται

2479 1471 2854 1541 ὁχειροτονῶν
2884 1472 2981 1523 τοῦ
3016 1471 3508 1540 χειροτονουμένου
3542 1487 3557 1501 ο

2482 1561 2827 1626 κωλυθέντος
2852 1566 3171 1616 παντάπασι
3211 1565 3386 1615 ποιεῖν
3422 1580 3475 1614 τι
3510 1563 3635 1633 δίχα
3691 1564 3923 1633 γνώμης
3960 1567 4065 1617 τῶν

2487 1655 2580 1707 ὑπ’
2603 1654 2795 1719 αὐτίιν,
2833 1653 3055 1707 ἐκείνων
3088 1654 3148 1707 δὲ
3185 1654 3459 1722 δεομένων
3486 1655 3608 1723 ,τῆς
3685 1655 3782 1708 τοῦ
3842 1655 4064 1726 πρώτου

2478 1749 2784 1818 παρουσίας
2805 1751 2886 1812 εἰς
2913 1749 3049 1819 μόνα
3086 1748 3154 1801 τὰ
3174 1750 3425 1819 περιττὰ,
3458 1751 3599 1820 ὅπερ
3622 1748 3849 1805 ἄτοπον.

3616 1472 3691 1534 ὼς
3742 1472 3939 1524 τούτου
3965 1475 4065 1540 μὲν

792 1854 905 1895 tum
941 1859 1058 1911 qua:
1106 1850 1231 1896 sunt
1265 1842 1440 1913 magni
1480 1842 1734 1896 momenti
1778 1857 1913 1912 opus
1956 1843 2209 1907 habeant,
2271 1841 2412 1912 quod
2455 1844 2874 1898 estabsurdnm.
3313 1891 3319 1896 .

868 1935 1121 1990 ZONAR.
1156 1932 1621 2000 Quemadmodum
1649 1949 1902 2000 corpma,
1933 1934 2058 1987 dum
2090 1944 2250 2003 caput
2278 1950 2368 1987 sa-

2544 1935 2789 1989 ΖΩΝΛΡ.
2835 1936 3049 2005 Ὥσπερ
3105 1936 3173 1987 τὰ
3242 1932 3494 2004 σώματα.
3565 1934 3638 2005 μὴ
3696 1935 3797 2003 τήν
3858 1936 4067 1988 οἰκείαν

795 2046 917 2083 nam
952 2029 1057 2081 vim
1090 2041 1242 2080 suam
1276 2026 1501 2080 minime
1527 2036 1835 2090 conservat,
1890 2027 2026 2079 male
2080 2036 2368 2079 moventur

792 2133 886 2177 aut
913 2120 1134 2176 omnino
1153 2128 1279 2172 sunt
1300 2118 1505 2172 inutilia
1535 2134 1552 2173 :
1580 2118 1659 2172 sic
1685 2119 1847 2172 etiam
1872 2132 2068 2187 corpus
2089 2117 2366 2181 Ecclesiae,

793 2216 838 2268 si
872 2228 1000 2278 non,
1036 2211 1127 2280 qui
1155 2210 1201 2263 ei
1230 2218 1441 2277 praeest,
1473 2220 1527 2261 et
1562 2208 1755 2261 ordine
1778 2217 1930 2261 certo
1955 2223 2154 2261 munus
2181 2207 2370 2277 implet

795 2306 1011 2374 capitis,
1042 2307 1096 2358 in
1128 2318 1228 2358 suo
1248 2310 1595 2356 conservetur
1624 2302 1848 2363 honore,
1878 2301 2369 2368 intemperanteret

794 2398 1069 2452 incondite
1099 2393 1547 2450 commovebitur.
1588 2392 1901 2462 Propterea,
1933 2406 2169 2460 prtesens
2194 2406 2368 2444 canon

794 2491 998 2558 primos
1026 2488 1287 2554 cujusque
1314 2484 1605 2554 provincia!
1650 2485 1958 2552 episcopos,
1998 2481 2372 2550 metropolita-

795 2596 893 2635 nos
923 2578 1172 2632 videlicet
1204 2576 1660 2645 archiepiscopus,
1694 2573 1918 2627 aliorum
1951 2588 2046 2641 per
2066 2588 2185 2626 eam
2233 2587 2370 2641 pro-

793 2671 1025 2724 vinciam
1080 2670 1457 2737 episcoporum
1508 2675 1668 2733 caput
1718 2664 2015 2719 existimari
2066 2664 2247 2733 jubet;
2308 2678 2372 2717 ac

793 2764 914 2817 sine
942 2762 1046 2815 illis
1093 2773 1251 2829 agere
1287 2759 1443 2820 nihil,
1490 2758 1631 2825 quod
1681 2756 1938 2811 Ecclesia:
1990 2764 2189 2809 statqu
2223 2771 2375 2810 com—

795 2868 1009 2907 munem
1040 2852 1294 2919 respiciat
1326 2868 1341 2904 :
1371 2848 1671 2916 cujusmodi
1703 2857 1848 2909 sunt,
1874 2848 2195 2919 dogmatica:
2223 2864 2370 2917 quae-

793 2946 1022 3010 stiones,
1067 2958 1229 3011 super
1278 2942 1474 2995 erratis
1522 2941 1904 2995 communibus
1962 2941 2367 3010 dispositiones,

795 3036 1110 3107 pontiﬁcum
1162 3035 1596 3095 constitutiones,
1629 3043 1683 3088 et
1731 3048 1852 3103 quae
1906 3042 2033 3087 sunt
2081 3033 2367 3101 ejuSniodi.

794 3128 869 3182 De
904 3127 1026 3182 istis
1064 3136 1241 3179 autem
1278 3125 1344 3178 ad
1381 3140 1503 3178 eum
1532 3123 1916 3178 convenientes
1956 3122 2287 3185 consultare,
2318 3130 2372 3178 et

792 3221 933 3290 quod
980 3219 1232 3273 omnibus
1291 3202 1553 3286 optimum
1617 3215 1862 3269 videatur
1919 3215 2289 3269 determinare
2339 3200 2366 3267 ’ς

2470 2028 2752 2098 ἐνέργειαν
2797 2029 2929 2095 ὑγιᾶ
2982 2027 3264 2096 σωζούσης
3294 2028 3389 2096 τῆς
3413 2028 3681 2096 κεφαλῆς,
3713 2030 4066 2098 πλημμελῶς

2468 2120 2765 2182 κινοῦνται,
2807 2120 2840 2190 ἦ
2871 2121 2966 2173 καὶ
2994 2120 3241 2189 ἄχρηστά
3271 2120 3376 2173 εἰσι
3410 2118 3688 2181 παντελῶς
3714 2136 3728 2149 ·
3757 2120 3902 2173 οὕτω
3950 2125 4047 2175 καὶ

2469 2212 2531 2263 τὸ
2562 2211 2725 2280 σῶμα
2754 2210 2855 2280 τῆς
2885 2210 3307 2280 Ἐκκλησίας.εἰ
3340 2211 3414 2279 μὴ
3446 2212 3474 2263 6
3504 2211 3807 2279 πρωτεύων
3838 2213 4063 2279 τούτου,

2470 2304 2563 2355 καὶ
2596 2300 2748 2367 τάξιν
2794 2301 3017 2371 πληρῶν
3048 2302 3294 2370 κεφαλῆς
3343 2302 3437 2355 ἐπὶ
3480 2302 3579 2371 τῆς
3612 2304 3822 2367 οἰκείας
3869 2306 4065 2377 διατη-

2472 2394 2621 2461 ροῖτο
2647 2393 2836 2462 τιμῆς,
2865 2394 3118 2454 ἀτάκτως
3149 2394 3244 2446 καὶ
3277 2393 3616 2464 πλημμελῶς
3669 2396 4060 2464 κινηθήσεται.

2471 2487 2571 2538 Διὰ
2622 2485 2781 2539 τοῦτο
2826 2488 2854 2539 ὀ
2905 2487 3098 2554 παρὼν
3130 2486 3313 2540 κανὼν
3343 2489 3469 2550 τοὺς
3494 2488 3735 2555 ἑκάστης
3783 2488 4066 2557 ἐπαρχίας

2474 2576 2721 2646 πρώτους
2756 2578 3113 2641 ἔπισκόπους,
3162 2579 3287 2642 τοὺς
3314 2578 3424 2631 τῶν
3457 2581 3842 2651 μητροπόλεων
3870 2582 4068 2647 δηλον-

2471 2670 2555 2723 ότι
2606 2671 2906 2741 ἀρχιερεῖς,
2981 2669 3226 2739 κεφαλὴν
3275 2670 3533 2738 ἡγεῖσθαι
3567 2671 3672 2723 ὑπὸ
3722 2672 3833 2723 τῶν
3883 2673 4067 2728 ἄλλων

2473 2760 2790 2814 ἐπισκόπων
2824 2761 2924 2830 τῆς
2953 2760 3124 2828 αὐτῆς
3156 2760 3449 2830 ἐπαρχίας,
3478 2761 3713 2826 κελεύει,
3742 2762 3839 2814 καὶ
3890 2766 4065 2832 χωρὶς

2474 2855 2700 2907 ἐκείνων
2742 2854 2912 2924 μηδὲν
2942 2856 3139 2918 ποιεῖν,
3169 2852 3197 2905 ὃ
3226 2855 3305 2916 εἰς
3341 2852 3527 2922 κοινὴν
3557 2853 3738 2923 ἀφορᾷ
3779 2856 3879 2925 τῆς
3944 2856 4071 2909 Ἐκ-

2476 2947 2708 3016 κλησίας
2769 2946 3124 3009 κατάστασιν,
3186 2941 3301 2999 οἷον
3356 2948 3615 3017 ζητήσεις
3672 2947 4065 3016 δογματικὰς,

2474 3038 2787 3109 οἰκονομίας
2836 3039 2967 3110 περὶ
3004 3038 3339 3108 σφαλμάτων
3401 3039 3621 3102 κοινῶν,
3688 3042 4069 3101 καταστάσεις

2472 3130 2800 3201 ἀρχιερέων,
2853 3130 3094 3183 καὶ’ὄσα
3142 3130 3391 3185 τοιαῦτα.
3450 3130 3614 3184 Ἀλλά
3667 3132 3799 3202 περί
3854 3133 4067 3186 τούτων

2475 3220 2667 3292 ἐκείνῳ
2708 3220 2988 3283 συνιόντας
3040 3219 3585 3285 συνδιασκέπτεσθαι,
3639 3224 3734 3275 καὶ
3777 3224 3839 3277 τὸ
3892 3226 4067 3278 πᾶσιν

791 3291 1231 3380 unumquemque
1259 3324 1411 3375 vero,
1448 3318 1606 3376 prout
1632 3307 1732 3378 ipsi
1764 3309 1935 3361 visum
1967 3304 2155 3371 fuerit,
2183 3307 2364 3361 eccle-

2474 3288 2695 3385 ἄριστον
2721 3313 2880 3378 δόξαν
2908 3313 3264 3383 ψηφίζεσθαι⁸
3294 3314 3527 3367 ἕκαστον
3551 3315 3613 3368 δὲ.
3652 3316 3751 3379 τὰς
3790 3319 3891 3386 τῆς
3926 3319 4065 3379 ἰδίας

791 3405 886 3458 size
918 3404 1172 3471 propriae,
1212 3402 1666 3468 subditorumque
1700 3400 1803 3453 sibi
1841 3400 2083 3453 locorum
2132 3398 2369 3468 peculia-

793 3498 924 3549 riter
954 3495 1477 3548 administrationem
1512 3508 1719 3562 gerere.
1751 3492 1854 3545 Sed
1915 3505 1979 3545 ne
2034 3492 2210 3559 primo
2245 3491 2366 3558 qui-

791 3589 912 3642 dem
956 3588 1212 3656 episcopo
1243 3585 1514 3648 concedit,
1576 3593 1632 3635 ut
1689 3582 2175 3636 honore'abutens
2228 3582 2368 3635 lnmc

792 3691 959 3734 nnnet
988 3681 1042 3732 in
1080 3679 1397 3740 dominium,
1422 3686 1475 3730 et
1502 3677 1590 3729 uni
1619 3676 1719 3729 sibi
1752 3684 2074 3741 potestatem
2102 3684 2321 3744 arroget
2348 3690 2361 3725 :

792 3772 1060 3838 modoque
1119 3770 1410 3831 dictorum,
1467 3767 1545 3819 vel
1585 3767 1843 3819 similium
1893 3766 2020 3834 quid
2072 3775 2197 3834 agat
2249 3768 2367 3819 sine

788 3862 1063 3916 connnuni
1123 3876 1346 3915 suorum
1405 3858 1853 3913 consacerdotum
1900 3857 2187 3911 sententia.
2244 3854 2369 3909 Vult

789 3956 932 4009 enim
984 3952 1268 4022 pontiﬁces
1318 3950 1651 4013 consentire,
1715 3949 2109 4015 charitatisque
2152 3948 2367 4001 vinculo

789 4047 1030 4117 colligari
1075 4055 1182 4101 :et
1207 4046 1515 4112 exemplum
1560 4059 1683 4099 esse
1736 4044 1894 4098 Clero
1942 4044 2043 4097 sibi
2096 4043 2362 4112 subjecto,

790 4143 1116 4210 rapidoque,
1149 4136 1479 4199 dilectionis,
1510 4145 1564 4189 et
1598 4137 1927 4191 concordia).
1981 4134 2048 4190 Ut
2097 4136 2175 4189 sic
2225 4133 2367 4188 Deus

787 4233 1120 4303 gloriﬁcetur
1169 4234 1467 4306 secundum
1512 4231 1875 4300 evangelicam
1932 4231 2232 4284 doctrinam
2285 4230 2368 4283 di-

788 4334 1000 4379 centem
1035 4343 1050 4379 ι
1088 4324 1279 4378 Luceat
1328 4325 1420 4379 (ua:
1466 4336 1639 4377 vestra
1694 4339 1872 4375 coram
1934 4323 2255 4383 hominibus,
2307 4330 2364 4374 ut

786 4431 945 4484 opera
990 4428 1165 4469 vestra
1211 4416 1346 4467 bona
1394 4415 1635 4479 rideam,
1695 4423 1743 4466 et
1806 4414 2097 4483 gloriﬁcent
2156 4411 2364 4465 Patrem

784 4520 1037 4573 vestrum,
1077 4508 1167 4576 qui
1195 4508 1247 4560 in
1275 4507 1415 4561 cazlis
1440 4518 1518 4561 est
1540 4509 1583 4561 ⁵.
1632 4506 2038 4560 Glorilieabitur
2068 4520 2197 4559 vero
2224 4504 2364 4558 Deus

2472 3406 2766 3474 ἐκκλησίας
2809 3405 3132 3476 διοικήσεις,
3164 3405 3260 3457 καὶ
3289 3405 3399 3457 τῶν
3448 3404 3829 3474 ὑποκειμένων
3864 3409 4066 3471 αὐταῖς

2470 3494 2663 3565 χωρῶν
2720 3494 2984 3564 πράττειν
3040 3491 3352 3555 ἰδιαζόντως
3417 3493 3541 3545 καθ’
3594 3494 3842 3557 ἑαυτούς.
3912 3498 4065 3566 Πλὴν

2470 3584 2585 3639 ἀλλ’
2615 3584 2736 3641 οὐδὲ
2764 3584 2842 3655 τῷ
2876 3583 3077 3653 πρώτῳ
3121 3584 3409 3654 ἐπισκόπῳ
3463 3587 3789 3656 παραχωρεῖ
3816 3589 3881 3655 τῇ
3923 3592 4063 3658 τιμῇ

2467 3678 2898 3749 καταχρώμενον
2944 3676 3024 3738 εἰς
3054 3677 3376 3731 δυναστείαν
3410 3676 3616 3745 ταύτην
3647 3678 3930 3747 ἀμείϐειν,
3970 3680 4065 3731 καὶ

2468 3773 2829 3835 ὲναυθεντεῖν,
2862 3770 2958 3821 καὶ
2999 3769 3169 3838 χωρὶς
3197 3767 3425 3839 γνώμης
3467 3769 3656 3837 κοινῆς
3691 3769 3802 3821 τῶν
3831 3772 4064 3824 οἰκείων

2470 3862 2915 3933 συλλειτουργῶν
2974 3861 3150 3913 ποιεῖν
3204 3876 3257 3912 τι
3318 3860 3429 3911 τῶν
3484 3860 3814 3930 εἰρημένων,
3869 3861 3906 3930 ἦ
3953 3863 4064 3914 τῶν

2467 3957 2668 4026 ὁμοίων
2696 3956 2899 4014 αὐτοῖς.
2922 3953 3177 4006 Βούλεται
3196 3952 3304 4021 γὰρ
3330 3954 3573 4022 ὁμονοεῖν
3598 3952 3723 4014 τοὺς
3750 3955 4062 4025 ἀρχιερεῖς,

2467 4046 2562 4100 καὶ
2603 4046 2947 4098 συνδεδέσθαι
2989 4044 3065 4113 τῷ
3113 4044 3214 4113 τῆς
3258 4045 3481 4114 ἀγάπης
3526 4045 3734 4114 δεσμῷ,
3772 4045 3868 4097 καὶ
3920 4048 4065 4101 ὑπό-

2466 4139 2663 4208 δειγμα
2711 4138 2848 4207 πρὸς
2896 4138 3118 4205 ἀγάπην
3148 4153 3208 4188 τε
3240 4139 3336 4188 καὶ
3364 4136 3622 4209 ὁμόνοιαν
3678 4139 3793 4197 τοῖς
3826 4137 3924 4189 ὑπ’
3959 4140 4065 4191 αὑ-

2466 4230 2593 4290 τοὺς
2621 4223 2762 4281 εἶναι
2791 4227 3017 4297 κλήροις
3045 4244 3105 4279 τε
3133 4226 3226 4280 καὶ
3256 4228 3371 4288 τοῖς
3404 4227 3686 4297 πλήθεσιν.
3723 4227 3827 4280 'lv‘
3874 4228 4064 4285 οὕτως

2465 4318 2755 4389 δοξάζηται
2797 4320 2826 4371 6
2863 4310 3017 4381 Θεδξ,
3056 4318 3200 4371 κατά
3227 4318 3328 4388 τὴν
3358 4317 3731 4388 εὐαγγελικὴν
3786 4319 4063 4374 διδασκα-

2465 4410 2586 4462 λίαν
2641 4410 2741 4475 τὴν
2800 4411 3106 4477 λέγουσαν·
3182 4409 3486 4478 Λαμψάτω
3552 4410 3619 4461 τὸ
3681 4408 3811 4478 φῶς
3881 4411 4066 4479 ὑμῶν

2465 4502 2813 4570 ἔμπροσθεν
2852 4499 2973 4553 τῶν
3000 4499 3348 4567 ἀνθρώπων,
3377 4500 3538 4564 ὅπως
3578 4498 3751 4552 ἴδωσι
3790 4499 3863 4553 τὰ
3896 4503 4065 4554 καλὰ

786 4608 886 4667 per.
930 4599 1237 4662 Dominum,
1292 4615 1414 4654 cum
1467 4615 1623 4652 suum
1671 4614 1866 4652 nomen
1916 4599 2005 4651 ille
2054 4595 2365 4652 manifestat

2474 4592 2636 4660 ὑμῶν
2662 4591 2827 4660 ἔργα,
2858 4592 2954 4644 καὶ
2996 4590 3306 4655 δοξάσωσι
3347 4591 3454 4643 τὸν
3486 4590 3718 4657 Πατέρα
3746 4588 3921 4659 ὑμῶν
3952 4594 4069 4644 τετυ

788 4690 1119 4755 hominibus,
1161 4690 1385 4761 legeque
1410 4690 1519 4744 lata
1553 4691 1798 4759 prrecipit
1838 4691 2180 4744 charitatem.
2238 4688 2365 4753 Sed,

784 4792 836 4836 ct
854 4783 1243 4851 gloriﬁcabitur
1263 4784 1315 4837 in
1334 4791 1524 4839 sancto
1550 4783 1748 4853 Spiritu
1774 4802 1788 4837 :
1811 4781 1941 4837 Nam
1965 4798 2058 4852 per
2077 4785 2217 4837 hunc
2239 4798 2370 4851 apo-

786 4875 908 4929 stoli
942 4875 1215 4944 sapienter
1242 4877 1418 4929 edocti
1462 4876 1696 4940 fuerunt,
1734 4886 1787 4928 et
1830 4885 2016 4943 gentes
2053 4875 2373 4930 docuerunt.

2472 4685 2541 4739 ἑν
2570 4685 2695 4750 τοῖς
2738 4683 3033 4751 οὐρανοῖς.
3078 4684 3480 4754 Δοξαοθήσεται
3524 4682 3579 4735 δὲ
3608 4685 3637 4735 6
3664 4682 3801 4745 Θεὸς
3840 4683 3934 4737 διὰ
3962 4684 4066 4736 τοῦ

2479 4777 2687 4846 Κυρίου
2735 4778 2811 4839 ὠς
2842 4777 3049 4828 ἐκείνου
3097 4776 3159 4827 τὸ
3191 4776 3367 4845 ὄνομα
3409 4773 3576 4827 αὐτοῦ
3630 4774 4071 4843 φανερώσαντος

2482 4874 2594 4933 τοῖς
2639 4869 2966 4938 ἀνθρώποις,
3001 4870 3093 4921 καὶ
3143 4867 3241 4939 τὴν
3288 4868 3511 4937 ἀγάπην
3559 4868 4069 4939 νομοθετήσαντος.

806 4966 897 5019 Ἐν
929 4968 1069 5038 ἁγίῳ
1096 4967 1151 5020 δὲ
1177 4966 1570 5037 δοξασθήσεται
1599 4965 1899 5037 Πνεύματι·
1930 4967 2018 5019 διὰ
2044 4967 2230 5018 τούτου
2266 4966 2376 5037 γὰρ
2440 4965 2488 5017 οἰ
2522 4962 2809 5015 ἀπόστολοι
2838 4960 3222 5029 ἐσοφίσθησαν,
3280 4961 3374 5012 xui.
3434 4958 3503 5012 τὰ
3535 4958 3661 5030 ἔθνη
3700 4960 3979 5025 ἐδίδαξαν.

784 5056 1014 5113 ARIST.
1070 5059 1275 5129 Absque
1308 5060 1533 5127 primate
1566 5075 1661 5112 suo
1708 5059 1838 5111 nihil
1892 5068 2053 5127 agunt
2110 5058 2361 5125 episwpi,

858 5149 961 5203 nisi
1002 5150 1217 5219 quisque
1264 5166 1327 5203 ea
1367 5165 1483 5219 qua:
1531 5157 1653 5203 sunt
1688 5165 1797 5202 sua:
1841 5149 2104 5216 parmcia'.
2138 5146 2240 5202 Sed
2271 5164 2363 5201 nec

857 5242 1065 5309 primas
1129 5242 1330 5309 aliquid
1387 5245 1499 5312 agit
1546 5244 1658 5295 sine
1692 5242 1824 5306 illis,
1876 5249 2087 5309 propter
2138 5240 2364 5293 debitam

855 5336 1210 5389 concordiam.

859 5428 969 5485 Nec
1002 5430 1242 5499 episcopi
1280 5443 1380 5483 nec
1420 5427 1778 5498 metrOpolita:
1806 5428 1925 5481 sine
1954 5425 2218 5481 sententia
2254 5424 2366 5494 pri-

790 5525 949 5578 matis
978 5524 1062 5578 sui
1092 5523 1291 5577 debent
1332 5522 1543 5591 aliquid
1581 5523 1763 5591 magni
1796 5523 2054 5575 momenti
2091 5518 2290 5584 facere,
2313 5528 2370 5572 ut

790 5617 1069 5687 episcopos
1115 5616 1341 5685 eligere,
1407 5615 1459 5668 in
1522 5629 1657 5668 nova
1701 5613 1954 5683 dogmata
1992 5626 2254 5682 quarere,
2286 5610 2369 5665 vel

786 5711 1145 5765 alienationes
1200 5708 1693 5765 ecclesiasticorum
1743 5707 1970 5762 ullorum
2013 5705 2212 5772 facere,
2270 5703 2365 5760 scd

854 5891 878 5925 "
900 5890 1087 5946 Matth.
1120 5906 1171 5949 ν,
1211 5891 1297 5944 16.

2471 5055 2693 5108 ΛΡίΣΤ.
2739 5055 2806 5106 Δί
2811 5069 2888 5120 χα
2915 5050 3023 5104 τοῦ
3075 5051 3309 5121 πρώτου
3340 5051 3539 5104 αὐτῶν
3561 5051 3843 5105 ποιοῦσιν
3867 5053 4073 5107 οὐδὲν·

2541 5152 2594 5202 οἰ
2638 5148 2961 5201 ἐπίσκοποι
3016 5148 3068 5198 εἰ
3112 5144 3197 5213 μὴ
3246 5145 3316 5197 τὰ
3367 5142 3475 5212 τῆς
3506 5146 3823 5211 παροικίας
3860 5149 4073 5203 αὐτοῦ

2540 5241 2817 5304 ἕκαστος.
2844 5237 2951 5291 Καὶ
2980 5240 3012 5291 d
3039 5236 3267 5304 πρῶτος
3301 5235 3441 5303 ἄτερ
3469 5236 3720 5289 ἐκείνων
3745 5237 3939 5291 οὐδὲν
3967 5241 4073 5295 διὰ

2542 5331 2656 5397 τὴν
2685 5330 3086 5400 ὀφειλομένην
3115 5329 3420 5397 ὁμόνοιαν.

2542 5424 2678 5479 (Ιῦτε
2721 5425 2771 5497 οἰ
2826 5423 3113 5477 ἐπίσκοποι
3165 5420 3289 5474 οὕτε
3346 5422 3396 5474 οἰ
3453 5421 3845 5492 μητροπολῖται
3896 5431 4073 5496 παρὰ

2469 5519 2695 5589 γνώμην
2743 5517 2840 5570 τοῦ
2892 5516 3074 5568 αὐτῶν
3126 5514 3348 5589 πρώτου
3382 5514 3660 5583 ὀφείλουσι
3707 5533 3760 5569 τι
3780 5521 4077 5588 σπεριττδν

2471 5584 2751 5680 πράττειν,
2782 5602 2895 5659 οἷον
2926 5584 3261 5667 ἐπισκόπους
3288 5584 3647 5675 ψηφίζεσθαι,
3680 5607 3811 5678 περὶ
3840 5584 4077 5679 δογμά-

2471 5720 2580 5756 των
2636 5701 2773 5754 νέων
2826 5697 3047 5769 ζητεῖν,
3100 5697 3133 5767 ἢ
3198 5697 3516 5769 ἑκποιήσεις
3573 5697 4077 5771 ἐκκλησιαστικῶν
