4186 6438
192 413 289 474 125

1374 420 1450 478 IV
1493 419 1656 478 CAN.
1701 421 1895 480 XLIII
1943 422 2194 484 APOST.

3291 425 3388 482 1:2“-

263 522 458 577 B.\A-S.
495 522 556 575 ὐ
618 523 808 594 παρὼν
876 526 1058 578 κανὼν
1123 525 1437 596 ἡρμηνεύθη
1504 529 1589 579 διὰ
1651 531 1821 596 τῆςΑ

1923 531 2112 586 BALS.
2154 533 2397 586 Praesens
2431 547 2601 586 canon
2652 533 2923 601 expositus
2957 542 3038 586 est
3083 546 3174 600 per
3229 534 3398 588 inter—

191 613 492 681 ἑρμηνείας
557 615 650 665 τοῦ
735 617 816 685 λη’
893 618 1136 677 κανόνος,
1192 616 1260 668 τὰ
1310 618 1444 669 αὐτὰ
1482 618 1742 684 λέγοντος.

202 706 471 760 Ἐνταῦθα
541 708 598 760 δὲ
667 708 991 778 προστίθησι
1050 701 1385 777 ιριλόπτωχον
1451 705 1587 760 εἴναι
1659 711 1747 760 τὸν

191 800 479 868 ἀρχιερέα,
518 795 612 851 καὶ
692 801 792 866 τὴν
845 802 980 870 πρὸς
1045 801 1171 862 τοὺς
1233 801 1468 866 πένητας
1517 799 1748 851 διάδοσιν

188 890 279 941 διὰ
301 890 408 940 τῶν
431 890 810 959 πρεσϐυτέρων
841 896 928 941 καὶ
980 891 1241 942 διακόνων
1292 889 1455 942 αὑτοῦ
1485 887 1746 956 γίνεσθαι,

191 984 238 1032 εί
285 980 537 1048 βούλεται
606 983 800 1034 ἑαυτὸν
829 982 1197 1051 διατηρείοοαι
1246 984 1512 1050 ἀνώτερον
1573 982 1750 1049 πάσης

192 1073 451 1141 ὑποψίας.
540 1073 833 1140 Ἀνάγνωθι
867 1078 951 1126 τὸν
1008 1074 1092 1126 κθ⁹
1145 1075 1341 1126 κανόνα
1395 1076 1491 1139 τῆς
1541 1076 1596 1125 ὲν
1636 1074 1752 1124 ’Λν-

200 1167 412 1235 τιοχείᾳ
480 1167 718 1226 συνόδου,
785 1168 874 1218 καὶ
920 1169 1017 1233 τὴν
1070 1166 1204 1232 πρὸς
1234 1167 1436 1235 Δόμνον
1461 1164 1748 1233 ἐπιστολὴν

189 1257 286 1307 τοῦ
320 1258 478 1321 ἁγίου
514 1259 590 1309 Κυ
602 1259 781 1325 ρίλλου
793 1299 803 1308 .

264 1349 511 1399 ΖΩΝΑΡ.
550 1351 650 1399 Καὶ
677 1345 828 1408 οὗτος
854 1349 881 1399 6
914 1349 1092 1399 κανὼν
1136 1347 1232 1419 τὴν
1276 1348 1522 1412 ἐξουσίαν
1574 1349 1750 1399 ’πᾶσαν

190 1439 302 1489 τῶν
340 1439 810 1506 ἐκκλησιαστικῶν
844 1439 1184 1507 πραγμάτων
1238 1438 1314 1504 τῷ
1350 1438 1627 1506 ὲπισκόπῳ
1678 1437 1753 1489 δί-

190 1531 325 1581 δωσι
360 1546 372 1558 ·
415 1530 512 1598 τὴν
544 1530 598 1581 δὲ
646 1531 781 1598 πρὸς
829 1530 951 1591 τοὺς
999 1534 1327 1598 πενομένους
1386 1529 1616 1583 διάδοσιν
1666 1529 1752 1582 διὰ

193 1619 588 1688 πρεσϐυτέρων
638 1621 729 1671 καὶ
788 1619 1051 1672 διακόνων
1087 1617 1296 1671 κελεύει
1341 1619 1606 1686 γίνεσθαι,
1667 1620 1751 1671 ενα

193 1710 379 1774 πάσης
417 1710 646 1776 ὑποψίας
674 1710 950 1780 διατηροίη
984 1711 1170 1764 ἑαυτὸν
1192 1711 1218 1762 6
1254 1711 1545 1773 ἐπίσκοπος
1574 1711 1748 1772 ὲκτόςο

189 1801 272 1853 δεῖ
302 1803 415 1870 γὰρ
442 1802 581 1854 καλὰ
610 1806 856 1870 προνοεῖν
889 1802 1115 1853 ἐνώπιον
1141 1799 1275 1852 Θεοῦ
1307 1802 1401 1853 καὶ
1430 1801 1749 1871 ἀνθρώπων,

190 1889 266 1950 ὥς
290 1907 424 1958 φησι
458 1893 483 1943 6
506 1890 789 1952 θεσπέσιος
840 1890 1068 1953 Παῦλος,
1090 1870 1541 1957 Μεταλαμϐάνειν
1574 1891 1628 1942 δὲ
1658 1892 1750 1942 καὶ
1783 1870 1821 1923 Β

191 1982 361 2033 αὖτὺν
393 1983 483 2034 τὸν
521 1984 816 2034 ἐπίσκοπον
836 1981 941 2034 τῶν
971 1982 1067 2050 τῆς
1110 1983 1438 2051 Ἐκκλησίας
1497 1999 1750 2052 παραχω-

192 2075 297 2142 ρεῖ,
337 2057 556 2137 εἰςτὰς
576 2075 874 2140 ἀναγκαίας
912 2075 1094 2142 μέντοι
1118 2075 1302 2144 χρείας
1337 2090 1348 2102 ·
1418 2073 1478 2124 ού
1517 2074 1620 2143 μὴν
1673 2075 1750 2134 είς

189 2165 453 2234 περιττόν
479 2184 551 2226 τι,
582 2168 717 2236 πρὸς
747 2166 983 2236 τρυφὴν,
1016 2167 1046 2236 ἦ
1083 2165 1338 2234 βλακείαν
1359 2164 1560 2234 ἀνῆκον
1587 2183 1598 2194 ·
1634 2165 1747 2217 ἀλλ’

189 2258 336 2309 ὥστε
360 2258 428 2309 τὰ
448 2259 545 2326 τὴν
575 2258 717 2327 ζωὴν
739 2258 1074 2310 συνιστῶντα
1122 2258 1308 2310 τοῦτον
1338 2257 1478 2327 ἔχειν
1524 2257 1749 2320 ἐκεῖθεν,

190 2350 402 2402 ἅκατά
455 2349 544 2401 τὸν
604 2350 776 2419 μέγαν
832 2349 1126 2402 ἀπόστολον
1179 2350 1460 2418 ὁιατροφαί
1512 2353 1614 2402 εἰσι
1657 2351 1753 2402 καὶ

193 2440 583 2508 σκεπάσματα,
615 2442 706 2491 καὶ
739 2439 942 2503 τούτοις
965 2440 1271 2509 ἀρκεῖσθαι·
1304 2440 1390 2492 ἵνα
1409 2439 1754 2504 οὖτωςΙαύτός

191 2549 249 2582 τε
281 2532 538 2603 τρέφοιτο
572 2531 665 2582 καὶ
695 2532 742 2582 οί
777 2530 1182 2599 ὲπιξενούμενοι
1208 2530 1354 2598 αὑτῷ
1406 2531 1620 2597 ἀδελφοὶ
1678 2531 1751 2598 μή

191 2641 344 2684 τινος
394 2622 502 2674 τῶν
527 2623 802 2692 χρειωδῶν
852 2622 1205 2693 ὑστερῶνται.
1258 2622 1400 2690 Ὅρα
1444 2621 1620 2672 τοίνυν
1675 2621 1755 2672 ὅτι

202 2718 301 2765 καὶ
331 2715 605 2780 φιλόξενον
661 2710 796 2766 εἶναι
852 2715 930 2766 δεῖ
974 2719 1062 2766 τὸν
1114 2713 1433 2777 ἐπίσκοπον,
1495 2713 1674 2777 καθὼς
1729 2715 1756 2765 6

205 2809 261 2856 Ἀ
276 2805 536 2868 πόστολος
559 2806 806 2876 Τιμοθέῳ
825 2808 918 2859 καὶ
944 2806 1087 2876 Τίτῳ
1110 2807 1433 2859 ἐπιστέλλων
1462 2807 1755 2872 διετάξατο.

194 2896 274 2948 T1
301 2898 445 2948 αὐτὰ
471 2897 526 2949 δὲ
556 2897 651 2948 καὶ
679 2898 706 2947 ὁ
734 2898 976 2960 εἰκοστὸς
1005 2899 1268 2966 τέταρτος
1299 2897 1394 2966 τῆς
1444 2900 1500 2948 ὲν
1552 2898 1758 2949 Ἀντιο-

193 2987 318 3056 χλιι.
356 2988 574 3040 συνόδου
600 2985 780 3039 κανὼν
805 2989 1161 3052 διατάττεται,
1201 2989 1294 3040 καὶ
1344 2988 1372 3038 6
1421 2988 1602 3056 μέγας
1650 2988 1758 3040 Κύ-

195 3078 380 3147 ριλλος
411 3083 467 3130 ἐν
492 3081 556 3146 τῇ
583 3080 717 3148 πρὸς
745 3080 946 3146 Δόμνον
971 3081 1250 3149 ἐπιστολῇ.

1848 627 2195 694 pretationem
2228 626 2294 678 58
2345 626 2588 690 canonis,
2637 628 2722 694 qui
2758 627 2941 680 eadem
2987 627 3135 682 dicit.
3175 626 3271 680 Hic
3303 642 3397 678 au-

1851 723 1950 766 tem
1981 714 2163 780 adjicit
2191 715 2387 768 debere
2429 717 2736 784 episcopum
2775 725 3068 769 amatorem
3103 733 3394 784 pauperum

1847 820 1981 868 esse,
2032 814 2082 858 et
2128 806 2458 874 largitionem
2505 808 2555 860 in
2605 823 2864 876 pauperes
2913 809 3106 860 debere
3159 811 3269 860 tieri
3306 825 3400 877 per

1848 911 1975 952 suos
2004 897 2339 966 presbyteros
2373 911 2425 952 et
2460 901 2732 961 diaconos,
2765 901 2804 952 si
2841 899 2947 951 vult
2994 917 3051 954 se
3074 914 3287 954 scrvare
3331 902 3398 953 ab

1849 988 1991 1039 omni
2023 988 2327 1055 suspicione
2357 990 2666 1042 immunem.
2700 987 2835 1056 Lege
2861 988 2952 1050 24,
2986 1003 3106 1040 ean.
3138 1003 3256 1058 syn.
3296 990 3399 1040 An-

1851 1079 2014 1132 tioch.
2045 1090 2097 1132 et
2119 1081 2396 1147 epistolam
2426 1081 2592 1133 sancti
2622 1080 2805 1148 Cyrilli
2841 1081 2904 1132 ad
2941 1079 3222 1132 Domnum.

1921 1347 2027 1417 29
2062 1347 2310 1402 ZONAR.
2339 1348 2434 1401 llic
2457 1349 2616 1401 etiam
2643 1363 2810 1400 canon
2837 1361 3045 1399 omnem
3079 1361 3293 1415 quoque
3311 1362 3403 1414 po-

1853 1449 2095 1494 testatem
2120 1457 2294 1494 rermn
2320 1441 2801 1494 ecclesiasticarum
2825 1440 3109 1490 committit
3127 1440 3400 1506 episcopo.

1855 1531 2312 1599 Dispensationem
2339 1542 2511 1584 tamen
2537 1531 2686 1596 jubet
2716 1533 2858 1583 inter
2884 1545 3142 1597 pauperes
3173 1532 3283 1583 ﬁeri
3312 1546 3406 1596 per

1854 1624 2194 1692 presbyteros
2241 1632 2294 1674 et
2341 1622 2611 1681 tliamnos,
2661 1630 2719 1672 ut
2779 1622 3066 1674 immunem
3123 1635 3180 1674 se
3231 1630 3404 1674 servet

1854 1715 2138 1780 episcopus
2169 1717 2234 1765 ab
2280 1713 2423 1765 omni
2475 1713 2803 1781 suspicione.
2856 1712 3089 1766 Honesta
3143 1713 3404 1781 siquidem

1857 1808 2136 1874 providere
2170 1820 2348 1858 coram
2395 1805 2517 1866 Deo.
2564 1816 2617 1859 et
2668 1805 2968 1858 hominibus
3015 1806 3259 1870 oportet’
3292 1847 3306 1870 ,
3349 1816 3406 1858 ut

1851 1899 2060 1949 divinus
2091 1898 2165 1949 ait
2199 1895 2410 1950 Paulus.
2453 1895 2617 1948 Porro
2654 1897 2826 1962 ipsum
2860 1897 3162 1964 episcopmu
3193 1912 3409 1949 sumere

1851 1990 1914 2041 de
1947 1989 2097 2040 bonis
2129 1987 2380 2042 Ecclesite
2415 1990 2698 2056 permittit.
2742 1989 2806 2040 ad
2861 1987 3210 2048 necessarios,
3263 1986 3409 2039 vide-

1850 2080 1994 2148 licet,
2033 2097 2196 2135 usus:
2248 2081 2436 2134 nonin
2494 2097 2602 2133 rem
2653 2081 2880 2146 aliquam
2929 2092 3407 2144 supervacaneam,

1850 2191 1968 2242 quae
1997 2173 2061 2226 ad
2088 2173 2325 2235 delic'as,
2358 2182 2446 2226 aut
2477 2173 2595 2225 vitae
2619 2171 2888 2223 mollitiem
2916 2171 3202 2238 pertineat,
3227 2169 3316 2223 sed
3345 2184 3408 2237 ex

1853 2264 1960 2318 illis
1995 2264 2188 2317 habeat
2223 2265 2333 2331 ipse
2382 2263 2504 2316 vitae
2535 2260 2905 2315 convenientia
2952 2274 3066 2325 qua:
3117 2259 3408 2313 secundum

1856 2371 2100 2424 magnum
2138 2353 2433 2423 apostolum
2464 2393 2477 2416 ,
2513 2354 2764 2406 alimenta
2802 2361 2947 2413 sunt,
2983 2358 3037 2404 et
3060 2358 3361 2417 tegumenta
3394 2366 3407 2401 :

1854 2457 1905 2502 et
1933 2448 2015 2501 his
2043 2457 2156 2501 esto
2192 2455 2473 2502 contentus
2508 2446 2552 2510 ⁸,
2587 2444 2770 2508 utsic,
2805 2454 2858 2499 et
2888 2444 3000 2510 ipse
3029 2441 3318 2495 nutriatur.
3358 2447 3413 2490 et

1856 2536 2085 2605 hospitio
2120 2537 2348 2603 suscepti
2386 2535 2579 2588 fratres
2620 2535 2779 2587 rebus
2827 2531 3149 2585 necessariis
3194 2528 3433 2604 minime

1855 2630 2233 2683 destituautur.
2272 2627 2392 2696 Ipse
2441 2627 2626 2680 videas
2679 2627 2861 2693 igitur,
2913 2623 3052 2692 quod
3102 2621 3410 2688 episeOpum

1853 2728 2063 2788 Oportet
2093 2733 2212 2773 esse
2243 2717 2615 2786 hospitalem’,
2645 2715 3093 2784 quemadmodum
3129 2711 3414 2763 Timotheo

1854 2821 1905 2866 et
1938 2812 2056 2866 Tito
2087 2811 2329 2866 scribens
2359 2809 2642 2877 Apostolus
2669 2806 2963 2861 constituit.
2997 2804 3194 2858 Eadem
3227 2810 3407 2854 autem

1857 2901 2146 2955 vicesimus
2181 2911 2404 2969 quartus
2439 2898 2736 2952 Antiochia:
2777 2897 2965 2968 synodi
3000 2909 3168 2949 canon
3215 2893 3411 2960 ιη’ωεί-

1854 2993 1953 3059 pit.
1989 2991 2207 3062 Magnus
2255 3007 2468 3062 quoque
2496 2990 2727 3061 Cyrillus
2770 2989 2822 3044 in
2860 2989 3081 3057 epistola
3131 2986 3198 3040 ad
3240 2985 3416 3038 Dom-

1859 3100 2006 3137 "III".

208 3171 438 3226 ΑΡΙΣΤ.
497 3171 916 3233 Ἐξουσιαζέτω
988 3171 1106 3224 τῶν
1156 3171 1674 3238 ἐκκλησιαστικῶν
1726 3177 1821 3258 dc

1859 3173 2082 3229 ARIST.
2146 3174 2463 3228 Potestatem
2528 3174 2710 3228 habeat
2781 3173 3050 3240 episcopus
3107 3184 3263 3235 super
3322 3181 3415 3219 res

267 3264 608 3326 ἐπίσκοπος
643 3261 1020 3329 πραγμάτων,
1054 3264 1146 3314 καί
1182 3262 1301 3315 τῶν
1336 3263 1549 3331 ψυχῶν
1604 3264 1712 3333 γάρ
1742 3281 1756 3293 ο

268 3357 372 3409 καὶ
406 3357 613 3410 διοικεῖ
618 3373 694 3409 τω
720 3358 913 3410 πάντα
936 3360 1083 3410 κατὰ
1106 3357 1218 3425 τὴν
1234 3359 1400 3411 θείαν
1419 3359 1757 3415 άοέσκειαν.

267 3454 456 3523 Elei:

803 3542 1044 3595 ΚΑΝΩΝ
1076 3545 1208 3598 ΜΒ’.

207 3634 582 3697 Ἐπίσλοπος
614 3633 650 3700 ἢ
705 3633 1101 3700 πρεσϐύτερος
1153 3633 1190 3700 ἢ
1229 3633 1509 3699 διάκονος
1567 3635 1759 3697 κύϐοις

266 3725 586 3791 σχολάζων
614 3726 709 3777 καὶ
729 3723 934 3792 μέθαις
962 3730 977 3792 (
983 3724 1096 3792 66),
1119 3724 1155 3792 ἢ
1179 3728 1527 3788 παυσάσθω,
1559 3725 1594 3793 ἢ
1626 3727 1763 3778 καθ-

268 3819 580 3884 ηιρείσθω.

764 3907 1001 3960 ΚΑΝΩΝ
1033 3907 1162 3959 ΜΓθ.

223 3997 661 4067 Υποδιάκονοςζ,
716 3996 753 4063 ἣ
807 3995 1219 4064 ἀναγνώστης,
1281 3997 1319 4065 ἢ
1377 3999 1632 4066 ψάλτης,
1693 3998 1764 4051 τὰ

269 4092 451 4154 ὅμοια
508 4088 715 4152 ποιῶν,
768 4089 805 4155 ἢ
865 4089 1220 4154 παυσάσθω,
1284 4089 1321 4152 ἢ
1375 4088 1756 4158 ἀφοριζέσθωο

268 4185 563 4247 ὡσαύτως
587 4182 682 4234 καί
717 4183 937 4235 λατκοί.

265 4275 474 4326 ΒᾹΛΣ.
505 4270 711 4334 Ἄλλως
740 4273 1055 4337 κολάζονται
1078 4275 1126 4325 οἱ
1157 4273 1470 4335 ἐπίσκοποι,
1529 4273 1584 4324 οί
1635 4289 1765 4342 πρε-

196 4367 489 4433 σὸύτεροι,
532 4365 623 4416 καὶ
669 4365 715 4416 οἱ
746 4363 1004 4425 διάκονοι,
1057 4363 1240 4423 κύϐοις
1277 4367 1369 4417 καὶ
1413 4364 1602 4432 μέθαις
1643 4381 1763 4434 σχοο

201 4459 488 4520 λάζοντες,
516 4457 610 4508 καὶ
670 4455 843 4517 ἄλλως
879 4458 928 4506 οἱ
968 4456 1331 4517 ύποδιάκονοι,
1361 4458 1407 4507 οί
1440 4455 1661 4522 ψάλται,
1713 4457 1761 4508 οί

1931 3266 2334 3330 ecclesiasticas,
2389 3266 2541 3320 habet
2592 3269 2727 3319 enim
2778 3274 2825 3318 et
2874 3278 3031 3332 super
3070 3260 3278 3313 animas
3310 3270 3328 3307 :
3367 3266 3416 3308 et

1931 3360 2260 3411 administret
2289 3360 2463 3412 omnia
2493 3357 2772 3410 secundum
2804 3355 3037 3406 divinam
3074 3350 3413 3404 voluntatem.

1930 3449 2272 3517 Perspicuus.

2432 3538 2656 3592 CANON
2695 3537 2850 3591 XLII.

1864 3631 2566 3700 Episc0pus,velpresbyter,
2601 3630 2678 3682 vel
2708 3630 2975 3692 diaconus,
3009 3629 3138 3682 aleis
3170 3640 3216 3681 et
3248 3629 3413 3681 ebrie-

1991 3723 2187 3776 tatibus
2241 3739 2449 3784 vacans,
2483 3723 2558 3774 rel
2592 3722 2833 3783 desistat,
2867 3721 2941 3772 vel
2973 3721 3280 3787 deponatur.

2412 3899 2638 3955 CANON
2680 3899 2858 3952 XLIII.

1865 3994 2292 4063 Hyaodiaconus,
2313 3992 2389 4045 vel
2440 3993 2617 4052 lector,
2649 3992 2725 4043 rel
2752 4000 2956 4050 cantor,
2975 3987 3168 4040 similia
3196 3986 3413 4054 faciens.

2006 4087 2082 4140 vel
2109 4087 2342 4147 desistat,
2374 4085 2448 4136 vel
2477 4091 2792 4151 segregatur.
2830 4079 3016 4131 Itidem
3048 4088 3095 4131 et
3126 4078 3272 4129 laici.

1931 4257 2122 4314 BALS.
2153 4260 2322 4312 Aliter
2353 4259 2646 4324 puniuntur
2666 4255 2922 4324 episcopi,
2952 4256 3266 4324 presbyteri,
3299 4254 3411 4306 dia-

1864 4353 2010 4416 coni,
2040 4352 2172 4405 aleis
2197 4360 2250 4404 et
2276 4349 2628 4402 ebrietatibus
2663 4357 2927 4408 vacantes,
2960 4354 3014 4398 et
3060 4346 3214 4398 aliter
3245 4346 3414 4414 hypo-

1865 4443 2098 4507 diacoui,
2131 4455 2399 4500 cantores.
2431 4442 2655 4492 lectores
2691 4445 2743 4490 et
2778 4437 2917 4490 laici.
2950 4435 3244 4489 Praesentes
3269 4439 3412 4488 enim

201 4549 578 4617 ἀναγνῶσται,
613 4548 706 4599 καὶ
729 4549 780 4598 οἱ
814 4547 1008 4600 λαῖκοί.
1053 4549 1190 4608 Τοὺς
1218 4548 1316 4616 μὲν
1342 4547 1450 4616 γὰρ
1488 4547 1764 4616 καθαιρεῖ·
1799 4535 1821 4588 Ῑ

1869 4540 1978 4590 duo
2013 4551 2242 4588 canones
2273 4535 2456 4587 dicunt
2500 4533 2614 4585 illos
2667 4530 2879 4598 quidem
2935 4528 3120 4590 deponi
3173 4528 3272 4579 nisi
3325 4530 3418 4576 de-

201 4646 263 4696 σθ
277 4644 330 4696 1i
377 4658 544 4707 φασιν
583 4641 632 4690 οἱ
665 4641 925 4707 παρόντες
956 4638 1047 4690 δύο
1072 4640 1320 4703 κανόνες,
1347 4639 1396 4690 εί
1426 4638 1498 4708 μὴ
1526 4638 1765 4691 παύσον-

198 4754 316 4795 ται,
345 4733 474 4792 τοὺς
502 4732 556 4783 δὲ
587 4730 958 4798 ἀφορίζεσθαι.
988 4732 1145 4798 Ζήτει
1170 4729 1265 4781 καὶ
1317 4731 1406 4781 τὸν
1461 4727 1503 4782 θ’
1563 4731 1764 4782 κανόνα

204 4831 306 4898 τῆς
343 4829 406 4878 ὲν
431 4825 507 4892 τῷ
542 4822 798 4892 Τρουλλῳ
820 4823 1054 4880 συνόδου,
1088 4825 1178 4874 καὶ
1206 4822 1382 4874 τίτλον
1411 4821 1454 4873 θ’
1505 4820 1597 4873 τοῦ
1656 4838 1764 4874 πα-

203 4922 398 4988 ρόντος
423 4914 798 4981 συντάγματος
824 4930 949 4981 κεφ.
981 4913 1082 4979 κζ’,
1117 4914 1210 4965 καλ¹
1230 4912 1322 4974 λε’,
1347 4911 1440 4964 καὶ
1463 4911 1638 4964 τίτλον
1670 4919 1761 4977 ιγ’,

199 5026 324 5079 κεφ.
367 5008 472 5061 κθ’.

275 5102 523 5155 ΖΩΝΛΡ.
558 5099 695 5159 Τοὺς
725 5098 1078 5158 ἐπισκόπους,
1109 5101 1203 5150 καὶ
1235 5098 1353 5158 τοὺς
1406 5097 1499 5149 τοῦ
1560 5096 1762 5163 κλήρου

203 5197 444 5253 πάντας,
491 5190 836 5258 παράκλησιν
861 5190 1030 5241 ἅπασι
1057 5195 1190 5258 πρὸς
1232 5189 1433 5257 ἀρετὴν
1465 5184 1603 5239 εἶναι
1635 5189 1760 5256 χρὴ,

314 5328 332 5356 ⁷
367 5327 406 5379 Il
432 5326 556 5379 Cor.
587 5340 702 5388 vm,
738 5324 826 5377 2|.
902 5322 922 5353 ⁸
955 5326 970 5377 l
1001 5323 1138 5377 Tim.
1172 5339 1240 5387 τι,
1266 5323 1317 5376 8.
1393 5325 1413 5354 ⁹
1445 5321 1547 5374 Tit.
1580 5337 1617 5381 ι,
1640 5321 1696 5373 8.

1864 4629 2078 4691 sistant,
2132 4628 2230 4679 hos
2278 4641 2402 4679 vero
2449 4624 2738 4691 segregari.
2775 4621 2959 4686 Quare
2994 4630 3047 4672 et
3091 4619 3124 4672 θ
3156 4632 3414 4670 canonum

1865 4734 1983 4789 syu.
2025 4720 2077 4771 iu
2110 4717 2315 4771 Trullu.
2347 4724 2400 4768 et
2435 4720 2516 4767 tit.
2552 4715 2584 4767 9
2617 4714 2890 4782 prurseutis
2935 4711 3136 4779 operis.
3181 4724 3297 4776 cap.
3345 4708 3414 4760 ‘27

1869 4822 1922 4866 et
1953 4808 2043 4871 55,
2073 4819 2125 4864 et
2153 4810 2238 4862 tit.
2269 4808 2354 4870 I3,
2386 4821 2504 4873 cap.
2532 4806 2620 4860 9.9.

1945 5090 2188 5146 ZONAR.
2225 5088 2533 5156 Episcopos,
2561 5095 2614 5138 et
2650 5099 2834 5137 omnes
2864 5083 2930 5135 de
2954 5083 3118 5142 clero,
3156 5078 3418 5133 universis

1868 5194 2080 5254 oportet
2109 5195 2228 5234 esse
2261 5180 2659 5233 incitamentum
2689 5177 2754 5229 ad
2780 5177 3025 5227 virtutem
3084 5173 3414 5236 formamque

1425 5414 1617 5474 Guill.
1668 5409 1988 5485 Beveregii
2036 5415 2220 5468 notm.

279 5521 394 5584 (66)
426 5520 528 5572 Kal
553 5521 776 5587 μέθαις.
811 5520 1065 5586 Egbertus
1093 5519 1463 5576 Eboracencis.
1509 5527 1561 5568 nt
1591 5517 1760 5569 nullus

205 5607 270 5643 ea:
315 5592 644 5641 sacerdotum
679 5606 890 5640 numero
923 5590 1184 5640 ebrietatis
1219 5591 1392 5640 vitium
1425 5589 1640 5646 nutriat,
1673 5604 1762 5638 nec

209 5664 346 5712 alios
369 5670 514 5724 rogat
540 5676 626 5717 rer
648 5676 794 5710 suam
811 5661 1097 5727 jussiom'm
1122 5660 1387 5711 inebriari.
1413 5658 1652 5727 Etlgarns
1671 5672 1761 5708 rex

211 5730 512 5781 Sztxoz-tt'u.
542 5729 788 5780 Docenms
809 5731 986 5782 etiam.
1031 5739 1083 5778 ut
1111 5733 1400 5779 sacerdotes
1428 5728 1521 5792 ipsi
1548 5726 1761 5776 ebrieta-

212 5809 310 5851 tem
359 5811 590 5861 cuream,
636 5800 754 5852 aliis
788 5799 1083 5866 pet'ltit'cant
1130 5800 1413 5850 studiosius
1458 5795 1753 5848 cavendum.

1869 5515 2061 5565 Eadem
2094 5511 2422 5564 constituunt
2449 5518 2500 5560 et
2539 5518 2768 5558 canones
2802 5500 3008 5555 ΑΞΙΓνὶιιὶ
3039 5500 3101 5550 ad
3119 5497 3414 5550 'Wnlhnum

1867 5585 2195 5649 episcopum.
2231 5579 2551 5631 St'ltuliastes
2589 5572 2961 5649 llartnepupuli
2989 5569 3051 5649 ιιι]
3087 5569 3223 5619 hunc.
3253 5582 3416 5649 cano—-

1868 5639 1984 5703 netu
2023 5639 2131 5702 hiea'
2165 5658 2335 5710 notat,
2376 5648 2437 5697 Ἠ
2469 5646 2522 5696 δὲ
2584 5650 2698 5714 ρκγ¹
2753 5641 2965 5714 Νεαρὰλ
2993 5639 3416 5714 Ἰουρτινιάνειος

1865 5722 2195 5788 ἀφορίζουσα
2230 5703 2448 5776 τούτους
2476 5703 3228 5784 καῖ’μοναστηρῖῳἐμϐαλλει.
3276 5703 3411 5757 llat-

1868 5809 2075 5858 meuup.
2108 5800 2218 5844 sect
2268 5789 2318 5851 5,
2345 5788 2420 5838 tit.
2448 5789 2500 5838 τὶ.
