4186 6438
143 457 230 518 lii
1416 449 1494 508 ΙΝ
1529 445 1693 506 CAN.
1723 448 1800 507 LI
1841 445 2090 506 APOST.

3294 430 3396 497 142

209 565 458 617 ΖΩΝΑΡ.
489 561 629 632 Τρία
663 560 1019 630 βαπτίσματα
1052 557 1288 612 ἐνταῦθα
1319 561 1414 618 τὰς
1445 559 1593 625 τρεῖς
1623 572 1718 606 κα-

1895 550 2148 605 ZONAR.
2196 549 2294 602 ilic
2319 562 2415 616 per
2449 550 2550 600 tria
2583 546 2902 616 baptismata
2939 559 3113 600 canon
3148 553 3254 598 tres
3290 547 3393 598 im-

140 658 388 719 ταδύσεις
426 657 592 725 φησὶν
621 659 648 708 ὁ
687 653 868 708 κανὼν
900 656 956 705 ὲν
996 655 1097 722 μιᾷ
1129 653 1364 722 μυήσει,
1399 651 1517 720 ⁸ἢτοι
1543 650 1598 701 ἐν
1635 646 1721 701 ἐνὶ

143 745 518 815 βαπτίσματιο
550 746 692 804 ὥστε
739 746 829 796 τὸν
865 744 1195 812 βαπτίζοντα
1225 742 1432 811 ἑκάστῃ
1477 741 1585 792 τῶν
1619 754 1718 790 κα-

142 841 420 893 ταδύσεων
447 839 506 892 ἒν
536 841 632 909 τῆς
661 839 824 906 ἁγίας
851 837 1083 905 Τριάδος
1117 834 1393 900 ἐπιλέγειν
1422 833 1615 900 ὅνομα.
1647 830 1721 882 Τὸ

140 933 246 1000 γὰρ
277 931 428 996 ἅπαξ
457 929 744 984 καταδύειν
771 929 863 981 τὸν
901 926 1303 996 βαπτιζόμενον
1332 928 1412 986 είς
1441 924 1538 992 τὴν
1569 922 1724 991 ἱερὰν

141 1022 554 1092 κολυμϐήθραν,
594 1023 686 1074 καὶ
730 1021 808 1083 είς
839 1019 929 1071 τὸν
965 1017 1195 1070 θάνατον
1239 1016 1333 1068 τοῦ
1381 1015 1585 1082 Κυρίου
1625 1014 1724 1083 τὴν

146 1113 274 1182 μίαν
322 1114 682 1181 ἐπιφημίζειν
733 1111 1052 1170 κατάδυσιν,
1107 1107 1301 1168 ἀσεϐὲς
1349 1107 1488 1157 ἐστι.
1546 1106 1653 1157 Καὶ
1699 1106 1726 1155 ό

145 1205 288 1257 οὕτω
325 1205 605 1271 βαπτίζων
643 1201 1125 1271 καθαιρεθήσεται.

143 1294 374 1350 ΑΡΙΣΤ.
425 1295 488 1345 ὐ
519 1291 604 1361 μὴ
657 1292 814 1358 τρισὶ
845 1289 1020 1358 μυῶν
1093 1286 1525 1346 καταδύσεσιν,
1565 1284 1727 1337 ἀλλὰ

207 1381 346 1449 μιᾷ,
385 1384 472 1447 εις
497 1384 603 1434 τὸν
624 1381 731 1434 τοῦ
757 1380 980 1446 Κυρίου
1012 1376 1295 1441 θάνατον,
1322 1374 1375 1447 [ὃ
1401 1373 1486 1444 μὴ
1509 1369 1676 1426 εἶπεν
1696 1374 1728 1423 ό

212 1473 460 1545 Κύριος]
493 1474 754 1540 ἀνίερος.

214 1567 328 1622 Τοῦ
374 1567 578 1636 Κυρίου
615 1566 860 1626 εἰπόντος
897 1560 1185 1633 βαπτίζειν
1225 1561 1306 1622 εἰς
1338 1560 1397 1610 τ’»
1430 1558 1600 1627 ὄνομα
1635 1557 1729 1609 τοῦ

143 1657 383 1727 Πατρός,
420 1659 514 1708 καὶ
545 1655 640 1708 τοῦ
671 1654 824 1718 Υίοῦ,
858 1656 954 1706 καὶ
985 1650 1079 1705 τοῦ
1109 1650 1266 1718 ἁγίου
1307 1647 1649 1717 Πνεύματος,
1681 1646 1735 1698 ετ

142 1765 226 1810 τις
265 1748 568 1807 ἐπίσκοπος
598 1746 630 1816 ἢ
665 1743 1037 1814 πρεσϐύτερος
1077 1737 1381 1809 ἐναντιωθῇ
1413 1737 1492 1806 τῷ
1527 1739 1734 1793 Δεσποι

141 1839 286 1909 τικῷ
324 1840 710 1909 προστάγματι
734 1876 748 1901 ,
785 1839 878 1890 καλ⁵
919 1837 998 1896 είς
1032 1837 1161 1904 μίαν
1195 1831 1495 1885 κατάδυσιν
1533 1827 1732 1897 βαπτίο

1826 644 2130 698 mersiones
2157 639 2406 708 intelligit
2445 639 2496 690 in
2545 652 2654 690 uno
2681 637 2958 706 mysterio,
3016 637 3287 700 videlicet,
3343 639 3394 690 in

1827 750 1934 785 uno
1968 731 2327 800 baptismate:
2365 727 2444 782 sic
2480 736 2537 778 ut
2585 725 2650 777 ad
2696 740 3135 794 unamquamque
3175 727 3398 780 immen-

1826 829 2035 880 sioncm
2068 821 2347 892 baptizans
2383 820 2543 873 addat
2571 833 2733 871 unum
2759 808 2962 872 sanctae
2984 819 3266 873 Trinitatis
3302 835 3401 873 no-

1830 930 1971 968 men.
2006 913 2162 978 Nam,
2207 914 2370 968 semel
2405 929 2551 981 eum,
2578 915 2666 982 qui
2701 913 3026 980 baptizatur,
3082 912 3133 964 in
3183 925 3397 966 sacrum

1827 1008 2103 1061 lavacrum
2128 1006 2464 1073 demergere,
2489 1015 2541 1058 et
2565 1005 2617 1058 in
2640 1014 2864 1057 mortem
2897 1002 3111 1057 Domini
3137 1005 3403 1056 duntaxat

1831 1113 1992 1151 unam
2029 1097 2306 1151 celebrare
2339 1097 2763 1162 immersioncm,
2811 1095 3034 1163 impium
3083 1105 3184 1149 est.
3229 1095 3407 1163 Atque

1832 1192 1910 1242 sic
1944 1189 2229 1258 baptizans
2264 1191 2457 1242 ordine
2483 1189 2809 1242 movebitur.

1831 1279 2055 1335 ARIST.
2094 1283 2197 1347 Qui
2241 1298 2344 1336 non
2377 1280 2543 1336 tribus
2596 1282 2775 1334 initiat
2827 1283 3269 1346 immersionibus,
3316 1286 3405 1337 sed

1907 1391 2032 1437 una,
2069 1376 2121 1427 in
2157 1385 2375 1428 mortem
2406 1373 2616 1428 Domini
2649 1373 2808 1444 (quod
2834 1374 3090 1429 Dominus
3122 1391 3224 1430 non
3247 1377 3405 1445 dixit)

1905 1486 1933 1520 a
1959 1470 2251 1523 sacerdotio
2273 1469 2571 1534 deponitur.

1906 1559 2139 1613 Domino
2165 1558 2460 1613 mandante
2492 1559 2771 1629 baptizare
2803 1562 2859 1614 in
2886 1561 3104 1615 nomine
3124 1559 3323 1628 Patris,
3357 1574 3413 1617 et

1837 1656 1964 1710 Filii
1996 1665 2049 1709 et
2089 1653 2327 1722 Spiritus
2361 1653 2558 1719 sancti,
2598 1657 2643 1710 si
2677 1656 3103 1725 quisepiscopus
3142 1667 3237 1712 aut
3285 1674 3413 1728 pre-

1837 1750 2020 1820 sbyter
2052 1748 2386 1801 contrarium
2410 1746 2570 1801 faciet
2599 1747 2880 1804 Dominico
2909 1749 3188 1814 mandato,
3217 1759 3272 1804 et
3307 1766 3413 1804 una

1840 1840 2186 1896 immersione
2205 1841 2522 1909 baptizabit,
2541 1843 2664 1910 quia
2689 1841 2954 1910 baptisma
2977 1843 3191 1899 Domini
3210 1844 3416 1901 indicat

149 1904 266 1995 σει,⁷
294 1904 380 1994 ὡς.
400 1930 492 1984 τοῦ
515 1904 890 1999 βαπτίσματος
923 1927 1015 1980 τοῦ
1039 1926 1245 1996 Κυρίου
1266 1921 1729 1991 καταγγέλλοντος
1767 1904 1809 1960 Β
1839 1943 2095 2000 mortem,
2124 1904 2447 2000 (lepor-"tur.

150 2025 413 2090 θάνατον,
471 2021 958 2094 καθαιρεθήσεται.
1036 2078 1039 2081 ,

339 2114 342 2116 ’
740 2113 978 2166 ΚΛΝΩΝ
1011 2112 1119 2164 NA'

143 2209 219 2265 El
270 2225 361 2273 τις
413 2209 750 2272 ἐπίσκοπος
800 2204 835 2273 ἢ
885 2202 1294 2272 πρεσϐύτερος
1343 2199 1380 2269 ἢ
1432 2198 1734 2262 διάκονος,

216 2299 257 2364 ἢ
308 2299 463 2362 ὅλως
497 2297 604 2350 τοῦ
634 2297 976 2365 καταλόγου
1016 2293 1124 2347 τοῦ
1168 2289 1503 2359 ἱερατικοῦ,
1543 2285 1738 2358 γάμου

217 2388 325 2442 καί
356 2386 546 2457 κρεῶν
575 2385 673 2440 καί
704 2387 877 2438 οινου
912 2384 1025 2455 (74)
1054 2384 1126 2436 οὐ
1151 2381 1225 2436 δι’
1253 2380 1544 2448 ἄσκησιν,
1576 2377 1740 2432 ἀλλὰ

217 2482 324 2535 διὰ
388 2481 721 2548 βδελυρίαν
773 2477 1100 2547 ἀπέχεται,
1161 2475 1594 2542 ἐπιλαθόμενος
1649 2469 1741 2524 ὅτι

215 2574 425 2630 πάντα
471 2574 629 2626 καλὰ
679 2573 843 2635 λίαν,
902 2570 1001 2623 καὶ
1053 2568 1145 2621 ὅτι
1196 2567 1386 2634 ἄρσεν
1430 2565 1530 2617 καὶ
1579 2561 1740 2628 θῆλυ

214 2667 520 2730 ἐποίησεν
557 2664 590 2716 ό
627 2664 773 2728 Θεὸς
811 2661 920 2716 τὸν
952 2661 1310 2728 ἄνθρωπον,
1375 2654 1540 2710 ἀλλὰ
1580 2654 1739 2718 ,βλα-

221 2754 494 2824 σφημῶν
542 2755 855 2809 διαϐάλλει
891 2754 1005 2821 τὴν
1050 2750 1468 2820 δημιουργίαν,
1519 2748 1557 2814 ἢ
1589 2747 1743 2813 διορ-

215 2850 492 2910 θούσθω,
529 2846 566 2914 ἢ
609 2847 1036 2914 καθαιρείσθω,
1071 2844 1170 2897 καί
1206 2841 1318 2908 τῆς
1376 2839 1744 2908 Ἐκκλησία(-

215 2939 686 2995 ἀποεαλλέσθω.
740 2939 1045 3003 Ὡσαύτως
1080 2938 1179 2991 καὶ
1220 2937 1459 3001 λατκός.

220 3031 426 3084 ΒΔΛΣ.
463 3031 565 3083 Τὸν
599 3031 822 3099 ἔννομον
852 3029 1030 3098 γάμον
1058 3030 1092 3098 ἡ
1137 3026 1444 3096 Ἐκκλησία
1474 3025 1574 3078 οὐκ
1606 3024 1744 3078 ἀπο-

147 3122 397 3178 σείεται³
449 3123 531 3174 ὅτι
562 3121 650 3174 διὰ
679 3121 838 3174 τοῦτο
883 3121 978 3174 καὶ
1008 3119 1036 3172 ὀ
1080 3119 1212 3181 Θεὸς
1262 3117 1431 3189 ἄρσεν
1474 3118 1570 3170 καὶ
1604 3116 1741 3185 θῆλυ

144 3211 416 3278 ἐποίησεν
440 3227 454 3241 ·
490 3212 614 3266 οὐδὲ
647 3212 774 3275 τοὺς
809 3210 1275 3284 κρεωφαγοῦντας
1306 3210 1401 3263 καὶ
1433 3209 1566 3276 οίνῳ
1597 3224 1742 3277 χρω-

147 3304 358 3370 μένους
414 3305 786 3372 βδελύττεται,
833 3304 1110 3374 εὐκαίρως
1168 3302 1353 3358 πάντα
1429 3299 1740 3363 ποιοῦντας,

144 3395 246 3446 καὶ
301 3394 482 3458 καθὼς
529 3396 598 3448 τὰ
626 3398 748 3464 ἱερὰ
796 3395 1156 3466 παραδιδόασι
1188 3394 1380 3460 Λόγια.
1415 3392 1582 3447 Οὐδὲν
1608 3392 1740 3460 γὰρ,

142 3488 314 3555 φησι,
336 3487 448 3538 τῶν
476 3488 627 3558 παρὰ
653 3487 791 3542 Θεοῦ
826 3487 1135 3558 γενομένων
1167 3487 1361 3540 κακόψ
1393 3485 1528 3540 ἀλλὰ
1559 3485 1741 3538 πάντα

145 3577 305 3628 καλὰ
333 3578 393 3627 ἐν
418 3578 600 3648 καιρῷ
626 3578 828 3636 αὐτῶν,
869 3578 1012 3632 Ἀλλ’
1050 3578 1178 3631 οὐδὲ
1208 3579 1335 3640 τοὺς
1365 3576 1741 3646 ἀπεχομένους

139 3665 362 3723 τούτων
411 3671 570 3735 αὖθις
616 3672 683 3724 δι’
721 3656 956 3741 ἄσκησιν
999 3669 1241 3733 κολάζει.
1270 3670 1360 3721 Διὸ
1409 3669 1741 3740 προσεκτέον

140 3770 258 3822 τίνι
289 3768 480 3838 τρόπῳ
508 3764 714 3818 τούτων
759 3761 1024 3833 ἀπέχεται
1057 3780 1138 3825 τις
1160 3779 1176 3793 ·
1207 3763 1302 3815 καὶ
1332 3764 1380 3814 εἰ
1429 3763 1547 3830 μὲν,
1584 3762 1659 3826 ὡς
1693 3763 1741 3816 οί

143 3859 459 3914 ἁθεώτατοι
501 3855 788 3925 Βογόμιλοι
829 3855 945 3924 (75)
976 3854 1064 3907 διὰ
1104 3853 1410 3924 βδελυρίαν,
1444 3857 1537 3906 καὶ
1560 3853 1649 3906 διὰ
1680 3853 1743 3906 τὸ

139 3953 412 4023 γενέσθαι
436 3951 706 4019 παραίτια
733 3948 908 4001 κακοῦ
931 3949 1044 4010 τοῖς
1071 3946 1257 4008 κακῶς
1284 3949 1740 4018 παραχρωμένοις

141 4046 363 4107 αὐτοῖς,
391 4040 877 4112 καθαιρεθήσεται,
916 4039 1054 4109 μετὰ
1089 4038 1463 4109 παραγγελίαν
1495 4038 1569 4109 μὴ
1597 4038 1742 4108 διορ-

140 4139 439 4208 θούμενος,
490 4136 689 4205 μᾶλλον
718 4135 897 4188 δὲκαὶ
945 4135 1042 4200 τῆς
1084 4132 1412 4203 Ἐκκλησίας
1452 4135 1740 4202 γενήσεται

141 4231 529 4298 ἐκκήρυκτος,
579 4229 652 4289 ὡς
701 4225 1046 4296 βλασφημῶν
1097 4227 1240 4277 κατὰ
1287 4225 1396 4278 τῶν
1447 4224 1542 4277 τοῦ
1599 4223 1737 4277 Θεοῦ

145 4323 478 4388 κτισμάτων
500 4335 512 4348 ·
542 4320 590 4370 εί
616 4317 671 4370 δὲ
704 4316 793 4369 διὰ
827 4315 1060 4384 ἄσκησιν
1087 4315 1183 4366 καὶ
1217 4314 1508 4368 εὐλάϐειαν
1537 4314 1742 4383 ἀπέχει

145 4431 240 4468 ται
274 4412 510 4473 τούτων,
547 4408 609 4460 οὐ
644 4407 1132 4477 κατακριθήσεται.
1167 4405 1270 4460 Διὰ
1303 4408 1411 4476 γὰρ
1449 4404 1610 4457 τοῦτο
1643 4404 1737 4458 καὶ

2374 2120 2484 2193 34
2513 2119 2741 2175 canon
2775 2118 2840 2175 LI

1838 2209 1898 2266 Si
1924 2213 2042 2282 quis
2075 2217 2373 2286 cpiscopus,
2429 2214 2508 2269 vel
2553 2213 2845 2283 presbyter,
2885 2211 2962 2266 vel
3015 2213 3292 2277 diaconus,
3342 2213 3420 2268 vel

1911 2307 2127 2361 omnino
2160 2323 2224 2362 ex
2253 2305 2572 2362 sacerdotali
2603 2320 2843 2368 numero,
2873 2319 2904 2357 a
2931 2303 3146 2373 nuptiis,
3172 2305 3420 2361 carnibus

1910 2404 1958 2449 et
1989 2398 2131 2462 vino,
2171 2415 2273 2452 non
2319 2410 2530 2466 prapter
2575 2397 3023 2463 exercitationem,
3073 2397 3165 2451 sed
3209 2407 3422 2467 propter

1913 2487 2353 2544 abominationem
2396 2491 2643 2553 abstinet,
2678 2489 2873 2543 oblitus
2901 2488 3041 2558 quod
3067 2490 3244 2544 omnia
3270 2490 3422 2545 valde

1916 2580 2074 2647 bona,
2103 2591 2153 2635 et
2185 2583 2325 2651 quod
2347 2583 2695 2636 masculinum
2725 2592 2771 2636 et
2790 2582 3102 2651 femininum
3128 2581 3250 2650 fecit
3285 2581 3423 2637 Deus

1913 2670 2175 2726 hominem
2205 2688 2224 2725 :
2249 2673 2339 2725 sed
2363 2671 2727 2740 blasphemans
2749 2672 3106 2725 calumniatur
3131 2673 3420 2740 opiﬁcium,

1915 2762 1994 2817 vel
2017 2765 2342 2832 corrigatur,
2371 2763 2451 2816 vel
2478 2765 2790 2831 deponatur,
2814 2774 2861 2818 et
2894 2780 2958 2818 ea:
2983 2763 3214 2819 Ecclesia
3248 2765 3428 2835 ejicia-

1916 2864 2023 2910 tur.
2049 2854 2310 2910 Similiter
2334 2863 2384 2909 et
2405 2855 2595 2909 laicus.

1921 3029 2118 3086 BALS.
2167 3030 2463 3100 chitimas
2491 3030 2713 3099 nuptias
2763 3030 3005 3086 Ecclesia
3058 3047 3162 3086 non
3205 3032 3424 3102 rejicit:

1849 3129 1974 3187 quia
2006 3125 2076 3178 ob
2107 3124 2246 3178 hanc
2300 3138 2518 3180 causam
2557 3125 2698 3178 Deus
2733 3127 3032 3181 masculum
3076 3136 3130 3180 et
3171 3126 3428 3181 feminam

1771 3246 1813 3303 ο
1850 3215 2056 3270 creavit
2100 3230 2114 3266 :
2154 3227 2253 3266 nec
2289 3226 2384 3267 eos
2414 3213 2506 3281 qui
2547 3213 2804 3267 carnibus
2851 3223 3169 3278 vescuntur,
3212 3222 3266 3268 et
3305 3215 3431 3266 vino

1849 3316 2098 3372 utuntur,
2130 3305 2414 3369 abhorret,
2447 3306 2494 3359 si
2525 3305 2706 3359 omnia
2759 3314 3065 3374 Opportune
3108 3304 3332 3372 faciant,
3378 3317 3433 3360 et

1848 3399 1991 3453 sicut
2048 3413 2201 3452 sacra
2248 3399 2467 3451 tradunt
2494 3395 2747 3451 Oracnla.
2809 3395 2954 3451 Nihil
3014 3397 3158 3451 enim
3218 3413 3432 3462 eorum.

1850 3490 2048 3559 inquit,
2086 3504 2206 3557 quis
2248 3503 2275 3541 a
2306 3485 2419 3543 Deo
2466 3497 2652 3542 creata
2716 3497 2862 3552 sunt,
2911 3487 3116 3540 malum
3173 3497 3299 3542 est:
3339 3491 3432 3543 sed

1850 3584 1992 3638 bona
2025 3581 2205 3638 omnia
2238 3589 2364 3634 sunt
2403 3595 2503 3634 suo
2536 3590 2803 3649 tempore.
2833 3579 2940 3633 Sed
2968 3594 3067 3634 nec
3099 3594 3192 3634 eos
3219 3595 3430 3647 rursus,

1849 3676 1944 3746 qui
1979 3676 2048 3729 ab
2078 3675 2163 3729 his
2190 3683 2414 3745 propter
2438 3673 2888 3728 exercitationem
2924 3672 3220 3740 abstinent,
3255 3675 3432 3743 punit.

1851 3767 1979 3822 Ideo
2023 3765 2566 3821 animadvertendum
2621 3772 2708 3819 est
2753 3765 3028 3833 quomodo
3067 3765 3191 3835 quis
3241 3766 3308 3820 ab
3352 3766 3434 3820 eis

1851 3860 2094 3915 abstinet
2130 3876 2142 3914 :
2177 3868 2232 3912 et
2261 3859 2305 3912 si
2338 3858 2579 3927 quidem,
2615 3866 2670 3910 nt
2697 3856 2781 3911 vel
2816 3858 3050 3912 maxime
3083 3857 3229 3928 impii
3256 3857 3434 3928 Bego-

1853 3952 1987 4014 mili,
2021 3959 2241 4020 propter
2265 3964 2454 4004 eorum
2484 3948 2692 4014 odium,
2733 3959 2787 4003 et
2814 3949 2954 4018 quod
2985 3948 3108 4002 mali
3133 3965 3296 4004 causa
3324 3951 3436 4006 sint

1851 4046 1919 4100 iis
1948 4045 2039 4114 qui
2069 4043 2149 4098 eis
2177 4031 2494 4106 abutuntur,
2540 4041 2862 4110 deponetur,
2898 4041 2942 4095 si
2980 4051 3103 4111 post
3149 4044 3438 4098 denuntiav

1853 4137 2053 4191 tionem
2089 4150 2194 4188 non
2227 4133 2559 4202 corrigatur,
2595 4132 2675 4186 vel
2712 4133 2856 4201 quod
2912 4133 3083 4201 magis
3117 4141 3221 4197 est,
3267 4133 3432 4186 etiam

1852 4242 1918 4282 ex
1956 4227 2200 4282 Ecclesia
2247 4225 2727 4284 exterminabitur.
2779 4233 2836 4278 ut
2881 4224 2974 4293 qui
3027 4225 3292 4279 adversus
3337 4223 3434 4278 Dei

1851 4327 2141 4378 creaturas
2176 4316 2536 4385 blasphemet.
2575 4314 2631 4368 Si
2673 4327 2856 4369 autem
2904 4325 3125 4384 propter
3163 4316 3437 4370 exercita.-

1852 4411 2080 4473 tionem,
2112 4417 2163 4463 et
2195 4409 2486 4478 quamdam
2546 4407 2865 4477 religionem
2933 4408 3001 4462 ab
3053 4407 3122 4462 iis
3173 4407 3432 4471 abstinet,

1459 4539 1644 4600 Guili.
1689 4537 2015 4616 Beveregii
2053 4547 2240 4603 natm.

221 4674 342 4740 (τί)
384 4671 489 4722 Καὶ
522 4669 713 4737 κρεῶν
738 4669 836 4721 καὶ
861 4669 1053 4721 οἴνου.
1083 4667 1136 4720 lu
1159 4667 1387 4723 Joannis
1418 4669 1738 4740 Antioclieni

1857 4686 1973 4738 μων
2034 4663 2249 4731 τόύτοις
2311 4669 2688 4736 συναφθεισῶν
2757 4670 3038 4740 γυναικῶν
3111 4670 3429 4736 συνουσίας,

150 4737 495 4797 ColleCainne
529 4756 591 4792 ιιι
645 4739 735 4803 ‘29,
779 4742 884 4789 Καὶ
936 4740 1081 4790 οῐνου
1127 4741 1416 4792 omittitur.
1455 4740 1557 4791 Sed
1591 4737 1745 4792 Juse-

150 4819 297 4880 phus
358 4809 656 4878 Aﬁgyptius
690 4811 740 4861 in
771 4812 1002 4862 Alabicu
1052 4811 1371 4877 paraphrasi
1407 4808 1746 4880 lcgit,4vertit

147 4877 332 4946 enim,
370 4885 412 4934 A
447 4877 664 4943 nnptits,
700 4889 747 4930 et
777 4896 867 4932 esu
904 4881 1106 4941 carnis,
1141 4891 1188 4932 et
1234 4891 1360 4946 potu
1406 4879 1532 4942 cini,
1559 4877 1746 4933 Balsa-

151 4970 385 5007 mum-m
424 4967 660 5018 (IIIIHIUt‘,
697 4947 965 5003 Ztmat‘nm
996 4961 1042 5000 et
1081 4951 1395 5002 Arisletittm
1434 4949 1650 5015 Ιεμὶεδθ,
1679 4965 1748 5003 ex

147 5039 347 5078 eorum
393 5021 614 5073 sclmlixs
650 5031 702 5072 et
742 5020 900 5086 hujus
933 5020 1168 5086 epitnme
1199 5028 1434 5075 constat.

231 5093 353 5161 (75)
415 5093 759 5158 Βογόμιλοι.
818 5094 973 5141 Anno
1031 5091 1250 5142 circiter
1317 5089 1494 5154 1099,
1559 5091 1751 5144 Alexio

148 5166 448 5218 Continenti
484 5163 808 5228 imperante,
845 5169 965 5212 orta
1007 5170 1090 5212 cst
1137 5161 1539 5228 litigomilorum
1571 5163 1747 5214 haere-

149 5236 277 5297 sis;
340 5240 404 5282 de
429 5246 535 5298 qua
565 5227 653 5282 sic
688 5229 1143 5297 llarmenopnlus,
1198 5227 1262 5281 'H
1296 5228 1407 5282 τῶν
1427 5227 1747 5300 Βογομίὶων

149 5309 375 5372 αἵρεσις
399 5308 460 5372 ου
483 5300 807 5372 πρὸ-πίλλοῦ
829 5303 1060 5369 συνέστη
1078 5301 1175 5372 τῆς
1205 5301 1327 5354 καθ’
1350 5302 1496 5369 ἡμᾶς
1527 5304 1743 5369 γενεᾶς,

153 5367 331 5445 μέρος
359 5367 504 5445 οὖσα
525 5367 648 5437 τῆς
675 5372 786 5445 τῶν
812 5367 1187 5445 Μασμλιανὼν
1221 5374 1323 5445 xui
1346 5367 1740 5445 συμφερομένη

144 5442 250 5498 τί
282 5442 461 5493 πολλὰ
513 5446 625 5502 τοῖς
677 5443 901 5494 ἐκείνων
935 5442 1223 5510 δόγμασιν.
1282 5442 1614 5510 HarmeHOp.
1668 5442 1741 5496 De

141 5525 316 5570 sectis
363 5531 415 5565 c.
463 5514 551 5576 l9,
591 5513 626 5565 I.
661 5528 740 5574 ix,
768 5510 885 5566 Jur.
928 5510 1119 5566 Graeco
1154 5515 1310 5566 llom.
1365 5511 1536 5579 Hujus
1569 5517 1740 5567 inere-

147 5604 286 5640 διευς
316 5584 554 5636 convicti
597 5594 725 5636 sunt
755 5592 808 5636 et
832 5583 1184 5639 condemnati
1221 5583 1482 5638 Leontius
1527 5581 1739 5637 Balbis-

145 5672 253 5720 sae,
295 5667 350 5706 et
383 5655 635 5708 Clemens
657 5651 1060 5724 Sosandrorum
1094 5654 1412 5724 Inuunehus,
1448 5655 1502 5708 in
1536 5655 1743 5724 synodo

147 5729 266 5783 sub
315 5725 583 5780 Michaele
635 5726 946 5796 patriarcha
983 5723 1091 5780 (ΣΡ.
1137 5726 1355 5796 habita.
1393 5723 1449 5778 ιιι
1499 5723 1744 5796 synodali

146 5804 386 5851 decreto
442 5797 584 5848 inter
642 5795 768 5859 alia,
829 5811 1061 5865 quorum
1120 5795 1361 5849 accusati
1432 5808 1580 5858 sunt,
1651 5810 1747 5849 eos

143 5870 416 5925 duc-uisse
448 5868 714 5933 traditur,
751 5867 952 5935 ἀνδρας
983 5865 1286 5937 ἀπέχεσθαι
1314 5867 1414 5937 τῆς
1447 5865 1558 5920 τῶν
1591 5865 1747 5936 νομί-

1857 4741 2090 4808 κρέατός
2147 4756 2206 4792 τε
2263 4741 2357 4793 καὶ
2393 4742 2686 4807 γάλακτος.
2727 4743 2820 4794 καὶ
2867 4741 3070 4810 ἰχθύος,
3123 4740 3220 4794 κα)⁵
3261 4740 3429 4804 οἴνου,

1858 4811 1984 4878 ἄχρι
2029 4811 2239 4878 χρόνων
2290 4811 2458 4881 τριιῦν
2491 4813 2724 4880 ἀποχήν.
2756 4811 2974 4864 Editum
3009 4821 3090 4866 est
3129 4811 3228 4881 hoc
3263 4826 3430 4881 syno-

1862 4883 1983 4933 date
2008 4884 2281 4934 decretum
2307 4879 2336 4933 a
2375 4879 2557 4935 Leone
2587 4879 2807 4945 Allatio,
2838 4881 2892 4934 in
2936 4882 3083 4936 Eccl.
3114 4879 3350 4942 Orient..
3376 4892 3434 4935 et

1861 4951 2145 5021 chident.
2202 4965 2348 5019 perp.
2393 4966 2651 5004 eonsens.
2700 4954 2736 5006 Ι.
2798 4967 2858 5013 ιι,
2915 4967 3036 5021 cap.
3075 4950 3163 5012 12,
3197 4967 3249 5018 p.
3301 4951 3428 5010 674,

1865 5020 2018 5074 Unde
2056 5021 2394 5090 collegimus,
2425 5022 2729 5091 Bogomilos
2765 5035 2911 5078 reete
2943 5020 3031 5076 hic
3053 5041 3081 5074 a
3109 5022 3431 5075 Balsamone

1857 5093 2075 5161 citatos,
2119 5107 2239 5144 eSse
2294 5102 2554 5161 tanquam
2597 5106 2628 5149 a
2663 5094 2868 5159 nuptiis
2912 5107 3078 5146 carne
3108 5102 3161 5144 et
3192 5093 3314 5144 vino
3341 5092 3431 5144 διὰ

1858 5160 2148 5232 βδελυρίαν
2191 5160 2548 5232 abstinentes.
2582 5161 2885 5216 Primarius
2940 5164 3102 5232 hujus
3160 5162 3431 5216 haereseos

1856 5246 2033 5298 pra-co
2065 5231 2162 5282 fuit
2189 5231 2426 5286 Basilius
2455 5234 2674 5300 quidam
2723 5233 2989 5302 medicus,
3016 5231 3113 5302 qui
3139 5241 3425 5302 propterea

1852 5303 1903 5352 in
1935 5305 2148 5355 theatro
2173 5312 2402 5357 exustus
2430 5315 2533 5366 est,
2577 5315 2636 5356 ut
2677 5302 2845 5357 refert
2873 5301 3113 5358 Zonaras
3140 5301 3195 5356 in
3255 5301 3426 5357 Alaxii

1849 5369 1992 5425 Hist.
2038 5382 2170 5425 Iern.
2232 5372 2328 5436 ιιι,
2362 5389 2414 5440 p.
2466 5373 2594 5436 238,
2649 5373 2683 5426 Ι.
2719 5389 2884 5439 xxxv,
2938 5383 3045 5427 etc.
3096 5374 3227 5427 edit.
3262 5371 3426 5425 Wolf.

1849 5441 2015 5495 Basil.
2079 5443 2238 5496 1557.
2297 5447 2412 5508 Qun
2452 5441 2827 5496 Balsamonem
2862 5458 3078 5513 quoque
3124 5446 3430 5511 respexisse

1845 5513 2080 5578 videtur,
2109 5515 2201 5585 ubi
2230 5513 2305 5565 ait
2337 5531 2351 5566 :
2385 5513 2477 5584 Μὴ
2508 5513 2638 5582 γοῦν
2687 5514 2999 5585 θαυμάσῃς,
3037 5516 3120 5567 ὅτι
3159 5514 3218 5585 ἐν
3273 5514 3430 5585 Κων-

1848 5583 2291 5635 σταντινουπόλει
2346 5583 2563 5645 σύνοδος
2596 5585 2690 5636 ἐπὶ
2728 5585 2837 5637 τῶν
2873 5583 3100 5654 ἡμερῶν
3133 5583 3228 5636 τοῦ
3259 5584 3428 5652 ἁγιω-

1847 5655 2016 5705 τάτου
2068 5657 2415 5724 πατριάρχου
2461 5656 2653 5724 κυρίου
2686 5655 2908 5724 Μιχαὴλ
2967 5655 3062 5706 τοῦ
3108 5654 3287 5724 Ὀξε-ιτ
3314 5671 3327 5685 ο
3357 5655 3428 5706 δι-

1850 5725 2011 5796 έγνω,
2064 5728 2158 5777 καὶ¹
2186 5719 2455 5796 ἐπέτρεψε
2505 5719 3163 5795 καυθῆναζΒόγομίλους.
3189 5719 3331 5796 B'als.
3371 5726 3424 5784 in

1851 5794 2012 5867 ijliot.
2045 5811 2262 5867 nomoe.
2301 5793 2467 5862 Iit.'8,
2496 5811 2546 5852 c.
2584 5793 2685 5864 25,
2715 5812 2768 5867 p.
2801 5798 2927 5865 979,
2957 5793 3220 5852 Βιωὶοιιι.
3269 5793 3423 5858 Juris

1851 5865 2110 5922 Catienici
2133 5866 2326 5924 Justel.
