4186 6438
157 419 255 478 149

1404 422 1483 482 1N
1526 423 1692 481 CAN.
1740 421 1860 480 LVI
1899 427 2150 488 Al‘US'l‘.

3309 433 3408 498 150

149 530 308 581 τοοεν
332 530 753 596 ἀνεπιλήπτους,
776 529 863 578 ἵνα
896 533 968 596 μὴ
993 529 1060 580 δι’
1105 530 1303 588 αὐτοὺς
1337 531 1726 599 βλασφημῆται

1844 544 1956 589 tos:
2005 554 2070 590 ne
2124 549 2342 606 propter
2392 542 2540 606 ipsos
2583 555 2776 594 nomen
2820 540 2910 594 Dei
2947 543 3298 610 vituperetur.
3348 551 3404 598 In

150 618 213 668 τὸ
243 619 423 686 ὄνομα
453 619 548 670 τοῦ
575 619 732 671 Θεοῦ·
755 619 816 670 τὸ
851 621 906 671 δὲ
933 621 989 670 ἐν
1034 621 1316 690 καπηλείῳ
1345 622 1570 674 εἰσιέναι
1618 623 1730 690 βίον

154 708 403 776 ἄσεμνον
455 707 601 776 ἔχειν
659 711 786 771 τοὺς
831 710 962 761 αὑτὸ
995 711 1282 773 ποιοῦντας
1339 713 1602 777 δείκνυσι⁹
1639 717 1732 766 καὶ

154 800 215 849 οὑ
250 799 385 868 περὶ
413 799 615 868 βρῶσιν
654 801 747 853 καὶ
782 803 941 854 πόσιν
973 803 1146 872 μόνην
1175 803 1498 872 διεφθάρθαι
1549 807 1732 868 αὐτοῖς

152 891 220 941 τὰ
241 891 373 960 ἤθη,
401 891 533 945 ἀλλὰ
569 894 664 946 καὶ
712 893 840 963 περὶ
873 895 971 964 τὴν
1014 895 1182 964 ἄλλην
1215 898 1394 949 πᾶσαν
1431 898 1729 966 διαγωγήν.

154 979 442 1048 Ἀσέμνιυν
468 981 576 1052 γὰρ
605 982 815 1051 ἀνδρῶν
840 1000 898 1034 τε
926 985 1314 1049 καὶγυναικῶν
1342 987 1400 1038 ἐν
1423 987 1533 1045 τοῖς
1554 1003 1735 1053 καπη-

154 1070 324 1132 λείοις
359 1063 773 1141 συναγομένων,
800 1075 827 1125 6
865 1073 1075 1136 τούτοις
1130 1076 1732 1146 συναναστρεφόμενος,

151 1164 254 1215 οὑκ
283 1164 586 1231 ἀμὲθεκτος
616 1166 768 1220 ἔσται
791 1167 889 1234 τῆς
913 1167 1135 1219 ἐκείνων
1164 1167 1380 1228 κακίας.
1415 1170 1735 1236 Φθείρουσι

156 1257 268 1325 γὰρ
327 1255 446 1324 ἤθη
475 1259 715 1325 χρηστὰ
748 1261 973 1327 ὁμιλίαι
1002 1264 1201 1315 κακαί.
1257 1261 1351 1315 Διὸ
1383 1261 1736 1331 ἀφορίζεσθαι

152 1343 284 1404 τοὺς
311 1344 595 1408 τοιούτους
637 1346 936 1418 κληρικοὺς
971 1351 1348 1405 διακελεύεται
1384 1353 1412 1404 6
1450 1350 1652 1404 κανώνο
1687 1352 1737 1404 εί

153 1435 208 1484 δὲ
230 1433 536 1504 ὁδοιπορῶν
565 1437 594 1488 6
624 1438 908 1509 κληρικδς,
970 1443 1067 1495 καὶ
1103 1445 1180 1514 μὴ
1238 1444 1376 1513 ἔχων
1409 1443 1538 1497 ἔνθα
1569 1460 1738 1497 κατα-

150 1523 328 1585 λύσει,
357 1526 605 1581 τουτέστι
671 1531 841 1602 μονὴν
895 1535 1184 1603 ποιήσεται
1232 1536 1327 1590 καὶ
1374 1535 1739 1589 διαναπαύσε·

151 1632 262 1673 ται,
300 1616 360 1680 ἐξ
389 1617 636 1688 ἀνάγκης
669 1624 751 1684 είς
783 1625 1100 1694 πανδοχεῖον
1123 1626 1369 1698 εἰσέλθῃ,
1399 1627 1647 1690 ἀναίτιος
1671 1629 1737 1680 ἂν

154 1707 242 1776 εἴη
304 1712 400 1760 καὶ
448 1711 820 1782 ἀτιμώρητος.
879 1717 952 1771 Τὸ
1003 1719 1136 1772 αὑτό
1187 1736 1321 1788 φησι
1379 1720 1471 1774 καὶ
1522 1722 1550 1774 6
1595 1721 1740 1773 είκο-

156 1798 284 1861 στὺς
315 1801 580 1872 τέταρτος
624 1807 721 1875 τῆς
748 1808 808 1861 ἐν
844 1810 1139 1882 Λαοδικείᾳ
1169 1812 1386 1866 συνόδου
1413 1814 1616 1878 κανὼν,
1642 1816 1739 1868 καὶ

151 1888 179 1938 6
206 1896 646 1962 τεσσαρακοστὸς
669 1897 766 1967 τῆς
804 1899 861 1952 ὲν
891 1901 1240 1976 Καρθαγέιῃ.
1664 1893 1669 1899 ’

148 1981 380 2036 ΑΡΙΣΤ.
446 1985 505 2038 '0
574 1987 715 2055 δίχα
807 1990 919 2055 τῆς
977 1993 1128 2046 κατὰ
1198 1995 1401 2062 τρίϐον
1464 1995 1737 2063 ἀνάγκης

215 2077 513 2143 κληρρκὸς
566 2080 652 2144 εις
681 2082 1012 2148 καπηλεῖον
1059 2085 1280 2138 ἐσθίων
1307 2086 1678 2156 ἀφοριστέος.
1757 2126 1769 2149 ι

238 2168 303 2218 Ὀ
334 2170 651 2239 παροδεύων
674 2173 958 2243 κληρικὸς,
988 2177 1036 2228 εί
1067 2177 1134 2229 δι’
1158 2177 1408 2248 ἀνάγκην
1439 2181 1736 2234 καταλύσει

153 2264 234 2324 αἶς
259 2263 594 2329 πανδοχεῖον,
657 2267 1051 2332 συγγνωστέος·
1091 2273 1116 2322 6
1143 2270 1198 2323 δὲ
1229 2273 1397 2340 χωρὶς
1475 2275 1739 2327 πεοιστὰ·

154 2371 300 2416 σεως
324 2354 404 2416 είς
440 2355 735 2424 καπηλεῖον
760 2359 958 2412 ἐσθίων
986 2360 1332 2430 ἀφοριστέος.

755 2561 995 2614 ΚΔΝΩΝ
1027 2562 1155 2618 NE'.

150 2665 222 2717 El
244 2684 338 2732 τις
366 2669 656 2736 κληρικὸς
707 2674 938 2740 ὑϐρίσει
982 2678 1087 2729 τὸν
1133 2677 1494 2744 ἐπίσκοπον,
1541 2684 1741 2735 καθαι-

218 2762 465 2827 ρείσθω.
506 2765 796 2834 Ἄρχοντα
825 2769 936 2838 γὰρ
971 2771 1078 2824 τοῦ
1099 2772 1254 2826 ⁸ῑιιοῦ
1295 2788 1412 2827 σου
1434 2776 1544 2829 οὐκ
1587 2775 1740 2844 ἐρεῖς

227 2869 451 2920 κακως.

739 2956 1155 3055 κΑΝοΝῆτςν.

149 3093 224 3144 Εἴ
259 3111 349 3158 τις
371 3095 657 3162 κληρικές
675 3099 901 3166 ὑϐρίσει
925 3105 1334 3174 πρεσίύτερω·
1371 3109 1404 3175 ἢ
1430 3108 1738 3180 διάκονον,

764 3191 1156 3258 ἀφοριζέσθω.

229 3295 433 3350 ΒΑΑΣ.
494 3300 557 3352 Ol
609 3301 779 3355 διττοὶ
827 3306 1053 3371 κανόνες
1111 3304 1257 3364 οὗτοι
1293 3317 1319 3366 6
1354 3323 1427 3369 γε’
1483 3319 1577 3370 καὶ
1606 3318 1742 3383 ὀνς¹

155 3386 450 3448 κολάζουσι
472 3391 600 3452 τοὺς
619 3392 878 3462 ὑϐριστὰς
901 3397 1220 3467 κληρικούς⁸
1243 3405 1355 3456 ἀλλ’
1381 3407 1408 3458 6
1430 3409 1526 3476 μὲν
1546 3409 1617 3462 νε¹
1640 3429 1740 3464 κα-

155 3477 474 3546 θαιρεῖσθαι
502 3498 634 3549 φησι
656 3483 746 3535 τὸν
765 3485 1026 3554 κληρικὸν
1049 3490 1138 3541 τὸν
1159 3491 1454 3562 ὑϐρίσαντα
1473 3499 1563 3551 τὸν
1589 3501 1743 3554 ἐπίσ-

155 3585 359 3660 κοπον·
381 3569 408 3620 6
427 3569 481 3623 δὲ
507 3569 594 3635 νς¹
619 3573 1292 3650 ἀφορίζεσθαιδιορίζεται
1322 3586 1412 3637 τὸν
1447 3588 1742 3660 ὑϐρίσαντα

156 3659 430 3755 κληρικδν
449 3664 866 3737 πρεσϐύτερονῆ
887 3670 1152 3737 διάκονον,
1171 3676 1386 3742 πάντως
1404 3659 1562 3735 διὰτὸ
1578 3685 1742 3755 τιμὴν

158 3750 395 3804 πλείονα
425 3759 815 3823 χρεωστετσθαι
846 3760 924 3831 τῷ
943 3765 1246 3835 ἐπισκόπῳ.
1280 3770 1355 3828 ,οί
1391 3775 1491 3841 μὲν
1522 3750 1744 3841 κανόνες

158 3841 321 3893 οὕτω
363 3843 634 3912 διαιροῦσι
683 3847 782 3916 τὴν
821 3853 1096 3923 τιμωρίαν
1136 3857 1246 3909 τῶν
1297 3859 1570 3930 ὑϐριστῶν
1609 3866 1744 3936 κλη-

158 3931 363 3998 ρικῶν.
384 3931 442 3986 ’0
455 3933 511 3986 δὲ
531 3937 802 4002 πολιτικὸς
836 3941 998 4010 νόμος
1018 3946 1191 4001 πάντα
1220 3949 1481 4023 ὑϐριστὴν
1517 3931 1745 4024 ἀτιμού-

158 4025 628 4121 σθαιδᾉιορίςεται,
649 4031 747 4082 σὺν
763 4031 840 4102 τῷ
852 4033 1048 4088 διδόναι
1062 4041 1154 4092 καὶ
1168 4059 1271 4112 χρη
1281 4046 1516 4115 ματικὴν
1531 4051 1740 4121 ποινήν.

154 4116 394 4211 Νομίζω
418 4115 509 4171 οὖν
525 4121 681 4211 δτιτῇ
703 4124 895 4196 ἀτιμίᾳ
913 4128 1268 4186 ἐπακολουθεῖ
1289 4137 1380 4188 καὶ
1403 4115 1741 4211 καθαίρεσις.

149 4272 161 4292 1
230 4210 486 4268 ΖΩΝΔΡ.
515 4210 581 4266 Οἱ
639 4215 738 4284 μὲν
770 4218 1045 4290 ἀρχιερεῖς
1098 4225 1178 4287 είς
1224 4225 1395 4280 τύπον
1443 4210 1595 4294 ὄντες
1647 4233 1743 4288 τοῦ

157 4301 381 4394 Ῑὲινρίου
414 4303 572 4394 ημῶν
600 4304 799 4394 ,Ἰησοῦ
818 4310 1079 4378 Χριστοῦ,
1121 4315 1217 4368 καὶ
1262 4319 1472 4389 κεφαλὴ
1511 4321 1605 4375 τοῦ
1645 4324 1746 4394 τῆς

171 4390 513 4460 Ἐκκλησίας
545 4392 798 4465 σώματος
823 4399 1192 4471 λογιζόμενοι,
1243 4410 1337 4460 καὶ
1378 4411 1623 4476 πλείονος
1662 4390 1742 4467 τί-

158 4482 275 4590 μῖἱς
305 4483 642 4596 είσιέἑξιοι.
682 4488 775 4540 Διὸ
799 4491 943 4543 καὶὸ
970 4494 1266 4565 ἐνυϐρίσας
1310 4499 1494 4564 αὑτοῖς
1549 4504 1742 4560 καθαι-
1772 4539 1818 4596 D

157 4575 370 4643 ρεῖται.
403 4573 466 4627 Οἱ
489 4577 546 4628 δὲ
568 4579 938 4651 πρεσϐύτεροι
968 4585 1064 4637 καὶ
1114 4586 1352 4642 διάκονοι
1407 4593 1605 4663 χειρῶν
1636 4596 1742 4649 σώ-

155 4664 357 4729 ζοντες
397 4667 590 4734 τύπον,
640 4670 717 4732 ὡς
771 4671 838 4725 δι’
882 4674 1065 4728 αὐτῶν
1121 4677 1221 4742 τὰς
1283 4681 1742 4754 ἐκκλησιαπικάς

155 4754 470 4825 διοικήσεις
531 4760 882 4828 ἐνεργοῦντος
937 4765 1032 4818 τοῦ
1089 4768 1426 4839 ἐπισκόπου,
1481 4778 1742 4846 τιμᾶσθαι

157 4847 547 4941 μὲν-κάκεῖνοι
597 4850 760 4918 ἄξιοι,
793 4855 892 4924 οὑχ
919 4855 995 4918 ὡς
1035 4858 1064 4910 6
1096 4859 1392 4928 ἐπίσκοπος
1439 4865 1517 4920 δέ’
1547 4870 1608 4922 οὑ
1641 4873 1742 4941 γὰρ

155 4938 511 5030 δμοίωςΔτῆς
539 4943 786 5013 κεφαλῆς
816 4948 910 5030 καὶ
952 4948 1060 5001 τῶν
1109 4954 1307 5021 χειρῶν
1361 4938 1740 5030 ἐπιμελητέον·

275 5027 308 5077 6
337 5026 566 5098 ὑϐρίσας
596 5033 794 5097 αὑτοὺς
822 5029 984 5107 ἦττον
1009 5037 1316 5109 κολάζεται,
1354 5026 1513 5115 μόνον
1547 5026 1742 5122 ἀτρορι-

159 5117 414 5188 ςόμενος.

759 5219 1002 5276 ΚΑΝΩΝ
1036 5224 1162 5281 ΝΕ’.

157 5300 390 5357 ΑΡΙΣΤ.
411 5302 673 5374 Ὺΰρίζων
701 5309 1041 5368 ἐπίσκοπον
1065 5318 1353 5389 “masc
1369 5325 1745 5393 καθαιρεῖται.

741 5485 982 5541 κΑΝοΝ
1032 5489 1175 5561 Nq'.

221 5570 643 5639 Πρεσϐύτερον
671 5574 708 5644 ἣ
739 5575 1023 5636 διάκονον
1044 5585 1296 5655 ὑϐρίζων
1313 5589 1664 5659 ἀφορίζεται.

245 5813 291 5843 ’⁸
324 5813 494 5871 lCor.
523 5831 612 5880 xv,
645 5819 732 5875 33.

1835 637 2133 690 cauponam
2168 637 2350 679 autem
2405 628 2635 697 ingredi,
2670 630 3003 684 demonstrat
3056 632 3154 686 hoc
3189 646 3404 701 agentes

1836 717 2175 771 inhonestam
2239 719 2404 771 vitam
2456 721 2654 776 ducere
2716 737 2730 775 :
2777 736 2951 790 neque
3009 732 3214 776 tantum
3263 726 3402 776 circa

1835 809 2035 872 cihum,
2063 821 2354 879 potumque
2380 823 2660 881 corruptos
2690 815 2818 880 ipsis
2847 827 3025 868 mores
3045 829 3187 878 esse,
3218 831 3402 868 verum

1835 901 1995 952 etiam
2027 902 2167 955 circa
2197 918 2413 957 omnem
2469 904 2628 957 aliam
2681 906 2890 960 vivendi
2939 908 3401 961 consuetudinem.

1839 990 1973 1045 Nam
2013 1033 2026 1053 ,
2063 1007 2184 1046 cum
2239 994 2550 1062 promiscue
2617 996 2882 1049 confluant
2939 997 2989 1048 in
3022 1011 3320 1064 cauponam
3352 1005 3404 1048 rt

1838 1083 2101 1138 inhonesti
2138 1085 2233 1140 viri
2273 1097 2328 1140 et
2384 1086 2679 1142 inhooestze
2712 1087 2983 1148 mulieres,
3035 1089 3126 1155 qui
3167 1103 3290 1141 cum
3325 1097 3405 1138 ta-

1838 1174 1978 1228 lihus
2031 1188 2378 1233 conversatur
2432 1195 2616 1235 eorum
2667 1180 3014 1248 turpitudinis
3061 1195 3254 1248 expers
3304 1197 3405 1231 non

1837 1269 1941 1322 erit
1982 1285 1994 1322 :
2029 1267 2175 1322 Mala
2212 1285 2402 1338 nempe
2435 1272 2693 1341 colloquia
2725 1283 3063 1339 corrumpunt
3100 1273 3260 1324 bonos
3307 1289 3431 1323 mo-.

1838 1375 1917 1412 res
1941 1361 2008 1414 ".
2034 1357 2155 1412 Ideo
2179 1375 2348 1414 canon
2370 1361 2518 1430 juliet
2546 1361 2844 1417 istiusmodi
2867 1361 3093 1416 clericos
3115 1364 3406 1430 segregari.

1838 1449 1989 1516 Quod
2024 1451 2066 1504 si
2092 1451 2320 1507 clericus
2345 1453 2445 1506 iter
2472 1451 2696 1514 faciens,
2730 1468 2828 1507 nec
2858 1454 3064 1507 habens
3091 1468 3197 1522 quo
3224 1453 3404 1507 diver-

1842 1551 1918 1597 tat
1969 1543 2116 1614 (hoc
2149 1553 2234 1599 est
2257 1585 2271 1610 ,
2299 1544 2630 1599 mansionem
2680 1544 2841 1600 faciat
2871 1586 2885 1608 ,
2927 1555 2982 1600 et
3013 1546 3316 1614 quiescat),
3354 1544 3407 1598 in

1840 1651 2140 1706 cauponam
2172 1649 2284 1691 tum
2308 1652 2406 1706 per
2431 1638 2806 1692 necessitatem
2838 1637 2905 1690 sit
2937 1637 3229 1706 ingressus,
3251 1635 3408 1704 culpa

1841 1737 2015 1793 vacat,
2050 1743 2150 1783 nec
2183 1727 2448 1784 obnoxius
2477 1737 2560 1784 est
2591 1727 2680 1782 ulli
2711 1742 2901 1796 parum:
2942 1726 3076 1780 Dicit
3111 1728 3209 1781 hoc
3245 1729 3408 1781 etiam

1844 1821 2135 1874 vicesimus
2167 1830 2394 1888 quartus
2419 1835 2592 1874 canon
2619 1819 2810 1892 synodi
2840 1819 3149 1883 Laodicmm,
3179 1827 3232 1873 et
3281 1834 3409 1888 qna-

1843 1909 2180 1975 dragesimus
2201 1910 2388 1980 synodi
2414 1908 2856 1978 Carthaginensis

1839 2000 2066 2058 ARIST.
2115 2002 2345 2058 Clericus
2387 2003 2475 2070 qui
2518 2000 2708 2068 absque
2765 2003 2962 2075 itineqis
3004 1991 3308 2056 necessitate
3359 1985 3430 2054 iul

1958 2099 1983 2122 ⁸
2009 2110 2248 2161 caupona
2279 2094 2525 2158 comedit,
2553 2094 3074 2146 excommunicaudus
3110 2101 3206 2145 est.
3353 2149 3367 2176 τ

1909 2184 2123 2241 Clerico
2154 2189 2254 2240 iter
2285 2187 2525 2251 facienti,
2578 2186 2622 2240 si
2677 2186 2728 2239 in
2781 2185 3142 2239 diversorium
3197 2193 3413 2252 propter

1840 2279 2218 2331 necessitatem
2255 2279 2514 2340 divertit,
2545 2277 2925 2346 ignoscendum
2981 2278 3246 2353 ρει-ξ’(ιυί
3298 2277 3414 2327 sine

1841 2370 1930 2424 illa
1964 2381 2143 2424 autem
2185 2371 2587 2424 circumstantia
2615 2372 2669 2425 in
2704 2385 2943 2438 caupona
2982 2369 3287 2439 manducat,
3320 2384 3413 2421 ex-
3460 2392 3467 2406 ο

1841 2464 2344 2519 communicandus.
2458 2453 2462 2456 ’
3223 2459 3232 2486 ¹

2371 2575 2476 2645 37
2511 2574 2740 2630 CANON
2773 2572 2881 2628 ω’.

1841 2689 1899 2745 Si
1919 2691 2035 2758 quis
2062 2691 2280 2745 clerirus
2316 2693 2616 2756 episwpum
2648 2690 2960 2743 contumelia
3010 2691 3262 2758 aﬂeceritt
3287 2729 3299 2748 ,
3327 2689 3415 2739 dir-

1915 2794 2142 2838 oonatur
2170 2799 2189 2837 :
2224 2784 2443 2851 uriucipi
2465 2783 2600 2836 enim
2626 2784 2806 2852 populi
2843 2783 2921 2836 tui
2965 2797 3068 2836 non
3114 2781 3413 2835 maledices.

2434 2984 2666 3042 CANON
2706 2983 2842 3039 LVI.

1847 3101 1905 3157 Si
1935 3104 2048 3170 quis
2080 3103 2297 3155 clericus
2354 3102 2709 3168 presbyterum
2764 3099 2840 3153 vel
2883 3097 3192 3152 diaconuml
3219 3095 3417 3164 injuria

2315 3196 2567 3264 olfecerit,
2602 3201 2914 3262 segregetur.

1915 3311 2113 3367 BALS.
2143 3309 2204 3362 lli
2239 3311 2341 3360 duo
2377 3321 2611 3360 canones
2644 3304 2714 3358 55
2745 3315 2797 3357 et
2822 3303 2888 3357 56
2923 3302 3156 3370 puniunt
3194 3300 3417 3364 injurin-

1846 3421 1937 3461 sos
1977 3404 2202 3456 clericos
2243 3419 2255 3454 :
2298 3399 2388 3452 sed
2421 3399 2489 3451 55
2533 3396 2663 3451 dicit
2710 3394 3080 3465 deponendum
3135 3392 3416 3449 clericum,

1846 3496 1935 3565 qui
1965 3479 2271 3561 episcopum
2331 3488 2523 3556 injuria
2570 3484 2779 3540 affecit.
2827 3484 2894 3538 56
2953 3490 3129 3536 autem
3178 3479 3420 3535 decernit

1846 3584 2237 3654 segregandum
2299 3579 2576 3641 clericum,
2607 3576 2697 3646 qui
2748 3575 3138 3645 presbyterum,
3176 3571 3254 3625 vel
3308 3571 3420 3661 dia-

1845 3691 2038 3731 conum
2072 3673 2262 3743 injuria
2294 3669 2470 3724 atl‘ecit
2508 3687 2520 3723 :
2559 3668 2716 3737 idque
2752 3667 2878 3737 quia
2935 3665 3186 3733 episcopo
3249 3661 3421 3728 major

1848 3770 2021 3824 honor
2045 3766 2290 3819 debetur.
2325 3764 2574 3816 Canones
2595 3760 2810 3829 quidem
2837 3757 2916 3812 sic
2938 3756 3183 3809 dividunt
3217 3754 3419 3820 suppli-

1846 3861 1987 3914 cium
2022 3857 2364 3912 insolentium
2405 3853 2749 3909 clericorum.
2790 3848 2884 3903 Jus
2919 3863 3096 3904 autem
3130 3847 3290 3902 civile
3317 3845 3413 3899 de-

1848 3951 1984 4014 finit,
2017 3947 2275 4018 [quemvis
2330 3945 2579 4011 iniuriam
2638 3941 2918 3996 facientem
2974 3939 3144 3994 notari
3197 3936 3417 3991 infamia

1846 4053 2044 4111 praeter
2069 4055 2280 4108 poenam
2315 4037 2705 4105 pecuniariam.
2742 4034 3003 4088 Existimo
3047 4041 3225 4085 autem
3275 4030 3417 4098 quod

1846 4133 2122 4188 infamiam
2153 4130 2395 4198 sequitur
2421 4129 2582 4181 etiam
2609 4125 2896 4195 depositio.
2985 4165 2990 4172 .
3058 4111 3065 4115 6

1918 4220 2170 4277 ZONAR.
2203 4219 2492 4275 Pontifices
2514 4219 2567 4271 in
2593 4227 2773 4286 typum
2820 4214 3032 4269 Domini
3078 4213 3248 4268 nostri
3291 4214 3418 4268 Jesu

1845 4315 2047 4371 Christi
2073 4313 2417 4373 exsistentes,
2441 4320 2495 4365 et
2524 4317 2686 4377 caput
2715 4306 2981 4372 Ecclesiae.
3014 4305 3256 4374 corporis
3305 4305 3422 4357 exi-

1846 4404 2072 4471 stimati,
2109 4402 2312 4470 majore
2341 4403 2504 4457 etiam
2558 4410 2684 4454 sunt
2728 4400 2931 4452 honore
2973 4397 3138 4465 digni.
3176 4395 3436 4465 Quapro—"

1847 4507 1984 4568 pter,
2023 4499 2113 4566 qui
2139 4496 2340 4566 aliquid
2375 4495 2428 4549 iu
2466 4494 2562 4548 hos
2593 4493 2703 4563 agit
2735 4488 3146 4554 contumeliose,
3192 4487 3419 4568 deponis

1851 4565 1958 4645 tur.
1995 4565 2304 4657 Presbyteri
2338 4599 2467 4639 vero
2491 4625 2505 4646 ,
2533 4593 2588 4638 et
2652 4583 2862 4636 diaconi
2915 4595 3171 4635 manuum
3233 4565 3423 4652 typum'

1848 4691 2098 4750 gerentes
2126 4681 2244 4748 (per
2273 4691 2434 4746 quos,
2477 4683 2533 4729 ut
2565 4690 2658 4744 per
2684 4687 2888 4738 manus,
2917 4670 3207 4741 episcopus
3241 4669 3416 4722 admi-

1848 4771 2204 4825 nistrationes
2249 4777 2468 4822 exercet
2525 4766 2923 4822 ecclesiasticas
2959 4763 2977 4831 )
3014 4772 3068 4817 et
3116 4762 3168 4816 hi
3203 4759 3415 4828 quidem

1847 4862 1993 4932 digni
2043 4871 2169 4916 sunt
2227 4858 2532 4914 honorari:
2592 4873 2701 4911 non
2768 4866 2947 4910 tamen
2996 4863 3055 4909 ut
3092 4854 3414 4922 episcopum

1847 4969 1946 5009 nec
1970 4954 2112 5007 enim
2155 4951 2366 5019 capitis,
2423 4960 2474 5004 et
2503 4963 2755 5002 manuum
2816 4960 2951 5001 cura.
3006 4943 3256 4999 similiter
3319 4943 3418 4995 ha-

1847 5045 2019 5100 benda
2052 5051 2152 5098 est.
2177 5043 2518 5108 Quapropter
2543 5039 2635 5108 qui
2667 5036 3093 5093 coiitumeliosus
3126 5033 3211 5086 his
3232 5031 3414 5092 ftierii,

1849 5136 2030 5191 minus
2051 5134 2288 5204 punitur,
2311 5133 2378 5188 a'n
2395 5132 2621 5187 aliorum
2641 5137 2906 5184 conventu
2922 5126 3093 5183 solum
3113 5131 3414 5192 separatus.

2445 5219 2670 5277 CANON
2697 5219 2804 5275 LV.
3373 5217 3384 5228 ’

1851 5315 2074 5373 ARIST.
2096 5314 2325 5371 Clericus
2345 5316 2640 5384 episcopum
2668 5309 2982 5365 contumelia
3007 5308 3227 5376 afﬁciens
3263 5305 3417 5371 depol

2543 5405 2708 5457 uitur.
2906 5446 2911 5451 .

2421 5492 2649 5549 CANON
2688 5492 2822 5547 LVI.

1846 5595 2214 5665 Presbyterum
2264 5590 2339 5646 cel
2374 5590 2649 5642 diaconum
2677 5585 2993 5641 contumelia
3032 5586 3255 5655 aﬂicieus
3327 5597 3413 5634 ex-

2413 5689 2844 5733 communicatur.
