4222 6460
795 465 889 530 ΠΙ

2031 462 2129 519 ΤΠ
2144 462 2309 520 EOD.
2358 461 2761 520 BALSAMON

3944 459 4047 520 17?.

788 596 906 650 pter
942 580 1151 635 Domini
1183 589 1235 634 et
1267 578 1574 632 Servatoris
1601 577 1767 629 nostri
1799 572 1924 629 Jesu
1958 574 2157 629 Christi
2186 615 2199 635 ,
2240 590 2337 640 qtta

2460 573 2547 626 διὰ
2580 572 2676 642 τὴν
2707 574 2800 626 τοῦ
2832 575 3038 643 Κυρίου
3073 575 3166 627 καὶ
3196 576 3449 645 Σωτῆρος
3479 576 3637 644 ἡμῶν
3683 572 3860 643 Ἰησυῦ
3905 575 4047 642 Χρε-

786 682 869 725 est
897 671 948 724 iu
1005 670 1259 723 universo
1307 667 1550 727 Ittttndu,
1609 664 1843 718 la-titiam
1900 671 1952 715 et
2007 660 2358 715 resurrectio-

794 776 913 814 nem
950 775 965 812 :
1002 771 1051 812 et
1087 757 1341 826 quoniam
1372 755 1502 808 illud
1541 756 1752 820 quidem
1787 751 1969 805 moudi
2025 749 2225 815 opilicii
2277 756 2361 799 est

1354 845 1465 896 hrcc
1552 856 1684 895 vero
1757 840 2191 897 resurrcrtiOnis,
2278 835 2360 889 vel

784 846 1229 901 commemm-atiu
1261 884 1275 907 ,

786 940 962 1007 potius
1019 935 1436 989 reformationis.
1488 932 1601 987 L‘uo
1645 942 1821 985 autem
1875 944 2068 998 magno
2098 927 2356 991 Sahhato,

782 1042 888 1095 quo
920 1025 1128 1077 Domini
1169 1039 1365 1091 corpus
1399 1025 1647 1075 exanime
1706 1021 1758 1073 iu
1807 1021 2052 1088 sepulcro
2096 1016 2355 1086 jaeebat,

782 1118 1023 1186 jejnuarc
1054 1115 1189 1182 jussi
1222 1129 1445 1166 sumus:
1477 1115 1628 1181 juxta
1687 1126 1868 1163 vocem
1927 1108 2135 1163 Domini
2172 1107 2357 1161 dicen-

783 1220 911 1271 lem,
947 1205 1157 1276 quando
1195 1205 1405 1257 ablatus
1445 1206 1506 1256 ab
1537 1207 1609 1257 eis
1647 1205 1804 1273 fuerit
1840 1219 2083 1270 sponsus,
2114 1209 2242 1254 tunc
2270 1201 2357 1269 je-

779 1300 1074 1369 juuabunt.
1120 1298 1218 1362 Qui
1244 1312 1372 1367 ergo
1403 1306 1598 1364 praeter
1626 1296 1737 1348 haec
1774 1296 1924 1359 facit,
1958 1294 2001 1346 si
2033 1303 2113 1347 est
2138 1292 2351 1361 quidem

782 1396 1032 1460 clericus,
1066 1394 1364 1462 deponatur
1396 1408 1411 1446 :
1450 1395 1533 1443 sin
1566 1400 1744 1442 autem
1794 1388 1985 1451 laicus,
2019 1394 2353 1455 segregetur.

780 1487 976 1556 [Excipe
1003 1496 1181 1539 autem
1217 1484 1343 1537 tnihi
1379 1484 1589 1535 divinos
1622 1481 1827 1542 Patres,
1863 1482 1952 1549 qui
2009 1488 2227 1548 propter
2259 1492 2354 1530 ex-

779 1578 1151 1632 ercitationem
1194 1588 1575 1641 nonnunquam
1629 1570 1874 1639 jejuuant
1908 1570 2068 1624 etiam
2113 1570 2195 1622 his
2243 1568 2355 1621 die-

783 1672 879 1722 Ims
914 1685 925 1720 :
960 1667 1008 1720 hi
1044 1668 1185 1720 enim
1217 1680 1321 1719 non
1381 1660 1906 1717 condemnahuntur.
1954 1658 2143 1725 Qumre
2189 1657 2350 1711 etiam

783 1768 1094 1812 sanctorum
1134 1754 1502 1823 apostolorum
1533 1768 1651 1804 can.
1691 1752 1750 1804 5l
1782 1759 1833 1803 et
1877 1750 1963 1804 5'5.

845 1846 1095 1902 ZON.\R.
1150 1845 1297 1897 Bona
1350 1842 1565 1912 quidem
1616 1856 1699 1895 res
1745 1850 1825 1894 est
1866 1839 2149 1907 jejunium.
2206 1836 2351 1893 BOua

777 1956 900 1994 vero
935 1943 1067 1993 liene
1098 1940 1250 1991 liaut.
1283 1936 1338 1989 Si
1371 1936 1492 2003 quis
1525 1945 1702 1987 autem
1751 1932 2060 1987 sanctiones
2093 1931 2350 2001 apostoli-

777 2050 888 2095 eas,
919 2044 1008 2085 aut
1037 2040 1344 2084 sanctorum
1398 2028 1614 2080 Patrum
1650 2026 2051 2094 transgrediens
2102 2024 2346 2093 jejunet,

776 2127 976 2185 audiet,
1009 2124 1148 2189 quod
1186 2123 1382 2173 houum
1410 2121 1477 2172 sit
1518 2134 1621 2171 non
1651 2119 1846 2171 houum
1874 2156 1889 2179 ,
1934 2131 1999 2170 eo
2048 2116 2188 2185 quod
2242 2130 2346 2168 non

775 2218 906 2268 bene
936 2212 1046 2266 fiat.
1082 2212 1215 2265 Cum
1253 2218 1453 2264 statuat
1494 2209 1658 2279 igitur
1688 2225 1859 2262 canon
1903 2208 1953 2261 in
1992 2206 2232 2260 Sahbato
2264 2205 2347 2259 vel

776 2305 1047 2357 Dominiea
1080 2318 1182 2356 non
1232 2316 1354 2356 esse
1405 2301 1798 2370 jejunaudum,
1843 2299 2075 2354 clericus
2130 2298 2343 2367 quidem

774 2398 1019 2464 jejunaus
1050 2394 1400 2462 depositionis
1439 2408 1611 2463 poena:
1646 2393 1911 2445 obnoxius
1933 2400 2036 2455 est,
2068 2401 2121 2444 et
2156 2389 2342 2453 laicus,

770 2485 1365 2542 exconununicationis.
1419 2484 1530 2537 Nisi
1589 2497 1685 2553 per
1735 2484 1849 2535 dies
1906 2492 2084 2536 certos
2140 2481 2346 2550 jejunet

770 2579 983 2644 aliquis,
1012 2592 1109 2644 per
1138 2578 1318 2630 decem
1346 2574 1529 2643 (verhi
1566 2574 1774 2645 gratia)
1822 2573 1899 2629 vel
1934 2585 2055 2627 octo
2101 2573 2344 2627 exercitii

769 2684 931 2723 causa
963 2669 1139 2739 (sicut
1168 2677 1293 2721 ante
1346 2669 1452 2735 jam
1485 2668 1583 2721 luit
1632 2666 1870 2722 dictum)
1916 2666 2128 2733 illisque
2166 2667 2345 2719 deter-

770 2759 986 2813 minatis
1011 2758 1202 2827 jejunii
1239 2758 1429 2813 dielms
1458 2758 1695 2810 incidant
1721 2766 1774 2809 et
1818 2756 2053 2810 Sabbata
2080 2797 2095 2821 ,
2130 2766 2183 2810 et
2242 2756 2343 2809 Do-

768 2850 950 2904 minici
979 2848 1115 2905 dies.
1149 2848 1300 2915 Quod
1331 2857 1385 2901 et
1416 2848 1566 2901 multi
1635 2857 1943 2902 sauciorum
1998 2847 2216 2901 Patrum
2261 2847 2340 2902 l‘e-

738 2943 909 2996 cisse
937 2941 1363 3010 comperiantur,
1399 2942 1461 2993 ad
1497 2941 1967 3010 quadragesimum
1997 2955 2169 3008 usque
2200 2940 2337 2995 diem

766 3034 1088 3103 jejunantes.

837 3122 1066 3178 ARIST.
1094 3123 1195 3188 Qui
1229 3125 1503 3178 Dominica
1560 3135 1651 3177 aut
1700 3123 1928 3179 Sabbato
1971 3126 2191 3191 ieiunat,
2246 3141 2337 3177 crr-

1275 3227 1419 3283 cepto
1450 3234 1573 3281 uno,
1605 3217 1838 3285 cjicilur.

844 3308 1138 3373 Depouitur
1168 3309 1258 3374 qui
1290 3318 1483 3373 przeter
1516 3324 1767 3378 magnum
1820 3308 2111 3361 Sahhatum
2144 3347 2159 3371 ,
2194 3306 2337 3360 aliud

770 3396 1065 3449 Sahhatum
1097 3408 1181 3449 an|
1216 3398 1546 3451 Dominicam
1577 3398 1803 3468 jejunat.
1858 3396 1914 3451 Si
1962 3407 2139 3451 autem
2171 3398 2339 3452 laicus

764 3498 844 3542 est
879 3488 1017 3552 talis,
1049 3490 1568 3543 excmnmuuicatur.

1330 3580 1559 3632 CANUN
1600 3579 1806 3635 LXVII.

763 3673 817 3723 Si
849 3674 961 3741 quis
991 3674 1230 3741 virginem
1266 3690 1365 3725 non
1397 3674 1705 3737 desponsam
1752 3674 1797 3725 vi
1845 3673 2011 3726 allata
2046 3675 2221 3737 liabet,
2252 3689 2336 3725 se-

833 3773 1074 3828 gregemr
1106 3778 1122 3814 :
1155 3764 1202 3814 ei
1231 3774 1404 3815 autem
1437 3763 1598 3815 aliam
1620 3765 1851 3831 accipere
1885 3780 1987 3817 non
2020 3766 2173 3818 liceat
2206 3766 2335 3818 τερα

833 3854 977 3905 illum
1014 3854 1232 3907 retinere
1258 3872 1411 3923 quam
1454 3856 1605 3923 elegit
1633 3857 1842 3909 etiamsi
1879 3872 2078 3925 pauper
2103 3859 2192 3910 sit.

830 4030 1024 4085 BALS.
1062 4030 1156 4084 lhc
1187 4045 1423 4100 praesens
1451 4046 1622 4084 canon
1660 4032 1928 4101 segregari
1960 4034 2130 4097 dicit,
2177 4050 2335 4101 cum,

763 4122 851 4187 qui
884 4136 987 4174 non
1020 4122 1341 4189 desponsam
1368 4121 1525 4187 alicui
1560 4123 1711 4176 alteri
1744 4125 2004 4192 virginem
2036 4126 2335 4192 violaverit,

757 4226 811 4265 et
848 4214 965 4281 cogi
1000 4228 1119 4267 cum
1155 4228 1217 4267 ea
1248 4214 1510 4280 habitare,
1543 4217 1804 4283 quamvis
1857 4233 2060 4286 pauper
2119 4221 2187 4272 sit
2219 4258 2232 4277 .
2284 4231 2339 4272 et

762 4320 958 4372 genere
994 4306 1135 4361 illius
1165 4305 1403 4374 indigna,
1444 4306 1713 4375 nequeab
1770 4308 1853 4361 illa
1909 4309 2141 4379 sejungi,
2181 4320 2338 4378 atque

757 4398 984 4451 alteram
1016 4412 1251 4451 sumere.
1279 4400 1452 4466 Atque
1489 4400 1600 4452 haec
1622 4399 1834 4467 quidem
1866 4400 1967 4454 hoc
1989 4417 2191 4456 canone
2214 4416 2339 4455 san-

760 4492 863 4542 cila
896 4502 1019 4543 sunt
1052 4507 1064 4542 :
1110 4506 1231 4543 nam
1269 4491 1357 4558 qui
1400 4491 1680 4556 desponsae
1709 4493 1816 4544 vim
1845 4493 2042 4556 attulit,
2076 4504 2134 4547 ut
2173 4496 2332 4548 adul-

2466 665 2590 716 στοῦ
2653 666 2998 736 παγκόσμιον
3045 668 3221 736 χαρὰν
3263 668 3356 720 καὶ
3391 668 3708 720 ἁνόιστασιψ
3744 670 3840 720 καὶ
3882 667 4047 718 ὅτιτὸ

2466 754 2563 821 μὲν
2588 753 2951 821 δημιουργίας
3011 755 3122 825 (98)
3158 756 3305 806 ἐστὶν
3366 755 3694 823 ὑπόμνησις,
3745 754 3865 824 ἡδὲ
3908 754 4045 805 ἀνα-

2464 843 2728 908 στάσεως,
2790 845 2987 912 μᾶλλον
3040 846 3094 897 δὲ
3136 846 3509 904 ἀναπλάσεως.
3567 845 3720 897 Κατὰ
3786 846 3841 897 δὲ
3883 846 4048 912 μόνον

2460 934 2520 984 τὸ
2557 936 2696 1001 μέγα
2726 935 3022 1002 Σάϐϐατον,
3056 936 3178 988 καθ’
3212 936 3240 987 ὃ
3272 937 3332 987 τὸ
3358 936 3637 1004 Κυριακδν
3684 936 3841 1001 σῶμα
3873 938 3936 986 ὲν
3970 936 4047 1001 τῷ

2460 1026 2617 1094 τάφῳ
2654 1026 2855 1079 ἄπνουν
2881 1027 3081 1087 ἔκειτο,
3136 1027 3416 1096 νηστεύειν
3466 1028 3604 1081 κατὰ
3655 1026 3749 1095 τὴν
3801 1026 3914 1093 (93)
3950 1026 4043 1076 τοῦ

2459 1115 2664 1183 Κυρίου
2707 1117 2887 1184 φωνὴν
2938 1117 3035 1186 τὴν
3079 1117 3363 1183 λέγουσαν,
3415 1118 3602 1169 Ὅταν
3646 1116 3891 1182 ἀπαρθῇ
3944 1116 4045 1167 ἀπ’

2456 1205 2655 1257 αὐτῶν
2698 1209 2730 1259 d
2760 1210 3037 1276 νυμφίος,
3089 1211 3220 1261 τότε
3244 1210 3720 1275 νηστεύσουσιν,
3765 1208 4044 1275 προσετά-

2456 1301 2692 1368 χθημεν.
2755 1300 2813 1352 Ὀ
2849 1302 2981 1367 γοῦν
3037 1302 3188 1370 παρᾶ
3250 1302 3421 1353 ταῦτα
3473 1302 3661 1366 ποιῶν,
3692 1303 3738 1351 εί
3788 1302 3889 1367 μέν
3926 1302 4042 1350 ἐστι

2458 1389 2743 1459 κληρικὸς,
2776 1390 3166 1460 καθαιρείσθω·
3232 1394 3281 1443 εί
3320 1392 3375 1444 δὲ
3411 1391 3616 1453 λαῖκὸς,
3670 1390 4037 1458 ἀῳριζέσθω.

2469 1478 2730 1544 ’Υπέξελέ
2768 1498 2856 1549 μοι
2884 1483 3009 1543 τοὺς
3049 1482 3226 1545 θείους
3259 1484 3506 1553 Πατέρας
3538 1483 3665 1544 τοὺς
3689 1482 3757 1534 δι’
3792 1483 4040 1548 ἄσκησιν

2455 1571 2602 1623 ἔστιν
2668 1572 2756 1623 ὅτε
2817 1570 3175 1639 νηστεύοντας
3221 1576 3314 1625 καὶ
3348 1574 3489 1627 κατὰ
3540 1573 3739 1635 ταύτας
3766 1573 3865 1635 τὰς
3899 1573 4041 1641 ήμέ-

2457 1678 2578 1731 ρας⁹
2610 1654 2759 1714 οὗτοι
2783 1661 2894 1732 γὰρ
2924 1663 2984 1716 οὐ
3012 1664 3532 1733 κατακριθήσονται.
3575 1666 3740 1734 Ζήτει
3784 1666 3881 1717 καὶ
3933 1665 4041 1715 τῶν

2454 1752 2625 1819 ἁγίων
2660 1754 2733 1820 (1)
2767 1753 3083 1806 ἀποστόλων
3108 1755 3307 1807 κανόνα
3333 1753 3413 1807 να¹
3453 1758 3548 1809 καὶ
3576 1755 3677 1822 νγ’.

2527 1844 2773 1897 ΖΩΝΑΡ.
2809 1842 2991 1896 Καλὸν
3026 1844 3125 1912 μὲν
3152 1846 3185 1915 ἡ
3210 1845 3462 1917 νηστεία.
3521 1847 3601 1900 Τὰ
3655 1847 3711 1900 δὲ
3747 1846 3894 1900 καλὰ
3941 1864 4043 1900 κα-

2455 1934 2561 1996 λῶς
2608 1933 2860 2002 γινέσθω·
2905 1936 2952 1987 εί
2996 1936 3055 1988 δέ
3122 1953 3206 2000 τις
3263 1937 3498 2007 θεσμοὺς
3550 1939 3949 2001 ἁποστυλικοὺς
4005 1939 4037 2007 ἦ

2458 2025 2719 2095 Ιιατέρων
2758 2025 2931 2092 ἁγίων
2966 2026 3351 2097 παραιϐαίνων
3408 2031 3679 2098 νηστεύει,
3737 2028 4039 2082 ἀκούσεται

2450 2119 2534 2170 ὅτι
2560 2118 2623 2169 οὐ
2653 2118 2817 2170 καλὸν
2848 2117 2908 2169 τὸ
2940 2118 3126 2183 καλὸν,
3164 2119 3294 2171 ὅταν
3321 2119 3395 2189 μὴ
3425 2120 3609 2183 καλῶς
3640 2120 3888 2189 γίνηται.
3925 2120 4035 2174 Τοῦ

2451 2208 2679 2271 κανόνος
2703 2208 2891 2260 τοίνυν
2942 2209 3001 2259 ὲν
3032 2208 3301 2279 Σαϐϐάτῳ
3346 2210 3442 2262 καὶ
3503 2211 3757 2280 κυριακῇ
3808 2211 3887 2281 μὴ
3942 2229 4039 2278 νη-

2450 2299 2663 2353 στεύειν
2739 2299 3106 2364 θεσπίζοντος,
3162 2302 3190 2353 ὁ
3234 2300 3335 2370 μὲν
3394 2300 3678 2370 κληρικὺς,
3727 2302 4037 2368 νηστεύων,

2449 2389 2554 2442 ὑπὸ
2588 2390 2920 2458 καθαίρεσιν
2990 2389 3225 2457 γίνεται,
3264 2392 3368 2443 ὑπὸ
3430 2392 3737 2460 ἀφορισμδν
3762 2392 3823 2444 δὲ
3864 2395 3895 2444 ό
3922 2393 4041 2445 λαῖ-

2449 2482 2563 2544 κὸς·
2601 2482 2650 2533 εί
2689 2482 2764 2551 μή
2796 2498 2897 2533 που
2922 2480 2990 2531 δι’
3016 2481 3352 2550 ὡρισμένων
3384 2481 3459 2552 (‘2)
3487 2483 3720 2551 ἡμερῶν
3746 2482 4041 2553 νηστεύονο

2446 2576 2537 2635 τός
2566 2591 2731 2636 τινος,
2775 2573 2866 2626 διὰ
2903 2574 3038 2628 δέκα
3087 2574 3248 2643 τυχὸν
3289 2574 3321 2643 ἦ
3364 2574 3532 2639 ὀκτὼ,
3563 2575 3630 2625 δι’
3669 2575 3909 2644 ἄσκησιν
3937 2576 4033 2645 (ὡς

2446 2665 2547 2734 ἤδη
2600 2664 2944 2734 προείρηται)
3019 2665 3443 2732 συνεισάγονται
3496 2670 3616 2728 ταῖς
3695 2667 4033 2737 ὡρισμέναις

2447 2756 2685 2826 ἡμέραις
2738 2756 2834 2808 καὶ
2878 2754 3135 2809 Σάϐϐατα
3174 2758 3271 2808 καὶ
3315 2757 3614 2826 Κυριακαί.
3658 2759 3723 2811 Ὀ
3773 2758 3868 2811 καὶ
3906 2761 4038 2811 πολ-

2446 2847 2534 2899 λοὶ
2590 2846 2701 2899 τῶν
2764 2846 2965 2912 ἁγίων,
2998 2848 3262 2917 Πατέρων
3314 2850 3682 2918 πεποιηκότες
3745 2848 4037 2919 εὑρίσκον-

2444 2956 2559 3004 ται,
2590 2940 2688 2992 καὶ
2728 2940 2891 3009 μέχρι
2924 2940 3429 3010 τεσσαρακονταδος
3480 2939 3703 3011 ἡμερῶν
3736 2942 4034 3009 νηστεύον-

2444 3048 2557 3093 τες.

2401 3185 2407 3191 ⁸
2439 3124 3006 3193 ιΑΡΙΣΤ.Κυριακὴν
3033 3125 3069 3195 ἢ
3093 3126 3402 3180 Σάϐϐατον
3429 3130 3462 3181 ὀ
3491 3128 3832 3194 νηστεύων,
3857 3130 4031 3196 πλὴν

2876 3218 3042 3283 ἑνός,
3072 3217 3518 3286 ἀποκήρυκτος.

2520 3309 2931 3378 Καθαιρεῖταιό
2962 3309 3121 3370 ἐκτὸς
3170 3309 3264 3362 τοῦ
3308 3309 3546 3378 μεγάλου
3596 3311 3880 3364 Σάϐϐατόν
3918 3313 4036 3365 ἓτε-

2454 3422 2546 3473 ρον
2594 3405 2625 3474 ῆ
2670 3404 2959 3476 Κυριακὴν
3015 3404 3318 3475 νηστεύωνο
3382 3406 3430 3457 εί
3482 3405 3540 3457 δὲ
3579 3405 3766 3469 λαῖκός
3822 3409 3973 3459 ἐστιν
4003 3410 4033 3460 ό

2449 3494 2710 3560 τοιοῦτος,
2744 3495 3090 3565 ἀφορίζεται.

3018 3586 3263 3640 ΚΑΝΩΝ
3315 3585 3431 3641 ΞΖ’.

2448 3683 2519 3735 Εἴ
2537 3699 2626 3748 τις
2675 3681 2975 3749 παρθένον
3000 3682 3424 3750 ἀμνήστευτον
3447 3682 3826 3750 βιασάμενος
3876 3683 4029 3750 ἔχοι,

2519 3774 2900 3843 ἁφοριζέσθωο
2934 3774 3020 3843 μὴ
3050 3775 3274 3839 ἐξεῖναι
3303 3775 3371 3827 δὲ
3394 3776 3554 3839 αἶ’τῴ
3572 3777 3782 3841 ἑτέραν
3804 3777 4035 3844 ,ἳαμσά-

2517 3884 2666 3930 νειν,
2735 3866 2872 3920 ἀλλ’
2930 3866 3175 3932 ἐκείνην
3214 3866 3500 3936 κατέχειν
3544 3866 3622 3934 ἢν
3680 3869 4028 3934 ᾐρετίσίρτε,

2514 3957 2631 4011 κᾶν
2650 3957 2907 4025 πενιχρὰ
2938 3957 3238 4027 τυγχάνῃ.

2517 4051 2710 4102 ΒΛΛΣ.
2765 4051 2824 4103 Ὀ
2852 4048 3044 4118 παρὼν
3097 4049 3279 4102 κανών
3325 4066 3490 4116 φησιν
3545 4047 3909 4117 ἀφορίζεσθαι
3942 4048 4032 4101 τόν

2448 4141 2777 4210 βιασάμενον
2807 4139 3081 4209 παρθένον
3125 4141 3198 4208 μὴ
3232 4139 3661 4206 μνηστευθεῖσαν
3692 4141 3867 4209 ἑτέρῳ
3898 4142 4028 4205 τινὶ,

2452 4234 2547 4283 καὶ
2588 4230 2995 4297 ἀναγκάζεσθαι
3038 4230 3214 4300 ταύτῃ
3278 4233 3571 4293 συνοικεῖν,
3625 4228 3726 4283 κᾶν
3786 4231 4029 4300 πενιχρά

2445 4325 2579 4387 ἐστι,
2625 4323 2728 4374 κᾶν
2778 4320 2971 4385 ἀναξία
3008 4320 3086 4389 τῷ
3117 4321 3269 4387 γένει
3324 4320 3514 4385 αὐτοῦ,
3566 4323 3664 4373 καὶ
3691 4320 3767 4390 μὴ
3816 4322 4029 4387 ταύτης

2446 4411 2847 4475 ἀποδιίσταθαι,
2914 4412 3007 4463 xai
3062 4410 3363 4479 λαμϐάνειν
3428 4411 3643 4479 ἑτέραν.
3710 4412 3819 4462 Καὶ
3856 4413 3887 4463 ό
3927 4411 4028 4479 μὲν

2448 4502 2631 4555 κανὼν
2671 4503 2847 4556 ταῦτα
2901 4503 3184 4556 ἐθέσπισεν
3214 4520 3226 4533 ⁶
3284 4505 3312 4556 ό
3375 4502 3483 4573 γὰρ
3534 4507 4031 4573 μεμνηστευμένην

761 4593 843 4631 lor
885 4581 1105 4649 punitur
1140 4599 1152 4632 :
1191 4596 1370 4649 quaire
1396 4591 1449 4634 ct
1483 4581 1550 4635 95
1582 4598 1699 4635 can.
1736 4581 1768 4634 6
1797 4597 1913 4651 syu.
1944 4582 2017 4635 De
2046 4598 2112 4637 eo
2142 4594 2337 4645 autem.

2451 4594 2776 4665 βιασάμενος
2821 4594 2895 4657 ὡς
2952 4595 3136 4664 μοιχὸς
3172 4596 3517 4665 τιμωρεῖται.
3584 4594 3693 4646 Καὶ
3731 4594 3891 4662 ζήτει
3933 4595 4027 4646 τὸν

756 4672 1016 4741 quodqui
1046 4672 1148 4724 vim
1198 4673 1398 4737 attulit,
1439 4687 1558 4726 eam
1607 4688 1765 4741 quam
1817 4674 2069 4737 violavit,
2103 4676 2297 4731 habeat
2324 4719 2337 4739 ,

754 4763 966 4816 rtiamsi
1002 4764 1070 4815 sit
1100 4778 1320 4831 pauper,
1348 4774 1398 4817 et
1426 4764 1515 4816 alii
1552 4780 1655 4816 non
1676 4764 1952 4832 jungatur,
1993 4768 2337 4833 quaerendum

760 4863 865 4905 νςι.
916 4851 1091 4918 Quare
1115 4853 1258 4906 enim
1289 4854 1674 4908 cancederetur
1705 4856 1751 4906 ei
1784 4856 1872 4922 qui
1910 4857 1956 4906 vi
1986 4860 2251 4924 pecc:ivit,
2286 4876 2337 4912 et

756 4947 1007 5013 deinceps
1043 4945 1237 4999 habere
1271 4946 1521 4999 violatam
1553 4958 1601 4998 et
1640 4946 1862 5000 alteram
1906 4963 2009 4999 non
2047 4952 2291 5019 accipere
2324 4991 2338 5012 ,

2442 4685 2530 4754 ια’
2569 4687 2772 4739 κανόνα
2808 4689 2907 4756 τῆς
2938 4691 2993 4751 ς’
3026 4686 3268 4738 συνόδου.
3308 4685 3441 4753 Περὶ
3497 4685 3553 4737 δὲ
3585 4683 3680 4736 τοῦ
3734 4684 3886 4752 ἔχειν
3935 4684 4026 4735 τὸν

2444 4778 2544 4846 τὴν
2574 4777 2696 4846 βίαν
2746 4778 3050 4845 ποιήσαντα
3101 4776 3199 4845 τὴν
3242 4774 3589 4843 βιασθεῖσαν,
3643 4774 3743 4826 κᾶν
3792 4776 4030 4843 πενιχρά

2446 4870 2583 4930 ἐστι,
2610 4870 2705 4920 καὶ
2760 4866 2834 4936 μὴ
2873 4867 3249 4920 συνάπτεσθαι
3289 4866 3472 4937 ἑτέρα,
3517 4863 3950 4935 (nentiam-"Im
3977 4882 4029 4915 τι

2440 4959 2549 5028 γὰρ
2594 4956 2914 5027 ἐξεχωρήϐη
2941 4960 2966 5009 ό
2991 4957 3091 5024 τὴν
3123 4955 3242 5026 βίαν
3264 4954 3662 5025 πλημμελήσας
3702 4954 3800 5006 καὶ
3822 4954 4027 5021 ὲφεξῖς

1996 5061 2187 5122 Guill.
2237 5066 2559 5151 Bevcregii
2599 5082 2783 5133 notae.

755 5171 809 5212 ut
842 5171 888 5213 ct
917 5162 983 5212 ah
1013 5158 1413 5228 llarmcuopulo
1458 5160 1512 5213 in
1545 5161 1798 5229 epitome,
1851 5173 1903 5213 et
1930 5181 1955 5212 τι
1995 5160 2235 5225 Joscpho
2274 5168 2324 5221 iu

752 5230 979 5283 Arahioi
1038 5230 1389 5297 paraphrasi;
1448 5229 1821 5284 Balsamouem
1890 5242 2093 5294 autem,
2143 5233 2323 5288 Zona-

754 5317 864 5352 ram
898 5313 947 5354 et
981 5301 1292 5353 Aristeuum
1322 5301 1509 5354 eadem
1539 5301 1734 5370 legisse
1764 5318 1790 5353 e
1820 5304 2043 5356 scholiis
2072 5303 2317 5370 ipsorum

753 5386 784 5437 μ
804 5381 917 5421 uel.

826 5441 937 5507 (98)
974 5439 1079 5492 Καὶ
1112 5440 1199 5492 ὅτι
1238 5440 1303 5492 τὸ
1325 5441 1441 5508 μὲν
1468 5440 1878 5509 δημιουργίας.
1916 5441 2038 5496 "me
2064 5460 2233 5512 usque
2255 5449 2319 5499 ad

753 5511 1109 5568 ἁναπλάσεως
1152 5512 1431 5574 iucluswe,
1464 5527 1527 5565 ex
1579 5513 2001 5568 tus.Bud|eiatto
2060 5518 2321 5569 restitui-

756 5591 893 5650 mtts‘.
950 5580 1007 5632 lu
1072 5579 1278 5633 (ira-cis
1334 5584 1478 5634 enim
1526 5581 1688 5634 editis
1742 5583 2159 5650 desiderantur;
2221 5587 2312 5640 sed

752 5648 1053 5705 Continuus
1083 5650 1345 5703 llerVetus
1380 5652 1527 5715 legit,
1560 5662 1611 5702 et
1642 5650 1832 5705 Latine
1875 5656 2059 5706 vertit.

825 5720 937 5789 (99)
979 5722 1311 5787 Αήστεύειν
1338 5721 1486 5773 κατὰ
1515 5720 1645 5784 τήν.
1674 5722 1730 5774 1η
1765 5722 2045 5789 iuqiressis
2084 5724 2313 5778 antehac

751 5790 902 5843 libris
955 5790 1065 5843 hzeu
1113 5804 1166 5845 et
1220 5792 1501 5858 sequentia
1556 5794 1633 5845 sic
1686 5794 1957 5860 leguntur.
2020 5794 2307 5861 νηστεύειν

753 5862 1217 5928 πςλυσετάχθνιειεν,
1258 5861 1377 5929 περὶ
1412 5863 1515 5926 γὰρ
1544 5862 1731 5913 τούτου
1764 5879 1874 5931 φησ
1926 5862 2145 5931 Κύριος,
2181 5866 2307 5917 ὅταν

2436 5174 2660 5246 ἀπαρθῇ
2711 5174 2805 5225 ὑπ’
2835 5172 3011 5225 αὐτῶν
3039 5174 3064 5224 ό
3098 5172 3354 5242 νυμφίος,
3384 5172 3505 5224 τότε
3549 5171 3968 5241 νηστεύσουσιν·
3994 5178 4025 5225 ὁ

2435 5256 2730 5310 γουν,‹ηυ.

2507 5315 2581 5384 (l)
2614 5314 2783 5380 Ζήτει
2816 5310 3263 5384 καὶ-λτῶνλιιεψιθ
3289 5312 3351 5363 ad
3380 5312 3536 5384 linem
3558 5312 3721 5380 hujus
3746 5314 4023 5384 interpre-

2434 5381 2656 5436 talionis
2700 5402 2729 5435 e
2766 5399 2864 5435 ms.
2906 5381 3197 5434 Bodleiano
3236 5397 3375 5434 nunc
3409 5383 3641 5447 primum
3676 5381 3913 5435 edimus;

2502 5454 2576 5523 (εὶ)
2608 5457 2676 5507 Ei
2704 5453 2790 5521 μή
2816 5465 2933 5505 που
2960 5450 3034 5504 δι’
3063 5450 3722 5523 ὼρινσμένωνκβαηιόεηι
3740 5455 4028 5521 exceptio-

2431 5519 2567 5575 nent
2620 5519 2859 5575 admittit
2914 5532 2967 5574 et
3025 5519 3349 5575 scitoltastcs
3429 5519 3895 5590 Hartncnopttli,_
3933 5525 4020 5577 his

2421 5594 2620 5653 verbis,
2654 5594 2703 5645 ei
2749 5596 2929 5662 μήπου
2971 5591 3117 5652 τινος
3147 5591 3214 5644 δι’
3251 5592 3485 5660 ἄσκησιν
3513 5590 3658 5644 ὀκτὼ
3688 5593 3852 5660 τυχὸν
3892 5594 4031 5661 ήμέο

2431 5679 2531 5731 ρας
2553 5664 2585 5733 ἢ
2611 5664 2743 5715 δέκα
2770 5662 3122 5726 νηστεύοντος
3149 5664 3477 5730 συνεισαχθῇ
3514 5662 3739 5733 ταύταις
3770 5662 3832 5728 ἐξ
3858 5665 4029 5727 ἀνατ-

2421 5749 2525 5801 κης
2577 5731 2683 5785 καὶ
2744 5733 3020 5784 Σάϐϐατον
3068 5733 3159 5783 καὶ
3211 5734 3486 5803 Κυριακὴ.
3548 5731 3805 5786 Ilarmen.
3856 5736 4022 5802 epist.

2427 5819 2550 5856 (an.
2584 5812 2716 5858 sect.
2750 5804 2805 5869 5,
2839 5804 2920 5857 tit.
2957 5803 3009 5855 5.
