4222 6460
206 397 312 460 Π3
1389 393 1467 452 ΙΝ
1515 392 1686 454 CAN.
1729 394 1975 453 LXVIII
2020 396 2277 456 APOST.
3368 393 3468 457 174

201 511 355 576 ἔχειν
398 508 497 578 τὴν
555 505 895 575 βιασθεῖσαν,
954 503 1047 556 καὶ
1101 504 1177 572 μὴ
1211 503 1516 571 λαμϐάνειν
1567 501 1781 568 ἑτέραν,

1913 500 2051 568 dque
2084 518 2206 555 cum
2242 502 2324 556 lex
2363 499 2506 554 dicat
2538 500 2586 552 in
2617 498 2778 553 libro.
2809 513 2872 552 ιι
2901 539 2915 562 ,
2956 498 3035 552 tit.
3067 499 3134 553 57
3167 539 3181 563 ,
3207 516 3323 570 cap.
3375 503 3465 558 81.

203 602 492 652 καὶταῦτα
519 599 612 651 τοῦ
646 600 810 666 νόμου
841 597 1090 663 λέγοντος
1115 598 1173 646 ἐν
1199 595 1391 665 βιὸλίῳ
1425 595 1490 658 ξ’,
1512 593 1649 647 τίτλ.
1684 593 1782 656 λζ’,

204 709 334 759 κεφ.
373 699 488 743 πα’.
532 692 592 741 Ὀ
626 690 949 757 βιασάμενος
988 688 1164 756 κόρην
1197 688 1290 738 καὶ
1322 686 1553 754 φθείρας
1592 685 1784 754 αὐτὴν,

207 779 634 851 ῥινοκοπείαθω,
660 780 834 840 διδοὺς
868 781 1006 848 αὐτῇ
1037 781 1131 832 καὶ
1173 778 1232 830 τὸ
1277 778 1462 846 τρίτον
1505 778 1605 843 τῆς
1654 775 1785 828 ύπο-

204 874 455 934 στάσεως
514 871 701 925 αὑτοῦ.
742 872 928 923 "Eous
995 869 1176 920 τοίνυν
1221 869 1294 930 ώς
1346 867 1656 930 ἀκολούθως
1709 868 1786 937 τῷ

203 967 377 1033 τρίτῳ
405 982 528 1031 κεφ.
580 964 672 1015 τοῦ
707 963 805 1024 λζ’,
840 962 1018 1013 τίτλου
1058 961 1151 1012 τοῦ
1216 957 1257 1025 ξ’
1293 959 1522 1027 βιϐλίου,
1573 960 1648 1028 τῷ
1680 958 1788 1012 διο-

206 1056 481 1124 ριζομένῳ
517 1053 917 1120 ἀναγκάζεσθαι
950 1052 1041 1103 τὸν
1079 1051 1218 1120 μετὰ
1271 1050 1547 1118 σώφρονος
1598 1055 1787 1118 γυναι-

207 1148 303 1204 κῖις
330 1145 810 1213 παλλακευόμενον
841 1146 936 1195 καὶ
971 1145 1052 1204 είς
1083 1142 1263 1210 γάμου
1309 1142 1595 1195 κοινωνίαν
1653 1142 1788 1210 λαμ-

202 1237 395 1288 ϐάνειν
441 1237 631 1304 αὐτὴν,
681 1235 775 1286 καὶ
825 1236 914 1286 τὸν
967 1235 1213 1302 παρόντα
1287 1235 1489 1286 κανόνα
1545 1235 1786 1288 νοεῖσθαι

210 1327 310 1379 καὶ
366 1325 456 1376 διὰ
504 1323 604 1392 τὴν
665 1322 784 1391 βίαν
844 1322 942 1390 μὲν
1014 1320 1374 1390 ἀφορίζεσθαι
1426 1327 1517 1373 τὸν
1584 1322 1788 1392 ταύτην

203 1418 705 1484 πλημμελήσαντα,
739 1415 825 1466 διὰ
853 1415 910 1465 δὲ
950 1413 1048 1482 τὴν
1083 1414 1358 1482 σωτηρίαν
1387 1415 1486 1482 τῆς
1515 1417 1786 1484 παρθένου

201 1507 620 1574 ἀναγκάζεσθαι
660 1507 822 1558 αὐτὸν
855 1507 1101 1573 νομικῶς
1157 1505 1328 1574 ταύτῃ
1390 1507 1783 1562 συνάπτεσθαι.

213 1599 521 1664 Ἀνάγνωθι
558 1600 648 1650 καὶ
677 1599 769 1649 τού
808 1599 1076 1663 παρόντος
1110 1596 1488 1665 συντάγματος
1513 1598 1688 1651 τίτλον
1719 1597 1786 1664 θ’,

208 1707 342 1758 κεφ.
379 1691 423 1738 λ’
455 1692 546 1740 καὶ
603 1695 666 1740 τά
698 1692 752 1740 ὲν
788 1689 958 1758 αὐτῷ.
1011 1689 1116 1740 Καὶ
1157 1688 1364 1756 βιϐλίου
1400 1690 1508 1743 τῶν
1572 1691 1789 1743 Βασιλι-

207 1781 323 1832 κῶν
359 1779 419 1843 ξ’,
450 1781 625 1832 τίτλον
685 1787 786 1850 νη’,
820 1798 944 1847 κεφ.
992 1778 1039 1847 γ’
1074 1781 1230 1847 λέγον
1257 1797 1268 1810 ·
1319 1783 1409 1851 Μὴ
1442 1784 1724 1851 γαμείσθω
1755 1785 1786 1853 ἡ
1819 1834 1862 1888 Β

205 1874 526 1942 ἁρπαγεῖσα
559 1872 635 1939 τῷ
656 1871 962 1939 ἁρπάζοντι
995 1872 1189 1940 αὑτήν·
1232 1873 1365 1925 ἀλλὰ
1406 1875 1499 1926 καὶ
1527 1877 1573 1925 εἰ
1605 1892 1788 1928 συναι-

203 1967 426 2018 νέσουσι
453 1966 529 2034 τῷ
561 1966 879 2034 συνοικεσίῳ
920 1966 966 2016 οἱ
997 1968 1174 2032 γονεῖς
1207 1967 1399 2033 αύτῆς,
1452 1969 1793 2037 περιορίζον-

205 2074 322 2109 ται.
374 2058 483 2108 Καὶ
541 2056 616 2125 μὴ
668 2056 966 2125 ἐναντιωθῇ
1025 2073 1131 2108 σοι.
1213 2056 1420 2119 Ἀλλως
1471 2059 1581 2128 γὰρ
1631 2060 1793 2112 κολά-

211 2151 376 2213 ζεται
420 2152 448 2202 ὁ
490 2150 743 2217 ἁρπάσας
801 2148 993 2218 κόρην,
1028 2149 1122 2202 καὶ
1169 2149 1350 2210 ἄλλως
1399 2152 1424 2202 ὁ
1476 2152 1617 2204 κατά
1671 2152 1793 2220 βίαν

204 2242 443 2310 φθείρας
472 2241 764 2310 παρθένον.
795 2242 902 2292 Καὶ
936 2242 966 2308 ὴ
1006 2242 1103 2309 μὲν
1140 2242 1369 2311 ἁρπαγὴ
1400 2242 1486 2294 διὰ
1512 2243 1612 2310 τὴν
1645 2244 1796 2296 ἀναί-

205 2333 359 2384 δειαν
386 2331 478 2382 τοῦ
517 2332 865 2400 ἁρπάσαντος
888 2330 948 2380 οὐ
998 2330 1456 2398 συγγινώσκεται·
1499 2333 1531 2401 ἡ
1571 2331 1626 2384 δὲ
1658 2335 1799 2387 κατὰ

209 2419 338 2489 βίαν
372 2423 642 2489 γενομένη
692 2418 891 2486 φθορὰ,
925 2420 1016 2472 ἐὰν
1052 2420 1159 2472 ὑπὸ
1204 2421 1302 2490 τῆς
1339 2420 1656 2493 βιασθείσης
1699 2441 1800 2476 κα-

207 2512 555 2580 ταδέχηται,
637 2512 1097 2577 συγγινώσκεται.
1181 2511 1239 2582 Ὀ
1290 2514 1472 2582 μέντοι
1545 2517 1800 2587 παρθένῳ

210 2605 513 2673 συναφθεὶς
566 2606 707 2657 κατὰ
785 2605 1010 2674 γνώμην
1082 2605 1295 2676 ἐκείνης
1339 2609 1594 2678 ἐτεροίως
1633 2627 1804 2678 τιμω-

211 2699 417 2764 ρεῖται.
456 2697 594 2765 Φησὶ
624 2697 733 2764 γὰρ
786 2698 814 2748 ὁ
861 2697 1028 2764 νόμος
1074 2700 1131 2749 ὲν
1187 2697 1375 2768 βιϐλίῳ
1425 2699 1674 2769 ξ’,τίτλῳ
1702 2703 1800 2766 λζ’,

210 2805 343 2854 κεφ.
391 2784 450 2840 π’
473 2805 486 2816 ο
533 2788 593 2840 ’0
621 2789 878 2859 παρθένῳ
905 2791 1043 2858 κόρῃ
1074 2789 1404 2858 μιγνύμενος
1433 2792 1646 2862 ἐκείνης
1705 2794 1804 2863 μὲν

221 2880 578 2947 προαιρέσει,
625 2879 969 2944 ἀγνοούντων
1011 2881 1067 2933 δὲ
1095 2882 1204 2933 τῶν
1253 2885 1478 2948 γονέων,
1514 2887 1614 2953 τῆς
1667 2887 1808 2955 πρά-

216 2971 358 3035 ξεως
390 2971 925 3041 διαγινωσκομένης,
974 2975 1022 3024 εἰ
1075 2975 1173 3042 μὲν
1225 2974 1368 3027 θέλει
1424 2978 1809 3048 αὐτὴνλαὸεῖν

211 3062 295 3122 εἰς
326 3063 587 3127 γυναῖκα,
634 3063 732 3113 καὶ
784 3062 1101 3115 συναινοῦσι
1129 3067 1223 3116 καὶ
1254 3067 1302 3117 ei
1335 3069 1535 3133 γονεῖς,
1571 3071 1809 3136 γινέσθω

1888 594 1987 659 Qui
2017 594 2207 664 puellae
2242 595 2347 647 vim
2382 592 2559 655 affert,
2587 602 2640 646 et
2681 607 2799 646 eam
2849 593 3168 658 corrumpit,
3215 593 3263 646 ei
3311 610 3470 650 nares

1890 686 2296 744 abscinduntur,
2318 694 2368 737 et
2395 687 2481 736 det
2502 685 2548 737 ei
2574 685 2734 736 etiam
2764 685 2976 737 leniam
3002 694 3205 749 partem
3243 700 3466 739 suarum

1893 774 2233 827 facultatum.
2278 773 2495 827 Videtur
2532 789 2657 842 ergo
2693 773 2780 825 hic
2837 788 3051 842 quoque
3091 788 3260 826 canon
3311 775 3467 841 intel-,

1889 867 1976 935 ligi
2009 867 2394 920 convenienter
2414 866 2446 918 5
2473 866 2631 933 cap‘iti
2665 867 2729 919 57
2757 866 2837 918 tit.
2865 866 2931 919 (if)
2965 866 3104 924 libri,
3135 868 3467 926 decernettti,

1889 974 2009 1010 eum
2044 959 2135 1026 qui
2174 975 2292 1010 eum
2319 959 2626 1011 continente
2655 958 2877 1011 muliere
2934 974 3045 1011 rem
3107 959 3267 1010 habet
3298 999 3312 1020 ,
3349 973 3466 1012 eam

1893 1050 1942 1102 in
1975 1050 2305 1102 matrimonii
2346 1051 2655 1103 societatem
2687 1051 2933 1119 accipere
2965 1069 2976 1103 :
3015 1060 3068 1103 et
3099 1060 3320 1118 propter
3355 1051 3460 1104 vim

1891 1142 2132 1210 quidem,
2161 1143 2429 1210 segregari
2462 1157 2581 1219 eum
2618 1143 2706 1210 qui
2740 1143 2790 1195 in
2815 1144 2972 1196 istam
3029 1145 3270 1211 peccavit
3295 1183 3309 1206 ,
3348 1159 3472 1210 pro-

1891 1242 2014 1299 pter
2048 1233 2270 1298 virginis
2301 1240 2477 1285 autem
2511 1233 2734 1286 salutem
2771 1233 2886 1300 cogi
2927 1232 3099 1299 ipsum
3135 1235 3180 1286 ei
3232 1235 3472 1300 legitime

1893 1323 2153 1389 cOpulari.
2189 1321 2328 1392 Lege
2365 1333 2417 1376 et
2451 1325 2734 1391 prazsentis
2762 1325 2939 1393 Operis
2969 1326 3050 1379 tit.
3084 1325 3116 1377 9
3144 1365 3158 1389 ,
3208 1340 3327 1394 cap.
3380 1324 3471 1386 50,

1891 1423 1946 1466 et
1970 1429 2088 1482 qua:
2120 1415 2170 1467 in
2199 1431 2262 1467 co
2294 1427 2438 1477 sunt,
2473 1426 2521 1468 et
2559 1417 2750 1469 librum
2808 1416 3025 1470 Basilio.
3078 1434 3142 1470 ις
3179 1459 3192 1483 ,
3230 1421 3310 1470 tit.
3363 1418 3428 1471 58
3457 1457 3472 1481 ,

1892 1525 2014 1577 cap.
2049 1511 2082 1562 5
2117 1510 2379 1562 dicentem
2417 1525 2430 1561 :
2465 1507 2541 1562 Ne
2569 1511 2732 1562 nubat
2789 1517 2940 1578 rapta
2973 1515 3018 1562 ei
3063 1510 3152 1577 qui
3210 1526 3328 1562 eam
3385 1526 3474 1563 ra-

1894 1602 2008 1670 puit
2048 1619 2058 1652 :
2091 1600 2184 1654 sed
2220 1601 2288 1653 'si
2339 1598 2429 1652 tali
2487 1601 2812 1653 matrimonii
2852 1600 3053 1667 copula
3100 1603 3474 1655 consenserint

1893 1693 2011 1761 ejus
2045 1700 2317 1758 parentes,
2361 1691 2470 1762 44
2501 1692 2949 1745 cxtertninantur.
2987 1691 3051 1745 Et
3104 1707 3168 1746 ne
3199 1695 3474 1748 contraria

1893 1783 2311 1837 existimaveris.
2346 1783 2517 1836 Aliter
2541 1785 2682 1836 enim
2721 1785 2939 1852 punitur
2969 1784 3058 1852 qui
3098 1785 3328 1851 puellam
3381 1800 3470 1838 ra-

1895 1877 2029 1945 puit,
2063 1876 2216 1928 aliter
2243 1875 2333 1942 qui
2369 1875 2416 1928 vi
2448 1874 2639 1944 virgini
2680 1875 2868 1928 vitium
2924 1877 3120 1930 attulit.
3176 1877 3239 1930 Et
3293 1888 3481 1946 raptus

1895 1972 2112 2040 quidem
2148 1980 2367 2037 propter
2396 1967 2513 2035 ejus
2543 1969 2632 2037 qui
2667 1968 2844 2037 rapuit
2884 1969 3268 2038 impudentiam
3298 2009 3313 2034 ,
3372 1984 3478 2022 non

1896 2063 2260 2115 contionatur.
2292 2058 2394 2112 Per
2418 2061 2522 2112 vim
2550 2069 2728 2113 autem
2761 2061 3024 2128 stupratio
3049 2100 3063 2123 ,
3103 2060 3148 2112 si
3196 2060 3260 2113 ab
3291 2075 3353 2114 ea
3391 2067 3481 2122 cui

1897 2153 1976 2206 vis
2007 2153 2167 2206 allata
2199 2161 2304 2216 est,
2335 2150 2685 2220 suscipiatur,
2717 2150 3025 2205 remittitur.
3074 2151 3178 2205 Sed
3207 2152 3297 2220 qui
3333 2151 3480 2204 illius

1900 2245 2174 2297 voluntate
2206 2259 2326 2296 cum
2365 2243 2569 2311 virgine
2623 2256 2945 2312 congressus
2989 2249 3110 2307 est,
3167 2243 3272 2295 alio
3322 2240 3483 2297 modo

1902 2335 2140 2402 punitur.
2173 2333 2261 2385 Ait
2287 2333 2427 2387 enim
2456 2333 2611 2386 lexin
2645 2331 2780 2385 libro
2811 2348 2874 2384 ιχ
2901 2372 2915 2395 ,
2950 2333 3032 2386 tit.
3073 2333 3163 2397 57,
3216 2347 3330 2401 cap.
3367 2331 3434 2385 80
3466 2349 3479 2384 :

1902 2428 2002 2494 Qui
2035 2441 2156 2481 cum
2191 2427 2398 2494 virgine
2439 2426 2610 2492 puella
2639 2424 2786 2489 coiit,
2841 2425 2984 2478 illius
3027 2427 3241 2494 quidem
3297 2425 3484 2478 volun-

1907 2529 2034 2581 tate,
2064 2517 2376 2586 parentibus
2403 2526 2580 2567 autem
2620 2514 3014 2584 ignorantibus,
3046 2529 3104 2568 re
3161 2514 3398 2583 cognita,
3436 2515 3484 2567 si

1903 2626 2018 2664 eam
2046 2609 2258 2676 quidem
2294 2609 2344 2659 in
2377 2620 2598 2659 uxorem
2637 2604 2834 2658 habere
2861 2605 3112 2669 voluerit,
3138 2614 3191 2659 ct
3227 2614 3486 2672 parentes

1906 2701 2287 2762 consentiant,
2341 2699 2432 2750 fiat
2497 2705 2828 2750 contractus.
2895 2694 2951 2748 Si
2998 2705 3174 2748 autem
3210 2711 3316 2749 una
3363 2712 3487 2764 pars

1907 2806 2214 2864 parentum,
2247 2792 2296 2845 id
2335 2799 2414 2844 est
2450 2788 2708 2841 utriusvis
2761 2801 3001 2855 personae
3029 2825 3044 2849 ,
3089 2802 3193 2841 non
3241 2787 3388 2851 velit,
3439 2788 3487 2839 si

1910 2889 2058 2944 dives
2088 2885 2298 2955 quidem
2332 2890 2415 2936 est
2447 2880 2538 2948 qui
2569 2878 2758 2931 vitium
2794 2879 3014 2939 attulit,
3055 2877 3266 2931 violatae
3299 2877 3490 2947 puellae

1911 2983 2000 3036 det
2029 2993 2188 3033 unam
2219 2975 2333 3030 auri
2369 2973 2582 3028 libram.
2622 2969 2716 3023 Sin
2751 2977 2931 3023 autem
2963 2970 3032 3024 sit
3058 2970 3337 3038 egentior,
3369 2983 3491 3024 sua-

1914 3088 2031 3126 rum
2064 3070 2376 3124 facultatum
2409 3063 2690 3120 dimidium
2729 3079 2742 3114 :
2773 3061 2865 3115 sed
2897 3062 2941 3115 si
3000 3062 3053 3114 in
3108 3070 3351 3115 extrema
3416 3061 3490 3115 sit

205 3150 274 3201 τὸ
306 3151 690 3217 συνάλλαγμα·
714 3155 763 3204 εἰ
786 3153 841 3205 δὲ
873 3154 931 3204 ἓν
949 3153 1114 3222 μέρος
1142 3155 1250 3206 τῶν
1271 3158 1498 3222 γονέων,
1527 3162 1806 3218 τουτέστιν

1915 3170 2252 3235 paupertate,
2283 3156 2599 3211 verberatus
2626 3161 2679 3206 et
2703 3161 2888 3205 tonsus
2923 3152 3336 3206 exterminetur.

206 3249 482 3319 ἑκατέρου
544 3249 858 3317 προσώπου,
919 3251 978 3302 ού
1042 3251 1282 3324 θελήσει,
1315 3255 1364 3307 εί
1407 3257 1507 3327 μὲν
1556 3259 1791 3333 εὖπορός
1843 3270 1992 3321 ἐστιν
2051 3258 2357 3330 ὁφθορεὺς,
2399 3257 2466 3323 τῇ
2527 3251 2796 3320 φθαρείσῃ
2864 3250 3054 3302 διδότω
3135 3252 3358 3318 χρυσίου
3410 3250 3494 3302 λί-

206 3362 352 3414 τραν
424 3347 572 3415 μίανο
640 3349 688 3397 εί
736 3346 792 3398 δὲ
846 3347 1184 3418 ἐνδεέστερος
1217 3353 1327 3420 εἴη,
1382 3354 1443 3406 τὸ
1491 3356 1662 3423 ἥμισυ
1715 3362 1815 3430 τῆς
1842 3362 2194 3418 ὑποστάσεως
2239 3350 2425 3407 αὐτοῦ,
2486 3349 2546 3399 Εἰ
2589 3348 2646 3399 δὲ
2704 3344 2982 3408 παντελῶς
3035 3345 3120 3414 εἴη
3166 3344 3491 3415 ἁνεύπορος,

207 3441 552 3509 τυπτόμενος
602 3444 696 3495 καὶ
725 3446 1138 3514 κουρευόμενος,
1186 3448 1532 3518 ὲξοριζέσθω.

289 3539 531 3591 ΖΩΝᾹΡ.
575 3538 633 3590 '0
664 3540 932 3608 παρθένον
965 3541 1196 3612 φθείρας
1233 3544 1348 3614 βίᾳ,
1386 3549 1561 3617 εἰμὲν
1596 3569 1806 3624 μεμνη-

210 3633 527 3700 στευμένην
577 3633 710 3695 τινὶ,
756 3633 831 3692 ὡς
862 3635 1051 3703 μοιχὸς
1091 3640 1437 3706 τιμωρεῖται·
1466 3642 1513 3693 εί
1541 3642 1596 3693 δὲ
1629 3645 1807 3715 ἀμνή-

211 3741 470 3787 στευτον,
541 3723 692 3792 παρὰ
727 3725 824 3793 μὲν
850 3726 943 3776 τοῦ
998 3728 1224 3792 κανόνος
1276 3731 1422 3800 ἔχειν
1479 3734 1674 3804 αὐτὴν,
1712 3738 1810 3789 καὶ

215 3815 300 3885 μὴ
364 3815 719 3883 ἀποπέμπειν
778 3817 1043 3884 ὁρίζεται.
1102 3821 1206 3873 κᾶν
1244 3825 1479 3894 πενιχρά
1531 3826 1654 3897 εἴη,
1713 3831 1809 3882 καὶ

212 3908 421 3971 ἀναξία
456 3908 585 3970 ἴσως
620 3908 853 3962 ἐκείνου.
902 3911 1059 3982 Παρὰ
1088 3913 1142 3963 δὲ
1174 3914 1271 3966 τοῦ
1331 3917 1611 3972 πολιτικοῦ
1639 3921 1807 3991 νόμου

212 3999 398 4056 ἄλλως
433 4002 785 4069 τιμωρεῖται.

210 4092 445 4144 ᾹΙῚΣΤ.
499 4093 551 4142 Ὀ
592 4093 970 4161 ,βιασάμενος
1005 4096 1193 4162 κόρην
1216 4098 1637 4170 ἀφοριζόμενος
1669 4119 1807 4157 κατ-

341 4183 546 4251 εχέτω,
603 4183 700 4236 καὶ
751 4185 980 4252 ἄπορον
1011 4188 1207 4256 αὐτὴν
1252 4191 1676 4259 ὑπάρχουσαν.

303 4275 362 4324 ’0
390 4273 718 4341 βιασάμενος
773 4275 1044 4344 παρθένον
1101 4278 1497 4349 άμνήστευτον,
1539 4286 1634 4336 καὶ
1671 4302 1808 4355 συμ-

213 4363 460 4432 φθαρεὶς
508 4366 668 4433 αὐτῇ.
734 4364 1104 4434 ἀφοριζέσοω,
1174 4369 1248 4438 μὴ
1302 4370 1508 4433 ἐξέστω
1568 4373 1624 4425 δὲ
1659 4374 1809 4444 αὐτῷ

214 4456 420 4525 ἑτέραν
451 4456 660 4520 λαϐεῖν,
695 4457 812 4510 ἀλλ’
850 4460 1066 4526 ἐκείνην
1103 4462 1358 4530 κατέχειν
1392 4465 1457 4532 ἢν
1493 4466 1809 4535 ᾑρετίσατο,

213 4548 324 4599 κᾶν
379 4549 616 4617 πενιχρά
656 4550 922 4619 τυγχάνῃ.
980 4551 1046 4602 Ἠ
1085 4551 1141 4603 δὲ
1190 4553 1353 4623 ὀγδόη
1414 4556 1660 4620 διάταξις
1697 4560 1812 4627 ήέν

1987 3545 2243 3604 ZONAR.
2278 3541 2376 3606 Qui
2407 3536 2664 3605 virginem
2692 3535 2743 3588 vi
2773 3535 3033 3602 corrupit,
3062 3534 3106 3587 si
3137 3533 3351 3602 quidem
3379 3533 3493 3602 jam

1913 3643 2072 3700 alicui
2109 3642 2454 3707 desponsam,
2491 3631 2658 3683 veluti
2701 3630 2943 3681 mmcltus
2980 3629 3197 3696 punitur
3232 3647 3244 3682 :
3278 3630 3358 3683 sin
3387 3647 3495 3685 non

1915 3739 2260 3806 desponsam,
2301 3739 2473 3780 canon
2506 3721 2691 3776 definit
2740 3721 2883 3774 hunc.
2965 3721 3162 3773 habere
3200 3720 3342 3774 illam
3402 3722 3497 3775 de-

1914 3830 2062 3892 bere,
2099 3839 2201 3878 ncc
2231 3835 2350 3876 eam
2415 3816 2641 3885 rejicere
2686 3828 2867 3883 posse,
2909 3813 3121 3866 tametsi
3170 3817 3498 3883 paupercula

1913 3919 2072 3979 foret,
2126 3915 2325 3981 illoque
2387 3905 2632 3962 fortassis
2687 3905 2925 3974 indigna.
2958 3903 3113 3982 Civili
3172 3915 3349 3960 autent
3381 3907 3498 3976 lego

1912 4012 2069 4064 aliter
2100 4007 2338 4075 punitur.

1909 4099 2133 4156 ARIST.
2161 4098 2265 4164 Qui
2305 4095 2492 4162 puella:
2540 4095 2642 4147 vim
2687 4092 2944 4156 attulerit,
2975 4094 3495 4156 excommmticatus,

2261 4188 2446 4241 habeat
2475 4199 2519 4239 et
2546 4202 2660 4238 eam
2690 4184 2802 4236 licet
2833 4198 3134 4253 pauperem.

1976 4285 2080 4351 Qui
2115 4281 2309 4351 virgini
2351 4293 2455 4331 non
2510 4278 2788 4345 desponsae
2830 4276 2935 4328 vim
2970 4275 3232 4340 attulerit,
3270 4289 3500 4346 eamque

1910 4369 2802 4436 violaverit,excommunicetur,
2864 4383 2932 4421 ne
2993 4367 3153 4421 liccat
3203 4377 3383 4422 autent
3444 4371 3496 4423 ci

1910 4467 2069 4520 aliam
2103 4462 2370 4530 accipere,
2409 4459 2501 4513 sed
2527 4473 2643 4511 eam
2668 4457 2866 4512 habere
2901 4473 3060 4525 quam
3085 4457 3266 4526 elegit,
3300 4474 3495 4526 quam-

1915 4560 1996 4610 vis
2026 4552 2347 4624 paupercula
2391 4551 2480 4604 sit.
2513 4549 2712 4602 Octava
2743 4558 2920 4601 autem
2974 4549 3291 4603 coasututio
3336 4550 3390 4604 in
3432 4549 3500 4605 78

211 4641 300 4708 τῷ
359 4639 442 4709 οη¹
507 4640 791 4709 κεφαλαίῳ
847 4641 942 4694 τοῦ
997 4641 1074 4707 λζ’
1127 4645 1308 4697 τίτλου
1364 4646 1458 4698 τοῦ
1520 4652 1564 4714 ξ’
1603 4648 1806 4718 βιϐλίου

1916 4650 2114 4717 capite,
2141 4648 2204 4700 57
2228 4647 2311 4698 tit.
2340 4659 2404 4697 ωι
2436 4642 2528 4695 lib.
2561 4641 2911 4695 Basilicorum
2945 4641 3140 4708 posita,
3168 4641 3360 4694 statuit
3393 4643 3492 4696 tali

213 4734 329 4784 τῶν
361 4731 674 4785 Βασιλικών
735 4735 979 4802 κειμένη
1023 4737 1358 4805 προστάττει
1431 4740 1522 4789 τὸν
1564 4740 1808 4793 τοιοῦτον

217 4823 676 4895 ριεθοκοπείσθαι,
729 4827 823 4878 καὶ
882 4828 942 4877 τὸ
999 4827 1186 4894 τρίτον
1237 4828 1338 4896 τῆς
1394 4831 1584 4893 οὐσίας
1627 4831 1808 4884 αὑτοῦ

213 4918 426 4969 διδόναι
458 4920 522 4986 τῇ
552 4919 682 4986 παρ’
714 4918 878 4970 αὑτοῦ
912 4920 1198 4990 βιασθείσῃ
1222 4921 1317 4973 καὶ
1348 4922 1622 4995 φθαρείσῃ
1655 4924 1812 4993 κόρῃ.

832 5010 1069 5061 ΚΑΝΩΝ
1104 5011 1229 5063 EII'.

215 5101 292 5152 EI
351 5116 440 5162 τις
498 5100 836 5163 ἐπίσκοπος
891 5100 928 5167 ἢ
991 5103 1401 5169 πρεσϐύτερος
1441 5105 1478 5171 ἢ
1528 5104 1818 5170 διάκονος

291 5192 586 5260 δευτέραν
618 5193 997 5261 χειροτονίαν
1038 5193 1274 5258 δέξεται
1315 5196 1392 5266 (5)
1424 5197 1582 5264 παρά
1631 5215 1812 5263 τινος,

1919 4755 2107 4794 nasum
2133 4753 2252 4791 esse
2290 4735 2702 4804 amputandum,
2747 4742 2800 4785 et
2854 4732 3072 4786 tertiam
3124 4743 3330 4800 partem
3382 4736 3502 4789 sub.

1918 4831 2131 4886 stantia:
2186 4827 2301 4894 eius
2351 4825 2579 4877 dandam
2639 4821 2828 4891 puella:
2899 4824 2966 4874 ab
3017 4823 3132 4891 ipso
3195 4824 3404 4880 violatae
3448 4837 3502 4881 et

1917 4929 2205 4986 corruptae.

2450 5005 2679 5061 CANON
2733 5004 2962 5060 LXVIII.

1924 5105 1984 5159 Si
2014 5103 2127 5174 quis
2161 5104 2448 5170 episcopus,
2479 5103 2552 5152 vel
2582 5109 2866 5168 presbyter,
2912 5098 2990 5153 vel
3021 5102 3274 5153 diaconus
3312 5119 3502 5158 secuit-

2000 5199 2125 5250 dam
2153 5196 2537 5250 ordinationem
2569 5193 2632 5245 ab
2661 5193 2836 5262 aliqua
2861 5195 3162 5261 susceperit,
3191 5195 3502 5261 deponatur,

1457 5339 1656 5401 Guill.
1705 5342 2028 5416 Beveregu
2064 5342 2251 5398 notua.

292 5462 371 5529 (5)
413 5456 712 5524 Δευτέραν
747 5459 1124 5526 χειροτονίαν
1172 5458 1427 5523 δέξεται.
1469 5461 1806 5529 Cyprianus,

223 5531 375 5587 Nam
407 5529 724 5594 baptismum
767 5529 922 5595 repeti
967 5529 1334 5582 ecclesiastica:
1392 5531 1666 5594 prohibent
1722 5550 1807 5584 re-

219 5603 463 5673 gulce,et
523 5602 677 5651 semel
736 5599 1084 5673 sanctiﬁcatis
1121 5599 1272 5673 nulla
1324 5602 1566 5673 deiu_c_eps
1622 5618 1813 5654 manus

223 5667 420 5726 iterum
448 5685 758 5721 consecratis
812 5672 1083 5738 pra’sumit
1117 5671 1382 5722 accedere.
1429 5667 1597 5724 Nemo
1633 5689 1813 5726 sacros

224 5745 447 5795 ordines
506 5739 662 5790 tentet
710 5743 861 5790 datos
919 5741 1106 5791 iterant
1155 5751 1390 5793 renovat.
1429 5742 1683 5808 Cypria".
1727 5742 1816 5800 ,I)e

222 5814 397 5865 ablat.
428 5813 566 5874 pett.
591 5824 618 5876 γ
669 5809 800 5874 ἓὲυ,
828 5810 863 5862 l.
900 5825 1076 5876 xxvn,
1105 5810 1233 5863 edit.
1256 5810 1459 5865 Manut.
1482 5813 1555 5866 δὶι
1576 5825 1628 5865 ut
1661 5815 1817 5865 semel

1924 5461 2222 5524 baptizatus
2251 5458 2443 5510 iterum
2473 5454 2731 5520 baptizari
2771 5471 2873 5506 non
2923 5454 3090 5515 debet,
3137 5455 3214 5524 sic
3252 5464 3298 5506 et
3346 5456 3503 5509 semet

1926 5523 2261 5582 consecratus
2294 5528 2483 5578 iterum
2518 5526 2814 5577 consecrari
2851 5541 2950 5576 non
2973 5534 3159 5589 potest.
3185 5523 3504 5593 Greg.apud

1926 5600 2175 5654 Gratian.
2213 5598 2454 5651 distinct.
2489 5594 2578 5656 68,
2619 5609 2740 5663 cap.
2777 5610 2813 5648 t.
2841 5593 2964 5647 Ilaze
3013 5605 3191 5648 autem
3232 5595 3301 5645 ita
3338 5596 3502 5647 intel-

1928 5669 2148 5738 ligenda
2211 5677 2359 5729 sunt,
2413 5677 2469 5738 ut
2526 5666 2569 5718 is
2621 5666 2796 5738 denuo
2847 5667 2913 5738 ad
2964 5672 3209 5718 eumdem
3260 5666 3506 5719 ordinem

1927 5735 2243 5792 consecrari
2266 5737 2599 5804 nonzdebeat,
2621 5735 2710 5802 qui
2738 5737 2803 5787 ab
2827 5735 3005 5800 aliquo
3031 5745 3382 5789 consecratus
3400 5745 3503 5799 est,

1928 5825 2089 5878 queui
2139 5808 2226 5878 jus
2282 5807 2638 5862 consecrandi
2685 5806 2941 5860 habuisse
2983 5815 3190 5860 certum
3238 5815 3354 5870 est;
3413 5807 3505 5872 qui
