4222 6460
260 347 358 408 181

1486 353 1566 414 ΙΝ
1606 356 1771 415 CAN.
1795 357 1976 414 LXXI
2023 360 2062 414 Α
2079 360 2275 417 l‘OST.

3401 363 3495 423 l8?!

258 472 359 520 καὶ
397 467 655 521 παντελεῖ
697 469 1081 538 ἀκοινωνησία,
1142 470 1320 531 καθὼς
1347 471 1441 522 καὶ
1471 473 1496 522 ὁ
1539 470 1618 521 κθ¹
1649 468 1828 520 κανὼν
1861 478 1900 530 Α

1861 478 1900 530 Α
1936 472 2165 533 cientur,
2200 474 2292 525 sed
2340 474 2498 525 etiam
2532 475 2792 527 absoluta":
2824 485 2875 526 et
2901 489 3046 526 omni
3085 490 3143 526 ex
3182 484 3331 539 parte
3378 491 3496 538 pcr-

256 560 360 627 τῆς
396 562 453 610 ὲν
483 561 773 630 Λαοδικείᾳ
805 561 1020 614 συνόδου
1050 561 1671 630 παρακελεύεται.Ἀλλ’
1709 559 1826 611 sla}:

257 650 489 711 τούτους
517 650 834 719 όρθοδόξους
865 653 963 720 μὲν
993 646 1152 715 εἶναι,
1182 653 1600 721 καταφρονητάς
1633 652 1687 702 δὲ
1720 651 1828 701 τῶν

257 741 738 808 ἐκκλησιαστικῶν
779 742 1148 811 παραδόσεων,
1200 745 1292 794 καὶ
1344 742 1650 808 ἀδιαφόρως
1695 741 1827 803 ζῶν-

252 849 351 892 τας
373 848 384 860 ·
421 833 717 884 κάντεῦθεν
770 834 1148 903 μετριωτέροις
1181 835 1378 896 αὐτοὺς
1405 834 1480 894 ὡς
1538 833 1827 884 σκανδαλο-

252 922 452 982 ποιοὺς
486 921 834 984 κολάζεσθαι.
870 923 970 973 Διὰ
1004 925 1112 991 γὰρ
1139 924 1298 975 τοῦτο
1342 923 1432 974 καὶ
1471 924 1651 990 ἡμεῖς,
1701 923 1826 973 τάν-

255 1013 418 1063 αντία
443 1016 556 1073 τοῖς
580 1012 860 1073 Ἰουδαίοις
888 1015 982 1066 καὶ
1010 1017 1124 1076 τοῖς
1146 1015 1328 1076 ἄλλοις
1365 1016 1661 1085 αἱρετικοῖς
1692 1032 1824 1083 φρο-

183 1144 186 1147 .
251 1103 480 1165 νοῦντες
515 1105 608 1156 καὶ
646 1106 1002 1174 πράττοντες,
1038 1106 1379 1173 καταλύομεν
1414 1105 1826 1166 ἀνενδοιάστως,

251 1199 385 1249 ὅταν
438 1200 638 1250 ἐκεῖνοι
696 1198 1020 1265 νηστεύωσι,
1067 1200 1230 1266 τυχὸν
1276 1200 1364 1251 διὰ
1400 1200 1499 1266 τὴν
1542 1197 1681 1250 κατὰ
1726 1198 1825 1264 τῆς

251 1289 450 1340 Νινευῒ
479 1290 735 1357 ἀπειλὴν,
784 1289 816 1357 ἢ
862 1290 954 1341 καὶ
1005 1290 1070 1342 δι’
1103 1291 1298 1358 ἐτέρας
1327 1291 1508 1351 αἰτίας
1564 1289 1825 1350 δοκούσας

250 1381 473 1439 αὐτοῖς·
515 1380 620 1431 ἀπὺ
669 1378 851 1447 μέντοι
891 1379 984 1430 τοῦ
1026 1380 1408 1448 καθαιρεῖσθαι
1438 1380 1530 1432 καὶ
1567 1379 1827 1448 ἀφορίζε-

253 1471 382 1524 σθαι
410 1474 540 1533 τοὺς
570 1471 947 1538 λαμϐάνοντας
983 1470 1043 1534 ἐξ
1086 1472 1362 1524 Ἰουδαίων
1392 1471 1458 1523 τὰ
1488 1473 1588 1540 τῆς
1631 1473 1827 1542 ἑορτῆς

250 1562 436 1612 αὖτῶν
476 1562 646 1625 ξένια,
683 1563 752 1613 τὰ
785 1561 966 1628 ἄζυμα
997 1562 1218 1631 δηλαδὴ,
1279 1562 1372 1612 καὶ
1416 1562 1483 1613 τὰ
1519 1561 1700 1622 λοιπὰ,
1742 1561 1826 1613 λέ·

249 1670 444 1719 γουσιν
495 1654 545 1704 oi
579 1653 764 1704 πολλοὶ
821 1652 1137 1704 ἁλίσκεσθαι
1186 1654 1308 1712 τοὺς
1346 1654 1703 1720 ποιουμένους
1740 1653 1826 1705 διὰ

251 1745 486 1812 ἀζύμων
539 1744 638 1812 τὴν
695 1745 964 1813 μυστικὴν
1007 1738 1222 1796 Θυσίαν.
1272 1744 1332 1796 Et
1382 1744 1490 1812 γὰρ
1518 1744 1576 1795 τὸ
1613 1744 1822 1811 ἁπλῶς,

1935 561 2084 613 fectm
2115 566 2681 630 exctunmuuicationi,
2712 567 2787 618 uti
2825 567 2990 618 etiam
3029 565 3178 632 jubet
3220 565 3287 616 ‘29
3325 581 3494 618 σιιιιοιι

1931 652 2143 704 Laodir.
2177 670 2296 723 syu.
2334 653 2436 708 Sed
2471 656 2554 708 dic
2592 657 2687 709 hos
2734 657 2946 724 quidem
2993 665 3134 706 recte
3193 657 3396 708 sentire
3446 665 3499 708 c'.

1929 745 2261 797 orthodoxos
2291 761 2430 809 esse,
2466 747 2557 800 sed
2595 748 3093 799 ecclesiasticarum
3141 749 3491 797 traditiouum

1931 844 2352 902 eontemptorcs,
2382 847 2436 890 et
2483 836 2952 889 iudiscrimiuatim
2984 839 3225 888 viventes
3257 854 3268 886 :
3301 845 3354 886 et
3383 835 3501 886 idco

1932 928 2074 993 ipsos
2106 929 2314 989 mitius,
2347 940 2401 980 ut
2425 928 2513 995 qui
2543 927 2926 980 oll'endiculutn
2956 937 3234 993 generem.
3294 927 3493 990 puniri.

1931 1015 2221 1083 Propterea
2262 1031 2490 1084 namque
2521 1027 2569 1070 et
2604 1032 2696 1070 nos
2724 1018 2815 1084 qui
2849 1015 3046 1069 Judacis
3095 1018 3322 1083 aliisque
3375 1016 3484 1066 b.13-

1931 1105 2118 1157 reticis
2151 1107 2418 1158 contraria
2464 1115 2517 1159 et
2551 1106 2813 1158 sentimus
2857 1116 2911 1157 et
2959 1105 3192 1169 agimus.
3239 1105 3499 1156 solvimus

1930 1196 2065 1247 citra
2131 1196 2519 1249 dubitationem
2561 1237 2573 1257 _.
2626 1198 2840 1256 quando
2892 1194 2965 1247 illi
3023 1196 3304 1262 jejnnant,
3365 1195 3499 1245 forte

1929 1299 2152 1356 prepter
2180 1289 2352 1341 minas
2385 1287 2626 1353 Ninives,
2668 1289 2750 1342 vel
2795 1289 2929 1341 alias
2963 1303 3080 1355 qua:
3123 1292 3202 1340 eis
3254 1287 3499 1338 videntur

1929 1395 2144 1435 causas.
2202 1382 2278 1433 Ac
2323 1395 2388 1434 ex
2431 1382 2531 1434 hoc
2563 1382 2775 1447 quidem
2831 1379 2972 1447 quod
3026 1379 3368 1444 deponuntur
3418 1379 3495 1428 vel

1928 1480 2282 1540 segregantur
2311 1471 2343 1524 ii
2367 1471 2459 1540 qui
2493 1487 2519 1522 a
2547 1469 2748 1524 Judaeis
2777 1471 3036 1524 festorum
3066 1470 3302 1537 ipsorum
3339 1468 3496 1519 xenia

1931 1565 2226 1632 accipiunt,
2261 1579 2446 1635 azyma
2477 1573 2530 1617 et
2563 1574 2780 1627 caetera,
2813 1564 2999 1617 dicunt
3032 1563 3187 1615 multi
3219 1576 3311 1615 eos
3345 1563 3495 1630 argui

1934 1657 2024 1724 qui
2059 1671 2153 1725 per
2201 1672 2388 1726 azyma
2439 1657 2723 1725 mysticum
2774 1654 3100 1708 sacriﬁcium
3157 1652 3382 1706 faciunt.
3439 1652 3494 1703 Si

1929 1748 2072 1801 enim
2102 1748 2420 1815 simpliciter
2442 1763 2687 1815 azymum
2719 1761 2958 1801 comesse
2986 1745 3194 1798 Jndaici
3229 1745 3371 1806 festi,
3400 1745 3491 1796 dc-

248 1839 412 1904 ῳησὶ,
445 1840 639 1904 φαγεῖν
674 1838 860 1906 ἄζυμα
921 1836 1227 1905 Ἰουδαϊκῆς
1261 1836 1584 1906 καθαίρεσιν
1629 1839 1824 1904 ἐπάγει
1859 1824 1899 1878 Β

1859 1824 1899 1878 Β
1936 1840 2253 1906 positionem
2299 1851 2352 1893 et
2387 1841 2812 1908 segregationem
2862 1838 3088 1898 inducit,
3135 1851 3321 1888 corum
3380 1847 3493 1886 tan-

249 1930 348 1977 καὶ
391 1925 724 1994 ἁφορισμὸν,
759 1926 820 1976 τὸ
875 1925 1318 1993 μεταλαμϐάνειν
1356 1926 1556 1991 αὐτῶν,
1597 1927 1670 1989 ὡς
1709 1929 1821 1979 Κυ-

253 2016 452 2080 ριακοῦ
489 2017 763 2086 σώματος,
796 2016 890 2067 καὶ
918 2017 1232 2084 παρομοίως
1256 2016 1485 2077 ἐκείνοις
1510 2017 1598 2069 διὰ
1622 2019 1826 2070 τούτων

248 2110 313 2159 τε)
353 2109 543 2176 Πάσχα
599 2108 796 2168 ποιεῖν,
849 2107 1010 2158 ποίαν
1063 2107 1160 2175 οὐχ
1196 2107 1309 2170 ἕξει
1353 2109 1701 2177 κατάγνωσιν
1733 2113 1826 2162 καὶ.

247 2201 480 2252 κόλασιν
507 2217 522 2263 ;
557 2200 874 2266 Σημείωσαι
896 2197 988 2250 οὖν
1012 2197 1254 2250 τοιοῦτον
1289 2200 1510 2265 κανόνα,
1553 2201 1647 2254 καὶ
1676 2203 1824 2268 ζήτει

245 2290 349 2356 τῆς
385 2291 441 2339 ὲν
483 2288 817 2356 Καρθαγὲνῃ
852 2289 1070 2339 συνόδου
1102 2290 1302 2341 κανόνα
1339 2288 1400 2352 ξ’.

322 2379 567 2433 ΖΩΝΑΡ.
599 2380 660 2432 El
709 2382 735 2432 ό
766 2379 1118 2448 ἀκοινωνὴτῳ
1159 2381 1552 2449 συνευξάμενος
1595 2383 1626 2450 ἢ
1695 2384 1828 2436 καθα

241 2471 533 2542 ῃπζμένφ,
569 2471 655 2522 διὰ
682 2470 809 2532 τοὺς
848 2471 949 2539 ἤδη
986 2474 1410 2541 γεγραμμένους
1441 2475 1670 2538 κανόνας
1725 2475 1828 2527 ὑπὸ

243 2563 526 2629 ἐπιτίμιον
545 2564 709 2624 ἐστὶν,
738 2563 764 2614 ό
785 2563 917 2630 μετὰ
945 2561 1219 2615 Ἰουδαίων
1244 2565 1538 2629 ἑορτάζων),
1573 2565 1604 2633 ἧ
1638 2582 1828 2634 συννη-

242 2655 424 2706 τεύων
443 2655 696 2723 αὑτοῖς,ἢ
722 2654 943 2722 μερῖδας
961 2655 1111 2717 τινὰς
1130 2657 1320 2724 ἑορτῆς
1338 2658 1517 2709 αὐτῶν
1539 2658 1827 2721 ἐξέκείνων

240 2746 540 2813 δεχόμενος
556 2744 882 2815 (ἀνθρώπων
902 2747 1001 2798 οὐκ
1020 2747 1440 2816 ἀφωρισμένων,
1461 2749 1579 2801 οὐδὲ
1603 2750 1829 2803 ἀκοινω-

241 2839 444 2902 vntum,
471 2835 606 2888 ἀλλὰ
631 2836 1073 2903 Χριστοκτόνων,
1115 2837 1208 2889 καὶ
1242 2838 1429 2908 πόρρω
1464 2839 1561 2908 τῆς
1602 2840 1710 2891 τῶν
1742 2857 1828 2891 πι-

243 2926 396 2979 στῶν
426 2925 776 2995 όμηγύρεως,
813 2927 847 2996 ἢ
883 2928 1084 2996 μᾶλλον
1107 2929 1453 3000 καταράτων)
1479 2931 1594 2993 πῶς
1627 2931 1726 2984 οὐκ
1759 2929 1826 2984 ἂν

240 3020 333 3088 εἴη
372 3019 544 3082 ἄξιος,
570 3019 866 3089 ίερωμένος
894 3019 993 3082 ὢν,
1028 3020 1418 3090 καθαιρέσεως,
1450 3022 1482 3091 ἢ
1509 3022 1693 3082 tam;
1727 3021 1824 3085 ῶν,

241 3107 592 3176 ἀφοιοισμοῦς
622 3109 742 3162 Κᾶν
765 3109 874 3178 γὰρ
905 3109 978 3179 μὴ
1003 3109 1072 3162 τὰ
1108 3111 1330 3163 ἐκείνων
1365 3115 1560 3182 φρονῇ,
1595 3113 1730 3167 ἀλλά
1761 3130 1823 3180 γε

239 3200 466 3260 τολλοῖς
516 3199 813 3252 σκανδάλου
859 3199 1077 3252 δίδωσιν
1125 3201 1383 3272 ἀφορμὴν
1421 3204 1513 3254 καὶ
1564 3202 1824 3256 ὑπόνοιαν

240 3290 370 3342 καθ’
390 3291 585 3343 ἑαυτοῦ
617 3291 690 3352 ὡς
714 3291 814 3355 τὰς
848 3292 1150 3355 Ἰουδαϊκὰς
1193 3293 1372 3363 τιμῶν
1404 3294 1646 3358 τελετάς.
1672 3297 1822 3365 Ἀμα

233 3384 300 3435 δὲ
330 3385 426 3436 καὶ
449 3383 758 3452 μιαίνεσθαι
781 3385 1095 3437 πιστεύεται
1119 3387 1184 3454 τῇ
1212 3386 1438 3439 ἐκείνων
1456 3403 1823 3458 συναναστρο-

237 3477 320 3542 φῇ
351 3491 363 3504 ·
403 3475 538 3543 πρὸς
563 3473 654 3536 οὓς
691 3476 718 3526 ό
749 3475 881 3538 Θεὸς
911 3475 996 3527 διὰ
1021 3475 1114 3527 τοῦ
1149 3478 1435 3546 προφήτου
1473 3479 1566 3530 καὶ
1596 3480 1699 3548 πρὸ
1726 3482 1823 3548 τῆς

235 3567 677 3633 Χριστοκτονίας
713 3567 1032 3637 εὑρίσκεται
1062 3567 1333 3638 εἰρηκώς·
1369 3571 1699 3637 Νηστείαν,
1722 3572 1820 3624 καὶ

242 3660 489 3726 ἀργίαν,
523 3659 619 3711 καὶ
655 3658 761 3724 τὰς
789 3659 996 3726 ἑορτὰς
1028 3661 1196 3728 ὑμῶν
1227 3661 1400 3728 μισεῖ
1428 3664 1465 3729 ἠ
1489 3665 1658 3731 ψυχή
1677 3682 1817 3730 μου.

244 3750 360 3800 Καὶ
387 3750 415 3800 ὁ
446 3746 528 3800 κθ⁹
562 3748 662 3815 τῆς
692 3749 750 3801 ὲν
781 3749 1074 3818 Λαοδικείᾳ
1101 3750 1318 3803 συνόδου
1351 3751 1531 3804 κανὼν
1557 3752 1820 3821 Χριστια-

235 3839 334 3890 νὺν
367 3840 425 3889 ἐν
455 3838 721 3905 Σαϐϐάτῳ
757 3840 832 3910 μὴ
862 3841 1148 3909 σχολάζειν
1171 3841 1370 3910 ὁρίζει.
1418 3844 1481 3894 Οἱ
1511 3842 1567 3895 δὲ
1602 3845 1820 3896 Ἰουδαῖ-

236 3928 373 3983 σταὶ
406 3929 657 3996 ἀνάθεμα
708 3929 973 3993 ἔστωσαν,
1006 3931 1162 3998 φησί.
1199 3933 1309 3985 Καὶ
1343 3933 1369 3984 ὁ
1403 3930 1442 3996 ξ’
1491 3933 1670 3987 κανὼν
1718 3935 1819 4004 τῆς

233 4022 299 4071 ἐν
322 4018 657 4087 Καρθαγὲνῃ
703 4019 925 4072 συνόδου
962 4020 1167 4074 κωλύει
1201 4021 1262 4073 τὸ
1306 4024 1693 4092 συνεορτάζειν
1723 4026 1818 4077 καὶ

231 4108 642 4177 συμποσιάζειν
668 4109 918 4177 ’Έλλησι.

825 4287 1064 4340 ΚᾹΝΩΝ
1092 4289 1215 4342 OA'.

227 4376 310 4431 El
365 4393 456 4441 τις
502 4377 856 4445 Χριστιανὸς
907 4379 1116 4432 ἔλαιον
1160 4379 1477 4449 ἀπενέτκοι
1518 4386 1604 4446 εις
1656 4385 1816 4453 ἱερὸν

302 4465 520 4533 ἐθνῶν,
575 4468 612 4534 ἢ
667 4469 753 4532 είς
807 4469 1176 4537 συναγωγὴν
1228 4471 1530 4526 Ἰουδαίων
1575 4476 1644 4528 ἐν
1683 4477 1811 4544 ταῖς
1847 4491 1887 4544 ι)

813 4469 1176 4537 συναγωγὴν
1228 4471 1530 4526 Ἰουδαίων
1575 4476 1644 4528 ἐν
1683 4477 1811 4544 ταῖς
1847 4491 1887 4544 ι)
1985 4481 2250 4548 gentium,
2297 4480 2374 4532 vel
2427 4481 2480 4532 in

299 4558 539 4624 ἑορταῖς
565 4558 784 4621 αὐτῶν,
816 4561 854 4627 ἢ
883 4561 1158 4628 λύχνους
1187 4562 1378 4628 ἅπτει,
1421 4567 1808 4634 ἀφοριζέσθω.

300 4649 500 4702 ΒΑΛΣ.
545 4649 836 4720 Διαφόρως
884 4652 1104 4721 εῖρηται
1140 4655 1222 4706 ὅτι
1270 4656 1500 4726 οὐδεμία
1557 4666 1813 4716 κοινωνία

225 4737 415 4808 πιστῷ
450 4756 515 4806 με
529 4740 590 4791 τὰ
616 4739 846 4792 ἀπίστου
870 4758 884 4770 ο
915 4742 1038 4794 ὅθεν
1064 4744 1160 4804 καὶ
1201 4747 1227 4796 ό
1260 4747 1448 4816 παρὼν
1489 4751 1669 4802 κανὼν
1709 4755 1814 4823 ἁφ-

221 4829 515 4898 ορίζεσθαί
548 4845 680 4899 φησι
713 4831 805 4883 τὸν
834 4832 1162 4900 Χριστιανὸν
1191 4834 1281 4886 τὸν
1313 4838 1451 4904 μετὰ
1481 4841 1809 4910 οἱουδήτινος

223 4920 468 4974 ἀπίστου
524 4921 978 4986 συνεορτάζοντα,
1039 4923 1070 4991 ἢ
1131 4924 1310 4977 ἔλαιον
1369 4927 1402 4996 ἢ
1471 4930 1664 5000 λύχνον
1715 4928 1857 4986 ἀν-’

224 5014 480 5066 ἀπτοντα
514 5013 597 5073 είς
628 5012 1020 5082 ψευδοτελετὴν
1064 5015 1253 5077 αὑτοῦ,
1286 5017 1375 5070 διὰ
1403 5019 1463 5072 τὸ
1497 5021 1809 5088 λογίζεσθαι

218 5103 422 5157 τοῦτον
460 5105 574 5167 τοῖς
621 5105 871 5167 ἀπίστοις
904 5107 1205 5178 ὁμόφρονα.
1255 5112 1364 5163 Καὶ
1415 5113 1523 5165 ἀπὸ
1561 5115 1662 5181 μὲν
1712 5117 1806 5169 τοῦ

220 5197 500 5266 παρόντος
531 5197 899 5268 ἐλαφρότερον
938 5201 966 5251 ό
991 5199 1236 5266 τοιοῦτος
1266 5204 1580 5273 κολάζεται,
1614 5209 1672 5273 ἐξ
1698 5211 1810 5262 ἐτέ-

223 5303 340 5355 ρων
379 5285 436 5337 δὲ
467 5287 724 5354 μεγάλως
747 5290 1090 5358 τιμωρεῖται.

293 5377 547 5430 ΖΩΝΑΡ.
607 5377 696 5440 Ὣς
751 5379 860 5449 γὰρ
916 5381 1091 5450 τιμῶν
1142 5384 1210 5434 τὰ
1261 5385 1370 5437 τῶν
1430 5386 1716 5455 Ἰουδαίων,
1769 5393 1801 5462 ἢ

217 5468 480 5531 ἐθνικῶν,
505 5470 605 5538 τὴν
638 5469 733 5523 τοῦ
761 5471 945 5523 ἐλαίου
981 5474 1218 5525 ποιεῖται
1274 5483 1661 5545 προσαγωγὴν,
1709 5485 1806 5534 καὶ

216 5561 322 5629 τὴν
354 5559 697 5628 λυχναψίαν·
740 5563 787 5612 εί
821 5561 878 5613 δὲ
914 5564 1049 5637 τιμᾷ
1101 5563 1168 5614 τὰ
1209 5566 1434 5619 ἐκείνων
1483 5571 1663 5641 ὄργια,
1711 5575 1806 5626 καὶ

220 5653 290 5701 τὰ
330 5651 472 5703 αὐτὰ
506 5652 735 5713 ἐκείνοις
769 5656 986 5723 φρονεῖν
1017 5656 1422 5724 λογισθήσεται.

297 5762 345 5792 ⁸³
377 5763 541 5816 Amos
579 5777 629 5827 v,
651 5761 740 5818 28.
817 5765 863 5797 ”
903 5764 944 5820 ll
976 5765 1102 5822 Cor.
1131 5784 1202 5834 Vl,
1237 5769 1320 5823 15.

1931 1944 2092 1996 quam
2126 1929 2387 1982 Dominici
2436 1928 2678 1996 corporis
2730 1941 2852 1980 esse
2895 1926 3198 1993 participes.
3251 1933 3303 1976 et
3347 1923 3497 1974 sitni-

1929 2023 2056 2076 liter
2083 2036 2145 2075 ac
2180 2023 2253 2075 illi
2285 2023 2487 2074 Pascha
2519 2021 2722 2083 facere,
2765 2032 2925 2087 quam
2977 2034 3080 2070 non
3118 2017 3333 2068 habebit
3365 2029 3494 2066 cou-

1930 2119 2333 2172 demnationeui
2411 2128 2462 2171 ct
2528 2114 3086 2168 animadversionem?
3168 2112 3297 2164 Nota
3370 2125 3499 2174 ergo

1931 2208 2075 2260 hunc
2112 2222 2397 2268 cationem,
2435 2214 2489 2258 et
2521 2219 2700 2273 qumre
2731 2202 3119 2270 Carthagincn.
3175 2199 3362 2270 synodi
3406 2214 3498 2251 ca-

1931 2311 2122 2348 ιιοιιιηίι
2171 2297 2261 2348 (30.

2000 2385 2252 2440 ΖΟΝᾹΒ.
2289 2385 2341 2437 Si
2373 2385 2460 2450 qui
2497 2382 2658 2436 simul
2691 2392 2810 2435 orat
2847 2397 2966 2435 cum
3006 2377 3495 2436 excommunicato,

1929 2478 2010 2530 vel
2044 2479 2306 2544 deposito,
2353 2491 2446 2542 per
2475 2477 2583 2541 jam
2618 2474 2851 2543 scriptos
2892 2486 3150 2533 canones,
3177 2485 3347 2535 pinna:
3378 2484 3500 2519 ten.

1931 2579 2034 2630 est,
2065 2585 2185 2622 cum
2218 2568 2416 2621 Juda‘is
2447 2579 2613 2635 agens
2651 2568 2844 2618 l'cstum
2894 2565 2978 2614 vel
3019 2578 3138 2615 cum
3192 2562 3321 2626 ipsis
3361 2559 3502 2627 jeju-

1931 2675 2084 2718 nans.
2141 2659 2221 2712 vel
2273 2659 2483 2726 aliquas
2537 2656 2848 2709 eorumdem
2901 2653 3022 2707 l'esti
3075 2663 3255 2720 partes
3297 2650 3500 2703 abillis

1928 2751 2197 2820 accipiens
2229 2749 2561 2817 (hominibus
2619 2763 2722 2800 non
2787 2744 3053 2814 separatis
3099 2754 3153 2797 et
3186 2756 3503 2796 excouunn-

1927 2839 2144 2905 nicatis,
2180 2839 2273 2894 sed
2302 2838 2504 2894 Christi
2531 2837 2861 2892 occisoribus
2894 2845 2948 2888 et
2981 2835 3166 2904 procul
3198 2831 3433 2886 exclusis
3467 2846 3494 2881 a

1929 2931 2168 2985 ﬁdelium
2207 2939 2352 2985 coetu
2382 2931 2462 2983 vel
2498 2929 2675 2998 potius
2710 2926 3054 2994 maledictis),
3095 2925 3360 2991 quomodo
3390 2938 3496 2975 non

1929 3020 2092 3074 etiam
2122 3020 2317 3090 dignus
2353 3019 2542 3084 fuerit,
2579 3027 2827 3073 sacratus
2860 3016 3099 3085 quidem,
3142 3013 3499 3081 depositione,

1929 3111 2010 3166 vel
2040 3112 2232 3177 laicus,
2293 3109 2896 3166 excommunicatione?
2942 3105 3075 3160 Nam
3135 3107 3347 3159 tametsi
3393 3120 3497 3158 non

1927 3204 2146 3267 sentiat,
2181 3203 2325 3272 quod
2363 3202 2436 3256 illi
2471 3219 2484 3256 :
2522 3201 2705 3256 multis
2745 3211 2920 3254 tamen
2952 3197 3294 3251 occasionem
3326 3209 3498 3248 scan-

1926 3295 2031 3346 dali
2067 3294 2291 3363 praebet,
2351 3293 2402 3346 in
2463 3307 2628 3360 seque
2684 3293 2856 3358 ipsum
2895 3287 3281 3354 suspicionem,
3343 3287 3495 3353 quasi

1924 3383 2174 3438 Judaicos
2199 3384 2395 3438 habeat
2430 3383 2481 3438 itt
2516 3384 2724 3437 honore
2773 3383 2933 3445 ritus,
2974 3380 3133 3434 simul
3180 3390 3236 3431 et
3283 3378 3495 3431 illorum

1926 3475 2334 3532 conversatione
2363 3474 2722 3528 contaminari
2757 3463 2999 3527 creditur
3027 3488 3040 3524 :
3084 3470 3147 3522 ad
3177 3483 3312 3536 quos
3357 3469 3497 3520 Deus

1925 3581 2019 3634 per
2046 3566 2388 3636 prophetam,
2433 3565 2580 3634 prius
2612 3564 2774 3618 etiam
2806 3577 2964 3631 quam
3000 3560 3277 3614 Christum
3331 3559 3498 3612 truci-

1924 3659 2169 3722 dassent,
2202 3656 2476 3710 invenitur
2519 3656 2742 3719 dixisse,
2775 3652 3069 3721 Jejunium,
3115 3661 3169 3704 et
3216 3650 3400 3712 ferias,
3440 3656 3494 3700 et.

1923 3751 2241 3805 festivitates
2287 3759 2494 3805 vestras
2545 3751 2658 3805 odit
2701 3751 2878 3803 anima
2935 3749 3141 3803 mea".
3195 3747 3495 3800 Vicesimus

1921 3849 2097 3894 autem
2154 3855 2327 3894 nonus
2382 3841 2436 3893 in
2504 3839 2768 3893 Laodicea
2841 3839 3031 3909 synodi
3087 3854 3255 3891 canon
3307 3836 3496 3890 deﬁnit

1920 3930 2261 3986 Christianos
2288 3932 2338 3984 in
2369 3930 2618 3984 Sabbatis
2650 3933 2716 3984 ab
2746 3932 3000 3998 operibus
3025 3929 3136 3983 suis
3160 3944 3263 3981 non
3290 3928 3495 3979 'dchero

1919 4035 2133 4076 vacare.
2187 4019 2444 4074 Jndaistce
2495 4035 2621 4072 vero
2680 4020 2792 4072 sint
2839 4020 3163 4082 anathema,
3209 4019 3360 4071 dicit.
3422 4017 3493 4068 Et

1920 4112 2293 4178 sexagesimus
2326 4113 2380 4163 in
2416 4110 2744 4179 Carthagine
2778 4109 2966 4179 synodi
3017 4124 3186 4161 canon
3237 4108 3492 4177 prohibet

1919 4218 2077 4272 agere
2108 4202 2264 4268 festa,
2295 4201 2678 4270 convivarique
2711 4216 2830 4254 cum
2861 4200 3170 4269 gentilibus.

2505 4291 2734 4348 CANON
2778 4292 2966 4347 LXXI.

1919 4387 1978 4442 Si
2047 4389 2163 4457 quis
2220 4387 2555 4441 Christianus
2617 4388 2787 4440 oleum
2859 4388 3062 4454 deferat
3128 4388 3181 4439 in
3248 4385 3495 4452 templum

2571 4496 2889 4548 synagogam
2929 4478 3263 4542 Juda'orum,
3308 4480 3360 4529 in
3407 4495 3496 4529 eo-

1993 4587 2109 4623 rum
2143 4572 2316 4636 festis,
2353 4572 2429 4624 vel
2456 4571 2725 4624 lucernam
2758 4572 3024 4631 accendit,
3057 4581 3375 4637 segregetur.

1992 4661 2186 4716 BALS.
2221 4664 2340 4717 Alio
2376 4665 2535 4717 modo
2562 4663 2768 4717 dictum
2802 4671 2884 4716 est
2913 4662 3116 4716 nullam
3148 4677 3269 4715 esse
3321 4661 3494 4714 socie-

1922 4763 2084 4808 tatem
2130 4756 2270 4809 ﬁdeli
2301 4772 2419 4809 cum
2455 4756 2653 4810 inﬁdeli
2676 4758 2742 4820 '9,
2777 4757 2921 4809 unde
2959 4764 3014 4808 et
3046 4769 3283 4822 prtesens
3318 4769 3489 4805 canon

1920 4847 2190 4915 segregari
2219 4847 2351 4900 dicit
2374 4846 2744 4901 Christianum
2775 4845 2866 4914 qui
2894 4860 3016 4898 cum
3054 4844 3254 4898 inﬁdeli
3303 4845 3491 4912 quovis

1919 4937 2052 4992 festa
2085 4937 2342 5000 celebret,
2372 4938 2454 4991 vel
2488 4939 2661 4992 oleum
2689 4947 2781 4989 aut
2811 4939 3084 4989 lucernam
3113 4936 3176 4986 ad
3210 4935 3324 5002 ejus
3358 4935 3488 4988 falsa

1921 5029 2188 5082 sacrilicia
2237 5029 2518 5095 accendat,
2560 5045 2624 5084 eo
2669 5028 2806 5094 quod
2865 5029 2962 5080 iste
3008 5042 3128 5080 cum
3187 5026 3490 5081 iulidelibns

1915 5122 2225 5173 consentire
2269 5131 2574 5174 censeatur.
2629 5123 2812 5188 Atque
2856 5134 2920 5172 ex
2981 5120 3080 5172 hoc
3139 5118 3352 5186 quidem
3404 5134 3492 5169 ca-

1913 5225 2051 5264 none
2091 5213 2258 5264 levius
2290 5215 2586 5282 castigatur
2626 5214 2766 5276 talis,
2802 5227 2862 5264 ex
2898 5207 3015 5265 aliis
3048 5221 3225 5263 autem
3259 5213 3492 5279 graviter

1916 5300 2156 5367 punitur.

1985 5392 2091 5463 47
2112 5391 2357 5446 ZONAtt.
2389 5393 2518 5445 Nam
2557 5393 2700 5446 velut
2731 5394 2999 5447 honorans
3030 5407 3112 5456 ca,
3138 5406 3255 5461 qua:
3280 5390 3490 5446 Judteu-

1919 5497 2034 5533 rum
2071 5492 2219 5545 sunt,
2253 5492 2340 5534 aut
2363 5484 2665 5552 gentilium.
2691 5485 2865 5538 oleum
2891 5483 3064 5550 olfert,
3099 5491 3154 5537 et
3188 5482 3485 5550 lampadem

1917 5572 2190 5626 accendit.
2227 5570 2380 5637 Quod
2406 5573 2448 5626 si
2480 5573 2654 5628 defert
2713 5575 2924 5628 illorum
2987 5572 3140 5627 festis
3200 5573 3483 5632 honorem,

1908 5665 2020 5732 jam
2049 5665 2256 5729 eadem,
2295 5679 2414 5734 quae
2446 5674 2500 5720 et
2535 5666 2629 5731 illi,
2659 5669 2860 5722 sentire
2894 5663 3223 5721 censebitur.
