4222 6460
801 413 894 472 137
2034 423 2163 481 ’ΤΠ
2181 421 2344 480 EOD.
2390 418 2797 479 BALSAMON
3675 438 3684 445 '
3936 427 4037 487 188

798 520 996 587 synodo
1036 523 1357 576 permissum
1392 524 1481 585 sit,
1535 525 1927 578 inobcdientcm
1975 542 2037 581 ac
2082 538 2363 579 contutna-
2394 527 2436 580 Α

2498 526 2681 597 νεδὸθη
2740 528 2827 580 διὰ
2881 529 2973 580 τοῦ
3029 532 3271 582 τοιούτου
3314 532 3539 594 κανόνος
3590 535 3654 603 τῇ
3701 536 3913 605 συνόδῳ
3942 538 4037 589 καὶ

798 626 912 661 rem
938 616 1245 677 episcopum
1273 616 1589 679 depositioni
1644 618 1925 684 sul~jiccre.
1964 617 2223 671 Dixerunt
2266 633 2363 669 att-

801 714 903 753 tem
930 702 1113 768 aliqui.
1146 719 1171 753 a
1210 705 1577 758 misericordia
1608 707 1768 759 nimis
1810 709 2041 761 alienum
2098 723 2242 769 esse,
2306 717 2364 760 ut

798 792 866 842 ob
927 792 1342 847 inoltcdieutiam
1398 799 1511 850 sive
1593 800 1985 852 contmnaciam
2067 781 2366 866 deponatur

800 882 1121 948 episcopus:
1158 885 1249 936 sed
1285 886 1441 939 aliter
1472 887 1665 939 debere
1696 888 1840 940 illum
1887 889 2084 955 puniri.
2120 890 2174 942 Si
2221 890 2363 942 enim

802 985 861 1022 ea
893 982 1056 1035 esset,
1096 972 1363 1037 inquiunt,
1397 976 1759 1041 apostolorum
1789 981 2076 1041 sententia,
2122 989 2180 1033 ιιι
2206 981 2368 1046 depo-

804 1072 1022 1114 neretur
1091 1064 1398 1131 episcopus,
1470 1068 1818 1135 depositionis
1888 1070 1940 1122 iu
2000 1070 2101 1123 hoc
2164 1084 2368 1123 canone.

801 1154 1190 1208 meminissent.
1213 1155 1312 1207 Alii
1344 1165 1519 1209 autem
1556 1159 1822 1220 dixerunt,
1845 1159 1985 1227 quod
2018 1176 2082 1213 ex
2117 1162 2360 1229 proxime

801 1242 944 1320 edita
978 1258 1004 1294 a
1038 1243 1146 1295 Deo
1186 1246 1425 1298 coronati
1472 1255 1524 1298 et
1572 1250 1740 1300 sancti
1793 1250 2136 1316 imperatoris
2188 1252 2358 1303 nostri

802 1322 1105 1385 veneranda
1137 1333 1377 1401 Novella,
1414 1338 1721 1407 quicunque
1752 1340 1795 1393 is
1818 1340 1887 1393 sit
1919 1340 2179 1393 adversus
2210 1356 2367 1406 quem

801 1425 942 1477 actio
969 1426 1283 1492 intenditur,
1312 1429 1353 1479 si
1389 1428 1437 1480 in
1466 1429 1725 1496 judicium
1760 1440 2002 1493 vocetur.
2034 1441 2083 1486 et
2114 1442 2231 1499 post
2256 1441 2367 1486 tres

802 1516 1231 1571 demuztiatioues
1288 1532 1384 1586 per
1424 1531 1529 1573 tres
1579 1524 1806 1590 scriptas
1856 1525 2138 1577 citationes
2190 1537 2373 1576 accer-

800 1606 954 1667 situs,
990 1617 1039 1657 et
1074 1623 1177 1659 non
1210 1613 1448 1673 veniens,
1474 1614 1862 1664 condemnatur
1892 1614 1973 1666 vel
2023 1629 2124 1665 una
2166 1624 2370 1667 tantum

802 1708 952 1763 parte
981 1711 1265 1765 praesente.
1301 1701 1354 1753 Si
1388 1717 1513 1769 ergo
1550 1704 1712 1755 etiam
1756 1705 2041 1771 episcopus
2091 1720 2209 1759 cum
2276 1708 2369 1758 da-

802 1789 947 1841 tione
985 1789 1144 1844 libelli
1173 1807 1235 1845 ac
1269 1793 1485 1858 scriptis
1540 1793 1792 1863 legitimis
1843 1807 2131 1851 accusatus
2186 1797 2369 1860 fuerit,

801 1886 852 1930 et
884 1878 1047 1942 injus
1089 1890 1329 1944 vocatus,
1376 1883 1610 1950 primunt
1658 1884 1871 1952 quidem
1922 1902 2016 1953 per
2092 1886 2378 1937 denuntia-
2411 1871 2448 1925 Β

802 1969 999 2033 tiones,
1062 1972 1259 2026 deinde
1323 1975 1485 2028 etiam
1529 1990 1625 2041 per
1686 1976 1783 2028 tria
1841 1978 2060 2045 scriptis
2125 1979 2375 2029 mandata

803 2059 1003 2121 edicta,
1041 2071 1094 2114 et
1124 2077 1182 2115 sc.
1214 2062 1417 2127 judicio
1454 2078 1555 2117 non
1586 2063 1858 2125 obtulerit,
1902 2066 2248 2119 damnabitur
2294 2069 2377 2121 vel

805 2164 911 2202 una
938 2159 1144 2203 tantum
1182 2160 1331 2217 parte
1366 2163 1654 2220 prtesente.
1687 2152 1783 2205 llic
1809 2170 1935 2221 ergo
1986 2158 2188 2221 vocari,
2247 2160 2379 2226 legi-

804 2238 934 2291 time
963 2238 1304 2304 intelligitur,
1352 2239 1562 2295 scilicet
1606 2255 1699 2310 per
1732 2241 1800 2295 '50
1846 2244 2052 2295 dierum
2095 2243 2291 2310 edicta,
2328 2254 2383 2298 et

806 2346 909 2384 non
962 2341 1019 2385 ut
1079 2333 1323 2386 nonnulli
1384 2333 1633 2387 dixerunt
1677 2350 1771 2403 per
1818 2350 2112 2401 paucorum
2172 2337 2380 2390 dierum

811 2424 1025 2491 scriptis
1074 2427 1353 2479 mandatas
1409 2427 1865 2482 denuntiatioues.
1907 2427 2019 2482 Hoc
2055 2436 2232 2482 autem
2276 2428 2383 2483 alio

812 2517 974 2570 modo
1005 2517 1202 2571 dictum
1234 2526 1315 2571 est
1364 2518 1416 2571 in
1456 2519 1706 2573 tribunali
1758 2519 2046 2588 imperiali,
2100 2530 2154 2575 et
2213 2521 2385 2585 magis

808 2610 860 2660 in
894 2622 1055 2662 causa
1088 2610 1323 2677 episcopi
1366 2611 1622 2675 Bcsrenae,
1680 2621 1734 2665 et
1776 2609 2074 2685 iudicatum
2126 2621 2231 2673 est,
2291 2628 2387 2681 per

812 2700 911 2753 tria
942 2698 1177 2768 legitima
1210 2701 1386 2753 edicta
1417 2701 1613 2756 debere
1636 2704 1815 2755 vocari
1840 2702 2170 2771 episcopum,
2197 2704 2388 2758 adver-

812 2808 904 2843 sus
935 2807 1093 2858 quem
1136 2793 1274 2846 actio
1303 2793 1624 2857 intenditur,
1659 2803 1712 2848 et
1739 2794 1808 2846 ita
1836 2804 2056 2863 pr0pter
2100 2804 2386 2847 contuma-

811 2884 948 2935 ciam
988 2884 1357 2938 condemnari.
1391 2884 1749 2939 Condemnari
1802 2886 2017 2954 quidem
2073 2886 2382 2956 episcOpum

810 2983 1186 3029 contumacem
1253 2976 1406 3042 juxta
1474 2977 1695 3030 illustris
1752 2977 2097 3047 imperatoris
2177 2978 2380 3031 domini

813 3063 1073 3117 Manuelis
1111 3064 1369 3117 Conmeni
1406 3064 1708 3130 Novellam,
1726 3073 1880 3119 extra
1904 3077 2120 3119 omnem
2152 3074 2234 3118 est
2258 3079 2388 3119 con-

817 3152 1157 3205 troversiatn.
1213 3152 1305 3206 Sic
1369 3153 1512 3207 enim
1565 3164 1623 3206 ut
1686 3155 1887 3208 dictum
1940 3164 2043 3217 est,
2090 3153 2389 3221 judicatutn

813 3241 916 3295 fuit
944 3242 1084 3308 apud
1115 3242 1318 3309 regium
1351 3253 1405 3295 et
1435 3243 1673 3297 divinum
1705 3243 2010 3298 tribunoLA
2038 3244 2249 3298 duobus
2294 3259 2391 3297 au-

815 3338 920 3383 tem
944 3329 1274 3383 antistitibus
1304 3340 1358 3384 et
1410 3346 1514 3385 nou
1552 3331 1708 3385 aliter
1735 3332 2067 3386 vocationem
2103 3333 2219 3399 ejus
2255 3334 2390 3411 ﬁeri,

815 3430 873 3473 ιιι
901 3418 1143 3473 nonnulli
1179 3419 1454 3485 dixerunt,
1491 3435 1595 3473 non
1625 3430 1707 3474 est
1736 3419 2032 3475 secundum
2071 3421 2243 3490 legem
2292 3436 2389 3475 nec

815 3524 846 3563 e
872 3510 1135 3563 sententia
1153 3511 1434 3578 praesentis
1455 3504 1696 3569 canonis.
1726 3505 1855 3568 Cum
1883 3504 1970 3568 hic
1989 3513 2131 3570 enim
2159 3513 2396 3585 scriptus

816 3602 915 3656 fuit
949 3615 1052 3657 nee
1074 3601 1347 3673 judicib‘us
1381 3613 1434 3658 et
1460 3605 1684 3659 notariis
1714 3605 2170 3672 patriarcltalibus
2204 3622 2301 3677 per
2334 3622 2393 3661 se

817 3696 974 3749 ﬁdem
1004 3695 1188 3749 haberi
1218 3696 1271 3749 in
1313 3710 1410 3749 usu
1445 3695 1565 3759 fuit,
1591 3706 1645 3750 et
1670 3697 1788 3749 ideo
1818 3697 2237 3751 determinatnm
2267 3697 2389 3763 fuit,

815 3786 1116 3840 antistitum
1148 3788 1461 3841 vocationes
1484 3802 1511 3838 a
1555 3786 1763 3840 duobus
1796 3784 1913 3840 ﬁeri
1949 3787 2236 3856 episcopis.
2286 3787 2392 3840 llo-

816 3878 902 3932 die
925 3888 1104 3932 autem
1141 3892 1260 3932 cum
1288 3877 1564 3943 iudicibus
1589 3886 1644 3932 et
1674 3877 1904 3931 notariis
1935 3876 2395 3944 patriarcltalibus

817 3985 914 4039 per
945 3986 1004 4025 se
1035 3970 1298 4025 habeatur
1340 3968 1496 4032 ﬁdes.
1558 3970 1868 4024 necessario
1924 3978 1979 4023 et
2031 3984 2152 4037 qua:
2203 3971 2268 4021 ab
2313 3970 2393 4024 eis

818 4060 954 4114 ﬁunt
984 4061 1180 4125 edicta,
1220 4059 1500 4129 reproliari
1538 4073 1643 4112 non
1689 4067 1939 4125 possunt.
1994 4056 2163 4111 Recte
2214 4060 2397 4126 itaque

819 4151 1267 4205 condcmnaliitur
1292 4150 1384 4219 qui
1420 4165 1513 4218 per
1542 4154 1604 4203 e‘a
1636 4156 1891 4203 evocatus
1926 4147 2085 4202 fuerit
2130 4156 2185 4202 et
2232 4148 2283 4201 in
2312 4147 2397 4215 ju—

819 4242 962 4296 dicio
997 4258 1101 4296 non
1139 4242 1364 4307 stiterit,
1416 4241 1849 4309 quandoquidem
1897 4239 2071 4292 edicta
2119 4253 2222 4291 non
2273 4248 2398 4292 sunt

819 4348 885 4386 ex
966 4347 1029 4387 eo
1119 4331 1439 4386 labefactata
1517 4332 1644 4401 quia
1725 4328 1794 4382 ab
1834 4326 2203 4400 ;antistitibus
2292 4342 2395 4381 non

822 4426 977 4480 ﬁunt.

893 4694 1148 4749 ZONAR.
1191 4693 1254 4747 Et
1290 4693 1339 4747 in
1368 4690 1707 4761 sexagesimo
1732 4690 1910 4758 primo
1940 4702 2150 4743 canone
2189 4686 2397 4739 dictum

823 4786 921 4839 fuit
948 4802 976 4838 a
1010 4784 1185 4848 nobis,
1212 4782 1356 4853 quod
1396 4780 1711 4851 episcOpum
1762 4793 1870 4832 non
1913 4778 2093 4847 quivis
2141 4790 2401 4829 accusare

826 4885 1023 4947 potest,
1056 4879 1147 4931 sed
1174 4875 1530 4943 im-ulpati,et
1575 4871 1862 4926 orthodoxi
1924 4869 2171 4924 homines
2206 4885 2219 4919 :
2256 4866 2400 4936 quod

824 4979 879 5023 ct
906 4966 1170 5035 significat
1204 4964 1314 5036 49
1344 4964 1431 5018 hic
1462 4977 1660 5025 canon,
1699 4961 1824 5013 dum
1854 4958 2009 5025 dicit,
2057 4960 2121 5011 ab
2175 4952 2403 5010 homini-

826 5062 918 5115 bus
959 5060 1063 5129 ﬁde
1095 5059 1289 5128 dignis.
1338 5057 1383 5110 Δ
1431 5055 1625 5109 talibus
1660 5054 1825 5123 igitur
1861 5052 1905 5106 si
1950 5060 2232 5105 accusetur
2287 5049 2402 5117 epi-

827 5168 1042 5223 scopus,
1075 5152 1126 5205 in
1154 5152 1432 5206 absentem
1468 5161 1576 5201 non
1607 5153 1820 5215 Oportet
1874 5143 2197 5197 sententiam
2237 5142 2399 5207 ferre,

827 5245 918 5298 sed
940 5230 1068 5297 eum
1098 5242 1269 5295 citare
1302 5258 1314 5293 :
1341 5253 1572 5306 cumque
1606 5237 1836 5297 venerit,
1875 5248 1960 5297 ea,
1998 5247 2119 5302 quae
2147 5231 2401 5285 dicuntur

829 5336 881 5388 in
914 5334 1109 5402 ipsmn,
1142 5331 1347 5386 audire.
1378 5329 1667 5397 Postquam
1697 5325 1929 5379 audierit
1959 5332 2137 5377 autem
2188 5321 2271 5375 vel
2300 5320 2401 5375 ob-

826 5427 969 5495 jecta
1010 5425 1110 5479 sibi
1144 5423 1372 5478 crimina
1404 5420 1679 5481 fatebitur,
1719 5417 1799 5471 vel
1824 5416 2073 5470 inliciatis
2117 5412 2405 5467 convince-

2428 4531 2478 4591 Ι)

2466 618 2783 686 καθαιρέσει
2829 621 3261 674 καθυποὸάὶλειν
3302 624 3394 674 τὸν
3452 625 3652 693 ἀπειθῆ
3707 627 4035 681 ἐπίσκοπον.

2466 710 2575 760 Καὶ
2610 704 2764 763 εἶπόν
2802 727 2945 774 τινες
2978 712 3052 774 ὡς
3084 695 3412 781 ἀσυμπαθές
3464 716 3613 767 ἐστιν
3646 717 3705 780 ἐξ
3749 719 4041 776 ἀπειθείας

2468 800 2850 868 καθαιρεῖσθαι
2898 803 3234 856 ἐπίσκοπον·
3288 806 3463 869 ἄλλως
3517 807 3571 859 δέ
3630 825 3749 870 πως
3796 812 4042 877 ὀφείλειν

2469 893 2831 961 ἐπιτιμᾶσθαι
2881 894 3065 946 αὐτόν.
3100 896 3160 947 El
3203 895 3313 965 γὰρ
3355 893 3423 966 ἦν
3469 897 3715 967 θελητὺν,
3748 902 3904 968 φασὶ,
3950 904 4043 954 καὶ

2467 986 2579 1045 τοῖς
2632 984 2949 1047 ἀποστόλοις
2976 986 3362 1056 καθαιρεῖσθαι
3400 990 3493 1041 τὸν
3520 992 3843 1055 ἐπίσκοπον,
3877 994 4045 1062 ἐμνή-

2471 1075 2681 1144 σθησαν
2716 1077 2781 1128 ἂν
2832 1079 2890 1128 ἐν
2938 1078 3015 1148 τῷ
3060 1079 3243 1132 κανόνι
3276 1082 3369 1132 καὶ
3420 1083 3820 1151 καθαιρέσεως.
3853 1085 4042 1139 Ἄλλοι

2470 1168 2525 1221 δὲ
2576 1164 2730 1221 εἷπον
2776 1170 2853 1233 ὡς
2890 1170 2982 1222 καὶ
3046 1170 3155 1223 ἀπὸ
3208 1175 3307 1240 τῆς
3357 1174 3597 1242 συνεχῶς
3662 1176 4045 1247 ἐξενεχθείσης

2473 1262 2861 1329 προσκυνητῆς
2919 1265 3120 1330 νεαρᾶς
3191 1263 3285 1316 τοῦ
3358 1265 3685 1333 θεοστεφοῦς
3739 1268 4045 1334 κρατίστου

2473 1353 2565 1403 καὶ
2596 1352 2752 1419 ἁγίου
2816 1353 2974 1422 ήμῶν
3025 1355 3448 1424 αὐτοκράτορος,
3508 1357 3652 1419 ἅπας
3711 1359 4046 1428 ἐναγόμενος

2478 1444 2957 1513 μετακαλούμενος
3007 1447 3086 1508 είς
3130 1446 3191 1499 τὸ
3229 1448 3599 1519 δικαστήριον,
3634 1453 3724 1504 καὶ
3763 1452 3905 1521 μετά
3949 1453 4047 1520 μέ-

2475 1553 2597 1605 τρια
2630 1535 2923 1606 μηνύματα
2952 1537 3039 1591 διὰ
3079 1539 3247 1608 τριῶν
3274 1540 3717 1610 ὲπιφωνημάτων
3746 1542 4049 1610 ἐγγράφων

2477 1627 2651 1680 ἐλθεῖν
2699 1628 3185 1696 παρεγγυώμενος,
3225 1631 3319 1682 καὶ
3352 1630 3423 1699 μὴ
3470 1632 3785 1700 ἐρχόμενος,
3826 1634 4047 1685 καταδι-

2477 1719 2701 1782 κάζεται
2751 1719 2846 1772 καὶ
2907 1720 3245 1790 μονομερῶς.
3285 1723 3345 1774 El
3397 1722 3528 1791 γοῦν
3586 1724 3682 1775 καὶ
3742 1724 4049 1786 ἐπίσκοπος

2482 1812 2619 1880 μετὰ
2674 1811 2876 1874 δόσεως
2929 1813 3191 1865 λιόἑλλων
3254 1814 3350 1867 καὶ
3419 1815 3669 1884 νομίμων
3749 1817 4052 1884 ἐγγράφων

2480 1907 2851 1976 κατηγορηθῇ.
2889 1906 2983 1957 καὶ
3018 1906 3356 1977 μετακληθῇ,
3389 1907 3606 1978 πρῶτον
3639 1910 3738 1977 μέν
3762 1908 3851 1960 διὰ
3880 1926 4055 1978 μηνυ-

2483 2001 2691 2068 μάτων,
2732 1995 2849 2051 εἶτα
2900 2001 2991 2052 καὶ
3025 2000 3115 2052 διὰ
3161 2001 3327 2068 τριῶν
3364 2000 3657 2069 ἐγγράφων
3695 2001 4058 2068 ἐπιφωνημά-

2478 2110 2605 2152 των,
2648 2093 2741 2144 καὶ
2784 2092 2885 2145 οὐκ
2930 2092 3236 2162 ἀπαντήσει
3286 2093 3367 2154 είς
3415 2092 3476 2144 τὸ
3538 2093 3919 2162 δικαστήριον,
3953 2091 4056 2144 κᾶν

2486 2182 2804 2251 μονομερῶς
2851 2183 3408 2252 καταδικασθήσεται.
3465 2183 3539 2235 Τὸ
3594 2185 3704 2253 γὰρ
3759 2183 4057 2235 καλεῖσθαι

2483 2272 2715 2325 ἐνταῦθα
2769 2272 2906 2341 μετὰ
2945 2273 3146 2341 νόμους
3190 2275 3414 2334 νοεῖται,
3449 2270 3616 2342 ἤγουν
3663 2273 3731 2325 δι’
3771 2276 4053 2339 ὲπιφωνη

2487 2367 2671 2435 μάτων
2698 2364 3201 2434 τριακονθημέρων,
3232 2365 3326 2418 καὶ
3358 2366 3453 2433 μὴ,
3491 2364 3563 2425 ὣς
3591 2382 3737 2426 τινες
3767 2361 3948 2425 εῐπον,
3972 2366 4062 2417 διὰ

2489 2456 2822 2525 μηνυμάτων
2851 2458 3145 2526 ἐγγράφων
3192 2458 3594 2526 ὀλιγοημέρων.
3639 2457 3815 2510 Τοῦτο
3843 2457 3902 2509 δὲ
3935 2457 4062 2509 ἐλα-

2486 2548 2625 2619 λήθη
2648 2549 2922 2619 διαφόρως
2954 2551 3047 2602 ἐπὶ
3094 2550 3338 2619 βήματος
3375 2546 3676 2617 βασιλικοῦ.
3714 2550 3808 2601 καὶ
3862 2549 4065 2617 μᾶλὶον

2487 2641 2544 2692 ἐν
2570 2644 2634 2710 τῇ
2659 2641 2915 2693 ὑποθέσει
2949 2640 3042 2693 τοῦ
3067 2642 3363 2694 ἐπισκόπου
3395 2640 3658 2709 Βεσαίνης
3684 2656 3697 2668 ·
3736 2639 3833 2692 καὶ
3868 2638 4066 2707 ἐκρίθη

2487 2734 2577 2788 διὰ
2610 2735 2776 2802 τριῶν
2822 2736 3071 2803 νομίμων
3113 2735 3578 2803 ἐπιφωνημάτων,
3612 2733 3854 2799 ὀρείλειν
3904 2749 4070 2801 μεταο

2488 2825 2772 2879 καλεῖσθαι
2806 2826 2905 2895 τὸν
2944 2827 3276 2894 ἐναγόμενον
3310 2826 3635 2889 ἐπίσκοπον,
3666 2823 3766 2876 καὶ
3798 2823 3979 2885 οὕτως
4012 2823 4069 2887 ἐξ

2489 2918 2774 2975 ἀπειθείας
2845 2918 3328 2982 καταδικάζεσθαι.
3392 2917 3466 2969 Τὸ
3541 2916 3642 2985 μὲν
3699 2916 4071 2978 καταδικάζε-

2493 3012 2615 3066 σθαι
2662 3012 2775 3085 (15)
2822 3013 2913 3066 τὸν
2960 3014 3162 3082 ἀπειθῆ
3198 3012 3499 3066 ἐπίσκοπον
3541 3013 3683 3065 κατά
3734 3011 3837 3079 τὴν
3860 3009 4071 3077 νεαρὰν

2491 3105 2585 3158 τοῦ
2623 3105 2873 3175 ἀοιδίμου
2907 3103 3172 3174 βασιλέως
3211 3104 3381 3174 κυροῦ
3420 3104 3677 3173 Μανουὴλ
3717 3102 3811 3155 τοῦ
3838 3104 4071 3169 Κομνη-

2418 3192 2460 3251 C
2492 3196 2583 3249 νοῦ
2611 3197 2825 3266 ἄμαχόν
2851 3197 3271 3267 ἐστι.Κέκριται
3293 3196 3399 3266 γὰρ
3424 3195 3588 3260 οὕτω,
3608 3194 3791 3257 καθὼς
3825 3195 4071 3261 εῐρηται,

2496 3290 2646 3361 παρὰ
2693 3288 2772 3359 τῷ
2818 3277 3084 3357 βασιλικῷ
3132 3288 3223 3341 καὶ
3266 3287 3396 3358 θείῳ
3448 3287 3675 3357 βήματι.
3721 3288 3796 3339 Τὸ
3835 3286 3895 3338 δὲ
3935 3285 4073 3354 μετά

2494 3379 2586 3433 δύο
2630 3381 2932 3450 ἀρχιερέων
2980 3380 3075 3433 καὶ
3123 3378 3198 3449 μὴ
3233 3379 3407 3441 ἄλλως
3453 3396 3570 3440 πως
3609 3379 3708 3447 τὴν
3737 3378 3939 3430 τούτου
3975 3394 4075 3446 με-

2493 3475 2759 3545 τάκλησιν
2781 3474 3047 3542 γίνεσθαι,
3071 3473 3145 3535 ὥς
3169 3490 3310 3535 τινες
3350 3469 3525 3538 εἷπον,
3555 3474 3655 3525 οὐκ
3683 3472 3801 3524 ἐστι
3828 3472 4075 3540 νόμιμον

2492 3570 2614 3622 οὐδὲ
2659 3568 2758 3637 τῆς
2797 3568 3005 3629 ἐννοίας
3050 3566 3143 3619 τοῦ
3188 3567 3457 3635 παρόντος
3496 3568 3743 3629 κανόνος.
3778 3570 3917 3620 Ὅτε
3965 3565 4076 3633 γὰρ

2493 3658 2649 3727 οὗτος
2697 3662 2911 3732 ἐγράφη
2966 3658 3092 3712 οὗτε
3144 3656 3418 3712 δικαστῶν
3471 3657 3596 3711 οὔτε
3642 3665 4076 3732 πατριαρχικῶν

2494 3758 2758 3828 νοταρίων
2796 3756 3015 3824 ἐνήργει
3057 3752 3402 3813 αὐτοπιστία,
3444 3753 3537 3803 καὶ
3586 3751 3673 3803 διὰ
3722 3754 3887 3806 τοῦτο
3942 3774 4079 3826 προ-

2494 3851 2700 3903 ϐαίνειν
2728 3846 2939 3918 ὡρίσθη
2962 3845 3061 3901 τὰς
3095 3844 3205 3896 τῶν
3233 3844 3536 3914 ἀρχιερέων
3573 3846 3953 3913 μετακλήσεις
3982 3850 4078 3900 ἐπὶ

2495 3940 2810 3995 ἐπισκόπων
2835 3936 2948 3991 δύο.
2990 3935 3237 4004 Σήμερον
3279 3933 3336 3986 δὲ
3385 3932 3485 4000 τῆς
3514 3932 3624 3985 τῶν
3646 3934 3930 3989 δικαστῶν
3976 3940 4075 3991 καὶ

2494 4034 2603 4085 τῶν
2658 4024 3074 4098 πατριαρχικῶν
3115 4020 3378 4090 νοταρίων
3418 4020 3773 4085 αὑτοπιστίας
3812 4023 4078 4094 ἐνεργού-

2498 4140 2617 4192 σης,
2649 4120 2708 4185 ἐξ
2737 4119 2983 4185 ἀνάγκης
3012 4115 3107 4167 καὶ
3136 4113 3205 4165 τὰ
3236 4112 3301 4164 δι’
3333 4110 3515 4164 αὐτῶν
3548 4115 3810 4183 γινόμενα
3855 4117 4076 4183 ἐπιφω-

2495 4216 2715 4285 νήματᾶ
2780 4211 2963 4276 ἕξουσι
3024 4209 3083 4261 τὸ
3145 4209 3643 4277 ἀπαρεγχείρητον.
3716 4205 3925 4267 Καλῶς
3984 4202 4079 4260 οὖν

2496 4303 3033 4373 καταδικασθήσεται
3062 4302 3090 4354 ὁ
3131 4300 3199 4353 δι’
3246 4300 3429 4353 αὐτῶν
3458 4293 3830 4368 ἑπιφωνηθεὶς
3860 4299 3963 4350 καὶ
4006 4298 4083 4366 μὴ

2497 4400 2814 4468 ἀπαντήσας
2845 4397 2924 4456 είς
2954 4395 3012 4446 τὸ
3043 4393 3416 4463 δικαστήριον,
3449 4392 3524 4453 ὡς
3554 4389 3664 4443 τῶν
3699 4391 4079 4460 ἐπιφωνημά-

2504 4509 2612 4545 των
2661 4489 2737 4559 μὴ
2778 4485 3219 4555 κατασειομένων
3260 4485 3325 4536 ἐκ
3375 4483 3470 4536 τοῦ
3508 4483 3586 4552 μὴ
3637 4481 3899 4551 γενέσθαι
3928 4480 4085 4551 παρα

2502 4584 2659 4652 ἁρχιε
2669 4580 2825 4649 ρέων.

2569 4673 2813 4727 ΖΩΝΑΡ.
2853 4669 2963 4723 Καὶ
2994 4670 3052 4720 ὲν
3083 4667 3159 4738 τῷ
3190 4667 3269 4731 Ea!
3320 4664 3507 4719 κανόνι
3560 4665 3777 4734 εἴρηται
3824 4665 3967 4732 ήμῖν
4009 4663 4085 4725 ὡς

2498 4768 2561 4821 οὐ
2616 4767 2724 4828 πᾶς
2772 4781 2853 4826 τις
2913 4761 3242 4832 κατηγορεῖν
3298 4758 3601 4810 ἐπισκόπου
3664 4755 3918 4817 δύναται,
3968 4758 4086 4809 ἀλλ’

2498 4858 2856 4927 ἀνεπίληπτοι
2887 4854 3167 4924 ἄνθρωποι
3199 4849 3293 4903 καὶ
3325 4847 3628 4919 ὀρθόδοξοιο
3660 4848 3821 4900 τοῦτο
3855 4845 3954 4902 οὖν
3992 4850 4087 4901 καὶ

2501 4953 2529 5003 ὁ
2563 4946 2742 5002 κανὼν
2786 4940 2939 5008 οὗτος
2967 4944 3119 5014 δηλοῖ
3150 4942 3238 4996 διὰ
3266 4941 3361 4993 τοῦ
3407 4941 3608 5008 λέγειν,
3644 4940 3805 5007 παρὰ
3835 4939 4086 5002 ἀξιοπί-

2503 5057 2667 5096 στων
2690 5038 3037 5107 ἀνθρώπων.
3070 5035 3191 5090 Κᾶν
3222 5034 3313 5088 οὖν
3350 5033 3500 5103 παρὰ
3534 5034 3796 5084 τοιούτων
3833 5048 4085 5099 κατηγο-

2506 5135 2682 5205 ρεῖται
2730 5130 3047 5194 ἐπίσκοπος,
3078 5128 3138 5180 οὐ
3188 5126 3292 5197 χρὴ
3327 5124 3495 5178 αὐτοῦ
3544 5123 3778 5185 ἀπόντος
3830 5122 4091 5191 καταψη-

2508 5222 2781 5293 φίζεσθαι·
2814 5219 2950 5273 ἀλλά
2979 5215 3405 5287 μετακαλεῖσθαι
3436 5212 3731 5273 aenum
3754 5211 4087 5279 ἐρχόμενον,

2506 5317 2616 5369 τῶν
2648 5314 2770 5367 κατ’
2801 5310 2967 5367 αὐτοῦ
3016 5308 3324 5376 λεγομένων
3360 5304 3601 5358 ἀκούειν.
3640 5301 3913 5363 ’Λκούσας
3948 5302 4028 5363 δὲ,
4059 5301 4092 5369 ἦ

2508 5404 2833 5476 ὁμολογήσει
2881 5400 2947 5454 τὰ
3000 5398 3317 5464 ἐπαγόμενα
3364 5394 3513 5463 αὐτῷ
3560 5392 3894 5460 αἰτιάματα,
3929 5393 3961 5463 ἦ
3996 5392 4097 5458 ἁρ-

2059 5548 2257 5611 Guill.
2289 5543 2621 5620 Beveregii
2660 5548 2825 5602 notze

909 5686 1017 5755 (13)
1050 5683 1118 5755 Τὸ
1144 5682 1255 5751 μὲν
1282 5677 1798 5755 καταδικάζεσρᾳιι.
1840 5672 1964 5726 llmc
1987 5683 2176 5755 .usque
2208 5668 2287 5755 ad
2308 5668 2400 5755 alr-

838 5737 1013 5808 soluta'
1068 5737 1323 5805 iu'hunc
1367 5737 1630 5803 canonem
1699 5744 2032 5797 Balsamouis
2091 5737 2295 5808 scholia
2345 5738 2396 5790 iu

840 5806 1116 5885 itttnressis
1140 5821 1420 5878 codicibus
1449 5819 1652 5875 Graecis
1688 5816 2089 5870 desiderantur.
2119 5808 2223 5862 Sed
2246 5806 2395 5860 ch-

2513 5663 2690 5716 tianus
2728 5658 2993 5712 llervetus
3017 5653 3161 5720 legit,
3184 5664 3233 5703 et
3262 5651 3451 5703 Latine
3478 5648 3663 5720 vortit.
3704 5645 3810 5720 Nos
3833 5644 4095 5720 Gripum»

2516 5742 2718 5786 texunu
2764 5744 2827 5781 ex
2879 5740 2984 5779 ms.
3034 5716 3324 5776 Bodleiano
3350 5736 3490 5774 nunc
3514 5718 3742 5788 primum
3798 5716 3850 5769 in
3915 5716 4098 5765 lucem

2508 5802 2856 5861 proferimus.
