4222 6460
189 391 296 457 197

1393 392 1468 452 IN
1509 393 1681 453 CAN.
1725 396 1966 458 LXXIX
2001 371 2256 465 APOST.

3324 407 3425 471 l98

186 507 216 575 ἢ
255 503 714 574 μεταχειρίσηται
759 503 826 554 τὰ
875 501 1030 569 ἅγια,
1085 501 1180 554 καὶ
1228 503 1514 574 μεταδώσῃ
1547 504 1756 574 ἑτέροις
1786 512 1826 566 Α

1786 512 1826 566 Α
1863 527 2078 566 manum
2139 514 2391 570 fortassis
2447 517 2634 580 habet,
2687 533 2789 587 qua
2836 520 2971 574 nihil
3023 536 3182 588 agere
3239 527 3428 592 possit.

183 597 420 658 τούτων;
463 593 497 666 ἢ
530 592 657 644 ἄλλο
677 609 730 644 τι
771 591 1164 662 ἀρχιερατικδν
1203 594 1474 664 ὲνεογήσῃ
1510 593 1757 665 λειτούρο

183 705 342 757 γημα
363 707 378 753 ἱ

183 865 409 918 ΛΡΙΣΤ.
443 865 607 917 KAN.
638 867 754 918 OZ'.
783 867 1022 919 Γίνεται
1046 869 1242 935 χωλὸς
1276 867 1371 919 καὶ
1398 866 1758 937 ἑτερόφθαλ-

433 974 568 1023 μος,
607 957 774 1021 ἄξιος
804 957 1112 1026 ὑπάρχων,
1155 959 1512 1024 ἐπίσκοπος.

266 1047 334 1098 Ἥ
367 1048 476 1114 γὰρ
507 1047 603 1098 τοῦ
634 1047 885 1116 σώματος
908 1049 1080 1117 λὼδη,
1129 1051 1221 1100 τὸν
1287 1049 1403 1117 βίον
1447 1050 1636 1119 ἔχοντα
1667 1051 1758 1102 ἀν-

184 1139 532 1205 επίληπτον,
581 1140 661 1199 εἰς
721 1137 1026 1205 ἐπισκοπῆς
1069 1138 1284 1206 ἀξίωμα
1327 1138 1760 1208 προδιδασθῆναι

184 1229 286 1278 οὐκ
336 1229 649 1296 ἐμποδίζει,
683 1230 732 1278 εἰ
776 1229 849 1297 μή
905 1246 1005 1280 που
1049 1227 1230 1297 κωφὸς
1260 1229 1292 1297 ἢ
1324 1228 1523 1295 τυφλός
1555 1230 1702 1280 ἐστιν
1733 1231 1760 1280 6

189 1317 407 1385 μέλλων
449 1320 912 1388 χειροτονεῖσθαι·
966 1323 994 1372 ὁ
1047 1319 1292 1384 τοιοῦτος
1342 1322 1471 1389 γὰρ,
1532 1320 1629 1389 οὐχ
1684 1319 1760 1383 ὡς

193 1413 572 1478 μεμιασμένος
605 1411 900 1471 κωλύεται.
931 1412 1046 1464 ἀλλ’
1081 1411 1154 1474 ὡς
1182 1413 1257 1480 μὴ
1281 1412 1348 1464 τὰ
1375 1412 1763 1483 ἐκκλησιαστι-

186 1503 260 1552 κᾶ
301 1500 604 1568 δυνάμενος
640 1504 1041 1570 ἀπροσκόπτως
1068 1503 1333 1571 ἐνεργεῖν.

260 1594 434 1646 ΚΑΝ.
469 1593 597 1649 UH'.
642 1595 706 1648 '0
746 1598 951 1664 μέντοι
990 1596 1222 1664 τυφλὸς
1251 1597 1349 1648 καὶ
1392 1598 1592 1667 κωφὸς
1617 1601 1690 1654 οὐ

804 1689 1147 1754 γενήσεται.

774 1779 1014 1831 ΚΔΝΩΝ
1049 1777 1148 1833 Ου’

1863 610 2129 665 quomodo
2153 622 2311 661 sacra
2338 623 2618 677 peragere.
2646 621 2898 664 sanetave
2923 614 3174 668 manibus
3201 624 3435 670 tractare

1862 705 2045 762 queat,
2080 707 2133 752 et
2161 699 2280 752 aliis
2315 715 2376 752 ea
2403 703 2639 763 tradere,
2679 702 2760 756 vel
2795 702 3013 772 aliquod
3041 707 3184 760 aliud
3221 709 3434 778 cpisco-

1864 787 1980 854 pale
2015 791 2372 843 ministerium
2405 796 2700 846 cxi-recre?

1861 878 2085 933 AﬂlST.
2133 881 2288 935 CAN.
2343 882 2602 939 LXXVII.
2653 885 2912 952 Claudiis,
2973 899 3022 943 et
3064 890 3231 944 uilero
3281 893 3434 944 oculo

2107 986 2313 1039 captus,
2349 978 2392 1026 si
2429 978 2617 1044 dignus
2649 980 2740 1042 sit,
2787 983 2846 1048 ﬁt
2875 985 3170 1050 episcopus.

1934 1058 2106 1115 Laesio
2145 1066 2291 1117 enim
2340 1071 2584 1134 corporis
2631 1085 2752 1122 eum
2799 1073 2887 1138 qui
2935 1073 3269 1142 inculpatam
3324 1079 3436 1147 agit

1862 1151 2027 1205 vitam
2084 1154 2134 1206 in
2193 1156 2542 1224 episcopatus
2598 1160 2913 1228 dignitatem
2965 1169 3269 1230 promoveri
3327 1183 3434 1222 non

1864 1241 2111 1310 impedit,
2147 1245 2248 1299 nisi
2277 1245 2415 1299 forte
2449 1253 2644 1302 surdus
2677 1261 2769 1302 aut
2810 1266 2982 1306 οιιιοιιε
3031 1255 3120 1319 sit,
3165 1258 3255 1324 qui
3288 1262 3435 1311 ordi-

1863 1333 2135 1386 nationem
2166 1346 2250 1388 est
2282 1348 2657 1405 suscepturus.
2696 1338 2845 1396 Talis
2869 1345 3013 1396 enim
3044 1362 3146 1400 non
3177 1356 3430 1417 tanquam

1864 1423 2104 1492 pollutus
2159 1427 2519 1494 prohibetur,
2569 1433 2660 1484 sed
2717 1434 2842 1500 quia
2898 1437 3266 1492 ecclesiastica
3328 1457 3436 1496 non

1863 1523 2037 1582 potest
2077 1519 2197 1569 sine
2226 1516 2551 1573 offendiculo
2596 1537 2876 1592 peragere.

1896 1602 2052 1657 CAN.
2088 1605 2368 1662 LXXVIII.
2402 1609 2584 1665 Cacus
2617 1625 2790 1666 autem
2821 1625 2868 1668 et
2905 1619 3100 1671 survlus
3131 1635 3233 1671 non
3259 1620 3372 1694 ﬁet.

2393 1790 2624 1845 CANON
2667 1792 2905 1850 LXXIX.

194 1866 336 1922 Ἐάν
375 1886 478 1935 τις.
526 1871 780 1939 δαίμονα
833 1873 973 1942 ἔχῃ,
1013 1849 1300 1944 κληρικύς
1341 1875 1428 1946 μὴ
1476 1879 1752 1946 γινέσθω,
1793 1851 1830 1904 Β

1793 1851 1830 1904 Β
1861 1873 1924 1928 Si
1948 1875 2063 1944 quis
2101 1877 2387 1932 daemonem
2426 1881 2635 1948 Itubeut,
2669 1899 2730 1936 ne
2758 1885 2852 1952 ﬁat
2878 1885 3119 1951 clericus,
3158 1889 3248 1940 sed
3268 1904 3429 1954 neque

252 1960 422 2013 (me
457 1959 616 2028 μηδὲ
643 1961 764 2026 τοῖς
801 1963 1039 2030 πιστοῖς
1074 1968 1487 2035 συνευχέσθω.
1512 1975 1756 2038 ,Καθαρ-

252 2052 383 2115 Οεὲς
429 2050 516 2116 δὲ,
563 2052 1027 2122 προσδεχέσθω·
1081 2059 1179 2111 καὶ
1221 2060 1330 2114 ἐὰν
1376 2055 1416 2130 ᾖ
1442 2063 1633 2129 ἄξιος,
1674 2082 1760 2132 γι-

251 2142 473 2197 νέσθω.

257 2234 382 2286 ΒΑΛ
400 2236 456 2288 Σ.
495 2237 554 2289 Ὀ
581 2237 1032 2310 δαιμονιζόμενος
1057 2241 1347 2314 ἐστέρηται
1375 2246 1634 2314 λογισμοῦ
1665 2251 1758 2302 καὶ

175 2325 503 2392 διαθέσεως,
535 2330 832 2383 κᾶντεῦθεν
868 2333 972 2384 ὑπὸ
1003 2335 1096 2385 τοῦ
1129 2335 1348 2400 κανόνος
1379 2337 1687 2393 κεκώλυται
1725 2343 1756 2412 ἧ

179 2421 256 2486 τῷ
291 2420 479 2490 κλήρῳ
527 2423 1055 2491 συγκαταλέγεσθαι,
1091 2426 1122 2495 ἦ
1159 2431 1272 2490 τοῖς
1317 2432 1528 2494 πιστοῖς
1569 2433 1761 2485 συνεύ-

178 2514 400 2580 χεσθαι,
433 2514 517 2566 ἵνα
552 2515 626 2584 μὴ
661 2515 841 2583 φαῦλά
885 2534 1006 2570 τινα
1041 2520 1132 2571 καὶ
1164 2520 1378 2590 ἄσεμνα
1427 2525 1759 2596 διαπραττό-

183 2621 374 2671 μενος,
403 2605 498 2655 καὶ
527 2604 905 2675 δαιμονιώδεις
937 2608 1226 2678 ἐπιϐοήσεις
1279 2614 1628 2682 ποιούμενος,
1666 2616 1758 2669 τὸν

176 2692 278 2744 τοῦ
314 2693 452 2744 Θεοῦ
482 2693 612 2746 λαὸν
643 2699 1010 2769 συνταράττῃ,
1056 2700 1148 2751 καὶ
1179 2701 1277 2770 τὴν
1303 2701 1616 2773 δοξολογίαν
1659 2706 1756 2760 τοῦ

176 2784 316 2837 ναοῦ
376 2787 607 2856 ἀχρειοϊ.
651 2789 806 2843 Μετὰ
852 2791 909 2843 δὲ
956 2792 1056 2861 τὴν
1099 2793 1390 2862 ἀνάνηψιν,
1446 2799 1494 2849 εί
1556 2800 1754 2872 εὑρεθῇ

175 2876 357 2940 ἄξιος,
397 2880 689 2950 γενήσεται
737 2883 831 2937 καὶ
873 2884 1136 2952 κληρικὸς
1161 2902 1176 2917 ο
1225 2888 1253 2938 6
1285 2888 1466 2956 μέντοι
1499 2897 1546 2958 γ’
1576 2892 1758 2947 κανὼν

172 2968 277 3020 τοῦ
342 2972 691 3043 πατριάρχου
750 2973 1159 3044 ’Δλεξανδρείας
1218 2977 1487 3047 Τιμοθέου
1555 2981 1752 3050 φησίν·

186 3068 322 3119 Ἐὰν
355 3067 547 3128 πιστὸς
593 3066 995 3136 δαιμονίξηται,
1047 3067 1256 3135 ὀφείλει
1306 3071 1754 3139 μεταλαμῦάνειν

1928 1983 2045 2019 cum
2075 1969 2316 2034 ﬁdelibus
2345 1984 2602 2037 precetur.
2633 1973 2901 2045 Purgatus
2922 1988 3097 2031 autent
3133 1981 3434 2048 recipiatur,

1931 2069 1979 2112 cl
2017 2061 2064 2114 εἰ
2094 2062 2165 2114 ait
2192 2061 2406 2132 dignus,
2441 2064 2561 2131 ﬁat.

1933 2240 2127 2294 BALS.
2163 2239 2262 2307 Qui
2301 2257 2329 2294 a
2365 2243 2607 2298 daemone
2641 2256 2926 2311 correptus
2975 2253 3078 2309 est,
3112 2247 3320 2300 ratione
3373 2263 3436 2302 ac

1863 2343 2041 2387 mente
2098 2335 2339 2401 privatus
2375 2345 2487 2396 est,
2535 2345 2702 2404 atque
2755 2338 2962 2392 idcirco
3001 2339 3083 2393 vel
3137 2341 3190 2393 in
3233 2341 3434 2394 clerum

1862 2427 2126 2494 coeptari,
2186 2428 2268 2481 vel
2321 2443 2444 2482 cum
2509 2428 2758 2484 fidelibus
2795 2433 3031 2498 precari,
3090 2433 3194 2487 hoc
3230 2446 3439 2487 canone

1862 2519 2215 2587 prohibetur,
2260 2535 2327 2574 ne
2379 2520 2517 2574 forte
2552 2522 2596 2575 si
2657 2523 2786 2590 quid
2845 2524 2967 2577 mali
3023 2534 3115 2576 aut
3168 2525 3436 2580 inhonesti

1861 2607 2052 2673 egerit.
2115 2623 2177 2662 ac
2234 2608 2596 2664 dazmoniacas
2653 2626 2814 2666 voces
2867 2614 3132 2675 emiserit,
3181 2616 3435 2682 populum

1864 2697 1956 2751 Dei
1987 2701 2301 2764 conturbet,
2334 2710 2493 2770 atque
2546 2702 2786 2758 officium
2825 2703 2930 2774 52
2971 2705 3213 2760 divinum
3263 2707 3438 2777 impe-

1862 2791 1995 2845 diat.
2045 2788 2336 2860 Postquam
2391 2804 2571 2847 autem
2626 2796 2692 2848 ad
2743 2811 2802 2850 se
2844 2796 3088 2859 redierit,
3142 2797 3189 2850 si
3241 2798 3436 2866 dignus

1863 2884 2025 2939 fuerit
2059 2884 2332 2947 inventus,
2367 2885 2529 2938 etiam
2558 2885 2794 2940 clericus
2825 2886 2934 2939 fiet.
2969 2885 3186 2940 Tertius
3216 2889 3357 2956 quid:
3380 2903 3432 2942 m

1860 2986 2008 3030 certe
2034 2992 2209 3030 canon
2246 2976 2570 3046 patriarcha:
2598 2977 2951 3031 Alexandrini
2981 2977 3251 3032 Timothei
3282 2979 3433 3044 dicit,

1862 3069 1920 3125 Si
1949 3072 2018 3125 sit
2051 3068 2220 3124 fichis
2247 3071 2490 3124 daemone
2510 3069 2766 3137 percitus,
2787 3069 2946 3124 debet
2971 3084 3094 3124 esse
3123 3083 3433 3124 sanctorum

171 3162 292 3211 τῶν
323 3159 498 3226 ἁγίων
553 3160 911 3228 μυστηρίων·
972 3163 1063 3212 καὶ
1113 3163 1216 3214 οὐκ
1269 3163 1642 3216 ἐναντιοῦνται
1677 3164 1757 3234 τῷ
1784 3189 1830 3251 C

1784 3189 1830 3251 ε
1864 3162 2252 3233 mysteriorum
2305 3161 2620 3229 particeps:
2675 3169 2729 3215 et
2781 3162 3036 3229 praesenti
3092 3162 3286 3216 canoni
3329 3177 3433 3216 non

174 3251 413 3320 παρόντι
448 3251 656 3304 κανόνι.
687 3249 927 3312 Ἐκεῖνος
977 3251 1080 3319 μὲν
1114 3252 1222 3321 γὰρ
1268 3253 1538 3324 ἐξελήφθη
1597 3253 1760 3326 χάριν

170 3342 272 3396 τοῦ
305 3347 370 3394 ἐκ
397 3341 788 3410 διαλείμματος
847 3344 1202 3412 μαινομένου,
1236 3345 1330 3397 καὶ
1364 3346 1567 3409 εἰδότος
1616 3348 1760 3401 κατὰ

170 3431 270 3481 τὸν
310 3429 505 3499 καιρὸν
552 3430 652 3499 τῆς
697 3432 914 3499 νήψεως
953 3433 1061 3484 τῶν
1087 3431 1248 3485 Θείων
1295 3436 1659 3503 ἁγιασμάτων
1697 3439 1759 3489 τὺ

175 3523 489 3590 μυστήριον
515 3538 529 3551 ·
577 3523 605 3574 6
647 3521 704 3575 δὲ
738 3523 932 3592 παρὼν
973 3523 1155 3577 κανὼν
1200 3528 1328 3594 περὶ
1365 3526 1460 3579 τοῦ
1493 3527 1758 3597 διηνεκῶς

173 3615 557 3684 μαινομένουο
594 3614 641 3665 εί
700 3614 757 3666 δὲ
803 3619 895 3666 καὶ
949 3617 1076 3685 περὶ
1123 3616 1218 3668 τοῦ
1251 3619 1315 3669 ἐκ
1362 3617 1758 3687 διαλείμματος

175 3709 520 3776 μαινομένου
575 3707 735 3774 εἴπῃς
784 3709 874 3758 τὸν
907 3709 1109 3760 κανόνα
1141 3709 1328 3762 τοῦτον
1383 3709 1756 3779 διαλέγεσθαι,

170 3801 272 3852 καὶ
303 3797 482 3861 οὕτως
511 3800 612 3852 οὐκ
652 3800 805 3852 ἔσται
839 3799 920 3852 σοί
945 3815 998 3852 τι
1038 3802 1314 3871 ὲμποδὼνο
1349 3800 1468 3854 οὐδὲ
1505 3806 1617 3874 γὰρ
1649 3823 1754 3856 πα-

172 3892 644 3962 ραχωρηθήσεται
677 3894 702 3944 ὁ
727 3894 792 3945 ὲκ
826 3891 1225 3963 διαλείμματος
1271 3899 1598 3966 μαινόμενος
1623 3898 1756 3964 κλη-

171 3987 466 4055 ρωθῆναιο
524 3985 609 4037 ἵνα
669 3985 744 4056 μὴ
775 3986 1201 4057 περιυϐρίζηται
1231 3991 1264 4057 ἠ
1301 3989 1568 4059 ἱερωσύνη
1615 3992 1756 4045 κατὰ

167 4082 265 4134 τὸν
297 4079 497 4150 καιρὸν
535 4082 635 4150 τῆς
668 4079 865 4150 μανίας
911 4079 1104 4138 αὑτοῦ.
1141 4081 1236 4132 καὶ
1268 4080 1664 4153 βλασφημῆται
1694 4087 1756 4137 τὸ

165 4177 355 4228 Θεῖον.

243 4265 498 4319 ΖΩΝΑΡ.
549 4264 890 4334 Ἀκάθαρτος
955 4265 1148 4336 ὥσπερ
1210 4270 1238 4320 6
1301 4267 1755 4338 δαιμονιζόμενος

167 4361 430 4429 κρίνεται
452 4375 467 4391 ’
505 4358 600 4410 καὶ
646 4357 764 4426 ἅμα
792 4358 1019 4411 ὑπόνοια
1047 4359 1272 4424 δίδοται,
1299 4359 1396 4424 ὡς,
1415 4363 1464 4413 εἰ
1499 4361 1573 4432 μὴ
1603 4363 1754 4427 ἄξιον

165 4450 378 4504 ἑαυτοῦ
409 4451 838 4519 κατοικητήριον
868 4449 960 4503 τὸν
1002 4450 1292 4521 ἄνθρωπον
1327 4454 1354 4504 6
1403 4453 1613 4524 δαίμων
1665 4452 1754 4505 εὖ·

1866 3255 2210 3309 adversatur.
2247 3251 2341 3306 Ille
2373 3255 2520 3308 enim
2557 3254 2623 3307 de
2663 3269 2727 3309 eo
2756 3255 3016 3324 loquitur,
3043 3254 3134 3322 qui
3167 3271 3264 3324 per
3291 3254 3432 3307 dilu-

1861 3342 1981 3398 cida
2021 3341 2299 3396 intervalla
2337 3340 2519 3395 furore
2553 3343 2870 3412 corripitur,
2929 3353 2983 3396 et
3038 3343 3140 3397 scit
3192 3356 3257 3397 eo
3293 3351 3435 3396 tem-

1861 3451 1992 3504 pore
2028 3450 2136 3505 quo
2171 3434 2419 3503 resipnit,
2454 3433 2760 3488 divinorum
2807 3445 3271 3489 sacramentorum
3321 3450 3436 3504 my-

1859 3528 2084 3583 Slet‘ittm
2119 3546 2133 3581 :
2175 3541 2411 3594 praesens
2440 3536 2622 3581 autem
2657 3540 2830 3579 canon
2861 3526 2926 3580 de
2956 3541 3019 3580 eo
3052 3527 3308 3596 loquitur.
3339 3529 3432 3595 qui

1861 3628 1946 3674 est
1980 3627 2241 3686 perpetuo
2293 3617 2555 3672 furiosus.
2612 3617 2668 3670 Si
2710 3625 2889 3669 autem
2933 3617 3096 3669 etiam
3141 3618 3206 3671 de
3233 3633 3296 3672 eo
3339 3618 3434 3685 qui

1862 3723 1956 3776 per
1983 3708 2217 3761 dilucida
2260 3707 2394 3760 furit
2440 3707 2744 3771 intervalla,
2783 3721 3049 3760 canonem
3087 3706 3234 3772 loqui
3281 3708 3432 3758 dixe-

1864 3801 1958 3863 ris,
1997 3814 2095 3852 nec
2137 3800 2216 3852 sic
2246 3799 2462 3865 quidem
2495 3797 2663 3852 ullum
2698 3799 2790 3850 tibi
2823 3800 2925 3851 erit
2957 3799 3428 3866 impedimentum.

1863 3891 2051 3960 Neque
2081 3890 2225 3944 enim
2258 3889 2588 3944 concedetur
2619 3890 2668 3943 ei
2707 3890 2796 3959 qui
2834 3904 2930 3958 per
2961 3889 3194 3944 dilucida
3261 3890 3433 3944 inter-

1861 3984 1994 4037 valla
2029 3984 2214 4038 furore
2249 3983 2569 4053 corripitur,
2599 3984 2652 4038 in
2691 3985 2891 4037 clerum
2939 3985 3204 4055 coeptari,
3252 4000 3318 4038 ne
3343 4000 3434 4038 sa-

1858 4075 2159 4130 cerdotium
2213 4074 2413 4128 furoris
2466 4084 2710 4144 tempore
2768 4075 3097 4130 contumelia
3138 4075 3429 4140 afficiatur,

1858 4165 2183 4236 probrisque
2208 4175 2261 4219 et
2289 4165 2640 4234 blasphemils
2687 4180 2884 4219 numen
2914 4175 3214 4234 appetatur.

1928 4259 2184 4314 ZONAR.
2265 4259 2523 4327 Quisquis
2593 4267 2677 4313 est
2745 4257 3088 4323 immundus,
3173 4269 3428 4328 tanquam

1859 4365 2082 4410 vexatus
2109 4370 2137 4408 a
2170 4355 2414 4409 daemone
2442 4351 2716 4422 judicatur
2744 4369 2758 4405 :
2792 4352 2952 4406 simul
2998 4353 3161 4407 etiam
3191 4355 3428 4422 suspirio

1857 4449 2144 4516 praebetur,
2179 4444 2323 4514 quod
2360 4443 2462 4496 nisi
2493 4444 2712 4512 dignum
2754 4456 2812 4496 se
2847 4443 3234 4507 habitaculum,
3285 4445 3425 4497 hunc

167 4553 312 4614 ρηκε
349 4543 440 4594 διὰ
471 4541 587 4610 βίου
611 4543 949 4612 φαυλότητα,
976 4543 1076 4594 οὐκ
1112 4542 1178 4596 ἂν
1202 4544 1379 4596 εἰσεδυ
1413 4543 1596 4596 αὐτόν.
1627 4543 1752 4607 Πῶς
1785 4531 1832 4590 D

1785 4531 2130 4593 Dhominetn
2164 4537 2371 4590 damon
2429 4535 2746 4598 invenisset,
2807 4535 2876 4587 ob
2932 4536 3054 4588 vita:
3108 4535 3424 4602 nequitiam,

164 4631 267 4688 οὖν
305 4637 335 4687 6
367 4633 610 4698 τοιοῦτος
651 4635 730 4695 είς
770 4635 1108 4704 χειροτονίαν
1132 4635 1257 4688 τινὰ
1295 4635 1704 4706 προαχθήσεται
1735 4653 1750 4702 ;

164 4727 234 4778 Et
267 4725 379 4794 γὰρ
429 4723 603 4793 μύρον
633 4723 839 4793 δοχείον
875 4725 1086 4793 σαπρὸν
1116 4725 1178 4778 οὐ
1214 4725 1558 4792 πιστεύεται,
1609 4727 1753 4779 κατὰ

163 4818 264 4870 τὸν
300 4817 480 4885 μέγαν
507 4818 568 4868 ὲν
595 4815 850 4887 θεολογίᾳ
883 4817 1209 4887 Γρηγόριον,
1243 4818 1362 4881 πῶς
1393 4817 1471 4887 τῷ
1511 4817 1604 4870 τοῦ
1636 4818 1751 4871 δαί·

167 4923 342 4975 μονος
371 4906 562 4976 δοχείῳ
592 4908 624 4978 ἡ
666 4909 826 4977 χάρις
855 4907 948 4959 τοῦ
987 4909 1144 4975 ἁγίου
1179 4909 1496 4978 Πνεύματος
1523 4926 1750 4962 πιστευ-

164 4997 446 5065 Οήσεται;
489 4996 654 5049 Ἀλλὰ
687 4997 822 5066 μηδὲ
864 4998 1226 5066 συνεύχεσθαι
1255 5002 1368 5062 τοῖς
1413 5003 1629 5062 πιστοῖς
1658 5001 1750 5052 τὸν

160 5090 444 5151 τοιοῦτον,
478 5092 504 5142 6
534 5088 728 5160 παρὼν
761 5089 944 5142 κανὼν
967 5091 1337 5144 διατάττεται.
1383 5092 1440 5144 Ὀ
1470 5092 1526 5144 δὲ
1564 5092 1748 5161 τρίτος

164 5181 266 5234 τοῦ
320 5182 670 5252 πατριάρχου
737 5181 1150 5254 Ἀλεξανδρείας
1205 5183 1474 5252 Τιμοθέου
1540 5182 1745 5244 κανὼν,

160 5279 466 5347 ἀπόκρισις
495 5274 572 5328 ὢν
615 5277 752 5345 πρδς
790 5277 884 5329 τὸν
937 5277 1323 5346 ἐρωτήσαντα,
1370 5275 1497 5328 Ἐὰν
1553 5277 1748 5339 πιστὸς

161 5368 575 5437 δαιμονίζηττι,
624 5347 906 5436 είόφείλει
942 5367 1384 5437 μεταλαμϐάνειν
1422 5369 1531 5420 τῶν
1576 5368 1748 5435 ἁγίων

165 5461 529 5531 μυστηρίων;
579 5461 778 5528 φησίν*
821 5460 946 5512 Ἐὰν
985 5460 1060 5529 μὴ
1114 5459 1422 5530 ἐξαγορεύῃ
1453 5459 1514 5511 τὸ
1545 5461 1748 5529 μυστή-

162 5568 309 5620 ριον,
341 5553 481 5619 μήτε
516 5548 690 5611 ἄλλως
732 5566 843 5612 πως
884 5548 1206 5620 βλασφημῇ,
1243 5549 1742 5620 μεταλαμϐανὲτω.

161 5641 393 5692 Ἔοικεν
421 5641 516 5694 οὖν
564 5639 938 5692 ἐναντιοῦσθαι
993 5639 1070 5710 τῷ
1103 5642 1330 5710 παρόντι
1384 5639 1597 5695 κανόνι.
1633 5643 1747 5693 Οὐκ

156 5727 320 5802 οἶμαι
498 5730 638 5784 Ἀλλ’
670 5733 698 5784 ὁ
735 5730 836 5800 μὲν
865 5731 1229 5796 ἁποστολικὸς
1259 5732 1440 5788 κανὼν
1474 5733 1602 5801 περὶ
1652 5731 1746 5786 τοῦ

1857 4644 2131 4698 nunquam
2196 4627 2391 4681 fuisset
2449 4626 2729 4696 ingressus
2779 4627 2830 4678 in
2881 4640 3026 4679 eum.
3063 4623 3212 4678 Talis
3264 4626 3428 4690 igitur

1855 4734 2095 4792 quonam
2131 4719 2290 4772 modo
2324 4719 2392 4771 ad
2435 4717 2838 4770 ordinationem
2889 4716 3182 4784 quamlibet
3230 4731 3427 4784 prove-

1857 4814 2053 4868 hetur?
2082 4809 2214 4863 Nam
2247 4809 2292 4863 si
2329 4809 2442 4864 vasi
2475 4808 2616 4874 putri
2656 4821 2762 4860 non
2809 4806 3054 4860 creditur
3087 4817 3422 4875 unguentum

1857 4903 2179 4974 (secundum
2222 4915 2477 4970 magnum
2510 4900 2563 4952 in
2599 4897 2872 4966 theologia
2905 4895 3248 4966 Gregorium)
3291 4912 3426 4964 quo-

1856 5003 2014 5054 modo
2049 4997 2396 5064 receptaculo
2427 4995 2690 5049 daemonis
2726 4993 2901 5060 gratia
2961 4990 3196 5060 Spiritus
3250 4989 3422 5044 sancti

1853 5090 2149 5146 credetur?
2181 5088 2282 5143 Sed
2312 5097 2366 5141 et
2403 5087 2652 5140 fidelibus
2688 5100 2787 5138 nec
2819 5085 2974 5139 simul
3000 5099 3158 5138 orare
3201 5086 3421 5153 quidem

1855 5200 1978 5236 cum
2015 5183 2128 5246 tali,
2159 5193 2395 5250 prmsens
2434 5193 2612 5232 canon
2667 5177 2932 5244 praecipit.
2992 5177 3176 5245 Atqui,
3232 5177 3421 5229 tertius

1854 5273 2207 5329 Alexandrini
2253 5269 2574 5339 patriarcha:
2628 5267 2897 5321 Timothei
2949 5281 3147 5331 canon,
3199 5282 3422 5335 respon-

1852 5370 2058 5421 sionem
2109 5365 2392 5419 eontineus
2441 5362 2508 5415 ad
2554 5375 2676 5415 eum
2703 5362 2794 5429 qui
2841 5361 3316 5429 interrogaverat:
3364 5360 3419 5412 Si

1853 5460 2025 5514 fidelis
2076 5473 2105 5510 a
2167 5457 2429 5510 daemonio
2501 5461 2791 5522 correptus
2842 5449 3049 5512 fuerit,
3114 5467 3179 5504 an
3227 5451 3422 5503 debeat

1851 5559 2161 5604 sanctorum
2227 5545 2606 5616 mysteriorum
2670 5543 2936 5611 particeps
2991 5542 3156 5595 esse?
3223 5541 3415 5595 dicit:

1852 5643 1964 5696 Nisi
2011 5641 2263 5695 enuntiet
2311 5636 2647 5708 mysterium,
2684 5645 2737 5689 et
2789 5635 2891 5688 nisi
2952 5649 3057 5702 quo
3111 5633 3217 5686 alio
3261 5633 3420 5685 modo

1851 5733 2211 5802 blasphemet,
2251 5733 2520 5798 particeps
2552 5738 2695 5784 esto.
2723 5727 2909 5797 Igitur,
2940 5728 3196 5797 praesenti
3225 5723 3420 5780 cationi
