4222 6460
154 421 251 480 209

1349 413 1429 474 ΙΝ
1460 411 1624 472 CAN.
1659 407 1948 470 LXXXIV
1982 412 2236 473 APOST.

3319 406 3424 472 210

150 535 242 598 τῆς
308 534 368 582 ἐν
418 529 725 597 Χαλκηδόνι
793 526 1036 590 συνόδου,
1087 525 1560 595 ἀναθεματίζοντα
1609 523 1736 585 τοὺς

1862 541 1969 588 em,
2000 526 2046 580 si
2102 541 2207 581 non
2239 523 2613 594 ptenitentimn
2667 529 2848 590 agant.
2904 518 3192 584 Qutt'sicrit
3242 529 3419 574 autem

152 625 447 685 τοιούτους,
493 625 539 675 ει
579 623 652 690 μὴ
689 621 1166 690 μεταμεληθῶσιν.
1208 620 1506 688 Ἐρωτήσει
1541 617 1596 669 δέ
1633 634 1737 681 τις,

157 714 297 784 Ἀρα
321 735 414 768 και
450 715 690 767 ἐνταῦθα
720 715 780 765 τὸ
825 714 1130 766 παυσάσθω
1163 713 1193 780 ἦ
1229 712 1601 784 καθαιρείσθω
1629 711 1740 776 ἔξει

155 807 359 876 χώραν,
387 807 567 868 καθὼς
594 808 650 858 ἐν
682 805 760 875 τῷ
790 813 876 858 πα’
921 806 1106 858 κανόνι
1147 804 1503 874 ἐδιδάχθημεν
1533 820 1546 834 ο
1584 807 1616 873 ἦ
1650 802 1742 856 καὶ

153 898 256 966 πρὸ
300 897 746 966 ὲπιτωνημάτων
798 897 826 948 δ
885 897 984 967 τὴν
1034 897 1326 964 στρατείαν
1361 895 1742 965 μεταχειριζό-

155 1006 312 1056 μενος
362 989 660 1058 ἱερωμένος
711 987 1563 1058 ἀπεντεῦθενκαθαιρεθήσεταις
1622 986 1742 1041 Λύ-

150 1096 268 1146 σις.
319 1081 493 1147 Οἶμαι
536 1082 618 1134 ὅτι
678 1081 771 1134 καὶ
821 1081 1080 1147 ἐνταῦθα,
1143 1081 1280 1150 μετὰ
1329 1079 1669 1149 ἐπιφώνησιν
1716 1083 1744 1130 ὁ

153 1173 570 1241 στρατολογῶν,
631 1175 679 1226 εἰ
743 1173 818 1243 μὴ
877 1177 1189 1237 παύσεται,
1259 1171 1740 1242 καθαιρεθήσεται.

156 1265 341 1317 Πάντα
377 1267 486 1334 γὰρ
519 1267 588 1319 τὰ
626 1268 936 1336 δημοσιακὰ
959 1267 1057 1338 τὴν
1086 1269 1255 1338 αὐτὴν
1281 1268 1464 1322 αἰτίαν
1505 1266 1741 1335 ἔχουσιν.

163 1355 468 1424 Ἀνάγνωθι
501 1360 594 1413 καὶ
620 1376 744 1427 κεφ.
799 1359 877 1413 λ6¹
918 1360 1013 1412 τοῦ
1060 1360 1106 1414 θ’
1143 1361 1321 1415 τίτλου
1353 1359 1446 1414 τοῦ
1479 1360 1746 1430 παρόντος

157 1452 566 1518 συντάγματος,
595 1454 690 1505 καὶ
725 1452 794 1504 τὶ
821 1454 877 1504 ὲν
905 1452 1071 1522 αὐτῷ.

218 1542 474 1596 ΖΩΝΑΡ.
505 1543 802 1612 Στρατείαν
829 1544 1060 1598 ἐνταῦθα
1103 1546 1202 1618 οὐχ
1237 1549 1447 1601 ὅπλων
1467 1548 1750 1617 μεταχει-

145 1650 334 1698 matr
358 1633 396 1700 ἡ
425 1637 809 1701 προστασίαν
835 1638 1214 1705 στρατιωτῶν
1238 1636 1391 1708 οἶμαι
1418 1641 1510 1693 τὸν
1543 1641 1745 1694 κανόνα

152 1725 361 1792 λέγειν,
422 1728 560 1780 ἀλλὰ
602 1732 1020 1798 στρατιωτικῶν
1073 1733 1418 1802 πραγμάτων
1450 1734 1743 1803 διοίκησιν,

152 1812 264 1869 οἷον
289 1818 618 1887 σιτηρεσίων
651 1823 1062 1890 στρατιωτικῶν
1095 1823 1439 1894 διανέμησιν,
1471 1826 1746 1896 ἦτροιρῶν

154 1911 526 1979 στρατιώταις
587 1914 992 1984 ἀφωρισμένων
1027 1917 1318 1989 ὑποδοχὴν,
1359 1919 1392 1986 ἢ
1449 1921 1744 1989 στρατολο-

149 2002 299 2066 γίαν,
340 2002 495 2072 ἧκαὶ
527 2005 826 2074 διοικήσεις
872 2009 1038 2072 ἄλλας
1073 2010 1247 2075 τινὰς,
1284 2010 1350 2074 ἃς
1385 2013 1479 2064 καὶ
1509 2012 1558 2063 οί
1594 2015 1746 2064 πολι-

149 2096 296 2145 τικοὶ
315 2095 472 2164 νόμοι
505 2097 794 2166 στρατείας
825 2099 1173 2170 εὑρίσκονται
1199 2103 1582 2172 ὀνομάζοντες.
1609 2101 1747 2167 Τοὺς

150 2186 291 2249 γοῦν
327 2186 594 2250 τοιούτοις
640 2189 752 2241 τισὶ
783 2191 1150 2259 σχολάζοντας
1201 2193 1537 2263 ίερωμένους
1576 2196 1604 2247 ὀ
1643 2213 1748 2248 κα·-

151 2272 262 2325 νὼν
298 2277 406 2328 ὑπὸ
447 2279 766 2349 καθαίρεσιν
790 2283 973 2349 τίθησι
1031 2284 1270 2350 πάντως,
1328 2285 1377 2337 εί
1415 2287 1489 2355 μὴ
1540 2287 1748 2342 τούτων

152 2365 510 2431 ἀφίστανται.
551 2372 624 2422 Οὐ
659 2371 768 2440 γὰρ
794 2372 874 2424 δεῖ
899 2374 1147 2441 μιγνύειν
1172 2376 1237 2428 τὰ
1258 2375 1466 2445 ἄμικτα
1489 2397 1499 2407 ·
1522 2379 1589 2432 τὰ
1610 2379 1749 2433 Καί⁴

156 2474 328 2524 σαρος
379 2461 514 2526 φησὶ
559 2462 650 2513 καὶ
698 2462 766 2514 τὰ
796 2462 890 2516 τοῦ
925 2465 1081 2520 Θεοῦ.
1131 2466 1190 2518 Ὀ
1215 2467 1271 2519 δὲ
1307 2471 1404 2537 τῆς
1436 2469 1496 2519 ἐν
1523 2469 1748 2540 Χαλκη-

155 2546 272 2600 δόνι
308 2549 532 2602 συνόδου
587 2552 818 2622 ἕϐδομος
877 2556 1053 2607 κανὼν
1102 2559 1194 2610 καὶ
1241 2559 1748 2627 ἀναθεματίζεσθαι

155 2637 288 2700 τοὺς
322 2640 601 2707 τοιούτους
639 2644 714 2714 μὴ
751 2646 1230 2717 μεταμελομένους
1267 2650 1458 2720 ὁρίζει.

158 2824 394 2880 ΔΡΙΣΤ.
441 2828 661 2896 Ἰερεὺς
706 2829 907 2899 ἄρχων
961 2833 1235 2901 ἁνίεροςο
1283 2854 1301 2887 ι
1348 2837 1423 2890 Τὰ
1462 2839 1571 2907 γὰρ
1608 2841 1751 2893 Καί-

272 2934 468 2987 σαρος
492 2922 767 2990 Καίσαρι,
797 2923 894 2976 καὶ
925 2925 999 2978 τὰ
1031 2926 1137 2979 τοῦ
1161 2927 1309 2982 Θεοῦ
1333 2929 1413 2994 τῷ
1452 2932 1591 2996 Θεῷ.
1620 2953 1639 2984 ι

245 3009 308 3063 ⁸0
356 3011 676 3083 Ῥωμαϊκὴν
728 3015 1019 3086 στρατείαν
1070 3018 1275 3072 ἐθέλων
1338 3023 1612 3093 κατέχειν,
1656 3029 1753 3082 καὶ

163 3100 452 3171 ἱερατικὴν
482 3102 771 3173 διοίκησιν,
801 3105 1192 3176 καθαιρείσθω.
1229 3112 1305 3165 Τὰ
1326 3112 1752 3187 γὰριΚαΙσαρος

161 3196 446 3262 Καίσαρι,
491 3199 586 3250 καὶ
622 3201 693 3253 τὰ
741 3202 845 3254 τοῦ
883 3203 1030 3256 Θεοῦ
1063 3204 1141 3269 τῷ
1171 3205 1313 3271 Θεῷ.

747 3293 986 3346 ΚΛΝΩΝ
1033 3294 1154 3350 ΠΧ.

160 3381 384 3446 Ὅστις
412 3385 646 3452 ὐόρίσει
667 3385 932 3449 βασιλέα
964 3387 1074 3455 (30)
1112 3388 1148 3456 ἣ
1188 3389 1452 3457 ἄρχοντα
1486 3397 1647 3464 παρὰ
1691 3399 1756 3451 τὸ

230 3471 502 3536 δίκαιον,
535 3476 819 3541 τιμωρίαν
865 3478 1148 3530 τιννύτω·
1183 3480 1278 3532 καὶ
1313 3484 1362 3533 εἰ
1391 3482 1510 3550 μὲν
1553 3489 1758 3553 κληρι-

234 3563 375 3631 κὸς,
412 3568 830 3633 καθαιρείσθω·
880 3572 929 3622 ει
961 3569 1029 3622 δὲ
1057 3572 1286 3637 λαῑκές,
1318 3574 1704 3641 ἀφοριζέσθω.

233 3657 442 3710 ΒᾹΛΣ.
492 3657 550 3710 Ὀ
572 3660 867 3722 Μωσαῖκὸς
895 3662 1055 3729 νόμος
1082 3663 1245 3731 φησιν
1265 3681 1281 3698 ο
1323 3667 1620 3733 ’Ἄρχοντα
1649 3669 1757 3720 τοῦ

157 3746 319 3799 ,ιτιοῦ
344 3762 467 3799 σου
496 3749 607 3800 οὐκ
655 3748 809 3815 ἐρεῖς
839 3750 1060 3815 κακῶς.
1105 3752 1439 3817 ’Λκολούθως
1479 3755 1571 3808 οὖν
1613 3757 1759 3817 αὑτῶ

159 3839 473 3908 διορίζεται
508 3843 599 3892 καὶ
622 3843 648 3893 δ
672 3841 862 3912 παρὼν
901 3844 1100 3907 κανὼν,
1151 3846 1242 3898 τὸν
1274 3847 1568 3917 ὑδρὶζοντα
1607 3810 1762 3920 βασι,-

161 3933 262 3984 λὲα
287 3935 319 4002 ἦ
341 3934 604 4003 ἄρχοντα,
631 3936 890 4004 κληρικδν
916 3938 1016 4007 μὲν
1039 3940 1191 4004 ὄντα,
1215 3941 1618 4012 καθαιρεῖσθαι,
1642 3945 1760 3998 λαῖ-

164 4031 268 4080 κδν
307 4031 394 4094 δὲ,
443 4031 820 4098 ἀφορίζεσθαι.
855 4033 965 4086 Καὶ
991 4033 1150 4087 τοῦτο
1202 4037 1300 4103 μὲν
1335 4037 1458 4089 ὅσον
1519 4039 1624 4091 ἀπὸ
1657 4040 1760 4108 τῆς

163 4119 644 4188 ὲκκλησιαστικῆς
687 4125 1048 4192 παραδόσεως
1073 4139 1087 4154 ·
1118 4127 1166 4178 o’.
1213 4126 1269 4179 δὲ
1301 4127 1573 4181 πολιτικοὶ
1603 4130 1760 4198 νόμοι

163 4212 353 4274 ἄλλως
397 4213 735 4266 διευλυτοῦσι
785 4215 852 4268 τὰ
910 4215 1008 4284 τῆς
1045 4215 1332 4288 βασιλικῆς
1378 4219 1610 4290 ὓόρεως.
1651 4223 1762 4276 Καὶ

162 4303 458 4370 ἀνάγνωθι
513 4304 572 4356 τὸ
602 4303 688 4369 λς’
727 4323 855 4374 κεφ.
903 4308 998 4361 τοῦ
1040 4309 1084 4361 θ’
1127 4310 1306 4363 τίτλου
1347 4310 1441 4363 τοῦ
1487 4312 1763 4381 παρόντος

166 4395 585 4464 συντάγματος.
617 4397 773 4461 Τινὲς
803 4401 1200 4470 ἑρμηνεύοντες
1227 4402 1310 4469 τὸ,
1345 4402 1412 4454 Εἴ
1432 4419 1516 4466 τις
1548 4379 1762 4474 ὑδρίσεί

169 4488 413 4556 βασιλέα
449 4489 481 4559 ἢ
515 4490 751 4562 ἄρχοντα
777 4495 928 4564 παρὰ
956 4493 1016 4548 τὸ
1049 4495 1277 4560 δίκαιον,
1312 4492 1466 4549 εἷπον
1499 4497 1763 4562 πολλάκις

167 4580 623 4649 ὲκλαμὸἁνεσθαι
654 4585 857 4638 καὶτὸν
893 4584 1101 4639 δίκαιον
1129 4587 1350 4656 ἔλεγχον
1385 4588 1504 4641 ἀντὶ
1525 4587 1759 4659 ὕϐρεως.

166 4669 412 4741 Νομίζω
436 4671 493 4725 δὲ
516 4672 671 4726 τοῦτο
695 4675 1090 4744 ἑρμηνεύεσθαι
1119 4676 1226 4728 ἀπο
1262 4675 1355 4728 τοῦ
1390 4675 1448 4729 ιδ’
1489 4693 1616 4744 κεφ.
1665 4677 1761 4730 τοῦ

167 4763 262 4823 λς’
297 4761 484 4814 τίτλου
514 4765 607 4817 τοῦ
637 4763 679 4829 ξ’
716 4766 922 4834 βιϐλίου
960 4767 1065 4819 τῶν
1101 4767 1425 4829 Βασιλικῶν,
1457 4769 1596 4837 ὅπερ
1626 4786 1765 4821 κατα

169 4854 434 4924 εστρώθη
491 4859 568 4919 εὶς
612 4858 671 4909 τὸ
719 4856 806 4922 λς’
846 4861 1140 4928 κεφαλαιον
1200 4859 1294 4914 τοῦ
1364 4858 1408 4912 θ’
1456 4859 1636 4913 τίτλου
1668 4859 1759 4913 τοῦ

173 4949 456 5017 παρόντος
489 4949 890 5020 συντάγματος.

294 5109 340 5140 ³⁸
369 5107 544 5163 Exod.
574 5124 708 5174 uti,
743 5110 836 5165 28.

1843 619 2132 688 quispiam,
2167 633 2234 671 an
2267 627 2320 671 et
2348 616 2438 670 hic
2488 615 2640 676 illud,
2686 611 2915 666 desistat
2972 612 3052 663 vel
3096 610 3421 678 deponatur,

1844 713 2018 767 locum
2057 711 2274 775 habeat,
2322 706 2774 776 quemadmodum
2824 715 2876 759 et
2919 707 2971 758 in
3005 703 3064 756 8i
3117 719 3237 758 can.
3289 704 3424 756 didi-

1845 808 2041 868 cimus,
2110 819 2176 856 an
2241 803 2403 857 etiam
2453 807 2579 854 ante
2627 797 2828 860 edicta,
2879 798 3133 850 sacerdos
3172 812 3265 865 qut
3313 809 3426 847 rem

1845 898 2135 952 militarem
2185 904 2384 949 tractat
2450 891 2597 946 illico
2651 891 2969 959 deponetur.
3025 889 3250 944 Salutio.
3300 887 3427 942 Exi-

1847 993 2008 1048 stimo
2036 990 2177 1060 quod
2211 988 2314 1058 55
2346 989 2435 1043 hic
2481 999 2700 1056 quoque
2760 991 2879 1053 post
2924 983 3181 1046 edictum,
3235 982 3281 1038 is
3333 982 3426 1050 qui

1848 1083 2124 1139 exercitus
2155 1095 2341 1136 curam
2372 1079 2558 1140 habet,
2592 1075 2636 1130 si
2667 1090 2771 1129 non
2807 1074 3055 1134 desistat.
3102 1073 3426 1142 deponetur.

1848 1177 2042 1232 Omnia
2077 1174 2222 1230 enim
2255 1172 2468 1241 publica
2499 1168 2744 1224 eamdem
2775 1181 2994 1221 causam
3027 1166 3251 1220 habent.
3287 1163 3429 1234 Lege

1849 1269 2013 1323 etiam
2047 1273 2207 1334 caput
2233 1263 2304 1317 δί
2337 1260 2475 1313 tituli
2513 1260 2641 1314 noni
2675 1257 2961 1327 przesentis
2995 1256 3199 1325 operis.
3225 1265 3280 1311 et
3310 1269 3431 1324 qua:

1851 1360 1905 1414 in
1940 1360 2030 1414 illo
2059 1357 2261 1427 scripta
2293 1361 2441 1408 sunt.

1922 1545 2174 1603 ZUNAR.
2227 1541 2502 1597 Cauonem
2557 1551 2663 1591 non
2714 1536 2948 1589 arbitror
3011 1534 3100 1587 hic
3157 1530 3433 1602 appellare

1854 1641 2168 1710 στρατείαν,
2207 1634 2490 1687 Armorum
2519 1629 2910 1688 tractationem,
2936 1624 3012 1678 rel
3031 1625 3260 1676 militum
3288 1639 3431 1692 prat-

1852 1737 2147 1804 fecturam.
2208 1727 2300 1783 sed
2355 1722 2673 1778 militarium
2730 1734 2908 1772 rerum
2957 1715 3428 1786 procurationem;

1853 1826 2014 1880 veluti
2054 1820 2371 1876 militarium
2409 1813 2811 1885 stipendiorum
2854 1807 3319 1870 distributionem,
3347 1805 3433 1859 vel

1851 1930 2083 1972 annona:
2139 1908 2443 1965 nutriendis
2499 1905 2759 1958 militibus
2811 1901 3060 1970 sepositae
3109 1913 3318 1960 curam,
3349 1895 3432 1949 vel

1854 2007 2083 2063 militum
2123 2000 2571 2070 descriptionem,
2600 1996 2681 2067 vdl
2738 1995 2902 2047 etiam
2949 2007 3086 2059 quas
3135 1990 3270 2043 alias
3302 2003 3432 2056 pro-

1851 2099 2158 2153 curationes
2196 2113 2209 2148 :
2254 2107 2389 2161 quas
2423 2089 2640 2158 quidem
2673 2086 2861 2140 civiles
2896 2085 3040 2152 leges
3087 2081 3434 2136 inveniuntur

1851 2190 2014 2244 etiam
2047 2187 2328 2242 nominare
2361 2181 2674 2249 στρατείας.
2710 2179 3072 2232 Consecratos
3111 2174 3272 2241 igitur
3312 2172 3435 2226 istis

1852 2280 2321 2348 qualibuscunque
2355 2282 2610 2327 vacantes
2644 2285 2819 2323 canon
2853 2266 3176 2334 depositioni
3209 2263 3434 2317 omnino

1852 2371 2072 2440 subjicit
2105 2387 2118 2422 :
2148 2369 2190 2422 si
2228 2383 2333 2423 non
2367 2366 2433 2418 ab
2461 2365 2545 2419 his
2574 2362 2906 2416 abstineant.
2946 2357 3055 2411 Nec
3094 2356 3238 2411 enim
3278 2355 3437 2408 decet

1853 2479 1958 2518 non
1988 2461 2261 2516 miscenda
2291 2460 2521 2512 miscere
2551 2473 2564 2509 :
2599 2470 2660 2507 ea
2689 2453 2861 2523 (dicit)
2885 2465 3006 2519 quae
3027 2455 3152 2502 sunt
3181 2445 3433 2509 Caesaris,

1853 2566 1908 2610 et
1936 2571 1999 2610 ea
2028 2568 2146 2624 quas
2188 2561 2317 2606 sunt
2344 2550 2460 2603 Dei.
2500 2547 2779 2615 Septimus
2809 2552 2988 2596 autem
3015 2541 3066 2594 in
3090 2538 3439 2592 Chalcedone

1852 2649 2044 2722 synodi
2079 2660 2257 2702 canon
2294 2643 2428 2699 tales
2460 2656 2595 2711 quos
2637 2653 2746 2707 non
2797 2636 3079 2708 ptcniteat,
3111 2632 3437 2687 anathema-

1856 2743 2011 2798 tizari
2045 2741 2310 2796 decernit.

1854 2836 2082 2892 ARIST.
2128 2835 2392 2890 Sacerdos
2442 2833 2816 2902 magistratum
2854 2825 3076 2887 obiens,-
3133 2818 3438 2888 deponitur.

1899 2948 1918 2983 ι
1943 2929 2073 2995 Qua:
2093 2930 2231 2982 enim
2249 2927 2479 2982 Ca’saris
2509 2933 2648 2984 sunt,
2669 2921 2892 2982 Ca’sari,
2917 2928 2964 2972 et
2987 2933 3103 2986 qua:
3133 2915 3247 2979 Dei,
3273 2913 3436 2966 Deo.»

1930 3023 2033 3090 Qui
2071 3019 2373 3073 Romanam
2405 3014 2654 3069 militiam
2691 3011 2929 3067 retinere
2959 3008 3136 3070 vellet,
3185 3018 3250 3059 ac
3274 3003 3441 3058 etiam

1857 3111 2248 3168 sacerdotalem
2302 3105 2875 3166 administrationem,
2917 3099 3239 3164 deponatur.
3308 3092 3442 3157 Qua:

1785 3211 1827 3266 C
1861 3206 1994 3259 enim
2026 3203 2252 3257 Ctesaris
2285 3209 2430 3263 stmt,
2468 3196 2689 3257 Cwsari,
2721 3205 2769 3248 et
2811 3209 2953 3260 qum,
2984 3189 3107 3253 Dei,
3151 3187 3283 3240 Deo.

2358 3289 2587 3344 CANON
2655 3282 2940 3340 LXXXIV.

1863 3389 2111 3457 Quisquis
2145 3401 2312 3456 regem
2341 3382 2416 3437 rel
2444 3381 2733 3451 principem
2764 3385 2954 3445 prazter
2980 3374 3076 3443 jus
3122 3369 3445 3424 contumelia

1932 3481 2192 3550 olfecerit,
2235 3492 2414 3546 pwnas
2447 3474 2559 3527 luat
2595 3487 2610 3524 :
2650 3479 2698 3524 et
2745 3470 2789 3523 si
2828 3469 2897 3522 sit
2941 3467 3153 3536 quidem
3198 3463 3442 3526 clericus,

1933 3575 2227 3641 deponatur
2261 3584 2277 3622 :
2319 3568 2363 3621 si
2397 3583 2515 3620 vero
2555 3564 2748 3625 laicus,
2778 3566 3098 3629 segregetur.

1937 3662 2131 3718 BALS.
2183 3662 2294 3715 Lex
2334 3657 2569 3711 Mosaica
2617 3652 2745 3707 dicit
2793 3670 2805 3704 :
2857 3649 3097 3716 Principi
3139 3648 3319 3717 populi
3364 3649 3445 3703 tui

1867 3774 1969 3811 non
1998 3750 2368 3809 maledices“.
2425 3748 2486 3803 Ei
2536 3760 2666 3815 ergo
2700 3751 3099 3812 consequenter
3150 3740 3342 3796 statuit
3389 3749 3445 3795 et

1870 3863 2106 3918 pra-scus
2152 3859 2349 3904 canon,
2407 3855 2528 3894 eum
2580 3838 2672 3908 qui
2727 3836 3108 3906 imperatorem
3159 3831 3243 3884 vel
3289 3829 3443 3899 prin-

1866 3943 2037 4009 cipem
2065 3937 2260 4006 injuria
2285 3934 2469 3996 allicit,
2498 3931 2542 3985 si
2579 3931 2647 3984 sit
2673 3929 2890 3996 quidem
2927 3924 3181 3990 clericus,
3211 3923 3403 3991 deponi
3427 3939 3443 3976 :

1867 4036 1909 4089 si
1946 4047 2072 4087 vero
2099 4031 2292 4091 laicus,
2335 4025 2644 4096 segregari;
2684 4030 2738 4076 et
2785 4021 2888 4074 hoc
2929 4017 3147 4086 quidem
3183 4024 3444 4084 quantum

1869 4123 1932 4176 ad
1965 4118 2390 4176 ecclesiasticam
2425 4113 2769 4168 traditionem
2797 4109 3010 4163 attinet.
3039 4105 3236 4160 Civilcs
3263 4113 3444 4158 autem

1869 4214 2016 4283 leges
2045 4214 2199 4278 itnp.,
2249 4193 2444 4263 factam
2477 4204 2725 4276 iniuriam
2776 4201 2935 4256 aliter
2987 4198 3280 4260 vindicant,
3329 4194 3447 4262 lege

1868 4313 2046 4359 autem
2077 4303 2168 4367 56,
2206 4316 2329 4371 cap.
2359 4299 2488 4354 noui
2517 4299 2602 4350 tit.
2633 4293 2917 4365 praesentis
2955 4291 3159 4360 operis.
3191 4285 3446 4341 Nonnulli

1868 4409 2049 4453 autem
2077 4395 2204 4449 illud
2239 4394 2675 4460 interpretantes,
2706 4385 2763 4439 Si
2815 4383 2936 4453 quis
2983 4393 3163 4448 regem
3188 4378 3273 4434 vel
3301 4378 3451 4446 prin-

1869 4490 2044 4560 cipem
2082 4494 2275 4558 praeter
2299 4485 2386 4554 jus
2415 4480 2741 4538 contumelia
2775 4478 2959 4540 allicit,
2993 4475 3274 4528 dixeruutt
3303 4485 3447 4540 saepe

1870 4585 2034 4637 etiam
2083 4581 2280 4650 justam
2323 4572 2804 4646 reprehensionem
2846 4582 2943 4637 pro
3005 4564 3201 4635 injuria
3249 4561 3447 4628 accipi.

1869 4676 2134 4731 Existimo
2160 4682 2342 4727 autem
2384 4671 2489 4724 hoc
2519 4663 2776 4733 explicari
2827 4679 2854 4716 a
2892 4661 2958 4714 14
2989 4673 3108 4728 cap.
3143 4658 3232 4722 36,
3263 4656 3349 4709 tit.
3383 4654 3451 4709 60

1870 4767 1965 4822 lib.
1998 4765 2160 4819 Basil.
2192 4761 2334 4832 quod
2366 4762 2530 4815 situm
2585 4766 2668 4812 est
2708 4755 2761 4809 in
2804 4751 2874 4807 36
2915 4764 3032 4819 cap.
3086 4749 3141 4811 9,
3174 4747 3283 4814 tit.,
3316 4758 3450 4815 prte-

1870 4859 2037 4916 scntis
2073 4855 2272 4926 aperis.

1423 5203 1609 5264 Guill.
1642 5203 1962 5282 Beveregii
1991 5211 2181 5264 noue.

252 5323 378 5394 (‘50)
410 5322 609 5394 Ὅστις
631 5320 861 5394 ὐόρίσει
888 5321 1176 5383 βασιλέα.
1211 5321 1376 5394 Recte
1402 5322 1487 5394 hic
1516 5329 1770 5394 observat

179 5391 645 5468 "JVI'IIICIIHQI‘IIIIS,
677 5396 821 5468 quod
849 5391 950 5444 hoc
969 5406 1192 5468 canone,
1226 5393 1456 5445 Βασιλέα
1485 5393 1580 5460 μὲν
1611 5393 1771 5462 669l-

180 5469 304 5531 ζειν
368 5460 700 5531 κεκῶλυται,
739 5460 984 5528 ἐλέγχειν
1031 5461 1085 5513 δὲ
1130 5463 1402 5530 οὐδαμῶς.
1447 5460 1771 5517 Contumelia

181 5530 404 5604 quidem
433 5530 1401 5604 afﬁcereimperatorem__prohibitum
1450 5545 1544 5592 est.
1593 5550 1770 5602 repre-

181 5600 418 5659 hendere
446 5610 618 5651 autem
644 5615 992 5668 nequaquam.
1027 5600 1278 5655 Ilarmen.
1308 5602 1440 5668 epit.
1477 5620 1599 5655 can.
1636 5600 1768 5657 sect.

185 5679 242 5747 ᾗ,
279 5677 365 5726 tit.
493 5671 579 5747 cui
615 5668 938 5747 suilragatur
960 5680 1012 5721 et
1048 5671 1306 5747 Ztlnaras:
1355 5671 1418 5724 Et
1448 5674 1525 5725 sic
1552 5674 1768 5739 quidem

188 5745 252 5799 D.
290 5740 622 5812 Auibgrsius
673 5740 1048 5812 imperatorem
1078 5739 1531 5812 Valentinianum
1584 5758 1764 5812 repre-

187 5814 402 5880 hendit,
439 5807 766 5866 Theodoret.
804 5807 948 5865 Hist.
979 5809 1159 5867 ecclcs.
1219 5812 1311 5869 lib.
1353 5828 1434 5879 tv,
1469 5827 1588 5878 eap.
1625 5807 1690 5878 7,
1720 5822 1774 5870 ct

1868 5320 2267 5384 Theodosium,
2297 5316 2426 5372 ibid.
2475 5316 2513 5372 1.
2547 5333 2598 5378 v,
2637 5332 2686 5370 c.
2727 5314 2808 5367 Π.
2845 5310 2999 5364 Joan.
3035 5309 3451 5384 flat-ysostomus

1870 5393 2067 5445 multos
2097 5379 2419 5458 optimatum
2456 5396 2515 5458 et
2547 5387 2995 5458 magistratuum,
3033 5379 3244 5458 Sperat.
3279 5379 3405 5458 l._\'l
3431 5417 3449 5443 ,

1869 5477 1920 5519 c.
2066 5448 2327 5513 Ar'seuius
2373 5448 2732 5524 Palat-alogum
2786 5450 3139 5524 repreheudit
3180 5448 3340 5524 si_t_t_tu|
3396 5457 3450 5501 et

1869 5517 2040 5586 sacris
2074 5528 2374 5590 interdixit,
2403 5517 2636 5594 Νἱορριιῖ
2659 5523 2823 5591 Greg.
2849 5517 2995 5594 illist.
3027 5518 3185 5594 ηοω.
3221 5517 3314 5572 lib.
3345 5534 3396 5594 tv
3431 5557 3447 5581 ,

1871 5601 1959 5654 alii
1994 5600 2149 5662 alios,
2185 5609 2242 5653 ut
2290 5588 2669 5652 ecclesiastica:
2716 5588 2966 5647 Historia:
3007 5589 3300 5656 scriptores
3349 5588 3448 5641 ab-

1871 5673 2010 5725 unde
2035 5679 2325 5723 testantur.
2357 5666 2427 5722 Ut
2462 5675 2614 5720 extra
2634 5664 2852 5718 dubium
2886 5663 2957 5716 sit
2991 5663 3132 5713 hunc
3163 5673 3449 5722 canonem,

1871 5756 1976 5795 non
2018 5740 2251 5809 dejusta
2304 5739 2688 5809 imperatorum
2737 5731 3188 5809 reprehensione,
3233 5727 3276 5780 si
3321 5727 3458 5783 deli-

1886 5800 2124 5876 querint;
2157 5810 2249 5867 sed
2283 5809 2346 5865 dc
2381 5800 2706 5864 contumelia
2748 5800 3152 5870 intelligendum
3182 5812 3319 5854 esse.
