4222 6460
781 414 884 477 239

2030 404 2304 465 ΤΗΕΟΙ).
2340 403 2739 462 BALSAMON

3918 398 4021 458 210

782 531 940 580 annis
981 522 1218 592 episc0pi
1273 534 1459 574 omnes
1505 519 1641 586 apud
1694 519 1923 586 priumnt
1973 534 2038 572 ex
2086 519 2219 588 ipsis
2267 517 2348 570 bis
2381 529 2421 579 Α

2381 529 2421 579 Α
2452 516 2653 577 αὐτῶν,
2688 513 2772 580 ἐφ’
2800 505 2843 579 ᾧ
2904 509 3131 565 λύεσθαι
3171 511 3240 564 τὰ
3300 510 3429 581 περὶ
3486 508 3595 563 τῶν
3634 510 4020 575 ἀκοινωνήτων

781 616 1131 677 conveniant,
1186 611 1253 666 ad
1301 609 1586 665 solvendas
1636 609 1998 663 dubitationes
2031 610 2096 663 de
2130 624 2348 662 excom-

784 707 1090 771 municatis,
1156 714 1209 756 et
1263 702 1497 769 reliquas
1558 699 1949 752 ecclesiasticas
1997 700 2346 767 qumstioncs.

781 801 1062 854 Acerbitas
1095 806 1271 849 autem
1307 794 1391 846 hic
1417 791 1644 860 apellata
1677 801 1759 844 est
1800 790 1963 842 animi
1990 780 2344 857 perturbatio.

782 892 1044 944 ueterum
1097 901 1214 952 qua:
1247 885 1309 936 de
1340 882 1533 935 annuis
1571 879 1789 949 synodis
1827 880 1927 932 huc
1970 893 2176 931 canone
2223 893 2349 931 rou-

784 983 1041 1042 tinentur,
1087 977 1186 1030 lioc
1228 976 1342 1028 loco
1379 971 1682 1027 accuratius
1717 986 1744 1023 a
1782 972 1935 1023 nobis
1966 970 2205 1039 exposita
2244 984 2346 1021 non

779 1083 921 1130 Sttttl,
973 1081 1030 1123 ut
1075 1084 1193 1136 qua}
1242 1082 1346 1119 non
1382 1067 1489 1119 sint
1525 1066 1575 1117 in
1609 1080 1738 1117 usu:
1785 1074 1838 1116 et
1890 1064 2031 1131 quod
2066 1062 2099 1117 8
2146 1076 2350 1116 canone

780 1162 968 1230 synodi
1028 1174 1146 1228 quze
1205 1156 1303 1211 fuit
1359 1158 1411 1209 itt
1464 1155 1667 1223 Trullo,
1725 1169 1779 1209 et
1835 1155 2085 1209 similiter
2130 1152 2347 1207 Novella

780 1252 1069 1306 Justiuiani
1109 1252 1221 1304 sive
1265 1247 1335 1303 ‘20
1384 1258 1435 1301 et
1476 1248 1539 1300 ει
1601 1248 1773 1315 capite
1814 1248 1970 1315 primi
2021 1247 2103 1301 tit.
2145 1246 2199 1310 3,
2249 1244 2345 1300 lib.

780 1324 1373 1399 BasilicorJStatutum
1422 1352 1522 1405 est,
1564 1351 1622 1393 ut
1656 1340 1819 1393 semel
1858 1350 2063 1394 tantum
2095 1340 2350 1393 conveni-

781 1447 902 1489 rent
945 1435 1204 1502 episc0pi.
1265 1432 1404 1501 Lege
1447 1442 1500 1485 et
1534 1431 1631 1484 ista
1663 1430 1860 1498 capita.
1921 1430 2113 1494 Qutcre
2142 1440 2195 1482 et
2225 1442 2344 1480 can.

781 1526 847 1574 H
878 1519 1068 1590 synodi
1106 1517 1386 1573 Sardiceu.
1456 1514 1597 1585 Lege
1646 1524 1704 1569 ct
1749 1514 1782 1567 8
1833 1528 1952 1583 cap.
2008 1512 2089 1566 tit.
2148 1511 2180 1567 8
2214 1526 2347 1580 pra:—

780 1612 949 1665 scutis
987 1615 1188 1678 operis.

849 1784 1101 1839 ZONAR.
1154 1782 1473 1835 Sanctorum
1522 1796 1734 1849 quoque
1783 1780 2146 1847 apostolorum
2197 1779 2346 1833 multi

2449 605 2750 674 ἀμφίϐολα,
2813 608 2907 657 καὶ
2972 603 3135 657 λοιπά
3188 602 3621 672 ἐκκλησιαστικά
3690 601 4019 671 ζητήματα.

2463 697 2653 766 Ἀηδία
2688 697 2743 748 δέ
2770 694 3064 764 ὠνομάσθη
3098 693 3337 749 ἐνταῦθα
3365 696 3398 764 ή
3428 693 3726 763 ἐμπάθεια.
3778 692 3862 745 Τά
3897 694 4021 761 μὲν-

2450 807 2531 842 τοι
2556 788 2960 858 περιερχόμενα
2998 787 3076 856 τῷ
3109 786 3343 856 παρόντι
3372 786 3557 839 κανόνι
3581 784 3841 852 περὶτῶν
3895 786 4023 850 ἐτη-

2452 881 2834 947 σίωνσυνόδων
2865 881 3371 950 ἀγωνιστικώτερον
3399 880 3461 932 οὐ
3492 879 3864 949 διελήφθησαν
3890 880 4025 942 παρ’

2448 975 2606 1045 ἡμῶν
2687 973 2953 1038 ἐνταυθοῖ,
3010 974 3084 1036 ὠς
3138 973 3212 1043 μὴ
3266 971 3613 1041 ἐνεργοῦντα,
3664 972 3758 1024 καὶ
3784 972 3869 1023 ὅτι
3918 970 4027 1021 ἀπὸ

2448 1068 2541 1119 τοῦ
2558 1064 2607 1135 η’
2659 1065 2880 1128 κανόνος
2909 1065 3008 1133 τῆς
3040 1067 3096 1118 ἐν
3119 1065 3195 1133 τῷ
3220 1064 3471 1135 Τρούλλῳ
3499 1064 3732 1127 συνόδου,
3759 1062 4028 1122 ὡσαύτως

2451 1158 2546 1211 καὶ
2572 1156 2679 1209 ἀπὸ
2704 1156 3135 1209 Ἰουστινιανείου
3170 1156 3408 1223 Νεαρᾶς,
3435 1156 3552 1223 ἦτοι
3580 1154 3672 1206 τοῦ
3730 1154 3779 1205 κ’
3806 1154 3905 1205 καὶ
3942 1151 4026 1203 κα⁹

2404 1276 2407 1277 ν
2452 1252 2750 1318 κεφαλαίου
2777 1250 2872 1301 τοῦ
2920 1247 2967 1301 α’
2995 1248 3172 1300 τίτλου
3198 1247 3291 1299 τοῦ
3318 1247 3368 1314 γ’
3395 1246 3602 1316 βιϐλίου
3627 1246 3736 1298 τῶν
3798 1244 4023 1295 Βασιλι-

2449 1341 2581 1406 κῶν,
2607 1342 2838 1411 ὥρισται
2884 1338 3032 1404 ἅπαξ
3099 1339 3457 1408 συνέρχεσθαι
3494 1340 3621 1398 τοὺς
3658 1337 4021 1393 ἐπισκόπους.

2451 1434 2562 1487 Καὶ
2602 1432 2878 1501 ἀνάγνωθι
2939 1432 3007 1484 τά
3057 1430 3280 1484 τοιαῦτα
3309 1447 3435 1498 κεφ.
3488 1430 3645 1499 Ζήτει
3683 1428 3779 1480 καὶ
3827 1428 3924 1479 τὸν
3947 1425 4023 1487 λζ’

2452 1527 2655 1578 κανόνα
2688 1526 2795 1578 τῶν
2832 1524 3003 1592 ἁγίων
3033 1523 3368 1585 ἀποστόλων,
3422 1523 3511 1574 τόν
3554 1521 3611 1572 ιδ’
3656 1520 3865 1572 κανόνα
3920 1518 4021 1584 τῆς

2450 1619 2508 1670 ἐν
2560 1617 2792 1687 Σαρδικῇ
2843 1616 3081 1668 συνόδου.
3152 1614 3453 1681 Ἀνάγνωθι
3507 1615 3600 1665 καὶ
3641 1612 3704 1664 τὸ
3753 1617 3803 1679 η’
3847 1611 4026 1676 κεφά-

2448 1708 2600 1762 λαιον
2650 1708 2746 1760 τοῦ
2818 1706 2870 1774 η’
2912 1707 3093 1759 τίτλου
3144 1703 3238 1757 τοῦ
3295 1704 3563 1774 παρόντος
3614 1704 4023 1769 συντάγματος.

2522 1802 2764 1855 ΖΩΝΑΡ.
2780 1802 2888 1855 Καὶ
2901 1800 3005 1851 τῶν
3022 1801 3189 1866 ἁγίων
3208 1798 3520 1850 ἀποστόλων
3532 1796 3776 1864 διάφοροι
3796 1797 4025 1855 κανόνες

778 1892 1037 1939 canones,
1082 1876 1169 1941 qtti
1201 1890 1227 1924 a
1265 1872 1377 1926 suis
1410 1870 1675 1938 episcopis
1704 1870 1971 1939 segregati
2011 1880 2161 1935 sunt,
2197 1883 2288 1923 cos
2315 1886 2342 1922 a
2377 1888 2445 1940 Β,

2377 1888 2418 1940 Β
2444 1895 2867 1965 διαλαμϐάνουσι
2894 1896 2967 1963 μὴ
2988 1893 3234 1963 δέχεσθαι
3254 1894 3404 1962 παρά
3425 1908 3580 1943 τινων
3597 1893 3721 1951 τοὺς
3746 1890 3905 1959 παρὰ
3919 1888 4024 1940 τῶν

779 1971 991 2023 nemine
1038 1967 1101 2019 ad
1128 1963 1559 2019 communionem
1601 1962 1808 2014 admitti
1839 1962 2000 2014 licere
2031 1963 2344 2015 decernunt.

780 2060 1044 2127 Quoniam
1081 2058 1657 2124 vero'segregationetn
1688 2052 2090 2105 immerentibus
2122 2053 2347 2121 irregari

778 2150 1098 2221 quandoque
1130 2148 1410 2214 contingit,
1460 2146 1528 2197 ob
1562 2146 1676 2210 ejus
1706 2143 1862 2206 forte,
1911 2146 1998 2213 qui
2026 2146 2344 2212 segregavit,

780 2241 1138 2300 iracundiam,
1184 2240 1262 2290 vel
1308 2240 1661 2299 simultatem,
1715 2248 1801 2288 aut
1832 2238 1901 2289 ob
1932 2237 2095 2290 animi
2136 2248 2349 2304 pertur-

778 2336 1049 2389 bationem
1086 2333 1345 2397 aliquam,
1404 2345 1563 2398 quam
1594 2338 1647 2382 et
1676 2331 2022 2383 acerbitatem
2053 2330 2137 2383 bic
2173 2330 2348 2383 nomi-

781 2430 949 2491 navit,
1000 2424 1201 2478 idcirco
1234 2423 1377 2476 hunc
1410 2436 1668 2477 canooem
1704 2422 1841 2474 sacri
1877 2420 2065 2474 Patres
2112 2418 2346 2484 edidere,

780 2539 886 2593 quo
946 2521 1373 2589 segregationes,
1412 2517 1849 2586 ‘quaudocunque
1902 2514 2110 2567 scilicet
2163 2513 2199 2565 ii
2256 2514 2344 2581 qui

781 2615 1044 2685 segregati
1082 2622 1224 2676 sunt,
1257 2611 1452 2677 injuste
1478 2625 1535 2663 se
1569 2609 1635 2661 ab
1660 2623 1722 2661 eo
1752 2609 1839 2677 qui
1871 2608 2170 2676 segregavit
2204 2622 2351 2659 «οιιι-

783 2705 1033 2760 tnunione
1074 2714 1246 2756 motos
1278 2715 1401 2755 esse
1445 2710 1864 2767 coaqucrantur,
1922 2698 2222 2752 examinari
2266 2698 2351 2765 ju-

781 2800 927 2850 bent.
981 2793 1111 2846 Eam
1143 2808 1267 2846 vero
1291 2806 1469 2845 causa:
1500 2790 1952 2857 (Ιίειιυὶεἰιίοιιειιι,
1996 2804 2023 2840 a
2061 2791 2351 2856 provincir

779 2887 1049 2955 episcopis
1101 2885 1371 2947 omnibus,
1430 2892 1523 2935 aut
1579 2891 1725 2936 certe
1783 2881 1826 2935 si
1888 2881 1978 2948 qui
2039 2880 2351 2932 ittlll‘tttltalc

780 2975 1126 3039 valetudinis,
1188 2982 1279 3027 aut
1335 2974 1528 3026 itinere
1586 2972 1913 3036 necessario,
1976 2973 2148 3024 aliave
2204 2972 2349 3036 justa

781 3084 943 3124 causa
996 3068 1235 3136 impediti
1292 3067 1449 3129 lorte,
1505 3080 1626 3119 cum
1660 3065 1880 3131 reliquis
1918 3078 2021 3116 non
2056 3062 2346 3128 adfuerint,

785 3176 813 3213 a
871 3160 1114 3230 pluribus
1173 3159 1360 3213 haberi
1408 3158 1611 3211 volunt.
1706 3156 1873 3209 Porro
1929 3155 2065 3208 duas
2117 3155 2349 3225 synodos

791 3256 1021 3326 singulis
1036 3255 1215 3317 annis,
1241 3253 1384 3322 quod
1413 3263 1721 3305 sanctorum
1751 3265 1962 3319 quoque
1987 3250 2349 3318 apostolorum

783 3361 992 3398 canone
1022 3346 1288 3397 sancitum
1326 3341 1446 3407 fuit,
1496 3344 1549 3395 in
1601 3355 1919 3409 unaquaque
1949 3341 2225 3409 provincia
2257 3355 2353 3393 ce-

783 3437 1069 3489 lebrandas
1097 3453 1215 3488 esse
1247 3436 1557 3487 decrevere.
1622 3432 1817 3485 Verum
1872 3432 1946 3484 illi
1996 3432 2212 3500 quidem
2260 3432 2350 3483 utti

783 3530 985 3595 synodo
1037 3526 1333 3587 habendae,
1389 3536 1633 3592 quartam
1695 3522 2084 3576 hebdomadem
2155 3520 2352 3575 Pente-

782 3629 994 3682 costcs;
1049 3616 1202 3668 alteri
1231 3615 1724 3683 llvperberetzeum,
1773 3616 1874 3668 hoc
1923 3623 2023 3675 est,
2066 3613 2351 3667 Octobrem

786 3722 1025 3759 mensem
1086 3707 1473 3775 praeliuivere:
1535 3704 1707 3758 sancti
1766 3719 1891 3757 vero
1944 3704 2106 3771 hujus
2161 3704 2349 3773 synodi

783 3797 991 3860 Patres,
1021 3810 1231 3867 tempus
1252 3808 1649 3851 commutavere
1675 3811 1769 3863 pro
1794 3806 1980 3864 quarta
2005 3797 2353 3851 Pentecostes

784 3891 1115 3944 hebdomade
1146 3902 1266 3943 ante
1299 3888 1775 3959 Quadragesimam
1803 3890 2063 3943 celebrari
2086 3891 2348 3960 synodqu

785 3985 1189 4036 decernentes:
1249 3984 1471 4050 ejusque
1517 3984 1596 4035 rei
1647 3982 1932 4036 subdidere
1984 3996 2238 4036 causam:
2278 3982 2344 4036 l.‘t

781 4076 979 4140 omnis,
999 4076 1269 4144 inquiunt,
1285 4074 1393 4145 65
1417 4075 1916 4143 simultastollatur.
1936 4077 2178 4128 Alterum
2199 4092 2352 4128 nam-

782 4170 907 4233 q'ue,
946 4166 1037 4233 qui
1084 4166 1387 4219 immerenti
1438 4160 1800 4233 sibi'pazuam
1850 4165 2237 4233 segregationis
2267 4165 2347 4215 in-

781 4259 979 4312 ilictam
1028 4272 1149 4311 esse
1187 4257 1481 4321 existimet,
1534 4257 1755 4309 omnino
1783 4256 2088 4325 segreganti
2123 4271 2349 4308 succcn-

784 4365 908 4405 sere
934 4364 1157 4402 necesse
1181 4360 1285 4401 est.
1363 4348 1593 4400 Rursum
1634 4348 1723 4401 ubi
1752 4349 2155 4401 damnationem
2186 4349 2254 4401 ab
2285 4363 2348 4401 eo

781 4443 873 4511 qui
917 4454 1225 4508 segregatus
1264 4451 1366 4505 est,
1414 4456 1523 4494 non
1578 4455 1733 4507 aequo
1782 4440 1963 4493 animo
2010 4442 2195 4503 latam,
2253 4439 2349 4493 sed

2451 1988 2924 2040 ίδίωνὲπισκόπων
2941 1985 3358 2054 ἀφορισθέντας.
3396 1982 3546 2035 Ἐπεὶ
3578 1982 3633 2034 δέ
3657 1999 3808 2046 τινας
3839 1982 4027 2050 ἀφορίσ

2448 2077 2632 2141 ζεσθαι
2659 2078 2731 2145 μὴ
2760 2075 2982 2136 δικαίως
3020 2073 3303 2142 συμϐαίνει
3325 2071 3414 2125 διά
3446 2071 3613 2142 θυμὸν
3640 2072 3773 2133 ἴσως
3813 2073 3913 2123 καὶ
3938 2089 4028 2138 μι-

2447 2168 2748 2239 κροψυχίαν
2778 2167 2870 2218 τοῦ
2896 2165 3277 2234 ἀφορίσαντος,
3305 2166 3339 2235 ἢ
3366 2164 3430 2216 δι’
3461 2164 3765 2232 ἐμπάθειάν
3795 2180 3943 2226 τινα,
3962 2163 4028 2231 ἦν

2452 2260 2544 2310 καὶ
2569 2259 2763 2327 ἀηδίαν
2793 2256 3063 2325 ὠνόμασε,
3102 2256 3191 2308 διὰ
3245 2254 3404 2307 τοῦτο
3432 2254 3522 2307 τὸν
3542 2255 3785 2324 παρόντα
3824 2257 4029 2307 κανόνα

2448 2351 2499 2402 oi
2529 2352 2666 2419 ἱεροὶ
2703 2348 2943 2417 Πατέρες
2973 2347 3237 2411 ἐξέθεντο,
3257 2345 3606 2410 ἐξετάζεσθαι
3633 2344 4028 2414 διαταξάμενοι

2447 2443 2571 2505 τοὺς
2596 2443 2950 2510 ἀφορισμοὺς,
2974 2442 3099 2493 ὅταν
3126 2438 3324 2509 δηλαδὴ
3349 2440 3396 2491 οἱ
3415 2437 4028 2508 ἀφωρισμένοιαίτιῶνο

2447 2551 2536 2586 ται
2556 2535 2678 2595 τοὺς
2708 2533 3097 2601 ἀφορίσαντας,
3149 2531 3221 2594 ὠς
3258 2530 3410 2601 παρά
3467 2531 3527 2581 τδ
3560 2530 3771 2582 δίκαιον
3828 2530 4029 2599 ἀφορι-

2452 2626 2669 2686 σθέντες
2692 2640 2706 2654 ο
2740 2624 2839 2692 τὴν
2867 2623 2923 2674 δὲ
2954 2620 3205 2686 ἐξέτασιν
3232 2622 3382 2691 παρά
3431 2620 3539 2673 τῶν
3582 2620 3905 2673 ἐπισκόπων
3930 2620 4029 2685 τῆς

2450 2718 2721 2788 ἐπαρχίας
2767 2714 3095 2784 γίνεσθαι,ἦ
3144 2715 3381 2778 πάντων,
3418 2713 3451 2784 ἢ
3498 2713 3607 2765 τῶν
3650 2711 3940 2772 πλειόνων,
3979 2711 4030 2761 εί

2450 2828 2600 2871 τινας
2632 2812 2706 2880 μὴ
2768 2809 3008 2860 συνιέναι
3039 2809 3147 2869 τοῖς
3176 2808 3383 2869 λοιποῖς
3408 2805 3696 2868 συμϐαίνει
3736 2805 3811 2856 δι’
3854 2803 4028 2857 ἀσθέ-

2452 2918 2597 2952 νειαν
2636 2902 2784 2961 ἴσως,
2818 2900 2849 2970 ἦ
2881 2897 3187 2970 ἀναγκαίαν
3212 2898 3544 2967 ἀποδημίαν,
3578 2897 3611 2965 ἢ
3638 2896 3806 2963 ἄλλην
3840 2896 4030 2961 ἀπαρ-

2451 2994 2670 3060 αίτητον
2713 2992 2913 3043 αἰτίαν.
2972 2969 3225 3043 Γίνεσθαι
3256 2990 3313 3043 δέ
3352 2972 3601 3052 συνόδδυς
3630 2988 3751 3042 καθ’
3780 2988 4031 3055 ἑκάστην

2452 3082 2719 3151 ἐπαρχίαν
2752 3081 3022 3151 ὡρίσαντο
3078 3080 3157 3143 δὶς
3186 3080 3278 3134 τοῦ
3310 3080 3587 3143 ἐνιαυτοῦ,
3619 3081 3758 3148 ὅπερ
3786 3079 3889 3131 καὶ
3916 3080 4030 3139 τοῖς

2454 3173 2629 3241 ἁγίοις
2656 3174 2975 3235 ἀποστόλοις
3006 3173 3408 3227 κεκανόνισται.
3452 3172 3592 3227 Ἀλλ’
3638 3173 3689 3223 οἱ
3721 3171 3826 3240 μὲν
3887 3171 4031 3222 κατὰ

2454 3267 2553 3337 τὴν
2583 3265 2853 3335 τετάρτην
2883 3263 3156 3333 ἑϐδομάδα
3190 3264 3285 3332 τῆς
3312 3262 3695 3333 Πεντηκοστῆς
3727 3260 3826 3332 τὴν
3891 3261 4031 3330 μίαν

2453 3360 2703 3426 γίνεσθαι
2736 3358 2845 3410 τῶν
2876 3357 3115 3409 συνόδων
3171 3355 3518 3420 διετάξαντοο
3577 3354 3679 3425 τὴν
3730 3354 3777 3407 δ’
3828 3353 4031 3423 ἑτέραν

2453 3452 2592 3504 κατὰ
2620 3449 2710 3502 τὸν
2781 3449 3233 3518 Ὑπερϐερεταῖον
3276 3448 3445 3517 μῆνα,
3477 3448 3644 3518 ἤγουν
3691 3446 3785 3498 τὶν
3816 3444 4025 3497 Ὀκτώο

2454 3541 2644 3610 ϐριον·
2676 3539 2725 3591 oi
2775 3538 2828 3592 δέ
2892 3540 2989 3607 τῆς
3058 3537 3275 3589 συνόδου
3323 3536 3527 3605 ταύτης
3579 3537 3724 3605 am:
3779 3535 4030 3607 Πατέρες

2450 3634 2543 3683 τὸν
2606 3631 2705 3700 μὲν
2774 3631 2969 3700 καιρὸν
3030 3629 3366 3699 ἐνήλλαξαν,
3421 3630 3542 3681 ἀντὶ
3600 3629 3697 3697 τῆς
3752 3629 4030 3698 τετάρτης

2453 3720 2743 3790 ἑϐδομάδος
2770 3721 2868 3789 τῆς
2926 3719 3309 3789 Πεντηκοστῆς
3352 3720 3461 3789 πρὸ
3503 3719 3601 3787 τῆς
3665 3719 4030 3788 Τεσσαρακοο

2455 3811 2585 3880 στῆς
2609 3811 2894 3881 ὁρίσαντες
2920 3812 3017 3881 τὴν
3048 3810 3263 3862 σύνοδον
3292 3807 3537 3878 γίνεσθαι
3557 3825 3574 3842 ο
3601 3812 3692 3861 καὶ
3708 3810 3809 3877 τὴν
3842 3810 4031 3862 αἰτίαν

2452 3904 2728 3971 ἐπήγαγον
2753 3919 2765 3932 ·
2790 3902 2929 3969 Ἵνα,
2951 3904 3104 3970 φασὶ,
3128 3904 3261 3955 πᾶσι
3288 3901 3624 3973 μικροψυχία
3643 3903 4030 3971 πριαιρῆτσι.

2464 3994 2523 4045 Ὀ
2551 3994 2656 4060 γὰρ
2690 3993 2924 4062 νομίζων
2963 3994 3038 4062 μὴ
3073 3993 3462 4063 προσηκόντως
3490 3991 3857 4061 ἀφορισθῆναι
3894 3993 4029 4044 πάνυ

2451 4102 2558 4146 τως
2600 4085 2883 4136 λυπεῖσθαι
2924 4085 3107 4154 μέλλει
3137 4086 3277 4137 κατά
3325 4084 3421 4137 τοῦ
3470 4085 3876 4153 ἀφορίσαντος·
3934 4086 4032 4135 καὶ

2451 4180 2477 4230 ό
2508 4179 2774 4246 ἀφορίσας
2816 4178 2873 4229 δέ
2922 4175 3135 4229 ἀκούων
3193 4178 3267 4247 μὴ
3319 4176 3681 4245 εὐγνωμόνως
3730 4175 4030 4245 δεχόμενον

2450 4265 2539 4317 τὸν
2568 4264 2929 4332 ἀφορισθέντα
2955 4264 3014 4315 τὸ
3037 4264 3336 4332 ἐπιτίμιον,
3371 4264 3505 4315 ἀλλα
3535 4265 4030 4332 καταγογγύςοντα

2453 4353 2618 4406 αὑτοῦ
2655 4355 2754 4405 οὐκ
2795 4354 3020 4417 ἀπαθῶς
3059 4355 3193 4423 πρὸς
3247 4355 3409 4407 αὐτὸν
3457 4354 3810 4409 διακείσεται.
3870 4354 4031 4406 Οὕτω

2449 4448 2503 4498 δὲ
2537 4448 2670 4516 πρὸς
2700 4446 2959 4517 ἀλλήλους
2994 4448 3224 4515 ἐχόντων
3250 4447 3428 4499 αὐτῶν
3485 4447 3600 4508 πῶς
3627 4448 3692 4499 ἂν
3754 4462 4033 4515 προσενε-

781 4535 1015 4603 querelis
1067 4547 1347 4602 exceptam
1406 4533 1571 4586 fuisse
1632 4543 1944 4602 segregator
1998 4529 2425 4614 inaudiverit,D

2374 4555 2425 4614 D
2452 4539 2606 4611 χθείη
2647 4542 2706 4592 τὸ
2730 4540 2901 4610 δῶρον
2933 4539 3189 4607 καθαρῶς
3217 4539 3294 4609 τῷ
3342 4538 3499 4608 Θειῖη
3543 4541 3640 4591 Διά
3697 4539 3863 4590 τοῦτο
3923 4542 4031 4609 προ

780 4628 884 4680 erit
938 4626 1140 4678 ltoutitti
1198 4643 1300 4678 non
1364 4625 1748 4677 atniciSsituus.
1836 4624 1910 4675 lta
1961 4638 2089 4676 vero
2143 4621 2349 4676 aﬂ‘ectis

782 4718 1032 4784 utrinque
1084 4718 1377 4782 mentibus,
1423 4732 1525 4783 qua
1577 4718 1785 4770 ratiooe
1833 4732 2027 4770 munus
2065 4714 2174 4769 Deo
2218 4733 2350 4785 pure

782 4808 1075 4863 nilei-ator?
1120 4806 1354 4862 Proinde
1381 4811 1605 4861 alterius
1634 4810 1848 4877 quidem
1881 4822 2004 4861 ante
2037 4810 2349 4875 Quadringe-

780 4900 995 4962 simam,
1050 4900 1272 4951 alterius
1322 4913 1445 4951 vero
1497 4900 1738 4951 atttunmi
1790 4908 2030 4965 tempore
2086 4901 2244 4967 (naut
2297 4899 2348 4950 in

779 5002 1099 5039 autumnum
1168 4986 1397 5039 October
1458 4986 1690 5055 incidit)
1771 4988 1959 5054 synodi
2021 4988 2350 5050 celebranda!

779 5080 893 5131 dies
920 5090 999 5131 est
1033 5078 1371 5131 constitutus.
1421 5078 1477 5129 lu
1508 5079 1726 5147 synodis
1754 5089 1931 5130 autem
1968 5079 2102 5142 istis,
2132 5090 2352 5132 contro-

779 5173 1079 5223 versiarum
1134 5171 1399 5236 ejusmodi
1450 5171 1841 5225 discessionem
1906 5172 2086 5225 induci
2146 5173 2347 5237 placet:

778 5278 1021 5332 quosque
1061 5265 1343 5317 mauilestu
1396 5273 1451 5316 et
1502 5264 1619 5317 sine
1667 5266 2036 5317 controversia
2093 5277 2349 5319 nocentes

782 5372 905 5409 esse
952 5356 1259 5423 apparuerit
1293 5354 1489 5425 (facile
1519 5371 1751 5425 namque
1784 5358 1895 5408 licri
1922 5368 2117 5424 potest,
2167 5368 2224 5409 ut
2251 5359 2349 5409 ob-

775 5447 977 5514 jectunt
1020 5448 1086 5498 ab
1120 5461 1373 5515 episcopo
1406 5447 1629 5511 crimen,
1687 5448 1773 5500 ille
1801 5448 1886 5499 cui
1918 5448 2081 5501 multa
2119 5452 2347 5516 irrogata

778 5549 880 5602 cst,
912 5541 1212 5607 p‘et‘tteget),
1245 5550 1494 5606 tanquam
1527 5554 1592 5593 ex
1618 5538 1929 5605 praescripto
1976 5541 2219 5603 rationis,
2248 5540 2348 5592 ltoc

778 5643 861 5684 cSt
901 5630 1022 5697 jure
1054 5634 1430 5685 communione
1468 5632 1661 5697 privati
1691 5632 1757 5685 ab
1789 5631 2039 5686 omnibus
2076 5633 2351 5686 habebun-

776 5733 886 5786 tur,
940 5724 1113 5777 donec
1161 5725 1435 5793 episcopis
1491 5724 1742 5779 omnibus
1799 5726 2072 5778 communi
2123 5726 2348 5779 consdio

776 5818 1064 5873 humanius
1114 5815 1317 5884 aliquid
1365 5818 1432 5869 de
1466 5816 1532 5870 iis
1575 5826 1809 5871 statuere
1858 5818 2109 5884 placitum
2160 5818 2343 5870 luerit.

2452 4634 2550 4702 τῆς
2601 4632 3067 4703 ἰἐσσαρακοστῆς
3103 4632 3431 4702 ᾠκονομήθη
3462 4633 3562 4702 τὴν
3609 4634 3745 4701 μίαν
3801 4634 4031 4686 σύνοδον

2451 4724 2717 4792 γίνεσθαι,
2749 4728 2847 4791 τὴν
2873 4723 2927 4775 δὲ
2960 4724 3153 4794 λοιπὴν
3190 4724 3332 4775 κατά
3386 4725 3449 4775 τὸ
3509 4726 3831 4794 μετόπωρον
3877 4741 3895 4755 ⁸
3940 4729 4031 4778 καὶ

2451 4821 2479 4868 ό
2522 4816 2849 4886 Ὀκτωϐριος
2885 4817 2941 4866 δέ
2989 4818 3093 4884 μὴν
3133 4815 3225 4867 τοῦ
3264 4816 3577 4885 μετοπώρου
3610 4818 3800 4884 ιέστίν.
3840 4817 3933 4869 Ἐν
3977 4818 4030 4870 δὲ

2452 4912 2567 4970 ταῖς
2591 4909 2831 4971 συνόδοις
2861 4908 3088 4971 ταύταις
3123 4908 3472 4972 ἐξετάζεσθαι
3500 4910 3571 4961 τά
3597 4908 3831 4961 τοιαῦτα
3855 4912 4029 4977 ζητη-

2457 4998 2899 5067 ματαιδιετάξαντ
2916 5030 2953 5062 λ,
2972 5001 3064 5051 καὶ
3090 5000 3138 5049 οἱ
3161 4998 3602 5069 ὁμολογουμένως
3633 5001 3727 5050 καὶ
3753 5000 3831 5070 μὴ
3863 5003 4021 5070 ἀμφι-

2454 5090 2622 5151 ϐὑλως
2676 5090 3210 5159 προσκεκρουκότες’
3252 5092 3396 5152 εἰκὸς
3448 5092 3557 5159 γὰρ
3607 5094 3911 5159 ἀρνεῖσθαι
3943 5103 4027 5146 to.

2452 5182 2846 5250 ἐπιτιμηθέντα
2876 5184 2934 5233 τὸ
2954 5183 3104 5250 παρά
3141 5180 3234 5233 τοῦ
3270 5184 3567 5234 ἐπισκόπου
3598 5184 3751 5253 αὑτῴ
3786 5189 4025 5253 ἐπεγκα-

2452 5274 2711 5343 λούμενον
2762 5275 3255 5343 ἀμάρτημα,κατά
3316 5273 3493 5341 λόγον,
3555 5276 3725 5345 ἡγουν
3776 5277 4027 5343 δικαίως,

2453 5367 2811 5435 ἀκοινώνητοι
2835 5366 3051 5418 ἔσονται
3082 5382 3232 5434 παρα
3264 5367 3421 5429 πᾶσι,
3457 5367 3650 5436 μέχρις
3693 5367 3766 5419 ἂν
3828 5369 4026 5431 κοινῶς

2450 5462 2561 5520 τοῖς
2595 5460 2914 5521 ἐπισκόποις
2938 5458 3064 5527 δόξῃ
3090 5458 3608 5528 φιλανθρωπότερόν
3650 5477 3702 5513 τι
3745 5463 3883 5532 περὶ
3934 5463 4025 5515 as.

2449 5547 2560 5599 τῶν
2589 5547 2997 5616 ἀποφήνασθαι.
3040 5548 3197 5599 Ἀλλά
3213 5551 3357 5599 εἰποι
3390 5566 3471 5612 τις
3502 5550 3566 5602 ἄν
3595 5564 3610 5579 ⁶
3645 5550 3774 5615 Πῶς
3795 5554 4024 5623 οὐχὶ,τῴ

2452 5641 2773 5710 ἀφορίσαντι
2821 5640 3047 5710 ἀνετέθη
3096 5642 3246 5708 παρά
3292 5640 3387 5695 τοῦ
3420 5632 3643 5706 κανόνος
3678 5646 3712 5715 ὴ
3772 5644 4022 5715 ψῆφοςή

2451 5734 2591 5805 ὑπὲρ
2622 5733 2714 5786 τοῦ
2740 5734 3152 5802 ἀφορισθέντος,
3181 5736 3317 5788 ἀλλά
3343 5738 3421 5806 τῴ
3448 5739 3612 5810 κοινῷ
3641 5740 3755 5792 τῶν
3781 5741 4009 5795 ἐπισκό-

2452 5845 2600 5894 πων;
2655 5824 2895 5879 Τοῦτοδέ
2949 5822 3101 5896 οἶμαι
3163 5829 3432 5899 εἰρῆσθαι,
3482 5833 3611 5885 ὅταν
3674 5835 3700 5885 ὁ
3757 5835 4021 5903 ἀφορίσας
