4222 6460
221 417 308 483 ιιι

1336 431 1422 490 1N
1449 431 1614 492 CAN.
1655 435 1701 495 V
1731 432 1943 493 CONC.
1984 434 2258 495 ΝΙΟᾸΞῚ.
2305 437 2353 496 l.

3352 442 3460 504 242

220 537 608 608 σκληρύνηται,
642 541 738 594 καὶ
769 540 846 611 μὴ
885 542 1013 614 θέλῃ
1049 546 1186 614 μετά
1220 550 1414 614 καιρὸν
1477 549 1634 601 λῦσαι
1692 551 1782 601 τοῦ
1815 555 1856 608 Α
1885 590 1887 599 ι

1815 555 1856 608 Α
1885 552 2001 605 Jam
2040 569 2188 613 vero,
2229 554 2370 606 dicet
2395 554 2606 620 aliquis,
2636 570 2733 608 cur
2773 558 2839 608 ad
2871 555 3246 624 episcoporum
3280 558 3454 624 potius

219 629 494 698 ἐπιτιμίου
535 631 627 684 τὸν
669 633 980 702 ἄνθρωπον,
1028 636 1061 706 ἢ
1113 638 1209 690 ἐάν
1257 639 1391 701 ίσως
1437 642 1464 692 ό
1513 641 1780 710 ἀφορίσας

219 720 513 791 τελευτήσῃ
554 725 629 791 μὴ
655 723 824 786 λύσας
849 727 940 776 τόν
991 729 1413 795 ἐπιτιμηθέντα.
1469 734 1604 784 Τότε
1671 733 1780 802 γάρ

218 809 425 874 ιξέσται
444 816 510 881 τῇ
544 815 771 884 συνόδῳ,
820 818 870 868 εί
904 819 1088 890 συνίδῃ
1120 822 1211 872 τὸν
1247 824 1436 891 καιρὸν
1469 825 1560 877 τοῦ
1602 827 1779 878 ἐπιτι-

217 902 335 970 μίου
367 904 668 974 ἀρκοῦντα,
710 909 804 960 καὶ¹
855 911 956 976 τὴν
1011 912 1300 979 μετάνοιαν
1366 915 1460 967 τοῦ
1523 919 1780 987 ἐπιτιμη-

217 993 411 1056 θέντος,
447 996 716 1064 ἀνάλογον
739 998 818 1067 τῷ
849 1001 1215 1072 ἁμαρτήματι
1261 1003 1609 1073 ψηφίσασθαι
1636 1009 1777 1078 ὑπὲρ

216 1084 391 1144 ιύτοῦ,
430 1089 525 1140 καὶ
543 1087 703 1141 λῦσαι
737 1089 815 1159 τῷ
841 1091 1112 1162 ἀνθρώπῳ
1151 1096 1212 1146 τὸ
1283 1098 1578 1164 ἐπιτῖμιον,
1617 1100 1719 1151 κᾶν
1749 1102 1778 1152 ό

213 1175 504 1240 ἐπίσκοπος
553 1181 721 1234 αὑτοῦ
755 1182 1016 1250 ἄτεγκτος
1049 1187 1186 1256 μένῃ
1218 1190 1311 1240 καὶ
1344 1189 1642 1252 ἀνένδοτος,
1671 1192 1774 1245 κᾶν

215 1265 418 1319 ἐπεϐίω
443 1271 632 1337 τυχόν.
680 1273 738 1326 '0
776 1275 875 1342 μὲν
942 1276 1038 1329 οὖν
1063 1278 1175 1330 τῶν
1223 1280 1396 1346 ἀγίων
1447 1282 1766 1336 ἀποστόλων

215 1361 528 1424 τριακοστὸς
551 1362 783 1434 ἕϐδομος
816 1368 1018 1433 κανὼν,
1076 1372 1171 1424 καὶ
1221 1372 1250 1422 ὁ
1301 1371 1493 1442 παρὼν
1547 1375 1627 1436 δὶς
1679 1375 1774 1428 τοῦ

215 1446 358 1510 ίτους
385 1450 766 1509 διατάττονται
799 1459 1050 1526 γίνεσθαι
1086 1463 1343 1526 συνόδους
1369 1481 1384 1496 ο
1443 1468 1470 1518 ό
1499 1465 1554 1518 δὲ
1585 1466 1772 1533 ὄγδοος

1885 655 2232 707 Conventum,
2280 661 2438 711 quam
2472 648 2535 696 ad
2571 647 2877 712 episcopum
2925 647 3098 708 illum,
3147 649 3237 714 qtti
3277 663 3456 715 segre-

1882 735 2115 800 gatiouis
2163 747 2352 788 auctor
2403 735 2522 792 fuit.
2571 740 2637 790 de
2686 753 2750 789 co
2780 741 2867 806 qui
2899 750 3215 809 segregatus
3249 749 3332 794 est
3358 743 3454 793 de-

1881 830 2138 882 cernendi
2171 828 2402 884 fnCthS
2435 830 2649 882 delata?
2710 829 2819 896 Ego
2861 845 2983 883 vero
3019 832 3068 884 id
3106 831 3175 884 ita
3223 832 3458 885 arbitror

1883 919 2282 985 accipiendum,
2339 929 2398 972 ut
2427 919 2635 986 quoties
2667 929 2855 972 auctor
2887 923 3278 988 segregatiouis
3337 923 3452 991 cpi-

1881 1023 2078 1073 scopus
2130 1025 2284 1079 ecquo
2320 1010 2591 1063 duriorem
2631 1025 2687 1065 se
2723 1011 2978 1078 praebeat,
3007 1027 3180 1078 neque
3227 1014 3455 1066 decursu

1882 1101 2138 1166 temporis
2169 1100 2438 1154 hominem
2471 1113 2627 1168 pcena
2657 1101 2915 1168 absolvat,
2969 1102 3046 1155 vel
3098 1103 3330 1156 nondum
3363 1104 3457 1155 ab-

1876 1191 2053 1244 soluto
2081 1193 2218 1246 forte
2244 1193 2558 1257 decesserit,
2593 1200 2893 1262 tttncqttetn
2914 1205 2966 1245 et
2985 1195 3458 1262 suppliciidiutur-

1879 1283 2070 1346 nitate,
2102 1293 2155 1338 et
2177 1283 2360 1337 dolore
2387 1285 2574 1348 animi,
2609 1287 2744 1338 satis
2775 1300 3056 1352 pmnarum
3083 1301 3179 1352 pro
3210 1287 3454 1340 criminis

1878 1379 2084 1429 ratione
2126 1375 2341 1429 dedisse
2373 1376 2641 1443 cognitum
2677 1377 2770 1439 sit,
2826 1377 2948 1430 licet
2996 1377 3282 1446 episc0pus
3333 1378 3453 1446 ejus

1876 1469 2226 1524 inexorabilis
2264 1479 2318 1522 et
2376 1469 3108 1539 implacabilis.perseveret,
3164 1478 3256 1522 aut
3310 1470 3448 1524 forte

213 1537 302 1608 si];
341 1542 733 1614 οίκουμενικῆς
769 1551 989 1603 συνόδου
1018 1554 1275 1616 καινίσας
1308 1554 1469 1608 τοῦτο
1501 1557 1648 1621 ἀπαξ
1677 1559 1771 1609 τοῦ
1875 1584 1880 1612 t

1875 1561 2158 1616 defunctus
2187 1561 2278 1619 sit.
2325 1561 2389 1615 de
2421 1561 2509 1614 illo
2539 1537 2828 1622 statuendi,
2883 1561 3260 1628 hominemque
3290 1576 3446 1628 pceua

213 1633 449 1722 ινιαυτοῦ
502 1637 798 1705 διορίζεται
848 1644 906 1694 ἐν
959 1645 1162 1716 ἑκάστῃ
1225 1649 1464 1719 ἐπαρχίᾳ
1522 1648 1771 1716 γίνεσθαμι
1873 1671 1880 1707 ι

1873 1653 2181 1707 absolvendi
2214 1669 2376 1722 penes
2403 1654 2666 1722 synodum
2704 1653 2774 1706 sit
2814 1652 3057 1707 facultas.
3121 1651 3443 1706 Sanctorum

211 1721 424 1778 σύνοδον
463 1729 571 1782 ἀπὸ
603 1731 698 1784 τοῦ
757 1735 950 1803 Πάσχα
997 1739 1193 1807 μέχρις
1242 1739 1365 1792 ὅλου
1427 1741 1521 1794 τοῦ
1559 1741 1770 1794 Ὀκτω-
1872 1745 1878 1798 i

1872 1745 2037 1813 igitur
2084 1745 2448 1814 apostolorum
2505 1760 2677 1798 canon
2743 1745 3050 1799 tricesimus
3105 1743 3370 1812 septimus
3398 1755 3453 1797 et

212 1814 355 1884 ερίου
386 1822 574 1888 μηνὸς,
609 1825 668 1876 ἐν
698 1827 848 1895 τόπῳ
878 1829 936 1880 ὃν
959 1832 986 1882 ό
1007 1832 1106 1898 τῆς
1143 1835 1530 1902 μητροπόλεως
1588 1835 1763 1902 δρίσει
1803 1891 1840 1907 ἢ
1871 1853 1879 1907 1

1803 1891 1840 1907 η
1871 1851 2112 1907 praesens
2161 1837 2244 1890 bis
2291 1838 2579 1905 quotannis
2627 1837 2899 1890 habendas
2941 1850 3058 1889 esse
3090 1835 3324 1904 synodos
3354 1836 3449 1887 dc-

211 1907 512 2004 ὶρχιερεύς.
585 1914 726 1978 Τοὺς
803 1918 860 1970 δὲ
917 1920 992 1988 μὴ
1051 1925 1487 1992 συνερχομένους
1542 1927 1765 1980 ἐπισκό-
1801 1907 1878 2004 δέ

1801 1907 2123 2004 "rgentum.
2179 1925 2412 1981 Octavus
2453 1937 2629 1980 autem
2660 1935 2824 1980 sextae
2858 1925 3206 1980 mcumenicte
3260 1924 3447 1995 synodi

209 2013 335 2061 nou;
365 2001 734 2071 ὑγιαίνοντας,
770 2010 860 2060 καὶ
896 2011 1265 2080 ἐνδημοῦντας
1303 2017 1422 2077 ταῖς
1459 2017 1638 2070 αὐτῶν
1673 2020 1772 2071 πό-
1856 2001 1862 2004 1

1856 2001 1979 2072 hac
2007 2018 2286 2072 immutata
2320 2018 2704 2072 constitutione
2745 2018 2985 2072 decernit
3027 2016 3195 2071 semel
3231 2015 3282 2068 in
3317 2029 3450 2067 una-

207 2098 336 2154 teat,
354 2095 450 2146 καὶ
471 2095 545 2165 μή
579 2114 702 2152 τινα
727 2101 918 2169 ἑτέραν
937 2104 1195 2172 ἀσχολίαν
1219 2106 1441 2171 εὔλογον
1468 2109 1560 2160 καὶ
1582 2110 1736 2179 ἀπαρ
1753 2138 1771 2150 ο

1875 2124 2090 2179 quaque
2140 2110 2441 2178 provincia,
2504 2109 2729 2178 singulis
2786 2109 2963 2169 annis,
3021 2116 3262 2172 tempore
3308 2105 3449 2173 quod

208 2182 419 2251 ιίτητον
483 2188 727 2256 ἔχοντας,
758 2193 1061 2261 ἀδελφικῶς
1114 2196 1577 2263 ἐπιπλήττεσθαι’
1606 2199 1776 2267 ἤγουν

1878 2201 2018 2256 intra
2053 2201 2272 2255 Pascha:
2320 2203 2579 2256 solemnia
2627 2203 2691 2255 ad
2727 2200 3011 2256 Octobrem
3061 2211 3236 2266 usque
3266 2205 3448 2251 extre-

207 2274 344 2339 μετά
370 2279 676 2350 πραότητος
707 2284 1085 2352 ἐπιτιμᾶσθαι.
1123 2286 1241 2338 Νῦν
1277 2287 1411 2341 δὲτὸ
1460 2289 1568 2340 τῶν
1615 2290 1772 2342 συνό-
1871 2309 1874 2345 1

1871 2308 2018 2346 mum
2044 2293 2351 2358 intercedit,
2381 2293 2500 2346 loco
2531 2307 2658 2346 vero
2687 2306 2775 2355 eo,
2811 2307 2968 2359 quem
3003 2286 3447 2354 metropolitanus

207 2365 304 2418 5ων
379 2372 586 2423 τούτων
634 2374 811 2445 πάντη
867 2381 1351 2448 καταπεφρόνηται
1402 2381 1476 2441 ὡς
1502 2382 1771 2449 μηδέποτε
1869 2406 1874 2431 ‹

1869 2383 2116 2452 elegerit,
2166 2383 2427 2453 synodum
2465 2382 2672 2435 haberi.
2731 2381 2832 2446 Qui
2880 2395 3011 2433 vero
3039 2377 3296 2446 episcopi,
3347 2390 3446 2430 nec

208 2459 476 2524 γίνεσθαι.
545 2466 681 2535 Περὶ
742 2469 1036 2538 ἐπιτιμίων
1077 2471 1188 2523 τῶν
1221 2472 1294 2541 μὴ
1340 2475 1774 2541 ἀπαντησάντων
1872 2489 1875 2500 ‘

1872 2474 2174 2529 valetudine
2234 2474 2495 2542 impediti,
2543 2489 2640 2526 nec
2682 2488 2708 2526 a
2761 2472 2876 2527 suis
2923 2470 3144 2525 urbibus
3182 2480 3446 2522 terrarum

204 2552 258 2600 tv
286 2554 410 2615 ταῖς
441 2557 682 2622 συνόδοις
705 2560 980 2628 ἀνάγνωθι
1017 2561 1115 2630 τῆς
1174 2564 1232 2614 ἐν
1289 2564 1622 2637 Καρθαγένῃ
1672 2582 1773 2618 κα-

1871 2565 2059 2634 spatiis
2090 2562 2364 2630 disiuncti,
2407 2579 2504 2618 nec
2535 2564 2640 2617 alia
2668 2563 2833 2632 justa,
2886 2559 3255 2615 necessariave
3283 2571 3446 2611 occu-

205 2641 329 2695 μόνα
363 2655 474 2711 ος’,
1871 2675 1872 2681 η

1871 2657 2092 2727 patione
2155 2657 2358 2712 detenti
2417 2656 2711 2710 convenire
2773 2653 3140 2724 neglexerint,
3207 2648 3445 2702 fraterne

203 2738 422 2806 corrigi,
474 2743 576 2798 hoc
617 2755 701 2799 cst
747 2746 850 2802 leni
896 2749 1362 2805 animadversione
1399 2751 1574 2821 puniri
1613 2753 1785 2822 jubet.
1828 2752 2038 2810 Nostris
2103 2767 2232 2808 vero
2258 2751 2588 2820 temporibus
2623 2761 2732 2805 tcta
2763 2751 2876 2802 haec
2910 2747 3237 2820 synodorum
3307 2739 3448 2794 ratio

202 2841 442 2970 nostsque
483 2834 792 2904 negligitur,
846 2847 904 2891 ot
957 2841 1203 2909 nuspiam
1255 2841 1617 2899 celebrentur.
1733 2845 1805 2900 De
1845 2844 2058 2900 illorum
2087 2860 2216 2899 vero
2237 2834 2413 2913 pa'auis
2442 2841 2532 2913 qni
2565 2841 2630 2895 ad
2657 2840 2894 2911 synodos
2924 2853 3024 2892 non
3067 2833 3442 2895 convenerint,

202 2917 246 2968 Vi
288 2933 321 2970 e
359 2935 480 2970 svn.
511 2923 697 2970 Carth-
731 2942 849 2970 cans
892 2927 979 2970 ‘76-

202 2917 321 2972 vide
359 2935 480 2988 syn.
511 2923 697 2978 Carth.
731 2942 852 2981 can.
892 2927 980 2982 76.

201 3043 424 3101 ΔΡΙΣΤ.
461 3046 528 3096 οι
555 3045 623 3107 ἐξ
677 3045 896 3114 ἐτέρων
930 3047 1338 3119 ἀφοριζόμενοι
1389 3052 1495 3122 ὑφ’
1552 3053 1772 3122 ἐτέρων

1875 3048 2106 3105 ARIST.
2161 3049 2239 3103 Ab
2271 3047 2393 3101 aliis
2423 3046 2859 3099 excommunicati
2902 3042 2965 3095 ab
3014 3043 3134 3095 aliis
3173 3059 3234 3095 ne
3272 3042 3441 3095 susci-

259 3136 350 3206 μὴ
404 3137 982 3206 προσδεχέσθωσαν,
1013 3141 1177 3207 πλὴν
1209 3145 1259 3196 ει
1307 3144 1393 3212 μὴ
1425 3144 1520 3197 διὰ
1565 3161 1770 3211 μικρο-

264 3231 522 3297 ψυχίαν,
558 3230 595 3296 ἣ
620 3233 1018 3298 φιλονεικίαν,
1064 3232 1103 3299 ἢ
1131 3253 1180 3286 τι
1211 3235 1441 3287 τοιοῦτο
1475 3273 1490 3296 ,
1549 3237 1582 3288 ὁ
1620 3235 1768 3302 d590-

255 3320 475 3387 ρισμὸς
495 3320 732 3389 γέγονε·
763 3325 979 3378 τούτου
1032 3327 1142 3393 γὰρ
1196 3325 1406 3378 ἕνεκεν
1457 3326 1569 3394 (48)
1597 3325 1769 3389 ἔδοξε

263 3409 366 3474 ὄις
399 3410 504 3462 τοῦ
531 3411 707 3477 ἔτους
761 3415 891 3466 καθ’
927 3414 1198 3479 ἑκάστην
1231 3414 1528 3482 ἐπαρχίαν
1581 3415 1765 3466 σύνοο

261 3503 378 3556 δον
404 3503 677 3572 τίνεσθαι
699 3519 713 3533 ο
736 3504 885 3572 μίαν
916 3505 1033 3574 μὲν
1086 3508 1200 3573 πρὸ
1236 3505 1345 3572 τῆς
1402 3509 1769 3573 Τεσσαρακο-

260 3591 445 3660 στῆς,
476 3593 687 3661 ἑτέραν
708 3594 777 3646 δὲ
810 3595 942 3662 περὶ
973 3595 1038 3649 τὸ
1063 3598 1434 3666 μετόπωρον.

260 3710 378 3772 Δεῖ,
421 3707 560 3760 κατά
586 3709 685 3777 τὴν
711 3709 1142 3780 παροιμίαιΐῖτὸν
1160 3714 1444 3780 τρώσαντα
1466 3712 1767 3779 ἐπαγαγεῖν

190 3801 292 3854 καὶ
319 3802 416 3870 τὴν
456 3801 632 3854 τασιν·
666 3802 761 3852 καὶ
808 3801 881 3871 μὴ
915 3802 1003 3854 τὸν
1036 3802 1138 3854 ὑπὸ
1186 3802 1278 3854 τοῦ
1315 3802 1446 3856 ἰδίου
1467 3805 1766 3857 ἐπισκόπου

188 3891 580 3960 ἀφορισθέντα,
618 3891 707 3960 ὑφ’
745 3892 948 3960 ἐτέρων
973 3892 1376 3962 παραδεχθῆναι
1401 3891 1768 3958 ἀνεξετάστως

189 3985 363 4047 οὕτω,
397 3985 490 4037 καὶ
518 3986 686 4053 χωρὶς
717 3985 1104 4054 συζητήσεωςο
1136 3984 1272 4040 ἀλλά
1301 3985 1398 4055 τὴν
1441 3985 1619 4038 αἰτίαν
1670 3986 1764 4038 τοῦ

187 4073 505 4144 ἀφορισμοῦ
567 4072 1036 4140 κατασκέψασθαι,
1093 4075 1305 4144 μήποτε
1377 4075 1477 4127 ούκ
1528 4074 1765 4142 εὐλόγως

188 4166 477 4235 ἐηνέχθη
508 4167 537 4217 ὁ
567 4163 872 4234 ἁφορισμός
895 4179 910 4194 ⁸
956 4165 1055 4217 οὐκ
1082 4166 1146 4217 ἐκ
1181 4163 1567 4236 μικροψυχίας,
1603 4164 1634 4233 ἢ
1671 4166 1762 4233 φί-

187 4257 485 4322 λονεικίας,
545 4257 578 4326 ἦ
628 4256 817 4325 ἐτέρας
865 4257 1009 4318 τινὸς
1060 4257 1251 4326 ἀηδίας
1295 4256 1388 4309 τοῦ
1440 4257 1761 4312 ἐπισκόπου.

187 4351 316 4403 Ἰνα
348 4348 482 4416 γοῦν
520 4350 659 4419 μήτε
694 4351 742 4401 οἱ
773 4349 1182 4417 ἀφοριζόμενοι,
1218 4347 1292 4411 ὡς
1320 4349 1534 4418 ἔτυχεν,
1564 4349 1762 4419 ἀφορί-

184 4442 421 4506 ζωνται,
445 4442 580 4510 μήτε
602 4439 654 4492 οἱ
684 4440 1034 4508 ἀφορίζοντες
1069 4441 1265 4502 αὐτοὺς
1289 4442 1573 4493 ἐπίσκοποι
1601 4458 1764 4493 κατα-

185 4532 532 4600 φρονῶνται,
560 4530 764 4599 ἐτέρων
799 4529 1024 4591 τούτους
1083 4529 1400 4582 ἐπισκόπων
1456 4531 1753 4599 παραδεχοο

1892 3143 2180 3208 νρὶαιιιιιν,
2243 3141 2343 3191 nisi
2389 3155 2480 3206 per
2528 3137 3037 3204 pusillanimitatem,
3087 3145 3179 3187 aut
3228 3146 3445 3188 conten-

1946 3233 2156 3291 tionem,
2204 3240 2293 3282 aut
2321 3228 2444 3290 quid
2472 3226 2768 3280 istiusmodi
2797 3226 3260 3279 excommunicatio
3298 3228 3444 3296 facta

1942 3324 2031 3376 sit.
2093 3319 2387 3388 Eapropter
2416 3320 2552 3372 enim
2596 3320 2760 3372 visum
2803 3327 2898 3377 est,
2946 3326 3002 3370 ut
3044 3320 3119 3372 bis
3158 3323 3441 3387 quotannis

1943 3417 1997 3469 in
2045 3430 2356 3484 unaquaque
2399 3415 2668 3480 provincia
2715 3415 2945 3482 synodus
2977 3412 3280 3476 celebretur,
3334 3429 3442 3467 una

1936 3507 2145 3572 quidem
2189 3515 2310 3558 ante
2355 3504 2821 3573 Quadragesimam
2929 3503 3098 3557 altera
3147 3505 3290 3558 circa
3337 3520 3442 3557 au-

1941 3609 1997 3652 ιιι
2005 3610 2180 3651 mnu’m
2191 3636 2205 3650 .

1940 3709 2184 3778 Oportet.
2221 3719 2280 3763 ut
2305 3708 2382 3761 ait
2413 3709 2776 3774 proverbium,
2806 3706 3176 3760 vulnerantem
3208 3706 3440 3772 adjicere

1869 3812 1924 3857 et
1968 3802 2253 3862 medelam,
2306 3811 2359 3854 et
2407 3815 2509 3854 nou
2543 3815 2572 3852 a
2603 3799 2818 3867 proprio
2848 3800 3102 3867 episcopo
3129 3813 3438 3853 excommu-

1869 3895 2101 3948 nicatum
2137 3893 2472 3959 inexplorate
2503 3892 2636 3944 adeo
2672 3901 2725 3944 et
2767 3893 2883 3945 sine
2927 3891 3177 3944 examine
3217 3893 3284 3944 ab
3319 3891 3438 3944 aliis

1867 3986 2098 4052 admitti,
2125 3987 2215 4039 sed
2244 3985 2294 4037 in
2323 3985 2897 4038 excommutticatinnis
2920 3998 3137 4038 causam
3167 3983 3440 4051 inquirere

1869 4092 1935 4129 ne
1987 4076 2125 4128 forte
2164 4074 2360 4141 injuste
2396 4073 2541 4126 illata
2582 4073 2652 4126 sit
2699 4071 3202 4131 excommunicatio,
3254 4086 3322 4125 ne
3370 4085 3438 4124 ex

1867 4166 2309 4236 pusillanimitate
2341 4204 2354 4227 ,
2398 4172 2491 4217 aut
2546 4164 2910 4228 contentione,
2964 4171 3056 4214 aut
3097 4162 3198 4214 alia
3254 4162 3436 4229 aliqua

1865 4256 2103 4326 episcopi
2135 4255 2449 4322 acerbitate.
2507 4251 2578 4307 Ut
2613 4255 2792 4320 itaque
2834 4266 2931 4306 nec
2961 4248 3434 4314 excommunicati,

1865 4359 1926 4404 ut
1950 4338 2247 4414 contingat,
2302 4345 2861 4408 exconununicentur,
2913 4358 3012 4397 nec
3060 4342 3150 4411 qui
3204 4356 3296 4395 eos
3341 4355 3440 4394 ex-

1864 4437 2333 4492 comntunicarunt
2353 4446 2767 4489 contemnantur
2785 4434 3043 4501 episcopi,
3078 4434 3200 4485 dum
3228 4430 3316 4484 alii
3341 4445 3436 4485 eos

1864 4529 2100 4598 episcopi
2148 4528 2264 4582 sine
2297 4527 2548 4581 examine
2578 4527 2892 4587 admittunt,
2939 4532 3142 4577 sanctae
3185 4523 3307 4575 huic
3337 4535 3433 4590 sy-

184 4623 374 4690 μένων
421 4619 811 4683 ἀνεξετάστως,
843 4619 926 4680 δὶς
968 4619 1063 4670 τοῦ
1135 4618 1287 4682 ἔτους
1341 4617 1463 4671 καθ’
1521 4619 1759 4688 ἑκάστην
1788 4604 1840 4662 D

1788 4604 1840 4662 Ι)
1867 4621 2006 4676 nodo
2035 4620 2116 4674 bis
2141 4620 2428 4687 quotannis
2451 4619 2502 4671 in
2525 4631 2846 4684 unaquaque
2871 4612 3141 4682 provincia
3165 4611 3431 4679 synodum

179 4713 471 4782 ἐπαρχίαν
499 4711 719 4764 σύνοδον
765 4711 1105 4780 γίνεσθαιτῇ
1153 4710 1286 4780 ἀγίᾳ
1337 4711 1510 4783 ταύτῃ
1558 4712 1761 4781 συνόδῳ

175 4805 402 4871 εδοξεν·
461 4804 550 4856 ἵνα
582 4804 732 4869 κοινῇ
765 4801 958 4870 γνώμη
1013 4801 1234 4853 πάντων
1275 4801 1389 4853 τῶν
1444 4801 1761 4854 ἐπισκόπων

175 4899 285 4966 τῆς
329 4896 504 4965 αὐτῆς
538 4894 803 4964 ἐπαρχίας
836 4894 946 4944 πᾶν
1010 4893 1231 4962 ζήτημα
1293 4893 1754 4961 ἐκκλησιαστικὸν

174 4990 280 5043 καὶ
313 4989 470 5040 πᾶσα
499 4984 801 5052 ἀμφιὸολία
829 4984 1022 5054 λύηται
1046 5000 1060 5015 ⁸
1115 4983 1296 5045 καθὼς
1352 4986 1448 5037 καὶ
1505 4985 1533 5036 ὁ
1558 4985 1636 5048 λζ’
1658 5003 1757 5038 κα-

172 5076 289 5128 νὼν
328 5073 442 5126 τῶν
495 5072 664 5137 ἀγίων
719 5071 1032 5124 ἀποστόλων
1085 5071 1414 5140 διαγορεύει.
1464 5072 1631 5142 Πλὴν,
1682 5073 1760 5135 ὠς

172 5167 368 5217 ἐκεῖσε
403 5163 748 5233 ἐγράψαμεν,
795 5164 822 5214 ὁ
868 5161 1048 5228 δγδοος
1077 5162 1258 5214 κανὼν
1284 5165 1377 5233 τῆς
1422 5164 1478 5216 ἐν
1502 5163 1757 5233 Τρούλλῳ

172 5259 353 5321 ἕκτης
390 5255 612 5307 συνόδου
640 5254 732 5306 καὶ
763 5256 790 5306 ὁ
818 5253 974 5316 ἕκτος
1007 5253 1107 5320 τῆς
1139 5256 1194 5305 ἐν
1227 5254 1430 5325 Νικαίᾳ
1477 5255 1536 5306 τὸ
1572 5255 1757 5308 δεύτεο

174 5366 276 5417 ρον
309 5348 404 5401 διὰ
446 5348 545 5415 τὴν
571 5345 862 5415 συντριδὴν
910 5346 1006 5398 καὶ
1052 5346 1113 5397 τὸ
1169 5346 1362 5409 ἐνδεῶς
1420 5348 1566 5416 ἐχειν
1618 5349 1754 5417 πρὸς

170 5439 499 5509 ὁδοιπορίαν
526 5438 650 5501 τοὺς
681 5435 1206 5507 συναθροιζομένους
1229 5438 1563 5500 ἐπισκόπους
1607 5439 1756 5505 ἅπαξ

1869 4711 2057 4767 haberi
2111 4712 2280 4764 visum
2330 4721 2446 4776 est,
2510 4719 2567 4762 ut
2610 4708 2880 4762 communi
2941 4707 3180 4760 omnium
3232 4704 3285 4758 in
3331 4703 3432 4756 ista

1866 4803 2142 4872 provincia
2203 4802 2579 4871 episcoporum
2631 4798 2941 4862 sententia,
2990 4795 3167 4849 omnis
3206 4793 3432 4863 quatstio

1865 4894 2230 4949 ecclesiastica
2273 4904 2327 4947 et
2374 4892 2741 4947 controversia
2790 4890 2968 4943 omnis
3011 4886 3428 4942 determinetur:

1865 4997 1923 5040 ut
1950 4997 2001 5039 et
2033 4987 2098 5040 57
2125 5002 2296 5040 canon
2325 4997 2630 5040 sanctorum
2658 4984 3024 5053 apostolorum
3069 4982 3254 5036 edicit.
3320 4978 3428 5032 Sed

1862 5088 1915 5132 ut
1946 5077 2015 5132 ibi
2047 5077 2387 5146 scripsimus,
2436 5087 2659 5131 octavus
2701 5086 2866 5130 sextae
2905 5074 3093 5143 synodi
3144 5073 3198 5126 in
3245 5069 3426 5126 Trullo

1860 5184 2055 5229 canon,
2103 5179 2156 5221 et
2202 5177 2384 5223 sextus
2431 5167 2661 5222 Niczeme
2701 5165 2950 5220 secundae
2991 5164 3060 5218 ob
3099 5163 3424 5225 molestiam,

1861 5271 1915 5315 et
1959 5261 2104 5330 quod
2160 5261 2543 5314 insutlicientes
2590 5262 2696 5315 sint
2738 5262 2804 5313 ad
2858 5259 2959 5312 tale
3015 5256 3423 5326 suscipiendum

1863 5353 1963 5406 iter
1991 5351 2298 5419 congregati
2351 5351 2612 5420 episcopi,
2655 5350 2822 5404 semel
2853 5350 3144 5419 quotannis
3189 5349 3241 5400 in
3285 5361 3425 5398 una-

1861 5459 2073 5512 ouaque
2112 5442 2384 5511 provincia
2418 5442 2530 5496 ﬁeri
2564 5441 2828 5511 synodum
2878 5440 3253 5503 decreverunt,
3304 5437 3424 5491 loco

1423 5616 1608 5676 Guill.
1637 5619 1958 5696 Beveregii
1994 5628 2181 5683 notae.

237 5770 366 5838 (48)
399 5769 626 5823 τούτου
674 5767 784 5838 γὰρ
808 5768 1040 5822 ἕνεκεν.
1089 5767 1213 5822 limo
1271 5785 1441 5836 usque
1476 5773 1540 5824 ad
1598 5773 1756 5826 tinem

160 5841 410 5897 canonis
456 5840 510 5894 in
561 5845 662 5895 hac
690 5839 948 5904 Aristoni,
1007 5853 1214 5895 necnon
1266 5838 1536 5899 Sitneouis
1568 5840 1739 5913 Lego-

1845 5775 2035 5898 dtheta;l
2052 5774 2309 5842 epitome,
2341 5780 2396 5827 ιιι
2427 5773 2480 5828 in
2504 5770 2712 5835 Justelli
2731 5771 3054 5830 bibliotheca
3083 5771 3251 5833 edita,
3278 5767 3413 5824 desl‘

1887 5858 2011 5898 crau
2041 5858 2124 5898 ur.

1887 5858 2124 5899 οηιιιιιτ.
