4222 6460
715 419 829 484 255

1972 414 2256 474 THEOD.
2287 413 2694 474 BALSAMON

3857 416 3967 481 256

706 538 971 609 patiatur.
1023 532 1187 599 Cujus
1215 532 1432 601 quidem
1458 532 1754 600 praecipua,
1786 531 2125 597 maximeque
2155 547 2279 597 pro-

2386 534 2422 597 η
2453 531 2561 583 τῶν
2634 532 2948 585 ἐπισκόπων
3012 532 3316 602 χειροτονία
3353 530 3487 586 ἐστί.
3539 532 3708 600 Λέγει
3761 534 3965 586 τοίνυν·

709 630 826 698 pria
862 643 989 697 pars
1016 635 1099 679 est
1125 626 1498 694 episcoporum
1529 626 1819 679 ordinatio.
1871 625 1926 679 Si
1952 623 2074 691 quis
2096 625 2280 692 igitur,

708 720 928 787 inquit,
994 718 1295 772 inconsulto
1354 717 1769 785 metr0po|itano
1824 726 2044 771 creatus
2099 717 2279 779 fuerit,

706 811 999 878 episcopus
1039 810 1264 864 omnino
1307 824 1373 863 ne
1415 811 1506 864 sit.
1587 806 1722 861 Nam
1770 809 1875 862 etsi
1920 808 2051 862 olim
2101 808 2282 877 pepuli

708 900 981 971 sull'ragiis
1025 902 1260 969 episcOpi
1312 901 1365 955 in
1414 900 1638 955 urbibus
1689 901 2052 970 eligerentur,
2108 902 2284 954 adhuc

709 1003 886 1048 tamen
912 1003 1032 1062 post
1052 992 1367 1062 sull'ragium
1394 993 1600 1060 integra
1624 1008 1711 1047 res
1727 995 1793 1046 ad
1813 992 2281 1059 metropolitanum

709 1084 1093 1145 deferebatur,
1146 1085 1214 1137 ab
1263 1098 1436 1152 eoque
1480 1082 1905 1137 conﬁrmabatur
1946 1083 2179 1147 electio,
2229 1094 2286 1137 ct

706 1191 868 1246 quem
907 1177 997 1231 illc
1026 1177 1398 1245 approbasset,
1445 1176 1492 1231 is
1519 1178 1733 1229 demum
1764 1192 2019 1231 manuum
2057 1176 2281 1243 imposi-

707 1269 852 1323 tione
871 1270 1177 1324 creabatur.
1208 1268 1358 1334 Quod
1386 1269 1429 1322 si
1459 1271 1511 1322 in
1537 1269 1819 1329 electione,
1851 1269 2067 1335 subjicit
2085 1284 2279 1333 canon,

706 1374 835 1415 vere
856 1362 1140 1425 canonica,
1166 1359 1633 1414 consentientibus
1655 1358 1887 1427 plurium
1918 1360 2061 1414 inter
2083 1374 2143 1414 se
2165 1358 2283 1415 sul-

708 1450 915 1518 l'ragiis,
951 1452 1059 1505 duo
1091 1459 1268 1504 tresve
1296 1451 1663 1505 contentionis
1702 1450 1919 1515 studio,
1966 1466 2070 1505 non
2102 1451 2282 1519 aliqua

705 1553 854 1596 certa
905 1542 1115 1595 ratione
1167 1543 1512 1611 discrepent,
1572 1543 1803 1611 aliisque
1849 1540 2125 1596 adversati
2174 1543 2283 1597 sint

705 1637 850 1703 quod
880 1633 934 1687 in
966 1635 1275 1702 pecuniaria
1307 1646 1522 1701 quoque
1554 1632 1931 1689 controversia
1968 1634 2113 1688 civili
2166 1634 2284 1705 lege

705 1735 924 1779 cautum
968 1736 1091 1789 est,
1145 1726 1372 1793 plurium
1422 1725 1692 1780 sententia
1742 1724 2054 1792 praevaleat.
2126 1726 2279 1791 Quod

705 1818 846 1872 idem
913 1818 1352 1872 undevicesimus
1403 1833 1619 1888 quoque
1679 1818 2033 1873 Antiochenae
2089 1816 2278 1888 synodi

2393 623 2455 675 Ei
2506 623 2732 691 γνώμης
2806 624 2903 676 τοῦ
2962 624 3359 695 μητροπολίτου
3424 625 3596 693 χωρὶς
3656 626 3966 693 κατασταίη

2391 714 2719 778 ἐπίσκοπος,
2748 715 2939 769 τοῦτον
2976 716 3050 786 μὴ
3103 712 3244 769 εἶναι
3277 717 3596 769 ἐπίσκοπον.
3632 715 3747 768 Κᾶν
3780 716 3885 783 γὰρ
3907 715 3969 767 τδ

2390 804 2621 857 παλαιὸν
2650 804 2718 856 τὰ
2740 804 2916 875 πλήθη
2946 806 3054 857 τῶν
3079 806 3286 858 πόλεων
3305 805 3397 858 τὸν
3433 805 3734 857 ἐπίσκοπον
3760 802 3966 871 ἐψηφί-

2389 896 2561 960 ζοντο,
2618 895 2755 949 ἀλλὰ
2793 898 2886 950 καὶ
2932 897 3052 949 τότε
3115 897 3253 965 μετὰ
3273 897 3373 966 τὴν
3426 895 3608 965 ψῆφον
3649 895 3729 965 τῷ
3762 910 3967 964 μητρο-

2389 989 2581 1059 πολίτῃ
2627 989 2698 1041 τὰ
2740 988 2868 1058 περὶ⁵
2925 990 3091 1058 αὐτῆς
3136 989 3431 1057 ἀνεφέρετο
3459 988 3553 1040 καὶ
3578 988 3707 1056 παρ’
3749 986 3967 1038 ἐκείνου

2389 1078 2707 1150 ἐκυροῠντο.
2745 1079 2840 1132 καὶ
2892 1078 2952 1131 ὃν
2984 1080 3192 1140 ἐκεῖνος
3248 1077 3594 1146 ἐδοκίμασεν,
3650 1076 3817 1136 αὐτὸς
3866 1074 3968 1142 τῆς

2389 1173 2724 1244 χειροτονίας
2770 1171 2991 1239 ἠξίωτο.
3041 1168 3175 1226 Εἶτα
3213 1171 3408 1237 ἐπάγει
3439 1170 3467 1222 ό
3510 1167 3691 1223 κανὼν
3727 1169 3839 1227 ὅτι,
3868 1167 3968 1219 ἐὰν

2389 1266 2447 1320 ἓν
2472 1270 2539 1337 τῇ
2561 1268 2726 1337 ψήφῳ
2748 1269 3006 1337 κανονικῇ
3029 1266 3164 1339 οὔσῃ
3187 1267 3237 1318 oi
3261 1266 3504 1327 πλείονες
3531 1264 3965 1333 συμφωνήσωσι,

2390 1360 2485 1412 καὶ
2536 1362 3055 1430 όμογνωμονήσωσι,
3116 1360 3212 1413 δύο
3267 1360 3324 1413 δέ
3363 1360 3397 1429 ῆ
3436 1362 3585 1429 τρεῖς
3637 1356 3970 1423 ἁντιλέγωσι

2390 1450 2728 1520 φιλονείκως,
2752 1453 2867 1506 ἀλλ’
2893 1453 2994 1506 οὐκ
3021 1451 3281 1519 εὐλόγως,
3312 1454 3405 1505 καὶ
3450 1453 3565 1512 τοῖς
3595 1449 3775 1510 ἄλλοις
3808 1449 3972 1500 ἐναν-

2388 1543 2637 1608 τιῶνται,
2676 1545 2709 1613 ἠ
2745 1543 2856 1597 τῶν
2912 1543 3173 1597 πλειόνων
3204 1542 3475 1612 κρατείτω
3532 1541 3733 1610 ψῆφος,
3793 1539 3823 1589 δ
3872 1538 3971 1591 καὶ

2389 1636 2447 1688 έν
2470 1636 2844 1706 Χρημαᾴκαῐς
2870 1634 3159 1688 ὑποθέσεσι
3187 1635 3298 1696 τοῖς
3334 1633 3632 1694 πολιτικοῖς
3658 1630 3847 1700 νόμοις
3882 1646 3970 1680 τε-

2391 1726 2699 1780 θέσπισται.
2764 1726 2875 1779 Καὶ
2927 1728 2957 1777 ό
3004 1723 3487 1786 ἐννεακαιδέκατος
3533 1722 3590 1775 δέ
3633 1719 3817 1775 κανὼν
3867 1721 3971 1787 τῆς

2396 1818 2456 1869 ἐν
2551 1815 2852 1885 Ἀντιοχείᾳ
2907 1814 3128 1868 συνόδου
3192 1813 3261 1866 τὰ
3316 1812 3456 1866 αὐτὰ
3505 1811 3633 1883 περὶ
3679 1810 3779 1881 τῆς
3853 1809 3972 1863 τῶν

707 1924 916 1974 canon,
971 1910 1027 1963 in
1079 1911 1459 1980 episcoporum
1510 1908 1735 1963 dissidio
1785 1909 2112 1963 servandum
2160 1923 2285 1965 esse

2391 1907 2714 1960 ἐπισκόπων
2741 1905 3054 1975 ἀντιλογίας
3101 1904 3472 1961 διατάττεται.

707 2002 1041 2067 pronuntiat.

705 2090 933 2144 ARIST.
991 2090 1166 2160 Super
1227 2090 1557 2159 Egyptum,
1598 2089 1816 2160 Libyam
1857 2101 1906 2144 et
1951 2090 2284 2158 Pentapolim

774 2152 1168 2235 Alexandlrinus
1200 2152 1469 2251 episcopus
1498 2152 1806 2251 potestatem
1828 2184 2037 2238 Itabcat.
2088 2152 2155 2239 Et
2183 2185 2288 2240 Ro—

775 2290 965 2327 manus
995 2289 1149 2336 super
1170 2273 1348 2327 Romae
1378 2274 1663 2338 subiectos.
1729 2275 1862 2330 Item
1907 2278 2284 2341 Antiocheam,

774 2364 977 2434 aliique
1005 2378 1162 2434 super
1210 2380 1360 2421 suos.
1426 2364 1485 2419 Si
1522 2367 1639 2433 quis
1679 2374 1857 2417 autem
1906 2367 1968 2432 fit
2012 2368 2285 2434 episcopus

775 2457 912 2509 citra
955 2458 1337 2525 metropolitani
1390 2456 1729 2521 sententiam,
1771 2472 1833 2510 ne
1877 2457 1943 2509 sit
1988 2458 2282 2526 episcopus.

774 2546 931 2612 Quod
971 2558 1147 2601 autent
1194 2548 1484 2601 multorum
1538 2549 1798 2618 stt/fragio
1837 2548 2002 2618 juxta
2058 2565 2285 2604 canones

776 2639 974 2705 factum
1005 2648 1103 2705 est,
1134 2640 1181 2693 si
1201 2649 1303 2694 tres
1332 2639 1500 2711 aliqui
1529 2641 1923 2708 contradicunt,
1950 2643 2150 2696 nullius
2177 2643 2284 2698 sint

773 2728 1132 2782 auctoritatis.

777 2816 1233 2889 Unumquemque
1258 2820 1692 2889 patriarcharum
1719 2822 1958 2891 propriis
1986 2822 2285 2891 privilegiis

702 2920 1024 2965 contentum
1058 2926 1184 2967 esse
1217 2921 1455 2982 oportet,
1500 2924 1554 2968 et
1596 2915 1869 2969 neminem
1903 2930 2091 2969 eorum
2122 2915 2283 2969 aliam

704 3002 1065 3069 provinciam,
1094 3014 1397 3074 quaeantea
1436 3014 1492 3059 et
1529 3020 1559 3059 a
1597 3006 1864 3075 principio
1906 3007 2006 3059 sub
2041 3020 2137 3061 sua
2177 3022 2283 3061 non

703 3089 881 3144 luerat
910 3100 1194 3158 potestate,
1226 3107 1512 3161 usurpare,
1542 3093 1644 3146 hoc
1676 3095 1819 3147 enim
1860 3093 2142 3148 saecularis
2189 3109 2286 3163 po-

2384 2081 2608 2137 ΔΡΙΣΤ.
2639 2080 2967 2148 Αἰγύπτου,
3004 2079 3101 2133 καί
3139 2078 3386 2143 Λιϐύης,
3412 2079 3511 2131 καὶ
3535 2078 3974 2143 Πενταπόλεως

2458 2176 2492 2229 ὀ
2530 2170 2985 2236 Ἀλεξανδρείας
3034 2169 3225 2237 ἐχέτω
3260 2166 3373 2237 τὴν
3410 2167 3705 2232 ἐξουσίαν
3730 2184 3746 2198 ο
3792 2168 3895 2221 καί
3939 2169 3975 2222 ὁ

2468 2262 2703 2331 Ῥώμης
2743 2261 2864 2316 τῶν
2905 2260 3025 2316 ὑπὸ
3083 2261 3349 2329 Ῥώμηνο
3408 2260 3507 2313 καὶ
3535 2263 3569 2314 ὁ
3623 2259 3696 2313 ἐν
3758 2260 3979 2313 Ἀντιο-

2456 2356 2610 2426 χείᾳ,
2637 2355 2734 2408 καὶ
2760 2357 2814 2418 οι
2843 2353 3048 2408 λοιποὶ
3070 2351 3189 2405 τῶν
3224 2354 3482 2406 οίκείων.
3512 2355 3582 2408 El
3607 2351 3675 2406 δέ
3705 2369 3799 2417 τις
3837 2352 3976 2404 ἐπί-

2454 2461 2692 2513 σκοπος
2715 2446 2827 2513 τῆς
2877 2445 2985 2499 τοῦ
3028 2446 3477 2514 μητροπολίτου
3533 2445 3677 2513 δίχα
3720 2443 3976 2512 γένηται

2405 2585 2413 2592 .
2457 2538 2718 2609 γνώμης,
2741 2537 2829 2605 μὴ
2856 2536 3017 2591 ἔστω
3041 2536 3404 2603 ἐπίσκοπος.
3437 2537 3569 2591 Ἐπὶ
3602 2536 3671 2589 δὲ
3699 2536 3816 2603 τὴν
3851 2536 3977 2590 τῶν

2450 2629 2701 2687 πολλῶν
2748 2630 2965 2701 ψῆφον
3030 2630 3350 2701 γινόμενον
3385 2629 3536 2684 κατὰ
3565 2631 3858 2696 κανόνας,
3913 2630 3970 2683 ει

2458 2728 2620 2793 τρεῖς
2638 2741 2802 2791 τινες
2831 2721 3227 2792 ἀντιλέγοιεν,
3250 2718 3374 2778 εἶεν
3398 2721 3679 2777 ἀϐέϐαιοι.

2460 2817 2730 2879 Ἕκαστος
2755 2814 2865 2869 τῶν
2892 2813 3251 2884 πατριαρχῶν
3290 2815 3404 2876 τοῖς
3451 2814 3605 2876 ίδίοις
3640 2815 3971 2883 προνομίοις

2385 2906 2674 2977 ἀρκεῖσθαι
2699 2906 2927 2973 ὀφείλει,
2955 2905 3050 2957 καὶ
3076 2909 3151 2972 μή
3176 2922 3299 2958 τινα
3330 2906 3536 2958 τούτων
3558 2906 3829 2974 ἐπαρχίαν
3858 2906 3981 2959 ἐτέ-

2389 3018 2510 3071 ραν,
2538 3001 2638 3053 οὐκ
2653 3000 2819 3054 οὖσαν
2853 3000 3084 3060 ἄνωθεν,
3115 3001 3211 3053 καὶ
3244 2999 3304 3063 ἐξ
3327 2999 3503 3068 ἀρχῆς
3533 2998 3638 3052 ὑπὸ
3671 2998 3774 3068 τὴν
3801 2999 3975 3053 αὑτοῦ

2385 3094 2563 3162 χεῖρα,
2588 3091 2932 3162 ὑφαρπάζειν
2957 3108 2971 3123 ·
3004 3090 3164 3144 τοῦτο
3203 3090 3314 3161 γὰρ
3340 3090 3508 3158 τῦφός
3537 3092 3654 3144 ἐστι
3688 3093 3973 3160 κοσμικῆς

705 3181 917 3236 testatis
962 3190 1047 3236 est
1092 3183 1367 3250 superbia.
1437 3186 1661 3249 Oportet
1685 3193 1866 3237 autem
1905 3192 1962 3237 et
1997 3184 2283 3253 episcOpos

2388 3181 2658 3245 ἐξουσίας.
2688 3182 2779 3233 Δεῖ
2798 3180 2855 3234 δὲ
2885 3181 2981 3235 καὶ
3014 3181 3141 3244 τοὺς
3160 3180 3499 3244 ἐπισκόπους
3521 3181 3765 3251 ἑκάστης
3791 3183 3977 3252 ἐπαρ-

702 3271 960 3341 cujusque
995 3273 1292 3341 provincia:
1337 3273 1572 3341 primum
1605 3288 1761 3328 suum
1790 3288 2108 3345 agnoscere,
2135 3275 2282 3330 vide-

704 3362 831 3417 licet
859 3365 1173 3431 episcopum
1235 3365 1517 3435 metropoli
1569 3364 1949 3433 pra~sidentem
1998 3383 2012 3419 :
2060 3376 2114 3422 et
2163 3368 2283 3425 sine

700 3454 821 3519 ejus
848 3453 1115 3509 sententia
1144 3454 1458 3522 episcopum
1490 3470 1595 3509 non
1628 3455 1853 3525 eligere.
1918 3455 1974 3511 Si
2012 3469 2194 3512 autem
2225 3468 2284 3513 et

703 3542 934 3612 aliquem
976 3544 1239 3613 elegerint
1284 3555 1481 3615 prmter
1525 3547 1851 3601 sententiam
1893 3547 2071 3612 illius,
2118 3548 2279 3604 talem

702 3652 810 3689 non
839 3649 962 3690 esse
996 3637 1329 3707 epist-opum.
1400 3638 1456 3692 Si
1493 3650 1671 3693 autem
1722 3640 2121 3709 metropolitani
2154 3656 2278 3695 sen-

702 3728 871 3781 tentia
911 3729 977 3779 ad
1022 3729 1346 3782 electionem
1395 3728 1695 3784 faciendam
1734 3733 2124 3786 convenientes
2166 3732 2282 3801 epi-

702 3816 849 3883 scopi
888 3816 940 3869 in
962 3832 1122 3870 unam
1167 3818 1507 3888 eandemque
1555 3820 1880 3874 sententiam
1928 3836 2119 3876 omnes
2171 3839 2278 3877 non

703 3909 1065 3974 consentiant,
1114 3910 1208 3966 sed
1253 3911 1497 3963 nonnulli
1542 3928 1636 3980 per
1678 3912 2081 3967 contentionem
2126 3930 2278 3969 suam

704 4000 826 4053 aliis
845 4000 1239 4062 contradicunt,
1272 4002 1504 4069 plurium
1528 4001 1780 4071 sull‘ragia
1807 4004 2047 4062 vincam.
2090 4007 2283 4072 Quaere

702 4101 757 4143 et
781 4091 971 4157 synodi
998 4089 1282 4157 Ephesium
1305 4104 1567 4144 canonem
1598 4101 1875 4156 octavum,
1908 4096 2278 4163 apostolorum

702 4197 965 4235 canonem
997 4183 1087 4246 54,
1138 4182 1329 4254 synodi
1371 4184 1718 4238 Antiochenze
1746 4202 1942 4241 canon.
1964 4187 1997 4241 9
2018 4228 2032 4252 ,
2084 4191 2279 4259 synodi

703 4274 1315 4342 Constantinopolitanze
1344 4288 1465 4329 can.
1497 4274 1533 4327 2
1561 4286 1616 4329 et
1644 4275 1710 4341 5,
1758 4286 1813 4330 et
1850 4279 2043 4348 synodi
2092 4281 2281 4337 Sardi-

703 4364 882 4418 censis
915 4380 1173 4420 cauouem
1209 4366 1264 4418 5.

1199 4457 1313 4527 es
1363 4456 1592 4512 CANON
1640 4458 1753 4513 vu.

2388 3271 2513 3344 χίας
2551 3270 2659 3325 τῶν
2689 3270 2902 3325 ἑαυτῶν
2954 3271 3175 3341 πρῶτον
3217 3270 3626 3338 ἐπιγινώσκειν,
3667 3272 3841 3343 ῆγουν
3880 3270 3978 3326 τὸν

2388 3368 2447 3420 ἐν
2473 3368 2539 3433 τῇ
2570 3364 2903 3434 μητροπόλει
2950 3359 3277 3431 προεστῶτα
3320 3358 3659 3413 ἐπίσκοπον·
3701 3361 3798 3413 καὶ
3844 3360 3976 3427 δίχα

2386 3456 2615 3527 γνώμης
2644 3453 2812 3509 αὐτοῦ
2844 3453 3147 3507 ἐπίσκοπον
3185 3450 3261 3522 μὴ
3298 3449 3663 3520 ψηφίζεσθαι.
3695 3449 3761 3503 Εί
3786 3448 3847 3502 δὲ
3876 3451 3975 3502 καὶ

2386 3548 2721 3622 ψηφίσονταί
2768 3565 2892 3601 τινα
2953 3546 3105 3617 παρὰ
3136 3545 3363 3615 γνώμην
3392 3542 3581 3608 αὑτοῦ,
3612 3542 3704 3596 τὸν
3728 3541 3979 3596 τοιοῦτον

2390 3643 2467 3713 μὴ
2492 3639 2635 3695 εἶναι
2664 3640 2985 3693 ἐπίσκοπον.
3023 3638 3086 3690 El
3129 3637 3185 3691 δὲ
3212 3635 3409 3706 γνώμῃ
3431 3633 3527 3689 τοῦ
3562 3633 3974 3704 μητροπολίτου

2387 3740 2437 3791 οί
2466 3737 2777 3797 ἐπίσκοποι,
2811 3733 3158 3794 συνελθόντες
3183 3733 3277 3785 ἐπὶ
3302 3731 3378 3801 τῷ
3395 3731 3576 3800 ψῆφον
3606 3729 3974 3797 ποιήσασθαι,

2388 3829 2467 3892 είς
2492 3829 2591 3897 τὴν
2605 3827 2771 3896 αὐτὴν
2796 3826 2889 3880 καὶ
2914 3825 3042 3894 μίαν
3062 3822 3124 3876 οὐ
3151 3821 3449 3875 συνέλθωσι
3483 3820 3687 3881 πάντες
3712 3819 3975 3888 γνώμην,

2387 3921 2525 3974 ἀλλὰ
2584 3919 2652 3972 δι’
2690 3915 2900 3970 οἰκείαν
2951 3912 3282 3983 φιλονεικίαν
3339 3911 3484 3975 τινὲς
3543 3910 3926 3978 ἀντιλέγουσιν
3954 3926 3974 3943 ο

2386 4016 2421 4084 ὴ
2470 4012 2579 4064 τῶν
2607 4008 2870 4062 πλειόνων
2903 4005 3176 4076 κρατείτω
3201 4004 3401 4073 ψῆφος.
3433 4003 3545 4057 Καὶ
3588 4002 3747 4072 ζήτει
3776 4004 3884 4070 τῆς
3914 4002 3977 4054 ἐν

2400 4103 2609 4171 Ἐφέσῳ
2666 4099 2886 4153 συνόδου
2954 4096 3156 4151 κανόνα
3200 4095 3410 4165 ὄγδοον.
3469 4094 3791 4149 ἀποστόλων
3861 4110 3970 4145 κα-

2387 4196 2512 4248 νόνα
2542 4193 2636 4257 λδ’,
2667 4191 2884 4245 συνόδου
2925 4187 3255 4258 Ἀντιοχείας
3284 4187 3484 4242 κανόνα
3536 4187 3581 4258 β’
3634 4187 3732 4241 καὶ
3762 4184 3839 4255 γ’,
3869 4184 3973 4241 καὶ

2390 4286 2608 4340 συνόδου
2639 4283 2908 4355 Σαρδικῆς
2930 4281 3128 4335 κανόνα
3156 4280 3361 4351 τρίτον.

2986 4458 3238 4511 ΚΑΝΩΝ
3271 4455 3354 4513 Ζ’.

707 4547 971 4614 Quoniam
1023 4548 1248 4601 obtinuit
1297 4551 1618 4602 consuetudo
1671 4560 1718 4603 et
1766 4551 1987 4619 antiqua
2036 4554 2278 4617 traditio,

2401 4554 2645 4622 Ἐπειδὴ
2682 4554 2977 4619 συνήθεια
3022 4549 3348 4617 κεκράτηκε
3371 4549 3467 4602 καί
3505 4546 3845 4615 παράδοσις
3869 4550 3971 4615 dp.

779 4649 855 4706 ut,
883 4641 974 4711 qui
1003 4649 1080 4693 est
1115 4641 1167 4693 in
1202 4639 1275 4694 ΑΞ
1284 4640 1357 4693 lia
1384 4641 1658 4709 episcoyus
1678 4680 1693 4705 ,
1737 4640 2051 4705 Itonoretur,
2090 4645 2279 4699 habeat

2462 4647 2627 4717 χαῖα,
2666 4646 2823 4698 ὥστε
2843 4642 2951 4696 τὸν
2989 4641 3062 4695 ἐν
3088 4641 3263 4709 Allia
3284 4640 3397 4710 (51)
3432 4640 3776 4694 ἐπίσκοπον
3802 4638 3971 4710 tipa-

1932 4757 2130 4819 Guill.
2164 4760 2489 4838 Beveregii
2519 4766 2711 4821 nota).

803 4881 892 4949 5|)
930 4883 1042 4935 Τὸν·
1062 4881 1132 4933 ἐν
1159 4881 1353 4948 Λίλίᾳ.
1386 4881 1582 4935 ᾸΞΙίυηι
1611 4882 1909 4936 Adriauum
1940 4885 2281 4940 Hierusalem

708 4968 737 5007 a
769 4953 893 5006 Tito
926 4953 1239 5005 subversam
1290 4968 1394 5004 non
1446 4954 1803 5012 instaurasse,
1836 4953 1929 5005 sed
1961 4954 2122 5006 aliam
2171 4956 2279 5010 alio

709 5022 903 5077 inloco
928 5022 974 5073 ei
1011 5022 1311 5088 pr0pinquo
1343 5022 1620 5073 civitatem
1665 5022 1729 5076 de
1769 5035 1908 5075 novo
1936 5024 2272 5089 condidisse,

709 5094 761 5146 in
791 5092 996 5144 ultimis
1020 5092 1086 5143 ad
1122 5090 1513 5157 praecedentem
1549 5105 1808 5143 cntionem
1839 5094 2279 5148 annotationibus

707 5163 842 5215 satis
875 5175 1141 5227 superque
1176 5170 1452 5213 ostensum
1486 5173 1589 5214 est.
1644 5161 1831 5213 Restat
1865 5161 2061 5226 adhuc,
2113 5170 2169 5217 ut
2213 5169 2279 5217 de

713 5230 933 5285 nomine
971 5230 1127 5295 ltujus
1159 5231 1306 5282 urbis
1335 5231 1401 5282 ab
1434 5246 1521 5279 cm
1545 5240 1868 5283 constructae
1903 5246 2066 5294 pauca
2104 5248 2279 5286 anuo-

712 5312 905 5353 tetttus.
977 5299 1159 5364 Itaque
1227 5298 1321 5352 Dio
1388 5299 1541 5351 Cass.
1595 5299 1644 5350 in
1687 5298 1802 5350 Vita
1854 5297 1981 5352 Elii
2032 5302 2278 5363 Adriani,

2395 4889 2506 4941 lino
2536 4888 2606 4940 ibi
2638 4884 2883 4937 dedicato
2912 4888 3155 4936 vocatur.
3183 4879 3391 4951 Saepius
3420 4889 3599 4934 autem
3624 4879 3741 4951 haec
3768 4879 3970 4937 civitas

2396 4951 2903 5026 SilllpiiCil8f_1€_litt
2932 4949 3345 5026 appellatur,'e_t
3378 4950 3453 5026 i_ta_
3485 4965 3512 5002 a
3538 4949 3827 5026 conditore
3868 4967 3967 5026 no-

2388 5018 2645 5080 minatam
2702 5018 3247 5088 pleriquetradunt.
3306 5018 3655 5088 Epiphanius,
3706 5020 3807 5088 Ὧς
3857 5020 3968 5088 γὰρ

2386 5097 2596 5157 ἐκεῖνος
2619 5086 2912 5158 ῲνόμαστο
2947 5090 3125 5150 Αἴλιος
3162 5090 3442 5158 Ἀδριανὸς
3463 5127 3478 5151 ,
3528 5086 3701 5158 οὕτως
3730 5087 3829 5141 καὶ
3870 5086 3969 5158 τὴν

2387 5166 2546 5218 πόλιν
2577 5150 2832 5231 ώθόμασε
2865 5160 3072 5231 Αἰλίαν.
3108 5150 3299 5227 Epipli.
3332 5157 3437 5231 JDe
3466 5150 3641 5231 Band.
3691 5167 3741 5231 et
3794 5150 3968 5231 mens.

2388 5226 2790 5296 Eusebius,"H
2837 5230 3130 5298 μετέπειτα
3158 5226 3424 5281 συστᾶσα
3467 5226 3753 5298 Ῥωμαῖκὴ
3809 5227 3971 5298 πόλις

2385 5305 2483 5371 τὴν
2527 5295 2849 5368 ἐπωνυμίαν
2883 5300 3193 5377 ῥιμείψασα,
3239 5298 3449 5377 eli-rip:
3483 5295 3577 5349 τοῦ
3626 5296 3968 5377 κρατσῧντος

710 5386 831 5423 eum
879 5372 1016 5438 hanc
1070 5369 1258 5438 urbem
1297 5385 1325 5421 a
1378 5383 1435 5419 sc
1468 5368 1742 5420 conditam
1793 5369 1984 5421 Αίλίαν
2022 5372 2282 5423 Καπιτω-

2386 5366 2570 5425 Λίλίου
2628 5366 2938 5438 Ἀδριανοῦ
2972 5366 3174 5438 τιμὴν,
3228 5366 3389 5438 Allia
3454 5366 3965 5438 προσαγορεύεται,

711 5441 861 5493 λίναν
906 5437 1116 5490 Αἰίὶαιη
1162 5437 1520 5504 Capitolinam
1555 5439 1867 5491 nominasse
1907 5441 2118 5493 seribit.
2186 5440 2279 5493 Sic

2386 5444 2586 5497 Euseb.
2621 5437 2758 5493 Hist.
2794 5438 2999 5491 ECcles.
3036 5437 3090 5489 ⁷Ι.

710 5512 874 5579 etiam
910 5523 939 5579 ε
986 5505 1288 5579 Ptolemaeo
1320 5518 1510 5579 vocata
1567 5507 1815 5579 traditur,
1865 5507 2213 5579 Ἱεροσόλυμα
2247 5512 2279 5579 ή

711 5577 805 5647 νῦν
851 5577 1163 5647 καλουμένη
1209 5576 1368 5647 Allia
1418 5576 1789 5647 ίςαπιτωλίνα.
1856 5577 1945 5647 Sic
2006 5576 2167 5630 etiam
2226 5576 2279 5633 ili

712 5645 1001 5699 Pandectis
1036 5643 1261 5706 dicitur,
1303 5646 1365 5697 In
1412 5643 1703 5696 l’a‘wstina
1747 5645 1866 5696 diue
1898 5646 2109 5713 [uerunt
2138 5648 2281 5700 colo-

712 5718 835 5774 niw,
870 5727 918 5767 et
941 5714 1289 5767 Cresariensis
1319 5726 1364 5767 et
1396 5714 1547 5767 Αιίια
1584 5714 1907 5781 Capitolina.
1942 5716 1979 5768 I.
2034 5732 2073 5775 ι.
2099 5718 2282 5770 sect.6

711 5786 769 5839 Π.
802 5785 877 5839 De
907 5785 1175 5836 censibus.
1232 5785 1493 5836 Nimirum
1548 5783 1699 5835 ίΕΙὶιι
1740 5786 1807 5837 ab
1844 5783 1988 5837 [ΕΙίο
2045 5786 2281 5839 Adriano

710 5854 994 5913 conditore
1023 5869 1037 5917 7,
1070 5854 1371 5940 gapitolina
1406 5863 1584 5911 autem
1613 5868 1643 5907 a
1673 5854 1867 5923 letuplo
1896 5851 2013 5909 Jovi
2061 5855 2281 5923 Capito-

3134 5454 3203 5491 tv.
3249 5453 3303 5491 c.
3337 5437 3390 5489 6.
3453 5434 3847 5495 Hieronymus,
3888 5434 3970 5486 Ab

2386 5450 2586 5497 Euseb.
2621 5450 2758 5493 Hist.
2794 5450 2999 5491 lscmes.
3054 5450 3090 5489 I.
3134 5454 3203 5491 tv.
3249 5453 3303 5491 c.
3337 5450 3390 5489 ti.
3454 5450 3653 5488 Hieron
3700 5451 3847 5495 mus,
3888 5450 3970 5486 ,το

2386 5511 2534 5563 ίΕιὶο
2558 5511 2812 5568 Adriano,
2843 5506 2993 5559 zElia
3023 5508 3234 5559 dicitur.
3284 5504 3506 5558 Hieron.
3543 5504 3593 5556 in
3641 5450 3758 5558 Biar.
3789 5520 3843 5557 ο.
3874 5503 3971 5556 20.

2387 5580 2759 5633 Tlteodorctus
2784 5593 2797 5627 :
2836 5576 2993 5629 Ἀλλὰ
3015 5576 3175 5628 πάλιν
3214 5574 3489 5642 Ἀδριανὸς
3515 5573 3701 5633 αὐτοῖς
3735 5574 3971 5642 στασιᾴ-

2389 5665 2512 5701 σασι
2548 5646 2789 5713 παντελῆ
2831 5646 3117 5714 ἐπήγαγεν
3147 5644 3405 5714 ὄλεθρον·
3450 5642 3547 5714 xal.
3579 5642 3755 5714 αὐτὴν
3775 5641 3837 5714 δὲ
3867 5641 3975 5714 τῆς

2388 5720 2598 5779 πόλεως
2642 5718 2740 5786 τὴν
2764 5710 3139 5786 προσηγορίαν
3159 5710 3479 5786 ἐνήλλαξεν,
3518 5713 3583 5765 ἐκ
3616 5710 3716 5786 τῆς
3749 5711 3974 5786 οἰκείας

2386 5779 2708 5853 ἐπωνυμίαξ
2769 5779 2974 5853 ταύτην
3017 5779 3309 5845 ’καλέσας’
3357 5782 3517 5853 Αίλία
3577 5781 3689 5853 γᾴρ
3746 5779 3977 5853 ἐκεῖθεν

2396 5849 2838 5921 προσηγορεύθη·
2901 5849 3079 5915 Anio;
3150 5856 3260 5919 γὰρ
3322 5851 3557 5919 ἐπίκλην
3620 5849 3975 5920 ὠνομάζετο.
