4222 6460
785 462 892 523 2363

853 568 1037 622 ΗΠΒ.
1101 567 1341 621 Novatus
1390 568 1478 621 ille
1520 578 1635 623 erat
1668 569 2030 622 Ruinanorum
2076 571 2323 623 ecclesize
2354 582 2397 633 Α

781 662 1079 728 presbyter,
1110 668 1159 709 ut
1187 662 1372 709 scribit
1394 659 1649 712 Eusebius
1673 660 1953 727 Pamphili.
1990 660 2123 712 Cum
2150 671 2327 712 autem

783 748 923 800 facta
978 758 1120 798 esset
1166 746 1506 813 persecutio,
1562 757 1615 798 et
1663 745 1812 797 tnulti
1869 756 2084 811 propter
2131 756 2328 796 ntetum

776 837 972 892 mortis
1005 837 1134 905 lapsi
1168 846 1363 899 essent,
1396 846 1448 887 et
1481 836 1844 904 paenitentiam
1882 840 2121 901 agerent,
2152 836 2271 902 ipse
2301 851 2329 885 a

782 930 1026 983 dannone
1053 924 1286 985 inﬂatus.
1312 941 1405 979 eos
1435 927 1643 979 nolebat
1672 927 1974 979 admittere.
2025 924 2127 977 Sed
2161 940 2331 992 neque

780 1038 900 1072 cum
930 1020 1174 1084 digantis,
1198 1030 1251 1069 ut
1273 1019 1361 1085 qui
1384 1028 1527 1070 esset
1561 1019 1671 1085 ipse
1712 1020 2012 1081 continens,
2036 1018 2330 1071 communi-

777 1111 954 1165 cabat.
981 1111 1075 1172 Qui
1106 1124 1229 1173 ergo
1251 1112 1433 1161 eadem
1454 1118 1608 1177 atque
1630 1109 1738 1177 69
1758 1113 1853 1163 iste
1882 1110 2203 1171 sentiebant,
2226 1106 2330 1159 No-

783 1203 976 1253 vattani
1018 1200 1303 1260 dietnttur,
1354 1210 1407 1251 et
1445 1214 1541 1267 per
1580 1202 1802 1251 ironiam
1840 1197 2089 1269 καῦαροὶ,
2131 1199 2181 1251 id
2226 1210 2327 1260 est,

780 1293 919 1359 puri.
988 1291 1248 1357 Quoniam
1297 1302 1474 1342 autem
1526 1294 1729 1359 synodo
1777 1292 1957 1344 Romae
2004 1293 2183 1344 habita
2232 1292 2329 1342 sub

776 1376 1025 1437 Cornelio
1075 1396 1208 1448 papa
1268 1382 1623 1441 Romanorum
1680 1381 1967 1443 Ecclesiae,
2036 1384 2330 1446 imperante

781 1475 956 1535 Decio,
980 1470 1315 1523 anathemate
1341 1485 1623 1537 percusws
1650 1484 1729 1525 est
1759 1471 2013 1533 Novatus,
2035 1485 2086 1525 et
2107 1472 2194 1541 qni
2214 1471 2330 1538 ejus

780 1568 1021 1619 ltrcrcsim
1054 1564 1432 1633 sequebantur,
1464 1565 1589 1617 dicit
1617 1582 1786 1619 canon
1824 1567 1964 1633 quod
1996 1565 2039 1618 si
2073 1564 2230 1630 aliqui
2264 1581 2327 1619 ex

778 1660 841 1709 iis
876 1675 993 1711 cum
1029 1659 1233 1711 sincera
1267 1658 1576 1726 poenitentia
1624 1671 1650 1707 a
1689 1672 1783 1709 sua
1817 1657 2152 1721 improbitate
2190 1654 2331 1707 defe-

774 1750 969 1811 cerint,
1002 1758 1053 1800 et
1090 1764 1147 1801 se
1182 1750 1456 1802 catholica:
1500 1749 1747 1800 Etzt-lesiae
1782 1750 1992 1801 decreta
2023 1760 2329 1802 st‘rvatnrns

774 1842 1178 1901 allirmaverint,
1209 1840 1570 1908 suscipientur
1617 1856 1629 1891 :
1681 1848 1733 1892 et
1761 1841 1802 1892 si
1831 1842 1939 1892 sint
1972 1841 2182 1906 quidem
2222 1841 2327 1893 cle-

1996 462 2273 519 TilEtilD.
2310 461 2701 518 BALSAMUK

2497 572 2621 623 ΒΑΛ
2634 571 2689 623 Σ.
2722 572 3037 631 ὈΝαυᾶτος
3054 572 3255 626 ἐκεῖνος
3281 568 3643 639 πρεσϐύτερος
3662 566 3728 637 ἧν
3757 571 3855 637 τὴς
3884 587 3987 620 των

2443 659 2724 727 Ῥωμαίων
2749 656 3093 727 Ἐκκλησίας,
3119 656 3297 718 καθὼς
3322 658 3519 724 ἱστορεί
3543 660 3569 709 ὀ
3592 658 3679 708 τοῦ
3700 659 3987 726 Παμφίλου

2431 746 2703 809 Εὐσέϐιος.
2738 747 3032 815 Γενομένου
3094 747 3152 797 δὲ
3182 745 3421 812 διωγμοῦ
3451 748 3541 796 καὶ
3573 746 3780 797 πολλῶν
3814 763 3989 814 παρα-

2430 836 2790 889 πεπτωκότων
2826 837 2913 889 διὰ
2960 836 3122 902 φόϐον
3157 836 3404 896 Θανάτου,
3443 836 3532 887 καὶ
3559 837 3989 904 μετανοούντων,

2430 929 2623 992 αὐτὸς,
2687 928 2789 981 ὑπὸ
2821 927 2914 980 τοῦ
2954 927 3202 996 δαίμονος
3257 929 3631 996 φυσιούμενος,
3656 929 3815 997 ἤθελε
3869 927 3991 979 τού-

2428 1036 2551 1081 τους
2611 1021 2684 1088 μὴ
2755 1020 3184 1089 παραδέχεσθαι,
3255 1019 3370 1072 ἀλλ’
3422 1019 3541 1071 οὐδὲ
3597 1021 3852 1086 διγάμοις
3922 1021 3992 1082 ὡς

2426 1110 2582 1178 δῆοεν
2652 1110 2943 1178 σωφρονῶν
2994 1111 3287 1162 ἐκοινώνει.
3348 1112 3409 1161 ΟΞ
3456 1110 3583 1176 γοῦν
3654 1112 3722 1163 τά
3773 1113 3984 1162 ἐκείνου

2430 1204 2792 1271 φρονήσαντες
2818 1202 3145 1255 Ναυατιανοὶ
3166 1202 3429 1268 λέγονται,
3458 1205 3547 1255 καὶ
3567 1203 3683 1254 κατ’
3708 1204 3993 1271 είρωνείαν

2430 1294 2693 1362 Καθαροί.
2767 1295 2917 1346 Ἐπεὶ
2967 1295 3022 1345 δὲ
3075 1296 3292 1346 συνόδου
3352 1296 3644 1364 γενομένης
3682 1298 3741 1347 ἐν
3774 1296 3991 1364 ιῬώμῃ

2429 1385 2523 1437 ἐπὶ
2581 1383 2879 1455 Κορνηλίου
2937 1386 3090 1437 πάπα
3131 1386 3228 1453 τῆς
3260 1384 3367 1436 τῶν
3413 1383 3697 1454 Ῥωμαίων
3757 1388 3993 1453 Ἐκκλη-

2432 1477 2572 1540 σίας,
2615 1475 2987 1544 βασιλεύοντος
3019 1476 3232 1541 Δεκίου,
3288 1476 3683 1544 ἀνεθεματίσῦη
3731 1478 3760 1527 ὁ
3801 1478 3992 1529 Ναυά-

2429 1582 2524 1626 τος
2586 1568 2680 1617 καὶ
2724 1567 2771 1617 οἱ
2805 1565 3119 1635 αἱρεσιῶται
3153 1566 3339 1630 αὑτοῦ,
3377 1567 3537 1633 φησιν
3573 1567 3601 1617 ό
3648 1566 3833 1617 κανὼν
3888 1568 3988 1626 δτι,

2444 1656 2565 1707 Ἐάν
2598 1673 2743 1718 τινες
2795 1658 2856 1707 ἐκ
2903 1654 3105 1707 τούτων
3140 1656 3278 1725 μετὰ
3325 1654 3648 1725 εἰλικρινοῦς
3699 1658 3991 1725 μετανοίας

2429 1747 2707 1799 ἀποστῶσι
2736 1748 2831 1816 τῆς
2870 1748 3137 1815 προτέρας
3173 1749 3389 1810 κακίας,
3423 1750 3513 1800 καὶ
3563 1749 3983 1817 ἀσφαλίσωνται

2432 1833 2717 1897 φυλάττειν
2767 1835 2834 1885 τὰ
2869 1835 2967 1902 τῆς
3009 1833 3299 1902 καῦολικῆς
3361 1837 3681 1904 Ἑκκῖηησίας
3717 1838 3990 1903 δόγματα,

778 1935 900 1997 rici,
939 1933 1179 2001 proprios
1211 1933 1412 2001 gradus
1446 1934 1735 1992 habebunt,
1768 1942 1823 1982 ut
1855 1932 1941 1999 qtti
1973 1946 2077 1983 non
2110 1934 2249 1999 quod
2277 1932 2325 1982 in
2362 1913 2445 1976 ΒΕ

2362 1913 2400 1965 Β
2427 1925 2795 1993 δεχθήσονται.
2838 1927 2945 1978 Καὶ
2972 1928 3019 1977 εἰ
3052 1930 3148 1993 μέν
3193 1928 3299 1979 εἱσι
3337 1929 3606 1997 κληρικοὶ,
3640 1928 3825 1992 ἕξουσι
3862 1932 3992 1983 παν-

773 2028 875 2079 tlde
902 2037 1118 2087 errent,
1160 2027 1251 2077 sed
1288 2023 1484 2077 fratres
1517 2023 1640 2076 odio
1670 2023 1932 2087 habeant,
1972 2029 2326 2077 condemnen-

772 2130 878 2171 tur.
936 2117 990 2171 Si
1020 2126 1196 2170 autem
1228 2117 1584 2186 episcOpalem
1615 2116 1925 2185 dignitatem
1967 2115 2233 2178 habeant,
2280 2117 2322 2169 si

771 2211 859 2261 alii
906 2210 1243 2261 inveniantur
1289 2207 1524 2277 episc0pi
1568 2206 1617 2257 in
1674 2207 1923 2274 regione,
1978 2206 2030 2260 in
2075 2223 2176 2275 qua
2223 2207 2323 2274 ipsi

769 2300 923 2353 clccti
955 2308 1098 2360 sunt,
1125 2299 1223 2368 ipsi
1253 2299 1464 2364 quidem
1495 2297 1623 2350 nihil
1651 2298 1949 2365 episcopale
1967 2303 2320 2351 exercebant:

768 2392 861 2444 sed
898 2389 1197 2458 providebit
1219 2392 1499 2458 episcopus
1532 2399 1591 2441 ut
1618 2391 1700 2442 vel
1728 2389 1801 2443 illi
1831 2393 2001 2443 solum
2024 2391 2326 2459 episcopale

770 2496 963 2534 nomen
1008 2481 1277 2544 habeant,
1330 2484 1409 2534 vel
1451 2482 1555 2534 alio
1602 2482 1814 2535 nomine
1856 2480 2207 2549 appellentur.
2266 2482 2320 2534 Si

765 2584 945 2625 autem
979 2588 1082 2624 non
1114 2572 1220 2625 sint
1257 2572 1308 2624 in
1337 2587 1397 2626 ea
1426 2573 1644 2642 regione
1674 2571 1934 2639 episcopi,
1980 2573 2077 2641 ipsi
2108 2586 2323 2642 quoque

764 2665 1129 2733 episcoliatum
1154 2664 1630 2719 administrabant.
1669 2663 1799 2717 Illud
1822 2674 2023 2728 autem,
2054 2664 2105 2717 in
2133 2666 2322 2733 quibus

762 2770 817 2808 οι.
848 2765 1056 2822 tcmpus
1080 2754 1430 2809 constitutum
1455 2764 1556 2819 est,
1582 2765 1634 2809 et
1650 2741 2021 2825 opportunitas
2040 2756 2319 2825 praeﬁnita,

763 2847 831 2898 de
861 2845 925 2899 iis
962 2847 1049 2912 qui
1108 2858 1347 2915 tempore
1382 2848 1772 2915 persecutionis
1802 2847 1933 2915 lapsi
1962 2856 2119 2913 sunt,
2165 2857 2218 2904 et
2258 2851 2321 2903 de

761 2938 1007 3007 digatnis,
1046 2937 1245 2992 dictum
1274 2949 1396 2992 est:
1428 2940 1520 2993 sed
1546 2949 1599 2994 et
1627 2942 1803 2995 clerici
1839 2980 1856 3003 ,
1909 2951 2189 3011 postquam
2233 2958 2321 2995 su-

764 3029 931 3097 scepti
967 3029 1334 3091 l'uerint,tunc
1370 3030 1514 3085 clero
1556 3035 2086 3088 counutnerabuntur
2124 3036 2174 3088 in
2213 3049 2320 3103 quo

764 3120 911 3185 prius
945 3120 1175 3172 ordinati
1218 3119 1454 3183 fuerant,
1506 3123 1718 3190 quando
1764 3137 1859 3190 pro
1905 3123 1969 3177 iis
2016 3124 2104 3179 alii
2133 3124 2313 3179 clerici

2423 2035 2529 2079 τως
2560 2018 2684 2079 τοὺς
2727 2019 2963 2081 οἰκείους
2998 2017 3261 2088 βαῢμοὺς,
3297 2017 3370 2082 ὠς
3408 2019 3480 2087 μὴ
3519 2020 3848 2086 σφάλλοντες
3867 2025 3994 2090 περὶ

2423 2113 2521 2177 τὴν
2552 2109 2755 2174 πίστιν,
2784 2108 2897 2161 ἀλλ’
2930 2109 3003 2171 ὼς
3037 2108 3350 2177 μισάδελφοι
3383 2112 3841 2181 κατακρινόμενοι
3865 2129 3878 2141 ·
3938 2115 3987 2163 εἰ

2423 2201 2478 2253 δέ
2530 2202 2885 2254 ἐπισκοπικδν
2936 2202 3150 2271 ἀξίωμα
3199 2202 3433 2272 ἔχουσιν,
3486 2204 3661 2256 ἄλλων
3694 2206 3796 2274 μὲν
3851 2209 3996 2259 κατὰ

2424 2294 2608 2364 χώραν
2655 2297 2734 2357 είς
2768 2295 2834 2366 ἣν
2867 2289 3010 2348 οὗτοι
3041 2297 3515 2367 ἐπεκηρύχθησαν,
3578 2299 3995 2369 εὑρισκομένων

2420 2388 2758 2453 ἐπισκόπων,
2808 2390 2962 2442 αὐτοὶ
2994 2390 3350 2443 ἐπισκοπικὸν
3396 2408 3450 2443 τι
3473 2392 3572 2443 οὐκ
3597 2392 3991 2462 ἐνεργήσουσι,

2421 2481 2556 2534 ἀλλὰ
2590 2480 2862 2549 φροντίσει
2894 2482 2921 2532 ὁ
2950 2483 3243 2545 ἐπίσκοπος
3278 2483 3310 2552 ἢ
3362 2485 3522 2551 μόνον
3552 2484 3725 2552 ὄνομα
3760 2485 3994 2546 τούτους

2422 2571 2563 2641 ἔχειν
2589 2572 2907 2634 ἐπισκόπου,
2954 2573 2986 2642 ἢ
3044 2571 3110 2624 δι’
3162 2573 3349 2643 ἐτέρου
3391 2571 3670 2625 καλεῖσθαι
3698 2572 3993 2641 ὀνόματος.

2422 2666 2511 2734 Μὴ
2539 2665 2704 2718 ὄντων
2735 2665 2790 2719 δὲ
2818 2666 3097 2735 ἐγχωρίων
3148 2665 3483 2730 ἐπισκόπων,
3521 2665 3983 2734 οἰκονομήσουσιν

2421 2757 2573 2809 αὐτοὶ
2604 2758 2702 2809 καὶ
2731 2756 2801 2808 τὰ
2833 2757 2933 2823 τῆς
2967 2756 3291 2826 ἐπισκοπῆς.
3344 2757 3415 2808 Τὸ
3444 2756 3497 2809 δὲ
3529 2756 3612 2825 ἐφ’
3637 2750 3712 2811 ὦν
3745 2759 3843 2808 καὶ
3873 2757 3995 2826 χρόα

2420 2865 2505 2910 νος
2523 2846 2771 2916 ὥρισται,
2799 2851 2890 2899 καὶ
2927 2849 3114 2919 καιρδς
3138 2848 3415 2908 τέτακται,
3450 2848 3645 2919 ἐρρέθη
3684 2849 3821 2919 περὶ
3871 2855 3993 2900 τῶν

2419 2941 2935 3009 παραπεπτωκότων
2977 2944 3035 2994 ἐν
3087 2942 3265 3011 καιρῷ
3293 2940 3536 3010 διωγμοῦ
3570 2942 3659 2993 καὶ
3698 2942 3811 2994 τῶν
3835 2942 3993 3009 διγά-

2420 3046 2558 3097 μων.
2592 3028 2751 3081 Ἀλλά
2781 3032 2872 3082 καὶ
2904 3031 2955 3082 οἱ
3000 3029 3274 3100 κληρικοὶ,
3302 3029 3438 3099 μετὰ
3467 3030 3527 3081 τὸ
3552 3029 3835 3099 δεχθῆναι,
3867 3033 3994 3083 τότε

2416 3116 2493 3185 τῷ
2523 3115 2708 3187 κλήρῳ
2742 3118 3259 3187 συναριθμήσονται,
3284 3116 3369 3186 ἐφ’
3389 3113 3432 3185 ᾧ
3461 3121 3997 3189 προεχειροτονήθηεο

762 3211 992 3264 ordinati
1032 3228 1135 3264 non
1176 3211 1393 3265 fuerint.
1456 3210 1511 3265 Si
1546 3223 1725 3267 autem
1773 3216 1903 3269 tales
1947 3215 2312 3278 inveniantur,
2343 3251 2383 3308 ε
2419 3226 2429 3258 <

2343 3251 2383 3308 ε
2419 3223 2539 3272 σαν,
2564 3208 2650 3259 ὅτε
2668 3208 2767 3261 οὐκ
2792 3208 3095 3278 ἐτάχθησαν
3124 3208 3244 3262 ἀντὶ
3272 3208 3475 3261 τούτων
3501 3210 3673 3279 ἕτεροι
3708 3210 3990 3281 κληρικοί.

760 3302 850 3355 liet
900 3314 954 3356 et
1002 3304 1146 3370 quod
1193 3304 1444 3372 superius
1487 3303 1554 3358 de
1596 3305 1864 3373 episc0pis
1907 3307 2165 3375 scriptum
2212 3319 2311 3363 est.

760 3397 949 3460 Qua-ro
994 3405 1170 3447 autem
1211 3394 1307 3449 :Si
1341 3398 1429 3467 qui
1463 3412 1646 3450 eorum
1682 3399 1745 3450 ad
1790 3398 2045 3466 majorem
2094 3402 2313 3468 gradum

759 3488 976 3553 provehi
1007 3487 1290 3549 voluerint,
1326 3504 1390 3539 an
1417 3488 1840 3555 proltibebuntur
1864 3505 1928 3543 ex
1962 3492 2060 3543 hoc
2091 3508 2310 3552 canone.

758 3582 848 3647 qui
892 3579 1019 3632 dicit
1063 3579 1113 3631 in
1160 3579 1473 3648 principio:
1517 3579 1699 3634 Visum
1747 3593 1827 3635 est
1858 3595 2060 3638 sancta:
2089 3587 2310 3654 synodo.

759 3684 813 3723 ut
840 3672 917 3725 eis
950 3672 1219 3741 impositis
1252 3674 1495 3727 inanibus
1528 3674 1603 3727 sic
1639 3674 1688 3726 in
1718 3673 1865 3727 clero
1911 3687 2159 3728 maneant
2194 3694 2206 3727 :
2246 3692 2311 3728 an

755 3764 891 3814 citra
969 3763 1407 3830 impedimentum
1491 3764 1989 3832 promovebantur?
2081 3764 2308 3820 Salutio.

755 3852 830 3906 Ex
860 3854 926 3908 80
959 3869 1081 3907 can.
1114 3866 1288 3921 apost.
1318 3864 1373 3909 et
1396 3856 1428 3909 5
1455 3871 1577 3909 can.
1607 3857 1882 3925 praesentis
1912 3873 2030 3926 syn.
2055 3869 2309 3911 statutum

749 3953 833 3994 est
862 3951 918 3994 ut
942 3946 1103 3995 etiam
1136 3944 1226 4012 qui
1261 3954 1386 3997 sunt
1408 3947 1629 3999 omnino
1673 3946 1912 3999 inﬁdeles
1936 3985 1951 4008 ,
1994 3963 2087 4013 per
2115 3952 2309 4015 gradus

750 4031 817 4083 ad
844 4032 1205 4085 sacerdotium
1235 4032 1603 4087 admittantur.
1642 4034 1833 4099 Quidni
1859 4050 1984 4103 ergo
2005 4035 2307 4100 NoVatiani,

749 4132 803 4175 et
834 4124 921 4190 qui
944 4121 1161 4176 Catltari
1194 4123 1469 4190 dicuntur,
1500 4127 1976 4194 promovebantur,
2002 4131 2116 4195 qui,
2140 4140 2196 4182 ut
2228 4130 2309 4183 di-

744 4226 894 4267 etum
935 4225 1039 4278 est,
1084 4216 1135 4268 in
1173 4216 1276 4269 title
1308 4233 1411 4269 non
1457 4211 1671 4279 errant,
1718 4218 1810 4271 sed
1848 4226 2097 4287 tanquam
2133 4221 2311 4276 inimi-

750 4307 1057 4360 sericordes
1084 4307 1451 4361 damnantur?
1515 4310 1666 4375 Quod
1705 4321 1881 4364 autem
1929 4312 2049 4365 illos
2085 4313 2137 4366 in
2164 4314 2307 4369 clero

752 4414 971 4450 manere
1007 4401 1357 4452 constitutum
1391 4411 1505 4464 est,
1557 4401 1608 4454 id
1642 4402 1770 4455 mihi
1806 4418 1899 4471 pro
1923 4405 2001 4458 eis
2036 4407 2201 4475 magis
2227 4406 2304 4461 fac

744 4501 873 4540 cere
903 4488 1113 4542 videtur
1143 4504 1158 4541 :
1205 4489 1494 4545 verisimile
1527 4494 1667 4545 enim
1698 4504 1812 4548 erat
1861 4496 2038 4549 dicere
2074 4498 2299 4567 aliquos,

2426 3297 2691 3350 Τοιούτων
2716 3298 2774 3351 δέ
2800 3315 2960 3352 τινων
2983 3300 3404 3369 εὑρισκομένων,
3427 3301 3721 3370 γενήσεται
3748 3301 3776 3353 δ
3819 3317 3875 3353 τι
3896 3302 3995 3353 καὶ

2428 3394 2556 3462 περὶ
2610 3392 2717 3444 τῶν
2790 3392 3105 3445 ἐπισκόπων
3163 3392 3377 3463 ἐγράφη
3449 3393 3669 3446 ἀνωθεν.
3755 3393 3986 3461 Ἐρωτῶ

2419 3483 2517 3534 δέ·
2562 3483 2686 3536 Ἐάν
2741 3499 2881 3545 τινες
2930 3485 2991 3533 ἐκ
3039 3481 3237 3533 τούτων
3296 3483 3425 3551 πρὸς
3481 3482 3704 3551 μείζονα
3775 3482 3995 3551 βαθμὸν

2424 3574 2963 3645 προαναϐιϐασοῆναι
3040 3573 3335 3644 Θελήσωσιν
3375 3611 3392 3636 ,
3480 3572 3989 3643 ἐμποδισθήσονται

2417 3670 2523 3719 ἀπὸ
2571 3666 2660 3719 τοῦ
2707 3667 2922 3729 κανόνος
2956 3664 3142 3718 τούτου
3178 3665 3423 3731 λέγοντος
3453 3665 3592 3717 κατὰ
3642 3670 3744 3726 τὰς
3784 3666 3990 3735 ἀρχάς

2420 3755 2602 3820 Ἔδοξε
2631 3760 2695 3827 τῇ
2726 3757 2855 3828 ἁγίᾳ
2893 3757 3111 3826 συνόδῳ,
3138 3755 3277 3809 ὥστε
3313 3755 3831 3826 χειροοετοιηυένοι,ς
3887 3756 3992 3807 αἰα-

2416 3848 2539 3909 τοὺς
2574 3846 2752 3916 μένειν
2775 3849 2946 3910 οὕτως
2974 3850 3031 3900 ἐν
3078 3848 3153 3917 τῷ
3188 3848 3375 3917 κλήρῳ
3399 3862 3412 3875 ·
3450 3848 3482 3916 ἢ
3515 3846 3813 3908 ἀκωλύτως
3851 3865 3983 3916 προ-

2416 3939 2664 4006 κόψουσιν
2687 3957 2702 4005 ;
2729 3942 2938 4005 Λύσις.
2982 3940 3116 3992 Ἀπὸ
3161 3939 3254 3991 τοῦ
3288 3944 3341 3992 π’
3373 3938 3727 3992 άποστολικοῧ
3759 3937 3993 4000 κανόνος

2416 4027 2624 4080 καὶτοῦ
2681 4031 2725 4097 β’
2770 4030 2988 4092 κανόνος
3016 4030 3113 4097 τῆς
3164 4027 3443 4098 παρούσης
3474 4028 3692 4080 συνόδου
3733 4028 3967 4080 δέδοκτο.

2415 4118 2509 4169 καὶ
2565 4118 2690 4180 τοὺς
2724 4118 2896 4188 πάντη
2933 4121 3195 4181 ἀπίστους
3232 4120 3372 4171 κατά
3407 4118 3647 4188 βαθμοὺς
3699 4118 3965 4185 ἱερᾶσθαι

2416 4211 2532 4262 Ἵνα
2582 4210 2635 4261 τί
2690 4211 2817 4278 γοῦν
2845 4212 2891 4263 ol
2921 4210 3247 4265 Ναυατιανοὶ
3286 4212 3376 4262 καὶ
3404 4208 3648 4279 Καθαροὶ
3693 4210 3988 4278 λεγόμενοι

2412 4302 2472 4353 ού
2507 4302 3159 4371 προαναϐιὸασοήσονται,
3189 4301 3315 4371 περὶ
3347 4301 3441 4370 τὴν
3478 4304 3679 4363 πίστιν,
3720 4301 3799 4364 ὡς
3830 4302 3986 4369 εἰρη-

2411 4408 2522 4455 ται,
2555 4394 2628 4462 μὴ
2657 4393 3033 4461 σφαλλόμενοι,
3082 4394 3196 4444 ἀλλ’
3223 4394 3295 4455 ὼς
3323 4391 3670 4459 ἀσυμπαθεῖς
3711 4409 3962 4461 κατακρι

2412 4484 2662 4552 νόμενοις
2700 4484 2773 4536 Τὸ
2815 4484 2871 4536 δὲ
2930 4485 3109 4554 μένειν
3160 4484 3355 4546 αὐτοὺς
3384 4483 3555 4545 οὕτως
3585 4486 3642 4535 ἐν
3679 4483 3758 4551 τῷ
3795 4484 3987 4553 κλήρῳ

743 4580 942 4633 debere
980 4580 1194 4648 quidem
1241 4582 1387 4651 ipsos
1429 4585 1649 4652 suscipi,
1702 4588 1793 4641 sed
1834 4601 1955 4641 eSse
1991 4589 2307 4657 simpliciter
2338 4600 2380 4655 υ

2338 4600 2380 4655 D
2414 4577 2609 4645 μᾶλλον
2636 4577 2771 4646 ὑπὲρ
2824 4576 3045 4628 ἐκείνων
3099 4575 3377 4646 ὁρισθῆναι
3408 4575 3604 4626 νοεῖτκί
3672 4592 3789 4643 μοι.
3823 4576 3990 4637 Εἰκὸς

747 4683 804 4722 ut
842 4671 1024 4725 ﬁdeles
1066 4673 1230 4726 laicos
1255 4714 1268 4734 ,
1317 4687 1373 4728 et
1406 4690 1509 4729 non
1542 4677 1749 4745 priores
1776 4693 1903 4731 suos
1928 4679 2124 4746 gradus
2154 4695 2311 4734 exer-

742 4777 867 4814 cere
917 4780 930 4814 :
976 4764 1115 4830 quod
1162 4766 1366 4834 synodi)
1410 4784 1513 4821 non
1551 4768 1751 4835 placuit
1800 4787 1815 4823 :
1866 4773 1958 4825 sed
1994 4786 2308 4826 concessum

742 4861 824 4905 est
862 4865 919 4906 ut
951 4853 1049 4918 ipsi
1085 4857 1132 4908 in
1176 4860 1373 4925 gradus
1410 4874 1533 4912 suos
1565 4861 1997 4917 restituerentur.
2064 4862 2307 4918 Restitu-

748 4948 909 4999 tionis
954 4957 1133 5001 autem
1168 4950 1384 5003 nomine
1429 4966 1533 5003 una
1563 4950 1652 5019 jus
1694 4966 1906 5021 quoque
1953 4955 2308 5023 prontotionis

742 5038 1073 5093 ostenditur.

814 5306 1060 5361 ZONAR.
1092 5308 1313 5363 Catbari
1346 5309 1468 5381 (hoc
1493 5320 1576 5365 est
1613 5312 1751 5380 puri)
1780 5311 2061 5368 Novatiani
2103 5317 2293 5371 dicm]-

740 5408 852 5451 tnr.
914 5398 1036 5452 Fuit
1091 5412 1269 5455 autem
1311 5401 1547 5457 Novatus
1602 5403 1850 5457 Ilotnana:
1886 5403 2136 5460 Ecclesia:
2186 5423 2302 5476 pre-

742 5493 947 5563 sbyter,
1013 5493 1101 5561 qni
1172 5494 1221 5546 in
1301 5495 1672 5561 persecutione
1719 5497 1912 5567 lapsos,
1959 5500 2125 5567 culpze
2174 5502 2297 5555 licet

2416 4670 2523 4739 γάρ
2561 4665 2627 4739 ἦν
2680 4669 2857 4735 λέγειν
2898 4667 3047 4728 τινὰς
3077 4667 3311 4735 ὀφείλειν
3341 4665 3598 4734 δεχθῆναι
3628 4666 3727 4735 μὲν
3752 4668 3989 4730 αὑτοὺς,

2411 4759 2550 4828 πλὴν
2576 4754 2713 4810 εἶναι
2734 4758 2807 4822 ὠς
2834 4756 3018 4820 ἁπλῶς
3039 4758 3264 4819 πιστοὺς
3295 4756 3537 4822 λαῖκοὺς,
3576 4759 3670 4809 καὶ
3722 4758 3800 4825 μὴ
3833 4760 3997 4826 ἐνερ-

2410 4852 2523 4917 γεῖν
2574 4852 2714 4904 κατά
2757 4851 2880 4911 τοὺς
2933 4850 3230 4926 προτέρους
3261 4849 3466 4900 τούτων
3504 4847 3747 4917 βαθμούς
3773 4864 3788 4877 ·
3842 4851 3989 4919 ὅπερ

2410 4943 2559 5008 παρὰ
2590 4940 2686 5008 τῆς
2717 4940 2934 4992 συνόδου
2980 4940 3079 4991 οὐκ
3099 4939 3309 5009 ἐδέχθη,
3342 4940 3457 4990 ἀλλ’
3490 4938 3707 5007 ἐνεδόθη
3733 4940 3996 4991 ἀποκαο-

2411 5032 2661 5084 ίστασθαι
2714 5031 2932 5093 τούτους
2990 5033 3068 5090 εἰς
3133 5033 3259 5085 τοὺς
3314 5030 3548 5088 οίκείους
3582 5028 3865 5097 βαθμούς·
3905 5030 3994 5095 τῷ

2403 5123 2459 5176 δὲ
2492 5124 2712 5193 ὀνόματι
2739 5125 2835 5191 τῆς
2870 5120 3362 5183 ἀποκαταστάσεως
3421 5122 3513 5171 καὶ
3537 5122 3598 5171 τὸ
3629 5120 3852 5172 δίκαιον
3881 5124 3991 5189 τῇς

2398 5216 2679 5284 προκοπῆς
2706 5214 3180 5281 συναναφαίνεται.

2472 5305 2715 5359 ΖΩΝΛΡ.
2753 5306 2993 5375 Καθαροὶ
3029 5306 3276 5372 λέγονται
3310 5306 3359 5356 οί
3410 5305 3761 5358 Ναυατιανοί.
3807 5306 3869 5358 Ὀ
3920 5307 3993 5359 δὲ.

2398 5397 2644 5460 Ναυᾶτος
2673 5396 3037 5466 πρεσϐύτερος
3066 5392 3135 5466 ἦν
3160 5399 3255 5464 τῆς
3288 5395 3575 5458 Ῥωμαίων
3619 5396 3949 5464 Ἐκκλησία,
3970 5436 3992 5462 ,

2397 5492 2455 5553 ὃς
2482 5492 2604 5553 τοὺς
2635 5494 2689 5544 ἐν
2710 5490 2785 5560 τῷ
2806 5490 3028 5558 διωγμῷ
3052 5489 3555 5558 παραπεπτωκότας
3576 5489 3995 5556 μετανοοῦντας

2397 5582 2496 5633 οὐκ
2522 5584 2752 5650 ἐδχετο.
2790 5580 2912 5632 οὕτε
2941 5580 3187 5648 διγάμοις
3229 5584 3518 5632 ἐκοινώνει.
3557 5579 3672 5644 Διὸ,
3736 5582 3846 5633 κᾶν
3901 5598 4001 5654 μη

2400 5675 2521 5743 περὶ
2535 5676 2630 5741 τὴν
2658 5674 2836 5725 πίστιν
2864 5673 3173 5742 ἐσφάλλετο,
3202 5672 3338 5725 ἀλλά
3367 5688 3427 5740 γε
3451 5672 3536 5724 διὰ
3566 5672 3624 5724 τὺ
3648 5674 4001 5745 ἁσυμπαῦὲς

2398 5765 2557 5819 αὑτοῦ
2580 5771 2671 5819 καὶ
2698 5766 3045 5835 μισάδελφον,
3074 5766 3294 5819 συνόδου
3322 5765 3625 5835 γενομένης
3654 5769 3714 5818 ὲν
3784 5769 4001 5840 Ῥώμῃ

2397 5860 2487 5913 ἐπὶ
2507 5859 2803 5928 Κορνηλίου
2818 5861 2915 5926 τῆς
2930 5857 3146 5925 Ῥώμης
3162 5844 3340 5923 πάπα,
3362 5860 3548 5913 Δεκίου
3569 5858 4002 5927 ϐασιλεύοντος,

738 5592 1013 5652 pertarsos,
1052 5583 1362 5651 repellebat,
1408 5594 1569 5654 atque
1614 5600 1643 5639 a
1692 5587 2024 5656 digamornm
2058 5606 2295 5643 commu-

736 5674 897 5727 nione
982 5675 1194 5743 penitus
1253 5677 1595 5730 abhorrebat.
1658 5676 1987 5747 Propterea,
2051 5682 2294 5748 quamvis

734 5764 882 5819 nullo
933 5780 1117 5821 errore
1160 5767 1214 5820 in
1263 5767 1328 5821 iis
1373 5767 1462 5838 qui
1513 5768 1634 5823 ﬁdei
1680 5780 1841 5836 suat,
1891 5778 2183 5835 teneretur,
2224 5772 2293 5827 ob

739 5870 949 5910 morum
1033 5865 1209 5911 tamen
1268 5856 1807 5927 iinplacabilitatem,
1892 5858 2293 5930 fraternumque
