4222 6460
165 430 266 489 Ξβὸ

1236 424 1314 483 1N
1349 422 1513 482 CAN.
1548 420 1689 480 VIII
1728 416 1938 477 00Νο.
1980 417 2248 478 NIC/EN.
2293 417 2342 479 ῐ.

3306 414 3412 476 265

163 544 467 611 ἀπεϐλήθη,
507 543 596 594 κέ.
648 539 1076 608 ἀνεθεματίεοη,
1131 539 1202 602 ὡς
1241 540 1268 588 ὁ
1311 539 1398 592 τοῦ
1454 540 1734 607 Παμφίλου

1841 553 1872 589 o
1893 538 2042 604 liutn,
2079 539 2133 593 in
2164 541 2387 607 synodo,
2423 554 2542 606 qum
2575 537 2826 592 Cornelio
2856 537 3227 592 Romanorum
3248 550 3402 603 papa,

158 637 415 696 Εὐσέϐιος
445 635 672 703 ίστορεῖ.
703 635 837 692 Τοὺς
868 632 998 698 γοῦν
1027 629 1353 701 αἰρεσιὼτας
1383 630 1576 684 τούτου
1607 647 1738 696 προ-

157 727 484 796 ερχομένους
507 725 756 794 δέχεσθαι
775 726 801 775 ὁ
821 725 1000 776 κανὼν
1021 717 1176 786 οὗτος
1202 723 1392 792 ὁρίζει,
1412 722 1735 790 ὁμολογοῦν-

152 834 245 876 τας
264 817 559 883 ἐγγράφως
586 817 666 866 δτι
684 815 751 866 τὰ
781 814 878 880 τῆς
905 813 1198 880 καθολικῆς
1216 813 1541 884 Ἐκκλησίας
1570 815 1739 883 τηρή-

153 922 306 956 σουσι
350 907 620 972 δόγματα,
654 905 746 954 καὶ
774 905 899 964 τοὺς
923 904 991 954 δι’
1037 903 1284 973 ἀνάγκην
1315 903 1734 972 ἀρνησαμένους

152 997 238 1046 τὶν
261 996 498 1064 Χριστὸν
514 996 776 1060 δέξονται,
797 995 889 1044 καὶ
918 994 1365 1062 οίκονομήσουσιν
1381 994 1577 1054 αὐτοὺς
1599 994 1736 1044 κατὰ

150 1091 272 1148 τοὺς
301 1088 526 1155 καιροὺς
577 1087 912 1154 ὡρισμένους
938 1088 1002 1153 τῇ
1041 1085 1298 1156 μετανοίᾳ
1343 1085 1450 1136 τῶν
1487 1103 1736 1155 παραπε-

152 1198 192 1233 π
206 1179 472 1230 τωκότωνε
490 1176 644 1229 τοῦτο
659 1177 766 1246 γάρ
779 1180 896 1229 ἐστι
910 1177 968 1228 τὸ
984 1179 1069 1243 ἐφ’
1087 1171 1159 1228 ὧν
1176 1177 1266 1227 καὶ
1280 1177 1466 1246 χρόνος
1485 1176 1733 1245 ὥρισται,

153 1273 246 1322 καὶ
271 1271 462 1340 καιρὸς
487 1270 746 1322 τέτακται
767 1285 779 1298 ’
805 1271 900 1321 καὶ
918 1273 1026 1330 τοῖ,
1046 1269 1296 1336 διγάμοις
1320 1271 1649 1338 κοινωνήσου
1661 1287 1735 1335 σι,

152 1364 246 1413 καὶ
307 1365 354 1413 εί
421 1361 924 1430 κεχειροτονημένοι
982 1360 1123 1411 εἰσὶν
1175 1362 1252 1423 είς
1309 1360 1645 1422 ἐπισκόπους
1701 1364 1732 1430 ἢ

149 1453 630 1523 πρεσϐυτέρουςῆ
676 1453 956 1512 διακόνους
1004 1453 1057 1502 οί
1092 1453 1148 1517 ἐξ
1199 1453 1376 1504 αὐτῶν
1423 1455 1738 1521 προσιόντες

147 1551 210 1613 τῇ
250 1545 578 1615 Ἐκκλησία,
619 1545 799 1612 μένειν
832 1544 1025 1599 αὐτοὺς
1051 1546 1108 1595 ἐν
1131 1543 1206 1612 τῷ
1240 1543 1424 1612 κλήρῳ
1451 1546 1589 1596 κατὰ
1611 1547 1736 1607 τοὺς

146 1637 387 1697 οἰκείους
423 1635 688 1704 βαθμοὺς,
729 1634 824 1685 ἐὰν
856 1633 985 1695 ῐσως
1035 1633 1094 1684 ἐν
1122 1635 1242 1693 ταῖς
1289 1632 1627 1696 ἐκκλησίαις,
1680 1635 1737 1684 ἐν

144 1722 233 1788 αἷς
266 1728 784 1796 ἐχειροτονήθησαν,
815 1725 915 1778 οὐκ
955 1724 1094 1776 εἰσιν
1125 1723 1327 1792 ἐτεροι.
1367 1724 1488 1774 ’Ὁτι
1521 1726 1627 1793 γὰρ
1674 1726 1734 1776 ού

147 1821 278 1888 περὶ
313 1821 412 1888 τὴν
446 1820 632 1869 πίστιν
685 1817 1038 1887 ἐσφάλλοντο,
1076 1815 1192 1868 ἀλλ’
1242 1815 1320 1876 είς
1378 1816 1736 1885 μισαδελφίαν

144 1914 238 1965 καὶ
288 1911 520 1980 ἄρνησιν
580 1910 867 1978 μετανοίας
919 1911 1030 1971 τοῖς
1092 1909 1568 1976 παραπεπτωκόσι
1641 1910 1735 1961 καὶ
1767 1887 1809 1940 Β

141 2005 568 2072 ἐπιστρέφουσι,
600 2003 687 2055 διὰ
723 2001 882 2054 τοῦτο
915 2004 1008 2053 καὶ
1041 2002 1142 2070 τὴν
1174 2002 1512 2068 χειροτονίαν
1554 2002 1736 2054 αὐτῶν

137 2098 169 2156 ἠ
233 2095 458 2156 σύνοδος
490 2094 732 2158 ἐδέξατο,
782 2095 876 2146 καὶ
933 2093 1118 2161 μένειν
1159 2092 1356 2154 αὐτοὺς
1405 2094 1462 2144 ἐν
1501 2095 1613 2155 τοῖς
1660 2098 1737 2149 οἰ-

138 2187 317 2247 κείοις
370 2187 600 2257 βαθμοῖς
657 2187 970 2258 διωρίσατο.
1046 2188 1094 2238 εί
1161 2183 1238 2255 μὴ
1293 2185 1592 2250 ἐπίσκοπος
1647 2189 1732 2258 εἴη

136 2278 196 2328 ἐν
230 2279 298 2345 τῇ
333 2277 595 2349 καθολικῇ
648 2280 746 2342 τῆς
781 2277 988 2338 πόλεως
1020 2277 1234 2346 ἐκείνης
1271 2277 1561 2349 ἐκκλησίᾳ.
1589 2281 1648 2332 ΕΞ
1677 2281 1734 2331 δέ

135 2370 194 2418 ἐν
227 2366 509 2437 ἐκκλησίᾳ⁵
547 2368 684 2420 είσὶν
738 2367 865 2419 ἔνθα
897 2369 1198 2433 ἐπίσκοπος
1249 2373 1281 2442 ἢ
1335 2372 1732 2441 πρεσϐύτερος,

133 2461 161 2510 ό
188 2459 296 2527 μὲν
337 2461 639 2519 ἐπίσκοπος
658 2459 770 2522 ἕξει
793 2458 853 2511 τὸ
873 2461 969 2528 τῆς
995 2461 1304 2531 ἐπισκοπῆς
1328 2463 1546 2532 ἀξίωμα
1561 2464 1652 2515 καὶ
1676 2463 1735 2516 τὸ

136 2553 323 2622 δνομα
349 2569 363 2581 ·
395 2555 424 2606 ὀ
460 2552 514 2604 δὲ
553 2552 704 2621 παρὰ
742 2553 854 2614 τοῖς
899 2552 1177 2623 Καθαροῖς
1228 2556 1566 2625 κεκλημένος
1619 2559 1736 2610 ἐπτ-

137 2662 350 2707 σκοπος
401 2645 436 2714 ἢ
505 2645 877 2715 πρεσδυτέρου
938 2646 1048 2711 ἕξει
1094 2648 1301 2717 τιμὴν,
1341 2650 1373 2721 ἢ
1408 2650 1546 2712 τέως
1595 2669 1736 2721 χωρ-

144 2740 492 2803 ιπισκόπου,
523 2739 609 2792 ἵνα
636 2739 712 2808 τῷ
755 2740 941 2810 κλήρῳ
981 2743 1482 2812 συγκαταλέγηται,
1527 2747 1620 2797 καὶ

135 2833 340 2884 τούτου
382 2833 632 2902 ἐκπέσῃο
673 2833 721 2884 εί
755 2835 830 2902 μή
885 2849 987 2884 που
1033 2834 1490 2900 συγκαταϐαίνων
1537 2837 1565 2887 ὁ
1613 2838 1734 2889 ἐπίο

137 2936 352 2982 σκοπος
409 2922 508 2989 τῆς
566 2921 864 2990 καθολικῆς
927 2921 1254 2992 Ἐκκλησίας
1306 2925 1524 2994 θελήσει
1571 2927 1732 2978 αὐτὸν

134 3012 320 3080 ὄνομα
371 3011 464 3063 καὶ
521 3010 684 3082 τιμὴν
739 3013 1040 3066 ἐπισκόπου
1096 3013 1263 3084 ἔχειν,
1299 3018 1373 3068 Ut)
1420 3018 1602 3086 μέντοι
1641 3019 1735 3070 καὶ

133 3103 210 3160 ὡς
241 3102 550 3165 ἐπίσκοπος
585 3104 893 3172 ἐνεργήσει,
941 3104 1028 3156 ἵνα
1059 3104 1137 3179 μὴ
1190 3106 1248 3156 ἐν
1283 3109 1349 3176 τῇ
1405 3108 1540 3178 αὐτῇ
1581 3109 1732 3160 πόλει

129 3193 230 3246 δύο
260 3186 403 3246 ὦσιν
431 3195 740 3248 ἐπίσκοποι.

1844 631 2003 683 Decio
2052 633 2376 698 imperante,
2424 629 2606 682 Romae
2633 630 2812 684 habita
2848 631 2975 692 fuit,
3028 639 3085 682 ut
3146 630 3408 682 Eusebius

1840 719 2103 788 Pamphili
2163 727 2470 782 memorat,
2524 718 2728 785 ejectus
2829 728 2991 786 alque
3067 717 3413 770 anathemate

1842 813 2128 866 damnatus
2167 823 2270 865 est.
2329 811 2404 865 Ex
2452 811 2540 865 illo
2585 811 2745 879 igitur
2792 812 3166 866 haereticorum
3210 825 3407 876 grege.

1839 907 1930 975 qui
1966 918 2085 957 cum
2111 903 2348 958 Ecclesia
2378 905 2428 956 in
2463 903 2691 972 gratiam
2730 905 2902 956 redire
2929 903 3169 970 cupiant,
3194 915 3287 954 eos
3322 900 3408 953 hic

1840 1012 2013 1051 canon
2067 997 2406 1065 recipiemlos
2440 1010 2559 1049 esse
2605 995 2869 1048 decernit:
2929 995 3088 1047 modo
3128 1008 3186 1047 se
3234 1002 3410 1046 tamen

1839 1091 1908 1144 ab
1949 1089 2201 1144 Ecclesiae
2239 1089 2516 1143 catholicae
2560 1088 2772 1157 placitis
2818 1102 2922 1139 non
2966 1087 3318 1148 discessuros.
3350 1101 3413 1140 ac

1839 1199 1954 1246 eos,
2005 1185 2096 1249 qui
2142 1182 2468 1235 necessitate
2498 1181 2667 1234 coacti
2696 1179 2973 1234 Chrisutm
3005 1187 3058 1231 et
3094 1180 3258 1232 Deum
3314 1195 3406 1233 ne-

1840 1282 2100 1343 gaverunt
2153 1273 2243 1325 ubi
2289 1279 2486 1326 statuta
2523 1271 2841 1325 criminibus
2872 1269 3153 1338 expiandis
3177 1279 3413 1338 tempora

1839 1364 2192 1432 expleverint,
2257 1362 2334 1432 (id
2390 1377 2622 1430 namque
2666 1362 2827 1415 verba
2888 1362 2976 1415 illa
3032 1361 3310 1426 indicant,
3359 1361 3414 1414 in

1841 1457 2035 1522 quibus
2097 1465 2150 1506 et
2217 1465 2427 1520 tempus
2475 1453 2826 1505 cdustitutum
2881 1461 2983 1516 est,
3042 1462 3096 1506 et
3151 1452 3414 1520 przelinita

1839 1551 1973 1620 dies)
2002 1551 2356 1612 admissuros,
2388 1558 2587 1600 etcum
2629 1548 2856 1616 digamis
2912 1550 3416 1601 communicaturos

1837 1657 1980 1704 esse,
2021 1641 2360 1710 tbirographi
2419 1639 2498 1692 sui
2553 1639 2858 1692 testimonio
2899 1639 3272 1706 profiteantur.
3340 1640 3415 1691 Ac

1838 1735 2142 1804 siquidem,
2201 1735 2292 1800 qui
2343 1747 2405 1786 ex
2459 1733 2587 1802 ipsis
2643 1732 2708 1783 ad
2767 1729 3060 1784 Ecclesiam
3103 1731 3409 1791 accedunt,

1840 1825 2074 1895 episcopi
2113 1826 2247 1893 jam,
2303 1833 2393 1876 aut
2444 1821 2777 1892 presbyteri,
2833 1829 2926 1873 aut
2980 1819 3191 1873 diaconi
3247 1823 3414 1874 creati

1839 1928 1962 1973 sunt
2022 1931 2199 1985 neque
2243 1915 2496 1969 Ecclesia:
2532 1913 2694 1976 forte,
2748 1927 2976 1979 quarum
3020 1911 3323 1964 ministerio
3378 1910 3414 1964 ii

1843 2022 1967 2066 sunt
2010 2009 2254 2076 ascripti,
2288 2009 2418 2061 alios
2455 2007 2672 2068 habent,
2707 2019 2861 2058 suum
2915 2005 2963 2056 in
2996 2003 3142 2056 clero
3179 2003 3410 2071 dignita-

1840 2105 1908 2157 tis
1937 2105 2182 2157 ordinem
2219 2102 2475 2154 retinerc.
2517 2099 2669 2163 Quod
2699 2097 2844 2151 enim
2886 2096 2936 2148 in
2973 2095 3078 2150 ﬁde
3099 2095 3231 2148 nihil
3272 2095 3416 2162 ejus~

1840 2196 1980 2250 modi
2075 2195 2320 2249 homines
2373 2191 2711 2254 offenderint,
2764 2188 2856 2242 sed
2916 2198 3122 2242 tantum
3180 2186 3421 2242 fraterno

1839 2289 1998 2352 odio,
2031 2287 2292 2355 veniaque
2348 2284 2512 2352 lapsis
2544 2290 2599 2337 et
2621 2281 3059 2350 resipiscentibus
3107 2282 3418 2348 deneganda

1841 2365 2140 2449 peccarint,
2192 2387 2475 2445 propterea
2519 2374 2917 2427 ordinationem
2957 2387 3145 2426 eorum
3199 2371 3419 2424 admisit

1841 2467 2099 2538 synodus,
2135 2474 2190 2518 et
2227 2466 2276 2516 in
2309 2477 2408 2517 suo
2447 2476 2773 2530 quemquam
2818 2460 3007 2528 gradu,
3038 2459 3141 2514 nisi
3168 2473 3289 2513 cum
3335 2457 3416 2510 al-

1843 2569 1921 2613 ter
1948 2561 1999 2612 in
2039 2559 2228 2612 eadem
2263 2555 2398 2608 urbe
2425 2553 2818 2608 catholicarum
2859 2554 3096 2622 partium
3130 2552 3419 2620 episcopus

1842 2653 2002 2714 foret,
2055 2661 2275 2702 manere
2305 2647 2495 2700 voluit.
2548 2647 2617 2697 At
2659 2645 2704 2699 si
2750 2645 2801 2697 in
2833 2644 3072 2698 Ecclesia
3106 2654 3251 2705 sunt,
3296 2659 3414 2711 qua:

1840 2745 2174 2812 episcopum,
2213 2749 2308 2792 aut
2349 2738 2726 2807 presbyterum
2776 2736 2994 2798 habeat,
3049 2735 3284 2805 episcopi
3320 2750 3419 2788 no-

1842 2849 1989 2897 men,
2036 2847 2098 2886 ac
2145 2831 2460 2900 dignitatem
2511 2828 2619 2897 7o
2659 2829 2773 2896 ipse
2833 2827 3117 2894 retinebit,
3163 2827 3254 2896 qui
3294 2841 3421 2880 vero

1843 2927 1980 2993 apud
2005 2924 2270 2977 Catharos
2304 2919 2589 2989 episcopus
2627 2918 2804 2972 dictus
2850 2917 3045 2981 fuerat,
3089 2920 3418 2989 presbyteri,

1840 3026 1934 3070 aut
1982 3012 2358 3082 cborepiscopi
2400 3012 2466 3063 ad
2489 3025 2762 3063 summum
2806 3009 3012 3064 hunore
3049 3010 3322 3079 fungetur,
3359 3024 3417 3061 ut

1843 3108 1894 3160 in
1921 3106 2068 3164 clero
2099 3110 2539 3164 eonnumeretur,
2583 3115 2754 3168 eoque
2789 3116 2895 3153 non
2942 3101 3175 3164 excidat,
3207 3101 3312 3154 nisi
3342 3103 3418 3154 ei—

1763 3191 1804 3248 C
1849 3201 1967 3254 dem
2000 3197 2247 3253 catholici
2279 3197 2516 3264 episcopi
2550 3193 2904 3261 indulgentia,
2943 3194 3180 3264 episc0pi
3220 3208 3413 3248 nomen

133 3288 529 3352 honoremque
569 3287 868 3352 permittat.
907 3286 1236 3342 Functiones
1283 3296 1462 3345 tamen
1499 3293 1736 3362 episcopi
1771 3293 2038 3362 proprias,
2086 3308 2151 3345 uc
2181 3291 2287 3343 duo
2319 3289 2478 3342 unius
2509 3288 2657 3341 urbis
2692 3287 2928 3354 episeopi
3005 3287 3158 3352 sint,
3213 3303 3419 3357 nequa-

129 3394 306 3442 quam
333 3387 608 3432 exerceat.

127 3469 373 3525 ΔΡΙΣΤ.
459 3472 523 3522 01
557 3471 871 3539 λεγόμενοι
932 3475 1188 3541 Καθαροί
1258 3479 1736 3546 προσερχόμενοι

196 3557 450 3624 πρῶτον
531 3564 1019 3628 ὀμολογείτωσαν
1043 3565 1572 3633 ὀτισυνθήσονται
1613 3572 1740 3636 τοῖς

206 3650 556 3716 ἐκκλησίας
605 3651 872 3718 θεσμοῖς,
927 3655 1025 3705 καί
1076 3654 1529 3719 κοινωνήσουσι
1575 3659 1738 3723 διγά-

204 3758 377 3811 μοις,
406 3743 505 3792 καί
545 3742 1020 3815 συγχωρήσουσι
1053 3747 1176 3810 τοῖς
1214 3752 1733 3813 παραπεπτωκόσι.

214 3835 327 3886 Καὶ
382 3833 573 3898 οὔτως
604 3836 636 3885 ὀ
688 3836 1112 3903 εὑρισκόμενος
1169 3839 1737 3908 κεχειροτονημένος

208 3925 308 3991 εἴη
331 3925 401 3976 ἐν
445 3923 524 3991 τῷ
571 3924 770 3978 αὐτῶν
817 3925 1102 3995 τάγματι,
1147 3921 1277 3979 οἷον
1314 3932 1346 3980 ό
1377 3930 1493 3997 μὲν
1522 3934 1738 3999 κυρίως

201 4020 555 4084 ἐπίσκοπος
585 4020 677 4083 εἴη
701 4020 1063 4085 ἐπίσκοπος.
1100 4021 1164 4072 '0
1194 4020 1261 4073 δὲ
1279 4028 1439 4090 παρὰ
1469 4024 1590 4090 τοῖς
1623 4029 1735 4078 Κα-

203 4110 425 4176 θαροῐς
483 4111 819 4176 ἐπίσκοπος
870 4113 908 4179 ἢ
962 4114 1417 4182 χωρεπίσκοπος
1456 4119 1634 4181 ἐστω,
1694 4120 1732 4187 ἢ

202 4207 633 4276 πρεσϐυτέρου
681 4209 858 4276 τιμὴν
907 4207 946 4276 ἢ
1009 4209 1349 4264 ἐπισκόπου
1379 4212 1727 4276 κεκτήσθω·

203 4323 232 4356 c
249 4307 285 4356 ὺ
315 4304 427 4371 γὰρ
453 4303 696 4355 ἕσογται
718 4301 826 4356 δύο
847 4306 927 4368 εἰς
954 4322 994 4372 μ
1009 4305 1100 4356 ἀν
1119 4305 1461 4371 ἐκκλησίαν
1482 4307 1699 4360 ἐπίσκο
1713 4337 1728 4346 -

203 4409 339 4444 ποι.

220 4484 367 4536 Ἀπὸ
403 4483 514 4535 τῶν
541 4481 994 4552 προσερχομένων
1023 4484 1089 4552 τῇ
1117 4481 1246 4552 ἁγία
1276 4482 1369 4534 τοῦ
1400 4482 1536 4535 Θεοῦ
1573 4483 1732 4536 καθο-

1846 3476 2076 3533 AlllS'l‘.
2113 3474 2335 3529 Cathori
2368 3472 2496 3525 dicti
2520 3473 2819 3524 accedentes
2846 3473 3012 3538 primo
3049 3472 3416 3538 proﬁteantur,

1915 3570 2053 3638 quod
2093 3566 2339 3619 Ecclesia:
2366 3563 2728 3616 sanctionibus
2760 3564 3068 3627 assentient,
3115 3572 3164 3616 et
3201 3581 3316 3616 cum
3341 3568 3420 3617 di-

1914 3663 2078 3729 gnntis
2113 3657 2607 3719 contntunicabunt,
2641 3654 2946 3721 ueniamque
3013 3655 3178 3720 lapsis
3229 3671 3413 3708 conce-

1916 3757 2057 3808 dent.
2099 3752 2164 3805 Et
2193 3753 2266 3804 sic
2291 3752 2380 3818 qui
2409 3758 2643 3821 repertus
2693 3759 2770 3802 est
2800 3749 3096 3812 ordinatus,
3146 3749 3200 3802 in
3242 3751 3418 3802 eodem

1915 3846 2100 3899 ordine
2130 3845 2476 3898 constituatur
2518 3856 2534 3893 :
2577 3850 2631 3893 ut
2678 3842 2724 3893 si
2764 3855 2876 3893 vere
2916 3847 2991 3892 est
3037 3840 3327 3906 episcoyus,
3354 3841 3418 3891 sit

1915 3939 2206 4006 episcopus.
2250 3933 2352 3999 Qui
2398 3949 2512 3990 vero
2542 3935 2680 4000 apud
2705 3930 2963 3984 Catltaros
2991 3933 3260 3999 episcopus
3295 3932 3415 3999 fuit,

1917 4033 1986 4084 sit
2023 4030 2424 4095 chorepiscopus
2474 4026 2549 4078 vel
2579 4025 2892 4093 presbyteri,
2937 4025 3016 4076 vel
3043 4025 3269 4091 episcopi
3320 4025 3416 4077 ho-

1916 4138 2038 4174 nore
2068 4123 2312 4187 gaudeat.
2343 4117 2411 4174 In
2442 4134 2546 4170 una
2578 4118 2717 4171 enim
2746 4117 2965 4172 ecclesia
2999 4118 3103 4169 duo
3129 4133 3230 4168 non
3263 4126 3414 4168 erunt

1911 4212 2161 4281 episcopi.

1917 4477 1990 4529 Ex
2043 4476 2106 4530 iis
2156 4476 2247 4545 qui
2289 4474 2355 4528 ad
2405 4483 2644 4527 sanctam
2695 4474 3019 4529 catholicam
3063 4482 3114 4530 et
3161 4475 3412 4544 apostoli-

119 4580 268 4646 λικῇ
309 4577 408 4628 καὶ
440 4574 770 4643 ἀποστολικῇ
812 4573 1112 4644 Ἐκκλησία
1145 4575 1194 4625 οἱ
1224 4575 1322 4642 μὲν
1352 4574 1730 4643 βαπτίζονται,

1841 4580 1960 4618 cam
2001 4565 2090 4617 Dei
2123 4562 2418 4618 Ecclesiatn
2446 4564 2692 4627 veniunt,
2721 4562 2960 4616 nonnulli
2993 4563 3207 4631 quidam
3242 4562 3417 4629 bapti-

117 4673 178 4726 οἱ
227 4671 293 4722 δὲ
359 4668 522 4737 μύρῳ
573 4665 839 4736 χρίονται,
893 4666 943 4718 οἱ
987 4666 1041 4717 δὲ
1078 4667 1238 4733 μόνον
1273 4666 1728 4735 ἁναθεματίζουσι

115 4763 238 4829 τὴν
273 4759 420 4810 ἰδίαν
451 4759 544 4808 καὶ
576 4759 760 4809 πᾶσαν
788 4755 956 4824 ἄλλην
995 4755 1228 4825 αἵρεσιν.
1261 4757 1322 4807 Ol
1372 4756 1502 4822 γοῦν
1547 4756 1733 4808 δελεα-

117 4855 369 4910 σΟέντες
405 4850 510 4900 ὑπὸ
559 4847 654 4899 τοῦ
681 4847 958 4906 Ναυὰτου,
994 4847 1090 4901 κα)⁸
1123 4847 1368 4916 Καθαροὶ
1399 4847 1530 4916 παρ’
1563 4847 1729 4898 αύτοῦ

107 4941 572 5011 ὀνομασθέντες,
605 4939 678 5000 ὼς
715 4937 789 5007 μὴ
819 4937 1237 5006 καταδεχόμενοι
1293 4938 1387 5007 τὴν
1439 4939 1731 5006 μετάνοιαν

106 5035 489 5102 τῶνὰμαρτη
499 5032 725 5091 σάντων,
745 5029 838 5081 καὶ
855 5029 941 5079 τὸν
954 5029 1204 5099 δεύτερον
1218 5033 1393 5100 γάμον
1411 5031 1728 5092 κωλύοντες,

103 5127 230 5176 ἐὰν
259 5127 330 5193 τῇ
373 5120 673 5189 Ἐκκλησία
703 5118 1054 5188 προσέλθωσι,
1083 5119 1178 5170 καὶ
1214 5119 1591 5186 ὁμολογήσωσι
1634 5121 1729 5170 καὶ

103 5217 416 5282 διγάμους
435 5212 858 5279 παραδέχεσθαι,
891 5213 983 5262 καὶ
1008 5213 1119 5272 τοῖς
1147 5211 1510 5280 ἁμαρτήμασι
1563 5227 1730 5277 μετα-

101 5309 371 5372 νικήσασι
419 5303 747 5368 σαγχωρεῖν,
782 5299 876 5352 καὶ
906 5299 1092 5361 ἁπλῶς
1125 5300 1256 5353 πᾶσι
1295 5303 1406 5362 τοῖς
1432 5299 1725 5369 ἐκκλησια-

101 5395 346 5452 στικοῐς
388 5389 782 5442 ἐπακολουθεῖν
817 5389 1078 5456 δόγμασι,
1117 5391 1210 5458 τὴν
1264 5389 1402 5440 ίδίαν
1449 5389 1728 5456 ἀναθεμαο

95 5489 388 5550 τὶζοντες
455 5483 667 5549 αἵρεσιν
700 5485 792 5534 καὶ
843 5485 936 5546 τὰς
968 5484 1152 5544 ἄλλας,
1209 5482 1723 5551 προσδεχθήσονται,

92 5580 218 5628 καί
263 5575 425 5643 μόνῳ
458 5573 533 5639 τῷ
565 5575 706 5642 ἁγίῳ
742 5575 898 5643 μύρῳ
941 5575 1350 5643 χρισῦἠσονται.
1386 5573 1495 5624 Καὶ
1529 5575 1574 5623 εἰ
1626 5573 1726 5639 μέν

91 5685 276 5727 τινες
319 5664 510 5716 αὐτῶν
541 5667 678 5716 εἰσιν
716 5667 746 5734 ἣ
805 5667 1154 5734 ἐπίσκοποιῆ
1214 5665 1636 5736 χωρεττίσκοποι.
1667 5665 1724 5714 ἐν

90 5765 177 5827 τῆ
227 5758 377 5824 ,αὐτῇ
421 5756 583 5806 πάλιν
611 5755 735 5825 ἀξία
773 5757 1045 5824 μενοῦσιν,
1081 5758 1230 5823 εἰμὴ
1265 5775 1366 5808 που
1401 5759 1456 5807 ἐν
1488 5759 1551 5822 τῇ
1585 5756 1719 5824 αὒτῇ

355 5849 555 5911 ἕτερος
612 5849 902 5909 ἐπίσκοπος
966 5847 1064 5914 τῆς
1133 5847 1423 5915 καθολικῆς
1491 5847 1717 5914 Ἐκκλη-

515 5942 588 5997 ίέ
610 5956 776 5999 ruet.
819 5946 932 5999 litt.
983 5939 1296 5999 CXXXVII

93 5861 288 5904 nats:

1838 4666 2051 4722 zantur,
2099 4656 2184 4708 alii
2228 4665 2404 4708 autem
2461 4663 2736 4722 unguento
2790 4653 3089 4716 illinuntur,
3139 4653 3227 4705 alii
3293 4669 3416 4706 vero

1837 4748 2011 4800 solum
2051 4763 2203 4800 suam
2237 4757 2291 4800 et
2319 4748 2480 4799 aliam
2503 4761 2715 4799 omnem
2761 4745 3010 4799 haeresim
3043 4754 3412 4799 exsecrantur.

1836 4837 1936 4903 Qui
2007 4839 2189 4906 itaque
2251 4853 2281 4890 ιι
2327 4836 2531 4890 Novato
2585 4836 2793 4904 decepti
2843 4846 2896 4890 et
2946 4835 3166 4890 Cathari
3228 4837 3296 4890 ab
3351 4854 3416 4891 eo

1836 4930 2100 4984 nominati
2137 4939 2264 4981 sunt
2299 4939 2354 4980 ut
2395 4930 2822 4998 resipiscentiant
2857 4943 3043 4981 eorum
3084 4928 3174 4994 qui
3229 4942 3418 4996 pecca-

1836 5033 1962 5077 runt.
2005 5036 2108 5074 non
2159 5021 2482 5088 recipientes
2533 5030 2587 5073 et
2635 5021 2898 5073 secundas
2933 5020 3279 5089 prohibentes
3315 5036 3416 5072 nn-

1836 5114 1997 5182 ptias,
2031 5112 2074 5165 si
2103 5114 2168 5164 ad
2212 5111 2507 5164 Ecclesiam
2543 5111 2807 5175 venerint,
2847 5121 2899 5163 et
2935 5110 3167 5164 confessi
3211 5109 3410 5163 fuerint

1835 5217 1892 5256 se
1915 5211 1970 5256 et
2015 5202 2254 5268 digamos
2282 5202 2647 5263 admissuros,
2679 5212 2729 5254 et
2765 5201 2827 5253 iis
2874 5215 3011 5267 quos
3061 5208 3401 5267 peccatorum

1833 5294 2080 5363 pmnituit
2113 5295 2321 5346 veniant
2358 5297 2576 5348 daturos
2598 5303 2650 5345 et
2699 5309 2876 5344 omnia
2912 5308 3133 5359 prorsus
3166 5293 3417 5345 ecclesia.

1833 5388 1964 5440 stica
2013 5387 2395 5440 observaturos
2442 5389 2712 5456 dogmata,
2750 5397 2802 5440 et
2847 5402 2998 5441 suam
3054 5397 3108 5440 et
3141 5387 3276 5439 alias
3324 5402 3417 5439 cx-

1832 5487 2110 5534 sccrantes
2156 5480 2388 5534 luereses
2439 5482 2810 5545 adtnittentur,
2868 5493 2921 5535 et
2975 5490 3179 5535 tantum
3231 5492 3420 5536 sancto

1831 5583 2104 5637 unguento
2140 5573 2434 5625 illinentur.
2471 5573 2533 5625 Et
2567 5575 2609 5625 si
2644 5574 2860 5640 quidem
2888 5574 3056 5641 aliqui
3089 5589 3272 5627 eorum
3307 5575 3422 5626 sint.

1828 5663 2063 5731 episcopi
2094 5665 2599 5734 atttcliorcpiscopi,
2627 5668 2677 5718 itt
2697 5667 2880 5719 eadem
2902 5682 3090 5720 rursus
3123 5667 3413 5720 manebunt

1830 5755 2118 5822 dignitate,
2150 5757 2249 5808 nisi
2289 5755 2423 5808 forte
2462 5757 2511 5809 itt
2549 5757 2736 5810 eadem
2785 5759 3005 5811 civitate
3047 5758 3182 5810 alius
3235 5761 3420 5810 catho-

1837 5847 1950 5901 lica:
1983 5846 2237 5902 l‘lcclcsm
2283 5850 2590 5905 invenier
2626 5851 2933 5919 cpiscopus,
2976 5862 3101 5903 ante
3137 5853 3402 5906 adventu:

3065 5940 3098 5998 9
