4222 6460
783 411 891 473 275

2064 411 2345 470 THEOD.
2391 410 2796 469 BALSAMON

3940 407 4035 478 $76

781 526 945 575 etiam
985 519 1190 575 caelesti
1231 532 1451 573 munere
1476 525 1695 572 vocatos
1719 558 1733 584 ,
1772 526 1933 586 atque
1972 499 2281 573 utsolidam
2310 518 2357 571 in

2474 520 2597 589 ρίαν
2616 518 3031 589 ἐνδειξαμένων,
3067 518 3160 582 οὒς
3189 518 3281 572 καὶ
3314 519 3419 589 ὑπὸ
3453 519 3550 588 τῆς
3610 519 3764 580 θείας
3804 521 4028 589 χάριτος

781 628 922 666 τοι-ιιι
955 611 1077 665 ηιιοί
1105 609 1441 680 professione
1468 610 1831 664 constantiam
1869 608 2185 676 retinerent,
2227 610 2363 664 divi-

780 703 924 755 nitus
961 701 1314 755 conﬁrmatos
1361 701 1595 763 asserit,
1646 701 1840 756 deinde
1895 711 2099 755 mutato
2134 702 2363 756 consilio

779 794 1010 861 priorem
1066 792 1318 846 militiam
1377 792 1780 863 repetiverunt,
1838 793 1904 847 ad
1962 785 2205 864 eaatqtie'
2259 795 2359 848 sibi

776 886 1006 952 aditum,
1045 885 1126 939 vel
1160 898 1404 957 argento,
1448 886 1530 940 vel
1573 886 1858 941 beneﬁciis
1902 888 2095 940 iterum
2134 901 2359 956 aperue-

778 985 925 1033 runt.
964 978 1037 1032 Ac
1081 979 1290 1048 argenti
1325 979 1539 1048 quidem
1582 977 1800 1032 nomine
1830 978 2055 1047 pecunia
2109 979 2362 1048 intelligi-

779 1081 884 1135 tur,
953 1069 1201 1125 beneficii
1268 1087 1428 1136 vero,
1484 1070 1739 1139 quidquid
1798 1070 1853 1123 in
1900 1070 2128 1124 alterum
2175 1073 2361 1138 gratia:

775 1163 1234 1233 benignitatisque
1308 1164 1629 1219 collocatur.
1708 1163 2035 1217 Beneﬁcium
2124 1179 2361 1233 namque

774 1254 962 1307 Latina
997 1270 1098 1329 vox
1126 1266 1231 1319 est,
1258 1255 1598 1325 εὐεργεσίαν,
1626 1256 1669 1309 si
1705 1254 1893 1309 Gt'tece
1916 1255 2355 1323 interpretemur,

774 1345 1045 1399 indicans.
1094 1346 1189 1401 Ille
1234 1361 1361 1400 vero
1413 1345 1732 1400 beneficium
1789 1346 2087 1400 contulisse
2136 1347 2356 1411 dicitur,

773 1439 863 1506 qui
906 1439 989 1493 vel
1022 1441 1306 1507 pecuniam
1351 1439 1575 1507 largitus
1611 1439 1711 1502 sit,
1760 1439 1838 1493 vel
1875 1441 2356 1507 quomodovnnque

772 1531 996 1585 alterius
1034 1533 1295 1585 voluntati
1340 1533 1744 1586 obsecundarit.
1795 1530 1926 1583 lllnd
1967 1541 2145 1582 autem
2200 1530 2357 1595 plane

771 1634 979 1679 certum
1008 1632 1115 1689 est,
1147 1623 1349 1677 nemini
1384 1624 1612 1676 reditum
1648 1625 1713 1676 ad
1748 1623 2050 1676 istiusmodi
2083 1623 2351 1685 militiam,

774 1713 875 1767 nisi
924 1713 1178 1767 abdicata
1235 1712 1495 1783 religione
1552 1714 1812 1782 patuisse.
1868 1713 2144 1781 Ejusmodi
2192 1714 2355 1782 igitur

773 1805 1101 1871 hominibus,
1134 1817 1249 1876 post
1276 1806 1570 1861 triennium
1608 1807 1751 1861 inter
1778 1808 2056 1861 audientes
2081 1817 2351 1870 exactum,

2467 607 2739 678 κληθῆναί
2790 626 2976 678 φησιν,
3008 607 3084 670 ὡς
3105 608 3174 660 δι’
3200 608 3417 677 ἐκείνης
3444 608 3890 677 ἐπιρρωσθέντας
3908 611 4036 680 πρὶς

2468 698 2568 768 τὴν
2600 699 2854 751 ἔνστασιν
2886 702 2983 768 τῆς
3020 698 3315 768 ὁμολογίας
3354 697 3456 764 τῆς
3523 698 3780 763 πίστεως,
3820 695 3938 751 εἶτα
3982 702 4034 752 ἐν

2468 792 2803 862 μεταμελείᾳ
2831 792 3146 862 γενομένων
3181 792 3276 844 καὶ
3304 786 3466 854 αὖθις
3491 776 3572 852 είς
3617 791 3716 860 τὴν
3766 793 4035 863 προτέραν

2464 885 2875 938 ἐπανελθόντων
2958 885 3271 955 στρατείαν,
3331 882 3427 934 καὶ
3469 882 3677 951 ταύτην
3751 885 4034 953 ἀργυρίοις

2464 978 3002 1048 ἁνακτησαμέ’νωνῆ
3052 978 3413 1047 βενειρικίοις.
3460 978 3558 1030 Διὰ
3630 977 3729 1040 μὲν
3783 976 3895 1046 γὰρ
3936 975 4037 1027 τῶν

2464 1073 2749 1143 ἀργυρίων
2771 1075 3031 1142 δηλοῦται
3056 1076 3123 1129 τὰ
3146 1079 3438 1146 χρήματα,
3464 1076 3555 1129 διὰ
3587 1075 3644 1128 δὲ
3705 1073 3819 1125 τῶν
3893 1071 4039 1142 βενε·

2463 1166 2663 1233 φικίων
2691 1165 2837 1220 ἅπαν
2874 1161 3017 1229 εἶδος
3051 1168 3276 1237 χάριτός
3306 1186 3367 1221 τε
3419 1168 3515 1221 καὶ
3562 1166 3888 1231 δεξιώσεως.
3935 1165 4040 1230 Τῆς

2462 1266 2571 1334 γὰρ
2598 1261 2846 1316 Λατίνων
2889 1260 3175 1312 διαλέκτου
3230 1255 3368 1315 οὖσα
3416 1262 3447 1329 ἠ
3493 1260 3663 1325 λέξις,
3720 1257 4040 1326 εὐεργεσίαν

2461 1354 2612 1422 δηλοῖ
2632 1352 2769 1419 πρὸς
2810 1349 3094 1417 Ἑλληνίδα
3158 1350 3684 1422 μεθερμηνευομένη
3736 1348 4034 1401 διάλεκτον.

2464 1444 2762 1513 Εὑεργετεῖ
2800 1442 2855 1495 δέ
2900 1440 3049 1509 τιςῆ
3111 1443 3373 1511 χρήματα
3438 1441 3714 1509 παρέχων,
3784 1440 3817 1509 ἦ
3868 1438 4041 1500 ἄλλως

2461 1534 2673 1602 θέλημα
2702 1534 3017 1603 οῐονδὴποτε
3049 1532 3272 1602 πληρῶν
3304 1550 3471 1595 τινος.
3535 1533 3705 1602 Δῆλον
3732 1531 3789 1584 δὲ
3826 1532 4040 1591 πάντως

2458 1627 2538 1679 ὅτι
2570 1626 2748 1689 οὐδεὶς
2772 1625 3021 1687 τοιοῦτος
3069 1625 3627 1694 ἀναστρᾱτεὺσασθαι
3658 1624 3902 1695 ἠδυνήθη
3958 1624 4042 1679 ἂν.

2459 1717 2506 1768 εἰ
2535 1714 2608 1784 μὴ
2651 1717 2714 1786 τῇ
2743 1716 2921 1789 πλάνῃ
2952 1714 3227 1769 συνέθετο.
3260 1715 3400 1778 Τοὺς
3433 1716 3563 1783 γοῦν
3595 1717 3875 1777 τοιούτους
3911 1714 4042 1782 μετὰ

2458 1808 2560 1874 τὴν
2611 1806 2799 1877 τριετῆ
2851 1808 3117 1875 ἀκρόασιν
3167 1805 3261 1859 ἐπὶ
3322 1806 3608 1860 δεκαετίαν
3660 1808 4044 1859 ὑποπίπτεινό

772 1900 1014 1953 decennii
1046 1899 1365 1961 substratio,
1408 1909 1459 1952 et
1490 1914 1611 1953 cum
1645 1900 2053 1953 cateclmmcnis
2080 1901 2357 1954 abscessio

2464 1900 2646 1953 κανὼν
2697 1900 3066 1963 διατάττεται,
3119 1902 3214 1954 καὶ
3284 1901 3487 1966 ἐξιέναι
3534 1902 3671 1968 μετὰ
3713 1901 3824 1953 τῶν
3877 1918 4047 1967 κατ-ηε»

774 1992 952 2045 multa:
974 1993 1211 2054 nomine,
1242 1995 1462 2046 decreto
1494 1994 1723 2047 canonis
1762 1993 2049 2059 praeﬁnita.
2082 1992 2350 2061 Episcopo

773 2096 975 2146 tamen,
1017 2087 1062 2138 si
1094 2084 1322 2153 alicujus
1352 2085 1403 2137 iu
1440 2084 1649 2140 luendis
1677 2086 1853 2154 pmnis
1881 2087 2132 2140 ardorem
2162 2086 2350 2150 animi,

772 2180 822 2230 iu
876 2177 1218 2248 propitianth
1270 2175 1501 2233 Nmnine
1555 2179 1859 2249 lacrymas,
1921 2189 2352 2248 conceptumque

770 2271 969 2324 dit-inm
998 2270 1297 2340 Majestatis
1331 2272 1580 2326 timorem
1607 2272 1658 2325 in
1690 2270 1881 2341 primis
1904 2271 2353 2325 animadverterit

768 2375 820 2415 ιιι
850 2363 1121 2416 hominem
1160 2364 1229 2415 ob
1262 2363 1497 2432 irrogata
1530 2365 1790 2433 supplicia
1833 2367 2102 2432 patienter
2145 2362 2347 2426 dolere,

767 2466 819 2505 νῑ
854 2456 1011 2508 bonis
1038 2457 1364 2521 actionibus,
1405 2456 1508 2510 ltoe
1537 2466 1621 2511 est
1671 2458 1932 2510 virtutum
1967 2456 2347 2511 exercitationi

767 2558 988 2612 operam
1032 2545 1184 2608 dare,
1235 2559 1297 2597 ac
1333 2546 1376 2599 si
1412 2560 1601 2599 manus
1635 2544 1749 2612 ejus
1785 2545 2030 2599 abundet
2063 2544 2348 2615 indigenti-

768 2636 864 2687 bus
900 2634 1141 2703 clargiri,
1175 2634 1216 2687 si
1254 2635 1506 2704 denique,
1538 2649 1645 2687 uno
1678 2636 1863 2695 verbo,
1897 2635 2059 2698 serio,
2090 2649 2194 2685 nou
2224 2634 2344 2687 ﬁcta

767 2725 947 2791 specie
985 2724 1418 2793 resipiscentiam
1458 2728 1920 2779 dcmonstrantem
1958 2726 2249 2790 invenerit,
2280 2726 2346 2777 de

767 2818 957 2871 iisdem
997 2820 1172 2885 pmnis
1208 2817 1416 2887 aliquid
1466 2833 1562 2886 pro
1592 2817 1821 2872 arbitrio
1863 2818 2170 2872 remittendi
2212 2833 2345 2871 cou-

764 2911 972 2963 ceditur
1002 2909 1252 2987 incultas.
1309 2908 1364 2964 Si
1402 2925 1560 2980 quem
1595 2924 1723 2964 vero
1759 2910 2025 2978 impositis
2051 2910 2228 2978 pmuis
2258 2909 2336 2964 1ος-

764 3002 905 3054 “riter
940 3003 1084 3071 tangi
1110 3003 1312 3065 videat,
1348 3013 1512 3071 atque
1547 3017 1611 3056 eo
1642 3001 1787 3069 quod
1821 3002 2104 3056 ecclesiam
2135 2992 2359 3071 ingredi

764 3092 1138 3157 permittitur,
1185 3093 1324 3146 satis
1364 3101 1446 3147 est
1486 3101 1799 3155 contentus,
1847 3100 1899 3146 et
1947 3107 2053 3147 non
2118 3093 2344 3148 moleste

764 3185 891 3246 fert,
944 3199 1046 3238 nec
1099 3184 1287 3239 dolore
1334 3195 1580 3238 movetur
1622 3186 1763 3255 quod
1812 3185 1952 3239 inter
2002 3185 2188 3240 iideles
2234 3202 2339 3239 non

2456 1992 2990 2062 χονμένων.Δίδωσι
3021 1992 3077 2045 δέ
3098 1996 3165 2063 τῇ
3209 1993 3391 2062 κρίσει
3438 1993 3533 2046 τοὺ
3583 1993 3895 2045 ἐπισκόπου
3947 1993 4044 2044 καὶ

2458 2082 2653 2151 μειοῦν
2686 2082 2756 2135 τὰ
2780 2082 3059 2153 ἐπιτίμια,
3097 2085 3145 2137 εί
3177 2084 3329 2153 εὖροι
3360 2085 3452 2136 τὸν
3495 2082 3873 2152 μετανοοῦντα
3912 2083 4043 2152 θερ-

2456 2175 2671 2246 μότητα
2720 2176 2777 2226 ἐν
2811 2178 2875 2245 τῇ
2944 2177 3211 2245 μετανοίᾳ
3240 2175 3717 2241 ἐπιδεικνύμενον,
3787 2176 3888 2228 sui.
3957 2175 4045 2227 61'-

2456 2284 2625 2335 κρυσι
2656 2266 2747 2319 τὸν
2792 2268 2927 2319 Θεὸν
2984 2266 3320 2336 ἱλεούμενον,
3370 2267 3466 2319 καὶ
3544 2267 3622 2337 τῷ
3659 2266 3812 2337 φόϐῳ
3875 2265 4043 2319 αὑτοῦ

2455 2359 2926 2429 στοιχειοὺμενον,
2961 2359 3054 2411 καὶ
3094 2360 3195 2430 τὴν
3240 2362 3301 2412 ἐκ
3333 2360 3442 2412 τῶν
3497 2360 3797 2427 ἐπιτιμίων
3860 2359 4046 2411 κάκω-

2452 2468 2538 2505 σιν
2581 2451 2953 2521 ὑπομένοντα,
3004 2450 3100 2505 καὶ
3156 2449 3577 2520 ἀγαθοεργίαις,
3623 2450 3795 2520 ἤγουν
3829 2448 4045 2519 ἀρετῶν

2450 2546 2803 2616 ἀσκήσεικῇ
2842 2545 3138 2613 μεταδόσει
3170 2548 3235 2615 τῇ
3273 2544 3413 2614 πρὸς
3466 2546 3596 2607 τοὺς
3621 2545 3947 2611 δεομένους,
3996 2544 4045 2596 εἰ

2450 2640 2710 2710 εὑπορτιίη
2745 2642 2778 2711 ἡ
2815 2641 2937 2710 χεὶρ
2969 2639 3160 2705 αὑτοῦ,
3192 2638 3619 2710 προσκείμενον,
3673 2639 3768 2691 καὶ
3814 2638 3882 2691 τὸ
3910 2638 4046 2699 ὅλως

2448 2733 2644 2793 εἰπεῖν,
2676 2734 2734 2785 ἐν
2764 2731 3020 2802 ἀληθεία,
3070 2731 3166 2784 καὶ
3208 2728 3323 2784 οὑκ
3361 2734 3419 2783 ἐν
3490 2732 3737 2800 σχήματι
3781 2729 3887 2800 τὴν
3952 2746 4046 2799 με-

2447 2822 2671 2875 τάνοιαν
2730 2822 3170 2893 ἐνδεικνύμενον.
3221 2823 3365 2877 Είδὲ
3427 2824 3741 2893 ἀδιαφόρως
3774 2825 3873 2876 καὶ
3905 2823 4045 2876 ἀνει-

2452 2914 2634 2982 μένως
2667 2913 2770 2985 δρᾷ
2800 2915 2894 2967 τὸν
2920 2916 3322 2984 ἐπιτιμηθέντα
3384 2916 3523 2984 πρὸς
3564 2916 3666 2986 τὴν
3716 2915 4046 2984 ἐπιτίμησιν

2458 3001 2832 3072 διακείμενον,
2852 3005 2946 3058 καὶ
2973 3006 3057 3057 ὃτι
3082 3006 3218 3068 ὅλως
3239 3008 3665 3076 παραχωρεῖται
3694 3007 3931 3059 εἰσιέναι
3964 3008 4045 3068 εἰς

2447 3090 2548 3160 τὴν
2578 3091 2885 3162 ἐκκλησίαν
2924 3093 3290 3163 ἀρκούμενον,
3321 3095 3417 3147 καὶ
3449 3095 3508 3147 οὑ
3546 3093 3886 3164 δακνόμενον
3940 3095 4039 3147 καὶ

2453 3180 2815 3252 λυπούμενον,
2842 3183 2923 3236 ὅτι
2952 3184 3013 3235 οὑ
3057 3183 3375 3236 συνίσταται
3428 3186 3544 3247 τοῖς
3597 3187 3837 3251 πιστοῖς,
3908 3185 4043 3239 ἀλλὰ

762 3276 1146 3339 ι-οιιειίιιιοιιιτ,
1176 3278 1268 3330 sed
1305 3277 1450 3344 quod
1487 3286 1608 3343 post
1642 3254 1925 3332 amboncm
1970 3286 2097 3341 stet,
2130 3286 2183 3331 et
2219 3292 2344 3332 eum

2450 3276 2545 3328 καὶ
2572 3275 2631 3328 τὸ
2660 3275 2886 3329 δπισθεν
2910 3276 3007 3330 τοῦ
3036 3276 3289 3345 ἄμϐωνος
3323 3275 3601 3340 ἵστασθαι,
3659 3278 3757 3331 καὶ
3834 3278 4043 3343 ἐξιέναι

762 3368 1173 3421 catecliumettis
1203 3379 1363 3421 exeat
1402 3366 1527 3437 (bne
1568 3368 1710 3421 enim
1756 3383 1866 3437 prae
1893 3384 1952 3424 se
1977 3368 2083 3422 fert
2104 3368 2343 3437 speciem

764 3459 1123 3529 ingrediendi,
1160 3461 1256 3513 sed
1311 3460 1401 3527 qui
1442 3461 1521 3514 sic
1570 3460 1896 3529 ingreditur,
1935 3474 2064 3514 vere
2110 3474 2218 3515 non
2262 3461 2349 3513 iu-

761 3549 1027 3620 greditur)
1061 3550 1165 3624 sibi
1197 3549 1444 3605 suﬂicere
1471 3549 1771 3605 arbitratur
1799 3567 1814 3617 ;
1848 3559 2022 3605 totum
2056 3551 2216 3604 abeo
2245 3550 2344 3606 tle-

761 3643 1017 3696 ccnnium
1065 3644 1119 3697 in
1151 3644 1536 3698 substrationis
1584 3657 1745 3712 ptena
1794 3657 1969 3699 canon
2010 3644 2216 3714 expleri
2250 3644 2344 3715 ju-

761 3733 869 3787 bet.

837 3828 1059 3883 ARIST.
1095 3831 1200 3894 Qui
1226 3832 1324 3882 rint
1352 3832 1495 3899 passi
1516 3839 1565 3884 et
1599 3831 1850 3885 restitisse
1877 3809 1994 3896 visi,
2028 3834 2215 3886 deinde
2247 3835 2344 3885 int-

832 3925 1015 3987 piclali
1055 3934 1465 3987 consenserunt,
1517 3924 1864 3991 militiamque
1912 3936 2342 3991 resumpserunt,

831 4017 1141 4069 decennium
1170 4017 1714 4070 excommunicentur.
1739 4015 2196 4071 Considerandum
2227 4034 2344 4072 vero

831 4119 906 4157 est
953 4109 1007 4160 in
1050 4107 1291 4161 omnibus
1336 4108 1655 4175 pwnitentia:
1706 4125 1890 4177 genus.
1954 4107 2021 4161 Et
2062 4111 2107 4162 si
2164 4112 2209 4163 is
2255 4112 2345 4180 qui

833 4213 1036 4261 poenam
1078 4198 1336 4265 suscipit,
1385 4213 1439 4251 se
1488 4196 1863 4267 ferventiorem
1927 4200 1982 4251 in
2046 4200 2345 4268 prenitendo

833 4292 1072 4357 gesserit,
1099 4290 1382 4343 humanius
1412 4306 1530 4343 cum
1558 4307 1617 4344 eo
1650 4302 1776 4361 agat
1803 4293 2096 4360 episcopus,
2117 4294 2343 4346 severius
2434 4352 2435 4355 η

834 4398 953 4436 vero
988 4383 1035 4435 si
1060 4380 1412 4453 frigidiorem.

842 4561 1164 4632 Quicunque
1204 4562 1383 4616 divina
1427 4562 1602 4616 vocati
1649 4561 1842 4630 gratia,
1897 4562 2071 4631 primo
2130 4562 2342 4631 quidem
2380 4585 2423 4639 ι)

776 4655 976 4723 impetu
1031 4654 1295 4719 compulsi
1344 4654 1396 4708 in
1472 4654 1755 4724 impietate
1819 4657 2139 4710 societatem
2204 4654 2344 4708 inire

774 4748 1019 4800 reluctati
1081 4755 1245 4812 sunt,
1297 4746 1434 4802 adeo
1478 4756 1536 4800 ut
1597 4748 1887 4803 militarem
1938 4749 2101 4801 etiam
2148 4762 2342 4800 zonam

762 4836 1132 4904 deponerent,
1184 4846 1371 4907 postea
1422 4837 1679 4892 cedentes
1720 4852 1842 4906 qua:
1892 4848 2016 4892 sunt
2052 4838 2339 4905 impiorum

762 4925 955 4978 iterum
1004 4925 1257 4994 sapiunt,
1306 4925 1446 4981 adeo
1493 4937 1551 4980 ut
1595 4926 1660 4980 ad
1710 4927 1946 4996 priorem
1986 4928 2210 4980 redeant
2250 4926 2339 4979 isti

761 5027 984 5081 statum,
1018 5026 1072 5070 ct
1096 5016 1346 5071 militiam
1375 5031 1563 5072 rursus
1585 5018 1903 5089 suscipiant,
1934 5032 2027 5086 per
2048 5018 2340 5072 triennium

760 5114 905 5161 stent
934 5108 1216 5162 audientes
1238 5149 1253 5174 ,
1304 5121 1404 5175 per
1436 5108 1759 5164 decennium
1806 5109 2249 5173 succumbentes,
2282 5116 2338 5163 et

755 5199 836 5253 sic
905 5198 1241 5269 perfectione
1314 5201 1460 5271 digni
1517 5201 1839 5256 habeantur.
1910 5200 2093 5254 Liceat
2163 5210 2340 5254 autem

757 5292 1027 5361 episcopis
1072 5301 1125 5347 et
1172 5294 1438 5359 minuere,
1461 5304 1515 5349 et
1540 5307 1739 5363 angere
1782 5292 2070 5363 supplicia,
2104 5291 2170 5345 ad
2202 5304 2335 5345 cou-

755 5398 1041 5437 vcrsorum
1073 5384 1490 5454 respicientibus
1511 5383 1909 5454 pmnitentiatn,
1934 5384 1977 5438 si
2000 5398 2123 5437 cum
2147 5383 2342 5436 timore

755 5490 804 5530 et
844 5475 1127 5544 patientia,
1160 5485 1213 5533 et
1237 5476 1508 5548 lacrymis,
1545 5488 1635 5531 aut
1662 5474 2015 5545 contemptior
2045 5483 2100 5527 et
2128 5472 2340 5527 indide-

758 5576 941 5623 rentes
966 5567 1079 5622 ﬁat.

1307 5745 1415 5818 74
1436 5743 1663 5799 CANON
1708 5742 1845 5797 χιιι.

825 5832 902 5891 .⁷)ι
941 5837 1005 5891 iis
1050 5855 1224 5895 autem
1272 5841 1360 5908 qni
1403 5837 1680 5903 errr-dunt,
1715 5834 1937 5898 antiqua
1986 5843 2031 5887 ct
2080 5834 2336 5887 canonica

2451 3365 2592 3437 μετὰ
2622 3366 2735 3420 τῶν
2768 3368 3219 3438 κατηχουμένων,
3248 3368 3409 3421 τοῦτο
3436 3368 3543 3437 γὰρ
3568 3368 3721 3437 δηλοῖ
3759 3368 3821 3421 τὸ
3857 3363 4044 3439 σῂἧμα

2449 3459 2548 3513 τοῦ
2579 3458 2831 3526 εἰσιέναι,
2888 3461 2949 3513 οὑ
3026 3459 3136 3531 γὰρ
3195 3459 3414 3531 ἀληθῶς
3476 3459 3706 3513 εἴσεισιν
3770 3462 3799 3513 ὁ
3869 3459 4047 3523 οὑτως

2456 3549 2665 3614 εἰσιὼν,
2693 3549 2900 3620 ἀρκοῦν
2940 3550 3090 3622 αὑτῷ
3115 3550 3494 3622 λογιζόμενος,
3519 3551 3613 3604 τὸν
3663 3550 3787 3603 ὅλον
3817 3549 3925 3619 τῆς
3954 3552 4043 3602 δε-

2446 3643 2670 3706 καετίας
2705 3642 2899 3712 χρόνον
2932 3643 2991 3696 ἐν
3043 3642 3124 3714 τῷ
3194 3626 3464 3715 ἐπιτιμίῳ
3511 3642 3614 3712 τῆς
3669 3643 4045 3704 ὑποπτὼσεως

2446 3736 2692 3806 πληροῦν
2717 3737 2881 3790 αὑτὸν
2916 3737 3293 3791 διακελεύεται
3314 3738 3341 3790 ὁ
3374 3734 3572 3790 κανών.

2446 3828 2669 3883 ΔΡΙΣΤ.
2705 3832 2771 3883 01
2793 3830 3165 3897 βιαζόμενοι,
3197 3828 3299 3882 καί
3334 3828 3627 3893 δόξαντες
3649 3826 4039 3895 ἁντιστηναι,

2516 3916 2644 3975 εἶτα
2679 3922 3070 3991 καταθέμενοι
3152 3919 3226 3989 τῇ
3250 3921 3519 3987 ἀσεϐείᾳ,
3568 3918 3670 3971 καί
3731 3919 4043 3985 ἀναστρα-

2518 4011 2907 4081 τεινσὰμενοι,
2949 4011 3269 4065 δεκαετίαν
3322 4008 3842 4079 ἀφοριζέσθωσαν.
3897 4013 4044 4063 Σκοο

2506 4104 2734 4170 πητέον
2764 4105 2834 4158 δὲ
2862 4103 2955 4174 ἐφ’
2986 4105 3176 4159 ἅπασι
3210 4105 3275 4157 τὸ
3308 4101 3472 4170 εἶδος
3502 4103 3614 4171 τῆς
3655 4104 3989 4172 μετανοίας
4022 4114 4040 4133 ⁸

2523 4196 2620 4247 καὶ
2682 4197 3046 4264 θερμοτέρως
3111 4195 3232 4264 μὲν
3323 4196 3875 4265 μεταμελουμένου
3938 4194 4045 4249 τοῦ

2515 4285 2852 4356 δεξαμένου
2908 4285 2974 4338 τὸ
3048 4286 3349 4355 ἐπιτίμιον
3386 4289 3963 4356 φιλανθρωπότερον
4013 4287 4046 4341 ό

2516 4378 2854 4442 ἐπίσκοπος
2884 4375 3260 4439 διατιθέσθω,
3277 4376 3663 4445 ψυχροτέρως
3679 4377 3769 4441 δὲ,
3797 4376 4045 4446 «Spurci-

2516 4470 2796 4536 κώτερον.

2526 4561 2682 4613 Ὅσοι
2710 4560 2819 4613 ὑπὸ
2849 4561 2949 4629 τῆς
2987 4560 3140 4626 θείας
3169 4561 3395 4634 χάριτος
3418 4560 3868 4632 προσκληθέντες
3892 4559 4038 4613 κατὰ

2452 4650 2554 4723 μὲν
2580 4651 2681 4721 τὴν
2712 4651 2938 4723 πρώτην
2993 4653 3173 4724 ὁρμὴν
3233 4652 3551 4723 βιασθέντες
3606 4649 3908 4703 συνθέσθαι
3952 4649 4040 4719 τῇ

2448 4746 2705 4816 εὐσεϐείᾳ
2735 4746 3101 4815 ἀντέστησαν,
3127 4744 3270 4799 ὥστε
3316 4745 3412 4797 καὶ
3471 4743 3574 4811 τὴν
3628 4742 4043 4811 στρατιωτικὴν

2445 4837 2751 4892 ἀποθέσθαι
2783 4835 2961 4905 ζώνην
2990 4854 3005 4868 ο
3034 4832 3154 4889 εἷτα
3178 4834 3523 4900 ὑπείξαντες,
3568 4833 3871 4886 κατέθεντο
3910 4848 4043 4900 φρο-

2446 4929 2556 4979 νεῖν
2594 4926 2663 4979 τὰ
2693 4926 2803 4979 τῶν
2838 4926 3077 4990 ἀσεεῶν,
3098 4926 3240 4978 ὥστε
3273 4929 3351 4988 είς
3382 4925 3484 4995 τὴν
3518 4924 3801 4994 προτέραν
3844 4924 4044 4985 αὑτοὺς

2447 5019 2785 5087 καταστῆναι
2811 5019 2998 5089 τιμὴν,
3035 5020 3129 5071 καὶ
3164 5017 3263 5086 τὴν
3292 5016 3589 5086 στρατείαν
3623 5006 3804 5078 ἀὖθις
3834 5017 4046 5069 ἐπανα-

2445 5108 2632 5163 λαϐεῖν
2668 5127 2681 5140 ·
2736 5109 2829 5162 ἐπὶ
2879 5111 3123 5179 τριετίαν
3200 5109 3444 5163 εστωσαν
3522 5108 3900 5178 ἀκροώμενοι,
3954 5107 4046 5159 ἐπὶ

2445 5200 2734 5253 δεκαετίαν
2760 5200 3164 5263 ὑποπίπτοντες
3197 5215 3213 5232 ⁶
3244 5202 3337 5253 καὶ
3367 5200 3512 5253 οὑτω
3534 5203 3635 5271 τῆς
3692 5201 4048 5261 τελειώσεως

2452 5288 2852 5354 ἀξιούσθωσαν.
2872 5288 3106 5354 Ἐξνέστω
3134 5289 3190 5341 δέ
3209 5291 3321 5351 τοῖς
3342 5288 3663 5348 ἐπισκόποις
3696 5288 3796 5340 καὶ
3823 5287 4039 5354 μειοῦν.

2446 5382 2538 5434 καὶ
2572 5380 2759 5443 αὑξειν
2808 5380 2875 5431 τὰ
2906 5380 3179 5450 ἐπιτίμια,
3214 5379 3351 5449 πρὸς
3376 5380 3476 5450 τὴν
3529 5378 3830 5449 μετάνοιαν
3908 5381 4037 5445 ἀφο-

2447 5471 2585 5543 ρῶσι
2620 5471 2729 5523 τῶν
2752 5472 3212 5541 ἐπιστρεφόντων,
3265 5471 3374 5525 εἴτε
3418 5471 3515 5523 σὺν
3563 5470 3737 5539 φόϐῳ,
3770 5473 3871 5525 καὶ
3906 5472 4036 5523 ὑπο-

2448 5567 2606 5633 μονῇ,
2641 5566 2735 5616 καὶ
2780 5563 3012 5632 δάκρυσι
3079 5562 3310 5631 γίνεται,
3366 5564 3480 5616 εἴτε
3532 5561 4031 5635 καταφρονητικῶς

2444 5660 2539 5710 καὶ
2572 5656 2634 5709 ὰδ
2643 5674 2693 5709 ια
2702 5657 2903 5726 φόρως.
3463 5648 3466 5652 λ

3057 5748 3296 5801 ΚΑΝΩΝ
3321 5747 3420 5801 1Γ’.

2450 5842 2586 5910 Περὶ
2619 5840 2685 5895 δὲ
2714 5841 2829 5895 τῶν
2853 5839 3264 5906 ἐξοδευῶντων
3289 5845 3322 5895 ό
3356 5841 3616 5907 παλαιὸς
3647 5843 3748 5894 καί
3800 5853 4029 5894 κανονι-
