4222 6460
807 434 915 522 279

2067 425 2344 488 THEOD.
2389 421 2791 483 BALSAMON

3954 386 4062 467 236

874 520 1062 599 Omnis
1089 540 1262 595 ﬁdelis
1291 541 1345 594 in
1371 546 1617 594 extremo
1649 538 1845 608 spiritu
1879 536 2006 591 boni
2042 535 2222 589 viatici
2257 547 2380 601 par-
2409 528 2460 587 A

2558 530 2672 590 Πᾶς
2698 526 2892 607 πιστρς
2918 523 3029 595 (62)
3065 526 3125 576 ὲν
3169 526 3291 586 ταῖς
3344 521 3683 581 τελευταίαις
3761 513 4065 573 ἀναπνοαῖς

805 637 977 704 ticeps
1023 632 1133 695 ﬁet,
1191 630 1408 685 sanitati
1463 640 1642 683 autem
1689 628 1968 683 restitutus
2013 640 2133 680 cum
2174 625 2241 678 iis
2275 624 2381 677 erit

803 727 895 794 qui
937 724 1244 778 orationum
1287 731 1412 775 sunt
1446 720 1757 789 participes,
1794 719 1886 771 sed
1936 717 2242 771 divinorum
2287 729 2378 768 sa—

805 819 1207 864 cramentorum
1250 817 1459 877 partem
1533 822 1638 859 nou
1703 805 1943 859 habebit.
2004 803 2108 858 Sed
2161 802 2378 872 expleto

808 910 1052 969 tempore
1079 914 1188 968 quo
1218 899 1271 953 in
1294 897 1634 952 orationibus
1657 897 1955 950 consistere
1980 894 2160 958 debet,
2193 902 2378 962 postea

805 1004 858 1048 et
897 993 990 1048 illa
1021 993 1193 1062 gratia
1223 992 1418 1060 dignus
1455 988 1760 1044 habebitur.

1017 1239 1024 1247 _
1388 1167 1622 1223 CANON
1659 1166 1802 1222 xw.

808 1261 885 1314 De
914 1261 1323 1323 eateclmmenis,
1347 1268 1396 1312 et
1423 1259 1513 1328 qui
1548 1259 1683 1328 lapsi
1717 1267 1861 1322 sunt,
1883 1258 2050 1311 visum
2080 1267 2155 1312 est
2184 1268 2381 1312 saneta:

875 1362 926 1406 et
967 1367 1173 1423 magna
1213 1352 1436 1420 synodo,
1479 1362 1533 1403 ut
1569 1351 1608 1403 ii
1654 1350 1820 1403 tribus
1857 1349 2012 1403 annis
2040 1358 2242 1403 tantum
2279 1366 2379 1404 au»

879 1446 1097 1510 dientes,
1133 1452 1307 1511 postea
1329 1451 1478 1497 orent
1503 1458 1620 1493 cum
1649 1442 2052 1495 calce/materiis.

878 1619 1074 1676 BALS.
1126 1621 1260 1675 Eum
1306 1621 1401 1690 qui
1446 1633 1511 1674 ex
1554 1619 1868 1674 inﬁdelitate
1901 1621 1968 1672 ad
2004 1633 2185 1672 veram
2222 1618 2379 1672 fidem

811 1714 1058 1774 accessit.
1080 1721 1134 1766 et
1160 1712 1406 1766 initiatus
1429 1721 1510 1766 est
1540 1729 1554 1765 :
1590 1722 1643 1766 et
1675 1720 1797 1780 post
1828 1709 2190 1765 initiationem
2222 1710 2380 1763 aber-

809 1804 974 1867 ravit,
1006 1811 1062 1857 et
1089 1803 1324 1871 priorem
1355 1803 1802 1872 superstitionem
1843 1802 2084 1870 repetiit,
2113 1816 2218 1855 non
2248 1800 2382 1855 sim-

811 1893 1027 1963 pliciter
1071 1897 1137 1947 ad
1185 1893 1705 1969 catechumenorum
1760 1892 1942 1947 locum
1984 1906 2177 1947 rursus
2221 1890 2386 1960 recipi
2420 1875 2463 1931 Β

811 1986 1128 2040 redeuntem
1185 1987 1359 2040 sancti
1417 1983 1606 2039 Patres
1681 1985 1942 2038 definiunt
1995 2000 2010 2037 :
2084 1983 2180 2037 sed
2238 1984 2391 2053 prius

811 2076 1044 2132 triennio
1082 2085 1235 2130 extra
1275 2076 1528 2145 templum
1571 2085 1718 2131 stare
1745 2092 1865 2130 cum
1897 2075 2282 2130 audientibus:
2328 2089 2393 2129 eo

812 2177 1017 2221 autem.
1045 2169 1287 2237 impleto,
1325 2169 1378 2222 in
1407 2167 1646 2237 priorem
1681 2175 1885 2223 statum
1929 2177 1987 2226 et
2021 2168 2264 2223 ordinem
2297 2182 2392 2221 ca-

814 2256 1263 2312 techumenorum
1293 2257 1482 2326 recipi.

889 2517 1140 2574 ZONAR.
1179 2519 1278 2585 Qui
1315 2520 1384 2573 ob
1421 2519 1541 2574 ﬁdei
1567 2518 1958 2589 amplectandac
1983 2520 2222 2575 studium
2253 2521 2396 2575 inter

817 2611 1241 2664 catechumenos
1272 2610 1448 2673 relati,
1491 2619 1672 2679 postea
1711 2611 1848 2680 lapsi
1887 2609 2126 2672 luerunt,
2167 2626 2260 2665 eos
2305 2626 2393 2664 or-

822 2700 950 2753 dine
995 2709 1048 2754 et
1092 2701 1325 2755 sta-tione
1367 2702 1887 2755 catechumenorum
1923 2703 2219 2755 movendos
2250 2716 2392 2764 esse,

816 2806 881 2844 ac
929 2791 1219 2846 triennium
1275 2793 1418 2846 inter
1463 2793 1745 2847 audientes
1797 2793 2035 2862 exigere,
2081 2808 2145 2847 eo
2189 2792 2392 2861 elapso,

817 2883 1054 2949 priorem
1078 2884 1324 2937 ordinem
1355 2884 1544 2954 et75
1576 2884 1868 2938 stationem
1901 2894 2165 2952 repetere,
2190 2892 2394 2939 etcum

818 2966 1227 3028 cateclmmenis
1290 2987 1490 3039 orare,
1545 2984 1862 3029 sanctorum
1902 2973 2123 3028 Patrum
2178 2967 2397 3028 decreto

819 3072 1036 3116 cautum
1073 3075 1176 3118 est.

820 3153 1050 3209 ARIST.
1087 3153 1147 3209 Si
1192 3156 1310 3224 quis
1344 3155 1737 3210 catechumenus
1765 3157 1940 3226 lapsus
1957 3160 2134 3225 luerit,
2170 3166 2272 3215 tres
2303 3160 2396 3213 iste
2423 3196 2466 3254 ε

892 3264 1057 3302 annos
1093 3247 1274 3301 audiat
1303 3248 1456 3316 idque
1499 3248 1691 3313 solum,
1715 3250 1900 3303 deinde
1969 3266 2087 3303 cum
2151 3253 2396 3305 catechu-

892 3339 1059 3391 menis
1105 3349 1239 3391 oret.

896 3429 1025 3482 Duae
1072 3441 1200 3483 sunt
1259 3430 1470 3500 Species
1522 3430 2088 3486 catechumenorum:
2155 3431 2399 3487 nonnulli

826 3521 972 3575 enim
1005 3520 1165 3576 modo
1192 3518 1553 3583 advenerunt.
1585 3521 1673 3576 alii
1703 3532 1996 3577 evaserunt
2025 3523 2398 3593 perfectiores,

827 3611 881 3664 in
920 3609 1025 3666 tide
1061 3612 1394 3666 sumcienter
1425 3612 1649 3666 initiati.
1700 3613 1996 3669 i’erlectior
2041 3615 2220 3683 itaque
2249 3624 2401 3670 cate-

829 3705 1128 3758 chumeuus
1157 3703 1341 3773 lapsus
1372 3712 1426 3758 et
1447 3719 1676 3771 peccans
1704 3705 1823 3760 sine
1849 3706 2271 3773 reprehensione
2298 3722 2401 3762 non

830 3795 1177 3864 relinquitur,
1232 3796 1445 3850 tametsi
1498 3811 1711 3851 sacrum
1749 3798 2016 3866 baptisma
2074 3799 2140 3852 ad
2188 3815 2402 3854 omnem

833 3891 1147 3944 diluendam
1193 3896 1411 3945 sordem
1460 3890 1737 3945 sufﬁciens
1760 3893 1848 3957 sit,
1879 3893 1973 3946 sed
2014 3892 2156 3945 inter
2179 3893 2407 3946 audien-

835 3995 915 4037 tes
951 3982 1269 4048 collocatur,
1301 3992 1353 4034 et
1386 3989 1504 4049 post
1530 3982 1817 4036 triennium
1853 3997 1976 4036 cum
2002 3983 2408 4038 catechumenis

836 4088 1052 4126 rursum
1105 4082 1380 4141 precatur.
1418 4070 1611 4144 Quare
1643 4081 1698 4127 et
1733 4072 1925 4144 synodi
1952 4073 2410 4130 Neoczesariousis

835 4179 958 4218 can.
994 4164 1046 4218 5.

1430 4251 1663 4307 CANON
1702 4251 1818 4306 XV.

835 4349 1062 4415 Propter
1106 4345 1329 4399 inuitum
1373 4346 1677 4410 tumultum,
1717 4355 1765 4398 et
1797 4344 2076 4399 seditiones
2106 4361 2222 4413 qua:
2255 4345 2411 4413 ﬁunt,

907 4441 1118 4494 omnino
1148 4440 1315 4493 visum
1357 4449 1454 4500 est,
1480 4448 1537 4491 ut
1562 4439 1881 4491 consuetudo
1898 4455 2014 4507 qua:
2046 4447 2235 4504 praeter
2251 4454 2409 4491 cana.

2440 2332 2443 2336 ί
2496 2257 2890 2329 πληρωθείσης

2485 619 2771 691 ’γινόμενος
2799 618 2895 672 τοῦ
2946 618 3154 686 ἀγαθοῦ
3186 615 3402 684 ἐφοδίου
3453 612 3826 676 ὲπιτεύξετᾳι.
3876 608 4070 674 Ὑγια-

2487 732 2586 774 νας
2622 715 2698 776 δὲ,
2730 713 2871 780 μετά
2901 711 3012 763 τῶν
3043 708 3446 762 κοινωνούντων
3473 705 3583 757 τῶν
3611 703 3790 772 εὐχῶν
3853 701 4012 752 ἔσται
4052 713 4070 728 ⁶

2484 808 2546 860 οὐ
2581 805 2766 874 μέντοι
2810 822 2873 871 γε
2911 804 3005 856 καὶ
3035 802 3146 854 τῶν
3175 800 3336 854 θείων
3368 797 3728 867 ἀγιασμάτων
3761 792 4069 864 μετάσχοι·

2487 898 2620 950 ἀλλὰ
2649 895 2944 965 πληρώσας
2971 894 3030 946 ὲν
3060 893 3178 954 ταῖς
3204 891 3396 959 εὐχαῖς
3442 890 3534 941 τὸν
3583 887 3684 954 τῆς
3747 883 4074 944 συστάσεως

2487 989 2698 1059 χρόνον,
2736 987 2928 1039 ἔκτοτε
2966 986 3062 1038 καὶ
3127 983 3226 1051 τῆς
3292 982 3514 1051 χάριτος
3571 977 3772 1045 ταύτης
3829 973 4042 1042 ἀξιωθή

2488 1096 2667 1132 σεται.

3131 1162 3372 1216 ΚΛΝΩΝ
3397 1158 3497 1214 ῙΔ’.

2487 1258 2628 1326 Περὶ
2697 1257 2817 1311 τῶν
2880 1253 3350 1324 κατηχουμένων
3434 1252 3533 1304 καὶ
3591 1248 4078 1317 παραπεσόντων

2558 1348 2728 1412 ἔδοξε
2763 1342 2834 1418 τῇ
2857 1346 2993 1415 ἁγίᾳ
3017 1345 3115 1399 καί
3142 1343 3378 1411 μεγάλῃ
3399 1341 3661 1407 συνόδῳ,
3687 1339 3865 1402 ὥστε,
3897 1335 4079 1405 τριῶν

2557 1439 2710 1494 ἐτῶν
2734 1438 2959 1504 αὐτοὺς
2985 1435 3408 1510 ἀκροωμένους
3459 1434 3670 1501 μόνον,
3701 1430 3851 1501 μετὰ
3885 1429 4079 1485 ταῦτα

2557 1533 2843 1599 εὔχεσθαι
2865 1529 3017 1596 μετὰ
3041 1528 3157 1580 τῶν
3194 1524 3686 1592 κατηχουμένων.

2557 1623 2755 1676 ΒΑΛΣ.
2786 1623 2891 1694 Τδν
2912 1619 2970 1684 ἐξ
3002 1619 3261 1680 ἀπιστίας
3290 1619 3356 1686 τῇ
3413 1616 3607 1685 ἀληθεῖ
3669 1614 3852 1667 πίστει
3907 1629 4077 1684 προσ·

2489 1715 2734 1779 ελθόντα,
2816 1713 2913 1766 καὶ
2939 1711 3348 1782 κατηχηθέντα,
3385 1709 3480 1761 καὶ
3511 1707 3651 1777 μετὰ
3723 1707 3827 1773 τὴν
3903 1707 4080 1774 κατήο

2493 1822 2653 1876 χησιν
2717 1801 3086 1872 πλανηθέντα,
3151 1800 3249 1853 καὶ
3301 1799 3400 1868 τὴν
3475 1797 3699 1866 πρώτην
3775 1794 4081 1862 θρησκείαν

2494 1895 2827 1964 ζητήσαντα,
2852 1891 2926 1962 μὴ
2955 1890 3142 1951 ἁπλῶς
3176 1887 3430 1958 δέχεσθαι
3461 1887 3541 1947 είς
3599 1885 3690 1937 τὸν
3743 1884 3915 1937 τόπον
3972 1883 4080 1935 τῶν

2496 1986 2952 2056 κατηχουμένων,
2987 1983 3152 2037 πάλιν
3188 1981 3630 2050 ὑποστρέφοντα.
3660 1979 3710 2030 οἱ
3768 1978 3920 2046 ἅγιοι
3971 1977 4082 2028 Πα-

2494 2079 2650 2150 τέρες
2677 2076 3032 2147 διορίζονται,
3062 2073 3199 2127 ἀλλά
3229 2073 3505 2143 πρότερον
3536 2069 3631 2122 ἐπὶ
3697 2068 3915 2140 τριετίᾳ
3950 2067 4083 2133 ἔξω·

2497 2173 2588 2226 θεν
2622 2171 2717 2224 τοῦ
2770 2170 2901 2223 ναοῦ
2961 2167 3214 2221 ἵστασθαι
3273 2166 3413 2237 μετὰ
3488 2165 3600 2217 τῶν
3662 2164 4080 2234 ἀκροωμένων

2973 2257 3029 2308 δὲ
3106 2256 3334 2322 ταύτης,
3439 2253 3922 2307 ἀποκαθίστασθαι
4007 2254 4085 2316 είς

2495 2352 2596 2420 τὴν
2671 2350 2945 2423 προτέραν
3034 2347 3190 2414 τάξιν
3238 2348 3330 2400 καὶ
3413 2347 3607 2400 στάσιν
3666 2346 3774 2398 τῶν
3818 2362 4087 2415 κατηχοο-

2500 2445 2698 2512 μένων.

2497 2543 2500 2547 ’
2572 2531 2820 2585 ΖΩΝΑΡ.
2857 2530 2983 2584 Ἐάν
3016 2547 3163 2592 τινες
3197 2529 3592 2598 προσελθόντες
3639 2530 3704 2598 τῇ
3747 2528 3964 2589 πίστει,
3995 2528 4091 2578 καὶ

2497 2621 2782 2690 γενόμενοι
2817 2621 3249 2692 κατηχούμενοι,
3327 2619 3744 2689 παραπέσωσιν,
3819 2617 4092 2670 ὐποὸιὸἁ-

2498 2708 2688 2773 ζεσθαι
2712 2708 2812 2778 τῆς
2845 2707 3052 2772 τάξεως
3084 2708 3179 2761 καὶ
3207 2708 3306 2776 τῆς
3356 2707 3602 2768 στάσεως
3636 2706 3746 2758 τῶν
3806 2722 4091 2774 κατηχού-

2506 2802 2684 2870 μένων
2729 2799 3048 2870 ὠρίσθησαν
3070 2799 3222 2868 παρὰ
3254 2796 3363 2850 τῶν
3394 2799 3568 2866 ἁγίων
3590 2797 3889 2865 Πατέρων,
3922 2797 4018 2848 καὶ
4037 2797 4096 2847 ὲν

2499 2892 2575 2960 τῷ
2598 2893 2704 2945 τῶν
2727 2892 3100 2959 ἀκροωμένων
3125 2889 3389 2959 ἐπιτιμίῳ
3415 2889 3661 2956 γίνεσθαι
3695 2889 3789 2940 ἐπὶ
3819 2890 4096 2957 τριετίαν,

2504 2977 2625 3035 εἶτα
2692 2981 2857 3033 πάλιν
2915 2979 3317 3049 ἐπανέρχεσθαι
3340 2977 3477 3047 πρὸς
3510 2979 3611 3046 τὴν
3635 2977 3917 3047 προτέραν
3941 2977 4097 3039 τάξιν

2499 3069 2594 3122 καὶ
2635 3068 2846 3132 στάσιν,
2919 3067 3015 3120 καὶ
3060 3066 3421 3135 συνεύχεσθαι
3474 3067 3588 3128 τοῖς
3622 3064 4091 3134 κατηχουμένοις.

2499 3159 2720 3213 ΔΡΙΣΤ.
2751 3157 2950 3222 Ettig-
2979 3158 3321 3224 παραπέσοι
3369 3156 3864 3224 κατηχούμενος,
3915 3150 4098 3218 οὗτος

2567 3247 2769 3315 τρισίν
2821 3246 3137 3314 ἀκροάσθω
3181 3246 3280 3299 καί
3333 3247 3556 3314 μόνον·
3603 3244 3732 3298 εἶτα
3783 3245 3940 3312 μετὰ
3979 3242 4102 3296 τῶν

2569 3339 3034 3408 κατηχυυμένων
3073 3338 3368 3406 εὐχέσθω.
3946 3331 3948 3333 ’

2572 3433 2676 3484 Δύο
2724 3430 2838 3498 εῐδη
2904 3430 3015 3482 τῶν
3078 3429 3532 3497 κατηχουμένων.
3578 3429 3641 3482 Ol
3693 3427 3799 3496 μὲν
3831 3427 3948 3495 γὰρ
3975 3426 4099 3496 ἄρτι

2503 3522 2916 3594 προσέρχονται,
2971 3521 3022 3573 oi
3056 3519 3112 3574 δὲ
3134 3518 3750 3589 γεγόνασιτελεὼτεροι,
3787 3519 3878 3586 ἐφ’
3918 3518 4101 3570 ίκανδν

2503 3615 2570 3668 τὰ
2597 3615 2696 3684 τῆς
2735 3615 2970 3675 πίστεως
3000 3613 3324 3684 μυηθέντες.
3366 3612 3426 3665 Ὀ
3457 3612 3592 3681 γοῦν
3624 3611 3859 3664 τελεὼτε
3869 3628 3969 3681 ρος
3999 3628 4096 3663 και

2503 3706 2863 3775 τηχούμενος,
2887 3705 3225 3776 παραπεσὼν
3254 3705 3350 3757 καὶ
3382 3704 3722 3779 ἁμαρτήσας
3757 3702 4100 3769 ἀνεπιτίμηο

2505 3815 2597 3860 τος
2622 3799 2723 3851 οὐκ
2754 3799 2940 3863 ἐᾶται,
2984 3798 3089 3850 κᾶν
3130 3799 3224 3850 καὶ
3254 3797 3316 3849 τὸ
3368 3797 3527 3864 ἅγιον
3574 3796 3870 3865 βάπτισμα
3914 3793 4103 3848 ἱκανόν

2509 3892 2623 3945 ἐστι
2677 3890 2856 3944 πάντα
2899 3891 3068 3962 ῥύπον
3110 3890 3343 3959 ψυχικὸν
3387 3887 3736 3942 ἀποπλῦναι·
3779 3885 3926 3941 ἀλλά
3967 3885 4104 3952 μετά

2509 3983 2618 4036 τῶν
2671 3981 3039 4052 ἀκροωμένων
3087 3981 3472 4046 συντάττεται,
3529 3979 3625 4032 καὶ
3676 3979 3816 4048 μετά
3858 3979 4106 4047 τριετίαν

2483 4133 2494 4138 _
2515 4075 2652 4144 μετὰ
2693 4075 2801 4126 τῶν
2830 4073 3255 4144 κατηχουμένων
3287 4068 3441 4133 αὖθις
3469 4069 3815 4140 συνεύχεται.
3848 4072 3971 4124 Καὶ
4006 4070 4102 4138 Ci)-

2511 4185 2594 4220 τει
2631 4166 2728 4236 τῆς
2756 4166 2813 4219 ἐν
2839 4165 3243 4234 Νεοκαισαρείᾳ
3278 4161 3497 4216 συνόδου
3525 4164 3728 4216 κανόνα
3750 4160 3816 4216 ε’.

3112 4257 3351 4310 ΚΑΝΩΝ
3392 4254 3490 4309 1Ε’.
3946 4314 3950 4318 ,

2516 4352 2620 4406 Διὰ
2669 4350 2776 4404 τὸν
2821 4349 3024 4403 πολὺν
3075 4349 3343 4417 τάραχον
3396 4347 3494 4401 καί
3541 4347 3651 4413 τὰς
3694 4345 3960 4411 στάσεις
4009 4345 4114 4410 τὰς

2587 4443 2906 4512 γινομένας
2979 4440 3155 4503 ἔδοξε
3234 4439 3588 4492 παντάπασι
3661 4438 4115 4506 περιαιρεθῆναι

911 4550 1023 4586 nent
1055 4535 1106 4585 in
1138 4532 1403 4584 nonnullis
1429 4531 1668 4600 partibus
1698 4531 1980 4595 inuenitur,
2022 4528 2264 4592 tollatur,
2299 4539 2352 4582 ut
2386 4546 2416 4581 a
2450 4525 2464 4581 Ι

2594 4533 3061 4601 τὴνσυνήθειαν
3105 4531 3221 4598 τὴν
3254 4531 3412 4600 παρὰ
3441 4532 3546 4584 τὸν
3591 4531 3826 4584 κανόνα
3859 4531 4116 4599 εὑρεθεῖ-

909 4626 1121 4679 civitate
1167 4624 1220 4675 in
1261 4624 1522 4675 civitatem
1554 4638 1644 4674 nec
1673 4621 1965 4689 episcopus,
2006 4636 2095 4674 nec
2123 4620 2412 4690 presbyter,

911 4734 1001 4770 nec
1041 4717 1298 4769 diaconus
1331 4723 1590 4767 transeat.
1628 4712 1686 4767 Si
1712 4714 1828 4781 quis
1866 4722 2039 4764 autem
2075 4721 2192 4779 post
2216 4720 2418 4777 sancta:

909 4821 958 4863 et
1001 4825 1206 4879 magna:
1254 4809 1445 4876 synodi
1477 4805 1832 4874 deﬁnitionem
1879 4803 1982 4857 tale
2021 4804 2293 4872 quidpiam
2325 4820 2417 4871 ag-

911 4918 1120 4968 gressus
1159 4899 1342 4968 fuerit,
1384 4898 1462 4951 rei
1499 4913 1553 4950 se
1612 4897 1686 4948 rei
1727 4896 1986 4964 ejusmodi
2024 4894 2243 4956 dederit,
2281 4894 2420 4962 quod

911 4995 1110 5063 factum
1165 4990 1263 5043 erit
1335 4988 1547 5041 omnino
1611 4985 1972 5055 inﬁrmabitur
2007 5023 2022 5048 ,
2081 4993 2128 5038 et
2191 4983 2421 5038 ecclesiae

911 5086 1222 5137 restituetur
1275 5082 1360 5135 cui
1403 5080 1686 5150 episcopus
1713 5085 1790 5134 vet
1827 5078 2098 5148 presbyter
2149 5076 2424 5130 ordinatus

915 5174 1093 5244 fuerit.

2591 4641 2713 4677 σαν
2758 4624 2828 4677 ἔν
2884 4640 3008 4677 τισι
3055 4623 3328 4692 μέρεσιν,
3380 4621 3538 4676 ὥστε
3580 4621 3696 4675 ἀπὸ
3747 4623 3996 4687 ,πόλεως
4029 4624 4114 4686 είς

2595 4718 2776 4769 πόλιν
2827 4715 2913 4784 μὴ
2937 4715 3322 4784 μεταϐαίνειν
3360 4713 3513 4784 μήτε
3565 4714 3941 4780 ἐπίσκοπον,
3962 4715 4114 4783 μήτε

2596 4807 3024 4874 πρεσϐύτερον,
3063 4804 3216 4872 μήτε
3256 4804 3568 4858 διάκονον.
3628 4804 3698 4857 Et
3729 4802 3800 4854 δέ
3831 4820 3929 4869 τις
3967 4804 4115 4872 μετὰ

2593 4899 2702 4950 τὸν
2730 4896 2840 4965 τῆς
2885 4897 3058 4963 ἁγίας
3089 4896 3187 4949 καὶ
3234 4893 3500 4964 μεγάλης
3531 4894 3804 4948 συνόδου
3832 4895 3983 4961 ὅρον
4007 4913 4116 4948 rat-

2603 4988 2757 5053 ούτῳ
2814 4987 2929 5039 τινι
2973 4983 3452 5054 ἐπιχειρήσειεν,
3512 4983 3550 5050 ’ἣ
3604 4983 3843 5051 ἐπιδοίη
3897 4985 4117 5039 ἑαυτὸν

2593 5077 2887 5146 πράγματι
2912 5077 3180 5140 τοιούτῳ,
3210 5073 3658 5144 ἀκυρωθήσεται
3675 5074 4027 5142 ἑξὰπαντος
4049 5075 4112 5129 τὸ

2600 5171 3096 5238 κατασκεύασμα,
3165 5168 3266 5222 καί
3327 5166 3982 5232 ἀποκατασταθςήσεται
4045 5166 4117 5234 τῇ

2607 5263 2924 5329 ἐκκλησίᾳ,
2953 5263 3024 5314 ἐν
3050 5255 3088 5333 ᾗ
3113 5263 3144 5315 ό
3173 5261 3509 5326 ἐπίσκοπος
3544 5258 3582 5327 ἢ
3633 5261 3667 5312 d
3697 5261 4114 5328 πρεσϐύτερος

2599 5353 3048 5424 ἐχειροτονήθη.

2087 5446 2280 5509 Guill.
2318 5449 2641 5527 Beveregii
2678 5457 2869 5510 nota}.

942 5563 1034 5630 62’,
1071 5559 1194 5626 Πᾶς
1222 5558 1463 5622 πιστός.
1501 5553 1601 5630 llic
1626 5562 1866 5630 _erratu_m
1902 5551 1955 5605 in
1991 5549 2231 5630 Aristeni
2262 5548 2429 5630 scho-

852 5640 920 5691 lia
960 5622 1248 5701 irrepsisse
1287 5642 1445 5682 nemo
1497 5625 1758 5701 ambigat:
1794 5623 1979 5678 Canon
2013 5622 2323 5701 enimtuon
2358 5623 2425 5701 de

853 5689 1126 5764 ﬁdelibus,
1158 5701 1250 5755 sed
1283 5708 1490 5750 tantum
1521 5697 1586 5749 de
1625 5689 1811 5759 lapsis,
1847 5703 1900 5746 et
1935 5691 2308 5761 pwuiteutiam

851 5777 997 5829 exilit
1051 5760 1175 5825 vita:
1225 5769 1510 5839 agentibus
1571 5765 1832 5839 loquitur.
1879 5760 1944 5839 Et
2004 5770 2262 5839 praeterea
2311 5760 2420 5823 πᾶς

856 5849 1067 5910 πιστὸς,
1101 5831 1483 5908 οηιηεέῇιίρίσι
1523 5831 1684 5893 etiam
1717 5834 1936 5892 sanitati
1968 5831 2199 5888 restituti
2233 5845 2416 5886 sacra.-

2544 5564 2848 5607 nieutorum
2884 5551 3204 5623 participes
3237 5556 3437 5623 erunt;
3477 5556 3666 5623 contra
3701 5561 3766 5601 ac
3796 5543 3892 5598 hic
3923 5542 4124 5623 asseri—

2540 5632 2666 5676 tur:
2707 5623 2848 5690 quod
2882 5621 3063 5682 itaque
3085 5617 3260 5675 codici
3295 5635 3394 5672 ms.
3429 5634 3539 5688 quo
3574 5617 3654 5672 usi
3691 5629 3914 5690 sumus.
3938 5617 4123 5690 potius

2534 5708 2693 5760 quam
2727 5683 2843 5760 'ipsi
2877 5692 3132 5744 Aristeno
3174 5683 3579 5743 attribueudum
3607 5698 3711 5742 est.
3759 5683 3953 5753 Neque
3971 5683 4120 5740 enim

2533 5763 2644 5819 haec
2671 5777 2780 5819 tam
2814 5762 2975 5820 obvia
3001 5761 3317 5816 Aristeuum
3352 5760 3519 5815 latere
3550 5763 3872 5832 potuerunt.
