4222 6460
167 355 261 420 28}

163 562 563 632 λειτουργείτω,
595 562 784 631 φησὶν,
809 562 838 612 δ
861 559 1121 628 κληρικδς
1143 561 1172 612 ό
1200 559 1351 626 παρὰ
1386 555 1612 624 γνώμην
1643 553 1732 606 τοῦ

163 656 364 707 οίκείου
390 653 689 706 ἐπισκόπου
721 653 828 705 ἀπὸ
857 653 1065 715 πόλεως
1095 654 1170 713 είς
1207 651 1361 702 πόλιν
1404 647 1738 717 μεθιστάμε-

177 760 287 806 νος·
340 747 368 795 ὁ
411 745 466 796 δὲ
520 744 712 811 παρὼν
741 743 920 796 κανὼν
947 745 1012 794 τὰ
1059 743 1198 794 αύτᾶ
1232 742 1326 794 καὶ
1360 743 1487 809 περὶ
1521 737 1738 790 ἐπισκό-

163 846 282 881 πων
314 831 685 898 διοριζόμενος
719 831 922 884 άκυοον
953 827 1090 883 εἷναί
1116 847 1246 900 φησι
1277 830 1336 882 τὸ
1364 830 1514 899 παρὰ
1554 825 1726 881 ταῦτα

165 923 298 984 ἴσως
322 938 383 989 γε
393 941 456 991 νη
465 923 710 991 σόμενον.
986 967 998 980 .

685 1012 888 1080 Ἑτέρα
923 1011 1224 1080 ἑρμηνεία.

237 1104 347 1156 Τοῦ
373 1103 434 1156 ιδ’
485 1104 841 1157 ἀποστολικοῦ
895 1106 1115 1166 κανόνος
1147 1104 1245 1173 τὴν
1297 1104 1392 1172 μὲν
1437 1103 1544 1155 ἀπ’)
1599 1121 1739 1172 παρο

167 1193 348 1253 οικίας
375 1196 454 1256 είς
485 1195 778 1261 παροικίαν
819 1195 1075 1246 ἐπίϐασιν
1109 1195 1228 1264 ⁴ἦτοι
1277 1194 1609 1263 ἐπιπήδησιν
1635 1195 1744 1247 τῶν

167 1286 486 1338 ἐπισκόπων
511 1287 834 1349 κωλύοντος,
859 1287 956 1356 τὴν
973 1286 1029 1340 δέ
1053 1285 1339 1354 μετάθεσιν
1361 1286 1744 1355 ἐπιτρέποντος

166 1378 256 1428 Eni
292 1377 535 1447 μεγάλην
564 1379 659 1430 καὶ
683 1377 904 1444 εῠ>.ογον
945 1376 1125 1429 αἰτίαν
1152 1391 1166 1405 ·
1217 1377 1311 1428 καὶ
1354 1375 1451 1428 τοῦ
1508 1375 1583 1439 ις’
1641 1393 1743 1428 κα-

169 1469 324 1531 νόνος
366 1469 468 1537 τῆς
520 1472 577 1522 ἐν
637 1469 938 1537 Ἀντιοχείᾳ
993 1457 1209 1520 συνόδου
1241 1468 1612 1537 διοριζομένου
1657 1467 1746 1519 τον

171 1557 510 1626 σχολάζοντα
553 1557 647 1610 ἐπὶ
671 1559 1043 1628 σχολάζουσαν
1082 1558 1434 1625 μεταδαίνειν
1463 1558 1600 1627 μετὰ
1627 1557 1746 1610 dca-

169 1649 430 1714 γνιίσεως
455 1649 549 1701 καὶ
568 1648 969 1717 παρακλήσεως
999 1644 1212 1709 τελείας
1244 1645 1464 1699 συνόδου
1490 1663 1505 1678 ·
1569 1644 1750 1698 ὡσαύ-

170 1759 280 1803 τως
310 1741 408 1793 καὶ
436 1740 530 1794 τοῦ
563 1738 611 1793 α’
651 1742 746 1793 καὶ
767 1739 1020 1809 δευτέρου
1052 1738 1275 1800 κανόνος
1301 1738 1403 1806 τῆς
1431 1741 1488 1790 ἐν
1514 1737 1746 1807 Σαρδικῇ

169 1835 397 1887 συνόδου
453 1833 704 1902 μεγάλως
757 1793 1096 1896 κολαζόντων
1139 1835 1228 1883 τὸν
1253 1793 1612 1900 διὰ-μεθόδού
1654 1793 1750 1882 καλ
1784 1794 1826 1851 Β

170 1922 490 1992 οἰκονομίας
520 1923 732 1992 φαύλης
767 1923 865 1990 τὴν
905 1921 1179 1992 λαχοῦσαν
1213 1923 1374 1974 αὑτὸν
1399 1920 1753 1990 καταλιμπά-

170 2031 357 2078 νοντα,
395 2015 491 2066 καὶ
525 2014 750 2083 μείζονα
793 2014 1089 2082 ἐκκλησίαν
1126 2013 1461 2082 ἁρπάζοντα,
1514 2014 1610 2064 καὶ
1658 2011 1750 2064 τοῦ

172 2106 447 2172 παρόντος
493 2110 554 2156 ιε’
595 2105 823 2166 κανόνος
893 2104 991 2172 τῆς
1047 2100 1096 2157 α’
1170 2105 1389 2156 συνόδου
1437 2103 1755 2156 παντάπασι

178 2197 279 2264 μὲν
315 2195 617 2258 κωλύοντος
644 2196 742 2265 τὴν
792 2196 898 2250 ἀπὸ
932 2196 1138 2257 πόλεως
1163 2197 1242 2256 είς
1269 2196 1426 2248 πόλιν
1456 2195 1756 2264 μετάὸασιν

171 2284 285 2335 τῶν
303 2284 638 2348 ἐπισκόπων,
659 2283 769 2336 τῶν
789 2285 1198 2351 πρτσόυτέρων,
1216 2286 1311 2337 καὶ
1333 2283 1438 2338 τῶν
1463 2285 1748 2351 διακόνων,

177 2375 256 2444 μὴ
315 2375 635 2437 κολάζοντος
678 2375 991 2444 δὲ’ταύτην,
1041 2375 1176 2426 ἀλλὰ
1204 2374 1576 2444 διοριζομένου
1623 2376 1759 2427 ἀκυ-

177 2465 415 2534 ροῦσθαι
455 2466 516 2517 τὸ
564 2466 1021 2533 κατασκεύασμα,
1050 2467 1143 2519 καὶ
1167 2467 1645 2522 ἀποκαθίστασθαι
1690 2471 1757 2540 τῇ

178 2558 432 2626 προτέρᾳ
460 2557 728 2627 ἐκκλησία
750 2559 841 2610 τὸν
871 2559 1193 2621 ἐπίσκοπον,
1252 2560 1284 2628 ἢ
1333 2560 1423 2611 τὸν
1454 2560 1761 2626 πρεσῦύτε-

82 2657 91 2665 ’
181 2665 302 2716 ρον,
331 2647 366 2716 ἢ
385 2649 476 2699 τὸν
507 2648 754 2700 διάκονον
778 2651 854 2708 είς
881 2650 947 2718 ἣν
977 2651 1489 2719 ἐχειροτονήθησαν,
1511 2650 1657 2704 είποι
1678 2669 1760 2715 τις

179 2737 562 2792 ἐναντιοῦσθαι
588 2740 714 2802 τοὺς
735 2739 966 2802 κανόνας
997 2741 1265 2810 ἀλλήλοις,
1299 2740 1437 2796 άλλα
1487 2743 1582 2796 καὶ
1626 2740 1763 2796 ἄλλα

181 2829 675 2898 θεσμοθετοῦντας.
720 2831 860 2884 Ἀλλ’
885 2832 986 2884 οὐκ
1020 2834 1139 2885 ἐστι
1169 2834 1347 2885 τοῦτο.
1381 2833 1624 2903 Διαφορὰ
1656 2835 1766 2904 γάρ

187 2925 343 2975 ἐστιν
369 2922 620 2991 ἀλλήλοις
640 2925 1006 2993 μεταθέσεως,
1042 2925 1416 2994 μεταὸάσεως,
1455 2928 1549 2979 καὶ
1578 2927 1770 2979 ἐπιϐα-

182 3013 331 3073 σίας.
386 3013 691 3074 Μετάθεσις
748 3014 856 3084 γάρ
909 3018 1060 3068 ἐστιν
1194 3016 1301 3068 ἀπὸ
1355 3017 1649 3086 παροικίας
1687 3019 1766 3080 είς

1202 352 1286 411 IN
1324 351 1492 412 CAN.
1562 350 1663 409 XV
1697 349 1906 409 CONC.
1951 353 2219 413 Nili-EN.
2269 354 2314 410 l.

234 469 426 523 ΒΔΛΣ.
486 469 546 522 '0
577 470 678 539 μὲν
718 467 1075 532 summa;
1135 471 1201 522 ιε’
1257 468 1473 527 κανὼν,
1528 464 1733 532 Μηκέτι
1767 469 1807 521 Α

3309 337 3418 401 282

1914 466 2105 519 BALS.
2146 464 2486 532 Apostnlicus
2516 460 2730 528 quidem
2780 456 3025 510 decimus
3069 452 3290 520 quintus
3323 465 3417 503 ca-

1839 572 1965 618 non,
2021 555 2099 608 Ne
2146 553 2377 620 amplius
2411 551 2712 612 ministret,
2756 546 2966 611 inquit,
3040 541 3273 596 clericus
3326 537 3418 604 qui

1838 655 2034 714 prarter
2083 643 2288 711 proprii
2329 640 2567 708 episcopi
2616 638 2979 698 sententiam,
3024 649 3050 684 a
3093 632 3312 685 civitate
3365 627 3417 683 in

1838 739 2118 790 civitatem
2177 733 2395 786 transit.
2463 730 2708 782 Praesens
2755 738 2932 780 autem
2988 737 3162 777 canon
3231 718 3419 771 eadem

1837 826 2000 878 etiam
2061 823 2128 876 de
2172 819 2446 888 episcopis
2471 817 2755 878 deﬁniens,
2805 812 3021 864 irritum
3063 820 3183 860 esse
3234 803 3420 857 Statuit

1841 917 1980 986 quod
2013 922 2210 985 praeter
2239 914 2349 965 lucc
2387 909 2617 962 fortasse
2647 907 2845 960 factum
2890 903 3073 954 fuerit.

2380 1023 2563 1075 Altera
2601 1016 2878 1083 expositio.

1913 1120 2048 1172 Cum
2096 1117 2164 1170 14
2206 1129 2381 1169 canon
2413 1111 2737 1181 apostolicus
2768 1122 2796 1157 τι
2835 1101 3091 1173 parochia
3151 1098 3205 1149 in
3261 1108 3422 1163 paro.

1845 1212 2024 1265 chiam
2083 1207 2424 1261 invasioncm
2487 1219 2579 1256 seu
2641 1198 3000 1266 irruptionem
3069 1188 3350 1259 prohibeat
3408 1203 3422 1238 :

1848 1300 2263 1355 translationem
2296 1305 2473 1350 autem
2503 1300 2725 1361 propter
2759 1300 3010 1353 magnam
3058 1291 3110 1336 et
3141 1283 3422 1333 honestam

1848 1406 2069 1446 causam
2105 1387 2407 1457 permittat,
2437 1395 2488 1437 et
2521 1381 2584 1434 16
2616 1394 2784 1433 canon
2821 1372 3076 1428 Antioch.
3120 1368 3305 1439 synodi
3335 1366 3428 1417 de-

1848 1488 2148 1542 cernat,ut
2177 1478 2267 1545 qui
2315 1483 2467 1529 vacat
2518 1474 2570 1526 in
2621 1477 2899 1523 vacantem
2928 1463 3210 1518 ecclesiam
3247 1468 3426 1509 trans-

1850 1583 1958 1635 eat,
2030 1587 2151 1626 cum
2209 1565 2589 1633 dijudicatione
2639 1571 2693 1615 et
2734 1555 3133 1612 examinatione
3175 1549 3427 1620 pcrfectm

1851 1661 2045 1732 synodi
2078 1678 2092 1712 :
2121 1657 2369 1712 similiter
2388 1654 2592 1721 primus
2619 1658 2671 1704 et
2697 1647 2966 1702 secumlus
3015 1658 3186 1696 canon
3214 1638 3425 1692 Sardic.

1854 1731 2044 1824 synod.
2080 1765 2204 1804 eum
2239 1747 2388 1801 valde
2415 1745 2604 1814 puniat
2629 1741 2719 1809 qui
2747 1738 2986 1805 improha
3009 1735 3091 1785 via
3114 1747 3173 1786 ac
3195 1731 3430 1790 ratione,

1853 1820 1970 1898 eam
1999 1856 2120 1911 qum
2160 1842 2333 1909 ipsum
2367 1836 2556 1890 sortita
2599 1840 2714 1896 est,
2754 1829 3041 1895 relinquit,
3078 1835 3130 1879 et
3171 1820 3427 1890 majorem

1853 1934 2134 1988 ecclesiam
2174 1937 2404 1996 occupat
2460 1935 2513 1980 et
2577 1923 2772 1991 arripit
2812 1938 2824 1973 :
2871 1929 2924 1972 et
2975 1913 3304 1986 pra‘senslS
3336 1927 3430 1964 ca-

1855 2037 1959 2074 non
2000 2019 2185 2088 prima:
2225 2016 2413 2087 synodi
2468 2012 2754 2065 transitum
2785 2009 3181 2077 episcoporum,
3211 2003 3433 2072 prcsby-

1858 2123 2100 2166 terorum
2167 2115 2221 2161 et
2282 2107 2631 2158 diaconorum
2690 2116 2718 2153 a
2771 2099 2988 2152 civitate
3051 2099 3102 2148 in
3157 2094 3430 2147 civitatem

1856 2202 2076 2255 omnino
2129 2198 2447 2268 prohibeat,
2504 2207 2624 2247 eum
2678 2201 2855 2242 autem
2911 2203 3012 2240 non
3068 2185 3291 2254 puniat,
3338 2181 3433 2236 sed

1863 2295 2073 2348 irritum
2119 2305 2242 2344 esse
2285 2291 2541 2343 decernat
2594 2286 2643 2338 id
2683 2282 2822 2351 quod
2885 2281 3083 2334 factum
3141 2276 3325 2339 fuerit,
3379 2283 3434 2327 et

1856 2385 2024 2454 priori
2075 2381 2320 2437 ecclesiae
2353 2378 2562 2433 restitui
2602 2379 2916 2444 episcopum
2947 2380 2999 2422 et
3031 2369 3434 2439 presbyterum,

1858 2476 1942 2529 vel
1987 2475 2301 2536 diaconum,
2355 2470 2406 2523 in
2435 2482 2596 2536 quam
2624 2464 2854 2519 ordinati
2878 2471 3052 2526 erant,
3079 2457 3441 2524 dixeritquis-

1865 2570 2006 2636 piam
2065 2580 2303 2619 canones
2349 2561 2451 2615 sibi
2497 2559 2727 2612 invicem
2759 2568 3082 2624 repugnare,
3119 2549 3303 2605 utalia
3351 2558 3440 2600 at-o

1863 2673 1969 2730 que
1998 2658 2103 2710 alia
2137 2655 2465 2709 sancientes.
2493 2649 2558 2702 At
2598 2664 2702 2702 non
2735 2649 2806 2700 ita
2840 2656 2942 2700 est.
2983 2643 3118 2697 Nam
3164 2651 3249 2697 est
3286 2640 3442 2694 dill‘e-

1863 2751 2041 2807 rentia
2070 2750 2209 2800 inter
2237 2743 2647 2798 translationem
2672 2781 2684 2802 ,
2726 2738 3098 2792 transitionem
3130 2744 3185 2789 et
3208 2733 3443 2787 invasio-

1866 2854 2008 2893 nem.
2040 2835 2350 2890 Translatio
2390 2833 2534 2887 enim
2561 2839 2665 2892 est,
2704 2845 2822 2899 quae
2849 2830 2905 2881 tit
2928 2844 2954 2880 a
2981 2826 3232 2896 parochia
3272 2825 3324 2877 in
3352 2839 3446 2892 pa-

1865 2930 2106 2985 rochiam
2140 2925 2679 2993 traductiozquando
2710 2921 2942 2974 fortasse
2975 2919 3262 2987 episcOpus
3298 2916 3443 2968 varia

1865 3039 1927 3077 ac
1972 3018 2248 3088 multiplici
2303 3017 2522 3070 scientia
2589 3016 2888 3067 instructus
2954 3011 3022 3064 ab
3062 3009 3443 3078 episcoporum

183 3105 487 3176 παροικίαν
511 3106 810 3175 μετένεξις,
855 3108 982 3160 ὅταν
1005 3109 1166 3177 τυχὸν
1193 3109 1490 3172 ἐπίσκοπος
1531 3110 1764 3177 παντοίᾳ

1869 3111 2214 3166 multitudine
2238 3147 2253 3172 ,
2288 3108 2340 3161 in
2375 3105 2545 3174 majus
2577 3104 2818 3158 ecclesim
2859 3101 3032 3155 vidum
3069 3101 3134 3154 de
3166 3113 3292 3152 vera
3324 3097 3450 3151 reli-

183 3197 352 3266 σοφίᾳ
393 3198 810 3266 κεκοσμημένος
840 3198 1155 3269 μετακληθῇ
1193 3199 1345 3268 παρὰ
1379 3199 1615 3268 πλήθους
1644 3201 1766 3252 ἐπι-

185 3287 415 3338 σκόπων
443 3289 521 3349 εἰς
555 3287 782 3356 μείζονα
813 3285 1108 3356 ἐκκλησίας
1147 3289 1488 3358 χηρευούσης
1518 3288 1768 3359 βοήθειαν

183 3376 611 3446 κινδυνευούσης
645 3379 773 3448 περὶ
815 3377 915 3447 τὴν
943 3379 1248 3432 εὐσέϐειαν.
1292 3376 1418 3432 Οἷόν
1461 3399 1516 3432 τι
1547 3381 1770 3448 γέγονεν

183 3473 268 3529 εἰς
337 3469 430 3522 τὸν
485 3471 657 3538 μέγαν
704 3472 1004 3542 Γρηγόριον
1049 3474 1140 3528 τὸν
1182 3474 1462 3542 Θεολόγον,
1510 3475 1620 3528 ἀπὸ
1661 3474 1772 3528 τῶν

185 3559 451 3630 Σασίμων
476 3561 555 3623 είς
586 3562 1161 3616 Κωνσταντινούπολιν
1204 3565 1587 3633 μετατεθέντα.
1655 3564 1768 3618 Καὶ

186 3647 340 3700 ἔστιν
391 3646 530 3715 αὕτη
579 3647 972 3719 συγχωρητέα,
1023 3649 1206 3724 καθὼς
1273 3650 1608 3720 παρίσταται
1665 3650 1773 3702 άπδ

183 3737 286 3791 τοῦ
367 3736 428 3790 ιδ’
483 3738 708 3801 κανόνος
758 3739 867 3792 τῶν
904 3737 1079 3808 ἁγίων
1129 3741 1464 3796 ἀποστόλων.
1520 3740 1776 3795 Μετάϐα-

187 3835 279 3895 σές
336 3833 508 3898 ἐστιν,
562 3835 692 3888 ὅταν
743 3851 830 3898 τις
883 3832 1181 3904 σχολάζων,
1224 3837 1464 3906 δηλονότι
1510 3836 1586 3906 μὴ
1635 3836 1775 3905 ἔχων

189 3927 515 3992 παροικίαν,
547 3926 622 3984 ὼς
667 3926 774 3978 ὑπὸ
815 3926 984 3979 ἐθνῶν
1011 3928 1412 3997 κατεχομένην,
1456 3929 1773 3997 ἀναγκασθῇ

186 4017 350 4085 παρὰ
397 4017 711 4071 ἐπισκόπων
757 4018 971 4070 πολλῶν
1011 4016 1110 4081 ἐίς
1143 4019 1510 4088 σχολάζουσαν
1564 4020 1777 4084 ἐκκλη-

186 4110 322 4162 σίαν
369 4110 674 4178 μεταϐῆναι
712 4110 800 4164 διὰ
829 4112 888 4164 τὸ
925 4113 1055 4183 περὶ
1097 4111 1196 4181 τὴν
1244 4111 1556 4180 ὀρθοδοξίαν
1588 4111 1777 4164 καὶτὰ

183 4198 362 4250 λοιπὰ
393 4198 827 4268 ἐκκλησιαστικὰ
855 4200 1275 4280 χρησιμώτατον
1301 4201 1488 4254 αὑτοῦ.
1525 4200 1632 4253 Καὶ
1662 4199 1776 4252 ἔστι

184 4292 292 4343 καὶ
322 4288 464 4359 αὕτη
494 4290 685 4343 δεκτέα
716 4292 866 4361 παρὰ
891 4295 1002 4354 τοῖς
1027 4292 1192 4356 θείοις
1224 4294 1411 4346 κανόσι
1438 4292 1544 4344 τῶν
1567 4294 1624 4345 ἐν
1657 4293 1778 4344 Ἀν-

187 4381 415 4451 τιοχείᾳ.
461 4381 824 4436 συνελθόντων
846 4384 1019 4452 ἁγίων
1063 4386 1343 4456 Πατέρων.
1383 4384 1667 4446 Ἐπίϐασις
1723 4385 1780 4437 δέ.

1869 3206 2028 3273 gione
2067 3202 2121 3255 in
2170 3196 2471 3267 periculum
2523 3197 2804 3259 adductae,
2836 3193 3098 3247 auxilium
3146 3189 3450 3244 accersitus

1871 3294 2054 3347 fuerit.
2089 3289 2238 3355 Quod
2288 3300 2483 3356 magno
2533 3282 2797 3352 Gregorio
2843 3280 3115 3348 Thcologo
3149 3294 3244 3332 ttsu
3280 3275 3448 3340 vcnit,

1871 3382 1961 3452 qui
1996 3398 2024 3434 a
2059 3379 2288 3435 Sasimis
2329 3374 2842 3444 Constantinopolin
2894 3373 3189 3426 translatus
3215 3378 3297 3423 est
3329 3385 3342 3420 :
3397 3378 3452 3421 et

1871 3488 1933 3528 ea
1986 3481 2069 3528 est
2132 3468 2515 3540 permittenda,
2572 3464 3007 3536 quandoquidem
3057 3477 3086 3515 a
3138 3467 3450 3513 sanctorum

1873 3561 2238 3632 apostolorum
2291 3557 2357 3613 M
2394 3560 2603 3613 canone
2653 3556 2952 3610 inducitur.
3015 3551 3291 3606 Transitio
3345 3559 3454 3612 est,

1874 3653 2089 3723 quando
2139 3666 2339 3706 vacans
2405 3650 2658 3704 videlicet
2706 3646 3012 3716 quispiam,
3084 3659 3188 3696 non
3249 3639 3455 3696 habens

1875 3745 2190 3816 parochiam
2245 3757 2365 3813 quae
2416 3759 2446 3796 a
2497 3741 2788 3808 gentilibus
2835 3737 3132 3800 detinetur,
3187 3749 3216 3787 a
3272 3732 3456 3786 multis

1875 3837 2142 3906 episcopis
2199 3837 2253 3889 in
2296 3844 2577 3888 vacantem
2628 3830 2915 3886 ecclesiam
2950 3827 3184 3882 transire
3232 3833 3459 3878 coactus

1879 3929 2040 3982 fuerit
2086 3936 2307 3996 propter
2339 3926 2457 3997 ejus
2487 3925 2536 3978 in
2580 3932 2724 3979 recta
2776 3924 2841 3977 de
2887 3920 2993 3976 [ide
3034 3917 3359 3974 sententiam
3404 3925 3459 3969 ct

1881 4018 2102 4086 reliquis
2150 4016 2536 4070 ecclesiasticis
2579 4014 2867 4067 utilitatem
2914 4029 2928 4064 :
2979 4018 3034 4064 et
3065 4017 3148 4062 est
3179 4008 3292 4062 ha-c
3319 4017 3457 4073 qu2~

1878 4124 1983 4176 que
2012 4107 2353 4176 suscipienda
2387 4121 2415 4159 a
2446 4106 2642 4159 divinis
2674 4102 2972 4158 canonibus
3002 4106 3322 4154 sanctorum
3355 4095 3460 4147 Pa-

1881 4203 2019 4248 trum
2058 4194 2147 4262 qui
2179 4193 2232 4245 in
2271 4192 2555 4246 Antiochia
2587 4197 2975 4245 convenerunt.
3016 4184 3230 4239 Invasio
3280 4192 3459 4236 autem

1882 4294 1965 4339 cst
2012 4285 2204 4347 libera,
2245 4284 2329 4336 vel
2362 4283 2524 4335 etiam
2566 4296 2689 4333 cum
2733 4278 2892 4333 matis
2936 4276 3147 4330 artibus
3191 4274 3462 4342 improbo-

1882 4389 1986 4445 que
2027 4372 2253 4427 consilio
2286 4413 2300 4436 ,
2362 4372 2478 4441 ejus
2517 4371 2606 4439 qui
2667 4378 2863 4434 vacat,
2909 4366 2993 4420 vel
3035 4365 3122 4432 qui
3166 4363 3328 4418 etiam
3368 4362 3464 4415 ha-

189 4472 402 4544 ἐστινῆ
431 4473 726 4544 αὐτόνομος
757 4475 790 4545 ἢ
815 4477 906 4528 καὶ
939 4476 1079 4546 μετὰ
1110 4453 1420 4546 οἰκονομίας
1441 4477 1665 4546 φαύλης
1687 4477 1777 4529 τοῦ

1892 4467 1981 4520 bet
2049 4466 2332 4520 ecclesiam
2402 4463 2683 4532 epist-Opi,
2754 4460 2818 4514 ad
2891 4458 3105 4512 viduam
3176 4453 3461 4509 ecclesiam

191 4563 592 4633 σχολάζοντος,
655 4567 688 4637 ἢ
743 4568 840 4620 καὶ
892 4568 987 4621 τοῦ
1041 4568 1259 4637 ἔχοντος
1315 4569 1612 4639 ἐκκλησίαν
1666 4572 1785 4621 ἐπι-

193 4657 434 4721 σκόπου,
465 4658 599 4726 πρὸς
627 4656 962 4729 χηρεύουσαν
987 4660 1285 4730 ἐκκλησίαν
1315 4660 1624 4732 παράλογος
1655 4677 1787 4730 μετ-

192 4747 376 4812 ένεξις
406 4762 428 4777 ο
480 4751 548 4816 ἢν
590 4749 842 4803 τοσοῦτον
912 4751 962 4804 οι
1021 4751 1079 4806 ἐν
1145 4751 1381 4822 Σαρδικῇ
1440 4750 1786 4813 συνελθόντες

191 4841 350 4907 ἅγιοι
406 4841 647 4908 Πατέρες
699 4839 1072 4906 ἐὸδελύξαντο,
1115 4841 1257 4895 ὥστε
1292 4843 1387 4894 καὶ
1418 4841 1785 4909 ἀκοινώνητον

189 4927 342 4984 εἶναι
392 4932 560 4984 παντὶ
611 4933 925 5002 Χριστιανῷ
975 4934 1066 4985 τὸν
1108 4933 1349 5002 ἐργάτην
1399 4935 1600 5001 ταύτης
1656 4932 1786 4984 διω-

193 5025 467 5093 ρίσαντο,
524 5025 618 5076 καὶ
669 5023 803 5094 μηδὲ
851 5027 910 5078 ἐν
951 5029 1069 5088 ταῖς
1109 5025 1444 5087 τελευταίαις
1487 5025 1786 5086 άνιπνοιῖς

191 5114 404 5183 λἀῖκῆς
455 5113 739 5177 κοινωνίας
767 5114 1051 5179 ἀξιοῦσθαι
1083 5116 1263 5169 αὐτόν.
1309 5115 1446 5168 Ὀδέ
1486 5116 1546 5166 ιε’
1602 5113 1786 5168 κανὼν

188 5206 299 5271 τῆς
328 5213 376 5256 α’
436 5205 680 5268 συνόδου,
722 5207 851 5275 περὶ
909 5207 1138 5275 μηδενὸς
1164 5205 1407 5260 τοιούτου
1441 5207 1632 5275 μνείαν
1668 5223 1789 5259 ποι-

187 5294 464 5364 ούμενος,
529 5294 638 5346 οὐδ’
663 5293 1013 5349 ἐναντιοῦταί
1040 5312 1148 5348 τινι
1178 5296 1287 5348 τῶν
1312 5295 1575 5364 ἀνωτέρω
1613 5312 1787 5348 κατα-

195 5384 567 5455 στρωθέντων
614 5386 878 5440 κανόνων.
931 5386 1068 5442 Οὔτε
1103 5387 1211 5458 γὰρ
1239 5388 1369 5457 περὶ
1417 5388 1784 5457 μεταθέσεως.

191 5477 330 5531 οὔτε
401 5477 535 5547 περὶ
601 5477 978 5545 μετασάσεως,
1031 5477 1155 5532 οὔτε
1199 5478 1327 5549 περὶ
1372 5476 1666 5538 ἐπιϐασίας
1709 5476 1783 5528 δι-

189 5570 426 5622 δὲσκειο
479 5566 616 5620 ἀλλὰ
646 5566 845 5620 κωλύει
893 5567 953 5621 τὸ
985 5568 1348 5638 μεταπίπτειν
1391 5564 1716 5629 ἐπίσκοπον,
1753 5563 1787 5636 ἢ

196 5659 609 5728 πρεσδύτερον,
650 5658 683 5726 ἢ
725 5657 970 5712 διάκονον
1000 5657 1108 5713 άπὸ
1138 5658 1345 5716 πόλεως
1376 5658 1456 5718 εἰς
1502 5656 1652 5709 πόλιν
1676 5655 1788 5707 ἐτέ-

197 5767 308 5822 ραν
331 5750 649 5820 ἀνήκουσαν
680 5751 746 5820 τῇ
798 5751 932 5823 αὐτῇ
991 5749 1272 5822 παροικίᾳ,
1328 5747 1519 5818 ὥσπερ
1570 5745 1701 5799 ποτὲ
1755 5743 1784 5795 ό

1891 4560 2088 4629 injusta
2136 4556 2434 4628 aggressio.
2498 4554 2708 4621 Quam,
2769 4550 2857 4620 qui
2926 4549 2978 4601 in
3034 4546 3243 4600 Sardic.
3308 4556 3466 4613 syno-

1891 4651 1959 4705 do
2009 4650 2118 4720 76
2193 4653 2565 4702 convenerunt
2627 4644 2802 4698 sancti
2865 4642 3090 4704 Patres,
3158 4638 3293 4691 adeo
3373 4635 3467 4687 ad-

1889 4743 2095 4798 versati
2166 4748 2349 4805 sunt,
2422 4747 2479 4792 ut
2544 4737 2639 4806 qui
2713 4749 2832 4787 eam
2921 4730 3260 4793 admiserit,
3343 4741 3464 4780 eum

1890 4848 2013 4886 cum
2063 4830 2211 4885 nullo
2256 4843 2412 4898 posse
2445 4825 2766 4880 Christiano
2814 4819 3222 4876 communicare
3257 4825 3467 4871 statue-

1893 4924 2023 4987 rint,
2059 4931 2112 4976 et
2142 4936 2241 4976 nec
2264 4920 2328 4984 ?in
2361 4930 2602 4973 extremo
2643 4917 2858 4985 quidem
2913 4912 3103 4982 spiritu
3156 4923 3278 4963 eum
3330 4906 3467 4959 laica

1889 5014 2269 5071 communione
2311 5013 2532 5081 dignum
2583 5008 2914 5070 censuerint,
2969 5003 3032 5058 15
3077 5010 3254 5056 autem
3277 5000 3466 5070 prima

1891 5108 2082 5178 synodi
2113 5121 2286 5162 canon
2317 5106 2380 5160 de
2404 5104 2551 5157 nullo
2580 5100 2843 5172 ejusmodi
2865 5098 3194 5150 mentionem
3226 5093 3468 5157 faciens,

1894 5197 2024 5251 nulli
2052 5210 2264 5260 eorum,
2291 5196 2381 5263 qui
2406 5193 2656 5263 superius
2687 5191 2843 5261 positi
2877 5197 3024 5253 sunt,
3055 5187 3246 5241 canoni
3272 5184 3468 5237 adver-

1891 5271 2041 5344 Satur
2071 5305 2084 5341 :
2113 5303 2286 5358 neque
2318 5288 2460 5341 enim
2507 5286 2574 5339 de
2622 5281 3006 5345 translatione,
3043 5293 3143 5331 nec
3168 5277 3235 5331 de
3269 5274 3468 5329 transi-

1891 5378 2062 5441 tione,
2099 5391 2199 5430 ncc
2235 5377 2302 5429 de
2337 5374 2615 5429 invasione
2661 5373 2816 5426 docet
2857 5385 2873 5423 :
2919 5368 3011 5423 sed
3060 5365 3306 5436 prohibet
3352 5365 3468 5432 epi-

1892 5481 2136 5535 scopum,
2186 5465 2270 5520 vel
2323 5466 2731 5534 presbyterum,
2781 5459 2863 5515 vel
2913 5458 3201 5514 diaconum
3231 5456 3298 5509 ab
3336 5457 3468 5508 urbe

1893 5557 1947 5612 in
1985 5559 2172 5613 urbem
2221 5559 2286 5611 ad
2328 5573 2483 5612 suam
2519 5556 2831 5626 parochiam
2870 5554 3228 5623 pertinentem
3281 5558 3476 5604 trans-

1892 5663 2074 5704 meare
2100 5665 2164 5705 ac
2188 5650 2482 5714 transilire,
2525 5649 2667 5703 sicut
2708 5647 2796 5701 ille
2862 5645 3014 5702 Derci
3044 5643 3330 5714 cpiscopus
3370 5643 3466 5694 doc

1893 5743 2074 5800 minus
2106 5742 2360 5812 Joannes,
2387 5749 2610 5799 conatus
2653 5749 2735 5797 est
2771 5739 2930 5796 Derci
2983 5741 3236 5795 thronum
3286 5743 3465 5791 trans-
