4222 6460
768 417 875 479 283

2024 418 2122 480 Tll
2136 422 2305 479 EUD.
2350 419 2582 476 BALSA
2594 419 2750 477 ΜοΝ

3936 417 4035 481 984

767 528 906 577 let-re
959 523 1012 577 itt
1062 522 1501 593 Philippopolim,
1555 527 1607 578 in
1657 540 1761 593 qua
1834 526 2170 592 superiorem
2225 526 2338 594 ipse

2449 525 2741 585 ἐπίσκοπος
2778 524 2983 593 Δέρκου
3031 523 3237 585 ἐκεῖνος
3267 521 3456 593 κύριος
3532 522 3791 593 Ἰωάννης
3819 526 4037 594 cur.er-

760 613 1194 683 jurisdictimtcm
1216 615 1433 679 habeat,
1459 630 1521 668 eo
1544 617 1683 683 quod
1706 627 1850 670 esset
1876 616 1963 669 illa
1990 616 2342 684 frequentior,

766 716 819 760 ct
867 707 968 759 luit
1013 706 1271 775 synodice
1320 706 1645 774 prohibitus.
1702 707 1990 776 Propterea
2035 707 2181 762 enim
2241 724 2342 761 non

767 802 985 866 punitur
1044 802 1155 851 hcce
1200 812 1426 853 conatus
1491 800 1820 869 episcOpns,
1870 800 1965 853 sed
1990 801 2042 853 iu
2105 790 2341 869 priorem

766 907 917 942 suam
943 889 1256 943 cathedram
1290 890 1590 945 reducitur.
1631 891 1784 956 Quod
1816 891 1917 945 hoc
1952 900 2127 944 autem
2155 906 2341 944 verum

767 984 859 1045 sit,
884 997 947 1035 ex
983 981 1114 1049 ipsis
1144 983 1371 1035 canonis
1397 982 1579 1036 verbis
1599 982 1925 1047 declaratur,
1955 998 2075 1052 qna:-
2106 982 2344 1035 civitatis

769 1073 1153 1135 metnincrunt,
1195 1088 1299 1126 non
1344 1072 1635 1140 parocbiaa.
1675 1072 1909 1128 Utidcm
1946 1072 2092 1127 enim
2133 1074 2343 1140 episco-

768 1176 868 1228 pus
909 1162 1109 1216 multas
1144 1161 1363 1231 quidem
1409 1163 1610 1217 habeat
1656 1164 1908 1218 civitates
1951 1163 2094 1217 intra
2143 1162 2343 1229 limites

766 1256 907 1318 ejus,
940 1251 1054 1305 tieri
1100 1262 1275 1321 potest
1310 1269 1323 1305 :
1357 1254 1449 1307 sed
1486 1268 1827 1322 nequaquam
1862 1263 1920 1307 ut
1945 1253 2142 1305 multas
2179 1267 2342 1321 paro-

766 1342 919 1395 chias
943 1327 1040 1396 seu
1090 1345 1375 1397 diwceses.
1426 1344 1531 1397 Sed
1557 1353 1613 1396 et
1641 1358 1704 1397 es
1738 1358 1804 1398 eo
1831 1342 1979 1412 quod
2007 1356 2180 1395 canon
2218 1356 2342 1410 pre-

766 1438 1110 1506 sbyterorum
1145 1446 1199 1489 et
1222 1437 1567 1489 diaconorum
1618 1436 1887 1497 meminit,
1932 1434 2210 1488 evidenter
2251 1447 2342 1485 ve-

768 1529 900 1578 ritas
922 1526 1247 1579 ostenditur.
1270 1526 1399 1591 Quae
1431 1526 1572 1579 enim
1610 1524 1915 1586 translatio,
1945 1525 2028 1577 vel
2062 1523 2337 1586 transitio,

768 1617 848 1667 vel
898 1618 1104 1669 ittvasio
1146 1618 1196 1670 itt
1248 1617 1334 1670 itis
1384 1632 1618 1685 unquam
1660 1625 1838 1683 potest
1869 1614 2137 1668 tractari?
2184 1612 2337 1667 Nttlia

767 1706 1021 1759 omnino:
1064 1710 1158 1761 sed
1199 1708 1309 1761 sola
1344 1708 1723 1759 transmutatio.
1775 1708 1842 1759 ab
1875 1708 2007 1759 urbe
2041 1706 2091 1757 in
2128 1705 2335 1766 urbem,

769 1812 872 1848 non
919 1797 1171 1861 alienant,
1218 1797 1309 1850 sed
1345 1798 1409 1849 ad
1445 1797 1788 1863 parochiam,
1824 1796 1876 1848 in
1909 1810 2070 1864 quam
2104 1793 2337 1846 ordinati

2459 632 2593 686 ρησε
2638 615 2729 666 τὸν
2755 613 2945 682 θρόνον
2991 614 3089 682 τῆς
3141 614 3344 683 Δέρκου
3382 618 3712 683 μεταγαγεῖν
3742 617 3823 677 είς
3851 620 3913 667 τι
3946 618 4036 668 τοῦ

2449 708 2612 761 oue:
2632 706 3149 775 πρωτοπαπαδίκιον
3164 704 3350 768 αὐτοῦ,
3370 704 3457 755 διὰ
3479 704 3539 757 τὸ
3560 705 4041 774 πολυανθρωποτέ-

2454 814 2553 868 ραν
2584 793 2754 856 εἶναι,
2797 796 2893 848 καί
2924 794 3171 865 ἐκωλύθη
3204 794 3521 855 συνοδικῶς.
3562 794 3659 845 Διὰ
3708 796 3817 863 γὰρ
3881 795 4038 847 τοῦτο

2454 890 2573 941 οὒδὲ
2610 887 2896 950 κολάζεται
2922 888 2949 938 ὁ
2971 886 3127 938 τοῦτο
3155 886 3514 954 ἐπιχειρήσας
3552 886 3875 949 ἐπίσκοπος,
3906 887 4040 937 ἀλλὰ

2448 980 2546 1048 τὴν
2579 981 2853 1048 προτέραν
2893 978 3058 1030 αὖτοῦ
3091 977 3366 1045 καθέδραν
3412 976 3770 1042 ἐπανάγεται.
3807 979 3935 1028 ’Ὁτι
3984 978 4035 1027 δέ

2447 1071 2603 1124 τοῦτο
2630 1070 2828 1139 ἀληθές
2864 1071 3003 1130 ἐστι,
3035 1059 3287 1136 δηλοῦται
3315 1065 3409 1117 καὶ
3455 1067 3552 1118 ἀπ’
3592 1066 3910 1118 αὐτῶντῶν
3947 1070 4041 1134 {.1}-

2450 1162 2638 1227 μάτων
2662 1159 2756 1212 τοῦ
2788 1162 3011 1218 κανόνος
3036 1198 3050 1221 ,
3104 1157 3316 1216 πόλεως
3366 1158 3722 1223 μεμνημένου
3779 1155 3881 1207 καὶ
3920 1156 4041 1223 οὐχὶ

2450 1251 2781 1323 παροικιῶν.
2816 1250 2922 1303 Τὸν
2954 1251 3116 1304 αὐτὸν
3144 1252 3255 1321 γὰρ
3280 1253 3481 1305 καὶένα
3507 1252 3805 1303 ἐπίσκοπον
3836 1249 4038 1307 mna;

2451 1345 2554 1412 μὲν
2591 1345 2777 1406 πόλεις
2811 1336 2965 1413 ἔχειν
2986 1344 3059 1405 ὡς
3091 1345 3307 1413 ἐνορίαν
3330 1345 3556 1397 δυνατόν
3581 1346 3717 1402 ἐστι,
3746 1340 3956 1401 πολλάς
3984 1338 4038 1391 δὲ

2446 1436 2745 1504 Παροικίας
2764 1436 3035 1501 οὐδαμῶς.
3075 1435 3233 1488 ’Λλλὲ
3252 1437 3345 1489 καὶ
3362 1437 3469 1489 ἀπὸ
3492 1434 3585 1488 τοῦ
3604 1434 3917 1502 μεμνῆσθαι
3946 1432 4035 1482 τδν

2445 1526 2683 1579 τοιοῦτον
2712 1527 2913 1579 κανόνα
2934 1528 3319 1597 πρεσϐυτέρων
3352 1529 3443 1580 καὶ
3474 1527 3742 1579 διακόνων
3783 1521 4039 1592 ἐναργῶς

2446 1619 2780 1687 παρίσταται
2828 1620 2858 1687 ἡ
2895 1618 3143 1687 ἀλήθεια.
3171 1622 3304 1673 Ποία
3335 1621 3442 1688 γὰρ
3474 1617 3766 1687 μετάθεσις
3792 1617 3826 1684 ἢ
3868 1620 4038 1682 μετα-

2445 1710 2603 1771 θασις
2654 1710 2685 1779 ἢ
2734 1712 2989 1783 ἐπίσξασις
3034 1712 3123 1762 ἐπὶ
3175 1712 3383 1763 τούτων
3435 1708 3826 1774 τρακταϊσθείη
3866 1706 4032 1768 ποτές

2447 1803 2665 1862 πᾶντως
2719 1802 2965 1869 οὐδεμίαο
3007 1804 3355 1871 μετάπτωσις
3396 1802 3451 1855 δὲ
3508 1804 3643 1869 μόνη
3686 1800 3795 1851 ἀπὸ
3823 1799 4037 1857 πόλεως

766 1894 893 1939 Sttttl
922 1888 1306 1955 pertinentem,
1341 1897 1395 1940 et
1422 1898 1704 1954 propterea
1740 1902 1843 1939 nou
1874 1889 2239 1954 deponuntur,
2282 1896 2338 1936 ttt

2449 1894 2525 1953 είς
2570 1894 2723 1944 πόλιν
2753 1892 2851 1945 οὐκ
2880 1894 3188 1960 ἀλλοτρίαν,
3225 1893 3361 1945 ἀλλὰ
3392 1896 3457 1961 τῆ
3496 1890 3794 1958 παροικίᾳ.
3846 1890 3931 1948 εἷς
3969 1886 4037 1954 ἦν

767 1982 856 2045 qui
888 1990 1041 2033 extra
1082 1981 1213 2032 lines
1237 1995 1362 2031 suos
1386 1995 1540 2032 επιτα
1579 1980 1827 2043 fecerint,
1858 1980 1949 2033 scd
1973 1980 2239 2043 ecclesim,
2273 1979 2338 2033 ad

770 2088 928 2142 quam
962 2070 1194 2125 ordinati
1223 2079 1370 2134 sunt,
1398 2071 1779 2126 restituuntur.

842 2330 1095 2386 ZONAR.
1130 2330 1208 2387 Ne
1233 2346 1298 2387 ex
1327 2333 1434 2387 alia
1474 2332 1702 2388 ecclesia
1734 2332 1786 2387 in
1812 2332 1994 2399 aliam,
2034 2335 2342 2405 episcopus,

766 2424 1067 2494 presbyter,
1114 2433 1208 2479 aut
1253 2426 1516 2479 diaconus
1544 2425 1737 2495 migret
1764 2435 2083 2480 sanctorqu
2128 2441 2346 2494 quoque

766 2515 1133 2582 apostolorum
1163 2516 1384 2569 decreto
1434 2517 1795 2569 constitutum
1848 2527 1953 2571 est.
1998 2516 2103 2570 Sed
2165 2516 2348 2585 negle-

765 2619 906 2660 ctam
958 2615 1007 2660 et
1065 2617 1429 2676 contemptam
1477 2608 1924 2662 constitutionem
1976 2608 2077 2663 hoc
2134 2620 2349 2661 canone

766 2700 1002 2766 synodus
1060 2698 1338 2753 restituit:
1389 2713 1454 2754 ac
1490 2699 1606 2754 sive
1636 2686 1705 2755 de
1748 2688 2030 2770 migrando
2065 2714 2095 2753 e
2123 2699 2347 2753 civitate

771 2791 823 2842 in
850 2790 1123 2844 civitatem
1174 2792 1333 2845 aliam
1386 2792 1674 2861 episcopus
1701 2792 1993 2861 quispiam,
2036 2792 2347 2860 presbyter,

770 2893 866 2935 aut
896 2883 1159 2938 diaconus
1181 2884 1458 2953 cogitarit,
1488 2886 1604 2939 sive
1636 2886 1809 2952 reipsa
1842 2885 2110 2953 migrarit,
2142 2884 2351 2951 cogita-

778 2985 940 3043 taque
983 2975 1302 3044 perfecerit,
1345 2977 1558 3031 irritum
1593 2978 1644 3030 id
1692 2976 1909 3038 haberi,
1957 2977 2154 3044 cuique
2179 2975 2353 3044 primo

770 3066 1013 3121 ecclesiae
1060 3068 1341 3122 ordinatus
1376 3078 1459 3123 est
1519 3068 1585 3121 ad
1634 3083 1751 3122 eam
1792 3067 2186 3120 restituendum
2230 3079 2353 3119 esse

772 3159 1036 3212 decernit.
1094 3157 1283 3226 Neque
1308 3160 1454 3213 enim
1505 3158 1675 3212 licere
1724 3158 1958 3227 cuipiam
2007 3157 2255 3211 absolute
2290 3170 2353 3210 ac

2445 1980 2857 2050 ἐκληρώθησαν,
2891 1982 3345 2050 ἀνήκουσαν.,Δια
3368 1981 3475 2049 γάρ
3508 1979 3663 2032 τοῦτο
3687 1978 3810 2029 οὐδὲ
3839 1976 4038 2028 καθαι-

2444 2072 2663 2142 ροῦνται
2710 2073 2785 2135 ὡς
2812 2074 2944 2141 παρ’
2990 2074 3203 2142 ἐνορίαν
3250 2072 3738 2141 ίερουργήσαντες,
3794 2068 3939 2121 ἀλλὰ
3970 2069 4036 2135 τῇ

2445 2162 2688 2232 προτέρα
2714 2163 3002 2234 ἐκκλησίᾳ,
3032 2165 3113 2226 είς
3138 2162 3205 2233 ἢν
3226 2162 3322 2215 καὶ
3352 2160 3867 2233 ἐχειροτονήθησαν,
3898 2158 4036 2210 ἀπο-

2446 2253 2826 2307 καθίστανται.

2516 2343 2757 2400 ΖΩΝΑΡ.
2783 2345 2857 2396 Τὸ
2897 2344 2971 2415 μὴ
3007 2344 3252 2413 μετιέναι
3279 2344 3336 2409 ἐξ
3380 2343 3679 2412 ἐκκλησίας
3718 2343 3799 2403 είς
3837 2341 4038 2407 ἑτέραν

2445 2434 2818 2505 saluari:ch
2851 2436 3581 2506 πρεσϐύτερον,ἢδιάκονοιι,
3612 2434 3703 2486 καὶ
3733 2434 3851 2495 τοῖς
3870 2432 4040 2501 ἱεροῖς

2447 2526 2826 2580 κεκανόνισται
2871 2528 3216 2589 ἀποστόλοις.
3271 2527 3432 2580 Ἀλλά
3482 2524 3888 2594 παρορώμενον
3944 2523 4039 2574 καὶ

2449 2618 2958 2686 καταφρονούμενον
2984 2619 3045 2671 τὸ
3072 2618 3346 2688 διάταγμα
3388 2621 3418 2685 ὴ
3460 2618 3589 2684 ἁγία
3624 2616 3847 2676 σύνοδος
3892 2614 4035 2682 αὕτη

2450 2707 2538 2759 διὰ
2566 2707 2660 2761 τοῦ
2702 2710 2970 2779 παρόντος
3004 2710 3230 2770 κανόνος
3275 2709 3609 2771 ἀνεκαίνισε,
3646 2704 4039 2776 διορισαμένη,

2449 2799 2559 2851 κᾶν
2596 2801 2921 2869 ἐπιχειρήσῃ
2983 2799 3287 2868 μεταϐῆναι
3343 2800 3409 2852 ἐκ
3454 2799 3660 2860 πόλεως
3708 2800 3789 2859 είς
3839 2796 4041 2864 ἑτέραν

2451 2890 2607 2943 πόλιν
2659 2889 2975 2953 ἐπίσκοπος,
3028 2891 3060 2960 ἦ
3096 2889 3489 2961 πρεσϐύτερος,
3548 2889 3582 2961 ἢ
3618 2890 3897 2951 διάκονος,
3932 2885 4042 2938 κᾶν

2455 2982 2746 3052 μεταϐαίη,
2776 2980 2867 3034 καὶ
2894 2984 2975 3044 εἰς
3004 2982 3163 3051 ἔργον
3187 2980 3366 3050 ἀγάγῃ
3399 2980 3460 3034 τὸ
3503 2981 3867 3049 ἐπιχείρημα,
3900 2979 4043 3030 axu-

2455 3070 2683 3141 ροῦσθαι
2716 3074 2815 3141 τὴν
2842 3073 3042 3143 πρᾶξιν
3070 3073 3262 3135 αὑτοῦ,
3319 3074 3412 3126 καὶ
3459 3070 3940 3126 ἀποκαθίστασθαι
3983 3070 4042 3121 ἐν

2454 3157 2489 3234 ᾖ
2548 3164 3021 3234 χειροτονούμενος
3070 3164 3387 3234 ὠνομάσθηα
3449 3163 3637 3233 ἕτερος
3680 3162 3789 3230 γὰρ
3855 3160 4041 3214 κανὼν

770 3254 888 3303 sine
927 3250 1146 3305 nomine
1170 3252 1263 3306 sed
1297 3259 1447 3305 certo
1476 3251 1561 3305 vel
1585 3248 1940 3318 episcopatui,
1975 3248 2055 3303 vel
2079 3247 2342 3309 ecclesiae,

2449 3252 2794 3310 διατάττεται
2820 3254 3020 3327 μηδένα
3037 3254 3478 3327 ἀπολελυμένως,
3504 3255 3675 3325 ἤγουν
3704 3253 4037 3321 ἀνωνύμως,

772 3339 855 3391 νυι
881 3341 1209 3395 monasterio
1247 3340 1561 3395 nominatim
1594 3339 1866 3395 addictum
1898 3337 2178 3395 ordinibus
2212 3338 2347 3393 insl-

774 3432 937 3498 gniri,
968 3432 1139 3485 altero
1166 3447 1377 3488 canone
1401 3432 1685 3487 definitum
1711 3442 1812 3488 est.

773 3523 1001 3577 AlllST.
1064 3523 1109 3578 E
1126 3527 1335 3580 civitate
1359 3527 1415 3579 in
1444 3527 1707 3581 civitatem
1736 3542 1898 3595 neque
1924 3528 2214 3595 episcopus,
2254 3541 2348 3579 nec

843 3617 1132 3685 presbyter,
1183 3634 1275 3672 nec
1320 3620 1574 3672 diaconus
1621 3620 1907 3673 transiliat.
1956 3619 2204 3687 Alioquin
2260 3634 2348 3672 ec-

845 3708 1015 3761 clesiis
1067 3709 1121 3760 in
1179 3710 1370 3778 quibus
1428 3710 1660 3763 ordinati
1716 3719 1882 3775 sunt,
1936 3725 2120 3763 rursus
2188 3709 2346 3763 resti-

846 3808 1084 3853 tuentur.

850 3889 943 3944 llic
967 3905 1139 3945 canon
1173 3907 1279 3947 non
1311 3902 1516 3946 tantum
1553 3893 1929 3962 episcoporum
1967 3891 2350 3946 translationes

775 3984 994 4036 omnino
1018 3983 1172 4049 tollit,
1208 3984 1303 4037 sed
1335 3994 1389 4037 et
1418 3986 1857 4055 presbyterorum
1885 3992 1939 4037 et
1966 3982 2345 4047 diaconorum,

774 4082 830 4126 et
863 4089 957 4128 eos
980 4089 1196 4144 quoque
1223 4080 1313 4144 qui
1345 4076 1449 4129 tale
1468 4076 1597 4144 quid
1614 4074 1795 4129 facere
1822 4075 1902 4129 vel
1937 4074 2347 4143 aggrediuntur,

778 4167 1011 4221 restituit
1044 4182 1257 4222 rursum
1281 4162 1530 4223 ecclesiis
1574 4168 1625 4221 in
1672 4168 1869 4236 quibus
1902 4165 2137 4219 ordinati
2178 4163 2348 4223 fuere.

775 4257 989 4314 Primus
1023 4270 1200 4315 autem
1254 4271 1309 4314 et
1355 4262 1628 4315 secundus
1666 4260 1719 4313 in
1762 4258 1989 4312 Sardica
2035 4271 2209 4312 canon
2255 4269 2350 4309 eos

775 4352 1014 4406 δυνειίιιε
1079 4353 1253 4421 punit,
1308 4351 1890 4407 excommunicationis
1931 4348 2197 4421 supplicio
2251 4362 2349 4404 eos

774 4443 1095 4510 Sultjiciens.

1342 4531 1573 4588 CANON
1606 4531 1746 4587 XVI.

778 4625 1084 4697 Quicunque
1116 4635 1305 4680 temere
1331 4634 1379 4680 et
1406 4625 1810 4689 inconsiderate,
1849 4642 1941 4679 nec
1972 4624 2071 4681 Dei
2109 4628 2350 4682 timorem

848 4737 959 4787 pra:
1006 4720 1171 4773 oculis
1219 4720 1485 4784 habentes,
1521 4736 1613 4772 nec
1647 4720 2061 4773 ecclesiasticum
2096 4737 2346 4775 canonem

848 4814 1087 4877 scientes,
1156 4813 1443 4880 presbyteri
1508 4812 1586 4866 vel
1635 4812 1865 4875 diaconi,
1935 4813 2009 4866 vel
2058 4814 2353 4883 quicunque

850 4906 1061 4959 omnino
1093 4906 1148 4957 in
1180 4921 1378 4959 canone
1409 4915 1763 4964 recensentur,
1805 4903 1870 4958 ab
1913 4903 2144 4957 ecclesiis
2186 4920 2354 4958 seces-

848 4992 1033 5055 serint,
1068 4992 1107 5045 ii
1129 4992 1183 5043 in
1209 4991 1385 5045 aliena
1422 4991 1644 5045 ecclesia
1688 4993 1833 5044 nullo
1865 4993 2018 5045 modo
2048 4994 2207 5061 recipi
2260 4993 2352 5046 de-

850 5085 1004 5146 bent,
1047 5084 1138 5137 sed
1194 5084 1403 5137 omnino
1431 5084 1648 5151 cogendi
1698 5093 1819 5137 sunt
1865 5085 1919 5135 in
1949 5100 2073 5136 suas
2118 5086 2352 5151 ipsorum

850 5173 1126 5240 parochias
1162 5174 1353 5227 redire.
1408 5172 1496 5226 Vel
1524 5175 1570 5226 si
1598 5184 1916 5241 perseverent
1947 5213 1961 5235 ,
2007 5191 2093 5228 eos
2144 5191 2174 5227 a
2212 5191 2354 5228 com-

852 5269 1101 5319 munione
1149 5276 1416 5330 separatos
1452 5281 1560 5319 esse
1600 5276 1818 5333 oportet.
1852 5265 1944 5319 Sin
1987 5276 2162 5318 autem
2191 5267 2354 5319 etiam

855 5372 1012 5407 ausus
1046 5356 1205 5423 fuerit
1240 5355 1502 5423 quispiam
1535 5371 1654 5408 eum
1688 5357 1779 5423 qui
1812 5357 1880 5407 ad
1914 5354 2076 5408 alium
2106 5356 2352 5423 pertinet,

853 5442 1207 5509 sttbtipere,et
1236 5445 1289 5495 in
1319 5443 1533 5496 ecclesia
1566 5460 1663 5496 sua
1695 5445 1961 5510 ordinare,
1992 5461 2094 5497 non
2132 5461 2356 5499 consen-

857 5540 1012 5587 tiente
1036 5538 1250 5603 proprio
1276 5537 1534 5604 episcopo,
1556 5554 1705 5606 aquo
1731 5539 1945 5593 recessit
1966 5540 2056 5608 qui
2078 5539 2132 5594 in
2159 5554 2357 5593 canone

855 5640 1112 5691 censetur,
1145 5629 1296 5683 irrita
1334 5630 1401 5685 sit
1437 5631 1729 5688 ordinatio.

2450 3347 2903 3417 χειροτονεῖσθαι,
2925 3348 3039 3400 ἀλλ’
3064 3351 3142 3412 είς
3172 3350 3334 3419 τήνδε
3367 3350 3466 3417 τὴν
3498 3344 3836 3415 ἐπισκοπὴν,
3872 3343 3907 3416 ἦ
3941 3343 4045 3416 τὴν

2448 3438 2768 3508 ἐκκλησίαν,
2798 3439 2953 3510 ἢτὴν
2990 3441 3184 3510 μονήν.

2454 3531 2668 3588 ΔΡΙΣΤ.
2710 3531 2813 3585 Ἐκ
2852 3534 3083 3598 πόλεως
3113 3534 3200 3598 εὶς
3258 3532 3443 3585 πόλιν
3472 3517 3620 3601 μήτε
3660 3529 4037 3595 ἐπίσκοπος,

2515 3620 2670 3689 μήτε
2724 3624 3146 3691 πρεσϐύτερος,
3184 3623 3222 3691 ἢ
3272 3621 3553 3687 διάκονος
3607 3620 4041 3691 μεταϐαινέτω·

2520 3712 2650 3765 ἐπεὶ
2676 3712 2865 3767 πάλιν
2887 3713 3389 3782 ἀποδοθιήσονται
3415 3713 3545 3778 ταῖς
3569 3711 3941 3781 ἐκκλησίαις
3974 3711 4044 3764 ἐν

2520 3800 2619 3868 αἶς
2641 3807 3174 3873 κεχειροτόνηνται.

2518 3896 2715 3950 Κανὼν
2742 3894 2898 3959 οὗτος
2926 3898 2986 3950 οὐ
3028 3896 3188 3967 μόνον
3217 3896 3317 3960 τὰς
3360 3895 3467 3949 τῶν
3496 3895 3822 3949 ἐπισκόπων
3869 3912 4042 3965 μετα-

2452 3987 2630 4050 θέσεις
2678 3988 2957 4051 παντελῶς
2983 3991 3218 4060 ἀναιρεῖ,
3250 3988 3389 4042 ἀλλὰ
3424 3988 3519 4043 καὶ
3554 3987 3667 4041 τῶν
3728 3988 4046 4056 πρεσϐυτέ-

2458 4096 2569 4158 ρων
2604 4079 2696 4132 καὶ
2726 4078 3013 4144 διακόνων,
3066 4080 3161 4133 καὶ
3184 4080 3325 4142 ,τοὺς
3355 4078 3825 4149 ἐπιχειρήσαντας
3857 4076 4042 4129 τοιοῦ-

2449 4169 2544 4223 τόν
2598 4186 2652 4222 τι
2704 4169 2929 4239 ποιῆσαι
2981 4169 3332 4239 ἀποκαθιστᾷ
3364 4167 3527 4221 πάλιν
3554 4169 3677 4229 ταῖς
3713 4166 4047 4235 ἐκκλησίαις

2450 4262 2509 4314 ἐν
2538 4256 2628 4325 αἷς
2655 4262 3132 4332 κεχειροτόνηνται
3152 4276 3166 4292 ο
3204 4262 3233 4315 ὁ
3263 4260 3320 4314 δέ
3365 4259 3465 4329 τῆς
3506 4259 3564 4311 ἐν
3595 4258 3845 4329 Σαρδικῇ
3884 4257 4046 4329 πρῶ.

2449 4369 2542 4415 τος
2571 4352 2666 4405 καὶ
2690 4352 2943 4422 δεύτερος
2969 4346 3601 4422 κανὼνάὺστηροτέρως
3628 4350 3837 4413 αὐτοὺς
3866 4366 4046 4420 τιμω-

2451 4446 2557 4515 ρεῖ,
2585 4445 2984 4515 ἀκοινωνησίας
3020 4444 3246 4507 τούτους
3288 4442 3611 4497 ὕποὸάλλων
3642 4443 3941 4513 ἐπιτιμίῳ.

3030 4535 3271 4590 ΚΑΝΩΝ
3303 4532 3425 4602 ις’.

2455 4625 2628 4682 Ὀσοι
2655 4628 3103 4698 ῥιψοκινδύνως
3149 4627 3303 4696 μήτε
3340 4626 3449 4680 τὸν
3486 4627 3675 4695 φόϐον
3728 4625 3839 4679 τοῦ
3890 4624 4044 4680 Θεοῦ

2522 4718 2638 4786 πρὸ
2657 4717 2983 4787 ὀφθαλμῶν
3007 4718 3275 4787 ἔχοντες,
3293 4718 3447 4787 μήτε
3473 4717 3580 4770 τὸν
3598 4717 4043 4784 ἐκκλησιαστι-

2524 4810 2637 4863 κὸν
2692 4810 2922 4863 κανόνα
2984 4809 3234 4874 ειδότες,
3279 4807 3743 4879 ἁναχωρήσουσι
3777 4808 3899 4874 τῆς
3946 4808 4050 4860 ἐκ-

2528 4899 2815 4967 κλησίας,
2854 4902 3250 4967 πρεσϐύτεροι
3296 4898 3334 4967 ἣ
3372 4898 3662 4961 διάκονοι,
3703 4897 3741 4964 ἢ
3776 4898 3943 4962 ὅλως
3976 4898 4050 4950 ὲν

2524 4991 2605 5055 τῷ
2660 4991 2873 5044 κανόνι
2923 4990 3332 5059 ἐξεταζόμενοι
3355 4974 3373 5021 ὀ
3427 4984 3594 5044 οὗτοι
3634 4986 3920 5056 οὐδαμῶς
3951 4988 4051 5041 δε-

2522 5081 2647 5134 κτοί
2668 5081 3019 5149 ὀφείλουσιν
3048 5077 3200 5137 εἶναι
3223 5082 3289 5135 ἐν
3312 5080 3482 5147 ἑτέρᾳ
3500 5080 3803 5147 ἐκκλησίᾳ
3833 5096 3849 5109 ·
3883 5081 4051 5135 um

2526 5171 2736 5227 πᾶσαν
2762 5172 2970 5239 αὐτοῖς
3012 5173 3286 5240 ἀνάγκην
3311 5170 3639 5241 ἐπάγεσθαι
3684 5170 3841 5238 χρὴῗ,
3894 5172 4047 5225 ἀνα-

2526 5259 2812 5327 στρέφειν
2834 5262 2920 5325 εις
2959 5260 3063 5325 τὰς
3100 5258 3331 5313 ἑαυτῶν
3365 5258 3703 5326 παροικίας,
3748 5258 3786 5325 ἢ
3839 5257 4049 5327 ἐπιμέ-

2526 5368 2743 5418 νοντας
2774 5352 3217 5419 ἁκοινωνήτους
3238 5347 3391 5405 εἶναι
3410 5350 3727 5419 προσήκει.
3749 5351 3817 5402 ει
3842 5350 3915 5403 δὲ
3940 5354 4046 5404 καὶ

2527 5443 2853 5513 τολμήσειε
2890 5461 2979 5509 τις
3012 5442 3364 5513 ὑφαρπάσαι
3417 5442 3528 5495 τὸν
3564 5440 3645 5505 τῷ
3679 5439 3868 5507 ἑτέρῳ
3917 5441 4053 5493 δια-

2522 5536 2800 5604 ςρέροντα,
2840 5535 2938 5588 καί
2972 5532 3391 5604 χειροτονῆσαι
3415 5533 3487 5586 ὲν
3510 5533 3584 5599 τῇ
3604 5530 3795 5586 αὐτοῦ
3818 5532 4052 5598 ἐκκλη-

2531 5626 2659 5691 σίᾳ,
2689 5625 2774 5693 μὴ
2793 5625 3380 5695 συγκατατιθεμένου
3439 5624 3545 5678 τοῦ
3580 5622 3739 5678 ἰδίου
3790 5623 4055 5676 ἐπισκό-

2515 5734 2655 5781 που,
2683 5714 2755 5771 οὖ
2777 5717 3167 5784 ἀνεχώρησεν
3188 5720 3221 5770 ό
3241 5716 3311 5768 ἐν
3342 5714 3423 5780 τῷ
3450 5715 3662 5770 κανόνι
3700 5714 4048 5784 ἐξεταζόμε-

2529 5826 2656 5875 νος,
2689 5808 2909 5877 ἂκυρος
2938 5809 3093 5862 ἔστω
3122 5810 3159 5877 ἡ
3192 5807 3545 5877 χειροτονία.
