4222 6460
181 344 280 405 285

253 456 446 507 ΒᾹᾹΣ.
465 456 595 508 ’Λπδ
627 455 719 510 τοῦ
743 458 928 520 τέλους
955 460 1048 512 τοῦ
1069 467 1128 511 ιε’

176 546 252 596 ὅτι
333 547 533 609 πάντες
612 551 660 600 oi
718 551 1251 624 χειροτονούμενοιῆ
1307 559 1383 616 εἷς
1448 559 1746 620 ἐπισκοπὰς

177 636 522 703 ἐκληροῦντο,
583 637 703 706 ἦτοι
755 640 1204 708 ἐχειροτονοῦντο,
1259 643 1290 712 ἢ
1345 647 1421 706 είς
1486 647 1751 715 μοναστή-

177 745 284 792 ρια,
337 727 367 796 ἦ
429 729 510 789 εἰς
554 727 730 792 θείους
785 729 979 790 ναούς·
1046 731 1167 782 ὅθεν
1230 734 1538 797 ἀκολούθως
1578 739 1750 804 τούτῳ

175 821 266 869 καὶ
307 822 332 870 ό
370 827 423 882 ς’
472 819 651 872 κανὼν
672 821 770 888 τῆς
798 823 854 872 ἐν
911 823 1212 891 Χαλκηδόνι
1245 826 1463 878 συνόδου
1498 829 1592 880 καὶ⁵
1649 831 1677 880 ὁ
1719 827 1748 880 ι’

174 909 502 974 ξορίζονται
553 910 696 980 οὕτω
742 914 864 973 τοὺς
900 913 1194 981 κληρικοὺς
1224 916 1493 982 γίνεσθαι,
1523 919 1617 969 καὶ
1652 919 1751 988 τὴν

182 1003 328 1066 παρὰ
366 1001 543 1051 ταῦτα
577 1001 949 1068 γενησομένην
997 1003 1338 1068 χειροθεσίαν
1389 1004 1745 1074 ἁκυροῦσθαι.

173 1091 262 1139 Διὸ
323 1090 419 1141 καὶ
453 1091 700 1143 δέδοκται
727 1093 799 1159 μὴ
830 1091 973 1161 ἔχειν
1002 1093 1088 1142 ἐπ’
1122 1093 1306 1155 ἀδείας
1332 1096 1452 1148 τινὰ
1489 1095 1749 1166 κληρικὸν

173 1181 280 1230 ἀπὸ
320 1181 618 1248 παροικίας
653 1185 734 1244 είς
766 1184 1064 1250 παροικίαν
1094 1184 1439 1251 μεταϐαίνειν
1469 1189 1564 1238 καὶ
1591 1189 1750 1256 ἀμεί-

173 1270 292 1321 6ειν
327 1272 419 1322 τὸν
454 1273 652 1340 κλῆρον
681 1275 808 1325 ἄνευ
831 1275 1051 1344 γραφῆς
1082 1278 1414 1345 ἀπολυτικῆς
1444 1277 1536 1331 τοῦ
1566 1296 1748 1347 χειρο-

173 1361 505 1430 τονήσαντος
555 1364 766 1416 τοίτον.
803 1365 938 1426 Τοὺς
964 1365 1019 1418 δὲ
1061 1368 1569 1436 μετακαλουμένους
1619 1370 1748 1438 κλη-

179 1454 368 1519 ρικοὺς
407 1456 558 1522 παρὰ
593 1455 698 1506 τῶν
728 1457 1224 1525 χειροτονησάντων
1273 1459 1490 1520 αὐτοὺς,
1542 1462 1635 1512 καὶ
1673 1462 1746 1531 μὴ

177 1547 566 1612 πειθομένους,
660 1548 1027 1616 ἀναστρέφειν
1095 1552 1496 1620 ἀκοινωνήτονς
1564 1554 1746 1616 αὐτοῖς

174 1633 338 1702 εἶναι,
428 1639 594 1705 ἤγουν
671 1639 746 1708 μὴ
819 1643 1265 1710 παραχωρεῖσοαι
1343 1649 1747 1714 συνιερουργεῖν

169 1730 407 1790 τούτοις.
454 1731 546 1791 Εἰς
578 1730 738 1782 τοῦτο
769 1733 876 1800 γὰρ
925 1733 987 1783 τὸ
1039 1734 1110 1802 μὴ
1146 1738 1419 1786 κοινωνεῖν
1470 1737 1743 1803 ἐκλαμϐαο

1226 349 1306 412 IN
1343 353 1504 414 CAN.
1550 355 1681 415 XVI
1707 356 1914 418 CONC.
1950 361 2220 423 NICEN.
2272 369 2316 426 l.

1173 464 1393 524 κακόνοις
1415 483 1480 514 πα
1495 480 1741 532 ριτταται

1914 472 2111 526 B.\LS.
2167 477 2238 529 lix
2290 482 2393 531 line
2441 481 2632 535 decimi
2685 487 2859 551 quinti
2898 491 3124 544 canonis
3173 496 3417 548 ostendi-

3313 381 3419 444 286

1857 567 1963 618 lIIl',
1994 565 2135 628 quod
2159 582 2346 618 nunties
2376 569 2462 631 qui
2494 571 2834 636 ordinantur,
2865 580 2943 626 Vt'l
2968 578 3032 629 ad
3075 581 3418 646 episeopatus

1852 653 2242 723 eliguntur77
2264 658 2376 710 sive
2403 661 2747 723 ordinantur,
2773 663 2853 716 vel
2878 665 2942 717 ad
2973 670 3320 731 monasteria,
3339 674 3418 723 vel

1853 744 1916 794 ad
1949 745 2160 797 divinas
2202 746 2359 801 aedes.
2406 747 2558 804 Unde
2590 752 2637 804 ei
2673 766 3063 822 consequenter
3090 769 3142 808 et
3189 760 3222 812 (ὅ
3247 777 3418 812 euuou

1851 833 2106 889 Chnlced.
2134 852 2254 905 syn.
2293 847 2345 891 et
2401 840 2462 891 ll)
2513 851 2759 895 statuunt
2801 845 3025 900 clericos
3073 848 3152 901 sic
3189 850 3321 910 fieri,
3371 863 3424 901 ct

1850 942 1967 993 qua:
2013 928 2167 979 aliter
2197 928 2334 980 facta
2370 931 2547 992 fuerit,
2584 949 2835 987 manuum
2863 937 3259 1005 iuipnsitinuem
3295 942 3422 992 iuri-

1855 1027 1958 1068 tam
2014 1019 2222 1073 haberi.
2283 1022 2544 1086 Quocirca
2570 1026 2731 1078 etiam
2790 1029 2987 1094 placuit
3052 1047 3154 1082 non
3199 1047 3318 1084 esse
3370 1032 3421 1082 in

1850 1109 2030 1161 clerici
2071 1120 2336 1176 potestate
2369 1128 2394 1163 a
2420 1113 2640 1168 civitate
2674 1116 2726 1169 in
2764 1118 3042 1170 civitatem
3080 1120 3332 1186 migrare,
3373 1132 3425 1172 ct

1849 1200 2054 1252 clerum
2089 1211 2420 1256 commutare
2448 1203 2565 1256 sine
2597 1205 2924 1259 dimissoriis
2959 1208 3152 1261 litteris
3188 1208 3303 1273 ejus
3333 1209 3426 1274 qui

1850 1291 2120 1344 ordinavit
2155 1309 2168 1344 ε
2205 1294 2433 1347 clericos
2462 1305 2637 1348 autem
2675 1298 2765 1364 qui
2796 1300 2861 1352 ab
2887 1299 2964 1352 eis
2994 1300 3082 1367 qui
3108 1303 3429 1353 ordinarunt

1850 1384 2016 1450 ipsus,
2049 1397 2364 1447 evocantur,
2399 1396 2452 1439 et
2498 1388 2675 1441 redire
2711 1405 2813 1441 non
2857 1391 3270 1455 pet-suadentur,
3308 1409 3428 1446 esse

1851 1489 1876 1524 a
1898 1477 2279 1527 communione
2301 1485 2599 1544 separatos,
2618 1477 2667 1529 id
2690 1491 2766 1531 est
2793 1496 2896 1531 non
2921 1481 3153 1545 permitti
3177 1483 3253 1534 eis
3281 1495 3331 1533 ut
3353 1483 3430 1533 si-

1851 1564 1954 1613 mul
1972 1580 2080 1618 sae:
2096 1566 2295 1618 iiicent.
2315 1567 2368 1618 ln
2393 1584 2454 1619 ea
2473 1570 2614 1621 enim
2636 1569 3026 1636 signiﬁcatione
3049 1586 3150 1623 nun
3177 1589 3396 1625 commit
3417 1601 3428 1612 -

1849 1655 2033 1709 nit-are
2065 1655 2328 1724 accipitur
2357 1677 2370 1711 :
2395 1674 2498 1711 non
2524 1669 2702 1714 autem
2730 1662 2865 1714 inea
2899 1679 3016 1730 qua:
3041 1673 3146 1726 est,
3172 1665 3221 1717 in
3246 1666 3427 1719 θοίναν

1851 1746 1986 1798 siam
2009 1763 2111 1799 non
2137 1751 2416 1810 accedere,
2446 1751 2522 1802 vel
2543 1763 2877 1804 sacramenta
2910 1769 3012 1805 non
3059 1757 3383 1822 participare
3413 1776 3423 1808 :

167 1838 347 1881 νεται,
370 1822 430 1872 οὗ
467 1823 572 1890 μὴν
602 1823 681 1883 είς
714 1824 772 1874 τὸ
822 1824 896 1890 μὴ
948 1825 1358 1892 ἐκκλησιάζειν,
1400 1827 1430 1895 ἢ
1461 1828 1539 1890 είς
1577 1829 1636 1880 τὸ
1671 1829 1744 1898 μὴ

1873 1839 2012 1906 dque
2062 1841 2285 1893 omnino
2323 1844 2378 1892 lit
2418 1854 2819 1910 consequenter
2865 1845 2930 1895 15
2968 1848 3161 1897 canoni
3212 1861 3426 1908 apmto-

172 1912 619 1979 μεταλαμϐάνειν
687 1914 796 1963 τῶν
858 1914 1242 1982 ἀγιασμάτων,
1274 1917 1580 1981 ἀκολούθως
1615 1921 1748 1972 tiv-

169 2017 279 2060 τως
305 1999 388 2067 τῷ
421 1999 480 2050 ιε’
516 2001 856 2069 ἀποστολικῷ
893 2003 1095 2065 κανόνι,
1125 2003 1202 2071 τῷ
1248 2004 1605 2076 διοριζομένῳ
1670 2009 1746 2078 μὴ

167 2091 520 2160 λειτουργεῖν
553 2094 679 2154 τοὺς
711 2093 1021 2154 τοιούτους.
1090 2096 1149 2147 Ὀ
1178 2095 1232 2148 δέ
1266 2101 1342 2160 ις’
1386 2099 1747 2160 ἀποστολικὸς

167 2183 355 2233 κανὼν
387 2184 678 2252 ἀφορισμῷ
721 2183 1126 2238 καθυποὸἀλλει
1173 2188 1266 2241 τὸν
1295 2187 1592 2256 δεξάμενον
1617 2191 1739 2242 ἐπί-

168 2290 378 2326 σκοπον
413 2275 470 2338 ἐξ
503 2277 696 2344 ἐτέρας
740 2280 1039 2346 παροικίας
1065 2279 1329 2348 κληρικὸν
1371 2281 1500 2332 ἄνευ
1535 2283 1740 2334 ἀπολυ-

162 2366 331 2432 τικῆς
380 2367 603 2436 γραφῆς
640 2367 736 2419 τοῦ
802 2370 1288 2440 χειροτονήσαντος
1345 2372 1529 2425 αὐτόν.
1580 2374 1743 2425 Ὥστε

164 2457 356 2518 καλῶς
390 2461 538 2510 ποιεῖ
581 2461 608 2511 ὁ
660 2460 800 2512 κατά
858 2460 1084 2527 καιροὺς
1124 2463 1223 2530 τῆς
1257 2462 1514 2532 Μεγάλης
1553 2463 1747 2534 ἐκκλη·

167 2550 296 2608 σίας
324 2550 695 2619 χαρτοφύλαξ,
734 2553 808 2621 μὴ
853 2553 1209 2623 παραχωρῶν
1250 2557 1362 2615 τοῖς
1399 2552 1748 2624 ἐξωχειροτο-

165 2643 356 2708 νήτοις
406 2643 647 2710 ἱερεῦσιν
681 2647 1010 2715 ἱερουργεῖν,
1065 2646 1139 2716 μὴ
1195 2648 1590 2716 προκομίζουσι
1650 2667 1749 2702 συ-

167 2735 441 2797 στατικὰς
466 2737 556 2788 καὶ
577 2737 916 2798 ἀπολυτικας
957 2733 1178 2807 γραφὰς
1201 2739 1308 2791 τῶν
1334 2744 1751 2810 χειροτονησάν-

164 2844 279 2879 ’ων
331 2829 549 2890 αὐτούς.
604 2830 902 2898 Ἀνάγνωθι
956 2833 1050 2884 καὶ
1114 2833 1203 2885 τὸν
1238 2831 1310 2885 λε’
1361 2836 1737 2906 άποστολικδν,
1799 2840 2022 2906 κανόνα,
2066 2842 2286 2897 συνόδου
2351 2845 2681 2915 Ἀντιοχείας
2740 2847 2970 2910 κανόνας
3017 2855 3084 2914 ιγ’

166 2924 401 2976 συνόδου
447 2924 676 2992 Ἐφέσου
712 2925 914 2978 κανόνα
949 2932 1018 2995 η’.

237 3060 484 3114 ΖΩΝᾹΡ.
525 3057 584 3113 Ὀ
627 3060 723 3130 μὲν
755 3059 856 3127 πρὸ
893 3059 1082 3112 τούτου
1109 3057 1291 3112 κανὼν
1338 3062 1466 3124 τοὺς
1531 3062 1750 3134 ἀναχω-

1851 1927 1975 1989 lico,
2037 1929 2124 1996 qui
2149 1929 2401 1983 decernit
2449 1948 2545 1986 eos
2592 1950 2695 1986 non
2743 1935 3075 1988 ministrare.
3131 1939 3192 1990 lt“;
3246 1949 3421 1990 autent

1850 2035 2024 2072 canon
2067 2023 2398 2090 apostolicus
2443 2027 2799 2094 scgrcgatinni
2857 2027 3072 2093 subiicit
3117 2031 3276 2079 etiam
3315 2031 3428 2096 epi-

1849 2129 2068 2182 scopum
2101 2116 2190 2184 qni
2221 2132 2284 2169 cx
2315 2117 2415 2168 alia
2451 2120 2704 2185 parochia
2737 2120 2992 2171 clericum
3031 2119 3250 2184 recipit,
3309 2119 3426 2171 sine

1849 2204 2175 2259 dimissoriis
2225 2205 2419 2261 litteris
2467 2207 2582 2276 eius
2622 2209 2710 2277 qui
2757 2223 2878 2262 eum
2916 2209 3204 2262 ordinavit.
3248 2210 3428 2274 Quare

1851 2305 1995 2350 recte
2027 2297 2155 2349 facit
2205 2297 2248 2349 is
2289 2299 2377 2364 qui
2417 2313 2514 2365 pro
2539 2309 2777 2368 tempore
2824 2309 2902 2352 est
2934 2299 3134 2367 Magna:
3177 2301 3428 2354 Ecclesia:

1851 2386 2263 2455 chartophylav,
2308 2406 2412 2444 non
2443 2391 2740 2458 permitens
2768 2391 2833 2444 iis
2859 2392 2947 2459 qui
2993 2403 3148 2446 extra
3185 2393 3420 2446 ordinati

1853 2487 1998 2539 sunt,
2041 2481 2436 2545 sacerdotibus,
2475 2482 2806 2544 sacrificare,
2845 2483 2946 2536 nisi
2988 2493 3042 2536 et
3077 2486 3428 2539 commenda-

1858 2569 2006 2621 tilias
2049 2578 2102 2622 et
2151 2571 2488 2626 dimissorias
2528 2572 2735 2626 litteras
2769 2589 2954 2626 eorum
3005 2589 3033 2626 ο
3071 2575 3265 2640 quilms
3303 2587 3432 2628 sunt

1856 2658 2094 2712 ordinati
2145 2660 2397 2716 afferant.
2448 2663 2585 2729 Lege
2636 2675 2686 2716 et
2727 2663 2792 2716 55
2842 2680 2966 2719 can.
3015 2674 3186 2731 apost.
3240 2665 3430 2733 synod.

1857 2748 2110 2803 Antioch.
2140 2766 2262 2804 can.
2299 2753 2364 2807 15
2392 2761 2442 2805 et
2467 2752 2558 2812 22.
2589 2764 2640 2804 et
2663 2755 2853 2822 synod.
2892 2755 3085 2824 Ephcs.
3112 2771 3234 2809 ean.
3271 2755 3324 2808 8.

3189 2848 3284 2900 καὶ
3351 2843 3435 2901 κ6⁹

1929 3065 2182 3122 ZONAR.
2241 3068 2563 3137 Quicunque
2619 3070 2735 3123 suis
2794 3069 2999 3129 relictis
3049 3069 3318 3128 ecclesiis,
3377 3071 3430 3121 iu

169 3158 406 3225 ροῦντας
440 3155 785 3208 τῶνοίκείων
819 3154 1126 3220 ἐκκλησιῶν
1184 3155 1280 3208 καὶ
1338 3156 1522 3219 ἄλλαις
1585 3176 1757 3226 προσσ

1864 3159 1997 3215 alias
2029 3160 2395 3224 divertissent,
2427 3159 2674 3215 ecclesiae
2701 3160 2753 3213 in
2779 3176 2880 3226 qua
2901 3162 3131 3229 quisque
3157 3161 3438 3213 ordinatus

170 3244 518 3315 ερχομένους
558 3241 1032 3296 ἀποκαθίστασθαι
1066 3245 1132 3312 τῇ
1165 3241 1433 3314 ἐκκλησίᾳ
1463 3243 1761 3313 διορίζεται

165 3341 227 3390 ἐν
333 3335 777 3406 κεχειροτόνηται
806 3335 1038 3396 ἕκαστος
1070 3350 1086 3365 ·
1146 3327 1303 3397 οὗτος
1359 3333 1416 3386 δέ
1471 3338 1600 3398 τοὺς
1684 3337 1760 3405 μὴ

162 3426 536 3498 πειθομένους
566 3424 920 3490 ἐπανελθεῖν,
983 3425 1077 3478 καὶ
1156 3424 1552 3495 ἀκοινωνήτους
1620 3421 1760 3479 εἷναι

168 3517 454 3583 θεσπίζει.
492 3519 708 3572 Ἔοικεν
735 3512 828 3571 οὖν
903 3516 1280 3570 ἐναντιοῦσθαι
1318 3515 1395 3585 τῷ
1453 3514 1515 3569 ιε’
1574 3518 1762 3570 κανόνι

164 3613 282 3666 τῶν
313 3611 480 3681 ἱερῶν
520 3609 861 3663 ἀποστόλων.
909 3609 1149 3670 Ἐκεῖνος
1170 3608 1281 3677 γὰρ
1313 3607 1444 3670 τοὺς
1495 3608 1755 3661 καταλεί-

161 3698 389 3766 ψαντας
423 3699 722 3767 κληρικοὺς
753 3696 853 3760 τὰς
882 3696 1092 3750 ἑαυτῶν
1136 3697 1458 3764 παροικίας,
1517 3697 1612 3751 καὶ
1677 3700 1758 3760 είς

162 3789 345 3859 ἄλλην
378 3790 679 3859 παροικίαν
711 3788 994 3852 παντελῶς
1021 3789 1400 3858 μεταστάντας
1433 3786 1586 3858 παρὰ
1614 3788 1762 3857 γνώ-

161 3899 284 3952 μην
321 3881 419 3933 τοῦ
453 3880 755 3933 ἐπισκόπου
786 3881 968 3934 αὐτῶν
1026 3879 1227 3948 μηκέτι
1252 3900 1267 3912 ·
1303 3880 1639 3949 λειτουργεῖν
1667 3897 1761 3933 κε-

160 3973 353 4034 λεύει,
416 3973 494 4033 ὡς
549 3971 607 4025 δέ
667 3972 887 4034 λαῖκοὺς
933 3974 1207 4024 κοινωνεῖν
1267 3972 1553 4042 ἐπιτρέπει
1625 3973 1760 4027 ἐκεῖ.

155 4061 344 4135 Οἶμαι
374 4063 559 4115 τοίνυν
589 4062 680 4114 ἐπὶ⁵
710 4061 803 4113 τοῦ
856 4063 1126 4131 παρόντος
1157 4062 1382 4124 κανόνος
1413 4062 1473 4113 τὸ
1534 4063 1763 4115 ἀκοινω-

154 4158 376 4226 νήτους
432 4154 571 4208 εἶναι
604 4153 774 4217 οὕτως
806 4155 1068 4220 νοεῖσθαι,
1112 4153 1282 4225 ἤγουν
1337 4155 1412 4225 μὴ
1451 4171 1762 4220 συγκοινω-

154 4250 282 4300 νεῖν
317 4246 510 4308 αὐτοῖς
544 4245 670 4308 τοὺς
697 4245 1008 4314 ίερατικοὺς
1081 4245 1309 4314 δηλαδή.
1393 4245 1557 4299 Ἀλλὰ
1619 4247 1759 4299 ἁπο-

157 4339 483 4409 τρέπεσθαι
526 4336 586 4390 τὸ
615 4339 1028 4406 συνιερουργεῖν
1069 4337 1255 4400 αὐτοῖς
1278 4337 1405 4400 τοὺς
1433 4335 1712 4400 τοιούτους
1745 4353 1759 4367 ·

1862 3262 1966 3314 est,
2022 3252 2292 3320 superiori
2341 3265 2550 3305 canone
2598 3253 2804 3306 restitui
2850 3251 3125 3317 iubentur.
3171 3252 3267 3307 llic
3313 3268 3439 3305 vero

1862 3360 1956 3400 eos
1987 3345 2078 3414 qui
2119 3359 2224 3397 non
2260 3345 2536 3412 paruerint
2573 3343 2796 3404 reverti,
2840 3357 2902 3396 ac
2953 3353 3233 3412 propterea
3286 3359 3439 3394 com-

1867 3439 2123 3492 munione
2151 3437 2389 3504 privatos
2415 3450 2535 3489 esse
2576 3434 2836 3488 decernit.
2873 3433 3006 3487 llinc
3038 3449 3167 3502 ergo
3217 3434 3437 3502 aliquis,

1862 3538 2171 3582 sanctorum
2236 3527 2603 3596 apostolorum
2667 3525 2876 3580 decimo
2938 3526 3128 3593 quinto
3198 3526 3437 3588 canoni,

1863 3619 2311 3671 constitutionem
2371 3618 2508 3671 hanc
2567 3616 2841 3670 adversari
2901 3615 3058 3668 facile
3111 3617 3440 3682 sustiicetur.

1862 3709 1995 3762 Nam
2033 3710 2123 3764 illo
2151 3725 2389 3776 quoque,
2418 3709 2730 3778 quicunque
2762 3698 2945 3760 clerici
2977 3708 3026 3759 in
3071 3708 3235 3760 aliam
3267 3723 3444 3775 parua-

1863 3803 2026 3867 ciam,
2059 3815 2156 3854 sua
2189 3800 2397 3862 relicta,
2420 3799 2875 3867 invitocepiscopo
2901 3813 3000 3851 suo
3029 3801 3442 3864 trausmcarim,

1865 3892 2038 3946 sat-ris
2065 3907 2301 3958 unquam
2337 3891 2574 3959 operari,
2604 3891 2746 3944 facta
2778 3891 3129 3945 nihilominus
3181 3893 3442 3948 laicormu

1864 3982 2304 4036 commnnicandi
2374 3983 2688 4048 potestate},
2749 3979 3127 4048 prohibentur.
3191 3981 3447 4034 Cominu-

1865 4071 2041 4124 nionis
2063 4071 2228 4137 igitur
2254 4070 2611 4138 privationem
2634 4071 2734 4124 hoc
2754 4071 2869 4124 loco
2895 4085 3013 4123 eam
3046 4071 3442 4141 intelligendam

1865 4176 1984 4222 esse
2013 4161 2276 4225 arbitror,
2311 4176 2417 4230 qua
2445 4161 2641 4216 initiati
2672 4160 2926 4215 videlicet
2963 4161 3026 4215 iis
3055 4177 3208 4216 sacra
3241 4162 3447 4216 facien-

1869 4253 2012 4307 tibus
2048 4252 2199 4307 nullo
2231 4253 2395 4306 modo
2423 4252 2857 4314 communicare,
2899 4251 2994 4305 sed
3045 4268 3140 4307 eos
3191 4253 3242 4306 in
3291 4268 3451 4308 sacro

1868 4345 2174 4400 ministerio
2203 4344 2418 4414 penitus
2465 4345 2704 4398 aversari
2752 4344 3036 4412 jubentur.
3090 4345 3446 4401 Communiu-

159 4428 476 4483 κοινωνίαν
505 4425 742 4482 ἐνταῦθα
764 4427 874 4480 τῶν
923 4428 1097 4495 ἀγίων
1154 4427 1415 4494 Πατέρων
1497 4428 1619 4497 οὐχὶ
1663 4426 1759 4497 τὴν

1872 4438 2069 4505 nisque
2101 4438 2344 4497 nomine,
2383 4448 2489 4489 non
2546 4449 2827 4488 sacrorum
2884 4437 3266 4507 mysteriorum
3317 4453 3444 4504 per-

157 4521 494 4594 μετὰληψιν
527 4522 636 4574 τῶν
668 4521 1030 4592 ἀγιασμάτων
1055 4521 1465 4590 όνομασάντων,
1495 4520 1631 4574 ἀλλά
1663 4520 1764 4588 τὴν

149 4611 476 4683 τῶνίερῶν
517 4610 1008 4682 συμμεταχείρισιν
1039 4610 1136 4664 καὶ
1199 4609 1610 4680 κοινοπραξίαν,
1670 4610 1762 4663 καὶ

149 4705 227 4756 ’τὸ
273 4703 720 4770 συλλειτουργεῐν
776 4703 891 4765 τοῖς
962 4695 1160 4772 οἷσπερ
1212 4702 1547 4771 προσῆλθον.
1604 4701 1764 4755 Οὕτω

145 4795 283 4866 γὰρ
318 4786 617 4862 νοούμενος
657 4793 684 4845 ό
714 4795 907 4862 παρὼν
948 4791 1151 4859 κανὼν,
1192 4793 1253 4846 οὐ
1289 4792 1579 4863 διαφωνεῖν
1622 4793 1763 4862 πρὸς

141 4888 260 4939 τὸν
293 4884 659 4939 ἀποστολικὺν
677 4886 882 4937 κανόνα
912 4884 1056 4948 δόξει
1091 4887 1218 4939 τινί.
1257 4880 1391 4938 Εἶτα
1435 4885 1632 4953 ἐπάγει
1662 4885 1759 4948 ὼς,

141 4982 211 5032 εί
244 4978 561 5040 ἐπίσκοπός
585 4994 667 5040 τις
693 4978 783 5030 τὸν
822 4977 920 5046 ἀφ’
950 4977 1145 5046 ἐτέρας
1177 4978 1386 5038 πόλεως
1436 4978 1517 5040 είς
1567 4978 1763 5047 ἑτέραν

147 5067 706 5144 μεταναστεύσαντα
767 5068 1030 5139 κληρικον
1082 5071 1473 5137 χειροτονήσει,
1519 5086 1764 5137 προαγα-

135 5162 286 5231 γὼν
317 5162 456 5222 ἴσως
479 5160 640 5212 αὐτὸν
665 5160 746 5222 εἱς
775 5160 983 5230 βαθμὸν
1018 5161 1243 5230 μείζονα
1297 5161 1374 5230 μὴ
1427 5161 1761 5231 βουλομένου

129 5271 182 5310 1:
211 5257 261 5307 εὖ
291 5252 622 5317 ἐπισκόπου,
658 5253 717 5317 ἐξ
746 5244 811 5304 οὗ
855 5253 1226 5324 ἀνεχώρησεν,
1272 5253 1479 5324 ἄκυρος
1527 5253 1682 5307 ἔσται
1713 5256 1748 5324 ἡ

133 5345 518 5418 χειροτονία.

135 5481 414 5539 ΑΡΙΣΤ.
478 5480 654 5533 Ὅσοι
725 5481 1120 5549 πρεσϐύτεροι
1167 5478 1269 5532 καὶ
1324 5477 1592 5533 διάκονοι
1652 5479 1764 5548 τῆς

229 5572 576 5637 ἐκκλησίας
608 5571 1138 5640 ἀναχωρήσουσιν,
1163 5569 1400 5624 ᾶδεκτοι
1435 5572 1522 5636 είς
1552 5570 1764 5639 ἑτέραν

226 5661 586 5726 ἐκκλησίαν
612 5661 972 5728 γενήσονται
997 5677 1012 5693 ο
1046 5658 1187 5713 ἀλλ’
1233 5659 1764 5728 ἐπιστρεφέτωσαν

191 5757 324 5820 ,εἰς
365 5753 486 5820 τὴν
515 5755 711 5812 αὐτῶν
749 5754 1089 5822 παροικίαν.
1125 5754 1189 5807 El
1221 5751 1286 5805 δέ
1311 5769 1402 5817 τις
1433 5751 1545 5808 τὸν
1577 5751 1763 5821 ἐτέιφ

1872 4530 2196 4596 ceptionem,
2226 4525 2322 4584 sed
2359 4528 2410 4582 in
2443 4528 2615 4582 sacris
2657 4527 2984 4595 muneribus,
3016 4543 3080 4583 ac
3128 4528 3448 4583 ministeriis

1874 4633 1980 4670 una
2009 4632 2129 4671 cum
2167 4617 2234 4671 iis
2263 4617 2331 4670 ad
2360 4630 2501 4685 quos
2529 4617 2798 4670 accedunt
2823 4615 3086 4669 obeundis
3123 4616 3444 4670 societatem

1873 4707 1963 4763 hic
1988 4725 2017 4762 a
2034 4708 2286 4763 Patribus
2308 4722 2434 4762 reor
2457 4722 2578 4762 esse
2631 4706 3007 4774 significatam.
3038 4703 3149 4760 llac
3177 4707 3445 4774 siquidem

1873 4800 2084 4853 ratione
2138 4799 2515 4867 explicatum,
2591 4797 2727 4852 nihil
2794 4799 2937 4851 hunc
2997 4799 3062 4851 ab
3144 4798 3446 4866 apostolico

1871 4906 2082 4946 eanone
2133 4890 2471 4957 discrepare,
2519 4889 2679 4945 facile
2713 4890 3013 4957 apparebit.
3064 4891 3264 4942 Deinde
3314 4891 3442 4943 sub-

1864 4981 2008 5049 jicit,
2046 4984 2188 5051 quod
2217 4982 2261 5034 si
2283 4980 2405 5048 quis
2429 4982 2716 5048 episcopus
2741 4981 2993 5035 clericum
3027 4983 3118 5049 qui
3160 4983 3227 5034 ab
3257 4998 3360 5034 una
3389 4982 3441 5034 in

1871 5075 2031 5127 aliam
2062 5074 2248 5127 urbem
2288 5073 2537 5126 transivit
2580 5073 2935 5136 ordinaverit,
2967 5088 3296 5141 promovcns
3333 5074 3445 5124 [ιιι-ο

1872 5166 2032 5219 tassis
2062 5180 2184 5218 eum
2237 5164 2287 5216 in
2321 5164 2588 5232 majorem
2645 5163 2895 5233 gradum,
2950 5164 3204 5232 episcopo
3249 5180 3276 5217 a
3336 5181 3444 5231 quo

1871 5249 2143 5315 discessit,
2175 5265 2281 5304 non
2323 5250 2718 5316 consentiente,
2757 5251 2904 5306 irrita
2933 5252 3039 5306 erit
3077 5253 3371 5306 ordinatio.

1871 5475 2098 5532 ARIST.
2135 5476 2400 5542 Quotquot
2430 5474 2719 5543 presbyteri
2755 5473 2830 5526 vel
2856 5473 3070 5526 diaconi
3112 5472 3175 5523 ab
3223 5483 3440 5523 erctcsm

1944 5567 2272 5630 recesserint,
2327 5567 2382 5618 in
2419 5565 2584 5617 aliam
2628 5564 2904 5618 ecclesiam
2945 5582 3046 5617 non
3087 5573 3204 5616 sunt
3256 5563 3445 5612 admit-

1943 5661 2106 5725 tendi,
2162 5659 2229 5711 ad
2277 5674 2427 5712 suam
2481 5673 2600 5710 vero
2644 5659 2926 5723 paroreiam
2977 5664 3324 5708 revertantur.
3383 5653 3442 5702 Si

1943 5754 2059 5823 quis
2094 5761 2267 5806 autem
2302 5766 2418 5806 eum
2448 5751 2536 5819 qui
2570 5748 2639 5804 ad
2671 5749 2840 5804 aliam
2881 5751 3123 5817 pertinet,
3171 5747 3281 5802 sine
3315 5762 3442 5812 pru-
