4222 6460
875 433 981 494 299

2087 421 2363 480 'I‘IIEOD.
2395 420 2485 476 BA
2496 420 2624 477 LSA
2637 418 2790 477 ΜοΝ

3984 417 4077 480 300

881 561 1041 602 latent
1099 564 1243 599 suain
1307 545 1625 597 t‘uttlit‘tttarc
1681 552 1963 601 conantur,
2016 524 2068 591 tit
2121 558 2223 590 non
2289 545 2483 596 recte}

2479 545 2502 596 λ
2533 537 2673 597 τινὲς
2702 538 2807 587 τῶν
2834 534 2925 587 τοῦ
2959 534 3178 596 κανόνος
3201 534 3462 605 ῥημάτων
3483 534 3943 603 ἀντιποιούμενοι,
3972 539 4081 604 (τῆς

878 642 1147 697 ordinem,
1184 637 1248 688 ad
1284 635 1331 686 id
1370 637 1508 702 quod
1536 644 1618 685 est
1645 632 2031 694 inordinatum,
2079 630 2426 686 transferunt,

879 727 1139 795 permittit
1165 724 1376 793 quidem
1410 725 1748 788 imperatoria
1771 736 1885 773 mea
1918 721 2181 774 serenitas
2211 716 2431 767 canonis

880 817 1217 885 interpretari
1268 825 1321 870 et
1375 814 1655 868 declarare
1706 820 2057 873 contextum,
2121 808 2210 876 qui
2278 807 2431 859 facile

879 909 1257 979 comprehendi
1311 914 1513 975 potest,
1562 916 1617 959 et
1667 903 1884 972 pulchre
1937 902 2169 955 discerni
2220 900 2285 952 iis
2344 899 2429 963 qui

877 1012 1064 1055 exacte
1092 1006 1392 1068 penetrant,
1440 1008 1494 1049 et
1527 998 1842 1049 canonicum
1887 1008 2103 1046 sensum
2143 992 2430 1057 attingunt.

881 1095 990 1146 lloe
1031 1103 1205 1144 autem
1255 1090 1437 1156 utique
1476 1090 1643 1157 ipsum
1705 1086 2043 1152 pontiﬁcibus
2092 1088 2288 1149 probro
2334 1092 2432 1143 est,

878 1184 1019 1250 quod
1055 1199 1179 1234 cum
1211 1196 1471 1232 canonum
1501 1178 1721 1239 scirent,
1755 1187 1806 1226 et
1844 1176 1958 1241 ejns
2004 1173 2161 1226 verba
2200 1171 2435 1239 perfecte

881 1274 1259 1342 intelligerent,
1310 1288 1454 1322 sllitill
1511 1268 1746 1334 ipsorum
1811 1263 2193 1341 censi-ientiam
2243 1273 2436 1327 praeter

885 1368 1143 1417 rationein
1169 1361 1575 1420 conculcarunl,
1601 1366 1653 1408 et
1675 1358 1795 1407 dum
1828 1351 2432 1409 disturbareturcanon,

884 1457 1263 1512 toleraverunt,
1297 1460 1456 1519 atque
1488 1448 1793 1501 inferiorem
1822 1445 2117 1496 sessionem
2149 1440 2250 1493 sub
2282 1440 2425 1506 prio-

881 1550 1027 1600 ribus
1082 1543 1429 1598 cltartulariis
1484 1538 1713 1605 amplexi
1768 1535 2003 1588 fuerunt.
2065 1533 2291 1598 Ideoque
2338 1542 2432 1598 pro

880 1651 1160 1692 sacrorum
1194 1648 1458 1687 canonum
1498 1638 1803 1696 contemptu
1838 1625 2135 1679 mercedem
2191 1624 2324 1674 bane
2358 1623 2437 1676 eis

885 1729 1160 1799 (majestas
1210 1724 1348 1789 mea)
1398 1722 1603 1783 trilmit,
1642 1728 1697 1772 ut
1750 1733 1874 1770 suas
1913 1716 1977 1769 ad
2018 1714 2272 1769 ecclesias
2324 1712 2438 1766 abi-

880 1831 1094 1889 gantur,
1155 1814 1510 1868 ecclesiastici
1565 1812 1785 1864 canonis
1824 1808 1983 1859 etiam
2029 1808 2128 1859 ltac
2184 1808 2234 1858 in
2286 1813 2437 1873 parte

886 1910 1125 1977 vestigiis
1165 1907 1443 1967 insistens,
1480 1912 1533 1955 et
1581 1903 1836 1953 adversus
1884 1897 2148 1950 cauennm
2191 1907 2432 1949 contem-

887 2014 1067 2070 ptores
1117 2000 1260 2068 ipsos
1304 2010 1537 2049 canones
1588 2008 1769 2046 sat-ros
1808 2007 1859 2042 ιιι
1888 1990 2203 2056 ,ειὼεὶιίὶυιιι
2238 1983 2437 2055 ρσοὶίιι-

881 2110 1028 2148 cens.
1065 2093 1176 2146 Nec
1231 2093 1373 2143 enim
1426 2086 1708 2156 pontiﬁces
1766 2085 1823 2144 ii,
1876 2084 1963 2151 qui
2016 2081 2483 2134 occidentalibnS'

881 2189 1125 2243 ecclesiis
1151 2195 1407 2256 praesunt,
1443 2196 1494 2235 et
1519 2200 1546 2235 a
1579 2184 1744 2235 multo
1767 2180 1875 2247 jam
1906 2188 2142 2246 tempore
2178 2176 2299 2229 lidei
2328 2190 2439 2228 suae

882 2283 1215 2336 creditorum
1240 2279 1459 2332 ovilium
1492 2291 1673 2327 Curam
1711 2273 1906 2325 pullam
1937 2284 2173 2339 gessere,
2204 2283 2324 2333 nec,
2360 2267 2437 2319 uti

884 2373 1261 2435 conveniebat,
1312 2370 1379 2422 iis
1412 2367 1760 2437 prmiuernnt,
1792 2363 1970 2416 dicere
2018 2366 2290 2427 poterunt,
2349 2373 2436 2408 ra-

884 2468 1022 2522 biem
1060 2464 1330 2523 hostilem,
1364 2474 1482 2527 quae
1507 2474 1600 2527 per
1642 2456 1907 2508 Orientem
1946 2460 2185 2521 grassata
2217 2448 2337 2509 fuit,
2372 2448 2437 2499 ad

887 2562 1030 2627 ipsos
1060 2555 1359 2625 pertigisse,
1385 2561 1545 2619 atque
1577 2549 1679 2602 hoc
1703 2546 1861 2599 modo
1890 2545 1989 2597 sibi
2019 2544 2198 2596 ovium
2233 2541 2439 2592 ratione

884 2651 1224 2718 praeditarum
1263 2643 1643 2708 inspectionem
1696 2640 1999 2705 ademptam
2028 2648 2170 2688 esse.
2216 2631 2281 2685 Et
2328 2633 2430 2684 ltoc

883 2741 1098 2812 quidem
1112 2739 1176 2790 -in
1209 2738 1348 2790 luntc
1379 2735 1591 2785 modum
1621 2746 1649 2784 a
1682 2731 1961 2799 majestate
1984 2741 2097 2780 mea
2121 2724 2438 2793 dispositum

884 2845 1111 2888 eventus
1144 2825 1505 2894 eisjndiciutn
1534 2822 1804 2912 relinquit.
1845 2820 1980 2886 Quia
2028 2833 2153 2874 vero
2200 2828 2255 2872 et
2312 2817 2441 2870 illttd

886 2926 953 2979 ad
977 2938 1135 2977 aures
1163 2921 1283 2990 ejus
1326 2918 1548 2971 relatum
1593 2909 1697 2979 est,
1731 2913 1990 2980 quosdam
2022 2911 2228 2966 scilicet
2269 2909 2442 2963 eccle—

886 3018 976 3069 sia:
1046 3026 1293 3083 proceres
1342 3008 1575 3064 eximios
1624 3005 1924 3076 praeteriri,
1979 2986 2442 3067 cum‘electionés

889 3110 1046 3169 fiunt,
1084 3108 1268 3174 eisque
1300 3102 1539 3172 prmferri
1582 3098 1891 3161 nonnullos,
1925 3106 2032 3148 tam
2080 3102 2235 3148 mtate
2281 3106 2441 3161 quant

891 3199 1094 3253 meliori
1123 3208 1241 3249 tntae
1273 3193 1579 3248 conditione
1616 3188 1925 3250 inferiores,
1958 3186 2155 3254 quique
2186 3198 2288 3237 non
2325 3195 2439 3234 ma-

892 3304 1027 3359 gnos
1073 3303 1170 3356 pro
1200 3284 1438 3338 Ecclesia
1472 3283 1678 3335 labores
1725 3279 2113 3338 sustinuerunt,
2147 3289 2244 3327 nec
2277 3273 2437 3341 igitur

894 3383 980 3433 illa
1019 3376 1233 3447 quidem
1268 3391 1352 3428 res
1390 3388 1543 3425 sacra
1576 3369 1882 3441 pontiﬁcum
1911 3367 2114 3436 synodo
2144 3364 2297 3432 digna
2326 3361 2439 3413 visa

892 3481 995 3523 est.
1032 3473 1368 3536 Quapropter
1398 3463 1648 3516 omnibus
1688 3460 1930 3529 religiose
1980 3458 2201 3525 pariter,
2243 3464 2294 3506 et
2339 3453 2441 3505 im-

894 3559 1224 3630 perialicunt
1264 3555 1579 3606 auctoritate
1612 3551 1848 3612 :nandat,
1901 3562 1966 3600 ne
2013 3548 2191 3599 ludant
2241 3544 2293 3596 iit
2343 3542 2441 3595 nti-

897 3654 1039 3706 uitne
1073 3649 1315 3707 ludicris,
1352 3662 1445 3697 nee
1476 3642 1685 3694 aﬂ'eetni
1733 3641 1923 3692 divinis
1971 3639 2021 3689 in
2062 3636 2217 3689 rebus
2270 3633 2443 3685 indul-

896 3748 1078 3809 geant.
1117 3737 1243 3790 Nam
1279 3736 1362 3787 ubi
1397 3736 1569 3785 anima
1606 3742 1851 3783 versatur
1901 3731 1950 3781 in
1998 3717 2253 3795 perit-nlo,
2298 3723 2446 3788 cujus

898 3834 1037 3883 altus
1070 3830 1142 3882 rei
1170 3831 1341 3896 potior
1374 3826 1615 3878 habenda
1651 3837 1775 3875 cura
1804 3821 1924 3873 est?
1954 3819 2073 3871 Illos
2104 3824 2278 3869 autem
2309 3830 2447 3881 prae-

901 3928 1078 3976 ierunt
1137 3917 1295 3981 aliis,
1349 3927 1399 3966 et
1455 3918 1656 3967 bottorc
1706 3911 2077 3979 suﬂ'ragiorttnt
2130 3910 2443 3973 dignentur,

898 4028 1052 4081 quos,
1088 4028 1190 4062 una
1221 4026 1339 4062 cum
1378 4008 1642 4066 doctrina,
1674 4004 1943 4070 inculpata
1973 4001 2076 4053 vita
2118 4010 2309 4063 ornat;
2359 4005 2449 4051 aut

902 4105 954 4156 in
1000 4102 1195 4169 quibus
1242 4104 1284 4154 si
1318 4100 1557 4151 dlit‘ll'illa
1594 4096 1730 4148 forte
1759 4093 1990 4155 vacillet,
2026 4091 2163 4158 longi
2198 4088 2450 4155 temporis

904 4211 1053 4253 usus.
1080 4202 1133 4245 et
1161 4191 1308 4243 Ittttlti
1346 4207 1439 4256 pro
1468 4189 1705 4240 Ecclesia
1737 4188 1945 4236 labores
2000 4181 2280 4243 enttttlali,
2310 4178 2449 4246 quod

905 4285 1080 4343 deest,
1115 4280 1383 4347 supplent.
1420 4278 1508 4329 Sic
1543 4292 1683 4329 enim
1712 4273 1976 4341 snﬂragiis
2026 4273 2137 4324 suis
2171 4281 2312 4322 recte
2342 4278 2452 4320 sta-

904 4386 1078 4437 tuent,
1130 4383 1185 4425 et
1236 4390 1261 4421 ει
1312 4371 1417 4423 Deo
1461 4386 1567 4422 sua:
1611 4370 1674 4419 ad
1722 4366 1912 4418 anima:
1951 4365 2450 4437 condemnationem

906 4466 1164 4534 suffragia
1211 4464 1402 4516 tttiisse
1443 4478 1544 4513 non
1580 4468 1892 4526 urguentur.
2444 4430 2455 4447 l

981 4732 1232 4790 ZONAR.
1269 4729 1480 4783 Ordinis
1512 4730 1721 4793 quiuem
1755 4723 1951 4790 ubique
1978 4721 2237 4793 rationem
2272 4717 2459 4772 haberi

914 4839 1131 4881 necesse
1159 4835 1261 4885 est,
1294 4823 1385 4874 sed
1410 4819 1477 4872 ab
1505 4820 1569 4870 iis
1602 4818 1832 4868 maxime
1874 4790 2203 4870 hominibiis,
2250 4811 2338 4877 qui
2370 4825 2461 4861 sa-

914 4922 1019 4972 eris
1050 4915 1328 4969 ordinibus
1358 4912 1551 4964 initiati
1588 4922 1863 4961 sacrorum
1913 4906 2288 4973 procuratione
2342 4903 2464 4953 lun-

918 5020 1133 5079 gnntur.
1168 5006 1298 5059 Rem
1332 5003 1494 5073 igitur
1526 5002 1576 5053 in
1606 5016 1706 5067 qua
1731 4997 1940 5052 ordinis
1965 4996 2092 5048 vitio
2121 4994 2461 5061 peccabatur,

922 5102 1007 5154 bie
1042 5114 1211 5153 canon
1242 5093 1566 5149 emendavit.
1604 5089 1756 5154 Quod
1790 5088 1933 5141 enim
1966 5085 2177 5139 diaconi
2210 5082 2463 5136 sacerdo-

917 5191 1057 5243 tibus
1090 5186 1474 5241 Eucharistiam
1509 5181 1896 5240 ministrarent,
1922 5192 2121 5244 eosque
2153 5175 2230 5228 vel
2262 5176 2467 5242 episco-

920 5297 1043 5349 pum
1100 5278 1311 5346 q'u'oque
1352 5277 1403 5328 in
1463 5274 1577 5341 ejus
1633 5271 1929 5341 stituptione
1966 5275 2368 5336 praeverterent,
2414 5263 2467 5316 id

919 5389 1045 5426 vero
1102 5386 1205 5424 non
1264 5369 1380 5422 sine
1436 5365 1645 5419 ordinis
1711 5361 2114 5429 perturbatione
2168 5358 2464 5409 eveniebat.

921 5466 1149 5518 Proinde
1182 5473 1238 5512 nt
1271 5460 1598 5518 abstineant,
1628 5469 1688 5506 ac
1727 5468 1824 5505 suo
1857 5450 2050 5519 singuli
2084 5466 2141 5502 se
2189 5448 2319 5516 pede
2356 5464 2466 5499 me-

924 5564 1144 5621 -.i:tnlur,
1178 5559 1230 5609 in
1263 5567 1533 5622 posterum
1571 5556 1769 5600 monet.
1824 5545 1888 5597 Et
1937 5554 1994 5596 ut
2049 5542 2219 5594 sciant
2261 5540 2468 5594 diaconi

922 5674 977 5705 se
1010 5654 1383 5721 episcoporum
1421 5659 1540 5697 esse
1576 5645 1628 5694 in
1664 5639 1834 5693 sacris
1889 5635 2185 5695 ministros,
2239 5634 2305 5685 ab
2347 5628 2472 5709 ipso

923 5745 1135 5797 nomine
1167 5744 1264 5793 hoc
1294 5738 1503 5800 edoni;
1533 5746 1585 5787 et
1613 5733 1751 5801 quod
1787 5729 1957 5797 major
2002 5739 2085 5781 est
2135 5728 2473 5794 presbytero-

926 5855 1043 5889 rtttn
1088 5849 1247 5891 attain
1281 5832 1621 5897 tlincunprttnt
1667 5827 1922 5892 dignitas.
1981 5819 2095 5884 Qui)
2140 5817 2258 5884 jure
2313 5818 2472 5885 igitur

2532 628 2641 697 γὰρ
2669 628 2877 689 ἑννοίας
2902 628 3091 697 πόρῤω
3108 628 3559 695 ἁποδιεστήκασι)
3590 626 3893 696 πειρῶνται
3917 627 3977 677 τὸ
4011 628 4085 677 oi-

2533 721 2679 771 κεῖον
2734 720 2999 788 συστῆσαι
3050 721 3280 788 θέλημα,
3317 722 3410 772 καὶ
3458 721 3548 771 ἐπὶ
3606 722 3668 773 τὸ
3734 722 3971 774 ἄτακτον
4027 719 4083 770 ού

2533 811 2713 875 καλῶς
2743 812 2840 881 τήν
2874 811 3027 875 τάξιν
3059 812 3536 881 μεταὸιὸάζουσιν,
3577 814 3639 882 ἐᾷ
3680 813 3780 881 μὲν
3842 816 3877 881 ή
3942 811 4086 878 βασι-

2533 903 2652 956 λεία
2681 920 2783 971 μου
2809 902 2905 969 τὴν
2932 904 3026 954 τοῦ
3058 904 3278 965 κανόνος
3310 903 3641 973 ἑρμηνεῦσαι
3679 906 3773 954 καὶ
3794 901 4085 970 σατρηνίσαι

2533 995 2699 1066 ὑφὴν,
2740 998 2945 1067 ῥᾴστην
2975 996 3141 1048 οὖσαν
3172 996 3609 1066 καταληφθῆναι,
3642 996 3731 1047 καί
3755 995 4089 1062 διαγνωσθῆ-

2535 1105 2643 1149 ναι,
2675 1088 2853 1149 καλῶς
2886 1094 2998 1150 τοῖς
3031 1089 3326 1155 βάπτουσιν
3346 1090 3427 1149 είς
3461 1088 3770 1157 ἀκρίϐειαν,
3805 1090 3902 1139 καὶ
3933 1105 4087 1139 κανο-

2534 1179 2693 1246 νικῆς
2729 1180 2937 1240 ἐννοίας
3001 1178 3390 1244 θιγγάνουσιν·
3457 1178 3590 1229 αὐτὸ
3641 1180 3696 1230 δὲ
3768 1179 3931 1230 τοῦτο
3984 1182 4086 1238 τοῖς

2535 1276 2884 1346 ἀρχιερεῦσιν
2923 1277 3173 1345 ἐπιτιμᾷ,
3206 1277 3257 1327 τί
3301 1274 3515 1346 ’δήποτε
3578 1275 3671 1327 τὸν
3722 1276 3928 1327 κανόνα
3964 1275 4090 1325 εἱόό-

2533 1383 2626 1428 τες
2675 1369 2772 1419 καὶ
2812 1368 2881 1419 τὰ
2934 1369 3152 1439 ῥήματα
3212 1367 3401 1420 τούτου
3452 1365 3931 1435 ἑξακριὸούμενοι,
3999 1367 4092 1433 τήν

2535 1461 2747 1512 ἑαυτῶν
2776 1461 3082 1528 συνείδησιν
3139 1460 3442 1526 ἀνευ).όγως
3507 1459 3809 1527 ὲπάτησαν,
3860 1459 3958 1509 καὶ
4003 1456 4091 1507 τοῦ

2536 1553 3299 1625 κανόνοςπαραρῤιπτομὲνου
3325 1552 3625 1620 ἠνείχοντο,
3676 1551 3770 1603 καὶ
3828 1548 3933 1617 τὴν
3999 1549 4094 1613 ὐφ-

2538 1649 2719 1719 εδρίαν
2761 1648 2851 1698 ἐπὶ
2868 1647 2978 1698 τῶν
3012 1646 3142 1715 πρὶν
3166 1643 3595 1714 χαρτοφυλάκων
3623 1642 3942 1711 ἠσπάζοντο
3969 1655 3984 1669 ⁸
4007 1642 4093 1693 καὶ

2542 1738 2732 1809 μισθὸν
2757 1736 2967 1798 τούτοις
3008 1738 3104 1804 τῆς
3161 1736 3267 1789 τῶν
3298 1734 3459 1803 ἱερῶν
3490 1736 3729 1787 κανόνων
3760 1734 4094 1804 περιφρονή-

2542 1850 2677 1890 σεως
2724 1831 2823 1899 τὴν
2872 1831 2963 1880 ἐπὶ
3026 1832 3125 1891 τὰς
3190 1827 3462 1897 λαχούσας
3545 1828 3741 1888 αὐτοὺς
3802 1825 4096 1893 ἐκκλησίας

2537 1926 2800 1977 ἀπέλασιν
2828 1922 3031 1988 δίδωσι,
3050 1925 3233 1975 κανόνι
3268 1920 3555 1991 στοιχοῦσα
3590 1918 3873 1973 κάνταῦθα
3904 1918 4097 1988 ἐκκλη-

2538 2018 2827 2097 σιαστικῷ,
2866 2019 2962 2070 καὶ
3008 2018 3120 2077 τοῖς
3170 2016 3597 2086 περιφρονηταϊς
3681 2014 3791 2067 τῶν
3857 2012 4099 2065 κανόνων

2537 2111 2761 2163 ἐκείνων
2785 2111 2979 2172 αὐτοὺς
3033 2110 3159 2169 τοὺς
3224 2108 3401 2177 ἱεροὺς
3466 2106 3691 2167 κανόνας
3752 2107 3832 2168 είς
3890 2105 4100 2173 ἄμυναν

2536 2203 2930 2270 ἀντεξάγουσα.
2964 2200 3095 2254 Οὐδὲ
3115 2204 3224 2268 γὰρ
3278 2199 3344 2253 ἂν
3387 2201 3565 2269 ἔχοιεν
3616 2199 3798 2266 λέγειν
3861 2201 3912 2251 ot
3996 2197 4098 2249 τῶν

2536 2294 2769 2348 δυτικῶν
2801 2292 3141 2362 προεστῶτες
3175 2292 3455 2360 ἀρχιερεῖς
3492 2291 3583 2342 ἐπὶ
3631 2289 3819 2359 χρόνον
3888 2288 4100 2358 μακρὸν

2536 2388 2645 2440 τῶν
2730 2385 3205 2453 ὲμπιστευθέντων
3268 2383 3453 2444 αὐτοῖς
3548 2382 3623 2452 μὴ
3717 2379 4099 2451 φροντίζοντες

2537 2483 2824 2568 ποιμνίων,
2857 2478 2982 2549 μηδ’
3014 2478 3088 2540 ὡς
3114 2477 3277 2549 ἐχρῆν
3309 2478 3369 2528 ὲν
3389 2474 3601 2538 τούτοις
3632 2475 4101 2542 ὲπιστατήσαντες

2538 2573 2613 2636 ῶς
2644 2576 2676 2641 ὴ
2716 2562 2814 2641 τὴν
2835 2572 2951 2624 Ἕω
2985 2570 3402 2639 κατατρέχουσα
3462 2568 3571 2619 τῶν
3634 2562 3846 2636 ἐχθρῶν
3907 2567 4097 2627 λύσσα,

2490 2718 2493 2721 .
2538 2665 2882 2734 προσέστηκε
2908 2663 3136 2727 τούτοις,
3175 2664 3269 2732 καὶ
3304 2662 3405 2731 τὴν
3467 2660 3773 2726 ἐπισκοπὴν
3838 2658 4100 2711 {vce-303v

2540 2760 2648 2812 τῶν
2674 2757 2913 2826 λογικῶν
2967 2756 3253 2824 προϐάτων
3290 2752 3715 2823 περιῃρέθησαν.
3760 2753 3872 2805 Καὶ
3909 2752 3971 2804 τὸ
4006 2751 4100 2820 μὲν

2541 2851 2714 2915 οὕτως
2752 2848 3109 2918 οἰκονομηθὲν
3161 2846 3313 2916 παρά
3364 2849 3463 2915 τῆς
3512 2845 3796 2915 βασιλείας
3848 2861 3953 2913 μου
4004 2842 4101 2912 τὴν

2541 2947 2724 3015 κρίσιν
2746 2944 2927 3005 αὐτοῖς
2948 2941 3042 2993 τοῦ
3058 2942 3495 3009 ἀποτελέσματος
3515 2938 3917 3007 περιλέλοιπεν.
3952 2938 4101 2991 Ἐπεὶ

2543 3012 2598 3089 ei
2618 3036 2714 3089 καὶ
2740 3038 2898 3088 τοῦτο
2926 3036 3004 3095 είς
3032 3033 3198 3096 ἀκοὰς
3221 3033 3423 3103 ἀνήχθη
3458 3030 3625 3101 αὐτῷ,
3692 3030 3767 3093 ῶς
3799 3012 3949 3093 τινες
3996 3031 4101 3082 τῶν

2544 3129 2642 3200 τῆς
2672 3129 2995 3197 Ἐκκλησίας
3032 3126 3272 3195 λογάδων
3304 3128 3362 3179 ὲν
3389 3128 3507 3187 ταῖς
3533 3124 3851 3194 γινομέναις
3901 3123 4102 3193 ψήφοις

2468 3213 2511 3272 C
2544 3221 3074 3289 καταλιμπάνονται,
3132 3217 3501 3288 προτιμῶνται
3587 3215 3645 3267 δὲ
3688 3215 3899 3268 τούτων
3946 3214 4100 3273 ἔνιοι,

2546 3314 3098 3381 ὑποϐεϐηκότεςῖσως
3123 3316 3219 3364 καὶ
3257 3312 3433 3380 χρόνῳ
3467 3310 3562 3363 καὶ
3611 3309 3950 3363 καταστάσει
3988 3308 4101 3376 βίον

2546 3413 2612 3479 τῇ
2643 3409 2935 3478 κρείττονι,
2972 3408 3067 3460 καὶ
3089 3404 3222 3475 μηδὲ
3252 3403 3421 3456 πολλά
3446 3403 3576 3472 περὶ
3619 3403 3718 3472 τῆς
3770 3402 4105 3470 Ἐκκλησίας

2526 3506 2905 3575 πονήσαντες,
2928 3502 3028 3554 οὐκ
3052 3498 3146 3554 οὖν
3174 3498 3351 3565 ἔδοξεν
3387 3498 3510 3549 οὐδὲ
3544 3495 3703 3549 τοῦτο
3752 3496 3813 3548 τὸ
3872 3498 4107 3565 πρᾶγμα

2548 3602 2644 3671 τῆς
2676 3600 2825 3670 ἱερᾶς
2862 3596 3076 3651 συνόδου
3117 3597 3227 3651 τῶν
3250 3593 3548 3665 ἀρχιερέων
3577 3590 3820 3655 ἐπάξιον,
3869 3592 3999 3643 ὅθεν
4018 3594 4109 3642 καί

2551 3695 2883 3762 ἐπισκήπτει
2915 3693 3046 3744 πᾶσι
3101 3688 3361 3757 φιλοθέως
3424 3686 3557 3755 ὁμοῦ
3596 3685 3689 3737 καὶ
3714 3684 4015 3754 βασιλικῶς
4038 3684 4109 3751 μὴ

2552 3786 2766 3849 παίζειν
2792 3787 2847 3836 ὲν
2870 3785 2981 3846 τοῖς
3010 3784 3070 3834 οὐ
3087 3784 3358 3841 παικτοῖς,
3389 3779 3523 3847 μηδὲ
3588 3778 3750 3830 πάθει
3830 3778 3965 3845 περὶ
4046 3778 4111 3827 τὰ

2554 3879 2668 3932 θεῖα
2687 3878 3028 3947 χαρίζεσθαι.
3066 3876 3138 3927 Οὐ
3170 3873 3276 3943 γὰρ
3328 3871 3473 3941 ψυχὴ
3536 3873 3595 3922 τὸ
3639 3869 4111 3937 κινδυνευόμενον,

2553 3974 2693 4033 τίνος
2720 3967 3267 4040 φροντιστέονὲτὲρου
3300 3981 3315 4029 ;
3369 3962 3641 4023 Ἐκείνους
3682 3960 3737 4011 δὲ
3786 3960 4114 4029 προτιθέναι

2553 4066 2661 4118 τῶν
2687 4058 2885 4124 ἄλλων,
2908 4061 3005 4113 καὶ
3032 4060 3131 4127 τὴν
3167 4061 3223 4108 ὲν
3246 4058 3367 4117 ταῖς
3387 4054 3589 4122 ψήφοις
3634 4052 3925 4121 ἐπιτιμίαν
3958 4054 4115 4119 χαρέ-

2555 4157 2767 4220 ζεσθαι,
2802 4152 2891 4215 οὓς
2921 4150 3059 4221 μετά
3088 4150 3246 4215 λόγου
3278 4148 3372 4199 καὶ
3428 4145 3541 4215 βίος
3600 4146 3794 4212 κοσμεῖ
3850 4140 4117 4210 ἀνεπίλη-

2557 4266 2709 4312 πτος,
2805 4245 2898 4297 τοῦ
2921 4244 3077 4311 λόγου
3104 4240 3395 4303 σκάζοντος
3426 4239 3575 4299 ἴσως,
3603 4237 3630 4288 6
3657 4234 3867 4305 μακρὸς
3896 4236 4111 4303 χρόνος,

2557 4342 2650 4394 καὶ
2678 4328 2734 4392 τ’δ
2770 4339 2895 4406 περὶ
2923 4335 3019 4405 τὴν
3058 4331 3377 4399 Ἐκκλησίαν
3413 4328 3711 4396 πολύπονον
3794 4326 4116 4387 ὲπαναπλη-

2562 4434 2736 4503 ροῦσι,
2777 4430 2835 4482 τὸ
2863 4427 3100 4489 ἐλλιπές.
3129 4425 3287 4477 Οὕτω
3317 4422 3423 4491 γὰρ
3446 4420 3517 4478 ἂν
3542 4419 3659 4480 ταῖς
3682 4418 3886 4487 ψήφοις
3934 4418 4119 4480 καλῶς

2560 4526 2921 4594 διαιτήσουσι,
2948 4522 3039 4573 καὶ
3064 4517 3411 4585 ἐπὶεκρίματι
3435 4517 3535 4582 τῆς
3564 4512 3776 4564 ἑαυτῶν
3799 4509 3989 4578 ψυχῆς
4025 4511 4123 4561 οὐκ

2563 4619 2627 4672 ἂν
2650 4617 2839 4669 ἀλοῖενν
2859 4607 3301 4681 ψηφοφοροῦντες
3317 4606 3391 4674 τῷ
3414 4602 3552 4673 Θεῷ.

2631 4706 2873 4759 ΖΩΝΑΡ.
2931 4703 3040 4783 Τὴμ
3093 4699 3345 4763 εὐταξίαν
3446 4693 3758 4763 ἀπανταχοῦ
3827 4694 4126 4761 τηρεῖσθαι

2563 4797 3007 4867 ἀναγκαιότατον,
3037 4793 3270 4862 μάλιστα
3321 4789 3375 4842 δὲ
3406 4793 3462 4842 ἐν
3499 4792 3609 4849 τοῖς
3651 4788 3817 4856 ἱεροῖς
3872 4789 3973 4840 καὶ
4036 4805 4128 4855 με·

2562 4889 3020 4961 ταχειριζομένοις
3048 4888 3114 4936 τὰ
3154 4884 3303 4949 ἆγια.
3329 4883 3416 4934 Διὸ
3448 4883 3680 4952 πρᾶγμα
3701 4879 3762 4932 οὗ
3791 4879 3937 4931 κατὰ
3974 4879 4128 4941 τάξιν

2565 4985 2843 5053 γινόμενον
2871 4977 3211 5048 διωρθώσατο
3250 4979 3275 5026 ό
3295 4977 3494 5027 κανών.
3532 4973 3605 5024 Τὸ
3632 4971 3740 5039 γάρ
3782 4972 3911 5033 τοὺς
3942 4970 4128 5023 διακί-

2566 5094 2686 5136 you;
2720 5073 3053 5144 μεταδιδόναι
3107 5071 3219 5130 τοῖς
3276 5065 3478 5137 ἱερεῦσι
3552 5063 3658 5115 τῶν
3730 5063 4128 5131 ἀγίασμάτων,

2568 5169 2659 5221 καὶ
2685 5167 2789 5236 πρὸ
2829 5164 3026 5227 αὐτῶν,
3052 5161 3196 5231 ἦκαὶ
3226 5157 3318 5210 τοῦ
3351 5155 3647 5209 ἐπισκόπου
3684 5153 4131 5224 μεταλαμϐάνεεν

2569 5253 3049 5321 αὑτοὺς,αταξί;ις
3112 5247 3200 5319 ἦν,
3239 5250 3360 5302 ὅθεν
3428 5245 3868 5315 παρακελεύεται
3933 5248 4133 5314 μηκέτι

2569 5351 2725 5405 τοῦτο
2751 5348 3015 5417 γίνεσθαι,
3048 5346 3159 5398 ἀλλ’
3183 5345 3411 5396 ἕκαστον
3437 5339 3725 5409 γινώσκειν
3753 5338 3812 5391 τὸ
3876 5338 4021 5391 ἴδιον
4053 5340 4136 5407 μέο

2570 5462 2718 5513 τρον,
2753 5442 2847 5495 καὶ
2877 5439 3073 5492 εἰδέναι
3099 5437 3223 5497 τοὺς
3280 5434 3579 5495 διακόνους,
3627 5433 3709 5484 ὅτι
3746 5430 3858 5483 τῶν
3907 5430 4132 5481 ἐπισκό›

2575 5528 2696 5588 τιωὸ
2720 5536 2987 5602 ὑπηρέται
3026 5532 3162 5581 εἰσιν
3198 5530 3251 5578 ἐν
3311 5529 3421 5587 τοῖς
3456 5527 3640 5595 ἱ;ροῖς,
3688 5522 3747 5589 ἐξ
3827 5520 4013 5590 αὐτῆς
4043 5521 4135 5587 τῆς

2575 5630 2819 5698 κλήσεως
2849 5627 3007 5677 τοῦτο
3033 5622 3472 5690 διδασκομένους,
3551 5620 3641 5669 καὶ
3690 5616 3773 5669 ὃτι
3827 5615 4044 5685 μείζων
4107 5614 4135 5677 ἡ

2574 5723 2696 5785 ἀξία
2714 5720 2821 5774 τῶν
2860 5719 3240 5789 πρεσϐυτέρων
3276 5716 3424 5786 παρά
3449 5713 3544 5783 τὴν
3568 5710 3671 5764 τῶν
3693 5709 3986 5764 διακόνων.
4020 5705 4135 5761 Πῶς

2574 5810 2665 5865 οὖν
2696 5816 2740 5863 οξ
2772 5813 2988 5879 ἥττονες
3025 5813 3132 5870 τοῖς
3164 5807 3403 5875 μείζουσι
3471 5804 3843 5873 μεταδώσουσι
3892 5800 3998 5866 τῆς
4055 5796 4132 5847 εὖ·
