4222 6460
170 369 269 431 3ι7

1356 379 1434 439 IN
1462 377 1629 438 CAN.
1660 379 1720 439 II
1754 378 1959 441 CONC.
1998 380 2105 439 (ΞΡ.
2139 377 2220 441 II.

3271 376 3373 438 318

176 486 362 537 tuentis
410 486 580 539 iocum
616 487 869 542 divinitas
924 487 1197 557 expleret,
1256 488 1452 544 Clariin
1509 492 1712 546 Domini
1744 506 1983 544 animum
2011 508 2131 546 esse
2164 490 2505 559 opinabatur.
2554 491 2613 543 Et
2642 492 2854 544 siceum
2919 506 3016 545 nec
3079 488 3372 560 perlectqu

169 580 438 632 hominem
483 582 718 644 dicebat,
764 592 815 636 ct
862 598 1020 637 uuam
1069 583 1120 637 in
1152 583 1438 639 Servatore
1479 597 1718 641 naturam
1759 587 2098 655 przedicabat.

167 672 386 723 ΑΡΙΣΤ.
431 672 498 726 Ἢ
523 675 672 725 κατὰ
687 676 940 726 Νίκαιαν
967 675 1169 741 πίστις
1196 678 1476 743 κρατείτω
1507 697 1517 706 -
1554 677 1623 729 τὰ
1656 678 1722 730 δέ·
1752 685 1793 737 Λ
1828 711 1834 729 ι

1706 678 1722 729 ἓ·
1752 685 1793 737 Λ
1828 676 2049 731 ARIST.
2095 677 2255 731 Fides
2283 675 2507 730 Nicena
2537 677 2758 731 obtineat
2788 692 2805 731 :
2834 679 3050 730 hareses
3077 696 3193 731 vero
3239 694 3373 729 cna-

343 763 461 815 τῶν
494 765 777 833 αἱρέσεων
799 766 1063 835 ἀνάθεμα
1092 768 1294 836 ἐχέτω.
1328 769 1531 838 Σαφής.

769 902 1004 955 ΚΑΝΩΝ
1045 902 1117 975 B'.

169 1013 315 1075 Τοὺς
344 1014 497 1079 ὑπὲρ
524 1017 824 1081 διοίκησιν
851 1018 1223 1085 ἐπισκόπους
1244 1021 1370 1086 ταῖς
1393 1022 1723 1087 ὑπερορίοις

230 1105 590 1171 ἐκκλησίαις
605 1109 690 1174 μὴ
717 1109 965 1171 ἐπιέναι,
988 1112 1142 1180 μηδὲ
1182 1113 1467 1181 συγχέειν
1493 1114 1598 1177 τὰς
1625 1113 1709 1165 ἐκ·

230 1199 516 1264 πλησίας,
562 1200 723 1254 ἀλλὰ
774 1203 923 1257 κατὰ
973 1205 1114 1271 τοὺς
1160 1208 1419 1270 κανόνας
1463 1206 1568 1257 τὸν
1609 1205 1725 1275 μὲν

242 1288 693 1358 Ἀλεξανδρείας
720 1293 1078 1361 ἐπίσκοπον,
1114 1298 1185 1351 τὰ
1216 1298 1286 1351 ἐν
1322 1300 1595 1365 Αἰγύπτῳ
1615 1298 1723 1365 μό-

226 1398 343 1433 νον
371 1384 725 1451 οἰκονομεῖν,
746 1385 883 1450 τοὺς
903 1386 971 1440 δὲ
1001 1388 1109 1453 τῆς
1148 1388 1471 1457 Ἀνατολῆς
1489 1391 1723 1443 ἑπισκόο

228 1485 387 1537 πους
406 1472 540 1539 τηνί
580 1474 903 1543 Ἀνατολήν
924 1479 1119 1546 μόνην
1145 1479 1406 1538 διοικεῖν.
1442 1484 1724 1548 φυλαττο-

216 1562 422 1628 μένων
455 1564 572 1617 τῶν
600 1566 671 1618 ἐν
713 1568 838 1633 τοῖς
880 1571 1091 1623 κανόσι
1124 1572 1248 1637 τοῖς
1286 1573 1433 1625 κατὰ
1473 1575 1723 1626 Νίκαιαν

229 1658 563 1718 πρεσϐείων
591 1657 665 1726 τῇ
694 1661 1044 1729 Ἀγτιοχέων
1068 1664 1413 1731 Ἐκκλησία.
1452 1666 1559 1719 Κιιί
1582 1665 1722 1730 τοὺς

226 1748 338 1810 τῆς
380 1751 657 1818 Ἀσιανῆς
684 1753 1037 1828 διοικήσεως
1060 1756 1431 1824 ἐπισκόπους
1472 1757 1543 1811 τὰ
1575 1760 1723 1812 κατὰ

228 1841 349 1906 τὴν
386 1845 677 1909 Ἀσιανὴν
697 1847 888 1914 μόνον
918 1848 1276 1917 οἰκονομεῖν,
1322 1853 1418 1903 καί
1446 1851 1585 1915 τοὺς
1614 1849 1721 1915 τῆς

230 1935 531 2002 Ποντικῆς
556 1938 626 1989 τὰ
661 1937 769 2003 τῆς
801 1942 1092 2008 Ποντικῆς
1122 1942 1293 2008 μόνα.
1318 1945 1412 1998 καί
1443 1944 1584 2008 τοὺς
1613 1943 1719 2010 τῆς

2168 770 2336 822 thema
2386 771 2628 822 habeant.
2663 768 2998 838 Perspicuus.

2427 905 2653 961 CANON
2699 906 2762 959 ll.

1827 1023 2069 1091 li'piscOpi
2101 1023 2238 1075 ultra
2275 1024 2533 1076 diaccsim
2561 1026 2615 1076 in
2648 1022 2892 1077 ecclesias
2934 1033 3079 1075 extra
3109 1038 3230 1075 suos
3268 1032 3373 1073 zer—

1892 1117 2052 1167 minos
2097 1130 2157 1166 ne
2200 1118 2466 1177 accedunt,
2515 1132 2603 1166 nec
2639 1116 2883 1168 ecclesias
2915 1113 3262 1181 confundant.
3288 1115 3376 1165 sed

1891 1207 2170 1258 secundum
2203 1223 2445 1268 canones,
2487 1206 2820 1258 Alexandria:
2844 1205 3049 1274 quidem
3084 1206 3371 1273 episcopus,

1899 1298 2176 1365 xlfgyptum
2227 1299 2388 1349 solum
2438 1306 2602 1365 regat,
2638 1297 2863 1350 Orientis
2909 1309 3081 1348 autem
3126 1297 3374 1361 episcopi,

1899 1390 2157 1442 Orientem
2202 1391 2367 1441 solum
2410 1390 2789 1445 administrent,
2839 1388 3052 1442 servatis
3099 1387 3376 1454 privilegiis

1892 1501 1953 1535 ac
1981 1483 2399 1548 prweminentiis,
2429 1498 2543 1550 qum
2579 1492 2696 1534 sunt
2724 1483 2777 1533 in
2808 1479 3012 1533 Νειωηὶ
3044 1480 3250 1533 concilii
3286 1496 3378 1530 ca-

1892 1574 2113 1626 nonibus
2152 1574 2483 1626 Antiocheno’
2522 1572 2789 1625 Ecclesia'.
2826 1572 2893 1623 Et
2924 1573 3128 1625 Asiana:
3150 1572 3374 1624 ditzcesis

1891 1667 2137 1732 episcopi,
2184 1679 2298 1729 qum
2342 1673 2460 1715 sunt
2504 1665 2558 1715 in
2608 1664 2718 1715 sola
2755 1662 2951 1714 Asiana
2984 1661 3371 1721 admvnistrent,

1888 1766 1937 1808 et
1978 1756 2214 1809 Pontica!
2248 1756 2473 1823 episcopi
2527 1754 2796 1806 Ponticam
2832 1765 3032 1806 tantum
3077 1761 3288 1820 regant,
3328 1760 3377 1802 et

1895 1847 2130 1901 Thracia:
2183 1846 2479 1900 Thraciam.
2532 1844 2649 1896 Non
2704 1844 2871 1897 vocati
2924 1854 3098 1897 autem
3150 1840 3377 1907 episcopi

1892 1939 2031 1991 ultra
2070 1939 2329 1991 dioecesim
2371 1954 2430 1988 ne
2461 1944 2750 1995 transeant,
2782 1935 2848 1985 ad
2890 1933 3270 1991 ordinationes.
3302 1932 3378 1984 vel

227 2026 469 2093 Θρᾴκης
521 2031 593 2083 τὰ
657 2031 767 2099 τῆς
832 2034 1063 2100 Θρᾴκης
1114 2035 1306 2102 μόνον
1366 2036 1720 2103 οἰκονομεῖν.
1755 2026 1795 2080 Β
1889 2059 1894 2084 ι

1710 2074 1720 2088 ,
1755 2026 1795 2080 Β
1889 2036 2092 2101 aliquas
2122 2031 2258 2085 alias
2302 2030 2782 2084 administrationes
2824 2025 3224 2080 ecclesiasticas.
3256 2021 3377 2077 Ser-

242 2120 570 2185 Ἄκλήτους
615 2123 683 2174 δέ
721 2124 1091 2191 ἐπισκόπους
1118 2126 1268 2194 ὑπὲρ
1301 2127 1596 2192 διοίκησιν
1636 2127 1720 2195 μὴ

228 2215 621 2282 ὑπερϐαίνειν
668 2217 766 2269 ἐπὶ
811 2219 1201 2286 χειροτονίαις
1247 2220 1286 2287 ἤ
1319 2238 1480 2274 τισιν
1508 2220 1722 2285 ἄλλαις

226 2310 595 2375 οἰκονομίαις
654 2310 1207 2376 ἐκκλησιαστικαῖς.
1270 2312 1722 2381 Φυλαττομένου

218 2398 292 2448 δὲ
338 2399 448 2452 τοῦ
497 2404 1015 2470 προγεγραμμένου
1048 2405 1178 2471 περὶ
1209 2403 1327 2457 τῶν
1372 2406 1725 2474 διοικήσεων
1766 2404 1771 2407 ’

223 2491 509 2554 κανόνος.
546 2492 810 2559 εὔδηλον
851 2494 929 2551 ὡς
961 2496 1031 2547 τὰ
1082 2496 1208 2547 καθ’
1235 2496 1501 2559 ἑκάστην
1548 2498 1727 2562 ἐπαρο

227 2580 379 2647 χίαν
408 2580 582 2647 ήτῆς
614 2584 901 2650 ἐπαρχίας
943 2584 1203 2650 σύνοδος
1242 2586 1532 2651 διοικήσει
1576 2589 1725 2639 κατὰ

226 2673 300 2725 τὰ
332 2674 405 2724 ἐν
436 2675 645 2740 Νικαίι]
678 2676 997 2744 ὡρισμένα.
1036 2679 1146 2743 Τὰς
1190 2678 1258 2730 δὲ
1299 2680 1369 2732 ἐν
1409 2681 1530 2744 τοῖς
1580 2684 1725 2745 Βαρ-

225 2764 436 2833 σάροις
485 2766 726 2819 ἔθνεσιν
770 2768 876 2822 τοῦ
916 2771 1063 2824 Θεοῦ
1124 2771 1458 2839 ἐκκλησίας
1495 2775 1726 2825 οἰκονο-

222 2855 473 2921 μεῖσθαι
507 2859 618 2924 χρὴ
651 2859 800 2912 κατὰ
826 2860 935 2924 τὴν
964 2862 1361 2928 κρατήσασαν
1394 2865 1724 2929 συνήθειαν

227 2946 351 3000 τῶν
383 2949 674 3017 Πατέρων.

228 3041 433 3094 ΒΑΛΣ.
479 3045 537 3094 Ὀ
574 3043 625 3105 ς’
645 3044 736 3095 καὶ
766 3047 793 3096 ὁ
820 3046 864 3111 ζ’
895 3047 1074 3099 κανὼν
1107 3048 1206 3117 τῆς
1222 3056 1270 3100 α’
1296 3050 1509 3102 συνόδου
1530 3052 1725 3106 ὑπετύο

157 3151 358 3186 πωσαν
408 3137 557 3188 ποῖαι
594 3135 887 3207 διοικήσεις
942 3140 1250 3207 ὀφείλουσιν
1301 3142 1617 3197 ὑποκεῖσθαι
1645 3145 1723 3213 τῷ

156 3228 370 3297 πάππα
413 3226 652 3296 Ῥώμης,
688 3229 765 3297 τῷ
806 3230 1230 3301 Ἀλεξανδρείας,
1279 3234 1358 3304 τῷ
1399 3234 1725 3307 ’Δντιοχείας

154 3322 259 3373 καὶ
282 3320 363 3387 τῷ
393 3319 797 3390 Ἱεροσολύμων.
826 3324 886 3374 ⁸0
914 3324 970 3377 δὲ
1004 3328 1190 3394 παρὼν
1223 3326 1403 3381 κανὼν
1432 3328 1722 3398 διορίζεται

153 3412 469 3479 οἰκονομεῖν
494 3415 615 3471 τοὺς
650 3412 980 3477 ἐπισκόπους
1008 3415 1110 3484 τῆς
1156 3408 1360 3481 Ἀσίας,
1408 3421 1506 3488 τῆς
1536 3420 1723 3473 Ποντι-

155 3504 287 3567 κῆς,
343 3504 441 3571 τῆς
498 3504 736 3576 Θρᾴκης,
774 3506 867 3559 καὶ
921 3507 1161 3577 ἐτέρους,
1215 3510 1282 3561 τὰ
1335 3510 1444 3562 τῶν
1499 3513 1722 3581 ἐνοριῶν

151 3595 365 3654 αὐτῶν.
420 3598 513 3649 καὶ
556 3598 628 3669 μὴ
680 3599 822 3667 ἔχειν
855 3600 941 3653 ἐπ’
986 3601 1164 3657 ἀδείας
1224 3603 1347 3655 τινὰ
1405 3605 1469 3657 ἐκ
1520 3606 1724 3659 τούτων

150 3685 489 3755 ὑπερορίουε
516 3689 795 3758 ἐνεργείας
822 3694 1018 3755 ποιεῖν,
1046 3692 1142 3745 καὶ
1172 3694 1420 3765 συγχέειν
1451 3695 1518 3748 τὰ
1542 3697 1723 3750 δίκαια

149 3776 271 3827 τῶν
297 3776 627 3847 ἐκκλησιῶν.
654 3780 716 3832 Εἰ
741 3780 796 3833 δὲ
821 3780 999 3850 δεήσει
1034 3783 1334 3854 μεταϐῆναι
1362 3789 1725 3842 τινα-ἐπίσκο-

151 3884 264 3919 πον
292 3871 359 3921 ἐκ
388 3868 485 3938 τῆς
509 3871 712 3931 οἰκείας
743 3873 953 3939 ἐνορίας
977 3875 1112 3944 πρὸς
1146 3872 1336 3943 ἑτέραν
1363 3876 1450 3931 διὰ
1483 3896 1722 3949 χειροτο-

156 3958 283 4011 νίαν
310 3958 344 4027 ἢ
380 3960 570 4027 ἑτέραν
596 3960 816 4029 εὔλογον
846 3965 1049 4025 αἰτίαν,
1084 3965 1159 4034 μὴ
1193 3966 1460 4034 ἀτάκτως,
1491 3971 1584 4022 καὶ
1611 3966 1722 4023 οἷον

150 4053 339 4103 εἰπεῖν
367 4050 675 4123 λῃστρικῶς
702 4056 872 4128 ταύτῃ
904 4059 1192 4129 ἐπιπηδᾷν,
1220 4061 1351 4113 ἀλλὰ
1385 4064 1520 4130 μετὰ
1547 4064 1721 4132 ἐκχω-

153 4142 379 4210 ρήσεως
406 4144 502 4196 τοῦ
529 4146 795 4213 ἐγχωρίου
829 4150 1147 4205 ἐπισκόπου.
1183 4153 1302 4205 Ὅτι
1328 4154 1384 4206 δὲ
1416 4156 1475 4207 ἐν
1504 4156 1719 4220 Βαρϐά-

155 4250 276 4301 pos;
330 4234 541 4287 ἔθνεσιν
584 4238 896 4307 Ἐκκλησίαι
946 4242 1065 4294 τότε
1119 4238 1260 4312 ἦσαν
1310 4246 1538 4311 πιστῶν,
1589 4249 1720 4302 ὅπου

152 4325 295 4387 ἴσως
353 4326 453 4378 οὐκ
508 4330 938 4397 ἐχειροτονοῦντο
984 4332 1165 4385 πολλοὶ
1218 4335 1721 4404 ἐπίσκοποι,“ῶστε

149 4416 355 4481 ἀρκεῖν
398 4418 479 4479 εἰς
520 4418 753 4481 σύνοδον,
785 4420 816 4491 ἢ
859 4424 950 4474 καὶ
994 4424 1288 4492 ἀναγκαῖον
1318 4421 1407 4497 ἦν,
1437 4430 1560 4491 τοὺς
1593 4430 1723 4493 ἴσως

151 4508 175 4557 ἐ
194 4524 215 4557 ι
248 4506 398 4594 λέγω
424 4509 822 4579 διαλάμποντας
852 4518 1208 4587 πφσφοιτᾷν,
1241 4519 1335 4573 καὶ
1380 4520 1439 4571 ἐν
1467 4523 1584 4584 ταῖς
1612 4522 1719 4575 τῶν

149 4597 342 4649 ἄλλων
370 4598 643 4659 τοιαύταις
670 4602 978 4671 ἐπαρχίαις,
1025 4602 1164 4658 ὥστε
1194 4607 1564 4675 ἐπιστηρίζειν
1595 4610 1721 4672 τοὺς

1893 2138 2011 2179 cato
2040 2135 2213 2177 autem
2255 2123 2555 2189 prwscripto
2582 2121 2644 2174 de
2670 2120 2977 2172 dimcesibus
3012 2133 3228 2176 canone.
3264 2117 3375 2169 cla-

1894 2235 2008 2271 rum
2039 2229 2114 2270 est
2142 2214 2278 2286 quod
2303 2230 2718 2282 unamquamque
2750 2212 3071 2281 provinciam
3100 2210 3378 2276 provinciae

1892 2312 2117 2378 synodus
2154 2305 2565 2367 administrabit,
2601 2308 2881 2357 secundum
2922 2320 2984 2355 ea
3011 2318 3124 2370 qua:
3167 2300 3376 2369 fuerunt

1898 2402 2093 2455 Nicone
2112 2401 2346 2467 deﬁnita.
2380 2398 2509 2463 Qua:
2540 2407 2713 2450 autent
2745 2397 2797 2447 in
2833 2394 3074 2447 Barbaris
3109 2402 3228 2445 sunt
3255 2407 3379 2461 gen~

1895 2494 2052 2551 tibus,
2094 2490 2188 2543 Dei
2225 2490 2490 2554 ecclesias,
2532 2488 2902 2540 administrare
2938 2495 3157 2553 oportet,
3193 2500 3377 2537 secun—

1893 2584 2013 2635 dum
2048 2582 2287 2645 Patrum,
2312 2599 2428 2650 qua:
2453 2590 2658 2633 servata
2690 2589 2785 2644 est,
2821 2576 3271 2631 consuetudinem.

1894 3047 2083 3103 BALS.
2123 3046 2258 3102 Can.
2288 3046 2321 3101 6
2352 3055 2407 3100 et
2434 3045 2465 3099 7
2500 3045 2683 3113 prima:
2713 3059 2856 3116 syn.,
2885 3044 3207 3099 deﬁnierunt
3236 3058 3378 3114 quae-

1826 3155 1947 3194 nam
1978 3139 2237 3194 diteceses
2279 3137 2520 3191 Romano
2547 3151 2725 3207 papae,
2768 3135 3150 3199 Alexandrino,
3187 3136 3347 3189 Antio

1824 3234 1995 3287 cheno
2023 3240 2076 3285 et
2112 3228 2594 3299 Hierosolymitano
2629 3228 2852 3282 subesse
2889 3227 3105 3282 debent.
3137 3226 3380 3282 Prmsels

1824 3336 1995 3380 autem
2044 3339 2217 3378 canon
2273 3323 2487 3385 deﬁnit,
2551 3323 2688 3376 Asiae
2748 3322 3062 3390 episcopos,
3118 3319 3375 3380 Ponticae.

1824 3416 2087 3480 Thracia),
2115 3425 2169 3469 et
2198 3415 2353 3479 alios,
2379 3430 2441 3471 ea
2468 3430 2586 3485 qua
2612 3415 2667 3469 in
2697 3414 2808 3469 suis
2838 3422 2963 3467 sunt
2990 3411 3185 3466 ﬁnibus
3209 3405 3381 3464 admi-

1825 3509 2074 3571 nistrare,
2122 3518 2176 3562 et
2208 3507 2338 3561 nulli
2381 3520 2568 3562 eorum
2612 3506 2777 3559 licere
2811 3503 2948 3558 ultra
2997 3518 3107 3558 sum
3143 3502 3377 3572 regionis

1823 3601 2018 3663 limites
2053 3599 2451 3668 iurisdictionis
2494 3614 2604 3653 sua:
2637 3596 2950 3652 exercitium
2982 3594 3287 3654 extendere.
3323 3605 3377 3646 et

1822 3691 2168 3746 ecclesiarum
2222 3689 2343 3756 jura
2400 3688 2749 3744 confundere.
2805 3684 2861 3740 Si
2904 3692 3081 3739 autem
3131 3695 3378 3754 oporteat

1821 3786 2127 3853 episcopum
2181 3784 2437 3853 aliquem,
2492 3797 2521 3835 a
2571 3781 2784 3852 propria
2832 3779 3046 3847 regione
3094 3777 3145 3831 in
3193 3776 3373 3838 aliam,

1821 3886 2040 3945 propter
2082 3875 2499 3937 ordinationem,
2538 3874 2618 3927 vel
2673 3870 3077 3961 aliam.justam
3127 3883 3369 3929 causam,

1824 3966 2054 4035 migrare
2081 3984 2094 4019 :
2122 3981 2224 4018 non
2246 3965 2566 4029 inordinate,
2595 3972 2672 4025 et,
2701 3972 2756 4017 ut
2777 3959 2857 4018 ita
2875 3964 3077 4025 dicam,
3108 3959 3375 4029 pranionis

1822 4075 1971 4114 more
2003 4074 2120 4112 eam
2171 4058 2445 4120 invadere,
2488 4058 2581 4111 sed
2625 4073 2743 4110 cum
2792 4056 2935 4108 illius
2980 4054 3083 4109 loci
3132 4053 3372 4122 episcOpi

1820 4150 2193 4220 permissione.
2232 4150 2491 4215 Quoniam
2536 4158 2714 4201 autem
2752 4148 2802 4200 iu
2837 4145 3091 4200 Barbarie
3128 4143 3375 4212 gentibus

1823 4251 1947 4295 tunc
1991 4249 2146 4294 erant
2192 4240 2424 4295 ﬁdelium
2473 4239 2737 4303 ecclesiae,
2803 4239 2897 4291 ubi
2945 4237 3173 4291 fortasse
3219 4236 3372 4290 multi

1823 4347 1928 4384 non
1976 4332 2365 4384 ordiualiantur
2392 4329 2622 4397 episcopi
2668 4336 2725 4381 ut
2763 4329 2827 4381 ad
2873 4328 3132 4397 synodum
3167 4325 3372 4378 suﬂicc-

1820 4435 1941 4479 rent
1967 4442 1980 4477 :
2006 4436 2095 4479 aut
2117 4439 2337 4479 necesse
2362 4426 2519 4479 etiam
2548 4432 2682 4481 erat,
2710 4437 2803 4475 eos
2831 4424 2919 4489 qui
2949 4420 3115 4473 verbo
3140 4418 3370 4472 fortasse

1820 4518 2059 4587 insignes
2092 4526 2265 4575 erant.
2304 4518 2355 4570 in
2396 4516 2530 4571 tales
2563 4531 2775 4581 quoque
2804 4516 3029 4569 aliorum
3061 4513 3368 4582 provincias

1817 4611 1931 4681 88
1958 4611 2160 4674 venire,
2188 4611 2252 4662 ad
2281 4624 2373 4662 eos
2398 4609 2790 4663 conﬁrmandos
2818 4607 2910 4676 qui
2941 4607 3002 4658 ad
3035 4607 3189 4659 ﬁdem
3218 4619 3368 4657 acce-

149 4692 221 4755 τῇ
272 4689 457 4742 πίστει
488 4693 830 4759 προσιόντας.
867 4695 1126 4747 ἐνέδωκεν
1157 4698 1187 4765 ἡ
1221 4699 1352 4765 ἁγία
1380 4698 1594 4764 σύνοδος
1629 4702 1717 4753 καὶ
1744 4706 1795 4766 Ι)

1702 4702 2036 4766 indebant,
2089 4700 2353 4755 concessit
2402 4710 2586 4754 sancta
2632 4700 2886 4767 synodus,
2940 4708 3116 4749 tamen
3163 4709 3369 4762 quoque

150 4782 332 4832 εἰσέτι
386 4780 757 4835 πολιτεύεσθαι
807 4782 870 4837 τδ
917 4785 1159 4839 τοιοῦτον
1209 4787 1379 4852 ἔθνος,
1414 4789 1515 4843 κᾶν
1568 4793 1719 4861 παρὰ

152 4872 392 4933 κανόνας
427 4873 562 4931 ἐστὶ,
624 4872 713 4925 διὰ
770 4874 830 4927 τὸ
880 4876 1176 4943 ἀναγκαῖον
1232 4878 1324 4932 τοῦ
1375 4882 1716 4950 πράγματος.

151 4964 477 5031 Σημείωσαι
528 4960 622 5017 οὖν
664 4965 769 5017 ἀπὺ
806 4966 899 5019 τοῦ
952 4970 1216 5039 παρόντος
1270 4972 1491 5034 κανόνος
1534 4974 1613 5026 ὅτι
1661 4974 1719 5025 το

150 5054 393 5106 παλαιὸν
425 5055 623 5117 πάντες
648 5056 697 5107 οἰ
742 5056 846 5108 τῶν
877 5058 1153 5128 ἐπαρχιῶν
1189 5061 1575 5130 μητροπολῖται
1625 5062 1719 5113 αὑ-

149 5145 454 5213 τοκέφαλοι
482 5140 642 5215 ἦσαν,
670 5147 763 5200 καὶ
792 5148 894 5201 ὑπὸ
927 5150 1034 5202 τῶν
1068 5151 1280 5204 οἰκείων
1313 5154 1540 5206 συνόδων
1574 5154 1718 5223 ἐχει-

154 5235 492 5299 ροτονοῦντο.
523 5237 889 5309 Μετετυπὼθη
919 5239 976 5291 δέ
1020 5242 1087 5293 τὰ
1122 5230 1244 5311 περὶ
1268 5242 1456 5294 τούτου
1486 5244 1589 5295 ὑπὸ
1620 5242 1712 5295 τοῦ

151 5334 243 5395 κη’
286 5328 513 5391 κανόνος
534 5329 633 5397 τῆς
655 5331 712 5382 ἐν
738 5330 1041 5401 Χαλκηδόνι
1074 5333 1311 5400 συνόδου,
1333 5334 1713 5404 διορισαμένης

148 5422 279 5481 τοὺς
318 5421 719 5490 μητροπολίτας
750 5422 846 5490 τῆς
873 5424 1158 5494 Ποντικῆς,
1189 5425 1282 5478 καὶ
1321 5410 1592 5494 Ἀσιανῆς,
1620 5427 1714 5479 καὶ

150 5513 439 5580 Ηρακικῆς
471 5512 807 5583 διοικήσεως,
844 5514 922 5566 ἐτι
966 5515 1022 5568 δέ
1055 5516 1148 5568 καὶ
1179 5501 1397 5586 ἐτέρούς
1452 5519 1603 5580 τινας
1635 5519 1713 5589 τῷ

148 5602 306 5673 αὐτῷ
356 5603 540 5657 κανόνι
587 5609 1024 5675 περιεχομένους,
1079 5608 1180 5660 ὑπὸ
1232 5611 1323 5661 τοῦ
1374 5612 1712 5681 πατριάρχου

151 5696 782 5758 Κωνσταντινουπόλεως
808 5699 1245 5768 χειροτονεῖσθαι,
1268 5704 1360 5754 καὶ
1393 5702 1710 5756 ὑποκεῖσθαι

152 5784 326 5851 αυτῷ.
382 5786 440 5839 Εἰ
498 5787 553 5840 δὲ
606 5792 698 5840 καὶ
732 5790 921 5859 ἐτέρας
962 5792 1253 5862 ἐκκλησίας
1307 5794 1709 5861 αὑτοκεεράλους

1814 4796 1987 4848 adhuc
2040 4795 2475 4849 consuetudinem
2530 4792 2754 4853 servari,
2810 4790 3018 4845 etiamsi
3079 4789 3145 4841 sit
3178 4800 3369 4855 praeter

1815 4901 2074 4947 canones,
2123 4896 2339 4953 propter
2390 4886 2463 4939 rei
2515 4884 2915 4939 necessitatem.
2964 4880 3098 4935 Nota
3135 4895 3263 4945 ergo
3300 4894 3363 4932 ex

1816 4975 2061 5043 praesenti
2122 4990 2328 5027 canone
2376 4973 2516 5044 quod
2564 4973 2688 5025 olim
2734 4986 2923 5025 omnes
2972 4968 3364 5039 provinciarum

1816 5064 2214 5132 metropolitani
2252 5074 2404 5116 erant
2439 5064 2536 5132 ipsi
2581 5079 2677 5132 per
2721 5077 2779 5117 se
2809 5076 3023 5117 suarum
3067 5056 3368 5126 provincia-

1818 5169 1935 5207 rum
1965 5156 2162 5222 capita,
2194 5164 2249 5207 et
2286 5169 2313 5206 a
2352 5155 2584 5223 propriis
2616 5154 2836 5224 synodis
2870 5152 3275 5206 ordinabanlnr.
3308 5149 3364 5203 Id

1816 5256 1992 5298 autem
2042 5247 2377 5299 immutatum
2424 5258 2504 5299 est
2540 5262 2568 5299 a
2618 5245 2688 5301 28
2727 5260 2929 5299 canone
2966 5242 3361 5299 Cltalcedonen.

1816 5338 2029 5406 synodi,
2061 5353 2178 5406 qua:
2218 5338 2427 5403 deﬁnit,
2461 5338 2712 5401 Ponticae,
2755 5347 2802 5390 ct
2845 5337 3076 5396 Asianaz,
3114 5344 3167 5387 et
3194 5332 3366 5385 Thra-

1814 5430 1909 5482 cia:
1937 5428 2183 5482 ditecesis
2208 5430 2669 5495 metropolitanos.
2698 5438 2747 5482 et
2780 5427 2986 5495 aliquos
3016 5425 3175 5477 etiam
3209 5421 3360 5485 alios,

1815 5522 1902 5589 qui
1938 5536 2003 5575 eo
2040 5537 2245 5592 canone
2287 5524 2648 5583 continentur,
2690 5534 2717 5572 a
2765 5514 3228 5582 Constantinopol.
3264 5526 3359 5579 pa-

1811 5611 2048 5666 triarcha
2103 5612 2340 5666 ordinari
2398 5616 2553 5680 eiqm-
2606 5610 2817 5676 subjici.
2873 5606 2927 5660 Si
2981 5615 3159 5659 autem
3223 5603 3358 5657 alias

1809 5709 1970 5761 etiam
2019 5708 2275 5761 ecclesias
2310 5708 2597 5768 inveneris,
2639 5720 2756 5773 qum
2808 5701 3125 5770 principales
3173 5707 3225 5751 et
3262 5712 3355 5766 per

1808 5816 1865 5854 se
1896 5801 2005 5855 sint
2032 5802 2225 5870 capita,
2259 5813 2313 5855 ut
2349 5802 2673 5869 Bulgariam,
2704 5799 2960 5867 Cyprum,
2992 5792 3240 5854 lberiam,
3282 5805 3351 5846 ne
