4222 6460
827 388 931 453 3i9

2058 401 2154 458 Ti]
2170 402 2328 463 EOD.
2364 403 2759 463 BALSAMON

3912 410 4005 472 39.0

828 500 1055 554 mireris.
1108 499 1367 568 Bulgaria:
1399 503 1538 556 enim
1584 506 2046 576 archiepiscopum
2086 510 2366 564 honoravit
2394 515 2437 569 Α

2467 512 2737 580 εὑρίσκεις
2790 513 2863 577 ὡς
2916 515 3011 585 τὴν
3068 515 3421 585 Βουλταρίας,
3470 518 3569 584 τὴν
3619 516 3863 587 Κύπρου.
3914 524 4005 585 τὴν

828 606 914 643 rex
944 588 1295 645 Justiniauus.
1333 593 1396 646 Et
1422 595 1535 661 lege
1568 594 1659 649 i5l
1698 597 1815 666 ejus
1850 598 2134 665 Novellum,
2167 618 2283 669 qua:
2314 604 2366 656 in

827 680 1034 733 Basilie.
1076 682 1165 736 lib.
1210 700 1258 745 ν,
1297 684 1380 737 tit.
1418 687 1473 747 5,
1506 701 1624 753 cap.
1662 689 1710 749 Ι.
1747 690 1917 758 posita
1954 692 2019 743 ad
2055 693 2369 760 interpreta-

826 771 1019 823 tionem
1052 771 1106 839 5,
1133 789 1252 841 cap.
1288 777 1444 842 primi
1479 779 1558 832 tit.
1590 782 1867 847 praesentis
1890 781 2079 848 Operis
2111 803 2124 837 :
2162 788 2368 841 archie-

825 860 1097 926 pisi-opum
1135 864 1290 932 Cypri
1331 865 1610 919 honoravit
1663 871 1811 920 tertia
1849 872 2101 939 synodus.
2146 872 2208 925 Et
2254 874 2367 945 lege

824 948 1057 1015 ejusdcm
1083 968 1203 1023 syn.
1229 970 1347 1011 can.
1376 958 1409 1012 8
1438 968 1487 1011 et
1517 975 1637 1012 ean.
1666 960 1733 1016 59
1755 978 1871 1032 syn.
1905 965 1956 1018 6.
1985 963 2162 1019 lberize
2190 977 2364 1020 autem

824 1044 1130 1110 episcopum
1153 1045 1433 1101 honoravit
1457 1051 1797 1105 Antiochena:
1822 1054 2009 1123 synodi
2032 1055 2362 1123 dijudicatio.

827 1134 1028 1185 Iticitur
1067 1137 1209 1190 enim
1244 1140 1382 1205 quod
1426 1150 1661 1207 tempore
1695 1146 2015 1198 sanctissimi
2052 1150 2366 1215 patriarcha:

823 1225 1016 1279 divinae
1067 1229 1299 1281 civitatis
1347 1246 1551 1301 magna!
1588 1234 1908 1301 Antiochim,
1949 1239 2147 1290 domini
2198 1238 2363 1307 Petri,

824 1317 921 1371 fuit
954 1320 1203 1389 synodica
1246 1323 1539 1386 ordinatio,
1577 1342 1678 1391 qua
1713 1337 1970 1381 statutum
2019 1341 2101 1383 est
2145 1332 2363 1386 liberam

823 1422 939 1459 esse
962 1423 1024 1460 ac
1056 1410 1422 1477 principalem,
1449 1424 1499 1480 et
1525 1431 1616 1480 per
1644 1430 1701 1469 se
1725 1427 1899 1484 caput,
1939 1421 2221 1474 ecclesiam
2251 1423 2365 1477 Ihe-

823 1497 933 1557 ποῖαι,
977 1499 1069 1551 sed
1100 1507 1279 1554 tamen
1314 1512 1438 1555 tunc
1474 1506 1805 1561 Antiocheno
1842 1512 2157 1577 patriarchae
2186 1515 2366 1593 subje;

822 1596 978 1639 ctam.
1019 1587 1136 1640 .Iam
1170 1606 1296 1645 vero
1322 1602 1374 1646 et
1403 1595 1581 1647 Sicilia
1613 1600 1771 1650 certis
1809 1600 2002 1654 abhinc
2038 1602 2191 1654 annis
2217 1587 2365 1661 urbis

821 1675 1420 1746 Constantinopolitana}
1479 1686 1671 1739 throno
1730 1689 2007 1758 subjecta,
2069 1697 2363 1761 tyrannicis

823 1770 1177 1823 manihus'ab
1207 1784 1267 1823 ea
1302 1774 1484 1827 avulsa
1532 1785 1609 1829 est
1654 1793 1668 1830 :
1703 1792 1927 1847 eamque
1967 1782 2032 1833 ad
2078 1783 2167 1851 jus
2208 1800 2359 1839 suum

2482 605 2738 673 Ἰϐηρίας,
2776 608 2850 675 μὴ
2897 608 3201 677 θαυμάσῃς.
3234 610 3335 660 Τὸν
3368 608 3467 676 μὲν
3517 610 3621 677 γάρ
3666 609 4007 677 ἀρχιεπίσκο-

2468 712 2567 747 πον
2594 698 2924 765 Βουλγαρίας
2956 700 3212 767 ἐτίμησεν
3252 702 3279 752 ὁ
3334 699 3584 767 βασιλεὺς
3622 699 4005 759 ’1ουστινιανός,

2466 790 2576 841 Καὶ
2626 791 2892 856 ἀνάγνωθι
2942 794 3038 861 τὴν
3069 792 3183 861 ρλα¹
3207 795 3404 860 νεαρὰν
3450 792 3611 845 αὐτοῦ
3648 792 3907 860 κειμένην
3956 793 4008 842 ἐν

2468 879 2653 949 βιϐλίῳ
2696 881 2800 932 τῶν
2840 882 3139 934 Βισιλικῶν
3186 888 3246 943 ε’,
3294 883 3457 952 τίτλῳ
3485 882 3552 949 τ’,
3584 900 3706 951 κεφ.
3738 882 3808 948 α’,
3837 901 4000 936 κατα·

2468 973 2794 1037 στρωθεῖσαν
2844 975 2922 1035 είς
2965 976 3061 1042 τὴν
3092 974 3384 1042 ἑρμηνείαν
3415 974 3509 1026 τοῦ
3544 991 3569 1025 ε
3630 991 3755 1040 κεφ.
3806 975 3905 1027 τοῦ
3962 982 4005 1027 α’

2464 1063 2639 1114 τίτλου
2668 1065 2757 1117 τοῦ
2790 1066 3051 1132 παρόντος
3084 1068 3489 1134 συντάγματος’
3538 1066 3628 1118 τὸν
3658 1068 4005 1135 ἀρχιεπίσκο-

2466 1171 2566 1204 πον
2618 1156 2838 1223 Κύπρου
2892 1157 3146 1224 ἐτίμησεν
3179 1159 3209 1225 ή
3241 1163 3287 1223 γ’
3320 1156 3552 1221 σύνοδος.
3600 1160 3707 1211 Καὶ
3739 1160 4005 1227 ἀνάγνωθι

2463 1244 2559 1310 τῆς
2588 1246 2755 1313 αὐτῆς
2786 1247 3002 1299 συνόδου
3036 1248 3232 1301 κανόνα
3260 1255 3307 1318 η’
3337 1251 3432 1301 καὶ
3462 1250 3552 1302 τὸν
3583 1247 3657 1302 λθ’
3684 1250 3888 1303 κανόνα
3914 1252 4007 1315 τῆς

2466 1334 2518 1397 ς’
2550 1337 2788 1390 συνόδου.
2827 1337 2928 1390 Τὸν
2956 1338 3014 1391 δὲ
3058 1338 3296 1409 Ἰϐηρίας
3321 1342 3547 1411 ἐτίμησε
3574 1343 3866 1408 διάγνωσις
3916 1344 4007 1411 τῆς

2463 1427 2519 1494 ἐν
2556 1427 2853 1500 Ἀντιοχείᾳ
2907 1431 3144 1484 συνόδου.
3201 1433 3432 1500 Λέγεται
3484 1434 3592 1500 γὰρ
3643 1435 3724 1487 ὅτι
3770 1436 3864 1487 ἐπὶ
3906 1433 4007 1487 τῶν

2463 1519 2679 1588 ἡμερῶν
2705 1522 2796 1573 τοῦ
2825 1523 3128 1589 άγιωτάτου
3165 1525 3500 1594 πατριάρχου
3543 1525 3883 1589 θεουπόλεως
3914 1544 4007 1595 με·

2464 1612 2631 1682 γάλης
2666 1602 3015 1684 Ἆντιοχείας,
3037 1615 3205 1684 κυροῦ
3239 1616 3461 1686 Πέτρου.
3485 1619 3703 1685 γέγονεν
3732 1619 4007 1687 οἰκονομία

2465 1702 2735 1772 συνοδικὴ,
2785 1705 3073 1773 ἐλευθέραν
3122 1703 3284 1771 εἶναι,
3335 1708 3429 1759 καὶ
3482 1707 3869 1775 αὑτοκέφαλον,
3914 1708 4010 1778 τὴν

2465 1795 2755 1864 ἐκκλησίαν
2784 1799 2881 1866 τῆς
2921 1797 3179 1867 Ἰϐηρίας,
3222 1799 3587 1867 ὑποκειμένην
3630 1800 3748 1852 τότε
3798 1800 3877 1868 τῷ
3916 1819 4011 1852 πα·

822 1860 1109 1925 pristinqu
1152 1864 1325 1916 redire
1355 1868 1533 1935 cupio,
1568 1870 1768 1923 auxilio
1798 1872 1989 1925 divina:
2016 1876 2359 1942 gubernantis
2391 1859 2437 1918 Β

2465 1859 2701 1959 τριάρχῃ
2736 1859 3080 1957 Ἀντιοχείας.
3119 1890 3182 1942 Ἦ
3222 1859 3671 1960 μέντοινΣικελία.
3727 1859 3860 1963 προ,
3884 1893 4008 1962 χρό-

824 1949 988 2001 nostri
1033 1950 1418 2018 imperatoris,
1480 1965 1727 2025 tanquam
1783 1975 1898 2028 quae
1949 1962 1999 2015 in
2054 1966 2365 2021 servitutem

824 2036 1049 2089 abducta
1084 2038 1214 2105 ﬁlia,
1252 2043 1315 2095 ad
1364 2043 1584 2097 liberam
1620 2060 1838 2102 matrem
1874 2062 2185 2128 revertatur.
2220 2053 2367 2121 Quod

822 2126 977 2181 liceat
1004 2132 1214 2199 quidem
1246 2148 1311 2187 ex
1345 2139 1655 2193 oeconomia
1687 2142 1912 2204 ratione,
1953 2126 2085 2198 alias
2110 2149 2367 2205 ecclesias

2464 1994 2568 2029 νων
2596 1979 2877 2047 μετρητῶν
2910 1980 3239 2048 ὑποκειμένη
3268 1980 3346 2043 τῷ
3376 1978 3549 2049 θρόνῳ
3589 1980 3687 2047 τῆς
3724 1981 4011 2031 κωνσταν-

2463 2069 2851 2133 τινουπόλεως,
2912 2070 3015 2121 ὑπὸ
3066 2071 3402 2138 τυραννικῶν
3456 2072 3649 2140 χειρῶν
3700 2071 3764 2123 ἐκ
3812 2072 4010 2137 ταύτης

2499 2159 2811 2229 πεσπάσθηο
2840 2166 2931 2213 καὶ
2963 2160 3190 2230 εὔχομαι
3224 2162 3308 2214 ἵνα
3342 2164 3433 2214 καὶ
3466 2161 3603 2230 αὕτη
3632 2162 3903 2232 ἐπανέλθῃ
3937 2164 4012 2221 είς

822 2232 941 2282 qua:
980 2234 1007 2271 a
1040 2222 1327 2289 gentilibus
1358 2238 1704 2293 occupantur,
1739 2232 1855 2283 aliis
1901 2234 2143 2288 ecclesiis
2176 2254 2366 2291 conce-

825 2309 944 2330 Α».--
1008 2326 1061 2330 ,μ
1096 2328 1109 2330 -
1132 2328 1193 2330 ηρ
1312 2317 1341 2330 -·
1441 2328 1449 2330 _
1525 2320 1534 2329 ι
1560 2320 1571 2330 ι
1615 2326 1624 2330 -
2086 2327 2113 2330 Α-
2424 2313 2439 2330 Α

2464 2222 2531 2330 ἑὰ
2560 2222 2801 2323 πρότερα
2832 2253 3011 2307 δίκαια
3149 2254 3429 2323 ἀντιλήψει
3458 2254 3553 2306 τοῦ
3584 2222 4010 2323 θεοκυδερνητου

822 2309 970 2372 dere,
1001 2326 1063 2362 ex
1096 2317 1367 2375 praesenti,
1401 2328 1455 2369 ut
1488 2320 1715 2384 videtur,
1752 2337 1953 2376 canone
1983 2327 2229 2380 traditum
2258 2339 2359 2384 est.

818 2398 934 2451 Jzttll
983 2404 1123 2455 enim
1168 2404 1753 2479 Constantinopolitano
1790 2418 2022 2485 synodus
2054 2416 2362 2492 metropoli-

825 2503 947 2546 tano
991 2494 1327 2553 Nazianzrno
1368 2503 1513 2555 dedit
1549 2508 1827 2560 ecclesiam
1874 2512 2121 2581 Ancyrae,
2160 2524 2211 2568 et
2242 2516 2363 2571 aliis

822 2585 1044 2642 diversis
1062 2593 1392 2648 antistitibus
1406 2597 1536 2650 alias
1550 2597 1808 2666 ejusmodi
1834 2605 2111 2660 ecclesias.
2129 2606 2362 2672 Quibhs-

822 2676 942 2729 datu
992 2690 1166 2734 autem
1204 2685 1361 2737 etiam
1401 2688 1449 2739 id
1499 2689 1668 2757 ipsum
1706 2708 2020 2749 concessum
2058 2708 2160 2762 est,
2188 2708 2244 2754 ut
2272 2719 2361 2754 se-

822 2767 983 2820 deant
1034 2771 1083 2822 in
1134 2774 1245 2843 ipso
1299 2778 1491 2833 throno
1544 2784 1750 2838 traditae
1800 2788 2041 2842 ecclesia:
2094 2790 2148 2844 in
2204 2806 2360 2846 sacro

822 2856 1090 2914 tribunali.

2126 2916 2151 2931 λ

2461 2345 2616 2414 ἡμῶν
2649 2345 3061 2415 αὐτοκράτορος,
3089 2345 3219 2397 ὡσεὶ
3241 2345 3736 2413 αἰχμαλωτισθεῖσα
3764 2345 4011 2415 θυγάτηρ

2463 2436 2597 2506 πρὸς
2660 2435 2949 2505 ἐλευθέραν
3007 2439 3236 2505 μητέρα.
3275 2437 3347 2488 Τὸ
3405 2438 3585 2507 μέντοι
3631 2436 4013 2506 προσηνῶσθαι

2464 2526 2602 2580 κατὰ
2632 2527 2789 2594 λόγον
2815 2529 3124 2597 οἰκονομίας
3168 2529 3483 2597 ἐκκλησίαις
3518 2530 3659 2581 τισὶν
3693 2528 3890 2597 ἐτέρας
3923 2530 4013 2580 ἐκ-

2465 2618 2693 2684 κλησίας
2726 2619 2827 2671 ὑπὸ
2858 2618 3025 2671 ἐθνῶν
3060 2622 3425 2689 κατεχομένας
3456 2620 3562 2672 ἀπὸ
3611 2618 3704 2672 τοῦ
3751 2619 4014 2686 παρόντος

2465 2709 2796 2773 κανόνος,ὠς
2822 2711 3017 2772 ἔοικεν,
3047 2711 3324 2768 ἐνδίδοται,
3353 2710 3548 2763 αὐτίκα
3578 2711 3686 2781 γὰρ
3715 2712 3745 2777 ἠ
3775 2712 3835 2761 ἐν
3865 2711 4016 2762 Κων-

2466 2801 2897 2853 σταντινουπόλει
2925 2800 3137 2864 σύνοδος
3161 2802 3353 2854 δέδωκε
3383 2802 3457 2870 τῷ
3489 2802 3857 2871 μητροπολίτας]
3907 2801 4017 2855 N1-

2463 2889 2678 2955 ζιανζοῦ
2730 2891 2824 2961 τὴν
2876 2892 3167 2961 ἐκκλησίαν
3214 2892 3313 2961 τῆς
3353 2892 3642 2963 Ἀγκύρας,
3672 2896 3765 2945 καὶ
3809 2894 4015 2959 ἑτέροις

822 2948 1133 3070 ῗρχιερὶειῦσι
1188 2959 1460 3070 δὶαςρόροις
1487 2965 1677 3034 ἐτέρας
1723 2971 1974 3035 τοιαύτας
2003 2974 2313 3042 ἐκκλησίας.
2338 2948 2552 3035 Τισὶ-δέ
2582 2948 2794 3055 ἐνεδόθη
2849 2986 2940 3070 καὶ
2969 2948 3097 3038 αὖΙτδ
3124 2987 3184 3039 τὸ
3239 2948 3505 3055 καθῆσθαι
3524 2948 3641 3049 ἐιξ
3669 2986 3760 3038 τὸν
3808 2989 3869 3039 ἐν
3909 2948 3919 2959 ι
3946 2984 4019 3051 τῷ

822 3045 960 3140 ἁγίῳ
990 3047 1193 3140 βήματι
1220 3054 1406 3122 θρόνον
1428 3060 1524 3129 τῆς
1554 3062 1892 3137 ἐπιδοθείσης
1913 3070 2225 3140 ἐκκλησίας.

892 3138 1140 3197 ZONAR.
1195 3146 1263 3201 Ut
1294 3150 1345 3201 in
1377 3153 1623 3209 ecclesiis
1653 3159 2031 3227 tranquillitas,
2060 3138 2369 3218 concordia-
2396 3177 2436 3234 α

2538 3168 2778 3221 ΖΩΝΔΡ.
2804 3168 3147 3220 Κατάστασιν
3175 3169 3233 3220 ἐν
3268 3171 3383 3231 ταῖς
3409 3169 3724 3237 ἐκκλησίαις
3747 3169 3841 3221 καὶ
3867 3170 4019 3236 είρή.

824 3243 925 3291 que
972 3235 1191 3301 vigeret,
1241 3249 1293 3290 et
1343 3243 1409 3294 ab
1453 3246 1705 3311 apostolis
1758 3239 1959 3315 primo,
1994 3263 2044 3306 et
2092 3270 2119 3307 a
2166 3257 2365 3310 sanctis

2465 3277 2561 3328 νην
2591 3260 2966 3314 πολιτεύεσθαι
3000 3261 3083 3313 διὰ
3115 3261 3311 3330 πολλῆς
3344 3235 3620 3331 φροντίδος
3668 3262 3762 3315 καὶ
3787 3262 3841 3313 οι
3871 3235 4018 3328 ἅγιοι

827 3320 1071 3380 Patrihus
1119 3343 1221 3380 non
1267 3336 1519 3388 mediocri
1561 3340 1756 3403 studio,
1798 3358 2029 3412 curaque
2076 3359 2251 3414 postea
2282 3360 2365 3404 est

823 3413 1172 3478 elaboratum.
1207 3419 1334 3473 Nam
1365 3425 1436 3477 illi
1479 3426 1713 3493 quidem,
1763 3448 1826 3485 ne
1856 3436 1937 3487 eui
1981 3438 2229 3508 episcopo
2268 3456 2361 3496 sua

826 3513 1025 3576 relicta,
1058 3517 1105 3566 in
1135 3518 1354 3573 ulterius
1377 3520 1664 3584 parteciam
1693 3523 1892 3578 lusilire
1920 3527 2096 3592 liceat,
2125 3530 2365 3586 decimo-

825 3614 1016 3668 quarto
1063 3623 1265 3663 canone
1314 3626 1559 3666 smuerv.
1615 3613 1797 3667 Patres
1848 3628 2026 3672 autem
2083 3622 2132 3675 in
2192 3625 2361 3689 prima

828 3693 1037 3751 Nicaeua
1067 3703 1267 3768 synodo
1295 3707 1621 3774 congregati,
1651 3709 1895 3775 antiquas
1927 3718 2362 3782 consuetudines,

827 3783 880 3837 in
910 3786 1006 3839 hac
1040 3801 1187 3854 parte
1222 3795 1545 3865 retinendas,
1580 3811 1632 3852 et
1657 3814 1919 3870 quemque
1957 3805 2200 3859 thrommi
2242 3826 2363 3877 pro—

828 3876 1034 3932 vincias
1062 3882 1159 3935 sibi
1191 3886 1457 3966 subjectas
1483 3892 1858 3948 administrare
1882 3906 2031 3950 sexto
2060 3907 2112 3951 et
2141 3876 2366 3967 septimo

827 3980 1033 4023 canone
1060 3971 1429 4036 decreverunt.
1472 3980 1610 4034 Idem
1643 3985 1727 4037 hic
1757 4002 1969 4055 quoque
1997 3992 2266 4054 statuitur,
2303 4007 2364 4048 ac

828 4059 1109 4130 episcopus
1146 4067 1365 4132 quilibet
1396 4073 1671 4138 ecclesias,
1702 4087 1847 4129 extra
1886 4080 2158 4134 diu-cesim
2189 4098 2361 4149 suam,

833 4149 931 4201 hoc
962 4161 1043 4205 est
1072 4154 1362 4221 snbjectam
1394 4162 1494 4214 sibi
1525 4166 1870 4233 provinciam,
1905 4170 2228 4241 ditionisque
2257 4190 2365 4228 sua!

832 4242 1087 4297 terminos
1120 4248 1316 4312 positas
1359 4250 1605 4306 invadere
1650 4255 1834 4325 (verbo
1872 4259 2174 4324 invadendi,
2204 4262 2363 4317 latro-

829 4329 1023 4383 cinium
1047 4336 1456 4402 quodammodo.
1482 4344 1986 4417 impressionemque
2008 4351 2361 4408 turbulentam

830 4419 1122 4487 indicante)
1155 4437 1209 4479 et
1244 4429 1377 4484 alius
1422 4431 1615 4488 limites
1659 4436 1860 4503 ingredi
1894 4443 2224 4507 prohibetur.
2256 4444 2365 4500 Hoc

830 4515 972 4566 enim
1005 4516 1314 4584 intelligitur
1344 4535 1436 4588 per
1470 4525 1773 4592 episcopum
1811 4530 1947 4581 nltra
1994 4532 2264 4588 dimcesim
2295 4538 2359 4588 ad
2400 4518 2439 4572 θ

831 4618 1036 4658 sacram
1072 4609 1304 4675 aliquam
1333 4612 1654 4668 [unctionem
1683 4622 2034 4674 exercendam
2066 4639 2171 4678 non
2202 4641 2364 4679 voca-

835 4704 966 4757 tum,
992 4698 1081 4750 sed
1106 4700 1467 4766 adhortatum,
1492 4715 1546 4758 et
1572 4722 1597 4757 a
1625 4708 1862 4774 pluribus
1887 4712 1951 4764 ad
1980 4713 2028 4765 id
2053 4728 2363 4779 persuasum

833 4787 1095 4856 episcopis
1138 4790 1285 4856 juxta
1337 4794 1532 4848 dictum
1565 4811 1825 4853 canonem
1870 4805 2240 4871 apostolicum.
2277 4810 2369 4861 Ec-

830 4877 1126 4933 clesiastiea
1150 4896 1322 4937 autent
1351 4886 1612 4956 cujusque
1639 4892 1922 4959 provinciae
1952 4899 2180 4964 negotia,
2208 4901 2365 4952 nimi-

832 4986 944 5021 rmn
977 4972 1289 5035 electiones.
1324 4982 1709 5047 ordinationes,
1753 4996 1808 5039 et
1840 4989 1904 5039 de
1946 4991 2367 5042 excommunica-

832 5060 1077 5124 tionihus,
1113 5066 1313 5130 multis,
1354 5068 1578 5139 aliisque
1604 5071 1858 5137 ejusmodi
1886 5078 2364 5130 controversiarum

830 5151 1124 5208 decisioues
1153 5161 1341 5227 synodi
1390 5165 1727 5229 provincialis
1767 5169 2084 5221 auctoritate
2130 5169 2363 5222 admini—

830 5246 988 5299 strari
1020 5256 1074 5299 et
1110 5251 1358 5305 constitui
1396 5255 1585 5321 placet.
1620 5254 1746 5320 Quae
1783 5271 1906 5309 vero
1938 5258 2077 5311 inter
2104 5260 2367 5313 Bai-haras

828 5348 1013 5402 gentes
1064 5336 1317 5396 Ecclesia
1368 5344 1595 5398 ﬁdelium
1651 5347 1897 5401 excitatae
1952 5348 2219 5417 fuerunt”
2241 5367 2363 5404 cum

830 5431 1103 5495 pauciores
1124 5430 1261 5488 forte
1277 5429 1551 5503 episcopos
1572 5439 1847 5501 haberent,
1872 5456 2028 5508 quam
2051 5443 2139 5507 qui
2164 5445 2365 5510 synodo

831 5522 1079 5586 t-ngemla:
1124 5525 1255 5577 satis
1303 5540 1421 5579 esse
1468 5538 1719 5594 possent,
1772 5541 1857 5582 aut
1915 5530 1957 5583 si
2005 5531 2122 5598 quis
2171 5532 2361 5583 ibidem

832 5614 1034 5668 dicendi
1069 5615 1316 5672 facultate
1361 5629 1654 5686 praestaret,
1700 5638 1819 5676 eum
1857 5624 1922 5674 ad
1972 5637 2135 5677 novos
2167 5622 2366 5677 Christi

833 5700 1028 5756 milites
1064 5705 1475 5769 conﬁrmandos,
1524 5718 1681 5774 atque
1713 5711 1763 5759 in
1807 5710 2077 5777 proposito
2113 5710 2230 5763 tidei
2277 5727 2366 5763 su-

839 5800 1018 5861 acepto
1037 5793 1398 5859 stabiliendos,
1422 5799 1472 5851 in
1495 5798 1716 5852 alienam
1742 5800 2055 5868 quandoque
2079 5801 2395 5867 parmciam'

2464 3351 2746 3404 ἀπόστολοι
2798 3352 2890 3403 καὶ
2938 3354 2985 3404 οἱ
3032 3352 3164 3404 θεῖοι
3212 3353 3451 3421 Πατέρες
3498 3354 3790 3421 μετέπειτα
3830 3354 4058 3422 ἐποιή-,

2466 3458 2643 3496 σαντο.
2680 3443 2743 3493 Οί
2774 3442 2872 3505 μὲν
2905 3446 3012 3510 γὰρ
3042 3442 3323 3495 ἀπόστολοι
3353 3446 3409 3493 ἐν
3436 3444 4018 3513 τεσσαρεσκαιδεκὰτῳ

2464 3536 2644 3587 κανόνι
2676 3537 2748 3604 μὴ
2787 3533 2983 3597 ἐξεῖναι
3031 3536 3307 3603 ἐπισκόπῳ
3337 3535 3496 3604 ἑτέρα
3531 3535 3800 3602 ἐπιπηδᾷν
3848 3552 4019 3588 κατα·

2463 3628 2671 3680 λιπόντι
2703 3628 2801 3695 τὴν
2842 3626 3034 3679 ἑαυτοῦ
3076 3628 3399 3693 διετάξαντο.
3434 3628 3493 3678 Ui
3527 3626 3582 3677 δὲ
3614 3628 3671 3677 ἐν
3700 3630 3764 3695 τῇ
3823 3629 4018 3697 πρώτῃ

2465 3720 2662 3787 συνόδῳ
2717 3719 2854 3770 κατὰ
2883 3718 3116 3770 Νίκαιαν
3148 3717 3624 3787 συναθροισθέντες
3669 3718 3911 3786 Πατέρες
3962 3721 4021 3770 ἐν

2462 3811 2603 3880 ἕκτῳ
2634 3811 2726 3863 καὶ
2757 3811 2970 3880 ἐεδόμῳ
3001 3810 3181 3862 κανόνι
3211 3811 3278 3860 τὰ
3301 3810 3501 3879 ἀρχαῖα
3529 3811 3749 3877 κρατεῖν
3784 3810 3888 3877 ῆθη
3925 3810 4018 3861 καὶ

2463 3899 2688 3952 ἕκαστον
2722 3899 2906 3968 θρόνον
2953 3901 3047 3961 τὰς
3077 3894 3380 3963 ἀνηκούσαις
3430 3895 3574 3963 αὐτῷ
3609 3895 3874 3963 ἐπαρχίας
3904 3895 4016 3945 διὲ-

2464 4008 2587 4042 πειν
2615 3990 3066 4060 ἐθεσμοθέτησαν.
3100 3988 3267 4041 Τοῦτο
3296 3988 3351 4039 δὲ
3396 3988 3490 4040 καὶ
3519 3987 3547 4037 ὁ
3596 3988 3788 4056 παρὼν
3835 3986 4019 4040 κανὼν

2462 4080 2772 4151 διορίζεται,
2834 4082 2926 4134 καὶ
2976 4081 3269 4142 ἐπίσκοπος
3318 4079 3456 4147 ὑπὲρ
3503 4079 3785 4149 διοίκησιν,
3844 4080 4018 4157 ἧγουν

2464 4173 2604 4241 ὑπὲρ
2634 4173 2733 4238 τὴν
2762 4172 3069 4237 ἀνήκουσαν
3112 4168 3257 4237 αὐτῷ
3290 4168 3554 4237 ἐπαρχίαν
3603 4170 3661 4219 ἐν
3687 4169 3809 4229 ταῖς
3842 4169 4018 4235 ὑπερ-

2462 4266 2631 4332 ορίοις
2661 4261 2991 4329 ἐκκλησίαις,
3010 4263 3127 4321 ταῖς
3154 4259 3337 4321 οὖσαις
3366 4257 3566 4327 δηλαδὴ
3601 4259 3742 4327 ὑπὲρ
3760 4260 3829 4311 τὰ
3860 4260 3994 4325 ὰφω

2467 4353 2694 4424 ρισμένα
2726 4346 2938 4420 ἐκάοίτῳ
2964 4353 3106 4418 ὅρια,
3140 4351 3215 4419 μὴ
3246 4351 3456 4402 ἐπιέναι
3503 4348 3895 4413 διακελεύεται,
3927 4350 4019 4402 διὰ

2463 4443 2557 4495 τοῦ
2587 4446 2795 4495 ἐπιέναι
2825 4443 2921 4511 τὴν
2948 4442 3243 4514 λῃστρικὴν
3286 4435 3396 4493 οἷον
3431 4440 3710 4507 ἐμφαίνων
3750 4441 3849 4493 καὶ
3881 4441 4023 4493 ἆτα-

2464 4553 2588 4588 κτον
2631 4534 2835 4601 ἔφοδον,
2884 4533 2983 4603 legi.
3038 4533 3168 4600 μηδέ
3212 4531 3508 4584 ἐπιϐαίνειν
3558 4531 3743 4599 ἐτέρου
3803 4533 4018 4603 ἐνορίᾳ.

2465 4620 2634 4674 Τοῦτο
2659 4622 2767 4690 γὰρ
2797 4621 2856 4673 τὸ
2887 4619 3025 4687 ὗπέρ
3050 4619 3312 4687 διοίκησιν
3340 4621 3635 4672 ἐπίσκοπον
3659 4620 3894 4689 ἄκλητον
3923 4624 4021 4673 ἐπὶ

2463 4712 2719 4781 οίᾳδήτινι
2758 4712 2995 4779 ἱερατικῇ
3030 4711 3314 4777 διοικήσει,
3347 4709 3477 4763 ἀλλὰ
3525 4710 4020 4779 παρακαλούμενον

2464 4805 2555 4855 καὶ
2587 4805 2737 4873 παρὰ
2775 4801 3032 4854 πλειόνων
3075 4802 3387 4855 ἐπισκόπων
3417 4801 3551 4871 πρὸς
3596 4801 3752 4853 τοῦτο
3785 4803 4017 4869 ἐπιτρέο

2464 4893 2694 4959 πόμενον
2745 4892 2883 4954 κατὰ
2934 4891 3023 4944 τόν
3071 4890 3355 4960 εἰρημένον
3386 4888 3736 4942 άποστολικὸν
3786 4890 4015 4941 κανόνα.

2464 4984 2572 5045 Τὰς
2602 4984 2657 5051 δὲ
2684 4983 2803 5035 καθ’
2830 4984 3063 5052 ἑκάστην
3092 4982 3360 5052 ἐπαρχίαν
3388 4979 3847 5050 ἐκκλησιαστικάς
3874 4980 4019 5032 διοι-

2465 5078 2672 5145 κήσεις,
2707 5078 2872 5147 ἤγουν
2898 5077 3132 5144 ψήφους,
3165 5080 3257 5129 καὶ
3299 5077 3647 5146 χειροτονίας,
3691 5076 3787 5128 καὶ
3835 5077 4018 5143 ἀμφι-

2464 5167 2654 5218 ϐολιῶν
2687 5166 2871 5227 λύσεις
2926 5170 2983 5219 ἐν
3042 5168 3362 5236 ἁφορισμοίς
3414 5166 3507 5219 καὶ
3560 5166 3859 5232 ἐπιτιμίοις
3916 5166 4017 5217 καὶ

2464 5256 2663 5317 λοιποῖς
2715 5256 2975 5309 τοιούτοις
3033 5256 3129 5323 τὴν
3180 5257 3414 5324 ἑκάστης
3466 5256 3730 5323 ἐπαρχίας
3794 5255 4017 5307 σύνοδον

2464 5343 2708 5407 θεσπίζει
2755 5345 3076 5413 οἰκονομεῖν.
3122 5345 3281 5396 Ἐπεὶ·
3322 5345 3380 5395 δὲ
3441 5344 3534 5396 καὶ
3586 5345 3644 5395 ἐν
3702 5343 4013 5411 Βαρδάροις

2466 5436 2671 5488 ἔθνεσιν
2716 5435 3027 5498 Ἐκκλησίαι
3080 5436 3201 5487 τότε
3232 5430 3368 5504 ἦσαν
3419 5433 3643 5494 πιστῶν,
3691 5434 3827 5485 ὅπου
3877 5433 4014 5494 ἴσως

2463 5529 2524 5580 οὐ
2558 5528 2740 5581 πολλοὶ
2776 5524 2915 5595 ἦσαν
2948 5528 3249 5585 ἐπίσκοποι.
3281 5526 3418 5578 ὥστε
3450 5528 3635 5595 ἀρκεῖν
3658 5527 3737 5587 εἰς
3763 5526 4009 5589 σύνοδον,

2467 5618 2498 5687 ἢ
2536 5620 2628 5671 καὶ
2656 5621 2946 5684 αναγκαῖον
2980 5613 3066 5687 ἦν,
3103 5617 3157 5669 εῐ
3177 5634 3257 5679 τις
3290 5620 3345 5669 ἐν
3374 5616 3516 5684 λόγῳ
3542 5615 3861 5683 διαλάμτοων
3911 5608 4009 5683 ἦν,

2467 5712 2579 5763 ἐκεῖ
2609 5711 2961 5779 προσφοιτᾷν,
3014 5709 3106 5760 καὶ
3144 5710 3259 5769 ταῖς
3309 5708 3416 5759 τῶν
3450 5707 3624 5760 ἄλλων
3668 5705 4006 5775 παροικίαις,

2467 5799 2606 5853 ὥστε
2657 5797 3028 5867 ἐπιστηρίξειν
3055 5799 3176 5862 τοὺς
3207 5801 3271 5868 τῇ
3303 5799 3482 5852 πίστει
3525 5799 3864 5867 προσιόντας,
3912 5805 4005 5850 καὶ
