4222 6460
166 468 262 526 3:5

1305 457 1381 517 IN
1421 457 1583 516 CAN.
1632 456 1724 516 III
1763 456 1970 518 CONC.
2014 462 2118 520 (ΣΡ.
2162 463 2234 520 ll.

3275 459 3374 522 3‘26

165 592 255 640 ουχ
299 573 674 641 ὑποδιεασμὺν
706 575 801 640 τῆς
833 572 997 641 τιμῆς
1047 570 1180 640 πρὸς
1214 588 1309 636 την
1342 569 1716 636 πρεσϐυτέραν

1821 584 2013 624 veteris
2047 573 2224 624 Roznce
2257 572 2501 638 indicari,
2523 575 2738 642 quidam
2770 575 3165 626 existimavere.
3192 571 3366 638 Quam

171 666 412 734 Ῥώμην.
460 667 706 734 Χρῶνται
739 664 793 716 δὲ
825 665 960 733 πρὸς
997 662 1337 728 κατασκευὴν
1383 660 1473 711 τοῦ
1510 659 1718 711 ἐκείνου

161 758 316 823 λόγου
473 757 698 825 εἰκοστῷ
733 756 902 824 ὀγδόῳ
952 756 1135 806 κανόνι
1178 756 1272 820 τῆς
1321 755 1376 803 ἐν
1421 751 1721 818 Χαλκηδόνι

167 851 383 901 συνόδου
448 852 778 918 μεμνημένῳ
839 850 933 916 μὲν
990 848 1082 899 τοῦ
1150 847 1408 913 παρόντος
1470 844 1721 904 κανόνος,

162 943 421 1004 ἐπάγοντι
477 942 528 992 δὲ
581 942 659 991 δτι
722 941 827 992 Καὶ
859 943 1016 1008 ἡμεῖς
1078 939 1144 989 τὰ
1193 937 1330 988 αῦτά
1377 934 1725 1004 ψηφιζόμεθα

165 1031 290 1100 περὶ
344 1032 453 1082 τῶν
513 1030 817 1100 πρεσϐείων
876 1031 974 1096 τῆς
1031 1029 1336 1096 ἁγιωτάτης
1399 1026 1724 1094 Ἐκκλησίας

165 1124 787 1184 Κωνσταντινουπόλεως
840 1123 964 1183 νέας
1027 1121 1265 1188 Ῥώμης.
1327 1122 1434 1172 Καὶ
1489 1120 1597 1187 γὰρ
1649 1120 1724 1187 τῷ

161 1217 336 1284 θρόνῳ
365 1217 462 1284 τῆς
498 1216 870 1285 πρεσϐυτέρας
914 1214 1149 1282 Ῥώμης,
1201 1213 1284 1265 διὰ
1323 1212 1381 1264 τὸ
1421 1210 1724 1280 βασιλεύειν

158 1310 256 1376 τὴν
289 1307 446 1358 πόλιν
475 1308 708 1378 ἐκείνην,
746 1308 794 1358 οἱ
825 1305 1066 1373 Πατέρες
1099 1307 1320 1366 εἰκότως
1352 1302 1723 1355 ἀποδεδώκασι

156 1405 223 1453 τὰ
256 1403 549 1470 πρεσδεῖα,
587 1403 678 1452 καὶ
710 1402 786 1469 τῷ
817 1401 964 1468 αὐτῷ
992 1400 1177 1468 σκοπῷ
1214 1400 1300 1452 to:
1327 1397 1635 1466 κινούμενοι
1673 1399 1722 1447 ot

157 1495 358 1544 ἑκατὸν
425 1495 757 1560 πεντήκοντα
829 1491 1233 1558 θεοφιλέστατοι
1299 1489 1586 1540 ἐπίσκοποι
1653 1490 1720 1539 τὰ

153 1585 423 1651 πρεσϐεῖα
461 1587 759 1653 ἀπένειμαν
793 1585 868 1653 τῷ
897 1585 995 1651 τῆς
1027 1585 1149 1645 νέας
1191 1582 1406 1652 Ῥώμης
1439 1582 1721 1648 ἁγιωτάτῳ

154 1677 357 1744 θρόνῳ,
408 1677 644 1741 εὐλόγως
691 1677 975 1745 κρίναντες
1003 1660 1099 1742 τ’ὴν
1132 1674 1407 1740 βασιλείαν
1461 1675 1553 1725 καὶ
1595 1689 1722 1738 συγ-

154 1767 342 1834 κλήτῳ
366 1767 689 1835 τιμηθεῖσαν
719 1767 891 1827 πόλιν,
923 1765 1015 1816 καὶ
1047 1765 1151 1815 τῶν
1188 1764 1316 1815 ἰσων
1345 1763 1719 1815 ἀπολαύουσαν

153 1858 468 1926 πρεσϐείων
510 1861 574 1926 τῇ
632 1857 979 1926 πρεσϐυτέρα
1017 1855 1248 1924 βασιλίδι
1296 1854 1504 1924 Ῥώμῃ,
1537 1857 1629 1906 καὶ
1663 1855 1719 1904 έν

1827 666 2035 729 quidem
2085 665 2400 717 sententiam
2453 681 2622 727 suam,
2658 668 2918 718 VltCSlllH)
2961 677 3150 718 octavo
3188 665 3373 736 synodi

1827 754 2271 808 Chalcedonensis
2317 770 2520 808 canone
2577 758 2894 809 conﬁrmare
2951 759 3193 810 nituntur
3240 774 3254 810 ε
3302 757 3372 807 ibi

1827 861 2076 912 namque.
2115 848 2380 900 mentione
2415 847 2570 914 hujus
2595 852 2809 900 canonis
2845 847 3060 913 injecta.
3108 851 3218 902 hmc
3252 863 3375 916 pos-

1830 948 1907 989 tea
1972 936 2342 1001 snljiciuntur.
2405 937 2502 1009 [De
2552 940 2838 1007 privilegiis
2893 941 3244 994 sanctissima:
3285 942 3378 994 Ec-

1825 1027 2000 1079 clesia:
2052 1027 2552 1096 Constantinopolis
2613 1013 2761 1082 .m
2808 1033 2987 1084 Ruina:
3038 1034 3222 1085 eadem
3275 1049 3373 1088 nos

1827 1135 2037 1187 quoque
2066 1120 2356 1173 sancimus.
2391 1119 2598 1176 Veteris
2628 1124 2766 1173 enim
2796 1121 2977 1176 Ronza‘
3010 1125 3201 1179 throno
3232 1126 3372 1192 quod

1826 1213 2016 1262 civitas
2041 1211 2140 1264 ista
2166 1212 2451 1279 imperaret
2477 1211 2659 1265 Patres
2681 1214 2799 1281 jure
2820 1214 3092 1282 privilegia
3114 1215 3373 1275 tribttcre,

1790 1301 1876 1352 ‘et
1920 1299 2104 1352 eadem
2152 1302 2362 1352 ratione
2407 1302 2534 1353 moti
2584 1316 2800 1355 centum
2853 1305 3244 1372 quinquaginta
3282 1303 3375 1357 Dei

1827 1395 2180 1447 amantissimi
2240 1395 2477 1463 episcopi
2529 1398 2929 1450 sanctissimum
2985 1413 3134 1451 novze
3195 1397 3376 1449 Romae

1826 1485 2074 1538 thronum
2112 1488 2406 1553 aequalibus
2459 1487 2748 1555 privilegiis
2784 1491 2980 1557 dignati
3034 1499 3192 1551 sunt,
3233 1501 3379 1541 recte

1817 1574 2122 1641 judicantes
2162 1593 2277 1644 qua:
2318 1580 2439 1633 urbs
2487 1581 2713 1649 imperio
2757 1595 2818 1633 ac
2861 1591 3048 1632 senatu
3099 1581 3376 1634 huncstala

1826 1685 1886 1722 ac
1921 1670 2108 1723 iisdem
2131 1676 2276 1746 .cum
2314 1685 2492 1726 vetere
2540 1675 2746 1728 urbium
2797 1672 3020 1741 Regina,
3069 1674 3377 1727 muneribus

1823 1773 2009 1815 ornata
2045 1762 2200 1826 foret,
2226 1781 2341 1818 eam
2372 1767 2424 1819 in
2455 1767 2815 1820 ecclesiastica
2848 1780 3058 1836 quoque
3086 1765 3377 1831 republica,

1821 1855 2115 1922 aequalibus
2157 1870 2277 1909 cum
2321 1857 2405 1908 illa
2453 1856 2746 1910 honoribus
2784 1856 3141 1908 extollendam
3191 1869 3252 1905 ac
3289 1869 3377 1906 se-

146 1952 261 2010 τοῖς
288 1947 766 2016 ἐκκλησιαστικαῖς
789 1948 861 2008 ὠς
881 1947 1094 2014 ἐκείνην
1121 1945 1514 2014 μεγαλύνεσθαι
1541 1946 1716 2014 πράγο

1818 1947 2043 1999 eundam
2091 1948 2155 2000 ab
2200 1949 2286 2000 illa
2343 1948 2708 2003 collocandam
2757 1947 2918 2018 esse].
2975 1948 3161 1999 Dicunt
3198 1945 3377 2014 igitur,

150 2055 311 2106 μασι,
344 2038 605 2107 δευτέραν
635 2037 753 2104 μετ’
780 2035 994 2104 ἐκείνην
1022 2035 1394 2103 ὑπάρχουσαν.
1425 2033 1592 2084 Φασὶν
1622 2028 1712 2084 οὖν

143 2128 250 2188 δτι,
280 2129 408 2180 ἐπεὶ
440 2127 550 2178 τῶν
588 2129 717 2179 ῐσων
746 2122 988 2190 ἀξιοῦσιν
1015 2123 1184 2193 αὐτὴν
1219 2123 1412 2192 τιμῶν,
1444 2121 1557 2183 πῶς
1586 2139 1710 2190 νοη-

144 2219 385 2288 θήσεται
442 2219 653 2288 ἠμετὰ
702 2217 958 2288 πρόθεσις
1012 2214 1709 2284 ὑποπτώσεως.δηλωτικὴ;

154 2312 222 2363 Ἦ
250 2311 313 2363 δὲ
348 2311 440 2362 τοῦ
486 2309 861 2362 Ἰοῦστινιανοῦ
895 2308 1162 2376 ὲκατοστὴ
1196 2307 1491 2376 τριακοστὴ
1546 2308 1715 2374 νεαρὰ

143 2403 386 2471 κειμένη
421 2403 500 2463 είς
529 2401 734 2470 βιϐλίον
759 2399 868 2451 τῶν
906 2398 1210 2451 Βασιλικῶν
1242 2401 1508 2465 πέμπτον,
1539 2397 1714 2448 τίτλον

141 2496 334 2562 τρίτον
365 2491 540 2553 ἄλλως
568 2490 805 2543 νοεῖσθαι
840 2490 964 2550 τοὺς
1003 2487 1232 2548 κανόνας
1285 2487 1498 2547 δίδωσι,
1535 2485 1714 2546 καθὼς

143 2582 306 2652 παρά
359 2581 450 2633 τοῦ
503 2580 766 2650 βασιλέως
814 2578 1022 2631 ἐκείνου
1051 2579 1367 2647 ὲνοήθησαν.
1403 2578 1534 2644 Φησὶ
1585 2571 1711 2643 γὰρ,

143 2672 497 2740 Θεσπίζομεν
554 2672 690 2722 κατὰ
726 2670 852 2730 τοὺς
901 2667 1009 2720 τῶν
1061 2669 1232 2733 ἁγίων
1287 2667 1516 2720 συνόδων
1561 2667 1716 2735 ὅρους

141 2764 242 2816 τὸν
294 2763 599 2829 ἁγιώτατον
654 2763 750 2828 τῆς
788 2758 1156 2826 πρεσϐυτέρας
1216 2757 1432 2826 Ῥώμης
1489 2759 1716 2809 πάππαν

146 2857 373 2925 πρῶτον
409 2851 550 2907 εἶναι
589 2855 802 2905 πάντων
836 2853 941 2903 τῶν
978 2851 1188 2919 ἱερέων,
1226 2851 1314 2901 τὸν
1341 2851 1395 2902 δὲ
1427 2849 1718 2916 μακαριώ-

141 2967 314 3002 τατον
376 2948 673 3000 ἐπίσκοπον
753 2944 1372 3005 Κωνσταντινουπόλεως
1445 2944 1540 2994 καὶ
1592 2942 1720 3004 νέας

73 3091 75 3093 .
152 3040 384 3110 Ῥώμης
413 3039 667 3108 δευτέραν
698 3039 847 3104 τάξιν
875 3038 1090 3107 ἐπέχειν
1123 3037 1258 3104 μετά
1311 3035 1394 3086 τὸν
1425 3034 1713 3086 ἀποστολι-

147 3132 251 3183 κόν
289 3131 480 3200 θρόνον
509 3131 607 3199 τῆς
636 3131 1009 3199 πρεσϐυτέρας
1049 3128 1288 3196 Ῥώμης,
1317 3125 1426 3178 τῶν
1459 3126 1513 3176 δὲ
1546 3127 1720 3178 ἄλλων

145 3224 378 3275 πάντων
427 3223 814 3291 προτιμᾶσθαι.
880 3220 1154 3272 Ἐντεῦθεν
1195 3217 1285 3271 οὖν
1323 3219 1569 3285 ἐναργῶς
1609 3216 1717 3269 δεί-

143 3334 349 3366 κνυται
386 3317 420 3384 ὴ
445 3315 593 3384 μετὰ
631 3317 886 3384 πρόθεσις
918 3313 1286 3382 ὑποδιδασμὸν
1344 3310 1574 3380 δηλοῦσα
1630 3313 1724 3363 καὶ

144 3405 482 3456 ἐλάττωσιν.
521 3405 627 3456 Καὶ
654 3405 828 3463 ἄλλως
854 3403 909 3455 δὲ
936 3403 1196 3454 ἀδύνατον
1228 3402 1291 3453 ἂν
1318 3401 1400 3469 εἰη
1438 3401 1496 3452 τὸ
1527 3401 1722 3452 ταύτὸν

143 3502 325 3567 τιμῆς
377 3498 468 3548 καὶ
497 3497 553 3546 ὲν
585 3495 914 3564 ἀμφοτέροις
949 3497 1060 3554 τοῖς
1094 3494 1303 3560 θρόνο;ς
1335 3491 1721 3559 φυλάττεσθαι.

157 3592 410 3656 ’Δνάγκη
443 3590 552 3657 γάρ
592 3591 648 3639 έν
693 3589 812 3648 ταῖς
843 3588 1140 3654 ἀναφοραῖς
1170 3585 1278 3654 τῶν
1307 3585 1585 3652 ὀνομάτων
1617 3584 1724 3636 τῶν

145 3683 576 3753 προϊσταμένων
627 3680 803 3732 αὐτῶν
838 3679 926 3728 τὸν
967 3679 1062 3744 μὲν
1121 3676 1494 3746 προτερεύειν,
1537 3676 1626 3728 τὸν
1669 3676 1725 3727 δὲ

140 3773 514 3843 δευτερεύειν,
566 3771 660 3823 καὶ
690 3773 747 3822 ἐν
792 3769 1082 3836 καθέδραις
1131 3769 1215 3819 ὅτε
1249 3767 1569 3829 συνέλθοιεν,
1633 3771 1726 3819 καὶ

141 3871 206 3919 ὲν
247 3866 592 3933 ὑπογραφαῖς
625 3863 712 3913 ὅτε
741 3860 949 3913 τούτων
991 3861 1193 3928 δεήσει.
1237 3858 1437 3924 Ἱίγουν
1468 3859 1560 3910 τοῦ
1583 3859 1726 3926 μετὰ

143 3959 452 4027 ἐξήγησις,
571 3955 804 4019 λέγουσα
862 3950 956 4002 τοῦ
1012 3955 1205 4018 χρόνου
1244 3944 1545 4018 δηλωτικὴν
1588 3947 1725 4002 εἶναι

139 4050 252 4118 τὴν
293 4046 572 4114 πρόθεσιν,
619 4045 717 4112 οὐχ
752 4042 1154 4110 ὑποδιϐασμοῦ,
1207 4041 1538 4110 βεϐιασμένη
1587 4043 1722 4104 ἐστὶ,

143 4143 247 4194 καὶ
284 4137 524 4198 διανοίας
555 4138 652 4188 οὐκ
687 4135 896 4196 εὐθείας
952 4134 1061 4185 οὐδ’
1087 4133 1314 4199 ἀγαθῆς.
1357 4133 1515 4185 Ἀλλά
1551 4132 1644 4185 καὶ
1697 4135 1724 4184 6

141 4231 250 4299 τῆς
283 4233 342 4280 ὲν
371 4227 448 4295 τῷ
477 4226 730 4294 Τρούλλῳ
764 4226 983 4276 συνόδου
1013 4225 1329 4293 τριακοστὸς
1360 4223 1515 4284 ἕκτος
1550 4225 1724 4274 κανὼν

141 4323 425 4392 ἁριδήλως
465 4321 699 4371 δείκνυσι
737 4317 833 4388 τὴν
881 4319 1016 4384 μετὰ
1068 4314 1321 4385 πρόθεσιν
1357 4315 1726 4384 ὑποδιὸασμὸν

145 4409 442 4485 δηλοῦσαν,
475 4412 723 4476 δεύτερον
753 4411 929 4476 λέγων
956 4411 1043 4460 τὸν
1095 4409 1280 4476 θρόνον
1311 4411 1406 4478 τῆς
1440 4409 1726 4459 Κώνσταν-

140 4505 516 4565 τινουπόλεως
551 4503 861 4568 λογίζεσθαι
895 4501 1032 4569 μετὰ
1064 4500 1151 4552 τὸν
1200 4501 1295 4569 τῆς
1352 4500 1724 4568 πρεσϐυτέρας

157 4598 388 4667 Ῥώμης
413 4613 427 4626 ·

143 4686 500 4761 ἀριθμείσθω
530 4685 737 4754 θρόνος,
758 4680 875 4734 εἶτα
909 4683 936 4733 6
971 4683 1066 4751 τῆς
1096 4679 1439 4748 Ἀντιοχείας,
1475 4681 1565 4730 καὶ
1587 4678 1726 4745 μετὰ

143 4784 349 4834 τοῦτον
376 4781 404 4832 6
436 4779 533 4846 τῆς
569 4776 1036 4849 Ἱεροσολυμιτῶν.

143 4870 462 4927 ΑΡΙΣΤ.”0
488 4871 1168 4931 Κωνσταντινουπόλεως
1199 4866 1346 4934 μετὰ
1380 4861 1724 4929 τὸνῬώμης

777 4961 1103 5025 τετίμηται.

222 5055 352 5108 Τῶν
398 5052 578 5106 αὐτῶν
633 5051 940 5122 πρεσϐείων
989 5053 1082 5102 καὶ
1132 5050 1230 5116 τῆς
1284 5050 1451 5116 αὐτῆς
1510 5045 1724 5113 μεθέξει

144 5148 324 5217 τιμῆς
380 5144 459 5215 τῷ
493 5141 713 5214 Ῥώμης
765 5147 1050 5211 έπισκόπῳ
1099 5142 1189 5193 καὶ
1225 5144 1250 5192 6
1285 5142 1725 5192 Κωνσταντινου-
1761 5137 1764 5146 ⁵

145 5239 368 5298 πόλεως
406 5236 738 5297 ἐπίσκοπος’
787 5233 969 5295 καθὼς
1027 5235 1116 5286 καὶ
1166 5234 1191 5283 6
1248 5232 1487 5290 εἰκοστὸς
1541 5227 1723 5294 ὄγδοος

151 5327 342 5381 κανὼν
366 5327 462 5395 τῆς
493 5328 551 5378 ὲν
591 5325 892 5395 Χαλκηδόνι
931 5326 1149 5377 συνόδου
1182 5324 1272 5374 τον
1307 5324 1508 5374 κανόνα
1541 5318 1724 5370 τοῦτον

147 5421 376 5489 ἐνόησε.
406 5419 494 5471 διὰ
525 5417 584 5471 τὸ
613 5414 750 5471 εἶναι
781 5419 985 5486 ταύτην
1012 5418 1138 5469 νέαν
1173 5415 1414 5485 Ῥώμην,
1447 5413 1538 5463 καὶ
1562 5426 1724 5478 τιμη-

148 5514 320 5581 θῆναι
353 5509 602 5580 βασιλεία
634 5527 694 5562 τε
729 5510 822 5562 καὶ
855 5510 1162 5578 συγκλήτῳ.
1195 5509 1266 5559 T6
1301 5510 1409 5575 γάρ
1431 5505 1581 5572 μετὰ
1635 5503 1720 5551 ὲν-

145 5603 330 5657 ταῦθα
382 5602 442 5654 οὐ
488 5602 586 5669 τῆς
635 5605 818 5672 τιμῆς,
869 5602 1004 5654 ἀλλά
1041 5600 1134 5652 τοῦ
1163 5599 1352 5669 χρόνου
1385 5598 1501 5648 ἐστὶ
1547 5592 1718 5662 δηλω-

148 5698 343 5750 τικόν·
395 5697 468 5756 ώς
514 5696 580 5747 ἂν
627 5697 767 5748 εῐποι
818 5713 900 5758 τις
948 5696 1028 5746 δτι
1067 5695 1204 5764 μετά
1245 5691 1468 5750 πολλοὺς
1494 5689 1720 5757 χρόνους

150 5793 251 5854 τῆς
291 5789 416 5854 ῐσης
447 5789 607 5858 τιμῆς
639 5787 713 5857 τῷ
745 5789 966 5856 Ῥώμης
995 5786 1226 5856 μετέσχε
1260 5785 1352 5836 καὶ
1379 5784 1405 5835 6
1434 5783 1714 5834 Κώνσταν-

153 5901 306 5934 τινου
316 5881 517 5939 πόλεως
531 5919 542 5930 .

1814 2054 1934 2091 cum
1984 2041 2276 2106 :equalibns
2320 2041 2460 2094 illam
2510 2042 2722 2110 dignam
2763 2038 3056 2092 honoribus
3096 2049 3375 2102 censeant,

1813 2131 2081 2197 quomodo
2119 2132 2420 2200 praepositio
2448 2146 2562 2200 post
2627 2131 3009 2199 subiectionem
3078 2130 3378 2196 signiﬁcare

1815 2221 2037 2299 intelligi
2061 2223 2272 2291 potest?
2302 2222 2492 2276 Verum
2516 2221 2801 2277 Justiniani
2837 2221 3052 2275 Novella
3089 2221 3376 2275 centesin-a

1819 2313 2127 2374 tricesima,
2193 2313 2664 2381 imperatoriarnm
2719 2312 3178 2365 Constitutionum
3244 2311 3378 2362 libro

1815 2407 2001 2472 quinlo
2026 2446 2038 2464 .
2064 2391 2223 2458 ‘titnlo
2251 2407 2430 2469 tertio,
2457 2422 2713 2458 canoneni
2743 2405 2894 2457 aliter
2919 2404 3167 2473 explicat,
3195 2418 3380 2472 quein-

1816 2498 2102 2550 adniodum
2159 2509 2210 2551 et
2277 2498 2369 2574 ah‘
2401 2498 2492 2550 illo
2549 2499 2871 2566 imperatore
2928 2495 3226 2549 intellectus
3277 2505 3376 2548 est.

1819 2589 2223 2643 Sanctissimnm
2262 2606 2509 2658 namque,
2553 2590 2642 2651 ait,
2696 2589 2890 2641 veteris
2937 2587 3119 2642 “Otila!
3159 2602 3374 2656 papam,

1816 2699 1877 2734 ex
1926 2693 2230 2734 sanctarum
2278 2684 2598 2750 synodoruui
2637 2683 2866 2750 placitis,
2923 2681 3083 2735 totius
3125 2680 3380 2732 ecclesia-

1818 2773 1934 2824 stici
1957 2773 2161 2826 ordinis
2195 2773 2656 2840 pi-iucipeui‘csse,
2690 2772 3054 2824 beatissimum
3081 2785 3209 2824 vero
3238 2772 3382 2822 Con--

1819 2864 2308 2931 stantinopolitana:
2370 2864 2552 2923 urbis.
2617 2878 2766 2916 nava:
2822 2863 3021 2926 Romaz,
3071 2863 3380 2932 episcopum

1836 2938 2127 3010 secunduin
2164 2957 2228 3006 ab
2261 2956 2551 3023 apostolica
2597 2959 2792 3008 veteris
2823 2953 3003 3021 [ionice
3045 2960 3170 3007 sede
3210 2954 3382 3007 locum

1837 3047 2103 3108 obtinere,
2155 3044 2272 3095 aliis
2332 3045 2580 3096 omnibus
2640 3045 2842 3099 honore
2886 3045 3216 3114 superiorem
3267 3060 3385 3098 esse

1823 3138 2183 3190 decernimus.
2223 3134 2358 3188 llinc
2415 3136 2576 3203 igitur
2609 3139 2886 3203 perspicue
2919 3147 3142 3205 apparet
3187 3136 3380 3202 subje-

1825 3231 2080 3292 ctiouem,
2111 3240 2164 3280 et
2201 3228 2610 3280 diu.inuti0uem
2644 3244 2735 3295 per
2765 3230 3212 3297 praepositionem,
3248 3237 3382 3293 post,

1827 3322 2142 3392 signiﬁcari,
2197 3336 2312 3373 cum
2363 3320 2556 3389 alioqui
2601 3321 2918 3388 przescrtiin,
2963 3320 3180 3373 honoris
3212 3337 3386 3387 :rqna-

1827 3415 1948 3466 litus
1984 3415 2032 3464 in
2059 3425 2282 3479 utraque
2312 3412 2438 3465 sede
2463 3413 2680 3464 retineri
2712 3413 3015 3466 nullatenus
3046 3424 3224 3479 queat.
3247 3412 3382 3465 Nam

1826 3510 1937 3560 sive
1961 3507 2068 3570 ipsa
2094 3505 2375 3571 prmsiduui
2410 3507 2622 3556 nomina
2653 3507 2942 3564 recitanda,
2967 3509 3079 3558 sive
3113 3507 3163 3557 in
3195 3509 3382 3557 eodem

1826 3611 2079 3650 consessu
2117 3597 2330 3660 utrique
2359 3595 2724 3655 assidenduui,
2760 3597 2871 3647 sive
2901 3597 3178 3664 utriusque
3204 3594 3384 3649 chiro-

1826 3687 2028 3753 grapho
2083 3686 2266 3736 eadem
2329 3684 2627 3752 syngrapha
2685 3686 2753 3737 sit
2815 3685 3101 3750 iirnmnda,
3154 3685 3383 3739 alterum

1827 3787 1970 3828 certe
2014 3775 2249 3844 przeferri
2287 3790 2503 3827 necesse
2544 3784 2644 3827 est.
2685 3776 2997 3842 Quicunque
3041 3790 3169 3844 ergo
3214 3777 3383 3843 parti-

1827 3870 2001 3923 culam
2050 3881 2186 3937 post,
2216 3869 2382 3920 solam
2413 3866 2666 3934 temporis
2702 3868 2916 3930 seriem,
2944 3883 3044 3918 non
3079 3867 3384 3920 inferiorem

1825 3979 2035 4033 qucque
2067 3963 2342 4030 dignitatis
2377 3963 2600 4031 gradum
2644 3961 2949 4030 significare
2988 3965 3300 4026 contendat,
3341 3963 3386 4016 is

1827 4071 1878 4111 et
1909 4058 2011 4108 vim
2055 4057 2177 4108 huic
2218 4055 2332 4105 loco
2381 4053 2595 4123 inferat,
2628 4064 2682 4106 et
2729 4054 3046 4104 sententiam
3084 4068 3256 4120 neque
3299 4070 3383 4106 re-

1826 4159 1984 4204 ctam.
2022 4161 2192 4211 neque
2220 4147 2409 4195 bonam
2435 4143 2628 4195 eliciat.
2661 4143 2799 4206 Quin
2827 4152 2877 4193 et
2905 4140 3171 4195 Trullanae
3197 4143 3380 4212 synodi

1827 4253 2026 4290 canone
2055 4236 2323 4288 tricesimo
2350 4244 2523 4292 Sexto,
2557 4233 2858 4300 pra'positio
2881 4272 2895 4295 ,
2925 4243 3064 4300 post,
3097 4233 3382 4296 subiectio-

1828 4347 1943 4382 nent
2003 4340 2186 4397 aperte
2239 4337 2408 4390 notat,
2462 4327 2708 4388 dicente,
2759 4336 2874 4386 post
2929 4327 3161 4394 antiquae
3204 4326 3383 4376 Itonia:

1827 4425 2097 4484 tiu-onum,
2141 4416 2411 4473 Secundus
2441 4416 3048 4484 Constantinopolitanae
3081 4417 3190 4468 sedi
3238 4418 3382 4469 locus

1825 4515 2126 4580 assignetur
2149 4530 2162 4577 ;
2183 4512 2374 4564 deinde
2396 4509 2682 4578 subiungit,
2709 4518 2826 4576 post
2853 4509 2988 4562 hanc
3005 4509 3382 4566 Alexandrina,

479 4591 596 4646 εἶτα
639 4593 857 4659 ἐπάγει,
896 4591 1097 4660 μεθ’δν
1144 4594 1170 4642 6
1201 4590 1298 4657 τῆς
1339 4589 1726 4657 Ἀλεξανδρέων

1790 4607 1953 4658 linde
2009 4602 2362 4666 Antiochena,
2420 4612 2471 4654 et
2537 4609 2656 4669 post
2723 4600 3111 4653 Antiochenam
3170 4601 3382 4651 demunt

1830 4694 2314 4763 Hierosolymitana
2354 4701 2683 4744 numeretur.

1831 4872 2054 4928 ARIST.
2107 4857 2714 4933 Consta'ntinopolitanus
2754 4872 3020 4938 episcopus
3047 4878 3159 4935 post
3191 4867 3385 4920 Roma-

2231 4979 2350 5014 num
2386 4963 2650 5027 proximus
2686 4965 2989 5014 honoratur.

1899 5058 2097 5110 Eadem
2145 5054 2438 5122 privilegia,
2483 5055 2860 5120 ennidctnque,
2911 5068 3066 5119 quem
3109 5052 3384 5105 Romanus

1832 5153 2108 5220 episcopus
2155 5148 2410 5198 honorem
2452 5144 2668 5196 habebit
2711 5153 2764 5197 et
2805 5144 3087 5212 episcopus
3121 5143 3382 5197 Constan-

1827 5239 2208 5306 tinopolitanus
2238 5233 2728 5301 ;quemadmodum
2760 5242 2812 5286 et
2843 5233 3128 5287 vicesimus
3167 5245 3384 5288 octavus

1824 5332 2007 5401 synodi
2041 5310 2499 5383 Chalcedonensis
2535 5341 2703 5402 canon
2741 5325 2886 5379 hunc
2933 5341 3192 5379 canonezn
3228 5324 3382 5377 intel-

1825 5425 1952 5478 lexit
1978 5440 1993 5476 :
2023 5424 2274 5490 quoniam
2321 5419 2432 5486 ipsa
2461 5430 2545 5472 est
2581 5434 2713 5472 nova
2757 5417 2925 5472 Roma
2949 5458 2964 5481 ,
2999 5435 3058 5471 ac
3093 5419 3383 5471 honoratur

1821 5530 1874 5570 ct
1902 5516 2124 5582 imperio
2153 5523 2205 5566 et
2236 5521 2441 5565 senatu.
2474 5509 2602 5563 Nam
2659 5513 2960 5580 pra-positio
3006 5521 3120 5578 post
3166 5512 3253 5563 hic
3280 5526 3381 5562 non

1826 5611 2102 5668 honorem,
2134 5607 2224 5658 sed
2263 5619 2467 5673 tempus
2499 5606 2758 5672 signiﬁcat
2787 5621 2798 5633 ·
2837 5619 2899 5654 ac
2926 5604 2968 5656 si
3000 5604 3200 5656 diceret
3238 5600 3383 5667 quis-

1826 5698 1985 5766 piam,
2017 5699 2157 5765 quod
2191 5699 2315 5765 post'
2342 5697 2533 5750 multos
2567 5711 2733 5748 annos
2784 5696 3065 5761 cpiscopus
3117 5693 3383 5747 Constan-

1829 5789 2209 5856 tinopolitanus
2243 5787 2484 5840 lltnnano
2517 5786 2771 5855 aequalem
2820 5786 3065 5840 habuerit
3107 5787 3380 5838 honorem.
