4222 6460
181 401 280 464 399

1363 404 1444 463 IN
1487 403 1658 463 CAN.
1704 403 1746 462 ν
1793 403 2008 463 CONC.
2049 403 2156 465 (ΞΡ.
2197 405 2276 463 II.

3325 409 3427 470 330

177 517 231 568 δὲ
259 517 354 567 τοῦ
384 512 778 584 ἀρχιερατικοῦ
810 512 1003 583 θρόνου
1059 511 1161 581 τῆς
1222 512 1744 565 Κωνσταντινουπό-

1866 514 2104 579 scriptus,
2149 520 2339 565 sancto
2385 510 2529 564 Patri
2577 513 2712 568 adeo
2763 513 3045 568 familiaris
3090 513 3209 579 fuit,
3267 527 3324 569 ut
3365 522 3432 571 ad

179 604 314 666 λεως
342 606 602 673 γεγονὼς⁹
627 606 889 675 χρῄματα
913 602 1126 657 στέλλει
1160 605 1242 666 είς
1309 603 1749 674 ⁸Αλεξάνδρειαν,

185 696 442 748 κάκεῖθεν
496 697 833 756 ἐπισκόπους
885 697 1009 763 ἄγει
1067 696 1548 764 χειροτονήσοντας
1595 696 1758 749 αὑτὸν

183 788 451 857 ἀρχιερέα
499 790 598 856 τῆς
631 787 1283 848 Κωνσταντινουπόλεως,
1322 789 1459 857 ἔχων
1495 787 1589 840 καί
1633 805 1758 841 τινα

179 879 444 948 συνεργὸν
475 879 585 930 τῶν
619 879 969 931 οἰκειοτάτων
999 877 1076 947 τῷ
1114 878 1380 948 Θεολόγῳ.
1419 880 1556 948 ἰιδη
1584 879 1640 931 δὲ
1663 880 1759 945 τῆς

176 970 478 1039 ἐκκλησίας
504 971 650 1023 ἔνδον
677 971 988 1040 γενόμενοι,
1054 971 1164 1039 πρὸ
1232 972 1325 1022 τοῦ
1392 970 1608 1024 τελέσαι
1659 972 1757 1041 τὴν

175 1061 399 1132 τελετὴν
430 1063 796 1129 γνωσθέντες,
825 1062 1194 1131 ἀπηλάθησαν
1223 1063 1330 1115 ὑπὸ
1375 1063 1486 1115 τῶν
1525 1063 1755 1126 πιστῶν,

174 1156 270 1205 καὶ
289 1155 664 1217 ἀπελαθέντες
698 1155 799 1206 οὐκ
857 1154 1239 1224 ἐφησύχασαν,
1290 1154 1405 1206 ἀλλ’
1462 1157 1542 1216 εἰς
1581 1156 1760 1208 οικῐαν

173 1247 456 1309 εἰσδύντες
515 1245 783 1314 χοραύλου
849 1245 1014 1307 τινὸς,
1061 1246 1179 1297 ἐκεῖ
1231 1245 1604 1315 χειροτονοῦσι
1666 1247 1759 1298 τδν

172 1336 453 1404 Μάξιμον,
487 1337 537 1388 εί
569 1336 664 1388 καὶ
720 1334 890 1404 μηδὲν
926 1335 1186 1387 ἀπώνατο
1235 1335 1333 1402 τῆς
1386 1335 1516 1406 περὶ
1581 1335 1757 1389 ταῦτα

172 1427 482 1495 μοχθηρίας
516 1442 531 1455 ⁸
556 1426 676 1478 οὐδὲ
700 1427 807 1494 γὰρ
827 1426 1028 1480 ἀνύσαι
1060 1443 1113 1478 τι
1171 1425 1445 1496 δεδύνητο.
1526 1428 1761 1490 ’Δπεκη-

173 1517 353 1584 ρύχθη
380 1517 474 1569 οὖν
506 1517 593 1569 διὰ
636 1517 734 1570 τοῦ
767 1519 1040 1587 παρόντος
1070 1518 1293 1580 κανόνος
1326 1517 1435 1570 ὑπὸ
1457 1517 1565 1570 τῶν
1600 1521 1658 1570 ὲν
1687 1521 1754 1588 τῇ

170 1609 414 1678 δευτέρᾳ
451 1609 654 1676 συνόδῳ
686 1607 1059 1660 συνελθόντων
1091 1607 1263 1675 ἁγίων
1296 1609 1562 1678 Πατέρων
1639 1611 1761 1678 ὀρι-

171 1701 386 1754 σάντων
415 1701 554 1770 μήτε
591 1700 895 1752 ἐπίσκοπον
929 1699 1094 1752 αὑτὸν
1126 1697 1410 1765 γενέσθαι,
1441 1698 1474 1766 ἢ
1504 1695 1642 1752 εἶναι
1670 1700 1758 1753 διὰ

171 1790 226 1841 τὸ
248 1791 541 1859 ὲκθέσμως
574 1791 1079 1861 κεχειροτονῆσθαι,
1119 1791 1257 1860 μήτε
1308 1789 1440 1858 παρ’
1475 1790 1624 1858 αὑτῷ
1647 1807 1761 1859 χει-

170 1880 562 1949 ροτονηθέντας
590 1881 882 1949 κληρικοὺς
912 1880 1201 1950 ὑπάρχειν.
1234 1879 1503 1950 ’Ὕστερον
1527 1879 1584 1930 δὲ
1622 1896 1760 1945 γνω-

170 1969 327 2033 σθεὶς
390 1971 461 2023 τὰ
517 1971 938 2042 Ἀπολλιναρίου
1005 1973 1229 2041 φρονεῖν
1288 1973 1384 2024 καὶ
1442 1970 1766 2038 ἀνεθεματί-

170 2063 295 2130 σθη.
358 2063 565 2118 Τούτου
625 2066 721 2118 καὶ
763 2067 792 2118 ό
848 2065 1112 2132 Θεολόγος
1157 2063 1215 2118 έν
1248 2081 1357 2116 τινι
1394 2063 1504 2117 τῶν
1535 2063 1611 2133 μὴ
1670 2064 1756 2116 ἐπ’

169 2155 472 2225 ἐκκλησίας
501 2156 1022 2224 ἀναγινωσκομένων
1050 2155 1224 2223 λόγων
1261 2155 1429 2210 αὑτοῦ
1465 2155 1760 2226 μέμνηται.

1862 617 2062 656 mensze
2090 616 2304 670 quoque
2333 603 2770 658 communionem
2805 605 2870 658 ab
2909 607 3100 658 eodem
3125 606 3438 660 admittere-

1863 704 1970 746 tur.
2014 693 2206 748 Postea
2238 711 2360 749 cum
2391 695 2804 764 patriarchalem
2827 698 3439 770 Constantinopolitanae

1861 789 2007 839 sedis
2047 787 2360 854 dignitatem
2415 788 2810 856 coneupiisset,
2859 790 3098 856 pecunia:
3144 806 3435 845 numerum

1863 877 2025 932 mittil
2074 877 2482 944 Alexandriam,
2537 879 2747 948 sibique
2779 880 2902 932 inde
2942 882 3197 934 subornat
3230 881 3443 950 episco-

1860 984 1959 1037 ρος
2001 971 2498 1039 (ZetistantiimpOIis
2526 972 2891 1041 patriarcham
2937 972 3087 1026 illum
3132 975 3436 1037 electuros;

1862 1074 1926 1113 ex
1982 1061 2184 1116 intimis
2239 1044 2401 1116 etiam
2435 1061 2692 1132 Theologi
2745 1062 2979 1132 quodam
3026 1062 3141 1130 ejus
3174 1065 3441 1129 adjutore.

1862 1153 1963 1217 Qui
2013 1153 2262 1222 quidem,
2327 1169 2450 1207 cum
2511 1156 2560 1206 in
2614 1155 2843 1210 ecclesia
2889 1153 3002 1223 jam
3044 1156 3441 1215 constitissent.

1865 1247 2103 1297 nondum
2151 1244 2386 1311 perfecta
2425 1260 2482 1300 re
2513 1245 2863 1314 deprehensi,
2923 1255 3086 1315 atque
3133 1263 3162 1300 a
3197 1246 3442 1301 fidelibus

1863 1337 2044 1404 ejecti,
2101 1352 2206 1390 non
2257 1351 2544 1407 propterea
2605 1343 2949 1408 quieverunt,
3015 1341 3112 1395 sed
3159 1341 3443 1394 Choraqu

1864 1429 2140 1496 cujusdam
2189 1431 2403 1484 domum
2439 1433 2688 1500 ingressi,
2734 1431 3025 1486 Maximum
3076 1433 3440 1502 patriarcham

1863 1517 2161 1582 ordinant,
2247 1519 2498 1587 quamvis
2565 1521 2698 1574 nihil
2768 1521 2816 1574 ei
2874 1521 3077 1588 profuit
3141 1507 3444 1578 istiusmodi

1866 1606 2200 1675 improbitas,
2257 1622 2357 1661 nec
2405 1607 2694 1676 quidquam
2751 1607 2894 1661 enim
2945 1609 3206 1676 perlicere
3255 1619 3443 1677 potue-

1866 1711 2010 1755 runt.
2101 1700 2388 1757 Hominem
2451 1703 2654 1770 igitur,
2715 1704 2962 1756 secundm
3017 1703 3208 1774 synodi
3272 1708 3445 1761 sancti

1867 1789 2053 1846 Patres
2085 1791 2186 1845 hoc
2218 1805 2428 1846 canone
2454 1801 2734 1856 notavere,
2770 1805 2870 1844 nec
2898 1791 3209 1861 episcOpum
3247 1794 3444 1848 factum

1865 1880 2031 1935 fuisse
2079 1889 2173 1934 aut
2228 1896 2371 1945 esse,
2425 1881 2733 1935 ordinatum
2778 1882 2978 1950 quippe
3031 1890 3221 1937 contra
3278 1883 3446 1955 leges.

1872 1987 1972 2027 nec
2025 1973 2222 2041 quibus
2259 1972 2479 2026 ordines
2527 1970 2864 2037 contulisset,
2909 1973 2961 2024 in
2998 1971 3316 2028 clericorum
3349 1991 3446 2029 nu.

1871 2080 2023 2120 mero
2068 2066 2345 2120 habendos
2393 2080 2513 2120 esse
2566 2065 2848 2119 definiunt.
2935 2065 3192 2120 Etuudem
3241 2079 3446 2136 postea.

1873 2172 1994 2211 cum
2037 2159 2106 2211 ali
2146 2157 2484 2226 Apollinario
2531 2157 2749 2211 stetisse
2790 2155 3061 2223 cognitum
3112 2165 3279 2224 esset,
3312 2173 3442 2212 ana-

168 2247 413 2302 themate
473 2249 822 2305 damnavere.
859 2249 937 2305 Ac
987 2251 1148 2319 hujus
1193 2249 1413 2319 quidem
1467 2249 1740 2317 hominis,
1780 2252 1925 2320 apud
1973 2250 2325 2322 Theologum,
2379 2251 2433 2305 in
2494 2252 2581 2316 iis,
2624 2266 2760 2320 quas
2804 2251 3044 2308 Ecclesia
3084 2267 3189 2306 non
3239 2251 3447 2307 recitat'

167 2334 544 2403 Orationibus,
575 2339 902 2393 mentionem
927 2338 1121 2394 alicubi
1154 2339 1352 2394 factam
1390 2341 1648 2407 reperias.

169 2431 396 2484 ΔΡῙΣΤ.
426 2431 742 2499 Μάξιμοςό
764 2433 1024 2498 Κυνικὸς
1050 2432 1170 2486 τῶν
1191 2433 1542 2486 ἐπισκόπων
1573 2433 1760 2486 ἀλλό-

241 2537 441 2588 τριος·
466 2523 562 2576 καὶ
579 2522 738 2590 ἄπας
767 2525 1024 2592 ἀνίερος,
1053 2527 1122 2590 ὃς
1141 2525 1352 2590 ἐκείνῳ
1368 2525 1758 2594 κεκλήρωται.

240 2610 372 2664 Ὅτι
407 2628 511 2681 περ
543 2604 699 2676 οὗτος
741 2614 840 2682 τὴν
905 2613 1240 2683 Ἐκκλησίαν
1290 2614 1592 2684 ὲσπάραξε,
1655 2615 1750 2667 καὶ

174 2704 427 2775 ταραχῆς
459 2704 633 2774 αὐτὴν
661 2706 756 2756 καὶ
787 2704 1024 2774 θορύϐου
1048 2703 1341 2774 ἐνέπλησε,
1397 2704 1561 2766 λύκος
1633 2703 1759 2756 ἀντὶ

173 2798 443 2865 ποιμένος
471 2797 784 2865 όφθε“ις,καὶ
815 2798 994 2851 πάντα
1029 2795 1333 2866 συγχωρῶν
1361 2795 1596 2865 ἑτοίμως
1644 2797 1761 2858 τοῖς

172 2886 494 2952 πταίουσιν,
530 2887 672 2957 ὑπὲρ
703 2889 823 2950 ἑνὸς
848 2887 943 2940 τοῦ
1003 2887 1223 2942 ἀσεϐεῖν
1271 2889 1329 2940 ὲν
1369 2891 1482 2950 τοῖς
1526 2886 1763 2956 δόγμασι

173 2980 320 3032 κατὰ
346 2980 441 3031 τὸν
467 2979 643 3048 μέγαν
673 2980 731 3032 ὲν
775 2980 1029 3049 θεολογίᾳ
1073 2980 1400 3051 Γρηγὸριον.
1457 2979 1762 3050 ’Δλλότριος

174 3066 268 3120 νῦν
301 3071 398 3120 καὶ
421 3070 450 3118 ὁ
483 3068 736 3137 Μάξιμος
773 3061 930 3131 οὗτος
963 3068 1072 3120 τῶν
1101 3068 1420 3121 ἐπισκόπων
1455 3067 1635 3134 ἔσται,
1665 3067 1762 3120 καὶ

1859 2435 2380 2508 ARIST.|Maximut
2405 2436 2629 2506 Cynicus
2649 2437 2712 2489 ab
2734 2437 2985 2506 episcopis
3007 2437 3229 2503 alienus,
3248 2445 3296 2490 et
3313 2437 3426 2502 qui‘

1914 2532 2030 2599 quis
2048 2531 2111 2583 ab
2142 2546 2202 2583 eo
2221 2534 2273 2582 in
2291 2529 2488 2582 clerum
2505 2529 2798 2596 adscriptae
2816 2537 2914 2594 est,
2936 2529 3194 2598 profanus
3215 2529 3448 2583 habetur.

1916 2622 2184 2687 Quoniam
2231 2621 2321 2674 hic
2372 2619 2671 2675 Eeclesiam
2707 2622 3044 2685 dilaceravit,
3082 2637 3309 2691 eamque
3335 2637 3448 2690 per-

1863 2713 2174 2767 turbatione
2202 2722 2256 2766 et
2289 2713 2521 2767 tumultu
2576 2714 2843 2782 implevit,
2893 2714 3051 2783 lupus
3102 2730 3200 2784 pro
3235 2725 3450 2784 pastore

1867 2806 2042 2868 visus,
2089 2817 2144 2859 et
2175 2808 2353 2860 omnia
2396 2806 2793 2862 oﬂ‘endentibus
2835 2817 3086 2878 prompte
3132 2809 3450 2870 concedens.

1871 2915 1937 2956 eo
1988 2901 2165 2956 solum
2222 2901 2365 2970 quod
2404 2903 2456 2955 in
2497 2903 2764 2972 dogmatis
2819 2903 3017 2973 impius
3071 2905 3191 2972 fuit,
3251 2920 3450 2961 secun-

1869 2993 1998 3048 dum
2067 3009 2318 3062 magnum
2387 2991 2726 3063 Theologum
2792 2995 3139 3062 Gregorium.
3231 2997 3452 3050 Alienus

1870 3085 2054 3152 itaque
2087 3085 2154 3138 ab
2181 3086 2452 3154 episcopis
2478 3086 2583 3138 erit
2605 3084 2894 3150 Maximus,
2923 3095 2978 3139 et
3013 3086 3103 3156 qui
3131 3088 3198 3141 ab
3227 3100 3290 3141 eo
3317 3088 3433 3142 0rdi

177 3160 224 3211 al
260 3160 396 3229 παρ’
424 3160 591 3212 αὑτοῦ
621 3161 1117 3232 χειροτονηθέντες,
1138 3161 1196 3213 ὲν
1227 3159 1529 3231 οἱῳδήποτε
1562 3159 1762 3230 βαθμῷ

1871 3174 1980 3226 nati
2034 3173 2209 3238 fuere,
2265 3189 2589 3246 quocunque
2637 3178 2851 3230 tandem
2895 3174 3026 3230 cleri
3074 3175 3264 3245 gradu,
3314 3176 3451 3231 inter

174 3250 390 3320 ιιλήρου
430 3251 662 3322 ἀνίεροι.

783 3343 1024 3397 ΚΑΝΩΝ
1057 3345 1135 3397 E'.

174 3434 322 3500 Περὶ
354 3434 463 3488 τοῦ
492 3435 676 3502 τόμου
703 3434 821 3488 τῶν
848 3436 1108 3489 δυτικῶν
1140 3437 1239 3490 καί
1271 3437 1414 3503 τοὺς
1447 3417 1518 3491 ἐν
1547 3439 1773 3492 Ἀντιο-

244 3528 386 3595 χείᾳ
441 3527 856 3596 ἀπεδεξάμεθα
904 3528 1049 3594 τοὺς
1101 3529 1252 3597 μίαν
1326 3529 1774 3599 ὁμολογοῦντας

241 3617 502 3684 Πατρός,
556 3619 657 3672 καὶ
692 3619 852 3686 Υίοῦ,
885 3620 984 3673 καὶ
1037 3621 1213 3691 ἁγίου
1247 3625 1590 3691 Πνεύματος
1647 3624 1772 3676 θεό-

259 3726 416 3774 τητα
439 3711 573 3780 (76).

253 3802 459 3856 ΒΔΔΣ.
487 3803 598 3857 Καὶ
627 3797 784 3868 οὗτος
805 3805 834 3858 ὀ
858 3805 1038 3860 κανὼν
1065 3805 1231 3869 ίδικός
1261 3807 1433 3861 ἐστιν,
1469 3807 1771 3876 ’ἱστόρηται

176 3892 295 3964 γὰρ
323 3893 408 3946 ὅτι
439 3895 818 3959 Κωνστάντιος
846 3899 874 3950 ό
905 3896 1180 3966 βασιλεὺς,
1223 3899 1252 3950 ὁ
1280 3899 1395 3961 υίὸς
1446 3899 1541 3951 τοῦ
1577 3899 1767 3966 Μεγὰ-

177 3989 280 4037 λου
305 3985 755 4051 Κωνσταντίνου,
799 3988 1170 4058 ’Ᾱρειανίσας,
1201 3989 1432 4043 ἔσπευδε
1461 3989 1771 4058 ἀνατρέψαι

176 4076 287 4144 τὴν
319 4077 546 4147 πρώτην
579 4077 820 4133 σύνοδον.
840 4079 1049 4134 Μαθὼν
1105 4081 1163 4134 δὲ
1215 4080 1376 4136 τοῦτο
1445 4081 1707 4144 Κώνστας
1743 4085 1772 4136 ό

178 4167 421 4236 ἀδελφὸς
445 4169 634 4234 αὑτοῦ,
652 4173 762 4224 τῶν
786 4172 1062 4244 ἑσπερίων
1086 4174 1357 4244 κυριεύων
1390 4176 1595 4244 μερῶν,
1616 4174 1772 4244 ἠπεί-

179 4260 325 4330 λησε
361 4260 449 4313 διὰ
490 4263 723 4331 γραφῶν
744 4264 982 4333 πόλεμον
1002 4265 1080 4335 τῷ
1126 4265 1342 4334 ἁδελφῷ
1398 4266 1587 4332 αὑτοῦ,
1616 4269 1664 4318 εί
1694 4267 1771 4335 μὴ

180 4352 467 4404 παύσαιτο
494 4353 592 4426 τὴν
623 4354 793 4425 ὀρθὴν
823 4356 1007 4410 πίστιν
1049 4357 1319 4413 σαλεύειν.
1401 4359 1621 4422 Ἔδοξεν
1677 4358 1770 4412 οὖν

181 4446 298 4506 τοῖς
337 4444 624 4514 βασιλεῦσι
662 4448 940 4503 συνελθεῖν
967 4451 1026 4502 ἐν
1084 4451 1327 4522 Σαρδικῇ
1359 4451 1481 4522 ἦτοι
1507 4454 1574 4521 τῇ
1593 4453 1767 4520 Τρια-

1875 3264 2132 3332 profanos
2162 3263 2350 3317 habili.

2379 3353 2488 3424 92
2527 3352 2832 3409 CANON
2886 3353 2950 3406 v.

1875 3443 2028 3508 Quod
2072 3444 2140 3494 ad
2186 3443 2424 3496 volumen
2460 3447 2644 3498 attinet
2683 3443 3122 3509 Occidentalium,
3170 3446 3332 3499 etiam
3371 3462 3451 3500 eoa

1945 3536 2258 3602 suscipimus
2291 3537 2380 3600 qui
2412 3537 2703 3591 Antiochia:
2732 3553 2892 3589 unam
2929 3535 3107 3591 Patris
3154 3548 3202 3591 et
3249 3537 3376 3592 Filii
3408 3551 3451 3591 et

1944 3631 2112 3683 sancti
2140 3627 2370 3697 Spiritus
2404 3629 2668 3683 Dcitatem
2700 3629 3038 3695 conﬁtentur.

1945 3798 2140 3855 BALS.
2196 3798 2294 3853 llic
2317 3813 2533 3868 quoque
2563 3813 2734 3852 canon
2763 3806 2846 3852 est
2871 3799 3143 3867 specialis.
3189 3798 3246 3853 In
3275 3799 3450 3856 Histo-

1873 3893 1973 3948 riis
1995 3894 2137 3946 enim
2165 3893 2424 3961 scriptum
2445 3901 2549 3956 est,
2587 3893 2730 3960 quod
2755 3893 3051 3960 imperator
3078 3891 3452 3957 Constantius,

1872 3986 2048 4057 Magni
2085 3984 2426 4038 Constantini
2476 3983 2637 4047 filius,
2693 3983 2927 4040 Arianus
2969 3985 3167 4049 factus,
3223 3986 3452 4056 primam

1872 4081 2138 4151 synodum
2189 4087 2436 4132 evertere
2486 4086 2714 4130 conatus
2761 4086 2864 4131 est.
2935 4077 3069 4131 Cum
3122 4077 3226 4133 hoc
3273 4088 3453 4132 autem

1875 4170 2186 4225 rescivisset
2217 4168 2334 4237 ejus
2377 4166 2545 4220 frater
2575 4168 2862 4232 Constans,
2895 4167 2985 4236 qui
3019 4165 3453 4221 Occidentalibus

1873 4264 2120 4331 partibus
2177 4259 2582 4323 dominabatur,
2642 4258 2795 4312 fratri
2846 4275 2942 4312 suo
3000 4259 3197 4312 bellum
3258 4259 3453 4313 litteris-

1877 4357 2114 4410 minatus
2136 4360 2241 4414 est,
2277 4351 2379 4405 nisi
2406 4360 2608 4404 rectam
2630 4350 2786 4404 fidem
2812 4349 3134 4402 labefactare
3159 4349 3452 4404 desineret.

1875 4447 2058 4501 Visum
2094 4454 2176 4500 est
2211 4460 2340 4514 ergo
2372 4444 2811 4513 imperatoribus,
2845 4452 2903 4496 ut
2931 4443 3167 4497 Sardicm
3187 4458 3279 4496 seu
3303 4441 3454 4495 Tria-

181 4535 344 4610 δίτζῃ
377 4539 502 4601 τοὺς
538 4541 895 4607 ἐπισκόπους,
973 4545 1068 4594 καὶ
1145 4543 1588 4613 διαγνωμονῆσαι
1643 4545 1766 4614 περὶ

1880 4541 2038 4594 dilue
2072 4537 2310 4607 episcopi
2356 4535 2730 4598 convenirent,
2773 4543 2827 4588 et
2873 4534 2939 4587 de
2982 4533 3047 4586 iis
3099 4548 3218 4602 qua:
3265 4530 3454 4586 Nicmae

180 4629 299 4680 τῶν
322 4632 382 4681 ἐν
399 4629 605 4701 Nimia.
627 4632 1121 4702 δογματισθέντων.
1147 4635 1654 4704 Συναθροισθέντων
1677 4631 1771 4687 οὖν

1881 4635 2098 4688 decreta
2154 4640 2345 4695 erant,
2401 4629 2790 4698 disceptarent.
2875 4625 3231 4696 Congregatis
3276 4625 3455 4695 itaque

1393 4778 1594 4839 Guill.
1635 4775 1968 4854 Beveregii
1997 4781 2179 4834 notas.

267 4877 383 4941 (76)
412 4877 515 4929 Kal
563 4877 669 4931 τοῦ
715 4880 890 4947 ἁγίου
945 4881 1290 4947 Πνεύματος
1341 4882 1609 4945 θεότητα.
1658 4879 1784 4932 Post

183 4951 292 5001 ista
327 4947 513 4999 ultima
551 4949 709 5015 huth
741 4951 965 5002 eanonis
1008 4953 1172 5002 verba
1219 4951 1269 5001 in
1323 4950 1546 5003 Joannis
1593 4950 1782 5001 Aulio-

185 5017 355 5071 cheui
383 5018 607 5078 flullecl,
640 5037 762 5070 catt.
793 5020 874 5071 lit.
912 5019 1002 5084 36,
1035 5019 1148 5072 haec
1181 5021 1470 5082 adduntur,
1497 5022 1542 5070 oi
1570 5019 1625 5071 δὲ
1656 5035 1781 5069 συν-

183 5091 444 5147 silli-vra,
489 5089 984 5148 é:iexo::o£;sicw
1038 5084 1221 5141 οὗτοι¹
1284 5089 1589 5158 Νεκτάριος
1661 5089 1782 5139 έπε-

186 5174 404 5217 σκοπος
470 5159 1138 5221 Κωνσταντινουπὸλεως,
1188 5158 1453 5225 Τιμόθεος
1520 5158 1773 5223 Ἄλεξιν-

182 5231 383 5296 δρευς,
421 5229 513 5298 καί
574 5229 621 5278 οἱ
671 5227 846 5279 λοιποὶ
899 5229 1189 5283 ἐπίσκοποι
1229 5227 1325 5298 ρν’.
1367 5229 1518 5294 Quae,
1573 5228 1769 5292 fateor,

186 5301 358 5348 \‘t'l‘ltsi
391 5297 736 5350 διιΙιὶιιιιιοςυο
773 5300 1074 5361 videantur,
1135 5297 1450 5366 prmsenleul
1508 5314 1770 5352 cautmem

187 5385 217 5418 a
251 5370 496 5418 secunda
531 5369 765 5432 gt-uerali
794 5372 999 5438 synodo
1039 5370 1306 5420 satmilum
1375 5384 1520 5431 esse,
1577 5379 1768 5421 contra

186 5455 255 5490 ac
287 5452 316 5488 a
355 5438 512 5487 nobis
539 5451 806 5490 assertum
830 5437 934 5491 est.
1001 5437 1192 5490 Verum
1227 5441 1331 5491 iste
1389 5440 1768 5506 episcoporum

187 5507 487 5574 catalogus
521 5509 588 5559 ibi
622 5508 875 5560 Collocari
915 5510 1106 5576 potuit,
1162 5516 1443 5576 postquam
1481 5508 1567 5561 hic
1596 5524 1766 5561 canon

185 5585 431 5644 quatuor
461 5579 737 5644 pr:oriims
766 5578 1008 5646 adjectus
1044 5579 1224 5631 fuerit.
1251 5577 1314 5629 Et
1340 5587 1617 5645 prmterea,
1647 5593 1769 5630 eum

190 5649 438 5699 maxima
476 5665 596 5712 pars
633 5651 1029 5715 episcoporum,
1061 5651 1152 5716 qui
1182 5652 1231 5700 in
1256 5649 1491 5700 secunda
1530 5647 1768 5712 generali

186 5719 407 5784 synodo
462 5721 772 5785 congregati
831 5721 1059 5780 fuerant,
1111 5719 1232 5771 huic
1283 5720 1444 5770 etiam
1489 5719 1769 5772 coudemlo

196 5785 398 5840 talioni
467 5790 812 5851 interessent,
877 5789 1061 5841 iisdem
1113 5801 1326 5840 certum
1383 5788 1771 5856 quinquaginta

534 5889 802 5946 l‘arnoe.
843 5888 959 5946 (in.
1008 5889 1223 5946 CXXX
1243 5889 1371 5948 Vll.

1887 4876 2138 4931 Patribus
2173 4873 2274 4926 iste
2308 4888 2413 4925 non
2446 4871 2716 4923 immerito
2749 4869 3081 4924 altribttalur
3114 4887 3126 4922 :
3157 4869 3454 4936 praesertim

1887 4963 2011 5002 cum
2051 4947 2101 4997 in
2137 4944 2362 5009 epistola
2395 4944 2482 4994 illa
2511 4943 2792 5012 synodica,
2825 4956 2890 5012 ρει
2930 4955 3032 5007 qua
3082 4955 3320 5012 praesens
3369 4938 3454 4990 hic

1885 5031 2058 5070 canon
2082 5016 2394 5080 desumptus
2411 5009 2573 5066 nobis
2593 5012 2826 5075 videtur,
2851 5009 3059 5072 Patres,
3079 5011 3168 5078 qui
3189 5025 3307 5063 eam
3331 5023 3453 5080 cou-

1885 5088 2244 5152 scripserunt,
2267 5079 2469 5136 diserte
2493 5084 2674 5135 testati
2690 5080 2912 5152 fuerint,
2946 5095 3005 5133 se
3028 5082 3270 5152 eamdem
3294 5079 3455 5152 iidem

1887 5158 1938 5210 in
1958 5149 2290 5210 (et-umenica
2311 5152 2517 5221 synodo
2535 5151 2867 5219 prazcedente
2885 5164 3025 5202 anno
3045 5149 3262 5221 uberius
3279 5151 3453 5221 expli-

1887 5228 2090 5285 cuisse,
2125 5224 2234 5275 Καὶ
2267 5219 2351 5290 τῷ
2371 5221 2603 5290 πέρυσιν
2634 5222 2690 5273 ὲν
2721 5219 3261 5290 Κωσταντινουπρλει
3296 5219 3455 5290 Δ’παρὰ

1881 5296 1979 5364 τῆς
2010 5283 2712 5364 οἰκουμενικῆςᾴέκτεθέντι
2740 5290 2988 5364 συνόδου,
3022 5293 3078 5340 ἐν
3121 5283 3202 5364 οἷς
3252 5283 3455 5339 πλατύ-

1881 5360 2036 5434 τερον
2062 5364 2161 5434 τὴν
2194 5363 2374 5413 πίστιν
2394 5361 2856 5434 ιῦμολογήσομεν.
2890 5360 3024 5413 lliuc
3048 5360 3189 5411 enim
3216 5367 3454 5434 constat,

1881 5429 2096 5487 eosdem
2119 5429 2304 5485 fuisse
2329 5429 2645 5498 episeopos,
2669 5431 2759 5498 qui
2799 5441 3076 5498 sequente,
3115 5444 3178 5480 ac
3207 5429 3298 5495 qui
3327 5443 3456 5494 pra:-

1882 5506 2106 5558 eedente
2182 5517 2324 5554 anno
2382 5501 2851 5568 ConstantinOpoli
2927 5500 3239 5567 congregati
3307 5505 3452 5549 sunt.

1883 5573 2035 5628 Unde
2081 5575 2222 5639 quod
2271 5575 2322 5624 in
2361 5571 2527 5623 altera
2593 5571 2682 5623 illa
2740 5569 2946 5640 synodo
3006 5571 3284 5640 decretum
3346 5574 3453 5627 est,

1881 5645 2047 5712 priori
2079 5642 2334 5695 facillime
2389 5639 2779 5706 adscribatur,
2818 5656 2879 5692 ac
2908 5639 2961 5712 si
2983 5640 3048 5691 ab
3077 5639 3208 5706 ipsis
3239 5645 3455 5712 centum

1880 5707 2272 5782 quinquaginta
2303 5711 2595 5782 episcopis,
2621 5712 2673 5764 in
2698 5711 3036 5766 (ecumeuica
3083 5707 3289 5781 synodo
3331 5721 3454 5759 cou-

1882 5784 2138 5854 gregatis,
2177 5785 2459 5837 delinitqu
2494 5781 2702 5837 fuisset.
