4222 6460
754 451 853 506 3.55

2020 433 2295 493 THEQD.
2330 431 2733 493 BALSAMON

3918 421 4025 483 335

814 556 1174 630 πραγμάτων
1219 555 1379 619 τάξει
1456 549 1991 620 συκοφαντοῦντες
2058 551 2164 601 τόν
2228 550 2755 617 κατηγορούμενον
2825 547 3169 602 ἐπίσκοπον
3247 544 3615 615 ἐλεγχθεῒεν.
3669 541 3832 598 Eia}
3911 558 4029 607 τις,

813 651 1284 720 καταφρονήσας
1344 645 1463 699 τῶν
1518 644 1671 697 κατὰ
1735 642 1808 696 τὰ
1864 641 2329 710 προδηλωθέντα
2367 643 2759 710 δεδογμένων,
2835 640 3197 711 τολμήσειεν
3256 639 3294 707 ἣ
3343 636 3675 704 ,ϐασιλικὰς
3740 635 4032 702 ἐνοχλεῖν

814 746 1025 812 ἀκοὰς,
1088 744 1125 814 ἢ
1196 740 1535 814 κοσμικῶνΔ
1582 736 1896 805 ἀρχόντων
1941 733 2320 803 δικαστήρια,
2393 736 2433 804 ἢ
2497 735 2925 803 οὶκουμενικὴν
2987 733 3257 789 σύνοδον
3329 730 3697 800 ταράσσειν,

3789 729 4033 791 πάντας

782 812 1121 912 ,ἀτιμάσας
1174 836 1317 902 τοὺς
1372 833 1481 902 τῆς
1517 812 1898 897 ’διοικήσεως
1947 828 2352 896 ἐπισκόπους,
2382 833 2491 885 τὸν
2551 832 2828 886 τοιοῦτον
2896 832 2965 885 τὸ
3043 831 3297 900 πάμπαν
3342 832 3430 894 είς
3509 826 3875 895 κατηγορίαν
3945 824 4035 892 μὴ

815 934 967 991 εἶναι
996 933 1237 997 δεκτόν,
1264 932 1346 996 ὠς
1412 928 1866 996 καθυϐρίσαντα
1914 926 2058 993 τοὺς
2116 928 2404 993 κανόνας,
2452 928 2553 981 καὶ
2603 927 2719 997 τὴν
2775 926 3299 997 ἐκκλησιαστικὴν
3354 924 3787 993 λυμηνάμενον
3858 923 4037 975 εὐτα-

820 1033 855 1091 ιῖ
862 1032 983 1081 ίαν.

824 1120 1025 1178 BALS.
1072 1120 1204 1173 Nota
1254 1125 1579 1188 praesentem
1612 1129 1899 1177 canonem,
1944 1125 2167 1185 propter
2212 1114 2336 1169 illos

2516 1115 2713 1170 ΒΑΛΣ.
2762 1112 3080 1184 Σημείωσαι
3140 1109 3231 1162 τὸν
3298 1107 3545 1178 παρόντα
3602 1104 3807 1158 κανόνα
3866 1103 4039 1174 χάριν

756 1220 841 1289 qui
887 1218 1010 1270 lites
1045 1214 1339 1267 intendunt
1385 1210 1700 1264 crintinales
1729 1210 2008 1263 adversus
2050 1210 2337 1279 episc0pos

756 1325 805 1366 t-t
848 1311 1087 1377 reliquos
1125 1321 1190 1360 ex
1232 1305 1426 1358 ordine
1464 1302 1788 1357 sacerdotali
1825 1317 1840 1355 :
1887 1301 2009 1370 lege
2052 1302 2215 1355 etiam
2248 1316 2340 1355 ca-

756 1417 952 1457 nonem
990 1383 1092 1453 1'29
1125 1396 1314 1466 synodi
1353 1394 1827 1463 Carthagiqensis,
1862 1403 1914 1447 ct
1949 1394 2090 1461 leges
2134 1391 2186 1445 in
2220 1392 2338 1459 ejus

756 1493 1092 1562 expositimte
1122 1488 1384 1555 allegatas
1422 1504 1435 1539 :
1470 1499 1529 1538 ac
1566 1500 1629 1538 ex
1671 1485 1774 1538 hoc
1802 1498 2011 1537 canone
2046 1493 2101 1536 et
2128 1496 2191 1536 ex
2230 1482 2340 1536 illis

757 1588 930 1640 discas
994 1583 1214 1650 quinam
1264 1576 1655 1646 prohibeantur
1704 1574 2024 1629 criminales
2098 1574 2340 1629 actiones

759 1678 1015 1731 adversus
1046 1686 1160 1735 eos,
1203 1670 1293 1739 qui
1327 1668 1502 1722 sacris
1531 1666 1817 1721 ordinilms
1850 1666 2049 1719 initiati
2078 1673 2227 1728 sunt,
2257 1665 2344 1719 in-

758 1780 990 1825 tentare.
1036 1765 1155 1820 Non
1186 1762 1418 1819 cessavit
1456 1776 1693 1829 unquam
1730 1759 1986 1814 inimicus
2016 1769 2203 1813 noster
2236 1758 2341 1812 Sa-

759 1874 869 1923 tan,
899 1862 1163 1911 bonorum
1194 1853 1471 1907 hominum
1502 1850 1994 1912 existimationem,
2025 1857 2080 1904 et
2105 1848 2343 1903 maxime

760 1954 1158 2023 episcoporum,
1191 1962 1287 2017 per
1311 1944 1639 1999 calumniam
1673 1941 1933 2013 polluere.
1966 1940 2033 1996 Et
2056 1950 2345 2010 propterea

761 2042 868 2114 94
887 2039 1211 2094 deﬁnierunt
1228 2034 1437 2098 Patres,
1463 2033 1709 2103 quemvis
1732 2033 2027 2096 hominem,
2050 2034 2163 2087 sive
2193 2032 2347 2086 bona:

760 2136 834 2189 sit
875 2127 1326 2190 existimationis,
1360 2124 1475 2178 sive
1510 2124 1729 2178 infamis
1751 2162 1765 2184 ,
1796 2123 1973 2177 ﬁdelis
1999 2133 2055 2177 et
2089 2122 2347 2188 inﬁdelis,

761 2226 1022 2295 privatam
1081 2221 1300 2291 quidem
1354 2232 1599 2280 causam,
1660 2218 1762 2271 hoc
1811 2224 1915 2281 est,
1971 2215 2345 2285 pecuniariam

762 2322 1022 2375 adversus
1069 2318 1385 2385 episc0pnm
1433 2313 1722 2366 habentem
1759 2312 1997 2373 admitti,
2030 2319 2084 2365 et
2127 2326 2248 2365 cum
2283 2325 2349 2363 co

763 2420 810 2467 tu
859 2410 1065 2481 judicio
1111 2406 1456 2463 convenienti
1508 2405 1739 2475 litigare.
1789 2403 1893 2459 Pro
1944 2418 2110 2458 causa
2167 2413 2347 2456 autent

2439 1210 2549 1263 τῶν
2580 1208 2908 1262 ἐνιστάντων
2950 1203 3338 1273 ἐγκληματικὰ
3368 1201 3700 1269 δικαστήρια
3733 1198 3881 1251 κατὰ
3924 1199 4039 1249 τῶν

2440 1301 2759 1354 ἐπισκόπων
2808 1298 2905 1352 καὶ
2952 1296 3160 1349 λοιπῶν
3207 1294 3564 1363 ἱερωμένων·
3599 1289 3880 1358 ἀνάγνωθι
3937 1289 4038 1341 καὶ

2440 1392 2533 1444 τὸν
2596 1389 2711 1458 ρκθ⁹
2761 1388 2968 1442 κανόνα
3019 1386 3118 1457 τῆς
3173 1387 3231 1439 ἐν
3286 1384 3619 1455 Καρθαγένῃ
3669 1382 3897 1435 συνόδου
3937 1383 4039 1433 καὶ

2440 1484 2570 1548 τοὺς
2605 1485 2686 1545 εἰς
2713 1482 2813 1553 τὴν
2836 1480 3139 1552 ἑρμηνείαν
3186 1479 3354 1532 αὑτοῦ
3398 1476 3903 1547 καταστρωθέντας
3938 1474 4033 1525 νό-

2447 1592 2615 1647 μους’
2656 1577 2751 1629 καὶ
2796 1574 2988 1645 μάθοις
3016 1575 3079 1626 ἐκ
3112 1570 3207 1625 τοῦ
3257 1571 3530 1641 παρόντος
3577 1569 3804 1632 κανόνος
3842 1568 3941 1621 καὶ
3976 1566 4038 1629 ἐξ

2444 1668 2671 1721 ἐκείνων
2697 1666 2843 1728 τίνες
2866 1664 3174 1719 κωλύονται
3210 1662 3514 1733 γυμνάζειν
3540 1662 3682 1714 κατὰ
3708 1658 4039 1730 ἱερωμένων

2446 1760 2865 1831 ἐγκληματικὰς
2900 1759 3146 1828 ἀγωγάς.
3180 1757 3297 1811 Οὐκ
3339 1754 3617 1808 ἐπαύσατό
3647 1771 3782 1806 ποτε
3812 1754 3840 1806 ό
3869 1752 4043 1804 πολέ-

2451 1872 2572 1925 μιος
2608 1854 2766 1924 ἡμῶν
2801 1852 3048 1913 Σατανᾶς
3076 1851 3166 1904 διὰ
3222 1849 3593 1917 συκοφαντίας
3637 1847 3889 1918 μολύνων
3941 1848 4043 1923 τᾲς

2449 1947 2750 2018 ὑπολήψεις
2786 1946 2894 1999 τῶν
2918 1944 3144 2014 ἀγαθῶν
3174 1942 3505 2014 ἀνθρώπων,
3545 1943 3641 1994 καὶ
3686 1941 3895 2011 μᾶλλον
3928 1941 4031 1992 τῶν

2449 2042 2789 2094 ἐπισκόπων.
2818 2038 2931 2092 Καὶ
2963 2036 3053 2090 διὰ
3091 2035 3250 2090 τοῦτο
3278 2036 3489 2107 ὥρισαν
3513 2035 3563 2088 οἱ
3588 2035 3835 2103 Πατέρες
3860 2033 4046 2085 πάντα

2450 2133 2737 2203 ἄνθρωπον
2779 2130 2998 2199 ἔντιμον
3028 2129 3125 2182 καὶ
3150 2129 3369 2198 ἄτιμον,
3405 2127 3597 2180 πιστὸν
3646 2127 3741 2179 καὶ
3777 2126 4043 2186 ἄπιστον,

2454 2226 2733 2295 ἰδιωτικὴν
2764 2224 2864 2294 μὲν
2892 2223 3173 2287 ὑπόθεσιν,
3205 2222 3455 2276 τουτέστι
3487 2222 3851 2292 χρηματικὴν
3902 2222 4050 2273 κατὰ

2453 2320 2757 2372 ἐπισκόπου
2815 2317 3027 2387 ἔχοντα,
3094 2314 3497 2386 προσδέχεσθαι
3553 2315 3649 2368 καὶ
3713 2314 4049 2377 δικάζεσθαι

2457 2410 2609 2481 παρὰ
2641 2410 2718 2481 τῷ
2780 2410 3079 2481 προσφόρῳ
3130 2409 3491 2478 δικαστηρίῳ.
3543 2409 3719 2477 Χάριν
3746 2409 3806 2463 δὲ
3843 2410 4048 2478 ἐγκλη-

764 2500 1027 2557 criminali
1054 2542 1067 2566 ,
1107 2499 1189 2553 vel
1240 2510 1564 2567 quacunque
1605 2482 1973 2549 ecclesiastica
2023 2495 2340 2561 quaestione,

2467 2507 2695 2576 ματικῆς
2747 2504 3061 2567 ὑποθέσεως
3106 2503 3139 2573 ἦ
3198 2502 3658 2570 ἐκκλησιαστικοῦ
3710 2504 4050 2574 οἱουδήτινος

766 2611 880 2665 ηιιιιιι
925 2593 1341 2663 depositionem,
1376 2589 1455 2642 vel
1500 2589 1663 2642 etiam
1703 2601 1920 2657 pennam
1958 2588 2214 2656 episc0po
2261 2585 2348 2639 in~

765 2690 934 2753 :lucil,
977 2702 1098 2741 eum
1138 2698 1246 2738 non
1297 2682 1457 2735 aliter
1489 2681 1653 2742 trahi,
1694 2695 1857 2749 quam
1910 2680 1953 2737 si
2010 2678 2351 2733 accusatoris

765 2794 994 2846 persona
1060 2776 1211 2847 prius
1266 2774 1574 2827 examinata
1627 2769 1813 2824 fuerit.
1866 2768 2153 2823 llzereticis
2204 2768 2350 2821 enim

766 2872 913 2923 ttttlln
979 2868 1138 2921 modo
1183 2866 1509 2936 permissum
1555 2874 1639 2917 est
1693 2865 2009 2931 episcopum
2065 2875 2349 2913 accusare.

767 2961 1012 3030 Snparati
1044 2968 1244 3019 antem,
1280 2956 1360 3009 vel
1392 2956 1482 3024 qui
1517 2965 1643 3009 sunt
1671 2956 1836 3007 etiam
1863 2953 2353 3023 quomodocunque

767 3055 912 3120 prius
938 3048 1205 3110 accusati,
1238 3061 1343 3099 non
1371 3053 1600 3113 possunt
1635 3042 1897 3095 adversus
1926 3043 2239 3108 episcopum
2272 3039 2352 3092 vel

768 3146 1027 3198 clericum
1062 3138 1460 3193 accusationem
1488 3136 1792 3199 instituere,
1821 3133 1919 3186 nisi
1948 3133 2095 3201 prius
2121 3131 2350 3198 seipsos,

768 3252 950 3291 eorum
1000 3248 1121 3303 qua:
1154 3231 1233 3285 eis
1279 3228 1635 3296 objiciuntur,
1688 3227 1932 3280 insontes
1984 3223 2352 3278 ostenderint.

769 3338 844 3389 Ac
887 3333 1014 3386 licet
1066 3329 1134 3385 sit
1188 3328 1313 3382 talis
1360 3334 1668 3387 accusator,
1718 3338 1825 3376 non
1875 3319 2199 3388 simpliciter
2257 3332 2357 3371 nec

769 3439 975 3481 temere
1002 3422 1115 3476 vult
1150 3435 1346 3482 canon,
1375 3417 1660 3482 clericum,
1686 3415 1769 3467 vel
1806 3414 2120 3483 episcopum
2156 3410 2299 3464 trahi
2342 3425 2357 3463 :

769 3520 861 3575 sed
910 3532 1032 3571 cum
1069 3515 1215 3568 onmi
1258 3512 1496 3580 legitima
1534 3508 1942 3569 observatione,
1989 3516 2042 3558 et
2088 3520 2184 3574 per
2216 3504 2361 3558 scri-

770 3623 1005 3681 pturazn,
1057 3606 1138 3661 vel
1192 3603 1590 3675 depositionem
1651 3599 2007 3664 accusatoris,
2060 3614 2179 3669 quae
2231 3613 2356 3653 eum

770 3705 943 3759 eidem
996 3715 1169 3769 ptenzc
1213 3695 1489 3762 subjiciat,
1540 3694 1641 3748 nisi
1697 3693 1928 3754 crimen,
1979 3690 2129 3757 cujus
2180 3689 2357 3755 ipsum

2456 2595 2776 2665 ζητήματος
2825 2594 3214 2665 καθαίρεσινῆ
3281 2595 3375 2647 καὶ
3420 2597 3697 2664 ἐπιτίμιον
3744 2597 4056 2664 ἐπάγοντος

2454 2687 2531 2757 τῷ
2581 2687 2869 2755 ἐπισκόπῳ
2934 2685 3008 2757 μὴ
3050 2685 3226 2750 ἄλλως
3282 2686 3473 2739 τοῦτον
3534 2687 3817 2752 ἕλκεσθαι,
3852 2690 3905 2741 εἰ
3978 2690 4051 2757 μὴ

2456 2778 2725 2849 πρότερον
2779 2776 3040 2846 ἐξετασθῇ
3094 2777 3155 2829 τὸ
3204 2776 3502 2846 πρόσωπον
3559 2778 3653 2831 τοῦ
3708 2780 4053 2849 κατηγόρου.

2457 2872 2583 2934 Ἱόῖς
2633 2871 2743 2939 γὰρ
2794 2871 3097 2940 αἱρετικοίς
3120 2870 3227 2923 οὐδ’
3258 2872 3397 2933 ὅλως
3451 2871 3670 2938 ἐνεδόθη
3717 2874 4059 2941 κατηγορεῖν

2459 2964 2783 3017 ἐπισκόπου.
2836 2964 2897 3015 Οἱ
2945 2963 3000 3015 δέ
3033 2963 3436 3032 ἀφωρισμένοι,
3478 2962 3508 3032 ῆ
3549 2963 3642 3016 καὶ
3696 2980 4058 3033 προκατηγο-

2462 3056 2720 3126 ρηθέντες
2751 3055 3137 3123 ὁπωσδήποτε,
3167 3057 3225 3109 οὑ
3259 3056 3523 3109 δύνανται
3568 3056 3711 3109 κατά
3746 3056 4055 3108 ἐπισκόπου

2460 3148 2806 3222 ἢκληρικοῦ
2863 3150 3206 3219 κατηγορίαν
3273 3150 3540 3215 εἰσάγειν,
3594 3149 3640 3200 εί
3694 3150 3769 3217 μὴ
3825 3150 4062 3209 ἑαυτοὺς

2460 3241 2763 3295 comma:
2804 3243 2902 3310 τῆς
2950 3239 3320 3309 κατηγορίας.
3350 3240 3461 3294 Καὶ
3506 3240 3601 3293 τοῦ
3649 3240 3974 3309 κατηγόρου
4006 3240 4062 3292 δὲ

2460 3333 2709 3388 τοιούτου
2768 3333 3069 3402 ὄντος,οὑχ
3134 3331 3324 3393 ἁπλῶς
3372 3332 3469 3384 καὶ
3504 3331 3577 3393 ὡς
3637 3331 3801 3401 ἔτυχε
3838 3330 3989 3384 θέλει
4034 3332 4062 3381 ό

2464 3427 2645 3480 κανὼν
2672 3427 2762 3479 τὸν
2792 3426 3055 3496 κληρικὸν
3088 3424 3119 3494 ἢ
3156 3425 3247 3478 τον
3280 3424 3585 3478 ἐπίσκοπον
3609 3424 3901 3489 ἕλκεσθαι,
3920 3426 4059 3477 ἀλλὰ

2467 3519 2605 3590 μετὰ
2634 3518 2815 3588 πάσης
2850 3516 3085 3587 νομικῆς
3117 3517 3587 3586 παρατηρήσεως,
3614 3515 3709 3567 καὶ
3731 3515 3823 3567 διὰ
3847 3516 4063 3585 ἐγγρα-

2466 3610 2572 3678 φῆς
2602 3609 2722 3678 ἦτοι
2775 3606 2865 3660 διὰ
2911 3606 3262 3669 καταθέσεως
3310 3606 3405 3660 τοῦ
3445 3605 3757 3677 κατηγόρου
3813 3607 4063 3659 καθυποο

2470 3699 2771 3768 ϐαλλούσης
2808 3699 2997 3752 τοῦτον
3026 3702 3084 3770 τῇ
3117 3697 3513 3770 ταυτοπαθείᾳ,
3544 3700 3593 3751 εί
3633 3699 3707 3769 μὴ
3742 3698 3803 3751 τὸ
3829 3700 4063 3765 εἰσαγό-

771 3794 1077 3855 insimulat,
1131 3787 1465 3860 probaverit.
1507 3783 1613 3839 Sed
1646 3792 1695 3838 et
1745 3783 1985 3853 episcopi
2030 3783 2145 3836 sive
2176 3780 2360 3836 clerici

2474 3811 2634 3865 μενον
2671 3792 2803 3862 παρ’
2838 3792 3004 3845 αὑτοῦ
3037 3792 3294 3862 ἔγκλημα
3317 3791 3633 3858 ἀποδείξειο
3670 3791 3811 3845 ἀλλὰ
3842 3792 3943 3844 καὶ
3970 3794 4071 3860 τὴν

772 3888 1204 3947 accusationem,
1252 3881 1489 3952 primum
1534 3878 1752 3947 quidem
1797 3877 1940 3946 apud
1984 3874 2356 3944 metropolita-

773 3996 900 4035 num
933 3978 1124 4048 agitari
1164 3993 1177 4028 :
1206 3975 1250 4028 si
1286 3982 1466 4027 autem
1502 3986 1607 4024 non
1652 3970 1821 4038 possit
1855 3968 2093 4039 regionis
2124 3966 2365 4037 synodus

774 4086 993 4125 causam
1047 4067 1281 4127 solvere,
1329 4075 1478 4127 tunc,
1537 4063 1733 4130 inquit.
1784 4076 1903 4114 eam
1954 4060 2138 4113 audiet
2192 4058 2367 4128 major

776 4160 1040 4231 synodus.
1074 4156 1211 4209 Eum
1254 4164 1435 4207 autem
1468 4151 1557 4220 qni
1598 4160 1797 4220 praeter
1831 4150 1947 4203 haec
1993 4149 2145 4212 facit,
2182 4156 2236 4199 et
2281 4148 2365 4199 vel

780 4256 843 4308 ad
881 4255 1260 4320 imperatorem
1300 4246 1527 4308 accedit,
1564 4243 1649 4297 vel
1696 4244 1762 4299 ad
1810 4242 2090 4297 smenlaria
2132 4240 2363 4311 judicia,

778 4348 859 4401 vel
904 4346 968 4399 ad
1010 4339 1372 4394 universalem
1404 4336 1692 4407 synodum,
1724 4351 1828 4387 non
1869 4348 1990 4388 esse
2030 4334 2097 4386 ad
2145 4348 2371 4387 accusa—

780 4444 980 4493 tionem
1010 4432 1425 4494 admittendum,
1454 4437 1513 4482 ut
1546 4429 1636 4497 qui
1667 4425 2123 4493 canonesinjuria
2153 4424 2371 4488 alliciat,

779 4544 832 4588 ct
879 4525 1311 4585 ecclesiasticum
1361 4522 1608 4575 ordinem
1646 4527 1943 4588 pervertat.
1979 4517 2229 4572 Privatas
2269 4533 2369 4571 au-

783 4637 888 4678 tem
927 4617 1228 4687 nominavit
1258 4628 1429 4668 canon
1464 4610 1810 4681 pecuniarias
1840 4624 2054 4672 causas,
2084 4608 2151 4663 ad
2182 4607 2373 4661 crimi-

784 4718 987 4774 nalium
1020 4708 1405 4770 dilfetentiam,
1439 4719 1559 4773 qua:
1585 4701 1803 4773 quidem
1832 4700 2061 4769 publica:
2093 4698 2373 4761 dicuntur,

786 4824 844 4867 ut
872 4824 991 4879 qua:
1023 4808 1087 4860 ab
1112 4802 1386 4864 omnibus,
1410 4799 1499 4870 qui
1525 4807 1735 4853 suntex
1765 4797 1986 4867 populo,
2016 4804 2372 4848 moveantur:

787 4904 929 4975 quod
962 4915 1069 4954 non
1118 4906 1203 4951 est
1246 4895 1299 4947 in
1348 4891 1528 4946 causis
1562 4888 1915 4960 pecuniariis.
1968 4888 2014 4941 ls
2047 4888 2189 4941 enim
2232 4886 2378 4941 solus

787 5014 883 5053 cas
910 5001 1113 5055 movet,
1154 4987 1310 5055 cujus
1346 4986 1591 5039 interest.
1626 4982 1762 5036 Cum
1811 4992 1994 5035 autem
2044 4981 2199 5034 audis
2244 4996 2379 5049 prae-

2472 3884 2817 3953 κατηγορίαν
2859 3882 2953 3935 τοῦ
2985 3883 3293 3935 ἐπισκόπου
3326 3882 3358 3951 ἢ
3391 3882 3486 3934 τοῦ
3537 3880 3806 3953 κληρικοῦ
3843 3883 4072 3952 πρῶτον

2472 3975 2628 4046 παρὰ
2678 3975 2757 4044 τῷ
2808 3973 3188 4045 μητροπολίτῃ
3220 3972 3470 4042 γίνεσθαι
3498 3989 3513 4004 ⁸
3550 3975 3600 4026 εἰ
3646 3974 3701 4026 δὲ
3746 3974 3806 4026 οὑ
3858 3974 4072 4044 δυνηθῇ

2472 4070 2505 4137 ή
2546 4066 2818 4139 ἐγχώριος
2863 4066 3085 4128 σύνοδος
3114 4065 3276 4119 λῦσαι
3315 4066 3416 4135 τὴν
3448 4066 3730 4127 ὑπόθεσιν,
3765 4067 3919 4129 τότε,
3965 4085 4073 4135 φη-

2476 4162 2598 4225 σὶν,
2640 4160 2977 4231 ἁκροάσεται
3019 4158 3228 4229 ταύτης
3279 4159 3485 4227 μείζων
3548 4157 3791 4220 σύνοδος.
3862 4161 3973 4213 Τὸν
4021 4160 4079 4214 δέ

2476 4253 2627 4325 παρὰ
2656 4252 2827 4306 ταῦτα
2857 4250 3141 4317 ποιοῦντα,
3171 4252 3264 4306 καὶ
3295 4251 3327 4321 ἢ
3357 4249 3575 4321 βασιλεῖ
3602 4252 4085 4321 προσερχόμενον,

2480 4346 2828 4415 ἣκοσμικοϊς
2875 4345 3160 4413 ἄρχουσιν,
3198 4342 3231 4413 ἢ
3266 4344 3629 4413 οίκουμενικῇ
3666 4343 3897 4410 συνόδῳ,
3930 4346 4086 4421 ἀτταο⁴

2483 4438 2741 4510 ράδεκτον
2793 4439 2873 4500 είς
2931 4436 3272 4507 κατηγορίαν
3303 4430 3467 4496 εἶναι,
3511 4435 3587 4497 ὡς
3632 4434 3911 4506 ὑϐριστὴν
3968 4437 4080 4489 τῶν

2483 4530 2726 4583 κανόνων
2756 4530 2850 4582 καὶ
2875 4528 2975 4598 τῆς
3001 4529 3475 4597 ἐκκλησιαστικῆς
3496 4528 3757 4593 εὐταξίας
3782 4529 4076 4599 λυμεῶνα.

2497 4620 2798 4684 Ἰὂιωτικὰς
2838 4619 2895 4672 δέ
2934 4617 3222 4690 ὠνόμασεν
3265 4621 3293 4672 ό
3344 4617 3526 4672 κανὼν
3562 4619 3663 4682 τὰς
3714 4624 4081 4690 χρηματικὰς

2491 4713 2779 4776 ὑποθέσεις
2823 4711 2961 4781 πρὸς
3012 4711 3423 4783 ὰντιδιαστολὴν
3472 4711 3583 4766 τῶν
3617 4700 4083 4782 ἐγκληματικῶν,

2489 4804 2695 4865 αἵτινες
2757 4803 3014 4873 δημόσιαι
3072 4802 3348 4871 λέγονται,
3400 4802 3477 4865 ὡς
3538 4804 3868 4871 κινούμεναι
3936 4806 4082 4875 παρὰ

2489 4898 2693 4960 παντὸς
2726 4896 2836 4949 τῶν
2882 4896 2976 4949 τοῦ
3014 4896 3215 4967 δήμου,
3242 4896 3381 4965 ὅπερ
3426 4894 3525 4948 ἐπὶ
3567 4895 3678 4947 τῶν
3707 4900 4082 4965 χρηματικών

2488 4986 2725 5055 ἀγωγῶν
2778 4987 2878 5040 οὑκ
2930 4987 3069 5041 ἐστι.
3103 4986 3282 5049 Μόνος
3324 4985 3435 5056 γὰρ
3473 4987 3501 5040 ό
3528 4985 3670 5055 ἔχων
3724 4984 3786 5039 τὸ
3817 4985 4083 5060 διαφέρον

2018 5121 2222 5183 Guill.
2257 5124 2600 5204 Beveregii
2633 5136 2828 5188 notae.

774 5265 855 5327 Et
886 5276 949 5314 es
986 5258 1225 5328 Epistula
1264 5255 1476 5308 Damasi
1529 5253 1703 5328 Γοιτωῂ
1747 5254 1809 5328 ad
1862 5252 2225 5328 Stephanum,
2280 5254 2381 5309 Ca-
2422 5262 2465 5318 D
2493 5257 2611 5328 quis
2648 5258 2846 5312 crimen
2894 5257 3143 5320 intendit,
3202 5272 3304 5309 non
3350 5256 3665 5326 impunitam
3704 5254 3822 5323 fore
3882 5257 4085 5309 noverit

796 5323 1110 5392 luntniator,
1138 5330 1181 5381 si
1214 5330 1265 5379 in
1302 5326 1640 5379 accusatione
1668 5323 1941 5394 defecerit,
2010 5326 2261 5379 talionem
2300 5343 2386 5379 re—

797 5404 993 5473 cipiat,
1017 5400 1148 5453 ibid.
1180 5397 1394 5473 cap.__2,
1420 5397 1512 5473 sed
1544 5396 1708 5473 verba
1756 5396 1868 5473 ipsa
1925 5396 2141 5449 Damasi
2177 5397 2389 5473 plenius

798 5465 878 5530 sic
913 5465 1259 5532 referuntur,
1286 5465 1428 5519 Nam
1458 5467 1735 5530 inscriptio
1759 5468 1929 5535 primo
1956 5483 2159 5534 semper
2190 5468 2309 5534 ﬁat,
2335 5477 2389 5519 ut

799 5547 1050 5598 tationem
1109 5539 1466 5593 calumniator
1522 5538 1763 5605 recipiat,
1824 5538 1947 5606 quia
2010 5548 2143 5589 ante
2203 5539 2392 5590 inscri-

798 5620 1037 5684 ptionem
1072 5627 1221 5684 nemo
1266 5609 1427 5684 debet
1466 5606 1710 5684 jutticari
1760 5609 1837 5661 vel
1879 5610 2149 5684 _damnari
2187 5624 2304 5660 cum
2338 5618 2385 5659 et

803 5678 1157 5753 Smrttliileges
1188 5681 1299 5733 Ita'c
1329 5681 1510 5753 eadem
1546 5680 1825 5753 retineant.
1879 5678 2113 5753 lbid._e.
2165 5679 2219 5740 4,
2258 5696 2312 5745 ιι,
2339 5678 2392 5742 ό,

803 5775 851 5811 (ξ.
884 5756 919 5808 2
980 5748 1099 5806 Il;t:c
1123 5753 1388 5806 habentur
1421 5751 1469 5802 in
1502 5761 1694 5817 quarta
1756 5749 1971 5802 Damasi
2017 5748 2256 5818 Epistula
2313 5753 2379 5801 ad

808 5826 1145 5893 Stephanum
1207 5824 1679 5893 axebiepiscnpnnt
1735 5836 1857 5893 cap.
1912 5820 1967 5873 7.
2022 5820 2161 5889 Lege
2216 5821 2383 5873 etiam

805 5890 949 5957 citili
976 5894 1247 5949 lloawrins
1278 5904 1329 5946 et
1362 5890 1704 5947 Theodosius
1734 5892 1811 5946 sic
1840 5900 2175 5960 statuerunt,
2227 5890 2386 5955 Quis-

2493 5325 2765 5380 licentiam
2823 5329 3136 5392 mentiendi,
3188 5343 3306 5380 cum
3358 5325 3753 5380 calumniantes
3794 5328 3871 5377 ad
3926 5329 4087 5381 vindi-

2490 5407 2630 5449 ctam
2658 5409 2838 5459 poscat
2873 5399 3172 5451 similitudo
3217 5398 3468 5465 supplicii
3492 5399 3530 5451 Ι.
3566 5414 3617 5462 κ,
3647 5412 3697 5452 c.
3742 5396 3821 5450 De
3882 5398 4084 5451 calnm-
4168 5438 4171 5441 .

2491 5471 2811 5521 uiatoribus.
2850 5470 3107 5533 Basilica,
3135 5472 3164 5521 ό
3194 5469 3486 5537 γινόμενος
3512 5467 3783 5537 προδότης
3812 5467 3926 5535 τῆς
3960 5469 4084 5527 ιδίας
4164 5484 4171 5529 λ

2496 5540 2835 5619 κατηγορίας
2875 5542 2971 5619 ἐπὶ
3004 5540 3274 5619 ποιναλίςρ
3310 5541 3647 5619 ἐγκλῄμαςτι,
3680 5539 3781 5619 τὴν
3806 5541 4084 5619 τιμωρίαν

2506 5608 2843 5675 ὑφίσταται,
2896 5610 2964 5679 ἢν
3005 5611 3033 5662 ὁ
3081 5610 3409 5679 ἐναγό;ιιενο;
3453 5609 3692 5679 ἤμελλεν
3752 5608 4082 5679 ὑποστῆναι.

2498 5680 2662 5733 Basil.
2699 5681 2733 5731 I.
2776 5695 2863 5742 ιχ,
2895 5678 2978 5733 ιιι.
3005 5679 3098 5745 9.6,
3136 5697 3187 5735 c.
3218 5680 3271 5733 6.
3318 5678 3449 5734 Vide
3476 5678 3641 5735 etiam
3674 5680 3933 5747 Dionysii
3992 5678 4083 5729 Gn-

2498 5750 2729 5804 thnl‘redi
2765 5766 2920 5805 notas
2943 5753 2994 5806 in
3021 5754 3058 5806 ι.
3094 5769 3187 5818 vn,
3219 5751 3276 5805 ιι.
3324 5749 3398 5805 De
3431 5750 3875 5805 accusationibus
3925 5761 3975 5804 et
4019 5754 4088 5799 iu-

2496 5822 2893 5889 smptionibus.

4164 5592 4171 5633 ί

4160 5638 4169 5863 1

4158 5868 4165 5929 |
