4222 6460
174 409 269 466 33⁷1

1328 414 1402 471 1N
1437 412 1607 471 CAN.
1647 411 1726 471 v1
1763 407 1971 471 coxo.
2003 413 2114 486 ce,
2167 414 2242 473 ιι.

3308 411 3415 477 338

172 518 373 580 ταύτας
439 522 595 571 κινεῖ.
649 521 888 575 ’Λκούων
946 524 1001 576 δὲ
1054 524 1147 577 τοῦ
1208 526 1474 597 παρόντος
1520 524 1742 583 κανόνος

1861 535 2058 577 ieutcut
2102 542 2391 590 eanonem,
2433 527 2727 587 dicentem,
2776 524 3064 579 hrcrctieus
3103 524 3263 577 etiam
3300 537 3415 582 eos.

174 609 426 675 λέγοντος
479 613 796 681 αἱρετικοῦς
854 617 948 667 καὶ
1000 617 1126 680 τοὺς
1176 618 1272 687 τὴν
1302 620 1487 670 πίστιν
1520 617 1616 683 μὲν
1648 616 1745 682 τὴν

175 703 303 770 ύγιῆ
344 707 852 775 προσποιουμένους
898 709 1201 777 ὁμολογεῖν,
1250 712 1654 778 ἀποσχίσαντας
1690 709 1746 759 δὲ

174 795 268 845 καὶ
327 799 863 865 ἁντισυναγαγόντας
909 802 1019 863 τοῖς
1074 805 1379 864 κανονικοῖς
1434 802 1589 870 ἡμῶν
1630 803 1748 851 ἐπι-

173 883 421 947 σιότοις,
466 885 540 953 μὴ
572 888 902 957 ὲναντιιυθῇς
939 888 1018 957 τῷ
1055 889 1098 958 β’
1133 891 1317 942 κανόνι
1370 889 1463 941 τοῦ
1516 889 1747 958 μεγάλου

177 976 465 1028 Βασιλείου
516 978 591 1047 μὴ
636 979 958 1048 ὀνομάζοντι
993 984 1307 1051 αἱρετικοὶις
1342 984 1470 1042 τοὺς
1518 998 1749 1051 σχισμα-

172 1069 383 1130 τικούς.
430 1070 572 1122 Ἀλλ’
613 1072 735 1124 είπὲ
768 1074 1009 1137 ἐκείνους
1041 1077 1167 1138 τοὺς
1193 1074 1588 1144 σχισματικοὶς
1628 1074 1749 1124 ὀνο-

174 1160 452 1229 μαζεσθαι
510 1162 615 1215 ὑπὸ
666 1164 762 1217 τοῦ
822 1165 1094 1234 παρόντος
1154 1166 1379 1229 κανόνος
1438 1165 1747 1233 αἱρετικοῦς

170 1252 299 1314 τοὺς
356 1253 839 1323 ἀλλοτριόφρονας,
871 1260 966 1311 καὶ
1019 1260 1161 1311 κατά
1217 1258 1585 1327 προσποίησιν
1652 1258 1750 1325 μὲν

171 1346 612 1415 όρθοεοξοῦντας,
640 1350 781 1401 κατὰ
812 1350 1076 1418 ἀλήθειαν
1110 1352 1166 1404 δὲ
1202 1350 1363 1410 ὄντας
1399 1349 1708 1416 αἱρετικούς
1733 1365 1745 1378 ⁸

170 1438 260 1489 τὸν
309 1439 369 1490 δὲ
401 1439 605 1492 κανόνα
658 1439 754 1492 τοῦ
806 1442 963 1508 ἁγίου
1024 1443 1310 1496 Βασιλείου
1364 1444 1492 1509 περὶ
1546 1442 1751 1509 ἑτέρων

170 1532 559 1598 σχισματικῶν
604 1532 900 1597 διδάσκειν,
949 1535 1058 1588 τῶν
1090 1536 1259 1590 όντων
1298 1537 1396 1605 μὲν
1448 1534 1751 1604 ὁρθοδόξων

170 1623 233 1690 τῇ
265 1622 637 1694 ἀ).ηθεέᾳ,διά
680 1626 738 1677 δέ
786 1644 903 1679 τινα
952 1628 1230 1696 πρόφασιν
1281 1624 1751 1697 ἐκκλησιαστικοῢ

168 1712 492 1784 ζητήματος
533 1716 947 1787 ἀποσχισάντων
979 1720 1211 1782 ἑαυτοὺς
1248 1720 1389 1773 κατά
1431 1720 1754 1784 ἀλαζονείαν

168 1805 277 1857 ἀπὸ
318 1808 422 1873 τῆς
453 1806 710 1878 ὁλότητος
739 1809 849 1861 τῶν
879 1810 1124 1877 ἀδελφῶν
1144 1826 1159 1841 ·
1211 1813 1305 1864 καὶ
1352 1812 1628 1879 ἀνάγνωθι
1661 1812 1753 1864 τὸν

166 1897 412 1963 ρηθέντα
438 1900 639 1953 κανόνα
666 1901 761 1952 τοῦ
794 1902 952 1969 ἁγίου
979 1904 1216 1973 Πατρός.
1260 1905 1395 1959 ’Λπδ
1434 1906 1621 1974 μέντοι
1656 1905 1753 1956 τοῦ

167 1989 492 2042 τελευταίου
529 1991 695 2060 ῥητοῦ
722 1993 816 2044 τοῦ
847 1994 1120 2063 παρόντος
1151 1996 1404 2059 κανόνος,
1433 1998 1529 2049 τού
1563 1996 1755 2063 λέγον-

166 2097 259 2145 τος
293 2083 681 2153 ἀπαράδεκτον
708 2086 787 2147 είς
821 2087 1158 2154 κατηγορίαν
1190 2082 1331 2141 εἶναι
1358 2088 1450 2141 τὸν
1482 2090 1632 2159 παρὰ
1664 2089 1755 2141 τὸν

167 2174 379 2225 κανόνα
428 2174 708 2237 ποιοῦντα,
739 2176 811 2235 ὡς
865 2177 1129 2247 ὑϐριστὴν
1157 2178 1265 2231 τῶν
1329 2180 1593 2245 κανόνων,
1630 2183 1756 2233 ἐπε-

154 2265 443 2334 ’χείρησαν
474 2268 650 2318 εἰπεῖν
691 2285 840 2330 τινες
882 2269 977 2321 καὶ
1030 2269 1226 2339 ἀτιμίᾳ
1277 2269 1465 2322 τοῦτον
1513 2270 1754 2323 καθυπο-

166 2356 487 2410 6αλλεσθαι.
533 2358 689 2427 Ἐμοὶ
725 2358 781 2411 δὲ
822 2360 971 2412 δοκεῖ
1002 2361 1110 2414 ἀπὸ
1157 2361 1351 2415 τούτου
1392 2364 1467 2433 μὴ
1499 2364 1756 2431 γενέσθαι

166 2448 261 2498 τὸν
282 2448 462 2511 οὕτως
508 2449 867 2513 ἀσυντάκτως
898 2452 1240 2520 ἐναγαγόντα
1292 2455 1477 2524 ἔνοχον
1524 2458 1588 2525 τῇ
1624 2459 1757 2525 περὶ

165 2539 392 2608 ὖὸρεως
432 2541 649 2609 ἀγωγῇ,
679 2541 821 2593 ὥστε
875 2543 1224 2615 ἁτιμωθῆναι
1256 2548 1406 2599 ’καὶ
1443 2549 1758 2611 ἀκολούθως

165 2629 599 2699 καθαιρεθῆναι,
628 2632 717 2685 ῑια
740 2632 828 2685 τὸν
855 2635 1054 2686 κανόνα
1078 2637 1169 2688 τὸν
1186 2636 1416 2705 λέγοντα
1442 2655 1455 2670 ο
1489 2640 1760 2706 Τὸφανε-

169 2723 271 2787 ρὸνι
336 2720 593 2789 βλάπτει,
627 2722 689 2773 τὸ
751 2724 1205 2792 ἐκτετυπωμένον
1246 2727 1306 2778 οὐ
1344 2727 1575 2793 βλάπτει
1606 2730 1754 2798 (78)*

166 2813 354 2875 ἄλλως
384 2813 440 2865 δέ
477 2832 591 2875 πως
644 2816 1095 2884 τιμωρηθήσεται
1153 2818 1295 2871 κατά
1343 2818 1405 2871 τὸ
1436 2819 1633 2873 δοκοῦν
1683 2819 1760 2889 τῷ

164 2904 477 2967 δικάζοντι.
514 2905 849 2958 Ἐπισκόπου
896 2906 952 2958 δέ
1009 2923 1155 2967 τινος
1204 2906 1556 2970 ἐλκυσθέντος
1600 2910 1761 2979 χάριν

165 2996 603 3064 ἐγκληματικῆς
630 2996 942 3060 ὑποθέσεως
983 2999 1063 3061 εἰς
1092 2999 1192 3070 τὴν
1225 3003 1281 3052 ὲν
1317 3003 1760 3070 Κωνσταντινου⁶

168 3087 333 3143 πόλει
383 3089 545 3154 ἀγίαν
600 3088 842 3151 σύνοδον,
892 3093 985 3144 καὶ
1046 3067 1388 3161 ζητνήσαντος
1445 3094 1545 3163 τὴν
1575 3067 1761 3162 κρίσιν

1848 618 1937 681 qui
1969 634 2149 669 sanant
2182 618 2339 671 [idem
2372 618 2620 672 cOuIiteri
2653 632 2760 685 pne.
2787 630 2847 669 Se
2874 617 3074 678 ferunt,
3101 626 3417 682 separamus

1850 718 2029 759 autem
2082 725 2158 769 se,
2217 711 2477 761 adversus
2530 708 2823 761 canonicos
2873 717 3084 759 nostros
3132 705 3417 773 episcopos

1850 801 2319 867 congregationem
2352 799 2574 860 faciunt,
2616 815 2679 851 ne
2707 812 2944 868 pugnare
2975 779 3258 849 existimes
3294 810 3415 848 cum

1848 894 1905 947 9..
1954 906 2164 944 canone
2204 893 2377 960 magni
2413 890 2617 956 Basilii,
2650 908 2752 943 non
2788 891 3097 945 nomiuante
3135 889 3420 941 hmrcticos

1851 982 2250 1035 et-hisntatit-os.
2284 982 2388 1035 Sed
2421 982 2505 1034 dic
2536 981 2658 1034 illos
2691 979 3071 1033 schismatieos
3106 992 3132 1029 a
3167 976 3418 1044 prmsenti

1852 1090 2059 1129 canone
2096 1074 2380 1128 luereticos
2421 1074 2708 1143 appellari,
2740 1072 2830 1141 qui
2865 1072 3036 1126 aliena
3074 1072 3337 1129 sentiunt,
3370 1079 3424 1121 et

1851 1166 2198 1220 simulatione
2228 1166 2441 1234 quidem
2478 1181 2540 1221 ac
2572 1167 2753 1233 specie
2788 1173 2912 1218 sunt
2945 1163 3259 1225 orthodoxi,
3298 1171 3425 1214 sunt

1852 1269 2029 1314 autem
2067 1274 2250 1313 rewera
2295 1260 2532 1314 haeretici
2568 1276 2583 1313 :
2618 1261 2790 1312 sancti
2828 1267 3007 1311 autem
3042 1256 3227 1309 Basilii
3257 1270 3425 1308 cauo-

1855 1368 1975 1407 nem
2023 1353 2086 1406 de
2123 1353 2247 1406 aliis
2293 1351 2654 1406 Schismaticis
2689 1353 2904 1413 docere,
2940 1349 3033 1419 qui
3081 1357 3206 1401 sunt
3237 1362 3421 1400 revera

1854 1448 2068 1513 quidem
2087 1446 2398 1506 orthodoxi,
2424 1446 2515 1498 sed
2543 1454 2761 1511 propter
2783 1443 3014 1506 aliquem
3042 1439 3426 1494 ecclesiastica:

1854 1542 2167 1609 qntestionis
2212 1549 2551 1608 praetextum,
2607 1551 2663 1589 se
2706 1553 2800 1605 per
2843 1534 3209 1599 arrogantiam
3244 1548 3268 1584 a
3319 1532 3427 1584 fra-

1857 1639 1995 1685 trum
2028 1631 2336 1693 integritate
2365 1627 2717 1681 absciderunt
2755 1646 2769 1681 :
2800 1636 2855 1680 ct
2888 1628 3000 1692 lege
3029 1626 3226 1677 dictum
3262 1638 3427 1675 eano-

1858 1738 1977 1777 nem
2011 1721 2185 1775 sancti
2220 1720 2415 1774 Patris.
2450 1718 2523 1771 Ex
2554 1718 2739 1769 ultimo
2762 1726 2941 1771 autem
2979 1718 3121 1768 dicto
3150 1715 3428 1784 prmsentis

1848 1815 2105 1877 canonis,
2136 1814 2386 1879 dicentis,
2417 1812 2482 1864 ad
2514 1811 2909 1866 accusationem
2944 1826 3047 1863 nou
3081 1826 3199 1864 esse
3234 1810 3431 1863 admit-

1860 1908 2100 1969 tendum,
2147 1906 2237 1974 qui
2285 1915 2478 1973 pra'ter
2513 1917 2773 1956 canouem
2822 1902 2971 1958 facit.
3024 1912 3081 1955 ut
3122 1902 3213 1967 qui
3267 1902 3337 1953 sit
3375 1901 3426 1953 in

1858 2010 2095 2048 canones
2120 1994 2563 2052 contumeliosus,
2592 1992 2769 2044 conati
2804 2000 2927 2044 sunt
2955 1990 3196 2045 nonnulli
3228 1992 3427 2054 dicere,

1855 2098 1978 2138 cum
2003 2086 2164 2137 etiam
2195 2082 2432 2136 infamia:
2461 2082 2681 2149 subjici.
2714 2080 2842 2133 Mihi
2875 2090 3053 2133 autem
3083 2081 3295 2132 videtur
3324 2094 3429 2131 non

1857 2188 1922 2228 ex
1955 2188 2041 2237 eo,
2067 2172 2239 2235 illum,
2262 2172 2351 2239 qui
2382 2171 2517 2224 adeo
2548 2169 2852 2222 inordinate
2884 2170 3149 2221 actionem
3180 2167 3430 2230 intendit,

1859 2265 2177 2333 injuriarum
2211 2263 2425 2316 actione
2453 2263 2645 2325 teneri,
2684 2271 2738 2315 ut
2767 2263 2837 2316 sit
2858 2260 3090 2317 .infumis
3116 2278 3129 2325 ;
3156 2271 3209 2314 et
3239 2275 3433 2314 conse-

1861 2366 2091 2423 quenter
2141 2355 2487 2423 deponatur,
2542 2363 2758 2423 prOpter
2809 2353 3066 2422 [tegulam
3112 2367 3231 2420 qua:
3280 2351 3431 2413 dicit,

1861 2446 2123 2515 Expressa
2159 2456 2353 2500 nocent
2382 2464 2395 2500 :
2424 2461 2528 2499 non
2567 2459 2822 2513 expressa
2858 2459 2961 2495 non
2991 2451 3205 2495 uocent.
3239 2442 3436 2508 Aliquo

1861 2550 2041 2592 autem
2091 2540 2199 2592 alio
2241 2539 2400 2591 modo
2435 2537 2685 2605 punietur
2721 2544 2881 2601 prout
2920 2534 3085 2601 judici
3139 2533 3430 2587 videbitur.

1862 2630 1995 2683 Cum
2028 2639 2208 2684 autem
2243 2630 2527 2697 episcopus
2551 2627 2748 2695 aliquis
2771 2642 2866 2693 pro
2890 2625 3154 2678 criminali
3179 2639 3342 2677 causa
3380 2624 3433 2676 in

1861 2732 2106 2777 sant-tam
2178 2720 2830 2786 Constantiuopolitauatu
2900 2718 3162 2787 synodum
3231 2724 3436 2769 tractus

1861 2823 2027 2875 esset,
2056 2822 2109 2867 et
2136 2812 2415 2880 petivisset
2437 2820 2495 2864 ut
2518 2826 2546 2862 ιι
2574 2824 2671 2863 suo
2697 2809 3114 2878 metropolitano
3137 2817 3191 2860 et
3220 2807 3437 2876 pr0pria

1862 2904 2066 2974 synodo
2119 2902 2477 2971 judicaretur,
2533 2912 2588 2954 ιιι
2643 2901 2753 2953 vult
2808 2900 2894 2954 hic
2950 2914 3183 2967 przcsens
3237 2913 3435 2962 canon,

1862 2996 2117 3049 dixerunt
2172 2993 2436 3058 nonnulli,
2484 2994 2624 3061 quod
2676 2992 2929 3058 quoniam
2988 2990 3437 3059 metropolitanus

1862 3100 2100 3157 prmseus
2123 3086 2233 3139 vult
2259 3101 2412 3140 suum
2439 3086 2752 3153 episcopqu
2784 3098 2813 3136 a
2844 3098 3035 3150 magna
3066 3084 3268 3153 synodo
3293 3081 3439 3147 judi—

171 3180 267 3233 τοῦ
333 3179 738 3249 μητροπολίτου
794 3180 962 3232 αὑτοῦ
1011 3181 1077 3234 ἐκ
1118 3185 1227 3251 ’τῆς
1276 3183 1485 3246 οἰκείας
1540 3183 1760 3235 συνόδου

1868 3177 2002 3241 cari,
2058 3176 2194 3243 apud
2240 3191 2358 3230 eam
2414 3185 2558 3229 recte
2599 3174 2949 3242 judicabitur.
3006 3173 3205 3226 Contra
3259 3183 3437 3225 autem

167 3272 323 3326 κατά
358 3271 453 3323 τὸν
485 3273 732 3340 παρόντα
777 3272 1003 3335 κανόνα,
1042 3267 1194 3327 εἶπόν
1233 3292 1375 3336 τινες
1412 3275 1512 3338 ὡς,
1551 3276 1702 3328 Ἐπεὶ
1732 3280 1760 3330 ό

167 3364 591 3433 μητροπολίτης
648 3364 1040 3432 παρουσιάζων
1107 3365 1248 3417 θέλει
1314 3365 1405 3416 τὸν
1457 3367 1760 3421 ἐπίσκοπον

166 3454 348 3508 αὐτοῦ
395 3454 548 3520 παρὰ
601 3456 667 3523 τῇ
720 3456 933 3525 μεγάλῃ
990 3456 1197 3525 συνόδῳ
1248 3457 1529 3526 κριθῆναι,
1580 3458 1761 3523 καλῶς

166 3548 331 3615 παρά
391 3546 564 3614 ταύτῃ
622 3546 967 3614 κριθήσεται.
1013 3548 1326 3601 ’Λντέθεντο
1359 3549 1406 3600 δ’
1451 3550 1630 3619 ἕτεροι
1682 3552 1756 3621 μὴ

165 3637 395 3690 κεῖσθαι
451 3636 553 3704 τὴν
590 3635 773 3702 κρίσιν
829 3635 1025 3688 τούτου
1087 3638 1236 3706 παρά
1275 3641 1341 3709 τῇ
1396 3638 1617 3708 ἐξουσία
1656 3640 1752 3692 τοῦ

166 3726 611 3797 μητροπολίτου,
648 3725 786 3779 ἀλλά
826 3729 892 3798 τῇ
940 3730 1061 3780 κατ’
1102 3729 1266 3781 αὐτόν
1310 3731 1536 3800 συνόδῳ.
1576 3732 1763 3802 Ἐχειν

164 3820 232 3872 δὲ
272 3819 372 3871 καὶ
411 3819 554 3886 μέγα
576 3818 833 3888 διαφέρον
862 3819 954 3870 τὸν
992 3820 1291 3874 ἐπίσκοπον
1315 3824 1393 3884 εἰς
1427 3826 1528 3892 τὴν
1553 3824 1761 3877 οἰκείαν

163 3909 502 3974 δικάζεσθαι
564 3908 801 3974 σύνοδον,
840 3910 931 3963 καὶ
971 3911 1044 3980 μὴ
1094 3912 1384 3966 ἑλκύεσθαι
1439 3916 1521 3977 εἰς
1570 3916 1765 3987 ἑτέραν

166 4002 429 4066 σύνοδον,
463 4002 559 4053 καί
600 4000 690 4054 διὰ
727 4001 888 4053 τοῦτο
921 4002 1057 4070 μηδὲ
1095 4002 1278 4073 χώραν
1322 4004 1469 4074 ἔχειν
1521 4006 1621 4077 τὴν
1670 4010 1763 4061 τοῦ

170 4094 590 4164 μητροπολίτου
641 4093 971 4162 καταδοχήν.
1035 4095 1154 4146 Ἔτ’
1211 4093 1366 4148 εἶπόν
1434 4115 1582 4161 τινες
1634 4104 1766 4170 περὶ

164 4186 575 4253 οἰκουμενικῆς
622 4184 842 4237 συνόδου
889 4185 982 4238 τὸν
1008 4186 1208 4239 κανόνα
1244 4188 1632 4255 διαλέγεσθαι·
1666 4192 1766 4260 τὴν

166 4280 231 4330 δὲ
266 4281 324 4331 ἒν
360 4275 939 4328 Κωνσταντινουπόλει
974 4275 1218 4344 μεγάλην
1265 4277 1488 4331 σύνοδον
1514 4280 1589 4349 μὴ
1622 4276 1764 4334 εἶναι

164 4368 577 4439 οἰκούμενικήν
600 4381 616 4397 ·
660 4367 756 4418 καὶ
782 4367 869 4419 διά
897 4365 1058 4419 τοῦτο
1091 4368 1226 4438 μηδὲ
1261 4368 1449 4440 χώραν
1495 4372 1640 4443 ἔχειν
1672 4373 1768 4426 ἐπὶ

164 4464 244 4530 τῇ
311 4459 569 4529 παρούσῃ
627 4458 908 4513 ὑποθέσει.
953 4459 1109 4527 Ἐμοὶ
1166 4459 1224 4513 δὲ
1279 4461 1429 4514 δοκεῖ
1472 4464 1554 4515 ὅτι
1615 4465 1648 4534 ἡ
1707 4466 1766 4519 ἐν

1869 3277 2121 3329 dixerunt
2152 3274 2417 3335 nonnulli,
2448 3289 2552 3325 non
2588 3287 2707 3326 esse
2738 3272 2899 3325 situm
2940 3271 3055 3338 ejus
3084 3270 3349 3339 judiciqu
3384 3270 3437 3321 in

1869 3376 2135 3439 potestate
2181 3365 2603 3433 metropolitani,
2636 3365 2729 3418 sed
2781 3365 2967 3433 synodi
3013 3379 3134 3432 qua:
3180 3371 3263 3415 est
3298 3361 3439 3429 apud

1870 3462 2065 3529 ipsum.
2095 3458 2317 3511 Multum
2350 3458 2510 3510 etiam
2542 3457 2778 3526 episcopi
2824 3457 3105 3517 interesse,
3138 3464 3196 3508 ut
3227 3455 3278 3505 in
3308 3468 3443 3521 pro-

1867 3553 1983 3621 pria
2027 3550 2234 3620 synodo
2280 3549 2573 3617 jndicetnr,
2610 3556 2661 3599 et
2707 3548 2772 3599 ad
2819 3546 2980 3599 aliam
3026 3546 3290 3611 synodum
3326 3558 3435 3596 non

1872 3644 2137 3696 trztlta'ur.
2177 3641 2240 3693 Et
2274 3649 2555 3708 propterea
2601 3653 2698 3693 nec.
2737 3639 2913 3690 locum
2960 3638 3174 3705 quidem
3219 3635 3436 3696 habere,

1873 3732 2269 3800 metropolitani
2295 3730 2697 3785 admissionetn.
2732 3730 2995 3783 Praeterea
3029 3729 3279 3783 dixerunt
3305 3743 3441 3780 non-

1874 3825 2000 3879 nulli
2032 3839 2293 3878 canoncm
2332 3822 2475 3891 loqui
2508 3822 2575 3878 de
2605 3823 2893 3875 universali
2931 3823 3157 3892 synodo,
3189 3836 3439 3891 magnam

1874 3926 2052 3970 autem
2088 3916 2373 3986 synodum,
2402 3930 2520 3983 qua:
2556 3925 2639 3969 est
2667 3914 3150 3982 Constantitmpoli,
3191 3929 3294 3967 non
3323 3928 3443 3967 esse

1875 4006 2277 4061 universalem:
2317 4015 2371 4060 et
2399 4016 2679 4074 propterea
2713 4020 2810 4059 nec
2836 4006 3005 4057 locum
3039 4005 3236 4058 habere
3260 4004 3311 4056 in
3339 4003 3440 4055 hac

1873 4111 2061 4151 eausa.
2103 4096 2229 4149 Mihi
2268 4106 2444 4157 autem
2486 4096 2717 4160 videtur,
2757 4097 2899 4163 quod
2934 4095 3145 4149 etiamsi
3176 4094 3438 4162 synodus,

1873 4204 1992 4257 qua:
2021 4196 2102 4240 est
2131 4187 2314 4240 babita
2342 4186 2837 4254 Constantinopoli,
2869 4201 2971 4239 non
3007 4195 3086 4238 est
3120 4182 3442 4237 universalis

1873 4281 2136 4349 synodus,
2178 4293 2300 4331 cum
2348 4277 2435 4330 alii
2472 4292 2683 4345 quoque
2716 4276 3036 4343 patriarchae
3078 4288 3183 4328 non
3216 4273 3438 4327 adsint:

1874 4385 1955 4427 est
1986 4383 2165 4424 tamen
2193 4368 2367 4434 major
2396 4369 2648 4423 omnibus
2676 4367 2915 4439 synodis,
2953 4377 3005 4419 et
3032 4366 3147 4428 ejus
3171 4362 3443 4431 archiepi-

1875 4478 2068 4531 sc0pus
2094 4460 2411 4516 universalis
2436 4460 2735 4529 patriarcha
2765 4466 3004 4513 vocatur.
3023 4456 3130 4525 95
3154 4455 3219 4509 Et
3242 4464 3444 4507 metro—

169 4551 764 4604 Κωνσταντινουπόλει
813 4550 1049 4616 σύνοδος,
1100 4551 1206 4604 κᾶν
1256 4552 1609 4624 οἰκούμενικὴ
1636 4555 1760 4607 σύν-

1875 4554 2093 4620 pulitani
2117 4554 2331 4621 quidem
2356 4568 2459 4605 nou
2482 4554 2724 4616 interest,
2750 4550 2840 4605 sed
2861 4550 3119 4618 episcopi,
3147 4547 3229 4601 vel
3259 4544 3444 4601 clerici

158 4644 301 4705 οδος
361 4642 464 4694 οὐκ
513 4643 679 4705 ἔστιν,
720 4644 796 4705 ὡς
849 4644 920 4710 μὴ
977 4645 1455 4712 παρουσιαζόντων
1493 4646 1589 4697 καὶ
1661 4647 1760 4699 τῶν

1869 4648 1955 4715 qui
1986 4648 2240 4699 trahitur.
2266 4645 2626 4711 Quamobrem
2666 4662 2762 4697 nec
2791 4644 3014 4697 lmdetnr
3051 4642 3263 4709 quidem
3297 4638 3446 4707 quis-

159 4735 366 4787 ἄλλων
416 4734 801 4803 πατριαρχῶν,
840 4733 977 4786 ἀλλὰ
1040 4734 1244 4802 μείζων
1275 4737 1391 4788 ἐστὶ
1444 4739 1633 4790 πασῶν
1662 4741 1760 4792 τῶι

1871 4741 2012 4804 pium
2065 4754 2130 4792 ex
2171 4738 2255 4793 his
2288 4752 2352 4791 ex
2390 4736 2786 4805 metropolitani
2826 4735 3177 4794 admissione,
3228 4740 3446 4801 propter

161 4824 443 4887 συνόδων,
473 4824 568 4874 καὶ
618 4825 644 4875 ὀ
680 4822 1113 4891 ἀρχιετι-ίτκοπος
1142 4824 1347 4894 ταύτης
1385 4826 1760 4895 οἰκουμενικὸς

1874 4832 2042 4899 legero
2068 4845 2184 4896 qua?
2211 4830 2337 4883 dicit
2365 4846 2378 4883 :
2402 4830 2532 4895 Quae
2556 4828 2624 4882 ab
2646 4829 2766 4881 aliis
2785 4829 2936 4891 tiunt,
2957 4826 3090 4880 alios
3116 4838 3212 4880 nec
3231 4825 3443 4893 juvant,

155 4914 542 4982 πατριάρχης
564 4914 835 4965 καλεῖται.
866 4914 974 4967 Καὶ
1001 4915 1062 4966 τὸ
1097 4915 1357 4985 διαφέρον
1380 4916 1441 4969 δὲ
1472 4919 1571 4988 οὐχ
1603 4921 1630 4971 ό
1655 4938 1767 4989 μη-
1876 4936 1973 4974 nec
2008 4921 2224 4975 lmdunt.

147 5004 540 5075 τροπολίτης,
571 5004 687 5056 ἀλλ’
739 5006 766 5056 ὁ
819 5005 1120 5068 ἐπίσκοπος
1168 5005 1302 5075 ἔχει,
1336 5008 1367 5078 ἢ
1420 5011 1447 5061 ό
1478 5010 1759 5075 ἑλκυσθεὶς
1784 5012 2064 5083 κληρικός.
2115 5012 2206 5064 Διὸ
2243 5013 2362 5065 οὐδὲ
2396 5012 2727 5082 βλαϐήσεταί
2765 5029 2847 5074 τις
2902 5012 2960 5078 ἐξ
2995 5012 3173 5064 αὐτῶν
3217 5012 3281 5063 ὲκ
3343 5009 3455 5077 τῆς

1402 5143 1600 5205 Guill.
1637 5145 1968 5223 Beveregii
1996 5154 2179 5208 notae.

264 5293 378 5364 (78)
409 5290 496 5364 _Td
540 5292 802 5364 gomfpdr
828 5291 1113 5364 βλάπτει,
1176 5294 1240 5346 τὸ
1271 5293 1766 5362 ἐκτετυπωμένον

142 5359 579 5425 οὺ’,ϐ.1ἁπτδι.
646 5359 1005 5423 Modestinus,
1038 5362 1432 5428 Nonnunquam
1488 5359 1762 5429 contingit,

142 5446 238 5491 αι
280 5430 529 5498 quwltam
577 5432 888 5503 nominatim
938 5447 1183 5495 expressa
1224 5433 1484 5499 ofﬁciant,
1532 5436 1767 5503 quampis

144 5503 399 5561 amissa
432 5503 588 5553 tacite
616 5500 837 5567 intelligi
876 5502 1190 5566 potuissent,
1244 5518 1335 5554 nec
1386 5500 1553 5556 essent
1608 5502 1766 5569 obfu—

137 5590 311 5631 (nm
342 5587 359 5630 ,'
396 5572 535 5637 quod
564 5569 754 5632 (venit,
790 5571 835 5621 si
857 5570 1021 5639 qlicui
1048 5572 1124 5622 ita
1148 5572 1374 5639 legatur,
1408 5571 1552 5625 Titio
1578 5572 1766 5625 decem

142 5648 283 5699 ειη,
324 5643 467 5706 ιριςιι,
505 5640 549 5691 si
582 5639 803 5691 Maevius
856 5638 1178 5702 Cztpitolittm
1235 5644 1565 5695 ascenderit.
1622 5639 1768 5693 Nam

130 5710 435 5785 quamvis
464 5708 776 5785 itt_arbitrio
810 5708 1105 5785 leviiiit,
1140 5727 1207 5785 au
1241 5709 1562 5778 Capitolium
1587 5726 1770 5763 ascen.

134 5777 304 5844 (lat,
336 5788 390 5834 ει
436 5777 555 5832 velit
606 5777 833 5844 efﬁcere,
889 5788 945 5830 ut
1004 5777 1141 5834 Titio
1187 5780 1416 5849 legatum
1477 5782 1769 5847 debeatur;

1876 5315 1978 5350 non
2033 5307 2207 5351 tamen
2265 5298 2454 5364 poterit
2513 5298 2634 5350 aliis
2683 5298 2845 5350 verbis
2903 5294 3109 5364 utiliter
3155 5294 3365 5362 legari:
3399 5296 3444 5347 si

1876 5366 2095 5419 Mrcvius
2125 5363 2373 5425 voluerit,
2404 5365 2549 5418 Titio
2583 5370 2767 5418 decem
2796 5369 2883 5420 do.
2947 5363 3080 5417 Nam
3116 5365 3170 5416 in
3217 5365 3445 5415 alienam

1874 5437 2195 5490 voluntatem
2232 5437 2460 5503 conferri
2517 5438 2747 5503 legatum
2787 5452 2889 5487 non
2934 5446 3122 5500 potest.
3189 5432 3317 5486 Inde
3365 5435 3445 5484 di-

1876 5517 2019 5559 ctum
2043 5518 2145 5567 est,
2184 5506 2448 5572 Expressa
2478 5516 2684 5567 nocent,
2713 5521 2813 5556 non
2835 5520 3080 5569 expressa
3107 5519 3209 5572 non
3239 5513 3445 5562 uocent,

1877 5574 1911 5629 Ι.
1948 5577 2122 5638 ιιι,11’.
2163 5575 2238 5628 De
2281 5576 2569 5630 condition.
2606 5586 2650 5628 et
2699 5578 3044 5626 demonstrat.
3100 5571 3300 5626 Ultima
3347 5572 3445 5623 ista

1874 5649 2036 5725 verba
2074 5654 2390 5725 repetuntur
2450 5645 2644 5700 itidem
2709 5644 2746 5700 Ι.
2816 5659 2973 5706 ςιον,
3024 5642 3084 5695 ι).
3122 5641 3457 5695 Dedirersis

1879 5729 1984 5782 reg.
2006 5730 2173 5783 μινυς.
