4222 6460
207 465 308 520 ΣΞῑὸ

1383 466 1453 521 ’ἓῖ
1482 467 1648 524 CAR.
1695 465 1763 521 Η
1840 465 2051 525 CUNC.
2089 465 2198 522 Cl'.
2240 465 2316 523 II.

3350 466 3451 523 ωδ

208 585 344 619 κατα
380 572 504 631 τοὺς
549 571 854 633 Ἰουδαίους.
903 565 1060 626 Οἶῖτοι
1097 573 1202 641 γὰρ
1234 574 1368 641 μετά
1401 575 1460 625 τὸ
1502 576 1777 642 στασιάσαι
1814 579 1856 631 Α

1814 579 1856 631 Α
1886 581 2166 639 postquam
2204 571 2408 624 Pascha
2438 571 2858 636 celebraverin.,
2924 580 3064 627 lotos
3100 586 3300 642 septem
3334 577 3449 626 dius

207 664 294 710 ἐπ.
343 662 489 723 Ἐλαις
536 663 675 714 ἐττοά
718 665 949 733 ἡμέραις
997 665 1336 730 νηστεύουσι,
1387 667 1636 734 πικρίδας
1682 669 1772 718 καὶ

206 752 391 818 ἄζυμα
426 752 696 811 ἐσθίοντες
721 756 859 806 κατά
887 755 984 823 τὴν
1008 755 1099 806 τοῦ
1133 756 1362 808 παλαιοῦ
1395 756 1558 825 νόμου
1591 757 1774 808 διατα-

209 843 311 902 ξιν.
344 843 485 904 Τοὺς
522 843 578 895 δὲ
611 844 1071 908 ἀναδαπτίζεσθαι
1105 847 1416 914 ὀφείλοντας
1449 843 1602 898 εἶπεν
1638 845 1774 898 εἶναι

209 932 592 1001 Εὑνομιανοῦς,
615 936 740 996 τοὺς
765 938 842 994 εἰς
865 935 992 1003 μίαν
1017 938 1304 989 κατάδυσιν
1330 937 1719 1004 βαπτιζομένου
1736 955 1773 1001 ·,

208 1025 300 1074 καὶ
331 1024 724 1085 Μοντανιστάς.
765 1027 890 1087 τοὺς
919 1026 1061 1078 οὕτω
1097 1027 1394 1095 κληθέντας
1430 1029 1536 1080 ἀπὸ
1569 1028 1775 1080 llo-na-

208 1114 300 1165 νο]
331 1131 494 1182 τινος,
528 1117 883 1186 Παρακλητον
910 1116 1098 1169 ἑαυτὸν
1131 1119 1650 1188 προσαγορεύοντος,
1685 1121 1776 1172 καὶ

207 1204 296 1256 διὰ
321 1205 415 1257 δύο
445 1205 664 1274 φαύλων
697 1211 990 1275 γυναικῶν,
1018 1211 1114 1278 τῆς
1137 1225 1194 1262 τε
1227 1211 1520 1278 Πρισκίλας
1555 1211 1648 1262 καὶ
1681 1212 1778 1278 τῆς

209 1297 517 1364 Μαξιμίλας
540 1337 554 1360 ,
585 1299 1086 1370 ψευδοπροφητείας
1116 1302 1574 1369 ἀποφοισὰζοντος
1593 1319 1607 1335 ο
1641 1303 1777 1369 πρδς

207 1387 264 1439 δὲ
312 1389 408 1442 καὶ
439 1390 826 1451 Σαδελλιανοὺς
858 1393 986 1453 τοὺς
1023 1392 1195 1455 οὕτως
1242 1393 1639 1461 ὀνομασθέντας
1671 1394 1777 1445 άπό

207 1493 352 1541 τινος
405 1479 690 1533 Σαϐελλίου
743 1482 992 1550 λέγοντος
1045 1485 1182 1553 μετά
1227 1486 1335 1537 τῶν
1384 1486 1556 1540 ἀλλων
1612 1486 1774 1538 αὑτοῦ

207 1566 486 1636 φλυαριῶν
516 1568 606 1622 τὸν
633 1571 796 1623 αὑτὸν
834 1568 972 1625 εἶναι
1010 1575 1258 1644 Πατέρα,
1295 1576 1384 1626 τὸν
1418 1577 1577 1628 αὐτὸν
1611 1577 1770 1637 Υίξν,

208 1655 294 1707 τδν
331 1658 494 1711 αὑτὸν
522 1661 673 1727 ᾰγιον
708 1661 951 1732 Πνεῦμα.
984 1664 1058 1726 ὡς
1087 1661 1227 1717 εἶναι
1257 1668 1314 1719 ὲν
1347 1668 1446 1737 μιᾷ
1483 1668 1778 1721 ὑποστάσει

206 1749 352 1816 τρεῖς
385 1749 716 1820 όνομασίας’
755 1755 828 1816 ὡς
861 1756 918 1806 ἐν
951 1755 1224 1826 ἀνθρώπῳ
1258 1757 1445 1824 σῶμα,
1486 1758 1578 1810 καὶ
1603 1758 1779 1828 ψυχὴν

1873 661 2159 728 jejunant,
2197 665 2432 716 lactucas
2483 674 2720 732 agrestes
2765 673 2818 716 et
2861 680 3051 734 azyma
3089 667 3448 727 comedentcs,

1875 752 2030 820 juxta
2085 754 2282 806 veteris
2336 753 2466 822 legis
2511 754 2972 806 constitutionem.
3027 754 3423 822 Rcbaptiz:.m|n

1879 855 2055 896 autem
2089 859 2208 897 esse
2241 846 2373 898 dixit
2407 843 2795 909 Eunomianos,
2831 844 2921 914 qui
2970 859 3072 896 una
3112 847 3453 900 demersionc

1881 937 2181 1003 haptizant,
2219 947 2273 989 ct
2318 937 2699 1002 Montanistas,
2732 952 2760 989 a
2796 939 3025 1004 quodam
3075 937 3328 991 Montano
3373 939 3454 991 sic

1881 1027 2074 1091 dictos,
2104 1028 2196 1092 qui
2242 1044 2301 1082 se
2346 1027 2686 1084 Paracleturn
2717 1029 3019 1096 appellabat
3054 1046 3070 1082 :
3102 1040 3156 1083 et
3195 1045 3290 1100 per
3321 1033 3454 1082 duas

1881 1119 2153 1184 improbas
2189 1119 2459 1182 midieres,
2485 1119 2783 1175 Priscillam
2808 1130 2862 1174 et
2890 1120 3263 1184 Maximillam,
3296 1123 3454 1174 falsas

1879 1211 2184 1278 prophetias
2210 1222 2262 1264 ut
2282 1211 2470 1266 thbi
2501 1214 2721 1267 numine
2747 1211 2960 1266 afflatus
2988 1214 3198 1268 edebat.
3227 1215 3455 1266 Praeter-

1878 1314 1939 1352 ea
1988 1309 2163 1352 autem
2220 1312 2271 1353 et
2318 1300 2684 1361 Sabellianos,
2737 1317 2763 1353 a
2814 1301 3050 1355 Sabellio
3091 1301 3322 1370 quodam
3376 1302 3453 1354 si"

1881 1391 2205 1454 nominatos,
2255 1393 2344 1458 qui
2385 1392 2545 1444 etiam
2589 1407 2706 1445 cum
2758 1393 2876 1444 aliis
2924 1392 3245 1460 quibusdam
3282 1392 3436 1458 nugis

1878 1481 2110 1544 dicebat,
2139 1485 2383 1536 eumdem
2410 1499 2528 1536 esse
2571 1481 2807 1545 Patrem,
2841 1481 3067 1542 Filium.
3108 1492 3160 1537 et
3199 1483 3453 1552 Spiritum

1882 1581 2127 1626 sanctum
2157 1589 2171 1637 ;
2198 1582 2253 1624 ut
2285 1572 2391 1626 sint
2424 1573 2475 1624 in
2505 1587 2608 1626 una
2647 1588 2876 1640 persona
2914 1573 3016 1626 tria
3049 1574 3285 1632 nomina,
3317 1573 3460 1626 sicut

1882 1667 1934 1722 in
1979 1663 2193 1716 homine
2233 1677 2453 1730 eOl‘pllS,
2486 1675 2540 1716 et
2581 1665 2756 1716 anima
2795 1674 2846 1717 et
2879 1663 3104 1732 spiritus
3143 1682 3155 1718 :
3195 1664 3274 1716 vel
3314 1674 3369 1715 ut
3406 1664 3457 1714 in

1883 1754 1999 1808 sole
2027 1754 2219 1822 triplex
2247 1753 2509 1817 efficacia,
2545 1755 2751 1807 scilicet
2786 1753 3239 1807 circumferentia:
3267 1755 3456 1821 tigura,

209 1841 302 1892 καὶ
351 1840 590 1911 πνεῦμα,
638 1843 671 1910 ἢ
720 1843 796 1905 ὡς
837 1845 893 1896 ὲν
938 1845 1073 1913 ἡλίῳ
1109 1848 1256 1915 τρεῖς
1295 1847 1576 1916 ἐνεργείας
1619 1848 1784 1916 ἤγουν
1819 1853 1860 1910 Β

1819 1853 1860 1910 Β
1891 1845 1971 1898 vis
2003 1846 2345 1900 illuminaudi
2385 1856 2438 1899 et
2469 1847 2551 1900 vis
2579 1845 2952 1901 calefaciendi.
2990 1846 3246 1899 Dicuntur
3279 1853 3457 1898 autem

207 1933 268 1983 τὸ
331 1933 428 1999 τῆς
489 1935 846 2006 περιφερείας
906 1935 1112 2006 σχῆμα,
1168 1938 1229 1988 τὸ
1287 1939 1634 2004 φωτιστικδν,
1694 1939 1784 1989 καὶ

209 2022 260 2074 τὲ
325 2023 547 2078 θάλπον.
592 2026 854 2093 Λέγονται
909 2026 966 2078 δὲ
1021 2027 1071 2080 οί
1128 2027 1492 2081 Μοντανισταὶ
1539 2028 1782 2098 Φρύγες,

209 2114 239 2182 ἢ
298 2113 361 2166 εκ
417 2133 560 2178 τινος
615 2118 972 2188 αίρεσιάρχου
1039 2119 1252 2189 Φρυγὸς
1304 2120 1336 2189 ἢ
1392 2119 1500 2172 ἀπὸ
1564 2119 1659 2172 τοῦ
1721 2119 1786 2171 ἐκ

208 2205 448 2274 Φρυγίας
484 2209 822 2278 ἀναφανῆναι
859 2209 1090 2280 πρώτως
1125 2210 1224 2281 τὴν
1251 2210 1507 2278 τοιαύτην
1552 2210 1783 2280 αἵρεσιν.

208 2298 354 2368 Πρὸς
409 2300 618 2364 τούτοις
675 2301 968 2356 καλοῦνται
1025 2303 1119 2356 καὶ
1165 2303 1529 2366 Πεπουζιανοί
1576 2304 1683 2355 ἀπό
1709 2320 1788 2354 σι-

211 2406 303 2450 vc;
360 2390 645 2454 Πεπούζας
700 2393 1046 2463 καλουμένης
1093 2392 1226 2460 παρ’
1275 2393 1456 2445 αὐτῶν
1509 2397 1648 2444 κατὰ
1689 2393 1787 2460 τὴν

221 2480 601 2552 Ἰερουσαλήμ..
667 2484 731 2535 Oi
779 2484 832 2536 δὲ
884 2484 1117 2536 τοιοῦτοι
1171 2482 1356 2535 λύουσι
1409 2484 1533 2546 τοὺς
1580 2485 1788 2553 γάμους

207 2572 286 2634 ιτς
338 2575 636 2641 μυσαροὺς,
687 2573 1037 2644 νηστεύουσιν
1079 2575 1362 2626 ἀλλόκοτον
1407 2574 1679 2644 νηστείαν,
1730 2573 1789 2624 τὸ

214 2664 406 2733 Πάσχα
452 2665 884 2735 διαστρέφουσιν,
933 2667 1011 2729 είς
1055 2666 1114 2717 ἓν
1153 2666 1446 2738 πρόσωπον
1488 2668 1582 2736 τὴν
1626 2666 1788 2734 ἀγίαν

211 2753 422 2822 Τριάδα
458 2755 794 2825 συναιροῦσι,
829 2757 923 2808 καὶ
954 2756 1266 2824 συγχέουσι,
1299 2757 1395 2810 καὶ
1432 2751 1570 2825 αἷμα
1603 2756 1789 2818 παιδος

211 2847 746 2916 κατακεντουμένου,
797 2847 1008 2917 ἀλεύρῳ
1051 2849 1448 2918 συμφύροντες,
1491 2849 1586 2900 καὶ
1629 2848 1790 2916 ἀρτο-

211 2935 497 2998 ποιοῦντες
523 2938 943 3006 προσφέρουσιν.
969 2939 1076 2990 Καὶ
1105 2935 1273 2989 ταῦτα
1307 2937 1405 3006 μὲν
1433 2936 1623 2998 οὕτως.
1663 2936 1789 2988 Ἐὰν

211 3025 266 3077 δέ
294 3043 378 3088 τις
402 3025 677 3094 δρθόδοξος
702 3029 1071 3097 Μοντινιστὴς
1100 3029 1323 3097 γένηται
1355 3029 1385 3097 ἢ
1414 3027 1786 3092 Σαδελλιανὸς,

213 3120 308 3170 καὶ
341 3119 624 3187 βάπτισμα
665 3121 958 3189 αἱρετικῶν
983 3119 1201 3188 δέξηται
1234 3120 1266 3189 ἢ
1303 3122 1374 3188 μὴ
1406 3119 1644 3186 δέξηται,
1681 3114 1790 3187 ἆρα

1888 1935 2227 1989 Ilontanistae
2281 1935 2556 2006 Phryges,
2609 1937 2689 1990 vel
2730 1952 2759 1990 a
2809 1935 3042 2004 quodam
3099 1936 3460 1990 haeresiarcha

1886 2023 2122 2095 Phryge,
2152 2024 2232 2078 vel
2268 2043 2330 2078 ex
2361 2041 2427 2079 eo
2459 2027 2597 2094 quod
2633 2028 2863 2093 primum
2895 2042 2924 2080 e
2958 2025 3189 2096 Phrygia
3220 2027 3333 2079 haac
3362 2027 3462 2078 ha.»

1890 2117 2026 2171 resis
2057 2128 2242 2171 exorta
2279 2119 2369 2173 sit.
2409 2117 2671 2172 Praeterea
2704 2130 2883 2171 autem
2918 2128 3180 2172 vocantur
3205 2127 3258 2170 et
3287 2117 3464 2185 Popu-

1888 2209 2051 2272 ziani,
2104 2224 2169 2262 ex
2229 2210 2467 2278 quadam
2524 2211 2744 2280 regione
2797 2210 3008 2279 Pepuza
3062 2210 3206 2263 dicta
3262 2209 3330 2263 ab
3384 2208 3466 2263 eis

1888 2297 2248 2354 Hierusalem.
2311 2300 2411 2365 Qui
2479 2311 2658 2354 autem
2721 2301 2854 2355 tales
2906 2311 3070 2364 sunt,
3132 2300 3344 2368 nuptias
3408 2307 3466 2352 ut

1892 2391 2267 2446 abhorrcndas
2317 2392 2554 2454 solvunt,
2604 2392 2836 2446 alienum
2885 2392 3144 2461 jejunium
3196 2391 3465 2460 jejunam,

1890 2481 2094 2535 Pascha
2147 2492 2482 2551 pervertunt,
2540 2493 2784 2536 sanctam
2829 2483 3148 2536 Trinitan
3195 2483 3248 2535 in
3302 2494 3464 2534 unam

1891 2589 2175 2642 personam
2216 2576 2543 2627 contrahunt
2575 2582 2626 2627 et
2659 2573 3018 2636 confundunt,
3051 2584 3103 2625 et
3139 2571 3460 2641 sanguinem

1891 2669 2070 2736 pueri,
2101 2667 2192 2732 qui
2227 2676 2451 2733 puuctus
2496 2663 2678 2728 fuerit,
2723 2663 2910 2717 farinae
2943 2665 3379 2725 commiscentes,
3415 2671 3468 2715 et

1891 2773 2055 2826 panes
2097 2759 2384 2820 facientes,
2436 2756 2689 2810 offerunt.
2741 2755 2803 2808 Et
2837 2757 2948 2810 hrec
2998 2757 3212 2824 quidem
3268 2755 3362 2808 ita.
3409 2752 3468 2808 Si

1891 2851 2014 2920 quis
2043 2862 2221 2904 autem
2253 2849 2612 2911 orthodoxus,
2648 2847 2972 2901 Montanisla
3009 2846 3090 2900 vel
3129 2845 3469 2900 Sabellianus

1893 2948 2068 2998 t'actus
2120 2943 2212 3004 sit,
2264 2950 2317 2995 et
2365 2939 2738 2994 htereticorum
2781 2937 3101 3004 baptismum
3150 2934 3466 3002 susceperit,

1892 3051 2020 3087 num
2060 3035 2179 3086 talis
2214 3033 2507 3085 chrismate
2549 3032 2857 3097 inungetur,
2888 3037 2980 3080 aut
3022 3027 3468 3095 rebaptizabitur,

1894 3135 1951 3176 ut
1989 3124 2166 3176 caeteri
2201 3119 2569 3176 Montanistm?
2601 3120 2791 3185 Quaere
2831 3118 2896 3171 de
2937 3117 3037 3171 hoc
3067 3117 3252 3184 primze
3282 3115 3468 3184 synodi

210 3213 238 3263 ὁ
283 3211 525 3273 τοιοῦτος
561 3211 714 3282 μύρῳ
744 3213 1116 3283 χρισθήσεται,
1151 3212 1182 3283 ἢ
1224 3210 1784 3279 ἀναΰαπτισθήσεται,
1817 3193 1858 3250 C

1817 3193 1858 3250 (ἶ
1895 3227 2015 3266 can.
2046 3212 2110 3265 l9
2137 3222 2190 3264 et
2215 3219 2523 3264 sanctorum
2549 3207 2914 3276 apostolorum
2936 3220 3196 3259 canonem
3226 3204 3314 3259 4⁸1.
3336 3203 3468 3256 Nota

211 3302 289 3363 ὡς
325 3303 375 3353 οἱ
411 3302 567 3354 λοποὶ
596 3304 992 3369 Μοντανισταίς
1027 3306 1184 3372 Ζήτει
1242 3309 1365 3373 περὶ
1398 3303 1588 3355 τούτου
1621 3303 1717 3371 τῆς
1745 3300 1788 3352 α’

214 3394 442 3446 συνόδου
467 3397 663 3447 κανόνα
703 3395 765 3446 ιο’
809 3398 901 3447 καὶ
931 3397 1037 3448 τῶν
1064 3396 1234 3461 ἁγίων
1255 3395 1570 3448 ἀποστόλων
1595 3395 1795 3446 κανόνα

1895 3316 2070 3355 autem
2101 3319 2165 3354 ex
2199 3302 2446 3369 przesenli
2475 3313 2703 3353 canone.
2736 3296 2879 3366 quod
2909 3310 3098 3349 omnes
3126 3311 3228 3348 una
3259 3296 3469 3347 denter-

1895 3395 2048 3447 SiOuc
2082 3393 2344 3462 baptizati
2382 3391 2812 3458 rebaptizantur.

215 3485 327 3553 μζ.
377 3487 692 3555 Σημειωσαι
725 3487 782 3539 δὲ
825 3488 933 3539 ἀπὸ
977 3488 1071 3540 τοῦ
1124 3488 1387 3557 παρόντος
1429 3487 1652 3549 κανόνος
1698 3487 1778 3538 ὅτι
1808 3483 2004 3549 πάντες
2062 3487 2110 3540 oi
2187 3485 2576 3556 βαπτιζόμενοι
2653 3485 2730 3547 εἰς
2775 3481 2903 3551 μίαν
2979 3479 3266 3532 κατάδυσιν
3310 3476 3473 3534 πάλιν

215 3579 599 3648 βαπτίζοντα.

287 3675 541 3727 ΖΩΝΑΡ-
589 3675 775 3732 Ὅπως
825 3675 929 3744 χρὴ
973 3673 1222 3744 δέχεσθαι
1271 3676 1396 3736 τοὺς
1433 3675 1489 3739 ἐξ
1528 3673 1792 3742 αἱρέσεων

216 3768 702 3838 προσερχομένους
741 3770 806 3836 τῇ
841 3767 975 3837 ὀρθῇ
1009 3769 1223 3831 πίστει,
1258 3769 1284 3819 ὁ
1332 3765 1521 3837 παρὼν
1552 3767 1794 3817 διδάσκει

217 3861 428 3914 κανών.
472 3860 611 3922 Τοὺς
662 3858 758 3927 μὲν
797 3859 888 3911 οὖν
940 3859 1146 3911 τούτων
1178 3860 1277 3910 οὐκ
1330 3854 1796 3917 ἀιαῦαπτίζεσθαι

219 3949 614 4008 διατάττεται,
653 3946 786 3998 ἀλλά
817 3947 1091 4008 λιόἐλλους
1131 3946 1508 4007 ἀπαιτεῖσθαι,
1549 3945 1798 4014 ἑγγραφα

218 4040 471 4110 δηλονότι
499 4039 595 4100 τὰς
618 4038 773 4103 δόξας
794 4038 971 4089 αὐτῶν
994 4037 1459 4106 ἀναθεματίζῡντα
1489 4038 1580 4088 καὶ
1610 4035 1796 4092 στηλι-

234 4132 463 4184 -ςεύοντα
498 4131 598 4196 τὴν
651 4128 971 4192 κακοδοξίαν
1018 4129 1197 4182 αὐτῶν
1242 4131 1336 4181 καὶ
1375 4132 1554 4181 πᾶσαν
1588 4128 1800 4196 αἵρεσιν

223 4224 536 4291 ἁναθέματι
570 4221 958 4275 ὑποϐάλλοντα.
991 4222 1111 4274 Εἰσὶ
1131 4221 1186 4273 δὲ
1204 4215 1348 4274 οὗτοι
1389 4221 1680 4290 Ἀρειανοὶ,
1709 4220 1805 4272 καὶ

226 4314 649 4377 Μακεδονιανοὶ,
677 4313 769 4365 καὶ
800 4312 1152 4374 Ναυατιανοὶ,
1184 4315 1232 4365 oi
1260 4312 1486 4374 ἑαυτοὺς
1517 4310 1806 4380 Καθαροὺς

222 4408 592 4476 ὀνομάζοντες
613 4447 626 4468 ,
660 4402 736 4461 ὧν
763 4407 861 4467 τὰς
887 4405 1129 4474 αἱρέσεις
1159 4402 1644 4474 προδεδηλώκαμεν
1665 4442 1676 4459 ,
1710 4403 1806 4454 καὶ

224 4501 616 4563 Σαϐϐατιανοὶ,
644 4493 717 4553 ὧν
744 4500 984 4568 ἡγήσατο
1009 4497 1307 4557 Σαϐϐάτιός
1327 4512 1412 4556 τις
1436 4495 1803 4575 πρεσϐύτερος

1973 3664 2226 3719 ιΟΝΑιι.
2267 3660 2637 3715 Redeuntihus
2662 3658 2727 3712 ad
2761 3666 2960 3710 rectam
2993 3655 3149 3708 fidem
3187 3652 3473 3707 haereticis.

1901 3772 2020 3825 qua:
2056 3770 2176 3807 cum
2222 3757 2301 3808 eis
2333 3752 2526 3820 agendi
2572 3750 2711 3804 ratio
2757 3751 2984 3803 tenenda
3022 3746 3114 3809 sit,
3142 3746 3242 3799 hoc
3272 3757 3475 3798 canone

1901 3845 2292 3917 prrescribitur.
2327 3842 2476 3896 Alios
2524 3841 2748 3901 etenim,
2801 3853 2906 3892 non
2950 3839 3143 3890 iterato
3188 3836 3474 3903 baptismo,

1901 3939 1995 3994 sed
2038 3937 2248 3991 libellos
2283 3933 2653 3988 tantummodo
2686 3929 3026 3992 exhibentes,
3060 3929 3162 3981 hoc
3195 3935 3297 3987 est,
3338 3925 3474 3978 scri-

1905 4038 2022 4099 ptos
2050 4043 2079 4080 a
2105 4042 2161 4080 se
2189 4024 2485 4086 codicillos,
2517 4023 2709 4088 quibus
2732 4020 3014 4089 opiniones
3045 4031 3168 4070 suas
3193 4014 3476 4075 damnent,

1901 4131 1952 4174 et
1975 4132 2214 4172 errorem
2247 4130 2402 4167 suum
2438 4112 2658 4166 infamia
2701 4117 2906 4172 notent,
2939 4117 2991 4159 et
3025 4105 3331 4158 universam
3370 4102 3477 4153 hae-

1909 4209 2072 4263 resim
2125 4211 2504 4266 exsecrentur,
2554 4200 2762 4254 admitti
2803 4198 2996 4266 placet.
3033 4194 3165 4250 Sunt
3202 4193 3253 4247 in
3280 4205 3344 4244 eo
3375 4207 3464 4244 nu-

1909 4314 2055 4353 mero
2094 4295 2303 4359 Ariani,
2343 4290 2817 4356 Macedoniamque
2843 4300 2897 4342 et
2920 4285 3225 4346 Novatiani,
3251 4284 3357 4344 illi,
3386 4283 3479 4350 qui

1910 4403 2026 4443 sese
2058 4386 2323 4442 Catharos
2352 4383 2651 4443 nominaut,
2681 4391 3026 4448 quorumque
3064 4377 3295 4430 haereses
3317 4388 3480 4440 supra

1913 4477 2267 4532 indicavimus
2292 4491 2308 4528 :
2354 4481 2409 4528 et
2445 4471 2778 4535 Sabbatiani,
2806 4469 3004 4538 quibus
3032 4466 3247 4534 praefuit
3276 4464 3482 4517 Sabba-

221 4594 329 4661 τῆς
374 4553 636 4661 αἱρέσεως
668 4553 1055 4646 τοῦηίκίαυάτου
1085 4553 1334 4648 κάκεῖνος
1367 4553 1635 4654 ὅλη-ἒχων
1753 4553 1805 4638 τι
1833 4557 1885 4616 D

1833 4557 1885 4616 D
1915 4570 2020 4622 tius
2054 4565 2268 4633 quidam
2302 4563 2587 4632 presbyter
2613 4561 2659 4615 is
2695 4574 2914 4628 quoque
2940 4573 3004 4611 ex
3039 4556 3231 4610 haeresi
3266 4553 3477 4618 Novati,

227 4689 330 4741 καὶ
367 4687 529 4739 πλέον
554 4686 792 4750 ἐκείνου,
825 4687 919 4738 καὶ
947 4684 1040 4738 τὸν
1067 4681 1388 4751 καθηγητὴν
1417 4679 1514 4746 τῆς
1548 4678 1807 4747 αἱρέσεως

227 4784 313 4839 εἰς
351 4777 550 4830 κακίαν
590 4778 776 4840 νικῶν,
817 4777 910 4829 καὶ
948 4776 1060 4836 τοῖς
1102 4773 1375 4835 Ἰουδαίοις
1412 4769 1808 4841 συνεορτάζων,

225 4871 328 4921 καὶ
359 4867 1041 4932 Τεσσαρεσκαιδεκατῖται,
1071 4865 1118 4915 οἳ
1151 4864 1212 4915 τὸ
1246 4865 1434 4930 Πάσχα
1465 4853 1811 4931 ἑορτάζουσιν

222 4966 332 5015 υύκ
358 4963 417 5014 ἐν
443 4963 716 5031 κυριακῇ,
749 4960 862 5014 ἀλλ’
889 4961 977 5012 ὅτε
998 4956 1619 5025 τεσσαρεσκαιδεκαταία
1652 4957 1685 5022 ἡ
1720 4971 1807 5005 σεο

223 5055 371 5123 λήνη
406 5056 670 5123 γένηται,
713 5056 770 5106 ὲν
798 5054 882 5121 οἵα
915 5052 980 5106 ἂν
1014 5051 1190 5121 ἡμέρᾳ
1220 5050 1357 5119 τύχῃ
1397 5050 1600 5116 ταύτην
1629 5047 1810 5116 πλήρη

227 5147 538 5213 γενέσθαι·
606 5147 920 5217 ἑορτάζουσι
977 5145 1054 5209 δὲ,
1108 5144 1467 5213 νηστεύοντες
1523 5142 1667 5204 τότε,
1719 5140 1814 5191 καὶ

229 5236 674 5308 ἀγρυπνοῦντες,
703 5237 797 5288 καὶ
817 5233 1332 5302 Ἀπολλιναριασταί
1357 5250 1368 5261 ·
1394 5232 1490 5283 οὐκ
1517 5228 1814 5283 ἁναθαπτί-

231 5329 431 5392 ζονται
477 5322 568 5379 οὖν
598 5321 771 5388 οὗτοι,
814 5328 890 5378 Ξτι
921 5326 1048 5395 περὶ
1081 5326 1137 5377 τὸ
1174 5325 1324 5392 ἆγιον
1362 5324 1643 5392 βάπτισμα
1693 5321 1814 5374 κατ’

229 5403 400 5470 οὐδὲν
424 5417 556 5486 ἡμῖν
579 5416 951 5486 διαφέρονται,
979 5416 1093 5467 ἀλλ’
1135 5415 1329 5483 ἐπίσης
1374 5418 1485 5476 τοῖς
1516 5413 1815 5483 ὀρθοδόξοις

236 5507 628 5576 βαπτίζονται.
674 5506 1189 5576 Ἀναθεματίζοντες
1223 5501 1315 5558 οὖν
1349 5504 1580 5566 ἕκαστος
1611 5505 1708 5571 την
1739 5506 1814 5555 ol-

234 5601 404 5653 κείαν
437 5596 650 5666 αἰρεσιν
687 5597 868 5658 ἰδικῶς
889 5638 902 5660 ,
940 5598 1034 5649 καὶ
1068 5599 1246 5649 πᾶσαν
1275 5597 1330 5648 δὲ
1359 5596 1553 5657 κοινῶς
1581 5597 1812 5663 αἵρεσιν,

235 5690 497 5759 χρίονται
540 5688 619 5756 τῷ
663 5689 803 5758 ἁγίῳ
851 5688 1032 5757 μύρῳ,
1085 5690 1180 5741 καὶ
1231 5688 1296 5740 τὰ
1346 5687 1479 5740 ἄλλα
1539 5685 1814 5738 τελοῦνται

240 5781 398 5833 κατὰ
435 5780 528 5830 τὸν
560 5780 779 5832 κανόνα.
804 5783 865 5833 Oi
893 5782 948 5833 δὲ
979 5780 1300 5849 Εὐνομιανοὶ
1335 5783 1428 5832 καὶ
1457 5778 1808 5830 Σαϐελλιανυὶ

250 5866 279 5886 ς

241 5871 291 5926 ὦ
316 5895 322 5912 ι
360 5873 420 5926 αἱ
449 5871 690 5940 αίρλλσεις
720 5873 818 5942 ήδη
848 5875 975 5942 παρ’
1007 5875 1138 5940 ἡμῖν
1160 5872 1524 5938 ὲδηλώθησαν,
1556 5871 1645 5922 καὶ
1678 5872 1817 5921 Mm»

1913 4659 2005 4713 sed
2034 4658 2121 4724 qui
2171 4655 2368 4724 aliquid
2407 4663 2587 4707 tamen
2630 4651 2696 4705 ad
2730 4665 2847 4704 eam
2888 4647 3204 4708 addidisset,
3235 4656 3287 4700 et
3319 4644 3482 4714 magi-

1913 4760 2079 4804 strum
2106 4748 2366 4801 Novatum
2403 4744 2746 4810 improbitate
2779 4746 3117 4810 superasset,
3155 4736 3483 4804 festivosque

1913 4843 2026 4898 dies
2046 4857 2165 4894 cum
2190 4837 2392 4892 Judzeis
2416 4836 2516 4890 coli
2547 4835 2725 4889 vellet.
2744 4834 2875 4888 Cum
2900 4832 2984 4886 his
3007 4827 3483 4896 Quartadecimaui

1914 4945 2128 5001 quoque
2161 4931 2250 4998 qui
2287 4928 2509 4981 Pascha:
2538 4924 2799 4980 solemnia
2834 4938 2938 4975 non
2969 4923 3054 4976 die
3083 4920 3362 4974 Dominica
3389 4917 3484 4971 sed

1917 5023 2121 5075 decima
2153 5029 2345 5088 quarta
2377 5019 2523 5079 luna,
2559 5028 2882 5084 quocunque
2918 5013 3131 5065 tandem
3157 5010 3243 5063 die
3273 5009 3484 5077 plenam

1916 5112 2058 5165 illam
2094 5110 2210 5162 fieri
2255 5107 2573 5176 contigerit,
2621 5103 2846 5173 jejuniis
2885 5113 3061 5154 auzem
3109 5107 3162 5153 et
3208 5095 3486 5166 pervigilio

1917 5211 2125 5253 noctem
2160 5199 2416 5252 ducentes
2444 5195 2556 5264 98
2583 5195 2860 5248 celebrant
2886 5203 2938 5246 et
2964 5188 3384 5258 Apollinaristaz.
3405 5186 3486 5239 Ah

1919 5293 2000 5344 his
2028 5292 2190 5359 igitur
2227 5287 2559 5349 hominibus,
2596 5287 2850 5356 quoniam
2885 5285 2935 5337 in
2962 5299 3047 5345 ea,
3072 5296 3190 5348 qua:
3219 5280 3286 5334 de
3318 5277 3485 5346 bapti-

1917 5401 2033 5440 smo
2063 5396 2164 5448 est,
2193 5385 2494 5454 disciplina,
2524 5381 2655 5436 nihil
2683 5398 2711 5435 a
2739 5381 2896 5435 nobis
2919 5379 3250 5445 discrepant,
3274 5374 3486 5430 eodem-

1917 5492 2018 5544 que
2062 5491 2304 5545 prorsus,
2350 5490 2458 5542 quo
2490 5471 2800 5535 orthodoxi,
2844 5471 2948 5524 ritu
2984 5468 3346 5537 baptizantur,
3393 5464 3487 5515 lia-

1919 5571 2173 5638 ptismum
2210 5577 2493 5637 preplerea
2533 5566 2700 5632 repeti
2733 5579 2838 5618 non
2879 5571 3110 5630 Oportet.
3150 5559 3289 5612 Suos
3322 5555 3487 5624 igitur

1919 5661 2214 5726 sigillatim,
2262 5670 2312 5709 et
2363 5659 2498 5710 alios
2549 5658 2843 5725 generatim
2888 5671 2948 5707 ac
2989 5653 3238 5705 universe
3277 5659 3487 5700 errores

1922 5752 2190 5812 detestati,
2234 5765 2389 5804 sacro
2429 5749 2722 5801 chrismate
2759 5749 3105 5810 intinguntur,
3147 5740 3356 5806 aliaque
3399 5751 3487 5787 ραι

1926 5859 2063 5896 noue
2108 5842 2416 5913 grtcgcripta
2456 5847 2730 5906 peri-agunt.
2783 5834 3095 5890 Eunomiani
3137 5847 3259 5883 vero
3304 5837 3354 5878 at
3393 5825 3482 5873 (8.;-
