  <div class='ocr_page' id='page_1' title='image "/cluster/home/n/w/nwhite01/storage/ocr_20150623/137/nnc1.0046979786/192.png"; bbox 0 0 4222 6460; ppageno 0'>
   <div class='ocr_carea' id='block_1_1' title="bbox 177 397 285 459">
    <p class='ocr_par' dir='ltr' id='par_1_1' title="bbox 177 397 285 459">
     <span class='ocr_line' id='line_1_1' title="bbox 177 397 285 459; baseline 0.037 -4"><span class='ocrx_word' id='word_1_1' title='bbox 177 397 285 459; x_wconf 69' lang='grc'><strong>329</strong></span> 
     </span>
    </p>
   </div>
   <div class='ocr_carea' id='block_1_2' title="bbox 1371 398 2282 460">
    <p class='ocr_par' dir='ltr' id='par_1_2' title="bbox 1371 398 2282 460">
     <span class='ocr_line' id='line_1_2' title="bbox 1371 398 2282 460; baseline -0.001 -2"><span class='ocrx_word' id='word_1_2' title='bbox 1371 400 1450 458; x_wconf 82' lang='lat' dir='ltr'><strong>1N</strong></span> <span class='ocrx_word' id='word_1_3' title='bbox 1495 399 1664 458; x_wconf 81' lang='lat' dir='ltr'><strong>CAN.</strong></span> <span class='ocrx_word' id='word_1_4' title='bbox 1711 399 1752 457; x_wconf 84' lang='lat' dir='ltr'><strong>V</strong></span> <span class='ocrx_word' id='word_1_5' title='bbox 1800 398 2014 458; x_wconf 82' lang='lat' dir='ltr'><strong>CONC.</strong></span> <span class='ocrx_word' id='word_1_6' title='bbox 2056 399 2163 460; x_wconf 71' lang='grc' dir='ltr'><strong>ΟΡ.</strong></span> <span class='ocrx_word' id='word_1_7' title='bbox 2204 400 2282 458; x_wconf 87' lang='grc' dir='ltr'><strong>ΙΙ.</strong></span> 
     </span>
    </p>
   </div>
   <div class='ocr_carea' id='block_1_3' title="bbox 3331 404 3433 465">
    <p class='ocr_par' dir='ltr' id='par_1_3' title="bbox 3331 404 3433 465">
     <span class='ocr_line' id='line_1_3' title="bbox 3331 404 3433 465; baseline 0.02 -2"><span class='ocrx_word' id='word_1_8' title='bbox 3331 404 3433 465; x_wconf 75' lang='grc' dir='ltr'><strong>3ἷῖ0</strong></span> 
     </span>
    </p>
   </div>
   <div class='ocr_carea' id='block_1_4' title="bbox 174 505 1772 580">
    <p class='ocr_par' dir='ltr' id='par_1_4' title="bbox 174 507 1751 580">
     <span class='ocr_line' id='line_1_4' title="bbox 174 507 1751 580; baseline -0.001 -18"><span class='ocrx_word' id='word_1_9' title='bbox 174 512 234 563; x_wconf 75' lang='grc' dir='ltr'><strong>δὲ</strong></span> <span class='ocrx_word' id='word_1_10' title='bbox 263 512 359 562; x_wconf 80' lang='grc' dir='ltr'>τοῦ</span> <span class='ocrx_word' id='word_1_11' title='bbox 391 507 785 580; x_wconf 74' lang='grc' dir='ltr'>ἀρχιερατικοῦ</span> <span class='ocrx_word' id='word_1_12' title='bbox 817 507 1010 578; x_wconf 84' lang='grc' dir='ltr'><strong>θρόνου</strong></span> <span class='ocrx_word' id='word_1_13' title='bbox 1066 507 1168 576; x_wconf 80' lang='grc' dir='ltr'>τῆς</span> <span class='ocrx_word' id='word_1_14' title='bbox 1229 507 1751 560; x_wconf 79' lang='grc' dir='ltr'>Κωνσταντινουπό-</span> 
     </span>
    </p>
   </div>
   <div class='ocr_carea' id='block_1_5' title="bbox 1874 505 3438 580">
    <p class='ocr_par' dir='ltr' id='par_1_5' title="bbox 1874 505 3438 574">
     <span class='ocr_line' id='line_1_5' title="bbox 1874 505 3438 574; baseline 0.004 -15"><span class='ocrx_word' id='word_1_15' title='bbox 1874 509 2112 574; x_wconf 67' lang='lat' dir='ltr'><strong>scriptus,</strong></span> <span class='ocrx_word' id='word_1_16' title='bbox 2157 515 2346 559; x_wconf 88' lang='lat' dir='ltr'><strong>sancto</strong></span> <span class='ocrx_word' id='word_1_17' title='bbox 2392 505 2536 559; x_wconf 84' lang='lat' dir='ltr'><strong>Patri</strong></span> <span class='ocrx_word' id='word_1_18' title='bbox 2583 507 2718 563; x_wconf 91' lang='lat' dir='ltr'><strong>adeo</strong></span> <span class='ocrx_word' id='word_1_19' title='bbox 2769 508 3052 563; x_wconf 75' lang='lat' dir='ltr'><strong>familiaris</strong></span> <span class='ocrx_word' id='word_1_20' title='bbox 3097 508 3214 574; x_wconf 83' lang='lat' dir='ltr'><strong>luit,</strong></span> <span class='ocrx_word' id='word_1_21' title='bbox 3273 522 3331 564; x_wconf 90' lang='lat' dir='ltr'><strong>ut</strong></span> <span class='ocrx_word' id='word_1_22' title='bbox 3371 516 3438 565; x_wconf 87' lang='lat' dir='ltr'><strong>ad</strong></span> 
     </span>
    </p>
   </div>
   <div class='ocr_carea' id='block_1_6' title="bbox 177 598 1756 670">
    <p class='ocr_par' dir='ltr' id='par_1_6' title="bbox 177 598 1756 670">
     <span class='ocr_line' id='line_1_6' title="bbox 177 598 1756 670; baseline 0 -19"><span class='ocrx_word' id='word_1_23' title='bbox 177 599 318 661; x_wconf 84' lang='grc' dir='ltr'>λεως</span> <span class='ocrx_word' id='word_1_24' title='bbox 346 601 609 668; x_wconf 85' lang='grc' dir='ltr'>γεγονὼς,</span> <span class='ocrx_word' id='word_1_25' title='bbox 634 602 896 670; x_wconf 80' lang='grc' dir='ltr'>χρήματα</span> <span class='ocrx_word' id='word_1_26' title='bbox 920 598 1133 652; x_wconf 85' lang='grc' dir='ltr'><strong>στέλλει</strong></span> <span class='ocrx_word' id='word_1_27' title='bbox 1167 601 1249 660; x_wconf 87' lang='grc' dir='ltr'><strong>είς</strong></span> <span class='ocrx_word' id='word_1_28' title='bbox 1316 599 1756 669; x_wconf 66' lang='grc' dir='ltr'>Ἀλεξάνδρειαν,</span> 
     </span>
    </p>
   </div>
   <div class='ocr_carea' id='block_1_7' title="bbox 185 691 1765 760">
    <p class='ocr_par' dir='ltr' id='par_1_7' title="bbox 185 691 1765 760">
     <span class='ocr_line' id='line_1_7' title="bbox 185 691 1765 760; baseline 0.001 -17"><span class='ocrx_word' id='word_1_29' title='bbox 185 691 448 744; x_wconf 74' lang='grc' dir='ltr'>κάκεῖθεν</span> <span class='ocrx_word' id='word_1_30' title='bbox 504 693 840 751; x_wconf 79' lang='grc' dir='ltr'><strong>ἐπισκόπους</strong></span> <span class='ocrx_word' id='word_1_31' title='bbox 891 692 1016 758; x_wconf 81' lang='grc' dir='ltr'>ἄγει</span> <span class='ocrx_word' id='word_1_32' title='bbox 1074 691 1554 760; x_wconf 78' lang='grc' dir='ltr'>χειροτονήσοντας</span> <span class='ocrx_word' id='word_1_33' title='bbox 1603 692 1765 744; x_wconf 82' lang='grc' dir='ltr'>αὑτὸν</span> 
     </span>
    </p>
   </div>
   <div class='ocr_carea' id='block_1_8' title="bbox 183 783 1764 852">
    <p class='ocr_par' dir='ltr' id='par_1_8' title="bbox 183 783 1764 852">
     <span class='ocr_line' id='line_1_8' title="bbox 183 783 1764 852; baseline 0.001 -18"><span class='ocrx_word' id='word_1_34' title='bbox 183 784 457 852; x_wconf 76' lang='grc' dir='ltr'><strong>ἀρχιερέα</strong></span> <span class='ocrx_word' id='word_1_35' title='bbox 507 785 605 852; x_wconf 80' lang='grc' dir='ltr'><strong>τῆς</strong></span> <span class='ocrx_word' id='word_1_36' title='bbox 638 783 1290 844; x_wconf 81' lang='grc' dir='ltr'>Κωνσταντινουπόλεως,</span> <span class='ocrx_word' id='word_1_37' title='bbox 1329 785 1466 852; x_wconf 75' lang='grc' dir='ltr'>ἔχων</span> <span class='ocrx_word' id='word_1_38' title='bbox 1502 783 1596 835; x_wconf 90' lang='grc' dir='ltr'><strong>καί</strong></span> <span class='ocrx_word' id='word_1_39' title='bbox 1640 800 1764 836; x_wconf 87' lang='grc' dir='ltr'>τινα</span> 
     </span>
    </p>
   </div>
   <div class='ocr_carea' id='block_1_9' title="bbox 180 873 1765 944">
    <p class='ocr_par' dir='ltr' id='par_1_9' title="bbox 180 873 1765 944">
     <span class='ocr_line' id='line_1_9' title="bbox 180 873 1765 944; baseline 0.001 -20"><span class='ocrx_word' id='word_1_40' title='bbox 180 874 450 944; x_wconf 71' lang='grc' dir='ltr'>συνεργὸν</span> <span class='ocrx_word' id='word_1_41' title='bbox 483 875 592 926; x_wconf 85' lang='grc' dir='ltr'><strong>τῶν</strong></span> <span class='ocrx_word' id='word_1_42' title='bbox 625 875 976 926; x_wconf 72' lang='grc' dir='ltr'>οἰκειοτάτων</span> <span class='ocrx_word' id='word_1_43' title='bbox 1006 873 1084 942; x_wconf 85' lang='grc' dir='ltr'><strong>τῷ</strong></span> <span class='ocrx_word' id='word_1_44' title='bbox 1121 873 1388 944; x_wconf 73' lang='grc' dir='ltr'>Θεολόγῳ.</span> <span class='ocrx_word' id='word_1_45' title='bbox 1426 875 1563 943; x_wconf 76' lang='grc' dir='ltr'><strong>Ἰἰδη</strong></span> <span class='ocrx_word' id='word_1_46' title='bbox 1591 874 1647 926; x_wconf 83' lang='grc' dir='ltr'>δὲ</span> <span class='ocrx_word' id='word_1_47' title='bbox 1670 876 1765 940; x_wconf 84' lang='grc' dir='ltr'>τῆς</span> 
     </span>
    </p>
   </div>
   <div class='ocr_carea' id='block_1_10' title="bbox 178 965 1764 1036">
    <p class='ocr_par' dir='ltr' id='par_1_10' title="bbox 178 965 1764 1036">
     <span class='ocr_line' id='line_1_10' title="bbox 178 965 1764 1036; baseline 0.001 -20"><span class='ocrx_word' id='word_1_48' title='bbox 178 966 485 1034; x_wconf 72' lang='grc' dir='ltr'><strong>ἐκκλησίας</strong></span> <span class='ocrx_word' id='word_1_49' title='bbox 511 966 657 1018; x_wconf 74' lang='grc' dir='ltr'>ἔνδον</span> <span class='ocrx_word' id='word_1_50' title='bbox 685 967 996 1035; x_wconf 86' lang='grc' dir='ltr'>γενόμενοι,</span> <span class='ocrx_word' id='word_1_51' title='bbox 1061 966 1171 1034; x_wconf 79' lang='grc' dir='ltr'><strong>πρὸ</strong></span> <span class='ocrx_word' id='word_1_52' title='bbox 1239 967 1332 1018; x_wconf 81' lang='grc' dir='ltr'>τοῦ</span> <span class='ocrx_word' id='word_1_53' title='bbox 1399 965 1616 1020; x_wconf 82' lang='grc' dir='ltr'><strong>τελέσαι</strong></span> <span class='ocrx_word' id='word_1_54' title='bbox 1665 968 1764 1036; x_wconf 80' lang='grc' dir='ltr'>τὴν</span> 
     </span>
    </p>
   </div>
   <div class='ocr_carea' id='block_1_11' title="bbox 176 1057 1762 1128">
    <p class='ocr_par' dir='ltr' id='par_1_11' title="bbox 176 1057 1762 1128">
     <span class='ocr_line' id='line_1_11' title="bbox 176 1057 1762 1128; baseline 0.001 -21"><span class='ocrx_word' id='word_1_55' title='bbox 176 1057 404 1128; x_wconf 73' lang='grc' dir='ltr'>τελετὴν</span> <span class='ocrx_word' id='word_1_56' title='bbox 437 1059 803 1124; x_wconf 79' lang='grc' dir='ltr'><strong>γνωσθέντες,</strong></span> <span class='ocrx_word' id='word_1_57' title='bbox 832 1057 1202 1126; x_wconf 80' lang='grc' dir='ltr'><strong>ἀπηλάθησαν</strong></span> <span class='ocrx_word' id='word_1_58' title='bbox 1230 1058 1336 1110; x_wconf 77' lang='grc' dir='ltr'><strong>ὑπὸ</strong></span> <span class='ocrx_word' id='word_1_59' title='bbox 1382 1058 1494 1110; x_wconf 89' lang='grc' dir='ltr'><strong>τῶν</strong></span> <span class='ocrx_word' id='word_1_60' title='bbox 1532 1058 1762 1122; x_wconf 82' lang='grc' dir='ltr'><strong>πιστῶν,</strong></span> 
     </span>
    </p>
   </div>
   <div class='ocr_carea' id='block_1_12' title="bbox 177 1149 1768 1220">
    <p class='ocr_par' dir='ltr' id='par_1_12' title="bbox 177 1149 1768 1220">
     <span class='ocr_line' id='line_1_12' title="bbox 177 1149 1768 1220; baseline 0.003 -21"><span class='ocrx_word' id='word_1_61' title='bbox 177 1151 276 1200; x_wconf 74' lang='grc' dir='ltr'><strong>καὶ</strong></span> <span class='ocrx_word' id='word_1_62' title='bbox 295 1151 671 1212; x_wconf 81' lang='grc' dir='ltr'><strong>ἀπελαθέντες</strong></span> <span class='ocrx_word' id='word_1_63' title='bbox 705 1150 806 1202; x_wconf 80' lang='grc' dir='ltr'><strong>οὐκ</strong></span> <span class='ocrx_word' id='word_1_64' title='bbox 863 1149 1246 1220; x_wconf 75' lang='grc' dir='ltr'>ἐφησύχασαν,</span> <span class='ocrx_word' id='word_1_65' title='bbox 1297 1149 1412 1202; x_wconf 84' lang='grc' dir='ltr'>ἀλλ’</span> <span class='ocrx_word' id='word_1_66' title='bbox 1469 1152 1549 1211; x_wconf 87' lang='grc' dir='ltr'>εἰς</span> <span class='ocrx_word' id='word_1_67' title='bbox 1589 1151 1768 1203; x_wconf 73' lang='grc' dir='ltr'>οἰκίαν</span> 
     </span>
    </p>
   </div>
   <div class='ocr_carea' id='block_1_13' title="bbox 176 1240 1766 1310">
    <p class='ocr_par' dir='ltr' id='par_1_13' title="bbox 176 1240 1766 1310">
     <span class='ocr_line' id='line_1_13' title="bbox 176 1240 1766 1310; baseline 0.001 -18"><span class='ocrx_word' id='word_1_68' title='bbox 176 1242 462 1304; x_wconf 77' lang='grc' dir='ltr'>εἰσδύντες</span> <span class='ocrx_word' id='word_1_69' title='bbox 521 1240 790 1310; x_wconf 82' lang='grc' dir='ltr'>χοραύλου</span> <span class='ocrx_word' id='word_1_70' title='bbox 856 1240 1021 1302; x_wconf 84' lang='grc' dir='ltr'>τινὸς.</span> <span class='ocrx_word' id='word_1_71' title='bbox 1069 1241 1186 1293; x_wconf 77' lang='grc' dir='ltr'>ἐκεῖ</span> <span class='ocrx_word' id='word_1_72' title='bbox 1239 1241 1612 1310; x_wconf 80' lang='grc' dir='ltr'><strong>χειροτονοῦσι</strong></span> <span class='ocrx_word' id='word_1_73' title='bbox 1673 1242 1766 1293; x_wconf 67' lang='grc' dir='ltr'><strong>τὸν</strong></span> 
     </span>
    </p>
   </div>
   <div class='ocr_carea' id='block_1_14' title="bbox 177 1329 1764 1401">
    <p class='ocr_par' dir='ltr' id='par_1_14' title="bbox 177 1329 1764 1401">
     <span class='ocr_line' id='line_1_14' title="bbox 177 1329 1764 1401; baseline -0.001 -17"><span class='ocrx_word' id='word_1_74' title='bbox 177 1331 460 1399; x_wconf 73' lang='grc' dir='ltr'>Μάξιμον,</span> <span class='ocrx_word' id='word_1_75' title='bbox 495 1333 545 1383; x_wconf 83' lang='lat' dir='ltr'><strong>sl</strong></span> <span class='ocrx_word' id='word_1_76' title='bbox 577 1331 670 1383; x_wconf 67' lang='grc' dir='ltr'><strong>καὶ</strong></span> <span class='ocrx_word' id='word_1_77' title='bbox 727 1330 896 1400; x_wconf 80' lang='grc' dir='ltr'>μηδὲν</span> <span class='ocrx_word' id='word_1_78' title='bbox 934 1330 1193 1383; x_wconf 81' lang='grc' dir='ltr'>ἀπώνατο</span> <span class='ocrx_word' id='word_1_79' title='bbox 1242 1329 1341 1397; x_wconf 83' lang='grc' dir='ltr'>τῆς</span> <span class='ocrx_word' id='word_1_80' title='bbox 1393 1331 1523 1401; x_wconf 79' lang='grc' dir='ltr'>περὶ</span> <span class='ocrx_word' id='word_1_81' title='bbox 1589 1330 1764 1384; x_wconf 79' lang='grc' dir='ltr'>ταῦτα</span> 
     </span>
    </p>
   </div>
   <div class='ocr_carea' id='block_1_15' title="bbox 177 1420 1769 1491">
    <p class='ocr_par' dir='ltr' id='par_1_15' title="bbox 177 1420 1769 1491">
     <span class='ocr_line' id='line_1_15' title="bbox 177 1420 1769 1491; baseline 0 -17"><span class='ocrx_word' id='word_1_82' title='bbox 177 1422 489 1491; x_wconf 79' lang='grc' dir='ltr'><strong>μοχθηρίας</strong></span> <span class='ocrx_word' id='word_1_83' title='bbox 523 1438 538 1450; x_wconf 90' lang='grc'><strong>·</strong></span> <span class='ocrx_word' id='word_1_84' title='bbox 564 1421 814 1490; x_wconf 71' lang='grc' dir='ltr'>οὐδὲγὰρ</span> <span class='ocrx_word' id='word_1_85' title='bbox 835 1421 1035 1475; x_wconf 82' lang='grc' dir='ltr'>ἀνύσαι</span> <span class='ocrx_word' id='word_1_86' title='bbox 1067 1439 1120 1474; x_wconf 90' lang='grc' dir='ltr'><strong>τι</strong></span> <span class='ocrx_word' id='word_1_87' title='bbox 1179 1420 1453 1491; x_wconf 84' lang='grc' dir='ltr'>δεδύνητο.</span> <span class='ocrx_word' id='word_1_88' title='bbox 1534 1423 1769 1486; x_wconf 78' lang='grc' dir='ltr'>Ἀπεκη-</span> 
     </span>
    </p>
   </div>
   <div class='ocr_carea' id='block_1_16' title="bbox 177 1512 1762 1584">
    <p class='ocr_par' dir='ltr' id='par_1_16' title="bbox 177 1512 1762 1584">
     <span class='ocr_line' id='line_1_16' title="bbox 177 1512 1762 1584; baseline 0.002 -21"><span class='ocrx_word' id='word_1_89' title='bbox 177 1513 358 1580; x_wconf 78' lang='grc' dir='ltr'>ρύχθη</span> <span class='ocrx_word' id='word_1_90' title='bbox 387 1512 482 1565; x_wconf 75' lang='grc' dir='ltr'><strong>οὖν</strong></span> <span class='ocrx_word' id='word_1_91' title='bbox 514 1512 602 1564; x_wconf 84' lang='grc' dir='ltr'><strong>διὰ</strong></span> <span class='ocrx_word' id='word_1_92' title='bbox 644 1512 741 1565; x_wconf 85' lang='grc' dir='ltr'>τοῦ</span> <span class='ocrx_word' id='word_1_93' title='bbox 773 1514 1048 1582; x_wconf 83' lang='grc' dir='ltr'>παρόντος</span> <span class='ocrx_word' id='word_1_94' title='bbox 1078 1513 1301 1575; x_wconf 75' lang='grc' dir='ltr'>κανόνος</span> <span class='ocrx_word' id='word_1_95' title='bbox 1333 1513 1442 1566; x_wconf 84' lang='grc' dir='ltr'><strong>ὑπὸ</strong></span> <span class='ocrx_word' id='word_1_96' title='bbox 1465 1512 1572 1566; x_wconf 85' lang='grc' dir='ltr'><strong>τῶν</strong></span> <span class='ocrx_word' id='word_1_97' title='bbox 1607 1516 1665 1566; x_wconf 84' lang='grc' dir='ltr'>ὲν</span> <span class='ocrx_word' id='word_1_98' title='bbox 1695 1517 1762 1584; x_wconf 82' lang='grc' dir='ltr'>τῇ</span> 
     </span>
    </p>
   </div>
   <div class='ocr_carea' id='block_1_17' title="bbox 176 1603 1768 1674">
    <p class='ocr_par' dir='ltr' id='par_1_17' title="bbox 176 1603 1768 1674">
     <span class='ocr_line' id='line_1_17' title="bbox 176 1603 1768 1674; baseline 0.001 -19"><span class='ocrx_word' id='word_1_99' title='bbox 176 1605 420 1673; x_wconf 76' lang='grc' dir='ltr'><strong>δευτέρᾳ</strong></span> <span class='ocrx_word' id='word_1_100' title='bbox 459 1604 661 1671; x_wconf 85' lang='grc' dir='ltr'>συνόδῳ</span> <span class='ocrx_word' id='word_1_101' title='bbox 694 1603 1066 1656; x_wconf 86' lang='grc' dir='ltr'>συνελθόντων</span> <span class='ocrx_word' id='word_1_102' title='bbox 1098 1603 1271 1670; x_wconf 83' lang='grc' dir='ltr'>ἁγίων</span> <span class='ocrx_word' id='word_1_103' title='bbox 1304 1604 1570 1674; x_wconf 70' lang='grc' dir='ltr'>Πατάρων</span> <span class='ocrx_word' id='word_1_104' title='bbox 1647 1606 1768 1674; x_wconf 87' lang='grc' dir='ltr'>ὁρι-</span> 
     </span>
    </p>
   </div>
   <div class='ocr_carea' id='block_1_18' title="bbox 178 1691 1766 1766">
    <p class='ocr_par' dir='ltr' id='par_1_18' title="bbox 178 1691 1766 1766">
     <span class='ocr_line' id='line_1_18' title="bbox 178 1691 1766 1766; baseline 0.001 -19"><span class='ocrx_word' id='word_1_105' title='bbox 178 1697 393 1749; x_wconf 85' lang='grc' dir='ltr'>σάντων</span> <span class='ocrx_word' id='word_1_106' title='bbox 422 1697 561 1766; x_wconf 81' lang='grc' dir='ltr'>μήτε</span> <span class='ocrx_word' id='word_1_107' title='bbox 599 1696 902 1747; x_wconf 71' lang='grc' dir='ltr'>ἐπίσκοπον</span> <span class='ocrx_word' id='word_1_108' title='bbox 936 1694 1102 1747; x_wconf 81' lang='grc' dir='ltr'>αὑτὸν</span> <span class='ocrx_word' id='word_1_109' title='bbox 1134 1693 1417 1761; x_wconf 86' lang='grc' dir='ltr'>γενέσθαι,</span> <span class='ocrx_word' id='word_1_110' title='bbox 1449 1693 1481 1762; x_wconf 85' lang='grc' dir='ltr'><strong>ἧ</strong></span> <span class='ocrx_word' id='word_1_111' title='bbox 1511 1691 1650 1747; x_wconf 77' lang='grc' dir='ltr'>εἶναι</span> <span class='ocrx_word' id='word_1_112' title='bbox 1678 1696 1766 1748; x_wconf 75' lang='grc' dir='ltr'><strong>διὰ</strong></span> 
     </span>
    </p>
   </div>
   <div class='ocr_carea' id='block_1_19' title="bbox 178 1785 1769 1856">
    <p class='ocr_par' dir='ltr' id='par_1_19' title="bbox 178 1785 1769 1856">
     <span class='ocr_line' id='line_1_19' title="bbox 178 1785 1769 1856; baseline 0.002 -22"><span class='ocrx_word' id='word_1_113' title='bbox 178 1786 233 1836; x_wconf 75' lang='grc' dir='ltr'>τὸ</span> <span class='ocrx_word' id='word_1_114' title='bbox 256 1787 548 1854; x_wconf 78' lang='grc' dir='ltr'>ὲκθέσμως</span> <span class='ocrx_word' id='word_1_115' title='bbox 582 1786 1087 1856; x_wconf 84' lang='grc' dir='ltr'>κεχειροτονῆσθαι,</span> <span class='ocrx_word' id='word_1_116' title='bbox 1126 1786 1264 1855; x_wconf 76' lang='grc' dir='ltr'>μήτε</span> <span class='ocrx_word' id='word_1_117' title='bbox 1316 1785 1448 1853; x_wconf 79' lang='grc' dir='ltr'>παρ’</span> <span class='ocrx_word' id='word_1_118' title='bbox 1483 1786 1631 1854; x_wconf 78' lang='grc' dir='ltr'>αὑτῷ</span> <span class='ocrx_word' id='word_1_119' title='bbox 1655 1802 1769 1854; x_wconf 88' lang='grc' dir='ltr'>χει-</span> 
     </span>
    </p>
   </div>
   <div class='ocr_carea' id='block_1_20' title="bbox 177 1874 1768 1946">
    <p class='ocr_par' dir='ltr' id='par_1_20' title="bbox 177 1874 1768 1946">
     <span class='ocr_line' id='line_1_20' title="bbox 177 1874 1768 1946; baseline -0.001 -19"><span class='ocrx_word' id='word_1_120' title='bbox 177 1875 570 1944; x_wconf 80' lang='grc' dir='ltr'>ροτονηθέντας</span> <span class='ocrx_word' id='word_1_121' title='bbox 599 1876 890 1944; x_wconf 78' lang='grc' dir='ltr'>κληρωτοὺς</span> <span class='ocrx_word' id='word_1_122' title='bbox 920 1876 1209 1946; x_wconf 83' lang='grc' dir='ltr'>ὑπάρχειν.</span> <span class='ocrx_word' id='word_1_123' title='bbox 1242 1875 1510 1944; x_wconf 83' lang='grc' dir='ltr'>’Ὑστερον</span> <span class='ocrx_word' id='word_1_124' title='bbox 1534 1874 1592 1926; x_wconf 76' lang='grc' dir='ltr'><strong>δὲ</strong></span> <span class='ocrx_word' id='word_1_125' title='bbox 1629 1891 1768 1940; x_wconf 84' lang='grc' dir='ltr'>γνω-</span> 
     </span>
    </p>
   </div>
   <div class='ocr_carea' id='block_1_21' title="bbox 177 1965 1774 2037">
    <p class='ocr_par' dir='ltr' id='par_1_21' title="bbox 177 1965 1774 2037">
     <span class='ocr_line' id='line_1_21' title="bbox 177 1965 1774 2037; baseline 0.001 -21"><span class='ocrx_word' id='word_1_126' title='bbox 177 1965 334 2028; x_wconf 79' lang='grc' dir='ltr'>σθεὶς</span> <span class='ocrx_word' id='word_1_127' title='bbox 398 1967 470 2018; x_wconf 84' lang='grc' dir='ltr'><strong>τὰ.</strong></span> <span class='ocrx_word' id='word_1_128' title='bbox 525 1967 946 2037; x_wconf 79' lang='grc' dir='ltr'>’Δπολλιναρίου</span> <span class='ocrx_word' id='word_1_129' title='bbox 1013 1968 1237 2036; x_wconf 79' lang='grc' dir='ltr'>φρονεῖν</span> <span class='ocrx_word' id='word_1_130' title='bbox 1295 1967 1391 2020; x_wconf 78' lang='grc' dir='ltr'><strong>καὶ</strong></span> <span class='ocrx_word' id='word_1_131' title='bbox 1449 1965 1774 2033; x_wconf 84' lang='grc' dir='ltr'>ἀνεθεματί-</span> 
     </span>
    </p>
   </div>
   <div class='ocr_carea' id='block_1_22' title="bbox 177 2058 1764 2128">
    <p class='ocr_par' dir='ltr' id='par_1_22' title="bbox 177 2058 1764 2128">
     <span class='ocr_line' id='line_1_22' title="bbox 177 2058 1764 2128; baseline 0 -18"><span class='ocrx_word' id='word_1_132' title='bbox 177 2059 303 2126; x_wconf 77' lang='grc' dir='ltr'>σθη.</span> <span class='ocrx_word' id='word_1_133' title='bbox 365 2058 574 2113; x_wconf 80' lang='grc' dir='ltr'>Τούτου</span> <span class='ocrx_word' id='word_1_134' title='bbox 633 2062 728 2114; x_wconf 77' lang='grc' dir='ltr'>καὶ</span> <span class='ocrx_word' id='word_1_135' title='bbox 771 2063 800 2114; x_wconf 89' lang='grc' dir='ltr'><strong>ό</strong></span> <span class='ocrx_word' id='word_1_136' title='bbox 856 2060 1119 2127; x_wconf 88' lang='grc' dir='ltr'>Θεολὸγος</span> <span class='ocrx_word' id='word_1_137' title='bbox 1165 2059 1223 2114; x_wconf 77' lang='grc' dir='ltr'>ἐν</span> <span class='ocrx_word' id='word_1_138' title='bbox 1256 2077 1365 2112; x_wconf 89' lang='grc' dir='ltr'>τινι</span> <span class='ocrx_word' id='word_1_139' title='bbox 1402 2059 1512 2112; x_wconf 88' lang='grc' dir='ltr'><strong>τῶν</strong></span> <span class='ocrx_word' id='word_1_140' title='bbox 1543 2059 1619 2128; x_wconf 83' lang='grc' dir='ltr'><strong>μὴ</strong></span> <span class='ocrx_word' id='word_1_141' title='bbox 1678 2059 1764 2111; x_wconf 77' lang='grc' dir='ltr'><strong>ἐπ’</strong></span> 
     </span>
    </p>
   </div>
   <div class='ocr_carea' id='block_1_23' title="bbox 178 2150 1768 2221">
    <p class='ocr_par' dir='ltr' id='par_1_23' title="bbox 178 2150 1768 2221">
     <span class='ocr_line' id='line_1_23' title="bbox 178 2150 1768 2221; baseline 0.002 -20"><span class='ocrx_word' id='word_1_142' title='bbox 178 2151 480 2220; x_wconf 66' lang='grc' dir='ltr'>ἐκκλησίας</span> <span class='ocrx_word' id='word_1_143' title='bbox 509 2151 1030 2220; x_wconf 77' lang='grc' dir='ltr'>ἀναγινωσκομένων</span> <span class='ocrx_word' id='word_1_144' title='bbox 1058 2151 1232 2219; x_wconf 84' lang='grc' dir='ltr'>λόγων</span> <span class='ocrx_word' id='word_1_145' title='bbox 1269 2150 1436 2205; x_wconf 84' lang='grc' dir='ltr'>αὑτοῦ</span> <span class='ocrx_word' id='word_1_146' title='bbox 1473 2151 1768 2221; x_wconf 78' lang='grc' dir='ltr'>μέμνηται.</span> 
     </span>
    </p>
   </div>
   <div class='ocr_carea' id='block_1_24' title="bbox 1869 598 3444 664">
    <p class='ocr_par' dir='ltr' id='par_1_24' title="bbox 1869 598 3444 664">
     <span class='ocr_line' id='line_1_24' title="bbox 1869 598 3444 664; baseline 0.003 -14"><span class='ocrx_word' id='word_1_147' title='bbox 1869 613 2069 650; x_wconf 70' lang='lat' dir='ltr'><strong>mensze</strong></span> <span class='ocrx_word' id='word_1_148' title='bbox 2097 611 2311 664; x_wconf 89' lang='lat' dir='ltr'><strong>quoque</strong></span> <span class='ocrx_word' id='word_1_149' title='bbox 2340 598 2776 653; x_wconf 85' lang='lat' dir='ltr'><strong>communionem</strong></span> <span class='ocrx_word' id='word_1_150' title='bbox 2811 601 2876 653; x_wconf 89' lang='lat' dir='ltr'><strong>ab</strong></span> <span class='ocrx_word' id='word_1_151' title='bbox 2915 603 3106 654; x_wconf 90' lang='lat' dir='ltr'><strong>eodem</strong></span> <span class='ocrx_word' id='word_1_152' title='bbox 3132 601 3444 654; x_wconf 74' lang='lat' dir='ltr'><strong>admittere-</strong></span> 
     </span>
    </p>
   </div>
   <div class='ocr_carea' id='block_1_25' title="bbox 1870 688 3445 765">
    <p class='ocr_par' dir='ltr' id='par_1_25' title="bbox 1870 688 3445 765">
     <span class='ocr_line' id='line_1_25' title="bbox 1870 688 3445 765; baseline 0.003 -24"><span class='ocrx_word' id='word_1_153' title='bbox 1870 699 1977 742; x_wconf 92' lang='lat' dir='ltr'><strong>tur.</strong></span> <span class='ocrx_word' id='word_1_154' title='bbox 2021 688 2214 743; x_wconf 85' lang='lat' dir='ltr'><strong>Postea</strong></span> <span class='ocrx_word' id='word_1_155' title='bbox 2245 705 2367 744; x_wconf 91' lang='lat' dir='ltr'><strong>cum</strong></span> <span class='ocrx_word' id='word_1_156' title='bbox 2397 690 2811 760; x_wconf 85' lang='lat' dir='ltr'><strong>patriarcbalem</strong></span> <span class='ocrx_word' id='word_1_157' title='bbox 2834 692 3445 765; x_wconf 69' lang='lat' dir='ltr'><strong>Cunstantinopolitana:</strong></span> 
     </span>
    </p>
   </div>
   <div class='ocr_carea' id='block_1_26' title="bbox 1869 782 3442 851">
    <p class='ocr_par' dir='ltr' id='par_1_26' title="bbox 1869 782 3442 851">
     <span class='ocr_line' id='line_1_26' title="bbox 1869 782 3442 851; baseline 0.003 -17"><span class='ocrx_word' id='word_1_158' title='bbox 1869 783 2014 834; x_wconf 83' lang='lat' dir='ltr'><strong>sedis</strong></span> <span class='ocrx_word' id='word_1_159' title='bbox 2054 782 2366 849; x_wconf 80' lang='lat' dir='ltr'><strong>dignitatem</strong></span> <span class='ocrx_word' id='word_1_160' title='bbox 2422 783 2817 851; x_wconf 90' lang='lat' dir='ltr'><strong>concupiisset,</strong></span> <span class='ocrx_word' id='word_1_161' title='bbox 2866 785 3104 850; x_wconf 74' lang='lat' dir='ltr'><strong>pecunia:</strong></span> <span class='ocrx_word' id='word_1_162' title='bbox 3151 801 3442 839; x_wconf 85' lang='lat' dir='ltr'><strong>numerum</strong></span> 
     </span>
    </p>
   </div>
   <div class='ocr_carea' id='block_1_27' title="bbox 1871 873 3450 945">
    <p class='ocr_par' dir='ltr' id='par_1_27' title="bbox 1871 873 3450 945">
     <span class='ocr_line' id='line_1_27' title="bbox 1871 873 3450 945; baseline 0.004 -22"><span class='ocrx_word' id='word_1_163' title='bbox 1871 873 2032 927; x_wconf 89' lang='lat' dir='ltr'><strong>mittit</strong></span> <span class='ocrx_word' id='word_1_164' title='bbox 2081 873 2489 938; x_wconf 75' lang='lat' dir='ltr'><strong>Alexandriam,</strong></span> <span class='ocrx_word' id='word_1_165' title='bbox 2544 874 2754 942; x_wconf 87' lang='lat' dir='ltr'><strong>sibique</strong></span> <span class='ocrx_word' id='word_1_166' title='bbox 2786 874 2909 927; x_wconf 89' lang='lat' dir='ltr'><strong>inde</strong></span> <span class='ocrx_word' id='word_1_167' title='bbox 2949 877 3204 928; x_wconf 77' lang='lat' dir='ltr'><strong>subornat</strong></span> <span class='ocrx_word' id='word_1_168' title='bbox 3237 875 3450 945; x_wconf 85' lang='lat' dir='ltr'><strong>episeo-</strong></span> 
     </span>
    </p>
   </div>
   <div class='ocr_carea' id='block_1_28' title="bbox 1868 967 3443 1035">
    <p class='ocr_par' dir='ltr' id='par_1_28' title="bbox 1868 967 3443 1035">
     <span class='ocr_line' id='line_1_28' title="bbox 1868 967 3443 1035; baseline 0.004 -18"><span class='ocrx_word' id='word_1_169' title='bbox 1868 979 1966 1032; x_wconf 52' lang='grc' dir='ltr'>ρος</span> <span class='ocrx_word' id='word_1_170' title='bbox 2009 967 2505 1034; x_wconf 67' lang='grc' dir='ltr'>(ἶοιιδιοηιίηοροιίε</span> <span class='ocrx_word' id='word_1_171' title='bbox 2534 967 2898 1035; x_wconf 87' lang='lat' dir='ltr'><strong>patriarcham</strong></span> <span class='ocrx_word' id='word_1_172' title='bbox 2945 967 3094 1021; x_wconf 90' lang='lat' dir='ltr'><strong>illum</strong></span> <span class='ocrx_word' id='word_1_173' title='bbox 3139 970 3443 1032; x_wconf 85' lang='lat' dir='ltr'><strong>electuros;</strong></span> 
     </span>
    </p>
   </div>
   <div class='ocr_carea' id='block_1_29' title="bbox 1870 1039 3448 1127">
    <p class='ocr_par' dir='ltr' id='par_1_29' title="bbox 1870 1039 3448 1127">
     <span class='ocr_line' id='line_1_29' title="bbox 1870 1039 3448 1127; baseline 0.004 -19"><span class='ocrx_word' id='word_1_174' title='bbox 1870 1069 1933 1108; x_wconf 80' lang='lat' dir='ltr'><strong>ex</strong></span> <span class='ocrx_word' id='word_1_175' title='bbox 1989 1057 2192 1111; x_wconf 73' lang='lat' dir='ltr'><strong>intimis</strong></span> <span class='ocrx_word' id='word_1_176' title='bbox 2245 1039 2408 1111; x_wconf 76' lang='lat' dir='ltr'><strong>etiam</strong></span> <span class='ocrx_word' id='word_1_177' title='bbox 2442 1056 2698 1127; x_wconf 81' lang='lat' dir='ltr'><strong>Theologi</strong></span> <span class='ocrx_word' id='word_1_178' title='bbox 2752 1057 2986 1126; x_wconf 90' lang='lat' dir='ltr'><strong>quodam</strong></span> <span class='ocrx_word' id='word_1_179' title='bbox 3033 1057 3148 1124; x_wconf 84' lang='lat' dir='ltr'><strong>ejus</strong></span> <span class='ocrx_word' id='word_1_180' title='bbox 3181 1060 3448 1124; x_wconf 86' lang='lat' dir='ltr'><strong>adjutore.</strong></span> 
     </span>
    </p>
   </div>
   <div class='ocr_carea' id='block_1_30' title="bbox 1869 1148 3448 1218">
    <p class='ocr_par' dir='ltr' id='par_1_30' title="bbox 1869 1148 3448 1218">
     <span class='ocr_line' id='line_1_30' title="bbox 1869 1148 3448 1218; baseline 0.006 -18"><span class='ocrx_word' id='word_1_181' title='bbox 1869 1148 1971 1212; x_wconf 80' lang='lat' dir='ltr'><strong>Qui</strong></span> <span class='ocrx_word' id='word_1_182' title='bbox 2021 1149 2269 1217; x_wconf 88' lang='lat' dir='ltr'><strong>quidem,</strong></span> <span class='ocrx_word' id='word_1_183' title='bbox 2335 1165 2457 1202; x_wconf 91' lang='lat' dir='ltr'><strong>cum</strong></span> <span class='ocrx_word' id='word_1_184' title='bbox 2518 1151 2567 1201; x_wconf 86' lang='lat' dir='ltr'><strong>in</strong></span> <span class='ocrx_word' id='word_1_185' title='bbox 2622 1151 2850 1205; x_wconf 88' lang='lat' dir='ltr'><strong>ecclesia</strong></span> <span class='ocrx_word' id='word_1_186' title='bbox 2896 1148 3008 1218; x_wconf 89' lang='lat' dir='ltr'><strong>jam</strong></span> <span class='ocrx_word' id='word_1_187' title='bbox 3051 1151 3448 1209; x_wconf 88' lang='lat' dir='ltr'><strong>constitissent.</strong></span> 
     </span>
    </p>
   </div>
   <div class='ocr_carea' id='block_1_31' title="bbox 1873 1239 3450 1310">
    <p class='ocr_par' dir='ltr' id='par_1_31' title="bbox 1873 1239 3450 1310">
     <span class='ocr_line' id='line_1_31' title="bbox 1873 1239 3450 1310; baseline 0 -18"><span class='ocrx_word' id='word_1_188' title='bbox 1873 1242 2110 1292; x_wconf 89' lang='lat' dir='ltr'><strong>nondum</strong></span> <span class='ocrx_word' id='word_1_189' title='bbox 2158 1239 2393 1306; x_wconf 86' lang='lat' dir='ltr'><strong>perfecta</strong></span> <span class='ocrx_word' id='word_1_190' title='bbox 2433 1255 2489 1295; x_wconf 92' lang='lat' dir='ltr'><strong>re</strong></span> <span class='ocrx_word' id='word_1_191' title='bbox 2521 1241 2870 1309; x_wconf 86' lang='lat' dir='ltr'><strong>deprehensi,</strong></span> <span class='ocrx_word' id='word_1_192' title='bbox 2930 1250 3094 1310; x_wconf 90' lang='lat' dir='ltr'><strong>atque</strong></span> <span class='ocrx_word' id='word_1_193' title='bbox 3139 1257 3169 1295; x_wconf 90' lang='lat' dir='ltr'><strong>a</strong></span> <span class='ocrx_word' id='word_1_194' title='bbox 3204 1241 3450 1296; x_wconf 67' lang='lat' dir='ltr'><strong>fidelibus</strong></span> 
     </span>
    </p>
   </div>
   <div class='ocr_carea' id='block_1_32' title="bbox 1871 1331 3450 1403">
    <p class='ocr_par' dir='ltr' id='par_1_32' title="bbox 1871 1331 3450 1403">
     <span class='ocr_line' id='line_1_32' title="bbox 1871 1331 3450 1403; baseline 0.003 -18"><span class='ocrx_word' id='word_1_195' title='bbox 1871 1331 2050 1399; x_wconf 76' lang='lat' dir='ltr'><strong>eiecti,</strong></span> <span class='ocrx_word' id='word_1_196' title='bbox 2108 1348 2213 1386; x_wconf 89' lang='lat' dir='ltr'><strong>non</strong></span> <span class='ocrx_word' id='word_1_197' title='bbox 2265 1345 2551 1402; x_wconf 79' lang='lat' dir='ltr'><strong>propterea</strong></span> <span class='ocrx_word' id='word_1_198' title='bbox 2613 1338 2956 1403; x_wconf 84' lang='lat' dir='ltr'><strong>quieverunt,</strong></span> <span class='ocrx_word' id='word_1_199' title='bbox 3022 1335 3119 1390; x_wconf 88' lang='lat' dir='ltr'><strong>sed</strong></span> <span class='ocrx_word' id='word_1_200' title='bbox 3166 1335 3450 1389; x_wconf 75' lang='lat' dir='ltr'><strong>Choraulaz</strong></span> 
     </span>
    </p>
   </div>
   <div class='ocr_carea' id='block_1_33' title="bbox 1871 1425 3447 1497">
    <p class='ocr_par' dir='ltr' id='par_1_33' title="bbox 1871 1425 3447 1497">
     <span class='ocr_line' id='line_1_33' title="bbox 1871 1425 3447 1497; baseline 0.001 -20"><span class='ocrx_word' id='word_1_201' title='bbox 1871 1425 2148 1491; x_wconf 83' lang='lat' dir='ltr'><strong>cujusdam</strong></span> <span class='ocrx_word' id='word_1_202' title='bbox 2196 1427 2410 1479; x_wconf 89' lang='lat' dir='ltr'><strong>domum</strong></span> <span class='ocrx_word' id='word_1_203' title='bbox 2446 1428 2694 1495; x_wconf 81' lang='lat' dir='ltr'><strong>ingressi,</strong></span> <span class='ocrx_word' id='word_1_204' title='bbox 2740 1426 3032 1480; x_wconf 80' lang='lat' dir='ltr'><strong>Maximum</strong></span> <span class='ocrx_word' id='word_1_205' title='bbox 3083 1429 3447 1497; x_wconf 89' lang='lat' dir='ltr'><strong>patriarcham</strong></span> 
     </span>
    </p>
   </div>
   <div class='ocr_carea' id='block_1_34' title="bbox 1871 1502 3451 1583">
    <p class='ocr_par' dir='ltr' id='par_1_34' title="bbox 1871 1502 3451 1583">
     <span class='ocr_line' id='line_1_34' title="bbox 1871 1502 3451 1583; baseline 0.004 -18"><span class='ocrx_word' id='word_1_206' title='bbox 1871 1513 2168 1577; x_wconf 81' lang='lat' dir='ltr'><strong>ordinant,</strong></span> <span class='ocrx_word' id='word_1_207' title='bbox 2254 1514 2505 1582; x_wconf 82' lang='lat' dir='ltr'><strong>quamvis</strong></span> <span class='ocrx_word' id='word_1_208' title='bbox 2573 1516 2706 1569; x_wconf 85' lang='lat' dir='ltr'><strong>nihil</strong></span> <span class='ocrx_word' id='word_1_209' title='bbox 2775 1515 2823 1569; x_wconf 91' lang='lat' dir='ltr'><strong>ei</strong></span> <span class='ocrx_word' id='word_1_210' title='bbox 2881 1516 3084 1583; x_wconf 86' lang='lat' dir='ltr'><strong>profuit</strong></span> <span class='ocrx_word' id='word_1_211' title='bbox 3148 1502 3451 1573; x_wconf 82' lang='lat' dir='ltr'><strong>istiusmodi</strong></span> 
     </span>
    </p>
   </div>
   <div class='ocr_carea' id='block_1_35' title="bbox 1874 1601 3451 1672">
    <p class='ocr_par' dir='ltr' id='par_1_35' title="bbox 1874 1601 3451 1672">
     <span class='ocr_line' id='line_1_35' title="bbox 1874 1601 3451 1672; baseline 0.003 -18"><span class='ocrx_word' id='word_1_212' title='bbox 1874 1601 2208 1670; x_wconf 84' lang='lat' dir='ltr'><strong>improbitas,</strong></span> <span class='ocrx_word' id='word_1_213' title='bbox 2264 1617 2364 1656; x_wconf 87' lang='lat' dir='ltr'><strong>nec</strong></span> <span class='ocrx_word' id='word_1_214' title='bbox 2412 1603 2702 1671; x_wconf 78' lang='lat' dir='ltr'><strong>quidquam</strong></span> <span class='ocrx_word' id='word_1_215' title='bbox 2758 1602 2901 1656; x_wconf 81' lang='lat' dir='ltr'><strong>enim</strong></span> <span class='ocrx_word' id='word_1_216' title='bbox 2952 1604 3214 1672; x_wconf 80' lang='lat' dir='ltr'><strong>perlicere</strong></span> <span class='ocrx_word' id='word_1_217' title='bbox 3261 1613 3451 1672; x_wconf 88' lang='lat' dir='ltr'><strong>potue-</strong></span> 
     </span>
    </p>
   </div>
   <div class='ocr_carea' id='block_1_36' title="bbox 1874 1695 3451 1769">
    <p class='ocr_par' dir='ltr' id='par_1_36' title="bbox 1874 1695 3451 1769">
     <span class='ocr_line' id='line_1_36' title="bbox 1874 1695 3451 1769; baseline 0.003 -21"><span class='ocrx_word' id='word_1_218' title='bbox 1874 1707 2018 1750; x_wconf 93' lang='lat' dir='ltr'><strong>runt.</strong></span> <span class='ocrx_word' id='word_1_219' title='bbox 2108 1695 2395 1752; x_wconf 81' lang='lat' dir='ltr'><strong>Hominem</strong></span> <span class='ocrx_word' id='word_1_220' title='bbox 2458 1698 2660 1765; x_wconf 82' lang='lat' dir='ltr'><strong>igitur,</strong></span> <span class='ocrx_word' id='word_1_221' title='bbox 2723 1699 2970 1752; x_wconf 74' lang='lat' dir='ltr'><strong>secunda:</strong></span> <span class='ocrx_word' id='word_1_222' title='bbox 3025 1698 3216 1769; x_wconf 77' lang='lat' dir='ltr'><strong>synodi</strong></span> <span class='ocrx_word' id='word_1_223' title='bbox 3279 1703 3451 1755; x_wconf 76' lang='lat' dir='ltr'><strong>sancti</strong></span> 
     </span>
    </p>
   </div>
   <div class='ocr_carea' id='block_1_37' title="bbox 1875 1784 3452 1856">
    <p class='ocr_par' dir='ltr' id='par_1_37' title="bbox 1875 1784 3452 1856">
     <span class='ocr_line' id='line_1_37' title="bbox 1875 1784 3452 1856; baseline 0.003 -18"><span class='ocrx_word' id='word_1_224' title='bbox 1875 1784 2060 1842; x_wconf 85' lang='lat' dir='ltr'><strong>Patres</strong></span> <span class='ocrx_word' id='word_1_225' title='bbox 2092 1787 2194 1840; x_wconf 90' lang='lat' dir='ltr'><strong>hoc</strong></span> <span class='ocrx_word' id='word_1_226' title='bbox 2225 1801 2435 1840; x_wconf 91' lang='lat' dir='ltr'><strong>canone</strong></span> <span class='ocrx_word' id='word_1_227' title='bbox 2461 1795 2741 1850; x_wconf 89' lang='lat' dir='ltr'><strong>notavere,</strong></span> <span class='ocrx_word' id='word_1_228' title='bbox 2777 1800 2877 1839; x_wconf 90' lang='lat' dir='ltr'><strong>nec</strong></span> <span class='ocrx_word' id='word_1_229' title='bbox 2906 1787 3216 1856; x_wconf 87' lang='lat' dir='ltr'><strong>episc0pum</strong></span> <span class='ocrx_word' id='word_1_230' title='bbox 3254 1789 3452 1843; x_wconf 83' lang='lat' dir='ltr'><strong>factum</strong></span> 
     </span>
    </p>
   </div>
   <div class='ocr_carea' id='block_1_38' title="bbox 1872 1875 3452 1949">
    <p class='ocr_par' dir='ltr' id='par_1_38' title="bbox 1872 1875 3452 1949">
     <span class='ocr_line' id='line_1_38' title="bbox 1872 1875 3452 1949; baseline 0.003 -21"><span class='ocrx_word' id='word_1_231' title='bbox 1872 1875 2038 1930; x_wconf 83' lang='lat' dir='ltr'><strong>fuisse</strong></span> <span class='ocrx_word' id='word_1_232' title='bbox 2087 1885 2181 1929; x_wconf 86' lang='lat' dir='ltr'><strong>aut</strong></span> <span class='ocrx_word' id='word_1_233' title='bbox 2235 1891 2378 1940; x_wconf 89' lang='lat' dir='ltr'><strong>esse,</strong></span> <span class='ocrx_word' id='word_1_234' title='bbox 2432 1877 2740 1930; x_wconf 87' lang='lat' dir='ltr'><strong>ordinatum</strong></span> <span class='ocrx_word' id='word_1_235' title='bbox 2785 1877 2985 1945; x_wconf 85' lang='lat' dir='ltr'><strong>quippe</strong></span> <span class='ocrx_word' id='word_1_236' title='bbox 3038 1885 3228 1932; x_wconf 89' lang='lat' dir='ltr'><strong>contra</strong></span> <span class='ocrx_word' id='word_1_237' title='bbox 3285 1878 3452 1949; x_wconf 77' lang='lat' dir='ltr'><strong>leges,</strong></span> 
     </span>
    </p>
   </div>
   <div class='ocr_carea' id='block_1_39' title="bbox 1879 1965 3453 2036">
    <p class='ocr_par' dir='ltr' id='par_1_39' title="bbox 1879 1965 3453 2036">
     <span class='ocr_line' id='line_1_39' title="bbox 1879 1965 3453 2036; baseline -0.003 -14"><span class='ocrx_word' id='word_1_238' title='bbox 1879 1983 1980 2022; x_wconf 88' lang='lat' dir='ltr'><strong>nec</strong></span> <span class='ocrx_word' id='word_1_239' title='bbox 2033 1968 2230 2036; x_wconf 89' lang='lat' dir='ltr'><strong>quibus</strong></span> <span class='ocrx_word' id='word_1_240' title='bbox 2267 1967 2487 2021; x_wconf 82' lang='lat' dir='ltr'><strong>ordines</strong></span> <span class='ocrx_word' id='word_1_241' title='bbox 2534 1965 2872 2031; x_wconf 87' lang='lat' dir='ltr'><strong>centulisset,</strong></span> <span class='ocrx_word' id='word_1_242' title='bbox 2917 1968 2968 2018; x_wconf 93' lang='lat' dir='ltr'><strong>in</strong></span> <span class='ocrx_word' id='word_1_243' title='bbox 3005 1967 3323 2023; x_wconf 88' lang='lat' dir='ltr'><strong>clericorum</strong></span> <span class='ocrx_word' id='word_1_244' title='bbox 3357 1986 3453 2024; x_wconf 83' lang='lat' dir='ltr'><strong>nu.</strong></span> 
     </span>
    </p>
   </div>
   <div class='ocr_carea' id='block_1_40' title="bbox 1878 2059 3453 2130">
    <p class='ocr_par' dir='ltr' id='par_1_40' title="bbox 1878 2059 3453 2130">
     <span class='ocr_line' id='line_1_40' title="bbox 1878 2059 3453 2130; baseline 0.002 -16"><span class='ocrx_word' id='word_1_245' title='bbox 1878 2075 2030 2116; x_wconf 89' lang='lat' dir='ltr'><strong>mero</strong></span> <span class='ocrx_word' id='word_1_246' title='bbox 2076 2061 2353 2114; x_wconf 85' lang='lat' dir='ltr'><strong>habendos</strong></span> <span class='ocrx_word' id='word_1_247' title='bbox 2401 2074 2520 2114; x_wconf 88' lang='lat' dir='ltr'><strong>esse</strong></span> <span class='ocrx_word' id='word_1_248' title='bbox 2573 2059 2856 2114; x_wconf 82' lang='lat' dir='ltr'><strong>deﬁniunt.</strong></span> <span class='ocrx_word' id='word_1_249' title='bbox 2943 2059 3200 2114; x_wconf 77' lang='lat' dir='ltr'><strong>Eiuridem</strong></span> <span class='ocrx_word' id='word_1_250' title='bbox 3247 2074 3453 2130; x_wconf 73' lang='lat' dir='ltr'><strong>posrea,</strong></span> 
     </span>
    </p>
   </div>
   <div class='ocr_carea' id='block_1_41' title="bbox 1880 2150 3450 2221">
    <p class='ocr_par' dir='ltr' id='par_1_41' title="bbox 1880 2150 3450 2221">
     <span class='ocr_line' id='line_1_41' title="bbox 1880 2150 3450 2221; baseline 0.001 -15"><span class='ocrx_word' id='word_1_251' title='bbox 1880 2167 2002 2206; x_wconf 89' lang='lat' dir='ltr'><strong>cum</strong></span> <span class='ocrx_word' id='word_1_252' title='bbox 2045 2155 2113 2206; x_wconf 88' lang='lat' dir='ltr'><strong>ah</strong></span> <span class='ocrx_word' id='word_1_253' title='bbox 2154 2152 2492 2221; x_wconf 81' lang='lat' dir='ltr'><strong>Apollinario</strong></span> <span class='ocrx_word' id='word_1_254' title='bbox 2539 2151 2756 2206; x_wconf 89' lang='lat' dir='ltr'><strong>stetisse</strong></span> <span class='ocrx_word' id='word_1_255' title='bbox 2797 2150 3068 2218; x_wconf 65' lang='lat' dir='ltr'><strong>eosnitum</strong></span> <span class='ocrx_word' id='word_1_256' title='bbox 3119 2160 3286 2218; x_wconf 86' lang='lat' dir='ltr'><strong>esset,</strong></span> <span class='ocrx_word' id='word_1_257' title='bbox 3319 2167 3450 2206; x_wconf 80' lang='lat' dir='ltr'><strong>ana-</strong></span> 
     </span>
    </p>
   </div>
   <div class='ocr_carea' id='block_1_42' title="bbox 177 2243 3454 2317">
    <p class='ocr_par' dir='ltr' id='par_1_42' title="bbox 177 2243 3454 2317">
     <span class='ocr_line' id='line_1_42' title="bbox 177 2243 3454 2317; baseline 0.002 -21"><span class='ocrx_word' id='word_1_258' title='bbox 177 2243 422 2298; x_wconf 85' lang='lat' dir='ltr'><strong>themate</strong></span> <span class='ocrx_word' id='word_1_259' title='bbox 481 2245 830 2300; x_wconf 85' lang='lat' dir='ltr'><strong>damnavere.</strong></span> <span class='ocrx_word' id='word_1_260' title='bbox 867 2244 945 2300; x_wconf 86' lang='lat' dir='ltr'><strong>Ac</strong></span> <span class='ocrx_word' id='word_1_261' title='bbox 995 2246 1156 2315; x_wconf 90' lang='lat' dir='ltr'><strong>hujus</strong></span> <span class='ocrx_word' id='word_1_262' title='bbox 1201 2244 1421 2314; x_wconf 85' lang='lat' dir='ltr'><strong>quidem</strong></span> <span class='ocrx_word' id='word_1_263' title='bbox 1475 2245 1748 2312; x_wconf 76' lang='lat' dir='ltr'><strong>hominis,</strong></span> <span class='ocrx_word' id='word_1_264' title='bbox 1787 2247 1932 2315; x_wconf 91' lang='lat' dir='ltr'><strong>apud</strong></span> <span class='ocrx_word' id='word_1_265' title='bbox 1981 2245 2333 2317; x_wconf 68' lang='lat' dir='ltr'><strong>Theologum,</strong></span> <span class='ocrx_word' id='word_1_266' title='bbox 2387 2246 2440 2301; x_wconf 89' lang='lat' dir='ltr'><strong>in</strong></span> <span class='ocrx_word' id='word_1_267' title='bbox 2502 2247 2588 2311; x_wconf 88' lang='lat' dir='ltr'><strong>iis,</strong></span> <span class='ocrx_word' id='word_1_268' title='bbox 2632 2261 2768 2315; x_wconf 90' lang='lat' dir='ltr'><strong>quas</strong></span> <span class='ocrx_word' id='word_1_269' title='bbox 2812 2246 3052 2303; x_wconf 86' lang='lat' dir='ltr'><strong>Ecclesia</strong></span> <span class='ocrx_word' id='word_1_270' title='bbox 3093 2261 3196 2300; x_wconf 86' lang='lat' dir='ltr'><strong>non</strong></span> <span class='ocrx_word' id='word_1_271' title='bbox 3246 2247 3454 2301; x_wconf 74' lang='lat' dir='ltr'><strong>recitat&#39;</strong></span> 
     </span>
    </p>
   </div>
   <div class='ocr_carea' id='block_1_43' title="bbox 176 2330 1656 2402">
    <p class='ocr_par' dir='ltr' id='par_1_43' title="bbox 176 2330 1656 2402">
     <span class='ocr_line' id='line_1_43' title="bbox 176 2330 1656 2402; baseline 0.002 -17"><span class='ocrx_word' id='word_1_272' title='bbox 176 2330 552 2398; x_wconf 79' lang='lat' dir='ltr'><strong>Orationibus,</strong></span> <span class='ocrx_word' id='word_1_273' title='bbox 584 2335 910 2388; x_wconf 90' lang='lat' dir='ltr'><strong>mentionem</strong></span> <span class='ocrx_word' id='word_1_274' title='bbox 936 2334 1128 2390; x_wconf 87' lang='lat' dir='ltr'><strong>alicubi</strong></span> <span class='ocrx_word' id='word_1_275' title='bbox 1162 2335 1360 2389; x_wconf 81' lang='lat' dir='ltr'><strong>factam</strong></span> <span class='ocrx_word' id='word_1_276' title='bbox 1398 2335 1656 2402; x_wconf 85' lang='lat' dir='ltr'><strong>reperias.</strong></span> 
     </span>
    </p>
   </div>
   <div class='ocr_carea' id='block_1_44' title="bbox 178 2427 1768 2494">
    <p class='ocr_par' dir='ltr' id='par_1_44' title="bbox 178 2427 1768 2494">
     <span class='ocr_line' id='line_1_44' title="bbox 178 2427 1768 2494; baseline 0.001 -16"><span class='ocrx_word' id='word_1_277' title='bbox 178 2427 404 2480; x_wconf 77' lang='grc' dir='ltr'><strong>ΔΡΙΣΤ.</strong></span> <span class='ocrx_word' id='word_1_278' title='bbox 434 2427 750 2494; x_wconf 77' lang='grc' dir='ltr'>Μάξιμος-δ</span> <span class='ocrx_word' id='word_1_279' title='bbox 773 2428 1032 2494; x_wconf 80' lang='grc' dir='ltr'>Κυνικὸς</span> <span class='ocrx_word' id='word_1_280' title='bbox 1059 2428 1178 2482; x_wconf 83' lang='grc' dir='ltr'>τῶν</span> <span class='ocrx_word' id='word_1_281' title='bbox 1199 2428 1550 2481; x_wconf 77' lang='grc' dir='ltr'>ἐπισκόπων</span> <span class='ocrx_word' id='word_1_282' title='bbox 1581 2428 1768 2482; x_wconf 73' lang='grc' dir='ltr'><strong>ἀλλό-</strong></span> 
     </span>
    </p>
   </div>
   <div class='ocr_carea' id='block_1_45' title="bbox 249 2518 1766 2589">
    <p class='ocr_par' dir='ltr' id='par_1_45' title="bbox 249 2518 1766 2589">
     <span class='ocr_line' id='line_1_45' title="bbox 249 2518 1766 2589; baseline 0.005 -20"><span class='ocrx_word' id='word_1_283' title='bbox 249 2533 449 2583; x_wconf 73' lang='grc' dir='ltr'>τριος-,ο</span> <span class='ocrx_word' id='word_1_284' title='bbox 474 2519 570 2572; x_wconf 78' lang='grc' dir='ltr'>καὶ</span> <span class='ocrx_word' id='word_1_285' title='bbox 588 2518 746 2585; x_wconf 83' lang='grc' dir='ltr'>ἄπας</span> <span class='ocrx_word' id='word_1_286' title='bbox 775 2520 1033 2588; x_wconf 82' lang='grc' dir='ltr'>ἀνίερος,</span> <span class='ocrx_word' id='word_1_287' title='bbox 1061 2523 1130 2586; x_wconf 84' lang='grc' dir='ltr'>ὃς</span> <span class='ocrx_word' id='word_1_288' title='bbox 1149 2520 1360 2585; x_wconf 79' lang='grc' dir='ltr'>ἐκείνῳ</span> <span class='ocrx_word' id='word_1_289' title='bbox 1376 2521 1766 2589; x_wconf 70' lang='grc' dir='ltr'>κεκλήρωται.</span> 
     </span>
    </p>
   </div>
   <div class='ocr_carea' id='block_1_46' title="bbox 248 2599 1758 2679">
    <p class='ocr_par' dir='ltr' id='par_1_46' title="bbox 248 2599 1758 2679">
     <span class='ocr_line' id='line_1_46' title="bbox 248 2599 1758 2679; baseline -0.001 -19"><span class='ocrx_word' id='word_1_290' title='bbox 248 2607 380 2660; x_wconf 84' lang='grc' dir='ltr'><strong>Ὀτι</strong></span> <span class='ocrx_word' id='word_1_291' title='bbox 415 2624 520 2677; x_wconf 90' lang='grc' dir='ltr'><strong>περ</strong></span> <span class='ocrx_word' id='word_1_292' title='bbox 551 2599 707 2671; x_wconf 75' lang='grc' dir='ltr'>οὗτος</span> <span class='ocrx_word' id='word_1_293' title='bbox 749 2609 848 2678; x_wconf 85' lang='grc' dir='ltr'>τὴν</span> <span class='ocrx_word' id='word_1_294' title='bbox 913 2608 1247 2678; x_wconf 74' lang='grc' dir='ltr'>Ἐκκλησίαν</span> <span class='ocrx_word' id='word_1_295' title='bbox 1298 2609 1601 2679; x_wconf 75' lang='grc' dir='ltr'>ὲσπὰραξε,</span> <span class='ocrx_word' id='word_1_296' title='bbox 1663 2611 1758 2661; x_wconf 81' lang='grc' dir='ltr'>καὶ</span> 
     </span>
    </p>
   </div>
   <div class='ocr_carea' id='block_1_47' title="bbox 183 2699 1767 2771">
    <p class='ocr_par' dir='ltr' id='par_1_47' title="bbox 183 2699 1767 2771">
     <span class='ocr_line' id='line_1_47' title="bbox 183 2699 1767 2771; baseline -0.001 -19"><span class='ocrx_word' id='word_1_297' title='bbox 183 2700 435 2771; x_wconf 78' lang='grc' dir='ltr'>ταραχῆς</span> <span class='ocrx_word' id='word_1_298' title='bbox 467 2700 640 2770; x_wconf 81' lang='grc' dir='ltr'>αὐτὴν</span> <span class='ocrx_word' id='word_1_299' title='bbox 669 2701 764 2752; x_wconf 81' lang='grc' dir='ltr'>καὶ</span> <span class='ocrx_word' id='word_1_300' title='bbox 795 2699 1032 2770; x_wconf 77' lang='grc' dir='ltr'>θορύϐου</span> <span class='ocrx_word' id='word_1_301' title='bbox 1057 2699 1349 2768; x_wconf 65' lang='grc' dir='ltr'>ἐνέπλησε,</span> <span class='ocrx_word' id='word_1_302' title='bbox 1405 2699 1569 2761; x_wconf 80' lang='grc' dir='ltr'>λύκος</span> <span class='ocrx_word' id='word_1_303' title='bbox 1641 2699 1767 2752; x_wconf 74' lang='grc' dir='ltr'>ἀντὶ</span> 
     </span>
    </p>
   </div>
   <div class='ocr_carea' id='block_1_48' title="bbox 183 2790 1768 2862">
    <p class='ocr_par' dir='ltr' id='par_1_48' title="bbox 183 2790 1768 2862">
     <span class='ocr_line' id='line_1_48' title="bbox 183 2790 1768 2862; baseline -0.003 -17"><span class='ocrx_word' id='word_1_304' title='bbox 183 2794 452 2862; x_wconf 82' lang='grc' dir='ltr'>ποιμένος</span> <span class='ocrx_word' id='word_1_305' title='bbox 479 2793 793 2861; x_wconf 79' lang='grc' dir='ltr'>όφθε“ις,κα“ι</span> <span class='ocrx_word' id='word_1_306' title='bbox 824 2793 1002 2846; x_wconf 80' lang='grc' dir='ltr'>πάντα</span> <span class='ocrx_word' id='word_1_307' title='bbox 1038 2791 1341 2861; x_wconf 83' lang='grc' dir='ltr'>συγχωρῶν</span> <span class='ocrx_word' id='word_1_308' title='bbox 1370 2790 1604 2860; x_wconf 82' lang='grc' dir='ltr'>ἑτοίμως</span> <span class='ocrx_word' id='word_1_309' title='bbox 1652 2792 1768 2853; x_wconf 84' lang='grc' dir='ltr'>τοίς</span> 
     </span>
    </p>
   </div>
   <div class='ocr_carea' id='block_1_49' title="bbox 182 2881 1771 2953">
    <p class='ocr_par' dir='ltr' id='par_1_49' title="bbox 182 2881 1771 2953">
     <span class='ocr_line' id='line_1_49' title="bbox 182 2881 1771 2953; baseline -0.001 -18"><span class='ocrx_word' id='word_1_310' title='bbox 182 2881 501 2948; x_wconf 79' lang='grc' dir='ltr'>πταίουσιν,</span> <span class='ocrx_word' id='word_1_311' title='bbox 539 2883 680 2953; x_wconf 82' lang='grc' dir='ltr'>ὑπὲρ</span> <span class='ocrx_word' id='word_1_312' title='bbox 712 2884 831 2946; x_wconf 79' lang='grc' dir='ltr'>ἑνὸς</span> <span class='ocrx_word' id='word_1_313' title='bbox 856 2882 952 2935; x_wconf 81' lang='grc' dir='ltr'><strong>τοῦ</strong></span> <span class='ocrx_word' id='word_1_314' title='bbox 1010 2883 1231 2936; x_wconf 75' lang='grc' dir='ltr'>ἀσεϐεῖν</span> <span class='ocrx_word' id='word_1_315' title='bbox 1278 2884 1337 2936; x_wconf 70' lang='grc' dir='ltr'>ἐν</span> <span class='ocrx_word' id='word_1_316' title='bbox 1377 2886 1491 2944; x_wconf 83' lang='grc' dir='ltr'>τοῖς</span> <span class='ocrx_word' id='word_1_317' title='bbox 1534 2881 1771 2950; x_wconf 84' lang='grc' dir='ltr'>δόγμασι</span> 
     </span>
    </p>
   </div>
   <div class='ocr_carea' id='block_1_50' title="bbox 183 2974 1770 3046">
    <p class='ocr_par' dir='ltr' id='par_1_50' title="bbox 183 2974 1770 3046">
     <span class='ocr_line' id='line_1_50' title="bbox 183 2974 1770 3046; baseline 0.001 -21"><span class='ocrx_word' id='word_1_318' title='bbox 183 2975 326 3028; x_wconf 76' lang='grc' dir='ltr'>ιιατὰ</span> <span class='ocrx_word' id='word_1_319' title='bbox 354 2976 449 3026; x_wconf 84' lang='grc' dir='ltr'><strong>τὸν</strong></span> <span class='ocrx_word' id='word_1_320' title='bbox 475 2975 651 3044; x_wconf 84' lang='grc' dir='ltr'>μέγαν</span> <span class='ocrx_word' id='word_1_321' title='bbox 681 2976 740 3028; x_wconf 74' lang='grc' dir='ltr'>ὲν</span> <span class='ocrx_word' id='word_1_322' title='bbox 783 2975 1037 3044; x_wconf 78' lang='grc' dir='ltr'>θεολογίᾳ</span> <span class='ocrx_word' id='word_1_323' title='bbox 1082 2975 1408 3046; x_wconf 85' lang='grc' dir='ltr'>Γρηγὸριον.</span> <span class='ocrx_word' id='word_1_324' title='bbox 1465 2974 1770 3045; x_wconf 80' lang='grc' dir='ltr'>’Δλλότριος</span> 
     </span>
    </p>
   </div>
   <div class='ocr_carea' id='block_1_51' title="bbox 185 3057 1769 3133">
    <p class='ocr_par' dir='ltr' id='par_1_51' title="bbox 185 3057 1769 3133">
     <span class='ocr_line' id='line_1_51' title="bbox 185 3057 1769 3133; baseline -0.001 -17"><span class='ocrx_word' id='word_1_325' title='bbox 185 3062 272 3116; x_wconf 61' lang='grc' dir='ltr'>ὶῦν</span> <span class='ocrx_word' id='word_1_326' title='bbox 307 3065 458 3116; x_wconf 84' lang='grc' dir='ltr'><strong>καὶὸ</strong></span> <span class='ocrx_word' id='word_1_327' title='bbox 491 3064 743 3133; x_wconf 78' lang='grc' dir='ltr'>Μάξιμος</span> <span class='ocrx_word' id='word_1_328' title='bbox 781 3057 938 3126; x_wconf 75' lang='grc' dir='ltr'>οὗτος</span> <span class='ocrx_word' id='word_1_329' title='bbox 972 3063 1080 3116; x_wconf 85' lang='grc' dir='ltr'><strong>τῶν</strong></span> <span class='ocrx_word' id='word_1_330' title='bbox 1110 3063 1429 3116; x_wconf 74' lang='grc' dir='ltr'>ἐπισκόπων</span> <span class='ocrx_word' id='word_1_331' title='bbox 1463 3063 1643 3129; x_wconf 78' lang='grc' dir='ltr'>ἔσται,</span> <span class='ocrx_word' id='word_1_332' title='bbox 1673 3062 1769 3115; x_wconf 81' lang='grc' dir='ltr'>καὶ</span> 
     </span>
    </p>
   </div>
   <div class='ocr_carea' id='block_1_52' title="bbox 1867 2430 3433 2503">
    <p class='ocr_par' dir='ltr' id='par_1_52' title="bbox 1867 2430 3433 2503">
     <span class='ocr_line' id='line_1_52' title="bbox 1867 2430 3433 2503; baseline 0 -18"><span class='ocrx_word' id='word_1_333' title='bbox 1867 2430 2387 2503; x_wconf 78' lang='lat' dir='ltr'><strong>ARIST.|Maa:imus</strong></span> <span class='ocrx_word' id='word_1_334' title='bbox 2412 2431 2636 2500; x_wconf 84' lang='lat' dir='ltr'><strong>Cynicus</strong></span> <span class='ocrx_word' id='word_1_335' title='bbox 2657 2431 2720 2484; x_wconf 86' lang='lat' dir='ltr'><strong>ab</strong></span> <span class='ocrx_word' id='word_1_336' title='bbox 2742 2431 2992 2500; x_wconf 82' lang='lat' dir='ltr'><strong>episcopis</strong></span> <span class='ocrx_word' id='word_1_337' title='bbox 3015 2432 3236 2497; x_wconf 84' lang='lat' dir='ltr'><strong>alienus,</strong></span> <span class='ocrx_word' id='word_1_338' title='bbox 3255 2440 3304 2485; x_wconf 82' lang='lat' dir='ltr'><strong>et</strong></span> <span class='ocrx_word' id='word_1_339' title='bbox 3321 2432 3433 2497; x_wconf 74' lang='lat' dir='ltr'><strong>qui‘</strong></span> 
     </span>
    </p>
   </div>
   <div class='ocr_carea' id='block_1_53' title="bbox 1921 2523 3455 2594">
    <p class='ocr_par' dir='ltr' id='par_1_53' title="bbox 1921 2523 3455 2594">
     <span class='ocr_line' id='line_1_53' title="bbox 1921 2523 3455 2594; baseline -0.001 -16"><span class='ocrx_word' id='word_1_340' title='bbox 1921 2527 2038 2594; x_wconf 87' lang='lat' dir='ltr'><strong>quis</strong></span> <span class='ocrx_word' id='word_1_341' title='bbox 2056 2526 2119 2578; x_wconf 92' lang='lat' dir='ltr'><strong>ab</strong></span> <span class='ocrx_word' id='word_1_342' title='bbox 2150 2541 2209 2578; x_wconf 86' lang='lat' dir='ltr'><strong>eo</strong></span> <span class='ocrx_word' id='word_1_343' title='bbox 2229 2529 2281 2576; x_wconf 84' lang='lat' dir='ltr'><strong>in</strong></span> <span class='ocrx_word' id='word_1_344' title='bbox 2299 2525 2496 2576; x_wconf 85' lang='lat' dir='ltr'><strong>clerum</strong></span> <span class='ocrx_word' id='word_1_345' title='bbox 2513 2523 2806 2591; x_wconf 75' lang='lat' dir='ltr'><strong>adscriptas</strong></span> <span class='ocrx_word' id='word_1_346' title='bbox 2824 2532 2921 2589; x_wconf 85' lang='lat' dir='ltr'><strong>est,</strong></span> <span class='ocrx_word' id='word_1_347' title='bbox 2944 2524 3202 2593; x_wconf 76' lang='lat' dir='ltr'><strong>profanus</strong></span> <span class='ocrx_word' id='word_1_348' title='bbox 3223 2525 3455 2577; x_wconf 80' lang='lat' dir='ltr'><strong>habetur.</strong></span> 
     </span>
    </p>
   </div>
   <div class='ocr_carea' id='block_1_54' title="bbox 1924 2614 3456 2685">
    <p class='ocr_par' dir='ltr' id='par_1_54' title="bbox 1924 2614 3456 2685">
     <span class='ocr_line' id='line_1_54' title="bbox 1924 2614 3456 2685; baseline 0.002 -18"><span class='ocrx_word' id='word_1_349' title='bbox 1924 2617 2191 2682; x_wconf 82' lang='lat' dir='ltr'><strong>Quoniam</strong></span> <span class='ocrx_word' id='word_1_350' title='bbox 2239 2616 2328 2668; x_wconf 91' lang='lat' dir='ltr'><strong>hic</strong></span> <span class='ocrx_word' id='word_1_351' title='bbox 2379 2614 2679 2670; x_wconf 86' lang='lat' dir='ltr'><strong>Ecelesiam</strong></span> <span class='ocrx_word' id='word_1_352' title='bbox 2715 2617 3052 2680; x_wconf 84' lang='lat' dir='ltr'><strong>dilaceravit,</strong></span> <span class='ocrx_word' id='word_1_353' title='bbox 3090 2631 3317 2685; x_wconf 81' lang='lat' dir='ltr'><strong>eamque</strong></span> <span class='ocrx_word' id='word_1_354' title='bbox 3343 2632 3456 2685; x_wconf 91' lang='lat' dir='ltr'><strong>per-</strong></span> 
     </span>
    </p>
   </div>
   <div class='ocr_carea' id='block_1_55' title="bbox 1871 2707 3457 2779">
    <p class='ocr_par' dir='ltr' id='par_1_55' title="bbox 1871 2707 3457 2779">
     <span class='ocr_line' id='line_1_55' title="bbox 1871 2707 3457 2779; baseline 0.003 -18"><span class='ocrx_word' id='word_1_355' title='bbox 1871 2707 2182 2762; x_wconf 87' lang='lat' dir='ltr'><strong>turbatione</strong></span> <span class='ocrx_word' id='word_1_356' title='bbox 2209 2718 2264 2761; x_wconf 88' lang='lat' dir='ltr'><strong>et</strong></span> <span class='ocrx_word' id='word_1_357' title='bbox 2297 2709 2528 2762; x_wconf 91' lang='lat' dir='ltr'><strong>tumultu</strong></span> <span class='ocrx_word' id='word_1_358' title='bbox 2585 2708 2850 2776; x_wconf 90' lang='lat' dir='ltr'><strong>implevit,</strong></span> <span class='ocrx_word' id='word_1_359' title='bbox 2900 2709 3059 2778; x_wconf 89' lang='lat' dir='ltr'><strong>lupus</strong></span> <span class='ocrx_word' id='word_1_360' title='bbox 3110 2725 3208 2779; x_wconf 92' lang='lat' dir='ltr'><strong>pro</strong></span> <span class='ocrx_word' id='word_1_361' title='bbox 3243 2720 3457 2779; x_wconf 74' lang='lat' dir='ltr'><strong>pastore</strong></span> 
     </span>
    </p>
   </div>
   <div class='ocr_carea' id='block_1_56' title="bbox 1875 2801 3458 2872">
    <p class='ocr_par' dir='ltr' id='par_1_56' title="bbox 1875 2801 3458 2872">
     <span class='ocr_line' id='line_1_56' title="bbox 1875 2801 3458 2872; baseline 0.004 -18"><span class='ocrx_word' id='word_1_362' title='bbox 1875 2801 2050 2863; x_wconf 77' lang='lat' dir='ltr'><strong>visus,</strong></span> <span class='ocrx_word' id='word_1_363' title='bbox 2097 2812 2151 2854; x_wconf 89' lang='lat' dir='ltr'><strong>et</strong></span> <span class='ocrx_word' id='word_1_364' title='bbox 2182 2803 2361 2855; x_wconf 87' lang='lat' dir='ltr'><strong>omnia</strong></span> <span class='ocrx_word' id='word_1_365' title='bbox 2404 2801 2800 2856; x_wconf 81' lang='lat' dir='ltr'><strong>offendentibus</strong></span> <span class='ocrx_word' id='word_1_366' title='bbox 2843 2811 3093 2872; x_wconf 87' lang='lat' dir='ltr'><strong>prompte</strong></span> <span class='ocrx_word' id='word_1_367' title='bbox 3140 2804 3458 2866; x_wconf 77' lang='lat' dir='ltr'><strong>concedens.</strong></span> 
     </span>
    </p>
   </div>
   <div class='ocr_carea' id='block_1_57' title="bbox 1879 2896 3458 2968">
    <p class='ocr_par' dir='ltr' id='par_1_57' title="bbox 1879 2896 3458 2968">
     <span class='ocr_line' id='line_1_57' title="bbox 1879 2896 3458 2968; baseline 0.002 -18"><span class='ocrx_word' id='word_1_368' title='bbox 1879 2909 1945 2950; x_wconf 86' lang='lat' dir='ltr'><strong>eo</strong></span> <span class='ocrx_word' id='word_1_369' title='bbox 1996 2896 2174 2950; x_wconf 85' lang='lat' dir='ltr'><strong>solum</strong></span> <span class='ocrx_word' id='word_1_370' title='bbox 2231 2897 2373 2965; x_wconf 92' lang='lat' dir='ltr'><strong>quod</strong></span> <span class='ocrx_word' id='word_1_371' title='bbox 2413 2898 2465 2950; x_wconf 92' lang='lat' dir='ltr'><strong>in</strong></span> <span class='ocrx_word' id='word_1_372' title='bbox 2505 2898 2772 2967; x_wconf 77' lang='lat' dir='ltr'><strong>dogmatis</strong></span> <span class='ocrx_word' id='word_1_373' title='bbox 2827 2898 3024 2968; x_wconf 89' lang='lat' dir='ltr'><strong>impius</strong></span> <span class='ocrx_word' id='word_1_374' title='bbox 3079 2899 3199 2966; x_wconf 86' lang='lat' dir='ltr'><strong>fuit,</strong></span> <span class='ocrx_word' id='word_1_375' title='bbox 3259 2914 3458 2955; x_wconf 79' lang='lat' dir='ltr'><strong>secun-</strong></span> 
     </span>
    </p>
   </div>
   <div class='ocr_carea' id='block_1_58' title="bbox 1877 2986 3460 3058">
    <p class='ocr_par' dir='ltr' id='par_1_58' title="bbox 1877 2986 3460 3058">
     <span class='ocr_line' id='line_1_58' title="bbox 1877 2986 3460 3058; baseline 0 -17"><span class='ocrx_word' id='word_1_376' title='bbox 1877 2988 2006 3042; x_wconf 91' lang='lat' dir='ltr'><strong>dum</strong></span> <span class='ocrx_word' id='word_1_377' title='bbox 2075 3003 2326 3057; x_wconf 80' lang='lat' dir='ltr'><strong>magnum</strong></span> <span class='ocrx_word' id='word_1_378' title='bbox 2396 2986 2735 3058; x_wconf 74' lang='lat' dir='ltr'><strong>Theologum</strong></span> <span class='ocrx_word' id='word_1_379' title='bbox 2800 2989 3147 3056; x_wconf 69' lang='lat' dir='ltr'><strong>Gregorium.</strong></span> <span class='ocrx_word' id='word_1_380' title='bbox 3238 2991 3460 3044; x_wconf 59' lang='lat' dir='ltr'><strong>Alienus</strong></span> 
     </span>
    </p>
   </div>
   <div class='ocr_carea' id='block_1_59' title="bbox 1878 3079 3440 3150">
    <p class='ocr_par' dir='ltr' id='par_1_59' title="bbox 1878 3079 3440 3150">
     <span class='ocr_line' id='line_1_59' title="bbox 1878 3079 3440 3150; baseline 0.001 -18"><span class='ocrx_word' id='word_1_381' title='bbox 1878 3080 2062 3148; x_wconf 87' lang='lat' dir='ltr'><strong>itaque</strong></span> <span class='ocrx_word' id='word_1_382' title='bbox 2095 3081 2162 3133; x_wconf 90' lang='lat' dir='ltr'><strong>ab</strong></span> <span class='ocrx_word' id='word_1_383' title='bbox 2189 3081 2460 3148; x_wconf 86' lang='lat' dir='ltr'><strong>episcopis</strong></span> <span class='ocrx_word' id='word_1_384' title='bbox 2486 3081 2591 3133; x_wconf 90' lang='lat' dir='ltr'><strong>erit</strong></span> <span class='ocrx_word' id='word_1_385' title='bbox 2614 3079 2901 3144; x_wconf 74' lang='lat' dir='ltr'><strong>Maximus,</strong></span> <span class='ocrx_word' id='word_1_386' title='bbox 2931 3091 2986 3134; x_wconf 91' lang='lat' dir='ltr'><strong>et</strong></span> <span class='ocrx_word' id='word_1_387' title='bbox 3021 3081 3111 3150; x_wconf 92' lang='lat' dir='ltr'><strong>qul</strong></span> <span class='ocrx_word' id='word_1_388' title='bbox 3139 3083 3205 3135; x_wconf 88' lang='lat' dir='ltr'><strong>ab</strong></span> <span class='ocrx_word' id='word_1_389' title='bbox 3234 3095 3299 3136; x_wconf 86' lang='lat' dir='ltr'><strong>eo</strong></span> <span class='ocrx_word' id='word_1_390' title='bbox 3325 3083 3440 3136; x_wconf 89' lang='lat' dir='ltr'><strong>ordi</strong></span> 
     </span>
    </p>
   </div>
   <div class='ocr_carea' id='block_1_60' title="bbox 187 3153 1772 3248">
    <p class='ocr_par' dir='ltr' id='par_1_60' title="bbox 187 3153 1770 3227">
     <span class='ocr_line' id='line_1_60' title="bbox 187 3153 1770 3227; baseline 0 -19"><span class='ocrx_word' id='word_1_391' title='bbox 187 3156 230 3208; x_wconf 68' lang='lat' dir='ltr'><strong>at</strong></span> <span class='ocrx_word' id='word_1_392' title='bbox 263 3156 404 3225; x_wconf 79' lang='grc' dir='ltr'>παρ’</span> <span class='ocrx_word' id='word_1_393' title='bbox 432 3155 600 3208; x_wconf 81' lang='grc' dir='ltr'>αὑτοῦ</span> <span class='ocrx_word' id='word_1_394' title='bbox 630 3156 1126 3227; x_wconf 85' lang='grc' dir='ltr'>χειροτονηθέντες,</span> <span class='ocrx_word' id='word_1_395' title='bbox 1147 3156 1204 3208; x_wconf 79' lang='grc' dir='ltr'>ὲν</span> <span class='ocrx_word' id='word_1_396' title='bbox 1235 3155 1537 3226; x_wconf 84' lang='grc' dir='ltr'>οἰῳδήποτε</span> <span class='ocrx_word' id='word_1_397' title='bbox 1570 3153 1770 3224; x_wconf 82' lang='grc' dir='ltr'>βαθμῷ</span> 
     </span>
    </p>
   </div>
   <div class='ocr_carea' id='block_1_61' title="bbox 1874 3153 3459 3248">
    <p class='ocr_par' dir='ltr' id='par_1_61' title="bbox 1879 3168 3459 3240">
     <span class='ocr_line' id='line_1_61' title="bbox 1879 3168 3459 3240; baseline 0.002 -19"><span class='ocrx_word' id='word_1_398' title='bbox 1879 3169 1989 3221; x_wconf 87' lang='lat' dir='ltr'><strong>nati</strong></span> <span class='ocrx_word' id='word_1_399' title='bbox 2042 3168 2217 3232; x_wconf 83' lang='lat' dir='ltr'><strong>fuere,</strong></span> <span class='ocrx_word' id='word_1_400' title='bbox 2273 3184 2597 3240; x_wconf 90' lang='lat' dir='ltr'><strong>quocunque</strong></span> <span class='ocrx_word' id='word_1_401' title='bbox 2645 3173 2859 3224; x_wconf 87' lang='lat' dir='ltr'><strong>tandem</strong></span> <span class='ocrx_word' id='word_1_402' title='bbox 2903 3169 3034 3224; x_wconf 86' lang='lat' dir='ltr'><strong>cieri</strong></span> <span class='ocrx_word' id='word_1_403' title='bbox 3082 3170 3271 3240; x_wconf 80' lang='lat' dir='ltr'><strong>gradu,</strong></span> <span class='ocrx_word' id='word_1_404' title='bbox 3322 3170 3459 3225; x_wconf 89' lang='lat' dir='ltr'><strong>inter</strong></span> 
     </span>
    </p>
   </div>
   <div class='ocr_carea' id='block_1_62' title="bbox 184 3246 670 3318">
    <p class='ocr_par' dir='ltr' id='par_1_62' title="bbox 184 3246 670 3318">
     <span class='ocr_line' id='line_1_62' title="bbox 184 3246 670 3318; baseline 0.002 -20"><span class='ocrx_word' id='word_1_405' title='bbox 184 3246 398 3316; x_wconf 78' lang='grc' dir='ltr'>ιιλήρου</span> <span class='ocrx_word' id='word_1_406' title='bbox 438 3247 670 3318; x_wconf 80' lang='grc' dir='ltr'>ἀνίεροι.</span> 
     </span>
    </p>
   </div>
   <div class='ocr_carea' id='block_1_63' title="bbox 792 3338 1143 3392">
    <p class='ocr_par' dir='ltr' id='par_1_63' title="bbox 792 3338 1143 3392">
     <span class='ocr_line' id='line_1_63' title="bbox 792 3338 1143 3392; baseline 0.003 -1"><span class='ocrx_word' id='word_1_407' title='bbox 792 3338 1032 3392; x_wconf 76' lang='grc' dir='ltr'><strong>ΚΑΝΩΝ</strong></span> <span class='ocrx_word' id='word_1_408' title='bbox 1065 3341 1143 3392; x_wconf 84' lang='grc' dir='ltr'><strong>Ε’.</strong></span> 
     </span>
    </p>
   </div>
   <div class='ocr_carea' id='block_1_64' title="bbox 186 3413 1781 3499">
    <p class='ocr_par' dir='ltr' id='par_1_64' title="bbox 186 3413 1781 3499">
     <span class='ocr_line' id='line_1_64' title="bbox 186 3413 1781 3499; baseline 0.003 -17"><span class='ocrx_word' id='word_1_409' title='bbox 186 3430 328 3497; x_wconf 75' lang='grc' dir='ltr'>Περὶ</span> <span class='ocrx_word' id='word_1_410' title='bbox 363 3429 471 3484; x_wconf 86' lang='grc' dir='ltr'>τοῦ</span> <span class='ocrx_word' id='word_1_411' title='bbox 501 3431 683 3499; x_wconf 81' lang='grc' dir='ltr'>τόμου</span> <span class='ocrx_word' id='word_1_412' title='bbox 711 3429 829 3484; x_wconf 83' lang='grc' dir='ltr'>τῶν</span> <span class='ocrx_word' id='word_1_413' title='bbox 856 3431 1117 3485; x_wconf 83' lang='grc' dir='ltr'>δυτικῶν</span> <span class='ocrx_word' id='word_1_414' title='bbox 1148 3432 1247 3486; x_wconf 73' lang='grc' dir='ltr'><strong>καί</strong></span> <span class='ocrx_word' id='word_1_415' title='bbox 1279 3433 1422 3498; x_wconf 86' lang='grc' dir='ltr'>τοὺς</span> <span class='ocrx_word' id='word_1_416' title='bbox 1456 3413 1526 3486; x_wconf 82' lang='grc' dir='ltr'><strong>ἐν</strong></span> <span class='ocrx_word' id='word_1_417' title='bbox 1556 3433 1781 3487; x_wconf 83' lang='grc' dir='ltr'>Ἀντιο-</span> 
     </span>
    </p>
   </div>
   <div class='ocr_carea' id='block_1_65' title="bbox 249 3523 1782 3593">
    <p class='ocr_par' dir='ltr' id='par_1_65' title="bbox 249 3523 1782 3593">
     <span class='ocr_line' id='line_1_65' title="bbox 249 3523 1782 3593; baseline 0.002 -17"><span class='ocrx_word' id='word_1_418' title='bbox 249 3525 394 3591; x_wconf 78' lang='grc' dir='ltr'>χείᾳ</span> <span class='ocrx_word' id='word_1_419' title='bbox 451 3523 864 3591; x_wconf 78' lang='grc' dir='ltr'>ἀπεδεξάμεθα</span> <span class='ocrx_word' id='word_1_420' title='bbox 912 3524 1057 3590; x_wconf 85' lang='grc' dir='ltr'>τοὺς</span> <span class='ocrx_word' id='word_1_421' title='bbox 1109 3525 1261 3592; x_wconf 79' lang='grc' dir='ltr'>μίαν</span> <span class='ocrx_word' id='word_1_422' title='bbox 1334 3525 1782 3593; x_wconf 74' lang='grc' dir='ltr'>ὁμολογοῦντας</span> 
     </span>
    </p>
   </div>
   <div class='ocr_carea' id='block_1_66' title="bbox 246 3614 1780 3686">
    <p class='ocr_par' dir='ltr' id='par_1_66' title="bbox 246 3614 1780 3686">
     <span class='ocr_line' id='line_1_66' title="bbox 246 3614 1780 3686; baseline 0.003 -20"><span class='ocrx_word' id='word_1_423' title='bbox 246 3614 510 3680; x_wconf 77' lang='grc' dir='ltr'>Πατρός,</span> <span class='ocrx_word' id='word_1_424' title='bbox 565 3615 664 3668; x_wconf 71' lang='grc' dir='ltr'><strong>καί</strong></span> <span class='ocrx_word' id='word_1_425' title='bbox 700 3615 860 3682; x_wconf 78' lang='grc' dir='ltr'>Υὶοῦ,</span> <span class='ocrx_word' id='word_1_426' title='bbox 893 3615 992 3668; x_wconf 76' lang='grc' dir='ltr'>καὶ</span> <span class='ocrx_word' id='word_1_427' title='bbox 1045 3616 1222 3686; x_wconf 74' lang='grc' dir='ltr'>ἁγίου</span> <span class='ocrx_word' id='word_1_428' title='bbox 1255 3619 1598 3686; x_wconf 81' lang='grc' dir='ltr'>Πνεύματος</span> <span class='ocrx_word' id='word_1_429' title='bbox 1655 3619 1780 3671; x_wconf 72' lang='lat' dir='ltr'><strong>Osd-</strong></span> 
     </span>
    </p>
   </div>
   <div class='ocr_carea' id='block_1_67' title="bbox 263 3707 582 3775">
    <p class='ocr_par' dir='ltr' id='par_1_67' title="bbox 263 3707 582 3775">
     <span class='ocr_line' id='line_1_67' title="bbox 263 3707 582 3775; baseline 0.013 -18"><span class='ocrx_word' id='word_1_430' title='bbox 263 3722 424 3771; x_wconf 78' lang='grc' dir='ltr'>τητα</span> <span class='ocrx_word' id='word_1_431' title='bbox 447 3707 582 3775; x_wconf 83' lang='grc'><strong>(76).</strong></span> 
     </span>
    </p>
   </div>
   <div class='ocr_carea' id='block_1_68' title="bbox 255 3793 1779 3872">
    <p class='ocr_par' dir='ltr' id='par_1_68' title="bbox 255 3793 1779 3872">
     <span class='ocr_line' id='line_1_68' title="bbox 255 3793 1779 3872; baseline 0.001 -20"><span class='ocrx_word' id='word_1_432' title='bbox 255 3798 468 3853; x_wconf 79' lang='grc' dir='ltr'><strong>ΒΔΛΣ.</strong></span> <span class='ocrx_word' id='word_1_433' title='bbox 495 3799 607 3853; x_wconf 77' lang='grc' dir='ltr'><strong>Καὶ</strong></span> <span class='ocrx_word' id='word_1_434' title='bbox 636 3793 792 3864; x_wconf 76' lang='grc' dir='ltr'>οὗτος</span> <span class='ocrx_word' id='word_1_435' title='bbox 813 3801 841 3853; x_wconf 81' lang='grc' dir='ltr'><strong>ὁ</strong></span> <span class='ocrx_word' id='word_1_436' title='bbox 866 3800 1046 3855; x_wconf 85' lang='grc' dir='ltr'>κανὼν</span> <span class='ocrx_word' id='word_1_437' title='bbox 1073 3801 1239 3864; x_wconf 85' lang='grc' dir='ltr'>ίδικός</span> <span class='ocrx_word' id='word_1_438' title='bbox 1269 3802 1442 3857; x_wconf 60' lang='grc' dir='ltr'>ὲστινδ</span> <span class='ocrx_word' id='word_1_439' title='bbox 1477 3802 1779 3872; x_wconf 72' lang='grc' dir='ltr'>’ἱστόρηται</span> 
     </span>
    </p>
   </div>
   <div class='ocr_carea' id='block_1_69' title="bbox 189 3889 1775 3962">
    <p class='ocr_par' dir='ltr' id='par_1_69' title="bbox 189 3889 1775 3962">
     <span class='ocr_line' id='line_1_69' title="bbox 189 3889 1775 3962; baseline 0.004 -21"><span class='ocrx_word' id='word_1_440' title='bbox 189 3889 299 3961; x_wconf 79' lang='grc' dir='ltr'>γὰρ</span> <span class='ocrx_word' id='word_1_441' title='bbox 329 3890 417 3942; x_wconf 82' lang='grc' dir='ltr'>ὃτι</span> <span class='ocrx_word' id='word_1_442' title='bbox 448 3890 826 3955; x_wconf 80' lang='grc' dir='ltr'>Κωνστάντιος</span> <span class='ocrx_word' id='word_1_443' title='bbox 854 3894 882 3946; x_wconf 83' lang='grc' dir='ltr'><strong>ὁ</strong></span> <span class='ocrx_word' id='word_1_444' title='bbox 913 3892 1188 3962; x_wconf 82' lang='grc' dir='ltr'>βασιλεὺς,</span> <span class='ocrx_word' id='word_1_445' title='bbox 1231 3895 1260 3945; x_wconf 85' lang='grc' dir='ltr'>ὁ</span> <span class='ocrx_word' id='word_1_446' title='bbox 1288 3894 1403 3957; x_wconf 85' lang='grc' dir='ltr'>υίὸς</span> <span class='ocrx_word' id='word_1_447' title='bbox 1454 3894 1550 3946; x_wconf 83' lang='grc' dir='ltr'><strong>τοῦ</strong></span> <span class='ocrx_word' id='word_1_448' title='bbox 1585 3895 1775 3961; x_wconf 85' lang='grc' dir='ltr'><strong>Μεγὰ-</strong></span> 
     </span>
    </p>
   </div>
   <div class='ocr_carea' id='block_1_70' title="bbox 190 3981 1779 4054">
    <p class='ocr_par' dir='ltr' id='par_1_70' title="bbox 190 3981 1779 4054">
     <span class='ocr_line' id='line_1_70' title="bbox 190 3981 1779 4054; baseline 0.003 -23"><span class='ocrx_word' id='word_1_449' title='bbox 190 3985 284 4033; x_wconf 80' lang='grc' dir='ltr'><strong>λου</strong></span> <span class='ocrx_word' id='word_1_450' title='bbox 311 3981 763 4046; x_wconf 78' lang='grc' dir='ltr'>Κωνσταντίνου,</span> <span class='ocrx_word' id='word_1_451' title='bbox 807 3985 1178 4053; x_wconf 80' lang='grc' dir='ltr'>’Δρειανίσας,</span> <span class='ocrx_word' id='word_1_452' title='bbox 1209 3984 1441 4038; x_wconf 78' lang='grc' dir='ltr'>ἔσπευδε</span> <span class='ocrx_word' id='word_1_453' title='bbox 1469 3985 1779 4054; x_wconf 74' lang='grc' dir='ltr'>ἀνατρέψαι</span> 
     </span>
    </p>
   </div>
   <div class='ocr_carea' id='block_1_71' title="bbox 190 4072 1780 4142">
    <p class='ocr_par' dir='ltr' id='par_1_71' title="bbox 190 4072 1780 4142">
     <span class='ocr_line' id='line_1_71' title="bbox 190 4072 1780 4142; baseline 0.004 -18"><span class='ocrx_word' id='word_1_454' title='bbox 190 4072 291 4141; x_wconf 71' lang='grc' dir='ltr'>τὴν</span> <span class='ocrx_word' id='word_1_455' title='bbox 325 4073 555 4142; x_wconf 85' lang='grc' dir='ltr'>πρώτην</span> <span class='ocrx_word' id='word_1_456' title='bbox 587 4073 828 4128; x_wconf 71' lang='grc' dir='ltr'>σύνοδον.</span> <span class='ocrx_word' id='word_1_457' title='bbox 848 4074 1057 4129; x_wconf 83' lang='grc' dir='ltr'>Μαθὼν</span> <span class='ocrx_word' id='word_1_458' title='bbox 1114 4076 1171 4130; x_wconf 82' lang='grc' dir='ltr'><strong>δὲ</strong></span> <span class='ocrx_word' id='word_1_459' title='bbox 1223 4075 1385 4130; x_wconf 84' lang='grc' dir='ltr'>τοῦτο</span> <span class='ocrx_word' id='word_1_460' title='bbox 1453 4077 1716 4139; x_wconf 80' lang='grc' dir='ltr'>Κώνστας</span> <span class='ocrx_word' id='word_1_461' title='bbox 1751 4080 1780 4131; x_wconf 84' lang='grc' dir='ltr'><strong><em>ὁ</em></strong></span> 
     </span>
    </p>
   </div>
   <div class='ocr_carea' id='block_1_72' title="bbox 192 4163 1780 4239">
    <p class='ocr_par' dir='ltr' id='par_1_72' title="bbox 192 4163 1780 4239">
     <span class='ocr_line' id='line_1_72' title="bbox 192 4163 1780 4239; baseline 0.003 -23"><span class='ocrx_word' id='word_1_462' title='bbox 192 4163 430 4232; x_wconf 80' lang='grc' dir='ltr'>ἁδελφὸς</span> <span class='ocrx_word' id='word_1_463' title='bbox 454 4164 643 4230; x_wconf 78' lang='grc' dir='ltr'>αὑτοῦ,</span> <span class='ocrx_word' id='word_1_464' title='bbox 660 4169 769 4219; x_wconf 87' lang='grc' dir='ltr'><strong>τῶν</strong></span> <span class='ocrx_word' id='word_1_465' title='bbox 795 4167 1070 4239; x_wconf 65' lang='grc' dir='ltr'>ἑσπερίων</span> <span class='ocrx_word' id='word_1_466' title='bbox 1095 4169 1366 4239; x_wconf 86' lang='grc' dir='ltr'>κυριεύων</span> <span class='ocrx_word' id='word_1_467' title='bbox 1399 4171 1603 4239; x_wconf 84' lang='grc' dir='ltr'>μερῶν,</span> <span class='ocrx_word' id='word_1_468' title='bbox 1624 4169 1780 4238; x_wconf 70' lang='grc' dir='ltr'>ἠπεί-</span> 
     </span>
    </p>
   </div>
   <div class='ocr_carea' id='block_1_73' title="bbox 192 4256 1780 4330">
    <p class='ocr_par' dir='ltr' id='par_1_73' title="bbox 192 4256 1780 4330">
     <span class='ocr_line' id='line_1_73' title="bbox 192 4256 1780 4330; baseline 0.004 -23"><span class='ocrx_word' id='word_1_469' title='bbox 192 4257 333 4327; x_wconf 73' lang='grc' dir='ltr'>λησε</span> <span class='ocrx_word' id='word_1_470' title='bbox 370 4256 458 4308; x_wconf 83' lang='grc' dir='ltr'><strong>διὰ</strong></span> <span class='ocrx_word' id='word_1_471' title='bbox 499 4258 731 4327; x_wconf 84' lang='grc' dir='ltr'>γραφῶν</span> <span class='ocrx_word' id='word_1_472' title='bbox 751 4260 1088 4330; x_wconf 86' lang='grc' dir='ltr'>πόλεμοντῷ</span> <span class='ocrx_word' id='word_1_473' title='bbox 1134 4260 1351 4329; x_wconf 82' lang='grc' dir='ltr'>ἀδελφῷ</span> <span class='ocrx_word' id='word_1_474' title='bbox 1407 4261 1596 4326; x_wconf 80' lang='grc' dir='ltr'>αὑτοῦ,</span> <span class='ocrx_word' id='word_1_475' title='bbox 1624 4264 1673 4313; x_wconf 86' lang='grc' dir='ltr'><strong>εί</strong></span> <span class='ocrx_word' id='word_1_476' title='bbox 1703 4262 1780 4330; x_wconf 83' lang='grc' dir='ltr'><strong>μὴ</strong></span> 
     </span>
    </p>
   </div>
   <div class='ocr_carea' id='block_1_74' title="bbox 194 4348 1778 4422">
    <p class='ocr_par' dir='ltr' id='par_1_74' title="bbox 194 4348 1778 4422">
     <span class='ocr_line' id='line_1_74' title="bbox 194 4348 1778 4422; baseline 0.006 -24"><span class='ocrx_word' id='word_1_477' title='bbox 194 4348 476 4400; x_wconf 83' lang='grc' dir='ltr'>παύσαιτο</span> <span class='ocrx_word' id='word_1_478' title='bbox 503 4348 600 4422; x_wconf 78' lang='grc' dir='ltr'><strong>τὴν</strong></span> <span class='ocrx_word' id='word_1_479' title='bbox 631 4351 801 4421; x_wconf 79' lang='grc' dir='ltr'>ὀρθὴν</span> <span class='ocrx_word' id='word_1_480' title='bbox 830 4351 1016 4406; x_wconf 84' lang='grc' dir='ltr'>πίστιν</span> <span class='ocrx_word' id='word_1_481' title='bbox 1059 4353 1328 4408; x_wconf 84' lang='grc' dir='ltr'>σαλεύειν.</span> <span class='ocrx_word' id='word_1_482' title='bbox 1410 4354 1629 4417; x_wconf 81' lang='grc' dir='ltr'>Ἔδοξεν</span> <span class='ocrx_word' id='word_1_483' title='bbox 1685 4353 1778 4407; x_wconf 79' lang='grc' dir='ltr'><strong>οὖν</strong></span> 
     </span>
    </p>
   </div>
   <div class='ocr_carea' id='block_1_75' title="bbox 195 4440 1776 4517">
    <p class='ocr_par' dir='ltr' id='par_1_75' title="bbox 195 4440 1776 4517">
     <span class='ocr_line' id='line_1_75' title="bbox 195 4440 1776 4517; baseline 0.004 -25"><span class='ocrx_word' id='word_1_484' title='bbox 195 4442 306 4502; x_wconf 77' lang='grc' dir='ltr'>τοῖς</span> <span class='ocrx_word' id='word_1_485' title='bbox 346 4440 633 4509; x_wconf 81' lang='grc' dir='ltr'>βασιλεῦσι</span> <span class='ocrx_word' id='word_1_486' title='bbox 670 4444 948 4498; x_wconf 84' lang='grc' dir='ltr'>συνελθεῖν</span> <span class='ocrx_word' id='word_1_487' title='bbox 976 4447 1033 4498; x_wconf 80' lang='grc' dir='ltr'>ὲν</span> <span class='ocrx_word' id='word_1_488' title='bbox 1093 4446 1336 4517; x_wconf 81' lang='grc' dir='ltr'>Σαρδικῇ</span> <span class='ocrx_word' id='word_1_489' title='bbox 1367 4446 1490 4517; x_wconf 76' lang='grc' dir='ltr'>ήτοι</span> <span class='ocrx_word' id='word_1_490' title='bbox 1516 4449 1582 4516; x_wconf 83' lang='grc' dir='ltr'>τῇ</span> <span class='ocrx_word' id='word_1_491' title='bbox 1602 4448 1776 4516; x_wconf 80' lang='grc' dir='ltr'>Τρια-</span> 
     </span>
    </p>
   </div>
   <div class='ocr_carea' id='block_1_76' title="bbox 1883 3258 2358 3327">
    <p class='ocr_par' dir='ltr' id='par_1_76' title="bbox 1883 3258 2358 3327">
     <span class='ocr_line' id='line_1_76' title="bbox 1883 3258 2358 3327; baseline 0.002 -18"><span class='ocrx_word' id='word_1_492' title='bbox 1883 3259 2140 3327; x_wconf 84' lang='lat' dir='ltr'><strong>profanos</strong></span> <span class='ocrx_word' id='word_1_493' title='bbox 2170 3258 2358 3312; x_wconf 83' lang='lat' dir='ltr'><strong>habiti.</strong></span> 
     </span>
    </p>
   </div>
   <div class='ocr_carea' id='block_1_77' title="bbox 2387 3347 2958 3419">
    <p class='ocr_par' dir='ltr' id='par_1_77' title="bbox 2387 3347 2958 3419">
     <span class='ocr_line' id='line_1_77' title="bbox 2387 3347 2958 3419; baseline 0 -19"><span class='ocrx_word' id='word_1_494' title='bbox 2387 3347 2497 3419; x_wconf 77' lang='lat'><strong>92</strong></span> <span class='ocrx_word' id='word_1_495' title='bbox 2535 3347 2840 3403; x_wconf 78' lang='lat' dir='ltr'><strong>CANON</strong></span> <span class='ocrx_word' id='word_1_496' title='bbox 2895 3347 2958 3401; x_wconf 89' lang='lat' dir='ltr'><strong>v.</strong></span> 
     </span>
    </p>
   </div>
   <div class='ocr_carea' id='block_1_78' title="bbox 1883 3437 3459 3504">
    <p class='ocr_par' dir='ltr' id='par_1_78' title="bbox 1883 3437 3459 3504">
     <span class='ocr_line' id='line_1_78' title="bbox 1883 3437 3459 3504; baseline 0.003 -16"><span class='ocrx_word' id='word_1_497' title='bbox 1883 3438 2037 3503; x_wconf 80' lang='lat' dir='ltr'><strong>Quod</strong></span> <span class='ocrx_word' id='word_1_498' title='bbox 2080 3439 2148 3489; x_wconf 83' lang='lat' dir='ltr'><strong>ad</strong></span> <span class='ocrx_word' id='word_1_499' title='bbox 2195 3438 2433 3492; x_wconf 76' lang='lat' dir='ltr'><strong>volumen</strong></span> <span class='ocrx_word' id='word_1_500' title='bbox 2468 3441 2652 3492; x_wconf 79' lang='lat' dir='ltr'><strong>attinet</strong></span> <span class='ocrx_word' id='word_1_501' title='bbox 2691 3437 3130 3504; x_wconf 74' lang='lat' dir='ltr'><strong>Occidentalium,</strong></span> <span class='ocrx_word' id='word_1_502' title='bbox 3178 3439 3340 3493; x_wconf 86' lang='lat' dir='ltr'><strong>etiam</strong></span> <span class='ocrx_word' id='word_1_503' title='bbox 3379 3457 3459 3494; x_wconf 78' lang='lat' dir='ltr'><strong>eos</strong></span> 
     </span>
    </p>
   </div>
   <div class='ocr_carea' id='block_1_79' title="bbox 1953 3529 3459 3597">
    <p class='ocr_par' dir='ltr' id='par_1_79' title="bbox 1953 3529 3459 3597">
     <span class='ocr_line' id='line_1_79' title="bbox 1953 3529 3459 3597; baseline 0 -14"><span class='ocrx_word' id='word_1_504' title='bbox 1953 3531 2267 3597; x_wconf 77' lang='lat' dir='ltr'><strong>suscipimus</strong></span> <span class='ocrx_word' id='word_1_505' title='bbox 2300 3532 2388 3595; x_wconf 84' lang='lat' dir='ltr'><strong>qui</strong></span> <span class='ocrx_word' id='word_1_506' title='bbox 2420 3531 2711 3586; x_wconf 76' lang='lat' dir='ltr'><strong>Antiochia:</strong></span> <span class='ocrx_word' id='word_1_507' title='bbox 2740 3549 2901 3584; x_wconf 82' lang='lat' dir='ltr'><strong>unam</strong></span> <span class='ocrx_word' id='word_1_508' title='bbox 2937 3529 3115 3585; x_wconf 85' lang='lat' dir='ltr'><strong>Patris</strong></span> <span class='ocrx_word' id='word_1_509' title='bbox 3162 3543 3210 3585; x_wconf 83' lang='lat' dir='ltr'><strong>et</strong></span> <span class='ocrx_word' id='word_1_510' title='bbox 3257 3531 3385 3586; x_wconf 80' lang='lat' dir='ltr'><strong>Filii</strong></span> <span class='ocrx_word' id='word_1_511' title='bbox 3417 3547 3459 3585; x_wconf 79' lang='lat' dir='ltr'><strong>et</strong></span> 
     </span>
    </p>
   </div>
   <div class='ocr_carea' id='block_1_80' title="bbox 1952 3622 3046 3692">
    <p class='ocr_par' dir='ltr' id='par_1_80' title="bbox 1952 3622 3046 3692">
     <span class='ocr_line' id='line_1_80' title="bbox 1952 3622 3046 3692; baseline -0.003 -15"><span class='ocrx_word' id='word_1_512' title='bbox 1952 3626 2120 3678; x_wconf 83' lang='lat' dir='ltr'><strong>sancti</strong></span> <span class='ocrx_word' id='word_1_513' title='bbox 2149 3622 2378 3692; x_wconf 82' lang='lat' dir='ltr'><strong>Spiritus</strong></span> <span class='ocrx_word' id='word_1_514' title='bbox 2413 3623 2676 3678; x_wconf 86' lang='lat' dir='ltr'><strong>Dcitatem</strong></span> <span class='ocrx_word' id='word_1_515' title='bbox 2709 3624 3046 3689; x_wconf 80' lang='lat' dir='ltr'><strong>conﬁtentur.</strong></span> 
     </span>
    </p>
   </div>
   <div class='ocr_carea' id='block_1_81' title="bbox 1954 3793 3458 3862">
    <p class='ocr_par' dir='ltr' id='par_1_81' title="bbox 1954 3793 3458 3862">
     <span class='ocr_line' id='line_1_81' title="bbox 1954 3793 3458 3862; baseline -0.001 -12"><span class='ocrx_word' id='word_1_516' title='bbox 1954 3793 2148 3850; x_wconf 81' lang='lat' dir='ltr'><strong>DALS.</strong></span> <span class='ocrx_word' id='word_1_517' title='bbox 2205 3793 2302 3848; x_wconf 83' lang='lat' dir='ltr'><strong>llic</strong></span> <span class='ocrx_word' id='word_1_518' title='bbox 2325 3807 2542 3862; x_wconf 90' lang='lat' dir='ltr'><strong>quoque</strong></span> <span class='ocrx_word' id='word_1_519' title='bbox 2571 3807 2742 3847; x_wconf 89' lang='lat' dir='ltr'><strong>canon</strong></span> <span class='ocrx_word' id='word_1_520' title='bbox 2771 3800 2854 3847; x_wconf 90' lang='lat' dir='ltr'><strong>est</strong></span> <span class='ocrx_word' id='word_1_521' title='bbox 2880 3793 3151 3861; x_wconf 83' lang='lat' dir='ltr'><strong>specialis.</strong></span> <span class='ocrx_word' id='word_1_522' title='bbox 3196 3793 3254 3848; x_wconf 87' lang='lat' dir='ltr'><strong>In</strong></span> <span class='ocrx_word' id='word_1_523' title='bbox 3283 3793 3458 3849; x_wconf 80' lang='lat' dir='ltr'><strong>Histo-</strong></span> 
     </span>
    </p>
   </div>
   <div class='ocr_carea' id='block_1_82' title="bbox 1881 3885 3460 3955">
    <p class='ocr_par' dir='ltr' id='par_1_82' title="bbox 1881 3885 3460 3955">
     <span class='ocr_line' id='line_1_82' title="bbox 1881 3885 3460 3955; baseline -0.003 -12"><span class='ocrx_word' id='word_1_524' title='bbox 1881 3889 1982 3944; x_wconf 88' lang='lat' dir='ltr'><strong>riis</strong></span> <span class='ocrx_word' id='word_1_525' title='bbox 2005 3889 2146 3942; x_wconf 92' lang='lat' dir='ltr'><strong>enim</strong></span> <span class='ocrx_word' id='word_1_526' title='bbox 2174 3889 2432 3955; x_wconf 89' lang='lat' dir='ltr'><strong>scriptum</strong></span> <span class='ocrx_word' id='word_1_527' title='bbox 2454 3896 2558 3950; x_wconf 88' lang='lat' dir='ltr'><strong>est,</strong></span> <span class='ocrx_word' id='word_1_528' title='bbox 2596 3887 2737 3954; x_wconf 89' lang='lat' dir='ltr'><strong>quod</strong></span> <span class='ocrx_word' id='word_1_529' title='bbox 2763 3887 3058 3954; x_wconf 87' lang='lat' dir='ltr'><strong>imperator</strong></span> <span class='ocrx_word' id='word_1_530' title='bbox 3086 3885 3460 3951; x_wconf 63' lang='lat' dir='ltr'><strong>Constantius,</strong></span> 
     </span>
    </p>
   </div>
   <div class='ocr_carea' id='block_1_83' title="bbox 1881 3977 3461 4052">
    <p class='ocr_par' dir='ltr' id='par_1_83' title="bbox 1881 3977 3461 4052">
     <span class='ocr_line' id='line_1_83' title="bbox 1881 3977 3461 4052; baseline -0.001 -18"><span class='ocrx_word' id='word_1_531' title='bbox 1881 3981 2057 4052; x_wconf 76' lang='lat' dir='ltr'><strong>Magni</strong></span> <span class='ocrx_word' id='word_1_532' title='bbox 2094 3979 2434 4034; x_wconf 87' lang='lat' dir='ltr'><strong>Constantini</strong></span> <span class='ocrx_word' id='word_1_533' title='bbox 2484 3978 2645 4040; x_wconf 84' lang='lat' dir='ltr'><strong>filius,</strong></span> <span class='ocrx_word' id='word_1_534' title='bbox 2701 3977 2935 4034; x_wconf 82' lang='lat' dir='ltr'><strong>Arianus</strong></span> <span class='ocrx_word' id='word_1_535' title='bbox 2977 3979 3175 4043; x_wconf 88' lang='lat' dir='ltr'><strong>factus,</strong></span> <span class='ocrx_word' id='word_1_536' title='bbox 3231 3980 3461 4049; x_wconf 89' lang='lat' dir='ltr'><strong>primam</strong></span> 
     </span>
    </p>
   </div>
   <div class='ocr_carea' id='block_1_84' title="bbox 1881 4071 3462 4146">
    <p class='ocr_par' dir='ltr' id='par_1_84' title="bbox 1881 4071 3462 4146">
     <span class='ocr_line' id='line_1_84' title="bbox 1881 4071 3462 4146; baseline -0.003 -17"><span class='ocrx_word' id='word_1_537' title='bbox 1881 4076 2146 4146; x_wconf 84' lang='lat' dir='ltr'><strong>synodum</strong></span> <span class='ocrx_word' id='word_1_538' title='bbox 2198 4081 2444 4128; x_wconf 90' lang='lat' dir='ltr'><strong>evertere</strong></span> <span class='ocrx_word' id='word_1_539' title='bbox 2494 4081 2722 4124; x_wconf 77' lang='lat' dir='ltr'><strong>conatus</strong></span> <span class='ocrx_word' id='word_1_540' title='bbox 2770 4080 2872 4126; x_wconf 78' lang='lat' dir='ltr'><strong>est.</strong></span> <span class='ocrx_word' id='word_1_541' title='bbox 2943 4071 3077 4125; x_wconf 89' lang='lat' dir='ltr'><strong>Cum</strong></span> <span class='ocrx_word' id='word_1_542' title='bbox 3130 4071 3234 4127; x_wconf 84' lang='lat' dir='ltr'><strong>hoc</strong></span> <span class='ocrx_word' id='word_1_543' title='bbox 3281 4082 3462 4126; x_wconf 71' lang='lat' dir='ltr'><strong>autem</strong></span> 
     </span>
    </p>
   </div>
   <div class='ocr_carea' id='block_1_85' title="bbox 1884 4159 3461 4232">
    <p class='ocr_par' dir='ltr' id='par_1_85' title="bbox 1884 4159 3461 4232">
     <span class='ocr_line' id='line_1_85' title="bbox 1884 4159 3461 4232; baseline -0.004 -13"><span class='ocrx_word' id='word_1_544' title='bbox 1884 4165 2194 4220; x_wconf 86' lang='lat' dir='ltr'><strong>rescivisset</strong></span> <span class='ocrx_word' id='word_1_545' title='bbox 2225 4163 2343 4232; x_wconf 86' lang='lat' dir='ltr'><strong>ejus</strong></span> <span class='ocrx_word' id='word_1_546' title='bbox 2385 4161 2553 4214; x_wconf 77' lang='lat' dir='ltr'><strong>frater</strong></span> <span class='ocrx_word' id='word_1_547' title='bbox 2584 4162 2870 4226; x_wconf 82' lang='lat' dir='ltr'><strong>Constans,</strong></span> <span class='ocrx_word' id='word_1_548' title='bbox 2903 4161 2993 4230; x_wconf 91' lang='lat' dir='ltr'><strong>qui</strong></span> <span class='ocrx_word' id='word_1_549' title='bbox 3027 4159 3461 4215; x_wconf 81' lang='lat' dir='ltr'><strong>Occidentalibus</strong></span> 
     </span>
    </p>
   </div>
   <div class='ocr_carea' id='block_1_86' title="bbox 1882 4253 3461 4326">
    <p class='ocr_par' dir='ltr' id='par_1_86' title="bbox 1882 4253 3461 4326">
     <span class='ocr_line' id='line_1_86' title="bbox 1882 4253 3461 4326; baseline -0.006 -14"><span class='ocrx_word' id='word_1_550' title='bbox 1882 4259 2128 4326; x_wconf 82' lang='lat' dir='ltr'><strong>partibus</strong></span> <span class='ocrx_word' id='word_1_551' title='bbox 2187 4255 2590 4318; x_wconf 82' lang='lat' dir='ltr'><strong>dominabatur,</strong></span> <span class='ocrx_word' id='word_1_552' title='bbox 2650 4253 2803 4306; x_wconf 84' lang='lat' dir='ltr'><strong>fratri</strong></span> <span class='ocrx_word' id='word_1_553' title='bbox 2855 4269 2951 4306; x_wconf 91' lang='lat' dir='ltr'><strong>suo</strong></span> <span class='ocrx_word' id='word_1_554' title='bbox 3008 4253 3206 4306; x_wconf 86' lang='lat' dir='ltr'><strong>bellum</strong></span> <span class='ocrx_word' id='word_1_555' title='bbox 3266 4253 3461 4306; x_wconf 49' lang='lat' dir='ltr'><strong>litteris</strong></span> 
     </span>
    </p>
   </div>
   <div class='ocr_carea' id='block_1_87' title="bbox 1886 4343 3460 4409">
    <p class='ocr_par' dir='ltr' id='par_1_87' title="bbox 1886 4343 3460 4409">
     <span class='ocr_line' id='line_1_87' title="bbox 1886 4343 3460 4409; baseline -0.006 -4"><span class='ocrx_word' id='word_1_556' title='bbox 1886 4353 2122 4405; x_wconf 88' lang='lat' dir='ltr'><strong>minatus</strong></span> <span class='ocrx_word' id='word_1_557' title='bbox 2144 4355 2250 4409; x_wconf 91' lang='lat' dir='ltr'><strong>est,</strong></span> <span class='ocrx_word' id='word_1_558' title='bbox 2285 4346 2386 4399; x_wconf 84' lang='lat' dir='ltr'><strong>nisi</strong></span> <span class='ocrx_word' id='word_1_559' title='bbox 2414 4354 2616 4398; x_wconf 88' lang='lat' dir='ltr'><strong>rectam</strong></span> <span class='ocrx_word' id='word_1_560' title='bbox 2639 4345 2795 4398; x_wconf 88' lang='lat' dir='ltr'><strong>tidem</strong></span> <span class='ocrx_word' id='word_1_561' title='bbox 2820 4343 3142 4396; x_wconf 80' lang='lat' dir='ltr'><strong>labefactare</strong></span> <span class='ocrx_word' id='word_1_562' title='bbox 3167 4343 3460 4398; x_wconf 64' lang='lat' dir='ltr'><strong>desineret.</strong></span> 
     </span>
    </p>
   </div>
   <div class='ocr_carea' id='block_1_88' title="bbox 1883 4435 3463 4508">
    <p class='ocr_par' dir='ltr' id='par_1_88' title="bbox 1883 4435 3463 4508">
     <span class='ocr_line' id='line_1_88' title="bbox 1883 4435 3463 4508; baseline -0.006 -13"><span class='ocrx_word' id='word_1_563' title='bbox 1883 4442 2067 4496; x_wconf 73' lang='lat' dir='ltr'><strong>Visum</strong></span> <span class='ocrx_word' id='word_1_564' title='bbox 2102 4449 2185 4494; x_wconf 90' lang='lat' dir='ltr'><strong>est</strong></span> <span class='ocrx_word' id='word_1_565' title='bbox 2219 4454 2348 4508; x_wconf 80' lang='lat' dir='ltr'><strong>ergo</strong></span> <span class='ocrx_word' id='word_1_566' title='bbox 2381 4439 2819 4508; x_wconf 88' lang='lat' dir='ltr'><strong>imperatoribus,</strong></span> <span class='ocrx_word' id='word_1_567' title='bbox 2854 4446 2911 4490; x_wconf 91' lang='lat' dir='ltr'><strong>ut</strong></span> <span class='ocrx_word' id='word_1_568' title='bbox 2940 4436 3175 4490; x_wconf 78' lang='lat' dir='ltr'><strong>Sardiczc</strong></span> <span class='ocrx_word' id='word_1_569' title='bbox 3195 4452 3287 4490; x_wconf 85' lang='lat' dir='ltr'><strong>seu</strong></span> <span class='ocrx_word' id='word_1_570' title='bbox 3311 4435 3463 4489; x_wconf 81' lang='lat' dir='ltr'><strong>Tria-</strong></span> 
     </span>
    </p>
   </div>
   <div class='ocr_carea' id='block_1_89' title="bbox 197 4524 1772 4609">
    <p class='ocr_par' dir='ltr' id='par_1_89' title="bbox 197 4530 1772 4609">
     <span class='ocr_line' id='line_1_89' title="bbox 197 4530 1772 4609; baseline 0.004 -26"><span class='ocrx_word' id='word_1_571' title='bbox 197 4530 354 4606; x_wconf 70' lang='grc' dir='ltr'>Βίτζῃ</span> <span class='ocrx_word' id='word_1_572' title='bbox 385 4535 512 4596; x_wconf 82' lang='grc' dir='ltr'>τοὺς</span> <span class='ocrx_word' id='word_1_573' title='bbox 548 4537 903 4602; x_wconf 75' lang='grc' dir='ltr'>ἐπισκόπους,</span> <span class='ocrx_word' id='word_1_574' title='bbox 981 4540 1076 4590; x_wconf 72' lang='grc' dir='ltr'>καὶ</span> <span class='ocrx_word' id='word_1_575' title='bbox 1154 4539 1596 4608; x_wconf 77' lang='grc' dir='ltr'>διαγνωμονῆσαι</span> <span class='ocrx_word' id='word_1_576' title='bbox 1652 4539 1772 4609; x_wconf 70' lang='grc' dir='ltr'>περὶ</span> 
     </span>
    </p>
   </div>
   <div class='ocr_carea' id='block_1_90' title="bbox 1874 4524 3462 4609">
    <p class='ocr_par' dir='ltr' id='par_1_90' title="bbox 1889 4524 3462 4602">
     <span class='ocr_line' id='line_1_90' title="bbox 1889 4524 3462 4602; baseline -0.006 -14"><span class='ocrx_word' id='word_1_577' title='bbox 1889 4536 2046 4589; x_wconf 71' lang='lat' dir='ltr'><strong>ditzze</strong></span> <span class='ocrx_word' id='word_1_578' title='bbox 2080 4532 2318 4602; x_wconf 86' lang='lat' dir='ltr'><strong>episcopi</strong></span> <span class='ocrx_word' id='word_1_579' title='bbox 2365 4530 2738 4593; x_wconf 81' lang='lat' dir='ltr'><strong>convenirent,</strong></span> <span class='ocrx_word' id='word_1_580' title='bbox 2781 4537 2835 4582; x_wconf 89' lang='lat' dir='ltr'><strong>et</strong></span> <span class='ocrx_word' id='word_1_581' title='bbox 2881 4528 2948 4580; x_wconf 85' lang='lat' dir='ltr'><strong>de</strong></span> <span class='ocrx_word' id='word_1_582' title='bbox 2990 4527 3056 4580; x_wconf 92' lang='lat' dir='ltr'><strong>iis</strong></span> <span class='ocrx_word' id='word_1_583' title='bbox 3108 4542 3226 4596; x_wconf 61' lang='lat' dir='ltr'><strong>quae</strong></span> <span class='ocrx_word' id='word_1_584' title='bbox 3273 4524 3462 4579; x_wconf 63' lang='lat' dir='ltr'><strong>Niemze</strong></span> 
     </span>
    </p>
   </div>
   <div class='ocr_carea' id='block_1_91' title="bbox 197 4625 1780 4700">
    <p class='ocr_par' dir='ltr' id='par_1_91' title="bbox 197 4625 1780 4700">
     <span class='ocr_line' id='line_1_91' title="bbox 197 4625 1780 4700; baseline 0.004 -24"><span class='ocrx_word' id='word_1_585' title='bbox 197 4625 308 4677; x_wconf 87' lang='grc' dir='ltr'><strong>τῶν</strong></span> <span class='ocrx_word' id='word_1_586' title='bbox 332 4628 391 4677; x_wconf 82' lang='grc' dir='ltr'>ἐν</span> <span class='ocrx_word' id='word_1_587' title='bbox 407 4625 614 4697; x_wconf 69' lang='grc' dir='ltr'>Νικαίᾳ</span> <span class='ocrx_word' id='word_1_588' title='bbox 635 4628 1130 4698; x_wconf 81' lang='grc' dir='ltr'>δογματισθέντων.</span> <span class='ocrx_word' id='word_1_589' title='bbox 1156 4631 1663 4700; x_wconf 84' lang='grc' dir='ltr'>Συναθροισθέντων</span> <span class='ocrx_word' id='word_1_590' title='bbox 1686 4626 1780 4683; x_wconf 79' lang='grc' dir='ltr'>οὖν</span> 
     </span>
    </p>
   </div>
   <div class='ocr_carea' id='block_1_92' title="bbox 1890 4619 3463 4692">
    <p class='ocr_par' dir='ltr' id='par_1_92' title="bbox 1890 4619 3463 4692">
     <span class='ocr_line' id='line_1_92' title="bbox 1890 4619 3463 4692; baseline -0.007 -10"><span class='ocrx_word' id='word_1_591' title='bbox 1890 4629 2106 4682; x_wconf 89' lang='lat' dir='ltr'><strong>decreta</strong></span> <span class='ocrx_word' id='word_1_592' title='bbox 2162 4635 2353 4690; x_wconf 90' lang='lat' dir='ltr'><strong>erant,</strong></span> <span class='ocrx_word' id='word_1_593' title='bbox 2409 4624 2798 4692; x_wconf 88' lang='lat' dir='ltr'><strong>disceptarent.</strong></span> <span class='ocrx_word' id='word_1_594' title='bbox 2884 4619 3240 4690; x_wconf 77' lang='lat' dir='ltr'><strong>Congregatis</strong></span> <span class='ocrx_word' id='word_1_595' title='bbox 3285 4619 3463 4688; x_wconf 81' lang='lat' dir='ltr'><strong>itaque</strong></span> 
     </span>
    </p>
   </div>
   <div class='ocr_carea' id='block_1_93' title="bbox 1402 4769 2188 4850">
    <p class='ocr_par' dir='ltr' id='par_1_93' title="bbox 1402 4769 2188 4850">
     <span class='ocr_line' id='line_1_93' title="bbox 1402 4769 2188 4850; baseline -0.006 -16"><span class='ocrx_word' id='word_1_596' title='bbox 1402 4773 1604 4834; x_wconf 86' lang='lat' dir='ltr'><strong>Guill.</strong></span> <span class='ocrx_word' id='word_1_597' title='bbox 1643 4769 1976 4850; x_wconf 80' lang='lat' dir='ltr'><strong>Beveregii</strong></span> <span class='ocrx_word' id='word_1_598' title='bbox 2005 4776 2188 4830; x_wconf 78' lang='lat' dir='ltr'><strong>notte.</strong></span> 
     </span>
    </p>
   </div>
   <div class='ocr_carea' id='block_1_94' title="bbox 277 4873 1793 4944">
    <p class='ocr_par' dir='ltr' id='par_1_94' title="bbox 277 4873 1793 4944">
     <span class='ocr_line' id='line_1_94' title="bbox 277 4873 1793 4944; baseline 0 -17"><span class='ocrx_word' id='word_1_599' title='bbox 277 4873 392 4938; x_wconf 80' lang='lat' dir='ltr'><strong>(7G)</strong></span> <span class='ocrx_word' id='word_1_600' title='bbox 421 4873 525 4926; x_wconf 79' lang='grc' dir='ltr'><strong>Καὶ</strong></span> <span class='ocrx_word' id='word_1_601' title='bbox 572 4873 677 4927; x_wconf 82' lang='grc' dir='ltr'><strong>τοῦ</strong></span> <span class='ocrx_word' id='word_1_602' title='bbox 723 4876 898 4944; x_wconf 69' lang='grc' dir='ltr'>ἁγίου</span> <span class='ocrx_word' id='word_1_603' title='bbox 952 4876 1300 4942; x_wconf 82' lang='grc' dir='ltr'>Πνεὺματος</span> <span class='ocrx_word' id='word_1_604' title='bbox 1349 4877 1618 4940; x_wconf 78' lang='grc' dir='ltr'>θεότητιι.</span> <span class='ocrx_word' id='word_1_605' title='bbox 1667 4874 1793 4927; x_wconf 72' lang='lat' dir='ltr'><strong>Post</strong></span> 
     </span>
    </p>
   </div>
   <div class='ocr_carea' id='block_1_95' title="bbox 200 4945 1791 5011">
    <p class='ocr_par' dir='ltr' id='par_1_95' title="bbox 200 4945 1791 5011">
     <span class='ocr_line' id='line_1_95' title="bbox 200 4945 1791 5011; baseline -0.002 -14"><span class='ocrx_word' id='word_1_606' title='bbox 200 4947 303 4997; x_wconf 69' lang='lat' dir='ltr'><strong>ista</strong></span> <span class='ocrx_word' id='word_1_607' title='bbox 338 4945 524 4995; x_wconf 87' lang='lat' dir='ltr'><strong>ultima</strong></span> <span class='ocrx_word' id='word_1_608' title='bbox 560 4945 717 5011; x_wconf 64' lang='lat' dir='ltr'><strong>hujus</strong></span> <span class='ocrx_word' id='word_1_609' title='bbox 749 4947 973 4998; x_wconf 84' lang='lat' dir='ltr'><strong>canonis</strong></span> <span class='ocrx_word' id='word_1_610' title='bbox 1016 4948 1180 4998; x_wconf 84' lang='lat' dir='ltr'><strong>verba</strong></span> <span class='ocrx_word' id='word_1_611' title='bbox 1229 4946 1278 4996; x_wconf 92' lang='lat' dir='ltr'><strong>in</strong></span> <span class='ocrx_word' id='word_1_612' title='bbox 1332 4945 1555 4998; x_wconf 82' lang='lat' dir='ltr'><strong>Joannis</strong></span> <span class='ocrx_word' id='word_1_613' title='bbox 1602 4945 1791 4996; x_wconf 83' lang='lat' dir='ltr'><strong>Antio-</strong></span> 
     </span>
    </p>
   </div>
   <div class='ocr_carea' id='block_1_96' title="bbox 202 5014 1790 5080">
    <p class='ocr_par' dir='ltr' id='par_1_96' title="bbox 202 5014 1790 5080">
     <span class='ocr_line' id='line_1_96' title="bbox 202 5014 1790 5080; baseline -0.001 -14"><span class='ocrx_word' id='word_1_614' title='bbox 202 5014 367 5068; x_wconf 58' lang='grc' dir='ltr'>ειη-ιιι</span> <span class='ocrx_word' id='word_1_615' title='bbox 394 5014 616 5074; x_wconf 71' lang='lat' dir='ltr'><strong>(lollect,</strong></span> <span class='ocrx_word' id='word_1_616' title='bbox 649 5033 769 5067; x_wconf 87' lang='lat' dir='ltr'><strong>can.</strong></span> <span class='ocrx_word' id='word_1_617' title='bbox 801 5016 882 5067; x_wconf 90' lang='lat' dir='ltr'><strong>tit.</strong></span> <span class='ocrx_word' id='word_1_618' title='bbox 920 5015 1010 5080; x_wconf 78' lang='lat' dir='ltr'><strong>3G,</strong></span> <span class='ocrx_word' id='word_1_619' title='bbox 1043 5014 1158 5068; x_wconf 69' lang='lat' dir='ltr'><strong>haec</strong></span> <span class='ocrx_word' id='word_1_620' title='bbox 1190 5016 1478 5077; x_wconf 85' lang='lat' dir='ltr'><strong>adduntur,</strong></span> <span class='ocrx_word' id='word_1_621' title='bbox 1506 5017 1552 5065; x_wconf 86' lang='grc' dir='ltr'><strong>οί</strong></span> <span class='ocrx_word' id='word_1_622' title='bbox 1579 5015 1634 5065; x_wconf 82' lang='grc' dir='ltr'>δὲ</span> <span class='ocrx_word' id='word_1_623' title='bbox 1665 5030 1790 5064; x_wconf 86' lang='grc' dir='ltr'>συν-</span> 
     </span>
    </p>
   </div>
   <div class='ocr_carea' id='block_1_97' title="bbox 201 5079 1790 5154">
    <p class='ocr_par' dir='ltr' id='par_1_97' title="bbox 201 5079 1790 5154">
     <span class='ocr_line' id='line_1_97' title="bbox 201 5079 1790 5154; baseline -0.001 -19"><span class='ocrx_word' id='word_1_624' title='bbox 201 5087 456 5143; x_wconf 58' lang='lat' dir='ltr'><strong>smine;</strong></span> <span class='ocrx_word' id='word_1_625' title='bbox 498 5085 788 5137; x_wconf 71' lang='grc' dir='ltr'>ἐπίσκοποί</span> <span class='ocrx_word' id='word_1_626' title='bbox 816 5109 826 5144; x_wconf 67' lang='grc' dir='ltr'>ε</span> <span class='ocrx_word' id='word_1_627' title='bbox 852 5079 1003 5137; x_wconf 87' lang='grc' dir='ltr'>είσιν</span> <span class='ocrx_word' id='word_1_628' title='bbox 1046 5079 1230 5137; x_wconf 78' lang='grc' dir='ltr'>οὗτοι·</span> <span class='ocrx_word' id='word_1_629' title='bbox 1293 5084 1598 5154; x_wconf 77' lang='grc' dir='ltr'>Νεκτάριος</span> <span class='ocrx_word' id='word_1_630' title='bbox 1662 5084 1790 5154; x_wconf 14' lang='grc' dir='ltr'>νὲπί-</span> 
     </span>
    </p>
   </div>
   <div class='ocr_carea' id='block_1_98' title="bbox 204 5153 1781 5221">
    <p class='ocr_par' dir='ltr' id='par_1_98' title="bbox 204 5153 1781 5221">
     <span class='ocr_line' id='line_1_98' title="bbox 204 5153 1781 5221; baseline 0.019 -29"><span class='ocrx_word' id='word_1_631' title='bbox 204 5169 415 5213; x_wconf 73' lang='grc' dir='ltr'>σχοπος</span> <span class='ocrx_word' id='word_1_632' title='bbox 480 5155 1104 5217; x_wconf 70' lang='grc' dir='ltr'>Κωνσταντινουπόλεως</span> <span class='ocrx_word' id='word_1_633' title='bbox 1133 5196 1146 5217; x_wconf 91' lang='grc'><strong>,</strong></span> <span class='ocrx_word' id='word_1_634' title='bbox 1197 5153 1491 5221; x_wconf 43' lang='lat' dir='ltr'><strong>Tit-£6950?</strong></span> <span class='ocrx_word' id='word_1_635' title='bbox 1529 5153 1781 5218; x_wconf 63' lang='grc' dir='ltr'><strong>Ἀλεξῖν-</strong></span> 
     </span>
    </p>
   </div>
   <div class='ocr_carea' id='block_1_99' title="bbox 201 5222 1778 5293">
    <p class='ocr_par' dir='ltr' id='par_1_99' title="bbox 201 5222 1778 5293">
     <span class='ocr_line' id='line_1_99' title="bbox 201 5222 1778 5293; baseline -0.001 -19"><span class='ocrx_word' id='word_1_636' title='bbox 201 5226 394 5292; x_wconf 73' lang='grc' dir='ltr'>ὃρευς,</span> <span class='ocrx_word' id='word_1_637' title='bbox 432 5225 523 5277; x_wconf 75' lang='grc' dir='ltr'>καὶ</span> <span class='ocrx_word' id='word_1_638' title='bbox 583 5225 630 5274; x_wconf 88' lang='grc' dir='ltr'>οἱ</span> <span class='ocrx_word' id='word_1_639' title='bbox 679 5223 855 5275; x_wconf 81' lang='grc' dir='ltr'>λοιποὶ</span> <span class='ocrx_word' id='word_1_640' title='bbox 909 5225 1197 5279; x_wconf 78' lang='grc' dir='ltr'>ἐπίσκοποι</span> <span class='ocrx_word' id='word_1_641' title='bbox 1237 5222 1334 5293; x_wconf 89' lang='grc' dir='ltr'>ρν’.</span> <span class='ocrx_word' id='word_1_642' title='bbox 1376 5224 1527 5289; x_wconf 71' lang='lat' dir='ltr'><strong>Qua),</strong></span> <span class='ocrx_word' id='word_1_643' title='bbox 1581 5223 1778 5287; x_wconf 86' lang='lat' dir='ltr'><strong>fateor,</strong></span> 
     </span>
    </p>
   </div>
   <div class='ocr_carea' id='block_1_100' title="bbox 205 5293 1779 5362">
    <p class='ocr_par' dir='ltr' id='par_1_100' title="bbox 205 5293 1779 5362">
     <span class='ocr_line' id='line_1_100' title="bbox 205 5293 1779 5362; baseline 0.001 -18"><span class='ocrx_word' id='word_1_644' title='bbox 205 5297 371 5344; x_wconf 75' lang='lat' dir='ltr'><strong>\‘i&#39;l‘lm</strong></span> <span class='ocrx_word' id='word_1_645' title='bbox 402 5293 744 5346; x_wconf 76' lang='lat' dir='ltr'><strong>subimlieare</strong></span> <span class='ocrx_word' id='word_1_646' title='bbox 781 5296 1082 5357; x_wconf 83' lang='lat' dir='ltr'><strong>videantur,</strong></span> <span class='ocrx_word' id='word_1_647' title='bbox 1143 5303 1459 5362; x_wconf 68' lang='lat' dir='ltr'><strong>pra&#39;sentem</strong></span> <span class='ocrx_word' id='word_1_648' title='bbox 1517 5309 1779 5348; x_wconf 86' lang='lat' dir='ltr'><strong>canonem</strong></span> 
     </span>
    </p>
   </div>
   <div class='ocr_carea' id='block_1_101' title="bbox 205 5365 1778 5434">
    <p class='ocr_par' dir='ltr' id='par_1_101' title="bbox 205 5365 1778 5434">
     <span class='ocr_line' id='line_1_101' title="bbox 205 5365 1778 5434; baseline 0.001 -20"><span class='ocrx_word' id='word_1_649' title='bbox 205 5381 234 5414; x_wconf 77' lang='grc' dir='ltr'><strong>ιι</strong></span> <span class='ocrx_word' id='word_1_650' title='bbox 267 5365 506 5414; x_wconf 76' lang='lat' dir='ltr'><strong>secunda</strong></span> <span class='ocrx_word' id='word_1_651' title='bbox 542 5365 773 5427; x_wconf 68' lang='lat' dir='ltr'><strong>generali</strong></span> <span class='ocrx_word' id='word_1_652' title='bbox 802 5367 1021 5434; x_wconf 81' lang='lat' dir='ltr'><strong>synodo</strong></span> <span class='ocrx_word' id='word_1_653' title='bbox 1048 5366 1314 5416; x_wconf 84' lang='lat' dir='ltr'><strong>sancitum</strong></span> <span class='ocrx_word' id='word_1_654' title='bbox 1383 5379 1529 5426; x_wconf 80' lang='lat' dir='ltr'><strong>esse,</strong></span> <span class='ocrx_word' id='word_1_655' title='bbox 1586 5374 1778 5417; x_wconf 88' lang='lat' dir='ltr'><strong>contra</strong></span> 
     </span>
    </p>
   </div>
   <div class='ocr_carea' id='block_1_102' title="bbox 205 5433 1777 5501">
    <p class='ocr_par' dir='ltr' id='par_1_102' title="bbox 205 5433 1777 5501">
     <span class='ocr_line' id='line_1_102' title="bbox 205 5433 1777 5501; baseline -0.001 -16"><span class='ocrx_word' id='word_1_656' title='bbox 205 5450 272 5485; x_wconf 86' lang='lat' dir='ltr'><strong>ac</strong></span> <span class='ocrx_word' id='word_1_657' title='bbox 303 5448 332 5484; x_wconf 90' lang='lat' dir='ltr'><strong>a</strong></span> <span class='ocrx_word' id='word_1_658' title='bbox 369 5434 522 5483; x_wconf 82' lang='lat' dir='ltr'><strong>nubis</strong></span> <span class='ocrx_word' id='word_1_659' title='bbox 549 5447 815 5486; x_wconf 67' lang='lat' dir='ltr'><strong>:hScl&#39;illtlI</strong></span> <span class='ocrx_word' id='word_1_660' title='bbox 838 5433 944 5487; x_wconf 85' lang='lat' dir='ltr'><strong>est.</strong></span> <span class='ocrx_word' id='word_1_661' title='bbox 1010 5433 1201 5485; x_wconf 80' lang='lat' dir='ltr'><strong>Verum</strong></span> <span class='ocrx_word' id='word_1_662' title='bbox 1235 5436 1340 5487; x_wconf 58' lang='lat' dir='ltr'><strong>iste</strong></span> <span class='ocrx_word' id='word_1_663' title='bbox 1398 5436 1777 5501; x_wconf 84' lang='lat' dir='ltr'><strong>episcoporum</strong></span> 
     </span>
    </p>
   </div>
   <div class='ocr_carea' id='block_1_103' title="bbox 207 5502 1776 5572">
    <p class='ocr_par' dir='ltr' id='par_1_103' title="bbox 207 5502 1776 5572">
     <span class='ocr_line' id='line_1_103' title="bbox 207 5502 1776 5572; baseline 0.002 -20"><span class='ocrx_word' id='word_1_664' title='bbox 207 5502 496 5569; x_wconf 73' lang='lat' dir='ltr'><strong>catalogus</strong></span> <span class='ocrx_word' id='word_1_665' title='bbox 530 5505 598 5555; x_wconf 85' lang='lat' dir='ltr'><strong>ibi</strong></span> <span class='ocrx_word' id='word_1_666' title='bbox 631 5504 884 5557; x_wconf 65' lang='lat' dir='ltr'><strong>Collocari</strong></span> <span class='ocrx_word' id='word_1_667' title='bbox 925 5506 1116 5572; x_wconf 80' lang='lat' dir='ltr'><strong>potuit,</strong></span> <span class='ocrx_word' id='word_1_668' title='bbox 1172 5511 1452 5572; x_wconf 75' lang='lat' dir='ltr'><strong>postquam</strong></span> <span class='ocrx_word' id='word_1_669' title='bbox 1490 5504 1576 5557; x_wconf 90' lang='lat' dir='ltr'><strong>hic</strong></span> <span class='ocrx_word' id='word_1_670' title='bbox 1605 5519 1776 5556; x_wconf 87' lang='lat' dir='ltr'><strong>canon</strong></span> 
     </span>
    </p>
   </div>
   <div class='ocr_carea' id='block_1_104' title="bbox 205 5573 1778 5642">
    <p class='ocr_par' dir='ltr' id='par_1_104' title="bbox 205 5573 1778 5642">
     <span class='ocr_line' id='line_1_104' title="bbox 205 5573 1778 5642; baseline 0.001 -21"><span class='ocrx_word' id='word_1_671' title='bbox 205 5580 443 5640; x_wconf 80' lang='lat' dir='ltr'><strong>quatitur</strong></span> <span class='ocrx_word' id='word_1_672' title='bbox 472 5575 746 5639; x_wconf 80' lang='lat' dir='ltr'><strong>przoribus</strong></span> <span class='ocrx_word' id='word_1_673' title='bbox 775 5574 1018 5642; x_wconf 81' lang='lat' dir='ltr'><strong>adjccws</strong></span> <span class='ocrx_word' id='word_1_674' title='bbox 1054 5575 1233 5626; x_wconf 88' lang='lat' dir='ltr'><strong>fuerit.</strong></span> <span class='ocrx_word' id='word_1_675' title='bbox 1259 5573 1322 5625; x_wconf 82' lang='lat' dir='ltr'><strong>Et</strong></span> <span class='ocrx_word' id='word_1_676' title='bbox 1348 5583 1626 5641; x_wconf 57' lang='lat' dir='ltr'><strong>prieterea,</strong></span> <span class='ocrx_word' id='word_1_677' title='bbox 1656 5589 1778 5625; x_wconf 83' lang='lat' dir='ltr'><strong>cum</strong></span> 
     </span>
    </p>
   </div>
   <div class='ocr_carea' id='block_1_105' title="bbox 210 5642 1777 5712">
    <p class='ocr_par' dir='ltr' id='par_1_105' title="bbox 210 5642 1777 5712">
     <span class='ocr_line' id='line_1_105' title="bbox 210 5642 1777 5712; baseline 0 -18"><span class='ocrx_word' id='word_1_678' title='bbox 210 5643 450 5694; x_wconf 70' lang='lat' dir='ltr'><strong>maxima</strong></span> <span class='ocrx_word' id='word_1_679' title='bbox 486 5661 605 5708; x_wconf 82' lang='lat' dir='ltr'><strong>pars</strong></span> <span class='ocrx_word' id='word_1_680' title='bbox 641 5647 1039 5711; x_wconf 80' lang='lat' dir='ltr'><strong>episeoporum,</strong></span> <span class='ocrx_word' id='word_1_681' title='bbox 1071 5645 1161 5712; x_wconf 87' lang='lat' dir='ltr'><strong>qui</strong></span> <span class='ocrx_word' id='word_1_682' title='bbox 1191 5647 1240 5695; x_wconf 88' lang='lat' dir='ltr'><strong>in</strong></span> <span class='ocrx_word' id='word_1_683' title='bbox 1265 5645 1500 5696; x_wconf 80' lang='lat' dir='ltr'><strong>secunda</strong></span> <span class='ocrx_word' id='word_1_684' title='bbox 1539 5642 1777 5707; x_wconf 66' lang='lat' dir='ltr'><strong>generali</strong></span> 
     </span>
    </p>
   </div>
   <div class='ocr_carea' id='block_1_106' title="bbox 207 5714 1778 5781">
    <p class='ocr_par' dir='ltr' id='par_1_106' title="bbox 207 5714 1778 5781">
     <span class='ocr_line' id='line_1_106' title="bbox 207 5714 1778 5781; baseline -0.002 -15"><span class='ocrx_word' id='word_1_685' title='bbox 207 5714 419 5779; x_wconf 68' lang='lat' dir='ltr'><strong>synodo</strong></span> <span class='ocrx_word' id='word_1_686' title='bbox 473 5716 781 5781; x_wconf 73' lang='lat' dir='ltr'><strong>congregati</strong></span> <span class='ocrx_word' id='word_1_687' title='bbox 839 5716 1069 5776; x_wconf 79' lang='lat' dir='ltr'><strong>fuerant,</strong></span> <span class='ocrx_word' id='word_1_688' title='bbox 1120 5714 1241 5767; x_wconf 85' lang='lat' dir='ltr'><strong>huic</strong></span> <span class='ocrx_word' id='word_1_689' title='bbox 1292 5716 1452 5765; x_wconf 88' lang='lat' dir='ltr'><strong>etiam</strong></span> <span class='ocrx_word' id='word_1_690' title='bbox 1498 5714 1778 5768; x_wconf 78' lang='lat' dir='ltr'><strong>condendo</strong></span> 
     </span>
    </p>
   </div>
   <div class='ocr_carea' id='block_1_107' title="bbox 216 5781 1781 5851">
    <p class='ocr_par' dir='ltr' id='par_1_107' title="bbox 216 5781 1781 5851">
     <span class='ocr_line' id='line_1_107' title="bbox 216 5781 1781 5851; baseline -0.001 -17"><span class='ocrx_word' id='word_1_691' title='bbox 216 5781 410 5834; x_wconf 74' lang='lat' dir='ltr'><strong>rationi</strong></span> <span class='ocrx_word' id='word_1_692' title='bbox 477 5785 821 5848; x_wconf 65' lang='lat' dir='ltr'><strong>interessent,</strong></span> <span class='ocrx_word' id='word_1_693' title='bbox 886 5785 1071 5837; x_wconf 68' lang='lat' dir='ltr'><strong>iisdem</strong></span> <span class='ocrx_word' id='word_1_694' title='bbox 1123 5797 1334 5836; x_wconf 78' lang='lat' dir='ltr'><strong>CL‘I‘Ill&#39;I‘</strong></span> <span class='ocrx_word' id='word_1_695' title='bbox 1391 5783 1781 5851; x_wconf 74' lang='lat' dir='ltr'><strong>quinquaginta</strong></span> 
     </span>
    </p>
   </div>
   <div class='ocr_carea' id='block_1_108' title="bbox 545 5884 1380 5944">
    <p class='ocr_par' dir='ltr' id='par_1_108' title="bbox 545 5884 1380 5944">
     <span class='ocr_line' id='line_1_108' title="bbox 545 5884 1380 5944; baseline 0.002 -3"><span class='ocrx_word' id='word_1_696' title='bbox 545 5885 812 5942; x_wconf 72' lang='lat' dir='ltr'><strong>l&#39;nitOL.</strong></span> <span class='ocrx_word' id='word_1_697' title='bbox 853 5884 969 5941; x_wconf 72' lang='lat' dir='ltr'><strong>(in.</strong></span> <span class='ocrx_word' id='word_1_698' title='bbox 1018 5884 1232 5942; x_wconf 69' lang='lat' dir='ltr'><strong>CXXX</strong></span> <span class='ocrx_word' id='word_1_699' title='bbox 1251 5885 1380 5944; x_wconf 70' lang='lat' dir='ltr'><strong>VH.</strong></span> 
     </span>
    </p>
   </div>
   <div class='ocr_carea' id='block_1_109' title="bbox 1896 4863 3462 4930">
    <p class='ocr_par' dir='ltr' id='par_1_109' title="bbox 1896 4863 3462 4930">
     <span class='ocr_line' id='line_1_109' title="bbox 1896 4863 3462 4930; baseline -0.009 -4"><span class='ocrx_word' id='word_1_700' title='bbox 1896 4871 2148 4926; x_wconf 83' lang='lat' dir='ltr'><strong>Patribus</strong></span> <span class='ocrx_word' id='word_1_701' title='bbox 2181 4868 2282 4921; x_wconf 89' lang='lat' dir='ltr'><strong>iste</strong></span> <span class='ocrx_word' id='word_1_702' title='bbox 2317 4883 2422 4920; x_wconf 78' lang='lat' dir='ltr'><strong>nun</strong></span> <span class='ocrx_word' id='word_1_703' title='bbox 2454 4867 2724 4918; x_wconf 85' lang='lat' dir='ltr'><strong>immerito</strong></span> <span class='ocrx_word' id='word_1_704' title='bbox 2758 4864 3089 4918; x_wconf 88' lang='lat' dir='ltr'><strong>attribuatur</strong></span> <span class='ocrx_word' id='word_1_705' title='bbox 3122 4881 3134 4916; x_wconf 76' lang='grc' dir='ltr'><em>τ</em></span> <span class='ocrx_word' id='word_1_706' title='bbox 3165 4863 3462 4930; x_wconf 67' lang='lat' dir='ltr'><strong>prmsertizn</strong></span> 
     </span>
    </p>
   </div>
   <div class='ocr_carea' id='block_1_110' title="bbox 1896 4932 3463 5006">
    <p class='ocr_par' dir='ltr' id='par_1_110' title="bbox 1896 4932 3463 5006">
     <span class='ocr_line' id='line_1_110' title="bbox 1896 4932 3463 5006; baseline -0.008 -11"><span class='ocrx_word' id='word_1_707' title='bbox 1896 4957 2020 4996; x_wconf 92' lang='lat' dir='ltr'><strong>cum</strong></span> <span class='ocrx_word' id='word_1_708' title='bbox 2060 4941 2110 4992; x_wconf 94' lang='lat' dir='ltr'><strong>in</strong></span> <span class='ocrx_word' id='word_1_709' title='bbox 2146 4938 2370 5003; x_wconf 86' lang='lat' dir='ltr'><strong>epistola</strong></span> <span class='ocrx_word' id='word_1_710' title='bbox 2403 4939 2490 4989; x_wconf 87' lang='lat' dir='ltr'><strong>illa</strong></span> <span class='ocrx_word' id='word_1_711' title='bbox 2520 4937 2801 5006; x_wconf 79' lang='lat' dir='ltr'><strong>synodica,</strong></span> <span class='ocrx_word' id='word_1_712' title='bbox 2834 4951 2898 5006; x_wconf 55' lang='grc' dir='ltr'>εξ</span> <span class='ocrx_word' id='word_1_713' title='bbox 2939 4949 3041 5001; x_wconf 91' lang='lat' dir='ltr'><strong>qua</strong></span> <span class='ocrx_word' id='word_1_714' title='bbox 3090 4949 3329 5006; x_wconf 65' lang='lat' dir='ltr'><strong>praesens</strong></span> <span class='ocrx_word' id='word_1_715' title='bbox 3377 4932 3463 4984; x_wconf 88' lang='lat' dir='ltr'><strong>hic</strong></span> 
     </span>
    </p>
   </div>
   <div class='ocr_carea' id='block_1_111' title="bbox 1894 5003 3461 5075">
    <p class='ocr_par' dir='ltr' id='par_1_111' title="bbox 1894 5003 3461 5075">
     <span class='ocr_line' id='line_1_111' title="bbox 1894 5003 3461 5075; baseline -0.008 -10"><span class='ocrx_word' id='word_1_716' title='bbox 1894 5026 2067 5065; x_wconf 91' lang='lat' dir='ltr'><strong>canon</strong></span> <span class='ocrx_word' id='word_1_717' title='bbox 2091 5010 2403 5075; x_wconf 85' lang='lat' dir='ltr'><strong>desmnptus</strong></span> <span class='ocrx_word' id='word_1_718' title='bbox 2419 5003 2582 5060; x_wconf 55' lang='lat' dir='ltr'><strong>.nobi&#39;s</strong></span> <span class='ocrx_word' id='word_1_719' title='bbox 2602 5007 2835 5069; x_wconf 89' lang='lat' dir='ltr'><strong>videtur,</strong></span> <span class='ocrx_word' id='word_1_720' title='bbox 2860 5003 3068 5066; x_wconf 85' lang='lat' dir='ltr'><strong>Patres,</strong></span> <span class='ocrx_word' id='word_1_721' title='bbox 3088 5005 3177 5072; x_wconf 91' lang='lat' dir='ltr'><strong>qui</strong></span> <span class='ocrx_word' id='word_1_722' title='bbox 3198 5019 3315 5057; x_wconf 80' lang='lat' dir='ltr'><strong>eam</strong></span> <span class='ocrx_word' id='word_1_723' title='bbox 3339 5017 3461 5075; x_wconf 86' lang='lat' dir='ltr'><strong>con-</strong></span> 
     </span>
    </p>
   </div>
   <div class='ocr_carea' id='block_1_112' title="bbox 1894 5073 3462 5147">
    <p class='ocr_par' dir='ltr' id='par_1_112' title="bbox 1894 5073 3462 5147">
     <span class='ocr_line' id='line_1_112' title="bbox 1894 5073 3462 5147; baseline -0.008 -12"><span class='ocrx_word' id='word_1_724' title='bbox 1894 5083 2252 5147; x_wconf 87' lang='lat' dir='ltr'><strong>scripserunt,</strong></span> <span class='ocrx_word' id='word_1_725' title='bbox 2275 5073 2477 5130; x_wconf 80' lang='lat' dir='ltr'><strong>diserte</strong></span> <span class='ocrx_word' id='word_1_726' title='bbox 2502 5079 2682 5130; x_wconf 90' lang='lat' dir='ltr'><strong>testati</strong></span> <span class='ocrx_word' id='word_1_727' title='bbox 2699 5075 2920 5147; x_wconf 87' lang='lat' dir='ltr'><strong>fuerint,</strong></span> <span class='ocrx_word' id='word_1_728' title='bbox 2955 5089 3014 5127; x_wconf 89' lang='lat' dir='ltr'><strong>se</strong></span> <span class='ocrx_word' id='word_1_729' title='bbox 3037 5077 3279 5147; x_wconf 81' lang='lat' dir='ltr'><strong>eamdem</strong></span> <span class='ocrx_word' id='word_1_730' title='bbox 3302 5073 3462 5147; x_wconf 82' lang='lat' dir='ltr'><strong>fidem</strong></span> 
     </span>
    </p>
   </div>
   <div class='ocr_carea' id='block_1_113' title="bbox 1895 5144 3462 5216">
    <p class='ocr_par' dir='ltr' id='par_1_113' title="bbox 1895 5144 3462 5216">
     <span class='ocr_line' id='line_1_113' title="bbox 1895 5144 3462 5216; baseline -0.009 -11"><span class='ocrx_word' id='word_1_731' title='bbox 1895 5153 1947 5205; x_wconf 89' lang='lat' dir='ltr'><strong>in</strong></span> <span class='ocrx_word' id='word_1_732' title='bbox 1967 5144 2300 5205; x_wconf 58' lang='lat' dir='ltr'><strong>oirumeuica</strong></span> <span class='ocrx_word' id='word_1_733' title='bbox 2320 5147 2525 5216; x_wconf 84' lang='lat' dir='ltr'><strong>synodo</strong></span> <span class='ocrx_word' id='word_1_734' title='bbox 2544 5146 2876 5213; x_wconf 68' lang='lat' dir='ltr'><strong>prrecedente</strong></span> <span class='ocrx_word' id='word_1_735' title='bbox 2894 5159 3034 5196; x_wconf 87' lang='lat' dir='ltr'><strong>anno</strong></span> <span class='ocrx_word' id='word_1_736' title='bbox 3054 5144 3270 5216; x_wconf 82' lang='lat' dir='ltr'><strong>uberius</strong></span> <span class='ocrx_word' id='word_1_737' title='bbox 3287 5144 3462 5216; x_wconf 75' lang='lat' dir='ltr'><strong>expli-</strong></span> 
     </span>
    </p>
   </div>
   <div class='ocr_carea' id='block_1_114' title="bbox 1895 5213 3463 5285">
    <p class='ocr_par' dir='ltr' id='par_1_114' title="bbox 1895 5213 3463 5285">
     <span class='ocr_line' id='line_1_114' title="bbox 1895 5213 3463 5285; baseline -0.008 -12"><span class='ocrx_word' id='word_1_738' title='bbox 1895 5223 2098 5280; x_wconf 87' lang='lat' dir='ltr'><strong>cuisse,</strong></span> <span class='ocrx_word' id='word_1_739' title='bbox 2133 5219 2243 5270; x_wconf 73' lang='grc' dir='ltr'>Καὶ</span> <span class='ocrx_word' id='word_1_740' title='bbox 2276 5213 2363 5285; x_wconf 73' lang='grc' dir='ltr'>τῷ</span> <span class='ocrx_word' id='word_1_741' title='bbox 2379 5217 2611 5284; x_wconf 81' lang='grc' dir='ltr'>πέρυσιν</span> <span class='ocrx_word' id='word_1_742' title='bbox 2643 5217 2699 5268; x_wconf 82' lang='grc' dir='ltr'>ὲν</span> <span class='ocrx_word' id='word_1_743' title='bbox 2730 5213 3269 5285; x_wconf 68' lang='grc' dir='ltr'>Κωσταντινουπόλει</span> <span class='ocrx_word' id='word_1_744' title='bbox 3304 5213 3463 5285; x_wconf 23' lang='grc' dir='ltr'>*παρὰ</span> 
     </span>
    </p>
   </div>
   <div class='ocr_carea' id='block_1_115' title="bbox 1891 5278 3463 5359">
    <p class='ocr_par' dir='ltr' id='par_1_115' title="bbox 1891 5278 3463 5359">
     <span class='ocr_line' id='line_1_115' title="bbox 1891 5278 3463 5359; baseline -0.006 -17"><span class='ocrx_word' id='word_1_745' title='bbox 1891 5290 1988 5359; x_wconf 81' lang='grc' dir='ltr'>τῆς</span> <span class='ocrx_word' id='word_1_746' title='bbox 2019 5278 2413 5354; x_wconf 72' lang='grc' dir='ltr'>οἰκουμενικῆς</span> <span class='ocrx_word' id='word_1_747' title='bbox 2440 5278 2720 5359; x_wconf 75' lang='grc' dir='ltr'>ἑκτεθέντι</span> <span class='ocrx_word' id='word_1_748' title='bbox 2749 5285 2996 5359; x_wconf 60' lang='grc' dir='ltr'>συνόόου,</span> <span class='ocrx_word' id='word_1_749' title='bbox 3030 5287 3086 5334; x_wconf 82' lang='grc' dir='ltr'>ἐν</span> <span class='ocrx_word' id='word_1_750' title='bbox 3130 5278 3211 5359; x_wconf 68' lang='grc' dir='ltr'>οἷς</span> <span class='ocrx_word' id='word_1_751' title='bbox 3260 5278 3463 5333; x_wconf 76' lang='grc' dir='ltr'>πλατύ-</span> 
     </span>
    </p>
   </div>
   <div class='ocr_carea' id='block_1_116' title="bbox 1890 5354 3462 5428">
    <p class='ocr_par' dir='ltr' id='par_1_116' title="bbox 1890 5354 3462 5428">
     <span class='ocr_line' id='line_1_116' title="bbox 1890 5354 3462 5428; baseline -0.007 -17"><span class='ocrx_word' id='word_1_752' title='bbox 1890 5354 2044 5428; x_wconf 77' lang='grc' dir='ltr'>τερον</span> <span class='ocrx_word' id='word_1_753' title='bbox 2071 5359 2170 5427; x_wconf 82' lang='grc' dir='ltr'>τὴν</span> <span class='ocrx_word' id='word_1_754' title='bbox 2199 5359 2384 5408; x_wconf 82' lang='grc' dir='ltr'>πίστιν</span> <span class='ocrx_word' id='word_1_755' title='bbox 2403 5356 2863 5428; x_wconf 64' lang='grc' dir='ltr'>ᾠμοὶογήσαμεν.</span> <span class='ocrx_word' id='word_1_756' title='bbox 2899 5354 3033 5407; x_wconf 90' lang='lat' dir='ltr'><strong>lliuc</strong></span> <span class='ocrx_word' id='word_1_757' title='bbox 3056 5354 3198 5406; x_wconf 87' lang='lat' dir='ltr'><strong>enim</strong></span> <span class='ocrx_word' id='word_1_758' title='bbox 3224 5361 3462 5428; x_wconf 72' lang='lat' dir='ltr'><strong>coiIStaI,</strong></span> 
     </span>
    </p>
   </div>
   <div class='ocr_carea' id='block_1_117' title="bbox 1890 5423 3465 5493">
    <p class='ocr_par' dir='ltr' id='par_1_117' title="bbox 1890 5423 3465 5493">
     <span class='ocr_line' id='line_1_117' title="bbox 1890 5423 3465 5493; baseline -0.006 -13"><span class='ocrx_word' id='word_1_759' title='bbox 1890 5423 2105 5482; x_wconf 76' lang='lat' dir='ltr'><strong>etistleiii</strong></span> <span class='ocrx_word' id='word_1_760' title='bbox 2128 5423 2312 5480; x_wconf 66' lang='lat' dir='ltr'><strong>fuisse</strong></span> <span class='ocrx_word' id='word_1_761' title='bbox 2339 5423 2655 5492; x_wconf 28' lang='lat' dir='ltr'><strong>episCOpns,’</strong></span> <span class='ocrx_word' id='word_1_762' title='bbox 2677 5426 2768 5493; x_wconf 86' lang='lat' dir='ltr'><strong>qui</strong></span> <span class='ocrx_word' id='word_1_763' title='bbox 2807 5435 3085 5493; x_wconf 89' lang='lat' dir='ltr'><strong>sequente,</strong></span> <span class='ocrx_word' id='word_1_764' title='bbox 3124 5438 3186 5474; x_wconf 92' lang='lat' dir='ltr'><strong>ac</strong></span> <span class='ocrx_word' id='word_1_765' title='bbox 3215 5423 3306 5490; x_wconf 93' lang='lat' dir='ltr'><strong>qui</strong></span> <span class='ocrx_word' id='word_1_766' title='bbox 3336 5437 3465 5488; x_wconf 80' lang='lat' dir='ltr'><strong>pra:-</strong></span> 
     </span>
    </p>
   </div>
   <div class='ocr_carea' id='block_1_118' title="bbox 1891 5495 3460 5562">
    <p class='ocr_par' dir='ltr' id='par_1_118' title="bbox 1891 5495 3460 5562">
     <span class='ocr_line' id='line_1_118' title="bbox 1891 5495 3460 5562; baseline -0.006 -10"><span class='ocrx_word' id='word_1_767' title='bbox 1891 5501 2116 5552; x_wconf 83' lang='lat' dir='ltr'><strong>cedente</strong></span> <span class='ocrx_word' id='word_1_768' title='bbox 2191 5512 2332 5548; x_wconf 89' lang='lat' dir='ltr'><strong>anno</strong></span> <span class='ocrx_word' id='word_1_769' title='bbox 2391 5495 2859 5562; x_wconf 78' lang='lat' dir='ltr'><strong>ConstantinOpuli</strong></span> <span class='ocrx_word' id='word_1_770' title='bbox 2936 5495 3248 5562; x_wconf 75' lang='lat' dir='ltr'><strong>congregati</strong></span> <span class='ocrx_word' id='word_1_771' title='bbox 3315 5500 3460 5544; x_wconf 81' lang='lat' dir='ltr'><strong>sum.</strong></span> 
     </span>
    </p>
   </div>
   <div class='ocr_carea' id='block_1_119' title="bbox 1893 5563 3460 5634">
    <p class='ocr_par' dir='ltr' id='par_1_119' title="bbox 1893 5563 3460 5634">
     <span class='ocr_line' id='line_1_119' title="bbox 1893 5563 3460 5634; baseline -0.008 -11"><span class='ocrx_word' id='word_1_772' title='bbox 1893 5569 2044 5623; x_wconf 86' lang='lat' dir='ltr'><strong>Unde</strong></span> <span class='ocrx_word' id='word_1_773' title='bbox 2089 5569 2230 5633; x_wconf 88' lang='lat' dir='ltr'><strong>quod</strong></span> <span class='ocrx_word' id='word_1_774' title='bbox 2281 5569 2332 5619; x_wconf 92' lang='lat' dir='ltr'><strong>in</strong></span> <span class='ocrx_word' id='word_1_775' title='bbox 2369 5567 2536 5618; x_wconf 88' lang='lat' dir='ltr'><strong>altera</strong></span> <span class='ocrx_word' id='word_1_776' title='bbox 2602 5565 2690 5617; x_wconf 89' lang='lat' dir='ltr'><strong>illa</strong></span> <span class='ocrx_word' id='word_1_777' title='bbox 2749 5563 2954 5634; x_wconf 86' lang='lat' dir='ltr'><strong>synodo</strong></span> <span class='ocrx_word' id='word_1_778' title='bbox 3014 5565 3292 5634; x_wconf 83' lang='lat' dir='ltr'><strong>decretum</strong></span> <span class='ocrx_word' id='word_1_779' title='bbox 3354 5569 3460 5622; x_wconf 88' lang='lat' dir='ltr'><strong>est,</strong></span> 
     </span>
    </p>
   </div>
   <div class='ocr_carea' id='block_1_120' title="bbox 1890 5633 3464 5708">
    <p class='ocr_par' dir='ltr' id='par_1_120' title="bbox 1890 5633 3464 5708">
     <span class='ocr_line' id='line_1_120' title="bbox 1890 5633 3464 5708; baseline -0.006 -17"><span class='ocrx_word' id='word_1_780' title='bbox 1890 5639 2056 5708; x_wconf 86' lang='lat' dir='ltr'><strong>priori</strong></span> <span class='ocrx_word' id='word_1_781' title='bbox 2089 5637 2343 5708; x_wconf 77' lang='lat' dir='ltr'><strong>facillime</strong></span> <span class='ocrx_word' id='word_1_782' title='bbox 2384 5633 2789 5708; x_wconf 53' lang='lat' dir='ltr'><strong>adscribatur,</strong></span> <span class='ocrx_word' id='word_1_783' title='bbox 2826 5651 2887 5686; x_wconf 86' lang='lat' dir='ltr'><strong>ac</strong></span> <span class='ocrx_word' id='word_1_784' title='bbox 2917 5633 3056 5708; x_wconf 77' lang='lat' dir='ltr'><strong>siab</strong></span> <span class='ocrx_word' id='word_1_785' title='bbox 3085 5633 3216 5700; x_wconf 87' lang='lat' dir='ltr'><strong>ipsis</strong></span> <span class='ocrx_word' id='word_1_786' title='bbox 3246 5640 3464 5708; x_wconf 80' lang='lat' dir='ltr'><strong>centum</strong></span> 
     </span>
    </p>
   </div>
   <div class='ocr_carea' id='block_1_121' title="bbox 1889 5701 3462 5777">
    <p class='ocr_par' dir='ltr' id='par_1_121' title="bbox 1889 5701 3462 5777">
     <span class='ocr_line' id='line_1_121' title="bbox 1889 5701 3462 5777; baseline -0.006 -15"><span class='ocrx_word' id='word_1_787' title='bbox 1889 5701 2280 5777; x_wconf 72' lang='lat' dir='ltr'><strong>quinquaginta</strong></span> <span class='ocrx_word' id='word_1_788' title='bbox 2311 5707 2603 5777; x_wconf 75' lang='lat' dir='ltr'><strong>episcopis,</strong></span> <span class='ocrx_word' id='word_1_789' title='bbox 2629 5707 2682 5758; x_wconf 88' lang='lat' dir='ltr'><strong>in</strong></span> <span class='ocrx_word' id='word_1_790' title='bbox 2707 5704 3044 5760; x_wconf 71' lang='lat' dir='ltr'><strong>mcumenica</strong></span> <span class='ocrx_word' id='word_1_791' title='bbox 3091 5701 3297 5776; x_wconf 75' lang='lat' dir='ltr'><strong>synodo</strong></span> <span class='ocrx_word' id='word_1_792' title='bbox 3339 5715 3462 5754; x_wconf 90' lang='lat' dir='ltr'><strong>con-</strong></span> 
     </span>
    </p>
   </div>
   <div class='ocr_carea' id='block_1_122' title="bbox 1891 5775 2711 5848">
    <p class='ocr_par' dir='ltr' id='par_1_122' title="bbox 1891 5775 2711 5848">
     <span class='ocr_line' id='line_1_122' title="bbox 1891 5775 2711 5848; baseline -0.005 -17"><span class='ocrx_word' id='word_1_793' title='bbox 1891 5775 2148 5848; x_wconf 61' lang='lat' dir='ltr'><strong>gregatis,</strong></span> <span class='ocrx_word' id='word_1_794' title='bbox 2186 5779 2467 5831; x_wconf 72' lang='lat' dir='ltr'><strong>definitum</strong></span> <span class='ocrx_word' id='word_1_795' title='bbox 2503 5775 2711 5831; x_wconf 80' lang='lat' dir='ltr'><strong>fuisset.</strong></span> 
     </span>
    </p>
   </div>
  </div>
