4238 6464
224 432 331 487 315

1410 434 1479 489 ³ὒῖ
1509 436 1674 492 CAR.
1722 433 1790 489 \l
1866 433 2077 493 CUNC.
2116 433 2224 490 Cl’.
2267 433 2341 491 II.

3376 435 3477 491 536

225 553 368 587 κατα
404 541 530 598 τοὺς
575 539 880 601 Ἰουδαίους.
929 533 1086 594 Οὗτοι
1123 542 1228 609 γάρ
1261 542 1396 608 μετᾶ
1427 543 1486 593 τὸ
1529 544 1803 610 πασχασαι
1840 546 1882 599 Δ

1801 583 1803 591 .
1840 546 1882 599 Α
1912 549 2192 607 postquam
2230 539 2433 592 Pascha
2464 540 2884 604 celebraverin.,
2951 548 3091 596 {otes
3126 555 3326 610 septem
3360 545 3475 595 dies

224 632 316 678 ἐστ.
368 629 514 690 Βλαις
562 631 701 682 ἐττσά
745 633 975 700 ἡμέραις
1023 633 1362 698 νηστεύουσι,
1414 636 1662 701 πικρίδας
1709 637 1798 686 καὶ

222 718 415 785 ἄζυμα
452 720 722 779 ἐσθίοντες
748 725 886 774 κατά
914 723 1010 791 τὴν
1035 723 1126 774 τοῦ
1159 724 1389 775 παλαιοῦ
1421 725 1584 793 νόμου
1616 725 1800 776 διατα-

225 809 334 869 ξιν.
367 811 510 872 Τοὺς
549 811 603 863 δὲ
637 812 1097 876 ἀναὸαπτίζεσθαι
1132 815 1442 882 ὀφείλοντας
1475 811 1628 866 εἶπεν
1664 813 1800 866 εἶναι

225 900 618 968 Εὐνομιανους,
640 904 767 964 τοὺς
791 906 868 962 εἰς
891 904 1018 972 μίαν
1042 906 1330 957 κατάδυσιν
1357 905 1745 972 βαπτιζομένου
1761 923 1798 969 ·,

224 992 322 1042 καὶ
354 992 750 1053 Μοντανιστάς,
792 995 915 1054 τοὺς
945 994 1087 1046 οὕτω
1123 995 1421 1064 κληθέντας
1456 997 1562 1048 άπὸ
1594 996 1802 1049 Μοντα⁴

224 1081 320 1132 νοῦ
353 1098 520 1149 τινος,
553 1085 909 1153 Παράκλητον
936 1085 1124 1137 ἑαυτὸν
1157 1088 1676 1156 προσαγορεύοντος,
1711 1089 1802 1140 καὶ

223 1172 316 1224 διὰ
345 1173 440 1224 δύο
470 1173 690 1240 φαύλων
723 1179 1016 1242 γυναικῶν,
1044 1179 1141 1246 τῆς
1163 1194 1220 1230 τε
1253 1179 1546 1247 Πρισκίλας
1581 1179 1674 1230 καὶ
1707 1180 1804 1245 τῆς

224 1265 543 1331 Μαξιμίλας
566 1305 581 1328 ,
611 1266 1113 1337 ψευδοπροφητείας
1142 1271 1632 1337 ἀποφοιδάζοντοςο
1667 1271 1802 1337 προς

223 1354 283 1406 δὲ
334 1357 433 1409 καὶ
465 1357 854 1419 Σαδελλιανοὺς
885 1361 1012 1421 τοὺς
1050 1360 1221 1424 οὕτως
1267 1361 1666 1429 ὀνομασθέντας
1697 1362 1803 1413 ἀπό

225 1461 376 1508 τινος
429 1447 716 1501 Σαδελλίου
770 1450 1019 1518 λέγοντος
1072 1453 1208 1520 μετὰ
1253 1454 1361 1505 τῶν
1410 1454 1582 1508 ἀλλων
1638 1453 1800 1506 αὑτοῦ

225 1533 512 1603 φλυαριῶν
541 1536 632 1589 τὸν
660 1539 822 1591 αὐτὸν
861 1536 998 1592 εἶναι
1036 1543 1250 1612 Πατέρα
1271 1585 1283 1604 ,
1321 1543 1411 1594 τὸν
1444 1544 1603 1596 αὑτὸν
1637 1545 1796 1604 TR»,

225 1623 316 1675 τὸν
355 1626 519 1679 αὐτὸν
547 1629 699 1695 ᾰγιον
734 1629 977 1700 Πνεῦμα.
1010 1632 1084 1694 ὠς
1114 1629 1253 1686 εἶναι
1283 1637 1340 1686 ὲν
1373 1636 1472 1705 μιᾷ
1508 1636 1804 1689 ὑποστάσει

224 1717 375 1784 τρεῖς
411 1717 742 1788 ὀνομασίαςο
780 1723 855 1783 ὡς
887 1724 944 1774 ὲν
977 1722 1250 1793 ἀνθρώπῳ
1284 1725 1470 1793 σῶμα,
1512 1726 1604 1778 καὶ
1629 1727 1805 1796 ψυχὴν

1899 629 2185 696 jejuuaut,
2223 633 2458 685 lactucas
2509 643 2746 700 agrestes
2791 642 2844 684 et
2887 649 3077 702 azyma
3115 636 3474 696 (tonmdeutes,

1901 720 2056 788 juxta
2111 723 2308 774 Veteris
2362 722 2492 790 legis
2537 723 2998 775 constitutionem.
3054 723 3449 791 lic-baptizando

1905 823 2081 864 autem
2115 828 2234 865 esse
2267 814 2398 866 dixit
2434 811 2821 877 Eunomianos,
2857 813 2946 882 qui
2996 827 3098 864 una
3139 816 3479 868 demersione

1907 905 2207 972 baptizant,
2245 915 2299 958 et
2345 905 2725 970 Montanistas,
2757 921 2786 958 a
2821 907 3051 973 quodam
3102 905 3354 959 Montano
3399 908 3480 960 sic

1907 996 2101 1059 dictos,
2130 996 2222 1061 qui
2268 1012 2327 1050 se
2373 996 2712 1051 Paraeletum
2743 998 3045 1065 appellabat
3081 1015 3096 1051 :
3128 1009 3182 1051 et
3221 1013 3317 1068 per
3347 1002 3480 1050 duas

1907 1087 2179 1153 improbas
2215 1087 2485 1150 mulieres,
2511 1087 2809 1143 Priscillam
2834 1099 2888 1142 et
2917 1089 3289 1152 Maximillam,
3321 1091 3480 1143 falsas

1904 1179 2210 1246 prophetias
2236 1190 2289 1232 ut
2308 1179 2496 1234 thhi
2527 1183 2747 1235 numine
2773 1180 2986 1234 aﬂlatus
3015 1183 3223 1236 edebat.
3252 1183 3482 1235 Praeter-

1904 1283 1964 1320 ea
2014 1277 2189 1320 autem
2246 1280 2297 1322 et
2344 1268 2710 1329 Sabellianos,
2763 1285 2790 1321 a
2840 1270 3076 1324 Sabellio
3117 1270 3348 1338 quodam
3402 1271 3480 1323 si~

1906 1359 2231 1422 nominatos,
2281 1361 2370 1426 qui
2411 1361 2571 1412 etiam
2615 1375 2732 1413 cum
2785 1361 2902 1412 aliis
2950 1361 3272 1429 quibusdam
3307 1361 3462 1426 nugis

1903 1449 2136 1513 diccbat,
2165 1453 2408 1504 eumdem
2436 1467 2554 1504 esse
2597 1448 2834 1513 Patrem,
2867 1449 3093 1510 Filium.
3134 1461 3186 1505 et
3224 1451 3480 1521 Spiritum

1908 1549 2153 1594 sanctum
2183 1557 2197 1605 ;
2225 1551 2280 1592 ut
2311 1540 2418 1594 sint
2450 1541 2501 1592 iu
2531 1556 2633 1594 una
2673 1556 2903 1608 persona
2940 1541 3042 1594 tria
3074 1542 3311 1600 nomina,
3343 1542 3486 1594 sicut

1908 1635 1960 1690 iu
2004 1632 2219 1684 homine
2259 1645 2478 1698 corpus,
2511 1643 2565 1684 et
2607 1633 2782 1684 anima
2821 1642 2872 1685 et
2905 1631 3130 1699 spiritus
3169 1651 3181 1686 :
3221 1632 3300 1684 vel
3340 1643 3394 1683 ut
3432 1633 3483 1682 ίιι

1909 1722 2024 1776 sole
2053 1722 2245 1789 triplex
2273 1722 2535 1785 eﬂicacia,
2571 1723 2777 1776 scilicet
2812 1721 3266 1776 circumferentia:
3293 1723 3482 1789 tigura,

227 1809 325 1860 καὶ
376 1808 616 1879 πνεῦμα,
664 1810 697 1878 ἢ
746 1811 822 1872 ὡς
863 1813 918 1864 ὲν
963 1813 1100 1882 ἡλίῳ
1135 1816 1283 1883 τρεῖς
1322 1815 1602 1883 ἐνεργείας
1645 1815 1810 1884 ἤγουν
1845 1822 1885 1878 Β

1809 1840 1810 1847 ι
1845 1822 1885 1878 Β
1917 1813 1996 1866 vis
2029 1814 2371 1868 illuminaudi
2411 1824 2464 1867 et
2495 1815 2577 1868 vis
2605 1813 2978 1869 calefaciendi.
3015 1815 3271 1867 Dicuntur
3304 1822 3483 1866 autem

226 1900 288 1950 τδ
355 1901 453 1966 τῆς
515 1903 872 1973 περιφερείας
933 1903 1139 1973 σχῆμα,
1193 1906 1255 1956 τὸ
1313 1907 1660 1971 φωτιστικὸν,
1719 1907 1810 1957 καὶ

229 1989 284 2041 τὲ
349 1990 573 2046 θάλπον.
618 1993 881 2061 Λέγονται
935 1994 992 2046 δὲ
1047 1995 1097 2047 oi
1154 1995 1517 2048 Μοντανισταὶ
1564 1995 1808 2066 Φρύγες,

230 2081 261 2150 ἢ
322 2081 386 2134 εκ
442 2101 585 2145 τινος
640 2086 998 2156 αίρεσιάρχου
1065 2086 1278 2157 Φρυγὸς
1329 2087 1362 2156 ἢ
1418 2087 1526 2140 ἀπὸ
1590 2087 1685 2140 τοῦ
1747 2087 1811 2139 ἐκ

229 2173 474 2241 Φρυγίας
510 2176 848 2246 ἀναφανῆναι
885 2176 1116 2248 πρώτως
1151 2178 1250 2249 τὴν
1278 2178 1533 2245 τοιαύτην
1577 2178 1808 2247 αἰρεσιν.

229 2265 380 2336 Πρὸς
434 2268 644 2332 τούτοις
700 2269 993 2324 καλοῦνται
1051 2271 1145 2324 καὶ
1191 2271 1554 2334 Πεπουζιανοὶ
1602 2271 1708 2322 ἀπό
1734 2287 1814 2322 τι·

235 2373 327 2417 νος
384 2358 671 2422 Πεπούζας
725 2360 1072 2430 καλουμένης
1119 2360 1252 2428 παρ’
1302 2361 1482 2413 αὐτῶν
1535 2365 1674 2412 κατά
1715 2361 1812 2427 τὴν

244 2448 626 2520 Ἰερουσαλήμ.
691 2452 756 2503 Ol
805 2451 858 2503 δὲ
910 2451 1142 2504 τοιοῦτοι
1196 2450 1382 2503 λύοντι
1435 2452 1558 2513 τοὺς
1605 2453 1813 2520 γάμους

231 2540 310 2600 ιτς
363 2542 660 2609 μυσαροὺς,
713 2541 1063 2612 νηστεύουσιν
1105 2542 1388 2594 ἀλλόκοτον
1433 2542 1704 2612 νηστείαν,
1755 2541 1814 2592 τὸ

239 2631 433 2701 Πάσχα
477 2633 910 2703 διαστρέφουσιν,
959 2635 1037 2697 είς
1081 2634 1140 2685 ἓν
1179 2635 1472 2706 πρόσωπον
1513 2635 1608 2704 τὴν
1652 2634 1814 2702 ἁγίαν

235 2721 448 2789 Τριάδα
484 2723 820 2793 συναιροῦσι,
855 2724 948 2776 καὶ
979 2724 1292 2792 συγχέουσι,
1325 2725 1421 2778 καὶ
1457 2719 1596 2793 αἷμα
1628 2724 1814 2786 παιδὸς

237 2815 771 2883 κατακεντουμὲνου,
822 2815 1034 2885 ἀλεύρῳ
1077 2817 1474 2886 συμφύροντες,
1517 2816 1612 2869 καὶ
1653 2816 1816 2884 ἀρτο-

237 2902 522 2965 ποιοῦντες
549 2905 968 2974 προσφέρουσιν.
995 2907 1102 2958 Καὶ
1131 2903 1299 2956 ταῦτα
1333 2906 1430 2974 μὲν
1459 2904 1648 2966 οὕτως.
1689 2904 1814 2956 Ἐὰν

238 2993 292 3045 δέ
321 3011 404 3056 τις
427 2993 702 3062 όρθόδοξος
729 2997 1096 3065 Μοντινιστὴς
1125 2997 1350 3064 γένηται
1381 2997 1410 3065 ἢ
1441 2995 1811 3060 Σαὸελλιανὸς,

239 3088 335 3138 καὶ
368 3087 649 3155 βάπτισμα
690 3089 984 3156 αἱρετικῶν
1008 3087 1227 3156 δέξηται
1260 3087 1292 3156 ἢ
1329 3090 1400 3156 μὴ
1432 3087 1670 3154 δέξηται,
1707 3082 1816 3154 ἆρα

1914 1903 2253 1957 Montanista:
2307 1903 2582 1974 Phryges,
2635 1905 2784 1958 vela
2835 1903 3069 1973 quodam
3124 1904 3486 1959 hzeresiarcha

1913 1991 2147 2064 Phryge,
2177 1992 2258 2046 vel
2293 2010 2355 2046 cx
2387 2009 2452 2047 eo
2484 1995 2623 2062 quod
2659 1995 2888 2061 primum
2921 2010 2950 2048 e
2984 1993 3214 2065 Phrygia
3247 1995 3359 2047 haec
3388 1995 3488 2046 ha2~

1916 2085 2052 2139 resis
2083 2097 2268 2139 exorta
2305 2087 2394 2140 sit.
2435 2086 2697 2140 Prmterea
2730 2098 2909 2139 autem
2945 2096 3205 2140 vocantur
3231 2096 3283 2138 et
3314 2085 3490 2153 Pepu-

1914 2177 2076 2240 ziani,
2131 2193 2195 2230 ex
2255 2178 2492 2245 quadam
2550 2179 2770 2248 regione
2823 2179 3034 2247 Pepuza
3088 2178 3232 2232 dicta
3288 2178 3355 2231 ab
3410 2176 3492 2231 eis

1913 2265 2273 2322 Hierusalem.
2337 2268 2436 2333 Qui
2505 2279 2684 2322 autem
2746 2269 2880 2323 tales
2931 2278 3096 2332 sunt,
3157 2269 3370 2336 nuptias
3434 2275 3492 2321 ut

1917 2360 2292 2414 abhorrendas
2343 2361 2579 2423 solvunt,
2629 2361 2861 2414 alienqu
2911 2360 3170 2428 jejunium
3222 2359 3491 2428 jejuuant,

1915 2449 2119 2503 Pascha
2172 2460 2507 2519 pervertunt,
2566 2460 2810 2504 sanctam
2855 2451 3174 2504 Trinitatem
3221 2451 3274 2503 in
3329 2463 3490 2502 unam

1916 2556 2200 2611 personam
2241 2545 2568 2596 contrahunt
2601 2551 2652 2595 et
2685 2541 3044 2604 confundunt,
3076 2552 3129 2593 et
3164 2539 3486 2609 sanguinem

1917 2637 2096 2704 pueri,
2127 2635 2217 2700 qui
2252 2644 2477 2701 punctus
2521 2632 2703 2697 fuerit,
2749 2631 2935 2685 larium
2969 2633 3405 2694 commiscentes,
3441 2640 3495 2684 et.

1916 2742 2081 2794 panes
2123 2727 2409 2788 facientes,
2461 2724 2714 2778 oll‘erunt.
2767 2723 2828 2776 Et
2862 2725 2973 2778 hrec
3023 2725 3237 2792 quidem
3293 2724 3387 2777 ita.
3435 2720 3494 2776 Si

1916 2820 2039 2888 quis
2068 2829 2246 2872 autem
2278 2817 2638 2879 orthodoxus,
2674 2815 2997 2869 Montanista
3035 2814 3116 2869 vel
3154 2814 3495 2868 Sabellianus

1919 2916 2093 2966 tactus
2145 2911 2236 2972 sit,
2289 2918 2342 2964 et
2391 2907 2764 2962 haereticorum
2807 2905 3127 2972 baptismum
3175 2902 3492 2970 susceperit,

1918 3019 2045 3056 num
2085 3004 2204 3054 talis
2239 3001 2532 3053 chrismate
2574 3000 2883 3065 inungetur,
2913 3005 3006 3048 aut
3047 2995 3493 3063 rebaptizabitur,

1919 3103 1976 3144 ut
2015 3092 2191 3144 caeteri
2226 3088 2594 3143 Montanistm?
2627 3088 2816 3153 Quaere
2857 3086 2920 3140 de
2962 3086 3062 3139 hoc
3093 3086 3278 3152 primae
3307 3083 3494 3152 synodi

238 3181 264 3230 ὁ
310 3179 551 3241 τοιοῦτος
585 3179 740 3250 μύρῳ
770 3181 1142 3251 χρισθήσεται,
1176 3180 1209 3250 ἢ
1250 3178 1809 3246 ἀναϐαπτισθήσετασ,
1842 3161 1884 3218 C

1842 3161 1884 3218 (ἶ
1919 3195 2040 3234 can.
2071 3180 2136 3233 19
2162 3190 2215 3231 et
2240 3187 2548 3232 sanctorum
2575 3175 2938 3245 apostolorum
2961 3188 3221 3227 canonem
3251 3172 3340 3227 ΓΙ.
3362 3171 3494 3225 Nota

238 3270 316 3330 ὡς
353 3271 401 3321 ei
436 3270 593 3322 λοποὶ
621 3272 1018 3337 Μοντανισταίς
1053 3274 1210 3340 Ζήτει
1267 3277 1391 3340 περὶ
1424 3271 1614 3324 τούτου
1647 3271 1742 3338 τῆς
1770 3268 1814 3320 α’

242 3361 467 3414 συνόδου
491 3365 688 3415 κανόνα
729 3363 791 3414 t0'
833 3367 926 3415 καὶ
956 3365 1062 3416 τῶν
1089 3364 1259 3429 ἁγίων
1281 3363 1595 3416 ἀποστόλων
1621 3363 1820 3414 κανόνα

1920 3284 2096 3324 autem
2127 3287 2191 3322 ex
2225 3270 2471 3337 przesemi
2501 3281 2729 3329 canone,
2761 3265 2905 3335 quod
2934 3278 3123 3318 omnes
3152 3279 3253 3316 una
3284 3265 3495 3315 demer-

1920 3363 2074 3415 siOue
2107 3362 2369 3430 haptizati
2408 3359 2837 3427 rebaptizautur.

243 3451 355 3521 μζ.
403 3455 717 3522 Σημειωσαι
750 3455 808 3507 δὲ
851 3456 959 3507 ἀπὸ
1002 3455 1096 3508 τοῦ
1149 3455 1412 3525 παρόντος
1455 3455 1677 3516 κανόνος
1723 3454 1804 3506 ὅτι
1834 3451 2030 3517 πάντες
2088 3456 2136 3508 oi
2213 3454 2601 3524 βαπτιζόμενοι
2677 3453 2755 3515 είς
2800 3449 2928 3519 μίαν
3003 3447 3291 3501 κατάδυσιν
3335 3444 3499 3502 πάλιν

245 3547 624 3616 βαπτίζονται.

316 3643 565 3695 ΖΩΝΑΡ.
615 3643 801 3700 Ὅπως
851 3643 954 3712 χρὴ
998 3641 1247 3712 δέχεσθαι
1296 3643 1422 3704 τοὺς
1458 3643 1514 3707 ἐξ
1554 3641 1817 3709 αἱρέσεων

247 3736 726 3806 προσερχομένους
766 3737 831 3804 τῇ
867 3735 1000 3804 ὀρθῇ
1035 3737 1249 3799 πίστει,
1283 3737 1310 3787 ό
1357 3733 1546 3804 παρὼν
1577 3734 1819 3785 διδάσκει

249 3829 453 3882 κανών.
497 3827 636 3889 Τοὺς
686 3826 782 3895 μὲν
822 3827 912 3879 οὖν
965 3826 1171 3878 τούτων
1204 3827 1302 3878 οὐκ
1355 3821 1821 3885 ἀιαῦαπτὶζεσθαι

250 3916 638 3976 διατάττεται.
677 3914 812 3966 ἀλλὰ
843 3915 1116 3976 λιὸἐλλους
1156 3913 1534 3974 ἀπαιτεῖσθαι,
1574 3914 1823 3981 ἕγγραφα

250 4007 496 4077 δηλονότι
524 4006 620 4068 τάς
643 4006 798 4071 δόξας
819 4005 996 4057 αὐτῶν
1019 4005 1484 4074 ἁναθεματίζοντα
1514 4005 1606 4056 καὶ
1635 4003 1820 4060 στηλι-

264 4099 487 4151 ςεύοντα
522 4099 622 4165 τὴν
675 4096 995 4160 κακοδοξίαν
1043 4097 1221 4150 αὐτῶν
1267 4098 1360 4149 καὶ
1400 4099 1580 4149 πᾶσαν
1612 4096 1825 4164 αἵρεσιν

256 4191 560 4258 ἀναθέματι
595 4189 982 4243 ὓποῆάλλοντα.
1016 4189 1136 4242 Εἰσὶ
1155 4189 1210 4241 δὲ
1228 4183 1374 4241 οὗτοι
1414 4189 1705 4258 Ἀρειανοὶ,
1734 4188 1830 4240 καλ⁸

258 4281 673 4345 Μακεδονιανοὶ,
701 4281 794 4332 καὶ
825 4280 1176 4342 Ναυατιανοὶ,
1208 4282 1256 4332 oi
1284 4280 1511 4342 ἑαυτοὺς
1542 4278 1831 4347 Καθαροὺς

255 4375 616 4444 ὀνομάζοντες
637 4415 650 4435 ,
685 4369 760 4429 ὧν
789 4374 886 4435 τὰς
911 4373 1153 4442 αίρέσεις
1183 4370 1669 4441 προδεδηλώκαμεν
1691 4409 1702 4427 ,
1736 4370 1831 4421 καὶ

257 4468 640 4530 Σαϐϐατιανοὶ,
668 4461 742 4520 ὧν
769 4467 1009 4536 ἡγήσατο
1033 4464 1332 4524 Σαϐϐάτιός
1352 4479 1437 4524 τις
1461 4463 1828 4542 πρεσϐύτερος

1998 3632 2251 3687 LONAlt.
2293 3628 2662 3683 Redeuntihus
2687 3626 2752 3680 ad
2786 3634 2984 3678 rectam
3017 3623 3174 3677 [idem
3213 3621 3498 3675 haereticis.

1927 3740 2046 3792 qua:
2081 3738 2202 3774 cum
2247 3725 2326 3775 eis
2359 3720 2551 3788 agendi
2597 3718 2736 3772 ratio
2783 3719 3009 3771 tenenda
3047 3715 3139 3777 sit,
3167 3714 3266 3766 hoc
3297 3725 3500 3766 canone

1927 3813 2318 3885 prtescribitur.
2352 3810 2501 3864 Alios
2549 3809 2773 3870 etenim,
2827 3821 2930 3860 non
2975 3806 3168 3858 iterato
3213 3804 3500 3872 baptismo,

1926 3907 2020 3961 sed
2063 3904 2273 3958 libellos
2309 3901 2678 3956 tantummodo
2711 3897 3050 3960 exhibentes,
3085 3897 3187 3949 hoc
3220 3904 3322 3955 est,
3363 3893 3496 3946 scri-

1930 4005 2047 4066 ptos
2075 4010 2105 4048 a
2131 4010 2186 4047 se
2215 3993 2510 4054 codicillos,
2542 3991 2734 4056 quibus
2757 3988 3039 4056 opiniones
3070 3999 3193 4038 suas
3218 3982 3502 4043 damnent,

1926 4099 1978 4142 et
2001 4099 2239 4140 errorem
2272 4098 2428 4134 suum
2464 4080 2682 4134 infamia
2725 4085 2931 4140 notent,
2964 4085 3016 4127 et
3051 4073 3356 4126 universam
3395 4070 3502 4122 hir-

1934 4177 2098 4231 resim
2151 4180 2529 4233 exsecrentur,
2578 4168 2788 4222 admitti
2827 4166 3020 4234 placet.
3057 4162 3190 4217 Sunt
3227 4161 3278 4215 in
3305 4174 3368 4213 eo
3400 4175 3490 4212 nu-

1933 4282 2080 4321 mero
2119 4263 2328 4327 Ariani,
2368 4259 2842 4324 Macedoniamque
2868 4268 2921 4310 et
2945 4253 3250 4314 Novatiani,
3276 4252 3383 4312 illi,
3411 4252 3504 4318 qui

1935 4371 2051 4411 sese
2083 4354 2348 4409 Catharos
2377 4351 2676 4411 nominaut,
2705 4359 3051 4416 quorumque
3089 4344 3320 4398 hmreses
3343 4357 3505 4408 supra

1938 4445 2292 4500 indicavimus
2317 4459 2332 4496 :
2379 4449 2434 4495 et
2470 4439 2804 4503 Sabhatiani,
2831 4437 3028 4505 quibus
3057 4434 3272 4502 prml'uit
3301 4432 3507 4486 Sabha-

255 4561 357 4629 τῆς
397 4560 661 4629 αἱρέσεως
693 4522 800 4613 τοῦ.
828 4522 1079 4612 Ῑέαυάτου
1109 4557 1358 4616 κάκεῖνος
1392 4553 1488 4618 ὢν,
1523 4552 1660 4622 ἔχων
1688 4523 1744 4604 δέ
1778 4571 1830 4605 τι
1858 4525 1910 4583 D

1829 4593 1830 4601 χ
1858 4525 1910 4583 Ι)
1940 4537 2045 4589 tius
2079 4533 2293 4601 quidam
2327 4531 2612 4600 presbyter
2637 4529 2684 4582 is
2721 4541 2939 4596 quoque
2965 4541 3028 4579 ex
3063 4525 3256 4578 haeresi
3291 4522 3503 4586 Novati,

261 4656 359 4708 καὶ
391 4654 553 4706 πλέον
578 4653 818 4718 ἐκείνου,
849 4655 944 4706 καὶ
971 4653 1064 4705 τὸν
1092 4649 1413 4718 καθηγητὴν
1442 4646 1539 4714 τῆς
1573 4645 1833 4715 αἱρέσεως

261 4751 342 4806 εἰς
378 4745 575 4798 κακίαν
614 4745 801 4808 νικῶν,
841 4744 935 4796 καὶ⁵
972 4744 1084 4804 τοῖς
1126 4740 1400 4802 Ἰουδαίοις
1437 4736 1833 4808 συνεορτάζωνν

261 4838 357 4888 καὶ
386 4834 1065 4900 Τεσσαρεσκαιδεκατῖται,
1095 4832 1143 4882 οἳ
1176 4832 1237 4882 τὸ
1271 4833 1459 4898 Πάσχα
1490 4819 1837 4899 ἑορτάζουσιν

258 4933 361 4982 οὐκ
385 4931 442 4981 ὲν
467 4930 742 4998 κυριακῇ,
774 4927 886 4980 ἀλλ’
914 4928 1001 4979 ὅτε
1023 4924 1644 4992 τεσσαρεσκαιδεκαταὶα
1677 4924 1710 4990 ἡ
1745 4938 1832 4973 σεο

260 5022 396 5090 λήνη
431 5023 695 5091 γένηται,
739 5023 795 5073 ὲν
823 5021 907 5088 οἵα
940 5019 1005 5073 ἂν
1039 5019 1214 5088 ἡμέρᾳ
1245 5018 1382 5086 τύχῃ
1421 5017 1626 5083 ταύτην
1653 5015 1834 5084 πλήρη

263 5114 562 5180 γενέσθαι·
630 5114 944 5185 ἑορτάζουσι
1001 5113 1078 5176 δὲ,
1133 5111 1491 5180 νηστεύοντες
1547 5109 1692 5171 τότε,
1744 5108 1839 5158 καὶ

266 5203 699 5274 ἀγρυπνοῦντες,
729 5204 822 5255 καλ⁸
843 5200 1357 5270 Ἀπολλιναριασταί
1382 5217 1393 5228 ·
1419 5200 1515 5250 οὐκ
1541 5196 1839 5250 ἀναϐαπτί-

267 5295 456 5358 ζονται
501 5290 592 5346 οὖν
623 5289 795 5355 οὗτοι,
839 5295 915 5345 Ξτι
946 5293 1073 5362 περὶ
1106 5293 1162 5345 τὸ
1199 5292 1349 5359 ἅγιον
1386 5291 1668 5360 βάπτισμα
1718 5289 1840 5341 κατ’

265 5369 424 5436 οὐδὲν
449 5384 580 5453 ἡμῖν
603 5383 976 5452 διαφέρονται,
1003 5383 1118 5435 ἀλλ’
1160 5383 1354 5450 ἐπίσης
1399 5385 1510 5444 τοῖς
1540 5381 1840 5450 ὀρθοδόξοις

271 5474 652 5543 βαπτίζονται.
700 5473 1214 5542 Ἀναθεματίζοντες
1249 5469 1340 5526 οὖν
1374 5471 1605 5533 ἕκαστος
1636 5490 1733 5539 την
1765 5473 1839 5523 ot-

269 5567 428 5619 κείαν
463 5564 674 5633 αἵρεσιν
711 5564 894 5626 ίδικῶς
914 5606 926 5626 ,
965 5565 1058 5616 καὶ
1093 5567 1271 5616 πᾶσαν
1300 5563 1355 5616 δὲ
1385 5564 1578 5625 κοινῶς
1606 5565 1837 5631 αἵρεσιν,

270 5657 521 5727 χρίονται
565 5655 643 5724 τῷ
687 5656 828 5724 ἁγίῳ
876 5655 1057 5724 μύρῳ.
1110 5657 1205 5708 καὶ
1256 5655 1321 5707 τὰ
1370 5654 1504 5708 ἀλλα
1564 5653 1839 5705 τελοῦνται

274 5748 422 5800 κατᾶ
461 5748 552 5798 τὸν
585 5748 803 5799 κανόνα.
829 5750 890 5801 Oi
917 5749 973 5800 δὲ
1003 5747 1325 5816 Εὐνομιανοὶ
1360 5749 1452 5798 καὶ
1481 5745 1834 5798 Σαϐελλιαντλι

274 5833 352 5893 ὧν
389 5841 445 5892 αἱ
475 5838 713 5907 αἰρόσεις
745 5840 843 5910 ἤδη
872 5842 999 5910 παρ’
1032 5843 1163 5907 ἡμῖν
1185 5839 1549 5904 ἐδηλώθησαν,
1581 5839 1670 5889 καὶ
1703 5839 1842 5888 δίκην

1939 4626 2030 4681 sed
2059 4625 2146 4692 qui
2196 4621 2393 4692 aliquid
2432 4631 2612 4675 tamen
2654 4619 2720 4672 ad
2755 4632 2872 4672 eam
2912 4615 3230 4675 addidisset.
3260 4624 3312 4668 et
3344 4612 3508 4682 uiagl-

1937 4728 2104 4772 strum
2131 4716 2391 4769 Novatum
2427 4711 2771 4778 improbitate
2803 4715 3142 4777 superasset,
3180 4705 3509 4772 festivosquc

1939 4811 2051 4866 dies
2071 4824 2190 4862 cum
2216 4805 2417 4860 Judaeis
2441 4803 2541 4858 coli
2572 4803 2750 4856 vellet.
2769 4801 2900 4855 Cum
2925 4800 3008 4854 his
3032 4796 3509 4864 Quartadecimaui

1939 4913 2153 4968 quoque
2185 4898 2275 4966 qui
2312 4895 2534 4949 Pascha:
2563 4892 2824 4947 solemnia
2859 4905 2963 4943 nou
2994 4891 3080 4943 die
3108 4888 3387 4942 Dominica
3414 4885 3510 4939 sed

1942 4991 2146 5042 decima
2178 4997 2370 5055 quarta
2402 4986 2548 5046 luna,
2584 4995 2907 5051 quocunque
2942 4981 3156 5033 tandem
3183 4978 3268 5031 die
3299 4977 3510 5046 plenam

1941 5079 2082 5132 illam
2119 5078 2234 5130 fieri
2280 5074 2598 5144 contigerit,
2646 5071 2870 5140 jejuniis
2910 5080 3086 5122 auzem
3134 5075 3187 5120 et
3233 5063 3511 5134 pervigilio

1942 5178 2150 5221 noctem
2185 5167 2441 5220 ducentes
2469 5163 2581 5232 98
2608 5163 2885 5216 celebrant
2911 5170 2963 5214 et
2989 5157 3409 5226 Apollinarisbe.
3430 5154 3512 5207 Ah

1944 5260 2025 5312 his
2053 5260 2215 5327 igitur
2252 5255 2584 5318 hominibus.
2621 5255 2875 5324 quoniam
2910 5254 2960 5306 iu
2987 5267 3072 5314 ea,
3097 5265 3214 5317 qua:
3244 5248 3311 5302 de
3343 5246 3510 5315 bapti-

1942 5369 2057 5408 smo
2087 5364 2189 5416 cst,
2217 5352 2519 5421 disciplina,
2549 5349 2680 5404 nihil
2709 5366 2736 5402 a
2763 5349 2921 5403 nobis
2944 5347 3275 5414 discrepant,
3299 5343 3511 5398 eodem-

1941 5459 2043 5512 que
2087 5459 2329 5513 prorsus,
2375 5458 2482 5510 quo
2515 5440 2825 5502 orthodoxi,
2869 5440 2973 5492 ritu
3009 5436 3371 5505 baptizantur,
3418 5433 3512 5484 ha-

1944 5539 2197 5606 ptismum
2235 5545 2518 5605 propterea
2559 5534 2726 5600 repeti
2757 5547 2863 5585 non
2904 5539 3135 5598 Oportet.
3175 5527 3314 5580 Suos
3347 5524 3512 5593 igitur

1944 5628 2240 5694 είῖζίηίιιίιυν
2287 5638 2338 5678 el
2389 5627 2522 5678 alios
2574 5625 2868 5693 generatim
2913 5639 2972 5675 ac
3014 5621 3263 5673 universe
3302 5628 3512 5669 errores

1947 5720 2214 5780 detestati,
2259 5733 2414 5772 sacro
2453 5717 2747 5770 chrismate
2783 5717 3130 5779 inunguatur,
3171 5708 3381 5774 aliaque
3424 5719 3512 5756 ωε

1951 5827 2088 5864 nunc.
2133 5810 2441 5881 ﬁte-scripta
2481 5815 2754 5874 peragunt.
2808 5802 3120 5857 Eunouiiani
3161 5815 3284 5851 vcru
3329 5805 3379 5846 at
3418 5793 3510 5841 8.;-
