  <div class='ocr_page' id='page_1' title='image "/cluster/home/n/w/nwhite01/storage/ocr_20150623/137/nnc1.0046979786/204.png"; bbox 0 0 4238 6464; ppageno 0'>
   <div class='ocr_carea' id='block_1_1' title="bbox 221 429 331 492">
    <p class='ocr_par' dir='ltr' id='par_1_1' title="bbox 221 429 331 492">
     <span class='ocr_line' id='line_1_1' title="bbox 221 429 331 492; baseline 0.018 -3"><span class='ocrx_word' id='word_1_1' title='bbox 221 429 331 492; x_wconf 77' lang='grc' dir='ltr'><strong>3ἷ3</strong></span> 
     </span>
    </p>
   </div>
   <div class='ocr_carea' id='block_1_2' title="bbox 292 627 1803 699">
    <p class='ocr_par' dir='ltr' id='par_1_2' title="bbox 292 627 1803 699">
     <span class='ocr_line' id='line_1_2' title="bbox 292 627 1803 699; baseline -0.003 -15"><span class='ocrx_word' id='word_1_2' title='bbox 292 632 620 699; x_wconf 80' lang='grc' dir='ltr'>συνέδριον</span> <span class='ocrx_word' id='word_1_3' title='bbox 650 649 663 661; x_wconf 85' lang='grc'><strong>·</strong></span> <span class='ocrx_word' id='word_1_4' title='bbox 711 634 956 695; x_wconf 68' lang='grc' dir='ltr'>τούτους</span> <span class='ocrx_word' id='word_1_5' title='bbox 994 632 1190 695; x_wconf 74' lang='grc' dir='ltr'>πάντη</span> <span class='ocrx_word' id='word_1_6' title='bbox 1224 633 1375 683; x_wconf 77' lang='grc' dir='ltr'>κατὰ</span> <span class='ocrx_word' id='word_1_7' title='bbox 1413 632 1478 682; x_wconf 82' lang='grc' dir='ltr'>τὸ</span> <span class='ocrx_word' id='word_1_8' title='bbox 1507 629 1695 690; x_wconf 74' lang='grc' dir='ltr'>δόξαν</span> <span class='ocrx_word' id='word_1_9' title='bbox 1731 627 1803 695; x_wconf 71' lang='grc' dir='ltr'>τῇ</span> 
     </span>
    </p>
   </div>
   <div class='ocr_carea' id='block_1_3' title="bbox 294 719 1802 792">
    <p class='ocr_par' dir='ltr' id='par_1_3' title="bbox 294 719 1802 792">
     <span class='ocr_line' id='line_1_3' title="bbox 294 719 1802 792; baseline -0.005 -15"><span class='ocrx_word' id='word_1_10' title='bbox 294 725 438 792; x_wconf 67' lang='grc' dir='ltr'>ἀνίᾳ</span> <span class='ocrx_word' id='word_1_11' title='bbox 478 723 716 785; x_wconf 78' lang='grc' dir='ltr'><strong>συνόδῳ</strong></span> <span class='ocrx_word' id='word_1_12' title='bbox 736 723 1096 788; x_wconf 69' lang='grc' dir='ltr'>ἀλλοτρίους</span> <span class='ocrx_word' id='word_1_13' title='bbox 1129 719 1282 774; x_wconf 75' lang='grc' dir='ltr'>εἶναι</span> <span class='ocrx_word' id='word_1_14' title='bbox 1324 721 1434 788; x_wconf 77' lang='grc' dir='ltr'>τῆς</span> <span class='ocrx_word' id='word_1_15' title='bbox 1470 722 1802 787; x_wconf 60' lang='lat' dir='ltr'><strong>(spicari-rm;</strong></span> 
     </span>
    </p>
   </div>
   <div class='ocr_carea' id='block_1_4' title="bbox 297 814 1176 879">
    <p class='ocr_par' dir='ltr' id='par_1_4' title="bbox 297 814 1176 879">
     <span class='ocr_line' id='line_1_4' title="bbox 297 814 1176 879; baseline 0 -13"><span class='ocrx_word' id='word_1_16' title='bbox 297 815 399 867; x_wconf 81' lang='grc' dir='ltr'><strong>καί</strong></span> <span class='ocrx_word' id='word_1_17' title='bbox 436 814 544 867; x_wconf 81' lang='grc' dir='ltr'><strong>τοῦ</strong></span> <span class='ocrx_word' id='word_1_18' title='bbox 571 815 809 879; x_wconf 81' lang='grc' dir='ltr'>,ϐαθμοῦ</span> <span class='ocrx_word' id='word_1_19' title='bbox 840 815 1176 866; x_wconf 77' lang='grc' dir='ltr'>ἐκπίπτειν.</span> 
     </span>
    </p>
   </div>
   <div class='ocr_carea' id='block_1_5' title="bbox 297 897 1806 970">
    <p class='ocr_par' dir='ltr' id='par_1_5' title="bbox 297 897 1806 970">
     <span class='ocr_line' id='line_1_5' title="bbox 297 897 1806 970; baseline -0.005 -15"><span class='ocrx_word' id='word_1_20' title='bbox 297 905 500 956; x_wconf 80' lang='grc' dir='ltr'><strong>ΒΛΛΣ.</strong></span> <span class='ocrx_word' id='word_1_21' title='bbox 533 904 615 953; x_wconf 73' lang='grc' dir='ltr'><strong>Τὰ</strong></span> <span class='ocrx_word' id='word_1_22' title='bbox 644 904 736 954; x_wconf 83' lang='grc' dir='ltr'><strong>τοῦ</strong></span> <span class='ocrx_word' id='word_1_23' title='bbox 768 903 1033 970; x_wconf 76' lang='grc' dir='ltr'>παρόντος</span> <span class='ocrx_word' id='word_1_24' title='bbox 1059 902 1103 970; x_wconf 85' lang='grc' dir='ltr'><strong>β’</strong></span> <span class='ocrx_word' id='word_1_25' title='bbox 1123 901 1346 961; x_wconf 79' lang='grc' dir='ltr'>κανόνος</span> <span class='ocrx_word' id='word_1_26' title='bbox 1379 897 1806 968; x_wconf 78' lang='grc' dir='ltr'>ἡρμηνεύθησαν</span> 
     </span>
    </p>
   </div>
   <div class='ocr_carea' id='block_1_6' title="bbox 223 989 1806 1065">
    <p class='ocr_par' dir='ltr' id='par_1_6' title="bbox 223 989 1806 1065">
     <span class='ocr_line' id='line_1_6' title="bbox 223 989 1806 1065; baseline -0.006 -15"><span class='ocrx_word' id='word_1_27' title='bbox 223 1001 284 1050; x_wconf 86' lang='grc' dir='ltr'><strong>ἐν</strong></span> <span class='ocrx_word' id='word_1_28' title='bbox 315 997 394 1065; x_wconf 83' lang='grc' dir='ltr'><strong>τῷ</strong></span> <span class='ocrx_word' id='word_1_29' title='bbox 418 1002 466 1048; x_wconf 89' lang='grc' dir='ltr'>α’</span> <span class='ocrx_word' id='word_1_30' title='bbox 497 994 702 1057; x_wconf 83' lang='grc' dir='ltr'><strong>κανόνι,</strong></span> <span class='ocrx_word' id='word_1_31' title='bbox 725 993 800 1054; x_wconf 84' lang='grc' dir='ltr'><strong>ὡς</strong></span> <span class='ocrx_word' id='word_1_32' title='bbox 830 995 896 1045; x_wconf 75' lang='grc' dir='ltr'>τὰ</span> <span class='ocrx_word' id='word_1_33' title='bbox 930 993 1068 1044; x_wconf 76' lang='grc' dir='ltr'>αὐτᾶ</span> <span class='ocrx_word' id='word_1_34' title='bbox 1101 990 1295 1059; x_wconf 82' lang='grc' dir='ltr'>ἐκείνῳ</span> <span class='ocrx_word' id='word_1_35' title='bbox 1320 989 1806 1058; x_wconf 68' lang='grc' dir='ltr'>διαλαμϐανοντος.</span> 
     </span>
    </p>
   </div>
   <div class='ocr_carea' id='block_1_7' title="bbox 226 1080 1808 1158">
    <p class='ocr_par' dir='ltr' id='par_1_7' title="bbox 226 1080 1808 1158">
     <span class='ocr_line' id='line_1_7' title="bbox 226 1080 1808 1158; baseline -0.006 -17"><span class='ocrx_word' id='word_1_36' title='bbox 226 1087 567 1158; x_wconf 79' lang='grc' dir='ltr'>Προστεθησι</span> <span class='ocrx_word' id='word_1_37' title='bbox 622 1085 678 1136; x_wconf 84' lang='grc' dir='ltr'>δὲ</span> <span class='ocrx_word' id='word_1_38' title='bbox 728 1081 882 1145; x_wconf 70' lang='grc' dir='ltr'>οὗτος</span> <span class='ocrx_word' id='word_1_39' title='bbox 933 1083 1356 1156; x_wconf 78' lang='grc' dir='ltr'><strong>καθῃρημένους</strong></span> <span class='ocrx_word' id='word_1_40' title='bbox 1388 1080 1528 1134; x_wconf 80' lang='grc' dir='ltr'>εἶναι</span> <span class='ocrx_word' id='word_1_41' title='bbox 1560 1081 1808 1142; x_wconf 72' lang='grc' dir='ltr'>καὶτοὺς</span> 
     </span>
    </p>
   </div>
   <div class='ocr_carea' id='block_1_8' title="bbox 225 1173 1799 1246">
    <p class='ocr_par' dir='ltr' id='par_1_8' title="bbox 225 1173 1799 1246">
     <span class='ocr_line' id='line_1_8' title="bbox 225 1173 1799 1246; baseline -0.006 -15"><span class='ocrx_word' id='word_1_42' title='bbox 225 1179 660 1246; x_wconf 69' lang='grc' dir='ltr'>ὑπογράψαντας</span> <span class='ocrx_word' id='word_1_43' title='bbox 692 1177 791 1244; x_wconf 83' lang='grc' dir='ltr'><strong>μὲν</strong></span> <span class='ocrx_word' id='word_1_44' title='bbox 816 1178 873 1228; x_wconf 89' lang='grc' dir='ltr'><strong>ἐν</strong></span> <span class='ocrx_word' id='word_1_45' title='bbox 901 1179 966 1245; x_wconf 81' lang='grc' dir='ltr'>τῇ</span> <span class='ocrx_word' id='word_1_46' title='bbox 996 1175 1316 1244; x_wconf 75' lang='grc' dir='ltr'><strong>καθαιρέσει</strong></span> <span class='ocrx_word' id='word_1_47' title='bbox 1351 1173 1445 1226; x_wconf 86' lang='grc' dir='ltr'><strong>τοῦ</strong></span> <span class='ocrx_word' id='word_1_48' title='bbox 1473 1173 1799 1241; x_wconf 82' lang='grc' dir='ltr'>Νεστορίου,</span> 
     </span>
    </p>
   </div>
   <div class='ocr_carea' id='block_1_9' title="bbox 226 1264 1805 1340">
    <p class='ocr_par' dir='ltr' id='par_1_9' title="bbox 226 1264 1805 1340">
     <span class='ocr_line' id='line_1_9' title="bbox 226 1264 1805 1340; baseline -0.004 -18"><span class='ocrx_word' id='word_1_49' title='bbox 226 1270 463 1340; x_wconf 69' lang='grc' dir='ltr'>ὕστερον</span> <span class='ocrx_word' id='word_1_50' title='bbox 517 1271 574 1321; x_wconf 76' lang='grc' dir='ltr'>δὲ</span> <span class='ocrx_word' id='word_1_51' title='bbox 638 1268 1035 1338; x_wconf 83' lang='grc' dir='ltr'>προστεθέντας</span> <span class='ocrx_word' id='word_1_52' title='bbox 1087 1266 1164 1335; x_wconf 80' lang='grc' dir='ltr'>τῷ</span> <span class='ocrx_word' id='word_1_53' title='bbox 1220 1268 1377 1336; x_wconf 79' lang='grc' dir='ltr'>μέρει</span> <span class='ocrx_word' id='word_1_54' title='bbox 1424 1265 1518 1317; x_wconf 83' lang='grc' dir='ltr'><strong>τοῦ</strong></span> <span class='ocrx_word' id='word_1_55' title='bbox 1560 1264 1805 1317; x_wconf 82' lang='grc' dir='ltr'>Ἰωάννου</span> 
     </span>
    </p>
   </div>
   <div class='ocr_carea' id='block_1_10' title="bbox 236 1359 1805 1433">
    <p class='ocr_par' dir='ltr' id='par_1_10' title="bbox 236 1359 1805 1433">
     <span class='ocr_line' id='line_1_10' title="bbox 236 1359 1805 1433; baseline -0.005 -16"><span class='ocrx_word' id='word_1_56' title='bbox 236 1365 596 1433; x_wconf 78' lang='grc' dir='ltr'>Ἀντιοχείας.</span> <span class='ocrx_word' id='word_1_57' title='bbox 633 1363 755 1415; x_wconf 87' lang='grc' dir='ltr'>Ὅτι</span> <span class='ocrx_word' id='word_1_58' title='bbox 784 1362 838 1414; x_wconf 83' lang='grc' dir='ltr'>δὲ</span> <span class='ocrx_word' id='word_1_59' title='bbox 865 1363 892 1412; x_wconf 86' lang='grc' dir='ltr'>ὁ</span> <span class='ocrx_word' id='word_1_60' title='bbox 924 1361 1103 1414; x_wconf 83' lang='grc' dir='ltr'>κανὼν</span> <span class='ocrx_word' id='word_1_61' title='bbox 1140 1364 1197 1414; x_wconf 85' lang='grc' dir='ltr'><strong>ἐν</strong></span> <span class='ocrx_word' id='word_1_62' title='bbox 1238 1360 1318 1427; x_wconf 83' lang='grc' dir='ltr'>τῷ</span> <span class='ocrx_word' id='word_1_63' title='bbox 1347 1360 1492 1411; x_wconf 85' lang='grc' dir='ltr'>τέλει</span> <span class='ocrx_word' id='word_1_64' title='bbox 1529 1359 1805 1428; x_wconf 80' lang='grc' dir='ltr'>μέμνηται</span> 
     </span>
    </p>
   </div>
   <div class='ocr_carea' id='block_1_11' title="bbox 225 1451 1804 1526">
    <p class='ocr_par' dir='ltr' id='par_1_11' title="bbox 225 1451 1804 1526">
     <span class='ocr_line' id='line_1_11' title="bbox 225 1451 1804 1526; baseline -0.005 -16"><span class='ocrx_word' id='word_1_65' title='bbox 225 1455 643 1526; x_wconf 71' lang='grc' dir='ltr'><strong>ἀλλοτριώσεως</strong></span> <span class='ocrx_word' id='word_1_66' title='bbox 695 1454 998 1525; x_wconf 78' lang='grc' dir='ltr'><strong>ἱερωσύνης</strong></span> <span class='ocrx_word' id='word_1_67' title='bbox 1045 1455 1140 1506; x_wconf 77' lang='grc' dir='ltr'>καὶ</span> <span class='ocrx_word' id='word_1_68' title='bbox 1194 1454 1521 1513; x_wconf 78' lang='grc' dir='ltr'>ἐκπτώσεως</span> <span class='ocrx_word' id='word_1_69' title='bbox 1571 1451 1804 1522; x_wconf 83' lang='grc' dir='ltr'>βαθμοῦ,</span> 
     </span>
    </p>
   </div>
   <div class='ocr_carea' id='block_1_12' title="bbox 226 1545 1808 1616">
    <p class='ocr_par' dir='ltr' id='par_1_12' title="bbox 226 1545 1808 1616">
     <span class='ocr_line' id='line_1_12' title="bbox 226 1545 1808 1616; baseline -0.004 -15"><span class='ocrx_word' id='word_1_70' title='bbox 226 1551 350 1601; x_wconf 81' lang='grc' dir='ltr'><strong>είπέ</strong></span> <span class='ocrx_word' id='word_1_71' title='bbox 387 1548 828 1616; x_wconf 73' lang='grc' dir='ltr'>ἐκλαμϐάνεσθαι</span> <span class='ocrx_word' id='word_1_72' title='bbox 855 1548 955 1616; x_wconf 78' lang='grc' dir='ltr'><strong>τὴν</strong></span> <span class='ocrx_word' id='word_1_73' title='bbox 991 1547 1090 1615; x_wconf 81' lang='grc' dir='ltr'><strong>μὲν</strong></span> <span class='ocrx_word' id='word_1_74' title='bbox 1123 1546 1482 1614; x_wconf 76' lang='grc' dir='ltr'>ἀλλοτρίωσιν</span> <span class='ocrx_word' id='word_1_75' title='bbox 1525 1545 1622 1612; x_wconf 77' lang='grc' dir='ltr'><strong>τῆς</strong></span> <span class='ocrx_word' id='word_1_76' title='bbox 1649 1546 1808 1612; x_wconf 78' lang='grc' dir='ltr'>ἱερω-</span> 
     </span>
    </p>
   </div>
   <div class='ocr_carea' id='block_1_13' title="bbox 228 1633 1804 1707">
    <p class='ocr_par' dir='ltr' id='par_1_13' title="bbox 228 1633 1804 1707">
     <span class='ocr_line' id='line_1_13' title="bbox 228 1633 1804 1707; baseline -0.003 -17"><span class='ocrx_word' id='word_1_77' title='bbox 228 1640 403 1707; x_wconf 83' lang='grc' dir='ltr'>σύνης</span> <span class='ocrx_word' id='word_1_78' title='bbox 431 1641 510 1701; x_wconf 87' lang='grc' dir='ltr'><strong>εἰς</strong></span> <span class='ocrx_word' id='word_1_79' title='bbox 563 1639 689 1700; x_wconf 74' lang='grc' dir='ltr'>τοὺς</span> <span class='ocrx_word' id='word_1_80' title='bbox 745 1637 1101 1699; x_wconf 83' lang='grc' dir='ltr'>ἐπισκόπους,</span> <span class='ocrx_word' id='word_1_81' title='bbox 1135 1639 1234 1705; x_wconf 82' lang='grc' dir='ltr'><strong>τὴν</strong></span> <span class='ocrx_word' id='word_1_82' title='bbox 1287 1637 1343 1689; x_wconf 83' lang='grc' dir='ltr'><strong>δὲ</strong></span> <span class='ocrx_word' id='word_1_83' title='bbox 1398 1636 1672 1688; x_wconf 78' lang='grc' dir='ltr'>ἔκπτωσιν</span> <span class='ocrx_word' id='word_1_84' title='bbox 1711 1633 1804 1686; x_wconf 81' lang='grc' dir='ltr'><strong>τοῦ</strong></span> 
     </span>
    </p>
   </div>
   <div class='ocr_carea' id='block_1_14' title="bbox 229 1725 1805 1798">
    <p class='ocr_par' dir='ltr' id='par_1_14' title="bbox 229 1725 1805 1798">
     <span class='ocr_line' id='line_1_14' title="bbox 229 1725 1805 1798; baseline -0.004 -16"><span class='ocrx_word' id='word_1_85' title='bbox 229 1730 447 1798; x_wconf 78' lang='grc' dir='ltr'>βαθμοῦ</span> <span class='ocrx_word' id='word_1_86' title='bbox 501 1731 580 1792; x_wconf 84' lang='grc' dir='ltr'><strong>εἰς</strong></span> <span class='ocrx_word' id='word_1_87' title='bbox 636 1729 729 1791; x_wconf 80' lang='grc' dir='ltr'><strong>οὓς</strong></span> <span class='ocrx_word' id='word_1_88' title='bbox 788 1729 993 1796; x_wconf 79' lang='grc' dir='ltr'>κυρίως</span> <span class='ocrx_word' id='word_1_89' title='bbox 1051 1731 1096 1780; x_wconf 88' lang='grc' dir='ltr'><strong>οἰ</strong></span> <span class='ocrx_word' id='word_1_90' title='bbox 1137 1728 1335 1797; x_wconf 74' lang='grc' dir='ltr'>βαθμοὶ</span> <span class='ocrx_word' id='word_1_91' title='bbox 1390 1725 1805 1794; x_wconf 79' lang='grc' dir='ltr'>ἐξελήφθησαν·</span> 
     </span>
    </p>
   </div>
   <div class='ocr_carea' id='block_1_15' title="bbox 229 1816 1807 1890">
    <p class='ocr_par' dir='ltr' id='par_1_15' title="bbox 229 1816 1807 1890">
     <span class='ocr_line' id='line_1_15' title="bbox 229 1816 1807 1890; baseline -0.006 -16"><span class='ocrx_word' id='word_1_92' title='bbox 229 1823 375 1875; x_wconf 83' lang='grc' dir='ltr'>ὥστε</span> <span class='ocrx_word' id='word_1_93' title='bbox 402 1823 496 1874; x_wconf 73' lang='grc' dir='ltr'>καὶ</span> <span class='ocrx_word' id='word_1_94' title='bbox 518 1822 642 1882; x_wconf 79' lang='grc' dir='ltr'>τοὺς</span> <span class='ocrx_word' id='word_1_95' title='bbox 666 1818 1065 1890; x_wconf 86' lang='grc' dir='ltr'>προστεθέντας</span> <span class='ocrx_word' id='word_1_96' title='bbox 1091 1819 1385 1888; x_wconf 73' lang='grc' dir='ltr'>κληρικοὺς</span> <span class='ocrx_word' id='word_1_97' title='bbox 1411 1817 1486 1886; x_wconf 84' lang='grc' dir='ltr'>τῷ</span> <span class='ocrx_word' id='word_1_98' title='bbox 1522 1818 1675 1886; x_wconf 83' lang='grc' dir='ltr'>μέρει</span> <span class='ocrx_word' id='word_1_99' title='bbox 1699 1816 1807 1866; x_wconf 84' lang='grc' dir='ltr'><strong>τών</strong></span> 
     </span>
    </p>
   </div>
   <div class='ocr_carea' id='block_1_16' title="bbox 1306 427 1882 494">
    <p class='ocr_par' dir='ltr' id='par_1_16' title="bbox 1306 427 1882 488">
     <span class='ocr_line' id='line_1_16' title="bbox 1306 427 1882 488; baseline 0 -2"><span class='ocrx_word' id='word_1_100' title='bbox 1306 429 1381 488; x_wconf 75' lang='grc' dir='ltr'><strong>ΙΝ</strong></span> <span class='ocrx_word' id='word_1_101' title='bbox 1413 428 1574 487; x_wconf 71' lang='lat' dir='ltr'><strong>CAN.</strong></span> <span class='ocrx_word' id='word_1_102' title='bbox 1616 428 1706 485; x_wconf 87' lang='lat' dir='ltr'><strong>IlI</strong></span> <span class='ocrx_word' id='word_1_103' title='bbox 1747 427 1882 486; x_wconf 70' lang='grc' dir='ltr'><strong>(ΣοΝ</strong></span> 
     </span>
    </p>
   </div>
   <div class='ocr_carea' id='block_1_17' title="bbox 1891 427 3479 494">
    <p class='ocr_par' dir='ltr' id='par_1_17' title="bbox 1899 428 3479 494">
     <span class='ocr_line' id='line_1_17' title="bbox 1899 428 3479 494; baseline 0.005 -8"><span class='ocrx_word' id='word_1_104' title='bbox 1899 429 1957 486; x_wconf 90' lang='lat' dir='ltr'><strong>C.</strong></span> <span class='ocrx_word' id='word_1_105' title='bbox 2003 428 2264 487; x_wconf 73' lang='lat' dir='ltr'><strong>EPIIES.</strong></span> <span class='ocrx_word' id='word_1_106' title='bbox 2316 429 2425 489; x_wconf 89' lang='lat' dir='ltr'><strong>Ill.</strong></span> <span class='ocrx_word' id='word_1_107' title='bbox 3376 432 3479 494; x_wconf 64' lang='lat'><strong>354</strong></span> 
     </span>
    </p>
   </div>
   <div class='ocr_carea' id='block_1_18' title="bbox 291 537 1882 607">
    <p class='ocr_par' dir='ltr' id='par_1_18' title="bbox 291 537 1882 607">
     <span class='ocr_line' id='line_1_18' title="bbox 291 537 1882 607; baseline -0.003 -16"><span class='ocrx_word' id='word_1_108' title='bbox 291 539 832 607; x_wconf 56' lang='lat' dir='ltr'><strong>c.2a1iri’ipdltn0’ar</strong></span> <span class='ocrx_word' id='word_1_109' title='bbox 899 537 1049 605; x_wconf 79' lang='grc' dir='ltr'>πρὸς</span> <span class='ocrx_word' id='word_1_110' title='bbox 1108 541 1172 591; x_wconf 86' lang='grc' dir='ltr'>τὸ</span> <span class='ocrx_word' id='word_1_111' title='bbox 1249 538 1362 604; x_wconf 75' lang='grc' dir='ltr'>τῆς</span> <span class='ocrx_word' id='word_1_112' title='bbox 1417 539 1799 600; x_wconf 75' lang='grc' dir='ltr'>ἀποστασίας</span> <span class='ocrx_word' id='word_1_113' title='bbox 1837 552 1882 605; x_wconf 71' lang='grc' dir='ltr'><strong>Α</strong></span> 
     </span>
    </p>
   </div>
   <div class='ocr_carea' id='block_1_19' title="bbox 1983 539 3478 610">
    <p class='ocr_par' dir='ltr' id='par_1_19' title="bbox 1983 539 3478 610">
     <span class='ocr_line' id='line_1_19' title="bbox 1983 539 3478 610; baseline 0.005 -23"><span class='ocrx_word' id='word_1_114' title='bbox 1983 550 2336 601; x_wconf 77' lang='lat' dir='ltr'><strong>recurrerum,</strong></span> <span class='ocrx_word' id='word_1_115' title='bbox 2373 539 2410 589; x_wconf 89' lang='lat' dir='ltr'><strong>ii</strong></span> <span class='ocrx_word' id='word_1_116' title='bbox 2451 539 2683 601; x_wconf 83' lang='lat' dir='ltr'><strong>omnino,</strong></span> <span class='ocrx_word' id='word_1_117' title='bbox 2733 547 2790 591; x_wconf 79' lang='lat' dir='ltr'><strong>ut</strong></span> <span class='ocrx_word' id='word_1_118' title='bbox 2830 552 3026 594; x_wconf 67' lang='lat' dir='ltr'><strong>sunch</strong></span> <span class='ocrx_word' id='word_1_119' title='bbox 3066 540 3262 610; x_wconf 74' lang='lat' dir='ltr'><strong>synodo</strong></span> <span class='ocrx_word' id='word_1_120' title='bbox 3313 543 3478 594; x_wconf 77' lang='lat' dir='ltr'><strong>risum</strong></span> 
     </span>
    </p>
   </div>
   <div class='ocr_carea' id='block_1_20' title="bbox 1977 631 3383 700">
    <p class='ocr_par' dir='ltr' id='par_1_20' title="bbox 1977 631 3383 700">
     <span class='ocr_line' id='line_1_20' title="bbox 1977 631 3383 700; baseline 0.006 -20"><span class='ocrx_word' id='word_1_121' title='bbox 1977 640 2076 692; x_wconf 84' lang='lat' dir='ltr'><strong>cst,</strong></span> <span class='ocrx_word' id='word_1_122' title='bbox 2112 633 2215 683; x_wconf 70' lang='lat' dir='ltr'><strong>sint</strong></span> <span class='ocrx_word' id='word_1_123' title='bbox 2251 646 2280 681; x_wconf 86' lang='grc' dir='ltr'><strong>α</strong></span> <span class='ocrx_word' id='word_1_124' title='bbox 2312 631 2604 683; x_wconf 72' lang='lat' dir='ltr'><strong>saccrdolio</strong></span> <span class='ocrx_word' id='word_1_125' title='bbox 2635 631 2821 695; x_wconf 80' lang='lat' dir='ltr'><strong>alicui,</strong></span> <span class='ocrx_word' id='word_1_126' title='bbox 2852 644 2897 684; x_wconf 83' lang='lat' dir='ltr'><strong>el</strong></span> <span class='ocrx_word' id='word_1_127' title='bbox 2919 637 3085 700; x_wconf 71' lang='lat' dir='ltr'><strong>gradu</strong></span> <span class='ocrx_word' id='word_1_128' title='bbox 3117 635 3383 688; x_wconf 73' lang='lat' dir='ltr'><strong>excidant.</strong></span> 
     </span>
    </p>
   </div>
   <div class='ocr_carea' id='block_1_21' title="bbox 1982 899 3480 971">
    <p class='ocr_par' dir='ltr' id='par_1_21' title="bbox 1982 899 3480 971">
     <span class='ocr_line' id='line_1_21' title="bbox 1982 899 3480 971; baseline 0.007 -18"><span class='ocrx_word' id='word_1_129' title='bbox 1982 899 2175 954; x_wconf 62' lang='lat' dir='ltr'><strong>BALS.</strong></span> <span class='ocrx_word' id='word_1_130' title='bbox 2218 899 2316 955; x_wconf 87' lang='lat' dir='ltr'><strong>llic</strong></span> <span class='ocrx_word' id='word_1_131' title='bbox 2355 917 2524 954; x_wconf 88' lang='lat' dir='ltr'><strong>canon</strong></span> <span class='ocrx_word' id='word_1_132' title='bbox 2560 904 2829 956; x_wconf 72' lang='lat' dir='ltr'><strong>secundus</strong></span> <span class='ocrx_word' id='word_1_133' title='bbox 2869 907 2922 957; x_wconf 92' lang='lat' dir='ltr'><strong>in</strong></span> <span class='ocrx_word' id='word_1_134' title='bbox 2953 906 3125 971; x_wconf 89' lang='lat' dir='ltr'><strong>primo</strong></span> <span class='ocrx_word' id='word_1_135' title='bbox 3158 921 3363 959; x_wconf 87' lang='lat' dir='ltr'><strong>canone</strong></span> <span class='ocrx_word' id='word_1_136' title='bbox 3398 920 3480 963; x_wconf 77' lang='lat' dir='ltr'><strong>est</strong></span> 
     </span>
    </p>
   </div>
   <div class='ocr_carea' id='block_1_22' title="bbox 1910 993 3476 1061">
    <p class='ocr_par' dir='ltr' id='par_1_22' title="bbox 1910 993 3476 1061">
     <span class='ocr_line' id='line_1_22' title="bbox 1910 993 3476 1061; baseline 0.001 -15"><span class='ocrx_word' id='word_1_137' title='bbox 1910 998 2208 1059; x_wconf 75' lang='lat' dir='ltr'><strong>expositus,</strong></span> <span class='ocrx_word' id='word_1_138' title='bbox 2238 1003 2293 1044; x_wconf 93' lang='lat' dir='ltr'><strong>ut</strong></span> <span class='ocrx_word' id='word_1_139' title='bbox 2322 993 2410 1061; x_wconf 84' lang='lat' dir='ltr'><strong>qui</strong></span> <span class='ocrx_word' id='word_1_140' title='bbox 2445 993 2630 1045; x_wconf 87' lang='lat' dir='ltr'><strong>eadem</strong></span> <span class='ocrx_word' id='word_1_141' title='bbox 2657 1009 2777 1045; x_wconf 91' lang='lat' dir='ltr'><strong>cum</strong></span> <span class='ocrx_word' id='word_1_142' title='bbox 2811 993 2901 1046; x_wconf 90' lang='lat' dir='ltr'><strong>illo</strong></span> <span class='ocrx_word' id='word_1_143' title='bbox 2932 1005 3145 1048; x_wconf 83' lang='lat' dir='ltr'><strong>tracte&#39;.</strong></span> <span class='ocrx_word' id='word_1_144' title='bbox 3177 997 3272 1049; x_wconf 87' lang='lat' dir='ltr'><strong>llic</strong></span> <span class='ocrx_word' id='word_1_145' title='bbox 3298 1006 3476 1050; x_wconf 86' lang='lat' dir='ltr'><strong>autem</strong></span> 
     </span>
    </p>
   </div>
   <div class='ocr_carea' id='block_1_23' title="bbox 1909 1083 3477 1153">
    <p class='ocr_par' dir='ltr' id='par_1_23' title="bbox 1909 1083 3477 1153">
     <span class='ocr_line' id='line_1_23' title="bbox 1909 1083 3477 1153; baseline 0.003 -19"><span class='ocrx_word' id='word_1_146' title='bbox 1909 1083 2174 1149; x_wconf 76' lang='lat' dir='ltr'><strong>adjuugit,</strong></span> <span class='ocrx_word' id='word_1_147' title='bbox 2209 1099 2304 1136; x_wconf 82' lang='lat' dir='ltr'><strong>eos</strong></span> <span class='ocrx_word' id='word_1_148' title='bbox 2344 1085 2503 1134; x_wconf 77' lang='lat' dir='ltr'><strong>etiam</strong></span> <span class='ocrx_word' id='word_1_149' title='bbox 2544 1098 2664 1136; x_wconf 86' lang='lat' dir='ltr'><strong>esse</strong></span> <span class='ocrx_word' id='word_1_150' title='bbox 2711 1084 3000 1150; x_wconf 78' lang='lat' dir='ltr'><strong>depositus,</strong></span> <span class='ocrx_word' id='word_1_151' title='bbox 3031 1089 3118 1153; x_wconf 89' lang='lat' dir='ltr'><strong>qui</strong></span> <span class='ocrx_word' id='word_1_152' title='bbox 3163 1088 3212 1137; x_wconf 89' lang='lat' dir='ltr'><strong>in</strong></span> <span class='ocrx_word' id='word_1_153' title='bbox 3250 1086 3477 1140; x_wconf 80' lang='lat' dir='ltr'><strong>NeSIorii</strong></span> 
     </span>
    </p>
   </div>
   <div class='ocr_carea' id='block_1_24' title="bbox 1911 1177 3476 1246">
    <p class='ocr_par' dir='ltr' id='par_1_24' title="bbox 1911 1177 3476 1246">
     <span class='ocr_line' id='line_1_24' title="bbox 1911 1177 3476 1246; baseline 0.003 -18"><span class='ocrx_word' id='word_1_154' title='bbox 1911 1177 2127 1243; x_wconf 93' lang='lat' dir='ltr'><strong>quidem</strong></span> <span class='ocrx_word' id='word_1_155' title='bbox 2163 1177 2496 1242; x_wconf 77' lang='lat' dir='ltr'><strong>depositione</strong></span> <span class='ocrx_word' id='word_1_156' title='bbox 2541 1178 3013 1246; x_wconf 86' lang='lat' dir='ltr'><strong>subscripserunt,</strong></span> <span class='ocrx_word' id='word_1_157' title='bbox 3051 1180 3270 1235; x_wconf 83' lang='lat' dir='ltr'><strong>Joannis</strong></span> <span class='ocrx_word' id='word_1_158' title='bbox 3301 1194 3476 1234; x_wconf 82' lang='lat' dir='ltr'><strong>autem</strong></span> 
     </span>
    </p>
   </div>
   <div class='ocr_carea' id='block_1_25' title="bbox 1911 1263 3480 1332">
    <p class='ocr_par' dir='ltr' id='par_1_25' title="bbox 1911 1263 3480 1332">
     <span class='ocr_line' id='line_1_25' title="bbox 1911 1263 3480 1332; baseline 0.004 -16"><span class='ocrx_word' id='word_1_159' title='bbox 1911 1263 2229 1318; x_wconf 82' lang='lat' dir='ltr'><strong>Antiocheni</strong></span> <span class='ocrx_word' id='word_1_160' title='bbox 2258 1266 2393 1332; x_wconf 90' lang='lat' dir='ltr'><strong>parti</strong></span> <span class='ocrx_word' id='word_1_161' title='bbox 2421 1275 2600 1332; x_wconf 76' lang='lat' dir='ltr'><strong>postea</strong></span> <span class='ocrx_word' id='word_1_162' title='bbox 2626 1278 2991 1322; x_wconf 85' lang='lat' dir='ltr'><strong>accesserunt.</strong></span> <span class='ocrx_word' id='word_1_163' title='bbox 3013 1270 3275 1332; x_wconf 81' lang='lat' dir='ltr'><strong>Quoniam</strong></span> <span class='ocrx_word' id='word_1_164' title='bbox 3301 1283 3480 1323; x_wconf 81' lang='lat' dir='ltr'><strong>autem</strong></span> 
     </span>
    </p>
   </div>
   <div class='ocr_carea' id='block_1_26' title="bbox 1921 1358 3481 1423">
    <p class='ocr_par' dir='ltr' id='par_1_26' title="bbox 1921 1358 3481 1423">
     <span class='ocr_line' id='line_1_26' title="bbox 1921 1358 3481 1423; baseline 0.006 -18"><span class='ocrx_word' id='word_1_165' title='bbox 1921 1371 2156 1423; x_wconf 72' lang='lat' dir='ltr'><strong>przesens</strong></span> <span class='ocrx_word' id='word_1_166' title='bbox 2187 1372 2358 1410; x_wconf 88' lang='lat' dir='ltr'><strong>canon</strong></span> <span class='ocrx_word' id='word_1_167' title='bbox 2391 1358 2442 1410; x_wconf 91' lang='lat' dir='ltr'><strong>in</strong></span> <span class='ocrx_word' id='word_1_168' title='bbox 2474 1358 2574 1410; x_wconf 78' lang='lat' dir='ltr'><strong>line</strong></span> <span class='ocrx_word' id='word_1_169' title='bbox 2608 1360 2849 1412; x_wconf 90' lang='lat' dir='ltr'><strong>meminit</strong></span> <span class='ocrx_word' id='word_1_170' title='bbox 2876 1360 3213 1414; x_wconf 70' lang='lat' dir='ltr'><strong>alienationis</strong></span> <span class='ocrx_word' id='word_1_171' title='bbox 3237 1377 3264 1413; x_wconf 87' lang='lat' dir='ltr'><strong>a</strong></span> <span class='ocrx_word' id='word_1_172' title='bbox 3297 1377 3481 1416; x_wconf 84' lang='lat' dir='ltr'><strong>sacer-</strong></span> 
     </span>
    </p>
   </div>
   <div class='ocr_carea' id='block_1_27' title="bbox 1910 1447 3482 1516">
    <p class='ocr_par' dir='ltr' id='par_1_27' title="bbox 1910 1447 3482 1516">
     <span class='ocr_line' id='line_1_27' title="bbox 1910 1447 3482 1516; baseline 0.003 -18"><span class='ocrx_word' id='word_1_173' title='bbox 1910 1447 2078 1508; x_wconf 90' lang='lat' dir='ltr'><strong>dotio,</strong></span> <span class='ocrx_word' id='word_1_174' title='bbox 2116 1455 2168 1499; x_wconf 89' lang='lat' dir='ltr'><strong>et</strong></span> <span class='ocrx_word' id='word_1_175' title='bbox 2204 1461 2362 1500; x_wconf 89' lang='lat' dir='ltr'><strong>casus</strong></span> <span class='ocrx_word' id='word_1_176' title='bbox 2391 1461 2420 1498; x_wconf 91' lang='lat' dir='ltr'><strong>a</strong></span> <span class='ocrx_word' id='word_1_177' title='bbox 2467 1447 2657 1515; x_wconf 83' lang='lat' dir='ltr'><strong>gradu,</strong></span> <span class='ocrx_word' id='word_1_178' title='bbox 2695 1449 2779 1500; x_wconf 91' lang='lat' dir='ltr'><strong>dic</strong></span> <span class='ocrx_word' id='word_1_179' title='bbox 2819 1449 2889 1499; x_wconf 87' lang='lat' dir='ltr'><strong>ita</strong></span> <span class='ocrx_word' id='word_1_180' title='bbox 2930 1450 3096 1516; x_wconf 79' lang='lat' dir='ltr'><strong>accipi</strong></span> <span class='ocrx_word' id='word_1_181' title='bbox 3136 1462 3188 1501; x_wconf 90' lang='lat' dir='ltr'><strong>ut</strong></span> <span class='ocrx_word' id='word_1_182' title='bbox 3220 1451 3482 1504; x_wconf 77' lang='lat' dir='ltr'><strong>alieni-tur</strong></span> 
     </span>
    </p>
   </div>
   <div class='ocr_carea' id='block_1_28' title="bbox 1910 1539 3480 1609">
    <p class='ocr_par' dir='ltr' id='par_1_28' title="bbox 1910 1539 3480 1609">
     <span class='ocr_line' id='line_1_28' title="bbox 1910 1539 3480 1609; baseline 0.004 -20"><span class='ocrx_word' id='word_1_183' title='bbox 1910 1539 2124 1606; x_wconf 89' lang='lat' dir='ltr'><strong>quidem</strong></span> <span class='ocrx_word' id='word_1_184' title='bbox 2155 1554 2181 1590; x_wconf 92' lang='lat' dir='ltr'><strong>a</strong></span> <span class='ocrx_word' id='word_1_185' title='bbox 2207 1540 2511 1593; x_wconf 87' lang='lat' dir='ltr'><strong>sacerdotio</strong></span> <span class='ocrx_word' id='word_1_186' title='bbox 2541 1541 2847 1609; x_wconf 87' lang='lat' dir='ltr'><strong>episcopus,</strong></span> <span class='ocrx_word' id='word_1_187' title='bbox 2878 1558 2904 1592; x_wconf 89' lang='lat' dir='ltr'><strong>a</strong></span> <span class='ocrx_word' id='word_1_188' title='bbox 2936 1544 3101 1609; x_wconf 81' lang='lat' dir='ltr'><strong>gradu</strong></span> <span class='ocrx_word' id='word_1_189' title='bbox 3127 1553 3304 1596; x_wconf 89' lang='lat' dir='ltr'><strong>autem</strong></span> <span class='ocrx_word' id='word_1_190' title='bbox 3333 1545 3480 1596; x_wconf 80' lang='lat' dir='ltr'><strong>exci-</strong></span> 
     </span>
    </p>
   </div>
   <div class='ocr_carea' id='block_1_29' title="bbox 1909 1629 3480 1701">
    <p class='ocr_par' dir='ltr' id='par_1_29' title="bbox 1909 1629 3480 1701">
     <span class='ocr_line' id='line_1_29' title="bbox 1909 1629 3480 1701; baseline 0.003 -21"><span class='ocrx_word' id='word_1_191' title='bbox 1909 1629 2039 1682; x_wconf 83' lang='lat' dir='ltr'><strong>dant</strong></span> <span class='ocrx_word' id='word_1_192' title='bbox 2089 1630 2294 1688; x_wconf 87' lang='lat' dir='ltr'><strong>clerici,</strong></span> <span class='ocrx_word' id='word_1_193' title='bbox 2329 1631 2380 1682; x_wconf 91' lang='lat' dir='ltr'><strong>iu</strong></span> <span class='ocrx_word' id='word_1_194' title='bbox 2413 1632 2608 1698; x_wconf 82' lang='lat' dir='ltr'><strong>quibus</strong></span> <span class='ocrx_word' id='word_1_195' title='bbox 2642 1635 2854 1700; x_wconf 87' lang='lat' dir='ltr'><strong>proprie</strong></span> <span class='ocrx_word' id='word_1_196' title='bbox 2901 1635 3100 1701; x_wconf 79' lang='lat' dir='ltr'><strong>gradus</strong></span> <span class='ocrx_word' id='word_1_197' title='bbox 3145 1644 3428 1686; x_wconf 87' lang='lat' dir='ltr'><strong>smnuntur</strong></span> <span class='ocrx_word' id='word_1_198' title='bbox 3466 1653 3480 1689; x_wconf 86' lang='lat'>:</span> 
     </span>
    </p>
   </div>
   <div class='ocr_carea' id='block_1_30' title="bbox 1912 1722 3482 1794">
    <p class='ocr_par' dir='ltr' id='par_1_30' title="bbox 1912 1722 3482 1794">
     <span class='ocr_line' id='line_1_30' title="bbox 1912 1722 3482 1794; baseline 0.002 -19"><span class='ocrx_word' id='word_1_199' title='bbox 1912 1722 1981 1775; x_wconf 86' lang='lat' dir='ltr'><strong>ita</strong></span> <span class='ocrx_word' id='word_1_200' title='bbox 2019 1731 2074 1774; x_wconf 91' lang='lat' dir='ltr'><strong>ut</strong></span> <span class='ocrx_word' id='word_1_201' title='bbox 2102 1723 2280 1777; x_wconf 84' lang='lat' dir='ltr'><strong>clerici</strong></span> <span class='ocrx_word' id='word_1_202' title='bbox 2317 1723 2536 1792; x_wconf 82' lang='lat' dir='ltr'><strong>quidem</strong></span> <span class='ocrx_word' id='word_1_203' title='bbox 2579 1725 2640 1776; x_wconf 92' lang='lat' dir='ltr'><strong>ad</strong></span> <span class='ocrx_word' id='word_1_204' title='bbox 2673 1734 2880 1790; x_wconf 90' lang='lat' dir='ltr'><strong>partem</strong></span> <span class='ocrx_word' id='word_1_205' title='bbox 2920 1739 3103 1776; x_wconf 88' lang='lat' dir='ltr'><strong>eorum</strong></span> <span class='ocrx_word' id='word_1_206' title='bbox 3139 1726 3229 1794; x_wconf 89' lang='lat' dir='ltr'><strong>qui</strong></span> <span class='ocrx_word' id='word_1_207' title='bbox 3262 1726 3482 1778; x_wconf 85' lang='lat' dir='ltr'><strong>defece-</strong></span> 
     </span>
    </p>
   </div>
   <div class='ocr_carea' id='block_1_31' title="bbox 1915 1814 3480 1882">
    <p class='ocr_par' dir='ltr' id='par_1_31' title="bbox 1915 1814 3480 1882">
     <span class='ocr_line' id='line_1_31' title="bbox 1915 1814 3480 1882; baseline 0.001 -19"><span class='ocrx_word' id='word_1_208' title='bbox 1915 1822 2041 1864; x_wconf 89' lang='lat' dir='ltr'><strong>runt</strong></span> <span class='ocrx_word' id='word_1_209' title='bbox 2082 1814 2563 1882; x_wconf 88' lang='lat' dir='ltr'><strong>quomodocunqne</strong></span> <span class='ocrx_word' id='word_1_210' title='bbox 2597 1817 2939 1878; x_wconf 80' lang='lat' dir='ltr'><strong>accedentes,</strong></span> <span class='ocrx_word' id='word_1_211' title='bbox 2969 1816 3076 1868; x_wconf 87' lang='lat' dir='ltr'><strong>sint</strong></span> <span class='ocrx_word' id='word_1_212' title='bbox 3115 1816 3362 1882; x_wconf 74' lang='lat' dir='ltr'><strong>depositi.</strong></span> <span class='ocrx_word' id='word_1_213' title='bbox 3399 1816 3480 1869; x_wconf 86' lang='lat' dir='ltr'><strong>Iu-</strong></span> 
     </span>
    </p>
   </div>
   <div class='ocr_carea' id='block_1_32' title="bbox 229 1879 1882 1976">
    <p class='ocr_par' dir='ltr' id='par_1_32' title="bbox 229 1879 1882 1976">
     <span class='ocr_line' id='line_1_32' title="bbox 229 1879 1882 1976; baseline -0.002 -16"><span class='ocrx_word' id='word_1_214' title='bbox 229 1907 724 1976; x_wconf 79' lang='grc' dir='ltr'>ἀποστατησάντων</span> <span class='ocrx_word' id='word_1_215' title='bbox 772 1907 1124 1976; x_wconf 83' lang='grc' dir='ltr'>ὁπωσδήποτε</span> <span class='ocrx_word' id='word_1_216' title='bbox 1177 1907 1594 1975; x_wconf 79' lang='grc' dir='ltr'>κιθῃρημένους</span> <span class='ocrx_word' id='word_1_217' title='bbox 1646 1900 1805 1957; x_wconf 77' lang='grc' dir='ltr'>εἶναι.</span> <span class='ocrx_word' id='word_1_218' title='bbox 1842 1879 1882 1934; x_wconf 74' lang='grc' dir='ltr'>Β</span> 
     </span>
    </p>
   </div>
   <div class='ocr_carea' id='block_1_33' title="bbox 1891 1879 3488 1976">
    <p class='ocr_par' dir='ltr' id='par_1_33' title="bbox 1919 1903 3488 1975">
     <span class='ocr_line' id='line_1_33' title="bbox 1919 1903 3488 1975; baseline 0.003 -21"><span class='ocrx_word' id='word_1_219' title='bbox 1919 1903 2074 1956; x_wconf 89' lang='lat' dir='ltr'><strong>terim</strong></span> <span class='ocrx_word' id='word_1_220' title='bbox 2109 1914 2287 1956; x_wconf 87' lang='lat' dir='ltr'><strong>autem</strong></span> <span class='ocrx_word' id='word_1_221' title='bbox 2330 1920 2502 1960; x_wconf 89' lang='lat' dir='ltr'><strong>canon</strong></span> <span class='ocrx_word' id='word_1_222' title='bbox 2540 1906 2747 1974; x_wconf 88' lang='lat' dir='ltr'><strong>primus</strong></span> <span class='ocrx_word' id='word_1_223' title='bbox 2791 1905 3014 1972; x_wconf 87' lang='lat' dir='ltr'><strong>loquens</strong></span> <span class='ocrx_word' id='word_1_224' title='bbox 3049 1907 3099 1958; x_wconf 93' lang='lat' dir='ltr'><strong>in</strong></span> <span class='ocrx_word' id='word_1_225' title='bbox 3142 1906 3251 1960; x_wconf 86' lang='lat' dir='ltr'><strong>ﬁne</strong></span> <span class='ocrx_word' id='word_1_226' title='bbox 3282 1909 3344 1961; x_wconf 81' lang='lat' dir='ltr'><strong>de</strong></span> <span class='ocrx_word' id='word_1_227' title='bbox 3373 1908 3488 1975; x_wconf 88' lang='lat' dir='ltr'><strong>epi-</strong></span> 
     </span>
    </p>
   </div>
   <div class='ocr_carea' id='block_1_34' title="bbox 229 1995 1810 2066">
    <p class='ocr_par' dir='ltr' id='par_1_34' title="bbox 229 1995 1810 2066">
     <span class='ocr_line' id='line_1_34' title="bbox 229 1995 1810 2066; baseline -0.004 -15"><span class='ocrx_word' id='word_1_228' title='bbox 229 2001 385 2062; x_wconf 81' lang='grc' dir='ltr'>Τέως</span> <span class='ocrx_word' id='word_1_229' title='bbox 433 1999 490 2051; x_wconf 85' lang='grc' dir='ltr'>δὲ</span> <span class='ocrx_word' id='word_1_230' title='bbox 543 2000 570 2050; x_wconf 86' lang='grc' dir='ltr'>ὁ</span> <span class='ocrx_word' id='word_1_231' title='bbox 616 1996 663 2049; x_wconf 88' lang='grc' dir='ltr'>α’</span> <span class='ocrx_word' id='word_1_232' title='bbox 711 1997 893 2050; x_wconf 86' lang='grc' dir='ltr'>κανὼν</span> <span class='ocrx_word' id='word_1_233' title='bbox 929 1997 1061 2066; x_wconf 80' lang='grc' dir='ltr'>περὶ</span> <span class='ocrx_word' id='word_1_234' title='bbox 1091 1999 1410 2049; x_wconf 83' lang='grc' dir='ltr'>ἐπισκόπων</span> <span class='ocrx_word' id='word_1_235' title='bbox 1440 1995 1614 2062; x_wconf 80' lang='grc' dir='ltr'>λέγων</span> <span class='ocrx_word' id='word_1_236' title='bbox 1644 1997 1702 2047; x_wconf 79' lang='grc' dir='ltr'><strong>ἐν</strong></span> <span class='ocrx_word' id='word_1_237' title='bbox 1733 1995 1810 2062; x_wconf 82' lang='grc' dir='ltr'>τῷ</span> 
     </span>
    </p>
   </div>
   <div class='ocr_carea' id='block_1_35' title="bbox 229 2087 1419 2157">
    <p class='ocr_par' dir='ltr' id='par_1_35' title="bbox 229 2087 1419 2157">
     <span class='ocr_line' id='line_1_35' title="bbox 229 2087 1419 2157; baseline 0 -16"><span class='ocrx_word' id='word_1_238' title='bbox 229 2090 398 2150; x_wconf 71' lang='grc' dir='ltr'>τέλει,</span> <span class='ocrx_word' id='word_1_239' title='bbox 431 2088 565 2157; x_wconf 75' lang='grc' dir='ltr'>φησὶ</span> <span class='ocrx_word' id='word_1_240' title='bbox 595 2089 689 2140; x_wconf 75' lang='grc' dir='ltr'><strong>καὶ</strong></span> <span class='ocrx_word' id='word_1_241' title='bbox 717 2087 817 2155; x_wconf 79' lang='grc' dir='ltr'><strong>τὴν</strong></span> <span class='ocrx_word' id='word_1_242' title='bbox 843 2087 1152 2157; x_wconf 75' lang='grc' dir='ltr'>ἐπισκοπὴν</span> <span class='ocrx_word' id='word_1_243' title='bbox 1187 2087 1419 2156; x_wconf 87' lang='grc' dir='ltr'>βαθμόν.</span> 
     </span>
    </p>
   </div>
   <div class='ocr_carea' id='block_1_36' title="bbox 301 2175 1807 2249">
    <p class='ocr_par' dir='ltr' id='par_1_36' title="bbox 301 2175 1807 2249">
     <span class='ocr_line' id='line_1_36' title="bbox 301 2175 1807 2249; baseline -0.003 -15"><span class='ocrx_word' id='word_1_244' title='bbox 301 2181 553 2235; x_wconf 71' lang='grc' dir='ltr'><strong>ΖΩΝΑΡ.</strong></span> <span class='ocrx_word' id='word_1_245' title='bbox 589 2179 695 2232; x_wconf 91' lang='grc' dir='ltr'>Τοῦ</span> <span class='ocrx_word' id='word_1_246' title='bbox 756 2179 1090 2249; x_wconf 78' lang='grc' dir='ltr'>Ἀντιοχείας</span> <span class='ocrx_word' id='word_1_247' title='bbox 1151 2178 1400 2232; x_wconf 80' lang='grc' dir='ltr'>Ἰωάννου</span> <span class='ocrx_word' id='word_1_248' title='bbox 1455 2175 1550 2230; x_wconf 80' lang='grc' dir='ltr'><strong>καὶ</strong></span> <span class='ocrx_word' id='word_1_249' title='bbox 1600 2175 1807 2229; x_wconf 85' lang='grc' dir='ltr'>Θεοδω-</span> 
     </span>
    </p>
   </div>
   <div class='ocr_carea' id='block_1_37' title="bbox 228 2268 1806 2342">
    <p class='ocr_par' dir='ltr' id='par_1_37' title="bbox 228 2268 1806 2342">
     <span class='ocr_line' id='line_1_37' title="bbox 228 2268 1806 2342; baseline -0.003 -18"><span class='ocrx_word' id='word_1_250' title='bbox 228 2272 402 2342; x_wconf 80' lang='grc' dir='ltr'>ρήτου</span> <span class='ocrx_word' id='word_1_251' title='bbox 448 2271 544 2324; x_wconf 73' lang='grc' dir='ltr'>καὶ</span> <span class='ocrx_word' id='word_1_252' title='bbox 601 2271 746 2334; x_wconf 82' lang='grc' dir='ltr'>Ἷὸα,</span> <span class='ocrx_word' id='word_1_253' title='bbox 805 2270 879 2332; x_wconf 81' lang='grc' dir='ltr'>ὡς</span> <span class='ocrx_word' id='word_1_254' title='bbox 914 2272 1153 2340; x_wconf 77' lang='grc' dir='ltr'>εἴρηται.</span> <span class='ocrx_word' id='word_1_255' title='bbox 1206 2268 1642 2322; x_wconf 76' lang='grc' dir='ltr'>ἐναντιωθέντων</span> <span class='ocrx_word' id='word_1_256' title='bbox 1686 2270 1806 2331; x_wconf 84' lang='grc' dir='ltr'>-τοῖς</span> 
     </span>
    </p>
   </div>
   <div class='ocr_carea' id='block_1_38' title="bbox 228 2359 1810 2433">
    <p class='ocr_par' dir='ltr' id='par_1_38' title="bbox 228 2359 1810 2433">
     <span class='ocr_line' id='line_1_38' title="bbox 228 2359 1810 2433; baseline -0.004 -16"><span class='ocrx_word' id='word_1_257' title='bbox 228 2365 417 2428; x_wconf 78' lang='grc' dir='ltr'>δόξασι</span> <span class='ocrx_word' id='word_1_258' title='bbox 468 2362 544 2433; x_wconf 82' lang='grc' dir='ltr'>τῷ</span> <span class='ocrx_word' id='word_1_259' title='bbox 590 2361 876 2432; x_wconf 86' lang='grc' dir='ltr'>ἀθροισμῷ</span> <span class='ocrx_word' id='word_1_260' title='bbox 907 2362 1016 2414; x_wconf 83' lang='grc' dir='ltr'><strong>τῶν</strong></span> <span class='ocrx_word' id='word_1_261' title='bbox 1061 2359 1346 2430; x_wconf 84' lang='grc' dir='ltr'>Πατέρων,</span> <span class='ocrx_word' id='word_1_262' title='bbox 1374 2360 1518 2422; x_wconf 76' lang='grc' dir='ltr'>τινες</span> <span class='ocrx_word' id='word_1_263' title='bbox 1557 2359 1653 2412; x_wconf 80' lang='grc' dir='ltr'><strong>καί</strong></span> <span class='ocrx_word' id='word_1_264' title='bbox 1700 2359 1810 2411; x_wconf 84' lang='grc' dir='ltr'><strong>τῶν</strong></span> 
     </span>
    </p>
   </div>
   <div class='ocr_carea' id='block_1_39' title="bbox 227 2450 1808 2522">
    <p class='ocr_par' dir='ltr' id='par_1_39' title="bbox 227 2450 1808 2522">
     <span class='ocr_line' id='line_1_39' title="bbox 227 2450 1808 2522; baseline -0.005 -12"><span class='ocrx_word' id='word_1_265' title='bbox 227 2458 408 2510; x_wconf 79' lang='grc' dir='ltr'>ἄλλων</span> <span class='ocrx_word' id='word_1_266' title='bbox 468 2455 785 2508; x_wconf 85' lang='grc' dir='ltr'>ἐπισκόπων</span> <span class='ocrx_word' id='word_1_267' title='bbox 834 2452 1261 2522; x_wconf 86' lang='grc' dir='ltr'>συνυπήχθησαν</span> <span class='ocrx_word' id='word_1_268' title='bbox 1313 2451 1562 2516; x_wconf 85' lang='grc' dir='ltr'>ἐκείνοις,</span> <span class='ocrx_word' id='word_1_269' title='bbox 1613 2451 1663 2502; x_wconf 86' lang='grc' dir='ltr'><strong>οἰ</strong></span> <span class='ocrx_word' id='word_1_270' title='bbox 1710 2450 1808 2520; x_wconf 81' lang='grc' dir='ltr'>μὲν</span> 
     </span>
    </p>
   </div>
   <div class='ocr_carea' id='block_1_40' title="bbox 225 2540 1810 2613">
    <p class='ocr_par' dir='ltr' id='par_1_40' title="bbox 225 2540 1810 2613">
     <span class='ocr_line' id='line_1_40' title="bbox 225 2540 1810 2613; baseline -0.007 -13"><span class='ocrx_word' id='word_1_271' title='bbox 225 2546 651 2613; x_wconf 73' lang='grc' dir='ltr'>ἀπολειφθέντες</span> <span class='ocrx_word' id='word_1_272' title='bbox 678 2543 778 2613; x_wconf 80' lang='grc' dir='ltr'>τῆς</span> <span class='ocrx_word' id='word_1_273' title='bbox 817 2542 1059 2605; x_wconf 84' lang='grc' dir='ltr'>συνόδου,</span> <span class='ocrx_word' id='word_1_274' title='bbox 1089 2541 1138 2594; x_wconf 87' lang='grc' dir='ltr'><strong>οἰ</strong></span> <span class='ocrx_word' id='word_1_275' title='bbox 1188 2540 1243 2593; x_wconf 82' lang='grc' dir='ltr'>δὲ</span> <span class='ocrx_word' id='word_1_276' title='bbox 1288 2540 1810 2609; x_wconf 79' lang='grc' dir='ltr'>συμπαρουσιάσαν-</span> 
     </span>
    </p>
   </div>
   <div class='ocr_carea' id='block_1_41' title="bbox 227 2630 1809 2706">
    <p class='ocr_par' dir='ltr' id='par_1_41' title="bbox 227 2630 1809 2706">
     <span class='ocr_line' id='line_1_41' title="bbox 227 2630 1809 2706; baseline -0.007 -14"><span class='ocrx_word' id='word_1_277' title='bbox 227 2656 342 2704; x_wconf 80' lang='grc' dir='ltr'>τες,</span> <span class='ocrx_word' id='word_1_278' title='bbox 375 2639 470 2691; x_wconf 74' lang='grc' dir='ltr'>καὶ</span> <span class='ocrx_word' id='word_1_279' title='bbox 501 2637 598 2706; x_wconf 81' lang='grc' dir='ltr'><strong>τὴν</strong></span> <span class='ocrx_word' id='word_1_280' title='bbox 626 2636 726 2705; x_wconf 83' lang='grc' dir='ltr'><strong>τῆς</strong></span> <span class='ocrx_word' id='word_1_281' title='bbox 757 2634 1132 2702; x_wconf 80' lang='grc' dir='ltr'>καθαιρέσεως</span> <span class='ocrx_word' id='word_1_282' title='bbox 1165 2631 1261 2686; x_wconf 88' lang='grc' dir='ltr'><strong>τοῦ</strong></span> <span class='ocrx_word' id='word_1_283' title='bbox 1303 2631 1599 2700; x_wconf 85' lang='grc' dir='ltr'>Νεστορίου</span> <span class='ocrx_word' id='word_1_284' title='bbox 1630 2630 1809 2698; x_wconf 74' lang='grc' dir='ltr'>ψῆφον</span> 
     </span>
    </p>
   </div>
   <div class='ocr_carea' id='block_1_42' title="bbox 226 2720 1809 2793">
    <p class='ocr_par' dir='ltr' id='par_1_42' title="bbox 226 2720 1809 2793">
     <span class='ocr_line' id='line_1_42' title="bbox 226 2720 1809 2793; baseline -0.006 -14"><span class='ocrx_word' id='word_1_285' title='bbox 226 2731 352 2790; x_wconf 85' lang='grc' dir='ltr'>ταῖς</span> <span class='ocrx_word' id='word_1_286' title='bbox 397 2726 629 2787; x_wconf 82' lang='grc' dir='ltr'>οἰκείαις</span> <span class='ocrx_word' id='word_1_287' title='bbox 680 2725 1032 2793; x_wconf 84' lang='grc' dir='ltr'>ὑπογραφαῖς</span> <span class='ocrx_word' id='word_1_288' title='bbox 1084 2720 1510 2790; x_wconf 82' lang='grc' dir='ltr'>βεϐαιώσαντες.</span> <span class='ocrx_word' id='word_1_289' title='bbox 1539 2721 1674 2789; x_wconf 76' lang='grc' dir='ltr'>Περὶ</span> <span class='ocrx_word' id='word_1_290' title='bbox 1701 2721 1809 2774; x_wconf 83' lang='grc' dir='ltr'>τῶν</span> 
     </span>
    </p>
   </div>
   <div class='ocr_carea' id='block_1_43' title="bbox 226 2812 1806 2886">
    <p class='ocr_par' dir='ltr' id='par_1_43' title="bbox 226 2812 1806 2886">
     <span class='ocr_line' id='line_1_43' title="bbox 226 2812 1806 2886; baseline -0.005 -14"><span class='ocrx_word' id='word_1_291' title='bbox 226 2819 492 2873; x_wconf 73' lang='grc' dir='ltr'>τοιούτων</span> <span class='ocrx_word' id='word_1_292' title='bbox 530 2817 623 2871; x_wconf 81' lang='grc' dir='ltr'><strong>οῦν</strong></span> <span class='ocrx_word' id='word_1_293' title='bbox 653 2817 682 2868; x_wconf 87' lang='grc' dir='ltr'>ὁ</span> <span class='ocrx_word' id='word_1_294' title='bbox 717 2816 911 2886; x_wconf 85' lang='grc' dir='ltr'>παρὼν</span> <span class='ocrx_word' id='word_1_295' title='bbox 954 2815 1316 2883; x_wconf 72' lang='grc' dir='ltr'>διαλαμϐάνει</span> <span class='ocrx_word' id='word_1_296' title='bbox 1364 2813 1546 2867; x_wconf 88' lang='grc' dir='ltr'>κανὼν</span> <span class='ocrx_word' id='word_1_297' title='bbox 1591 2812 1806 2865; x_wconf 87' lang='grc' dir='ltr'>ἐκπτώ-</span> 
     </span>
    </p>
   </div>
   <div class='ocr_carea' id='block_1_44' title="bbox 225 2905 1806 2979">
    <p class='ocr_par' dir='ltr' id='par_1_44' title="bbox 225 2905 1806 2979">
     <span class='ocr_line' id='line_1_44' title="bbox 225 2905 1806 2979; baseline -0.006 -15"><span class='ocrx_word' id='word_1_298' title='bbox 225 2929 355 2974; x_wconf 87' lang='grc' dir='ltr'>τους</span> <span class='ocrx_word' id='word_1_299' title='bbox 407 2907 548 2964; x_wconf 77' lang='grc' dir='ltr'>εἶναι</span> <span class='ocrx_word' id='word_1_300' title='bbox 589 2910 690 2979; x_wconf 82' lang='grc' dir='ltr'>τῆς</span> <span class='ocrx_word' id='word_1_301' title='bbox 727 2909 1029 2977; x_wconf 77' lang='grc' dir='ltr'>ἱερωσύνης</span> <span class='ocrx_word' id='word_1_302' title='bbox 1071 2907 1312 2969; x_wconf 82' lang='grc' dir='ltr'>ἐκείνους</span> <span class='ocrx_word' id='word_1_303' title='bbox 1350 2905 1806 2975; x_wconf 85' lang='grc' dir='ltr'>διαταττόμενος·</span> 
     </span>
    </p>
   </div>
   <div class='ocr_carea' id='block_1_45' title="bbox 225 2994 1808 3071">
    <p class='ocr_par' dir='ltr' id='par_1_45' title="bbox 225 2994 1808 3071">
     <span class='ocr_line' id='line_1_45' title="bbox 225 2994 1808 3071; baseline -0.006 -14"><span class='ocrx_word' id='word_1_304' title='bbox 225 3004 389 3057; x_wconf 83' lang='grc' dir='ltr'>τοῦτο</span> <span class='ocrx_word' id='word_1_305' title='bbox 420 3003 549 3071; x_wconf 70' lang='grc' dir='ltr'>περὶ</span> <span class='ocrx_word' id='word_1_306' title='bbox 575 3002 682 3056; x_wconf 79' lang='grc' dir='ltr'><strong>τῶν</strong></span> <span class='ocrx_word' id='word_1_307' title='bbox 713 3002 1032 3053; x_wconf 85' lang='grc' dir='ltr'>ἐπισκόπων</span> <span class='ocrx_word' id='word_1_308' title='bbox 1066 2999 1288 3066; x_wconf 87' lang='grc' dir='ltr'>νοητέον</span> <span class='ocrx_word' id='word_1_309' title='bbox 1320 3014 1335 3030; x_wconf 90' lang='grc'><strong>·</strong></span> <span class='ocrx_word' id='word_1_310' title='bbox 1387 2997 1448 3049; x_wconf 84' lang='grc' dir='ltr'><strong>τὸ</strong></span> <span class='ocrx_word' id='word_1_311' title='bbox 1493 2996 1550 3049; x_wconf 83' lang='grc' dir='ltr'>δὲ</span> <span class='ocrx_word' id='word_1_312' title='bbox 1589 2997 1684 3049; x_wconf 71' lang='grc' dir='ltr'><strong>καὶ</strong></span> <span class='ocrx_word' id='word_1_313' title='bbox 1713 2994 1808 3049; x_wconf 87' lang='grc' dir='ltr'><strong>τοῦ</strong></span> 
     </span>
    </p>
   </div>
   <div class='ocr_carea' id='block_1_46' title="bbox 228 3087 1804 3166">
    <p class='ocr_par' dir='ltr' id='par_1_46' title="bbox 228 3087 1804 3166">
     <span class='ocr_line' id='line_1_46' title="bbox 228 3087 1804 3166; baseline -0.004 -20"><span class='ocrx_word' id='word_1_314' title='bbox 228 3095 443 3166; x_wconf 81' lang='grc' dir='ltr'>βαθμοῦ</span> <span class='ocrx_word' id='word_1_315' title='bbox 502 3093 870 3154; x_wconf 80' lang='grc' dir='ltr'>ἐκπίπτοντας</span> <span class='ocrx_word' id='word_1_316' title='bbox 934 3092 1064 3160; x_wconf 74' lang='grc' dir='ltr'>περὶ</span> <span class='ocrx_word' id='word_1_317' title='bbox 1120 3089 1400 3158; x_wconf 83' lang='grc' dir='ltr'>κληρικῶν</span> <span class='ocrx_word' id='word_1_318' title='bbox 1457 3087 1804 3157; x_wconf 75' lang='grc' dir='ltr'><strong>ἐιιληπτιξον⁸</strong></span> 
     </span>
    </p>
   </div>
   <div class='ocr_carea' id='block_1_47' title="bbox 225 3180 1810 3253">
    <p class='ocr_par' dir='ltr' id='par_1_47' title="bbox 225 3180 1810 3253">
     <span class='ocr_line' id='line_1_47' title="bbox 225 3180 1810 3253; baseline -0.004 -14"><span class='ocrx_word' id='word_1_319' title='bbox 225 3180 375 3239; x_wconf 81' lang='grc' dir='ltr'>οῦτοι</span> <span class='ocrx_word' id='word_1_320' title='bbox 420 3183 529 3253; x_wconf 83' lang='grc' dir='ltr'><strong>γάρ</strong></span> <span class='ocrx_word' id='word_1_321' title='bbox 581 3184 685 3235; x_wconf 75' lang='grc' dir='ltr'><strong>ὑπὸ</strong></span> <span class='ocrx_word' id='word_1_322' title='bbox 736 3181 979 3250; x_wconf 77' lang='grc' dir='ltr'>βαθμούς</span> <span class='ocrx_word' id='word_1_323' title='bbox 1028 3181 1194 3235; x_wconf 84' lang='grc' dir='ltr'>εἰσιν.</span> <span class='ocrx_word' id='word_1_324' title='bbox 1248 3182 1309 3234; x_wconf 80' lang='lat' dir='ltr'><strong>Oi</strong></span> <span class='ocrx_word' id='word_1_325' title='bbox 1354 3180 1456 3250; x_wconf 81' lang='grc' dir='ltr'>μὲν</span> <span class='ocrx_word' id='word_1_326' title='bbox 1505 3180 1601 3232; x_wconf 86' lang='grc' dir='ltr'><strong>οῦν</strong></span> <span class='ocrx_word' id='word_1_327' title='bbox 1642 3181 1810 3249; x_wconf 72' lang='grc' dir='ltr'>ἱερεῖς</span> 
     </span>
    </p>
   </div>
   <div class='ocr_carea' id='block_1_48' title="bbox 232 3271 1808 3346">
    <p class='ocr_par' dir='ltr' id='par_1_48' title="bbox 232 3271 1808 3346">
     <span class='ocr_line' id='line_1_48' title="bbox 232 3271 1808 3346; baseline -0.003 -19"><span class='ocrx_word' id='word_1_328' title='bbox 232 3277 482 3346; x_wconf 67' lang='grc' dir='ltr'>μεῖζονός</span> <span class='ocrx_word' id='word_1_329' title='bbox 545 3277 650 3326; x_wconf 85' lang='grc' dir='ltr'>εἰσι</span> <span class='ocrx_word' id='word_1_330' title='bbox 693 3273 905 3342; x_wconf 83' lang='grc' dir='ltr'>βαθμοῦ</span> <span class='ocrx_word' id='word_1_331' title='bbox 957 3274 1074 3340; x_wconf 64' lang='grc' dir='ltr'>ἦτοι</span> <span class='ocrx_word' id='word_1_332' title='bbox 1132 3271 1312 3338; x_wconf 81' lang='grc' dir='ltr'>ἀξίας,</span> <span class='ocrx_word' id='word_1_333' title='bbox 1365 3275 1413 3324; x_wconf 91' lang='grc' dir='ltr'><strong>οἰ</strong></span> <span class='ocrx_word' id='word_1_334' title='bbox 1464 3271 1522 3325; x_wconf 84' lang='grc' dir='ltr'>δὲ</span> <span class='ocrx_word' id='word_1_335' title='bbox 1569 3271 1808 3327; x_wconf 79' lang='grc' dir='ltr'>διάκονοι</span> 
     </span>
    </p>
   </div>
   <div class='ocr_carea' id='block_1_49' title="bbox 227 3362 1197 3438">
    <p class='ocr_par' dir='ltr' id='par_1_49' title="bbox 227 3362 1197 3438">
     <span class='ocr_line' id='line_1_49' title="bbox 227 3362 1197 3438; baseline -0.003 -19"><span class='ocrx_word' id='word_1_336' title='bbox 227 3369 482 3438; x_wconf 72' lang='grc' dir='ltr'>ἥττονος,</span> <span class='ocrx_word' id='word_1_337' title='bbox 508 3367 602 3418; x_wconf 76' lang='grc' dir='ltr'>καὶ</span> <span class='ocrx_word' id='word_1_338' title='bbox 638 3364 875 3430; x_wconf 76' lang='grc' dir='ltr'>καθεξῆς</span> <span class='ocrx_word' id='word_1_339' title='bbox 909 3365 957 3415; x_wconf 85' lang='lat' dir='ltr'><strong>0i</strong></span> <span class='ocrx_word' id='word_1_340' title='bbox 996 3362 1197 3416; x_wconf 88' lang='grc' dir='ltr'>λοιποί.</span> 
     </span>
    </p>
   </div>
   <div class='ocr_carea' id='block_1_50' title="bbox 228 3454 1812 3523">
    <p class='ocr_par' dir='ltr' id='par_1_50' title="bbox 228 3454 1812 3523">
     <span class='ocr_line' id='line_1_50' title="bbox 228 3454 1812 3523; baseline -0.005 -7"><span class='ocrx_word' id='word_1_341' title='bbox 228 3461 461 3516; x_wconf 81' lang='grc' dir='ltr'><strong>ΔΡΙΣΤ.</strong></span> <span class='ocrx_word' id='word_1_342' title='bbox 517 3458 626 3513; x_wconf 78' lang='grc' dir='ltr'><strong>Καὶ</strong></span> <span class='ocrx_word' id='word_1_343' title='bbox 656 3458 825 3523; x_wconf 81' lang='grc' dir='ltr'>ὅστις</span> <span class='ocrx_word' id='word_1_344' title='bbox 863 3455 1167 3522; x_wconf 80' lang='grc' dir='ltr'>Νεστορίῳ</span> <span class='ocrx_word' id='word_1_345' title='bbox 1215 3455 1508 3523; x_wconf 70' lang='grc' dir='ltr'>σύμφρων</span> <span class='ocrx_word' id='word_1_346' title='bbox 1539 3454 1638 3508; x_wconf 84' lang='grc' dir='ltr'><strong>καί</strong></span> <span class='ocrx_word' id='word_1_347' title='bbox 1676 3456 1812 3523; x_wconf 83' lang='grc' dir='ltr'>ὀμό-</span> 
     </span>
    </p>
   </div>
   <div class='ocr_carea' id='block_1_51' title="bbox 496 3547 1538 3620">
    <p class='ocr_par' dir='ltr' id='par_1_51' title="bbox 496 3547 1538 3620">
     <span class='ocr_line' id='line_1_51' title="bbox 496 3547 1538 3620; baseline -0.008 -14"><span class='ocrx_word' id='word_1_348' title='bbox 496 3569 660 3620; x_wconf 67' lang='grc' dir='ltr'>φρων</span> <span class='ocrx_word' id='word_1_349' title='bbox 697 3551 1054 3614; x_wconf 77' lang='grc' dir='ltr'>ἐπίσκοπος,</span> <span class='ocrx_word' id='word_1_350' title='bbox 1093 3547 1538 3615; x_wconf 76' lang='grc' dir='ltr'>ἀποκήρυκτος.</span> 
     </span>
    </p>
   </div>
   <div class='ocr_carea' id='block_1_52' title="bbox 843 3644 1188 3698">
    <p class='ocr_par' dir='ltr' id='par_1_52' title="bbox 843 3644 1188 3698">
     <span class='ocr_line' id='line_1_52' title="bbox 843 3644 1188 3698; baseline -0.006 0"><span class='ocrx_word' id='word_1_351' title='bbox 843 3644 1081 3698; x_wconf 70' lang='grc' dir='ltr'><strong>ΚΛΝΩΝ</strong></span> <span class='ocrx_word' id='word_1_352' title='bbox 1111 3644 1188 3696; x_wconf 88' lang='grc' dir='ltr'><strong>Γ’.</strong></span> 
     </span>
    </p>
   </div>
   <div class='ocr_carea' id='block_1_53' title="bbox 227 3733 1811 3802">
    <p class='ocr_par' dir='ltr' id='par_1_53' title="bbox 227 3733 1811 3802">
     <span class='ocr_line' id='line_1_53' title="bbox 227 3733 1811 3802; baseline -0.007 -8"><span class='ocrx_word' id='word_1_353' title='bbox 227 3740 299 3795; x_wconf 80' lang='lat' dir='ltr'><strong>El</strong></span> <span class='ocrx_word' id='word_1_354' title='bbox 331 3737 398 3790; x_wconf 81' lang='grc' dir='ltr'><em>δέ</em></span> <span class='ocrx_word' id='word_1_355' title='bbox 428 3753 588 3802; x_wconf 83' lang='grc' dir='ltr'>τινες</span> <span class='ocrx_word' id='word_1_356' title='bbox 618 3735 736 3788; x_wconf 86' lang='grc' dir='ltr'>τῶν</span> <span class='ocrx_word' id='word_1_357' title='bbox 769 3734 842 3787; x_wconf 82' lang='grc' dir='ltr'><strong>ἐν</strong></span> <span class='ocrx_word' id='word_1_358' title='bbox 879 3735 1108 3799; x_wconf 80' lang='grc' dir='ltr'>ἑκάστῃ</span> <span class='ocrx_word' id='word_1_359' title='bbox 1141 3734 1310 3786; x_wconf 84' lang='grc' dir='ltr'>πόλει</span> <span class='ocrx_word' id='word_1_360' title='bbox 1345 3733 1381 3801; x_wconf 79' lang='grc' dir='ltr'>ἢ</span> <span class='ocrx_word' id='word_1_361' title='bbox 1425 3733 1584 3800; x_wconf 80' lang='grc' dir='ltr'>χώρᾳ</span> <span class='ocrx_word' id='word_1_362' title='bbox 1610 3735 1811 3799; x_wconf 73' lang='grc' dir='ltr'>κληριο</span> 
     </span>
    </p>
   </div>
   <div class='ocr_carea' id='block_1_54' title="bbox 308 3824 1812 3893">
    <p class='ocr_par' dir='ltr' id='par_1_54' title="bbox 308 3824 1812 3893">
     <span class='ocr_line' id='line_1_54' title="bbox 308 3824 1812 3893; baseline -0.004 -10"><span class='ocrx_word' id='word_1_363' title='bbox 308 3829 439 3883; x_wconf 81' lang='grc' dir='ltr'>κῶν</span> <span class='ocrx_word' id='word_1_364' title='bbox 479 3828 598 3884; x_wconf 84' lang='grc' dir='ltr'><strong>ὑπὸ</strong></span> <span class='ocrx_word' id='word_1_365' title='bbox 634 3828 968 3893; x_wconf 84' lang='grc' dir='ltr'>Νεστορίου</span> <span class='ocrx_word' id='word_1_366' title='bbox 1003 3824 1241 3877; x_wconf 79' lang='grc' dir='ltr'>καὶτῶν</span> <span class='ocrx_word' id='word_1_367' title='bbox 1269 3825 1390 3877; x_wconf 83' lang='grc' dir='ltr'>σὺν</span> <span class='ocrx_word' id='word_1_368' title='bbox 1428 3825 1588 3889; x_wconf 84' lang='grc' dir='ltr'>αὐτῷ</span> <span class='ocrx_word' id='word_1_369' title='bbox 1621 3824 1812 3877; x_wconf 80' lang='grc' dir='ltr'>ὄντων</span> 
     </span>
    </p>
   </div>
   <div class='ocr_carea' id='block_1_55' title="bbox 301 3915 1812 3988">
    <p class='ocr_par' dir='ltr' id='par_1_55' title="bbox 301 3915 1812 3988">
     <span class='ocr_line' id='line_1_55' title="bbox 301 3915 1812 3988; baseline -0.006 -14"><span class='ocrx_word' id='word_1_370' title='bbox 301 3923 412 3988; x_wconf 77' lang='grc' dir='ltr'>τῆς</span> <span class='ocrx_word' id='word_1_371' title='bbox 452 3921 784 3987; x_wconf 81' lang='grc' dir='ltr'>Ιερωσύνης</span> <span class='ocrx_word' id='word_1_372' title='bbox 813 3917 1212 3984; x_wconf 77' lang='grc' dir='ltr'>ἐκωλύθησαν</span> <span class='ocrx_word' id='word_1_373' title='bbox 1232 3915 1331 3968; x_wconf 81' lang='grc' dir='ltr'>διὰ</span> <span class='ocrx_word' id='word_1_374' title='bbox 1358 3916 1422 3967; x_wconf 86' lang='grc' dir='ltr'>τὸ</span> <span class='ocrx_word' id='word_1_375' title='bbox 1456 3915 1643 3982; x_wconf 81' lang='grc' dir='ltr'>ὀρθῶς</span> <span class='ocrx_word' id='word_1_376' title='bbox 1670 3932 1812 3982; x_wconf 52' lang='lat' dir='ltr'><strong>cepo-</strong></span> 
     </span>
    </p>
   </div>
   <div class='ocr_carea' id='block_1_56' title="bbox 300 4007 1812 4077">
    <p class='ocr_par' dir='ltr' id='par_1_56' title="bbox 300 4007 1812 4077">
     <span class='ocr_line' id='line_1_56' title="bbox 300 4007 1812 4077; baseline -0.006 -10"><span class='ocrx_word' id='word_1_377' title='bbox 300 4015 456 4073; x_wconf 83' lang='grc' dir='ltr'>νεῖν,</span> <span class='ocrx_word' id='word_1_378' title='bbox 476 4011 906 4077; x_wconf 83' lang='grc' dir='ltr'>ἑδικαιώσαμεν</span> <span class='ocrx_word' id='word_1_379' title='bbox 921 4009 1019 4062; x_wconf 84' lang='grc' dir='ltr'><strong>καί</strong></span> <span class='ocrx_word' id='word_1_380' title='bbox 1035 4010 1285 4074; x_wconf 83' lang='grc' dir='ltr'>τούτους</span> <span class='ocrx_word' id='word_1_381' title='bbox 1300 4009 1406 4062; x_wconf 83' lang='grc' dir='ltr'>τὸν</span> <span class='ocrx_word' id='word_1_382' title='bbox 1417 4009 1440 4059; x_wconf 83' lang='grc' dir='ltr'><strong>ί</strong></span> <span class='ocrx_word' id='word_1_383' title='bbox 1442 4007 1574 4061; x_wconf 84' lang='grc' dir='ltr'>διον</span> <span class='ocrx_word' id='word_1_384' title='bbox 1585 4009 1812 4061; x_wconf 85' lang='grc' dir='ltr'>ἀπολα-</span> 
     </span>
    </p>
   </div>
   <div class='ocr_carea' id='block_1_57' title="bbox 310 4098 1808 4170">
    <p class='ocr_par' dir='ltr' id='par_1_57' title="bbox 310 4098 1808 4170">
     <span class='ocr_line' id='line_1_57' title="bbox 310 4098 1808 4170; baseline -0.006 -11"><span class='ocrx_word' id='word_1_385' title='bbox 310 4107 440 4159; x_wconf 73' lang='grc' dir='ltr'>ϐεῖν</span> <span class='ocrx_word' id='word_1_386' title='bbox 472 4106 732 4170; x_wconf 82' lang='grc' dir='ltr'>βαθμόν.</span> <span class='ocrx_word' id='word_1_387' title='bbox 763 4101 989 4166; x_wconf 80' lang='grc' dir='ltr'>Κοινῶς</span> <span class='ocrx_word' id='word_1_388' title='bbox 1019 4100 1088 4154; x_wconf 82' lang='grc' dir='ltr'>δὲ</span> <span class='ocrx_word' id='word_1_389' title='bbox 1111 4100 1252 4165; x_wconf 86' lang='grc' dir='ltr'>τοὺς</span> <span class='ocrx_word' id='word_1_390' title='bbox 1282 4098 1356 4167; x_wconf 79' lang='grc' dir='ltr'>τῇ</span> <span class='ocrx_word' id='word_1_391' title='bbox 1387 4099 1682 4167; x_wconf 76' lang='grc' dir='ltr'>ὅρθοδόξῳ</span> <span class='ocrx_word' id='word_1_392' title='bbox 1709 4099 1808 4151; x_wconf 83' lang='grc' dir='ltr'><strong>καί</strong></span> 
     </span>
    </p>
   </div>
   <div class='ocr_carea' id='block_1_58' title="bbox 300 4189 1811 4265">
    <p class='ocr_par' dir='ltr' id='par_1_58' title="bbox 300 4189 1811 4265">
     <span class='ocr_line' id='line_1_58' title="bbox 300 4189 1811 4265; baseline -0.008 -11"><span class='ocrx_word' id='word_1_393' title='bbox 300 4196 690 4265; x_wconf 74' lang='grc' dir='ltr'>οἰκουμενικῇ</span> <span class='ocrx_word' id='word_1_394' title='bbox 711 4193 952 4259; x_wconf 78' lang='grc' dir='ltr'>συνόδῳ</span> <span class='ocrx_word' id='word_1_395' title='bbox 968 4191 1470 4261; x_wconf 70' lang='grc' dir='ltr'>συμφρονοῦντας</span> <span class='ocrx_word' id='word_1_396' title='bbox 1485 4189 1811 4256; x_wconf 81' lang='grc' dir='ltr'>κληρικοὺς</span> 
     </span>
    </p>
   </div>
   <div class='ocr_carea' id='block_1_59' title="bbox 299 4280 1809 4355">
    <p class='ocr_par' dir='ltr' id='par_1_59' title="bbox 299 4280 1809 4355">
     <span class='ocr_line' id='line_1_59' title="bbox 299 4280 1809 4355; baseline -0.006 -13"><span class='ocrx_word' id='word_1_397' title='bbox 299 4289 630 4355; x_wconf 71' lang='grc' dir='ltr'>κελεύομεν</span> <span class='ocrx_word' id='word_1_398' title='bbox 663 4285 787 4350; x_wconf 87' lang='grc' dir='ltr'>τοῖς</span> <span class='ocrx_word' id='word_1_399' title='bbox 839 4281 1350 4348; x_wconf 79' lang='grc' dir='ltr'>ἀποστατήσασιν</span> <span class='ocrx_word' id='word_1_400' title='bbox 1397 4281 1435 4348; x_wconf 78' lang='grc' dir='ltr'>ἢ</span> <span class='ocrx_word' id='word_1_401' title='bbox 1481 4280 1809 4348; x_wconf 70' lang='grc' dir='ltr'>ἀφισταμέ-</span> 
     </span>
    </p>
   </div>
   <div class='ocr_carea' id='block_1_60' title="bbox 298 4369 1811 4444">
    <p class='ocr_par' dir='ltr' id='par_1_60' title="bbox 298 4369 1811 4444">
     <span class='ocr_line' id='line_1_60' title="bbox 298 4369 1811 4444; baseline -0.008 -10"><span class='ocrx_word' id='word_1_402' title='bbox 298 4397 434 4444; x_wconf 88' lang='grc' dir='ltr'>νοις</span> <span class='ocrx_word' id='word_1_403' title='bbox 478 4376 836 4437; x_wconf 79' lang='grc' dir='ltr'>ἐπισκόποις</span> <span class='ocrx_word' id='word_1_404' title='bbox 879 4372 1014 4441; x_wconf 84' lang='grc' dir='ltr'>μηδ’</span> <span class='ocrx_word' id='word_1_405' title='bbox 1049 4370 1207 4437; x_wconf 83' lang='grc' dir='ltr'>ὅλως</span> <span class='ocrx_word' id='word_1_406' title='bbox 1258 4369 1615 4424; x_wconf 83' lang='grc' dir='ltr'>ὑποκεῖσθαι</span> <span class='ocrx_word' id='word_1_407' title='bbox 1661 4369 1811 4422; x_wconf 84' lang='grc' dir='ltr'>κατὰ</span> 
     </span>
    </p>
   </div>
   <div class='ocr_carea' id='block_1_61' title="bbox 294 4470 801 4543">
    <p class='ocr_par' dir='ltr' id='par_1_61' title="bbox 294 4470 801 4543">
     <span class='ocr_line' id='line_1_61' title="bbox 294 4470 801 4543; baseline -0.01 -18"><span class='ocrx_word' id='word_1_408' title='bbox 294 4471 534 4543; x_wconf 81' lang='grc' dir='ltr'>μηδένα</span> <span class='ocrx_word' id='word_1_409' title='bbox 556 4470 801 4536; x_wconf 80' lang='grc' dir='ltr'>τρόπον.</span> 
     </span>
    </p>
   </div>
   <div class='ocr_carea' id='block_1_62' title="bbox 1916 1994 3213 2068">
    <p class='ocr_par' dir='ltr' id='par_1_62' title="bbox 1916 1994 3213 2068">
     <span class='ocr_line' id='line_1_62' title="bbox 1916 1994 3213 2068; baseline 0.002 -21"><span class='ocrx_word' id='word_1_410' title='bbox 1916 1994 2115 2062; x_wconf 87' lang='lat' dir='ltr'><strong>scopis,</strong></span> <span class='ocrx_word' id='word_1_411' title='bbox 2153 1996 2518 2065; x_wconf 83' lang='lat' dir='ltr'><strong>episcOpatum</strong></span> <span class='ocrx_word' id='word_1_412' title='bbox 2552 2013 2764 2066; x_wconf 83' lang='lat' dir='ltr'><strong>quoque</strong></span> <span class='ocrx_word' id='word_1_413' title='bbox 2795 1999 3024 2068; x_wconf 83' lang='lat' dir='ltr'><strong>gradum</strong></span> <span class='ocrx_word' id='word_1_414' title='bbox 3060 1999 3213 2052; x_wconf 90' lang='lat' dir='ltr'><strong>dicit.</strong></span> 
     </span>
    </p>
   </div>
   <div class='ocr_carea' id='block_1_63' title="bbox 1987 2177 3483 2250">
    <p class='ocr_par' dir='ltr' id='par_1_63' title="bbox 1987 2177 3483 2250">
     <span class='ocr_line' id='line_1_63' title="bbox 1987 2177 3483 2250; baseline 0.005 -18"><span class='ocrx_word' id='word_1_415' title='bbox 1987 2177 2239 2233; x_wconf 73' lang='lat' dir='ltr'><strong>ZONAR.</strong></span> <span class='ocrx_word' id='word_1_416' title='bbox 2281 2178 2416 2234; x_wconf 89' lang='lat' dir='ltr'><strong>Cum</strong></span> <span class='ocrx_word' id='word_1_417' title='bbox 2465 2181 2838 2235; x_wconf 82' lang='lat' dir='ltr'><strong>Antiochenus</strong></span> <span class='ocrx_word' id='word_1_418' title='bbox 2884 2183 3194 2250; x_wconf 75' lang='lat' dir='ltr'><strong>patriarcha</strong></span> <span class='ocrx_word' id='word_1_419' title='bbox 3243 2183 3483 2241; x_wconf 82' lang='lat' dir='ltr'><strong>Joannes</strong></span> 
     </span>
    </p>
   </div>
   <div class='ocr_carea' id='block_1_64' title="bbox 1914 2271 3485 2346">
    <p class='ocr_par' dir='ltr' id='par_1_64' title="bbox 1914 2271 3485 2346">
     <span class='ocr_line' id='line_1_64' title="bbox 1914 2271 3485 2346; baseline 0.004 -22"><span class='ocrx_word' id='word_1_420' title='bbox 1914 2281 1968 2324; x_wconf 91' lang='lat' dir='ltr'><strong>et</strong></span> <span class='ocrx_word' id='word_1_421' title='bbox 2000 2271 2371 2326; x_wconf 86' lang='lat' dir='ltr'><strong>Theodoretus</strong></span> <span class='ocrx_word' id='word_1_422' title='bbox 2401 2282 2454 2327; x_wconf 90' lang='lat' dir='ltr'><strong>et</strong></span> <span class='ocrx_word' id='word_1_423' title='bbox 2483 2274 2615 2338; x_wconf 87' lang='lat' dir='ltr'><strong>lbas,</strong></span> <span class='ocrx_word' id='word_1_424' title='bbox 2645 2285 2954 2328; x_wconf 84' lang='lat' dir='ltr'><strong>sanctorum</strong></span> <span class='ocrx_word' id='word_1_425' title='bbox 2989 2275 3212 2328; x_wconf 85' lang='lat' dir='ltr'><strong>Patrum</strong></span> <span class='ocrx_word' id='word_1_426' title='bbox 3242 2277 3485 2346; x_wconf 80' lang='lat' dir='ltr'><strong>decreta,</strong></span> 
     </span>
    </p>
   </div>
   <div class='ocr_carea' id='block_1_65' title="bbox 1917 2364 3486 2439">
    <p class='ocr_par' dir='ltr' id='par_1_65' title="bbox 1917 2364 3486 2439">
     <span class='ocr_line' id='line_1_65' title="bbox 1917 2364 3486 2439; baseline 0.006 -25"><span class='ocrx_word' id='word_1_427' title='bbox 1917 2373 1975 2415; x_wconf 92' lang='lat' dir='ltr'><strong>ut</strong></span> <span class='ocrx_word' id='word_1_428' title='bbox 2004 2364 2262 2428; x_wconf 82' lang='lat' dir='ltr'><strong>diximus,</strong></span> <span class='ocrx_word' id='word_1_429' title='bbox 2293 2364 2570 2418; x_wconf 82' lang='lat' dir='ltr'><strong>infirmare</strong></span> <span class='ocrx_word' id='word_1_430' title='bbox 2603 2368 2782 2419; x_wconf 90' lang='lat' dir='ltr'><strong>conati</strong></span> <span class='ocrx_word' id='word_1_431' title='bbox 2816 2367 3065 2431; x_wconf 77' lang='lat' dir='ltr'><strong>fuissent,</strong></span> <span class='ocrx_word' id='word_1_432' title='bbox 3104 2368 3238 2422; x_wconf 86' lang='lat' dir='ltr'><strong>alios</strong></span> <span class='ocrx_word' id='word_1_433' title='bbox 3274 2385 3486 2439; x_wconf 80' lang='lat' dir='ltr'><strong>quoque</strong></span> 
     </span>
    </p>
   </div>
   <div class='ocr_carea' id='block_1_66' title="bbox 1917 2454 3485 2529">
    <p class='ocr_par' dir='ltr' id='par_1_66' title="bbox 1917 2454 3485 2529">
     <span class='ocr_line' id='line_1_66' title="bbox 1917 2454 3485 2529; baseline 0.004 -22"><span class='ocrx_word' id='word_1_434' title='bbox 1917 2454 1970 2507; x_wconf 90' lang='lat' dir='ltr'><strong>in</strong></span> <span class='ocrx_word' id='word_1_435' title='bbox 2023 2469 2174 2508; x_wconf 88' lang='lat' dir='ltr'><strong>suam</strong></span> <span class='ocrx_word' id='word_1_436' title='bbox 2221 2458 2542 2510; x_wconf 87' lang='lat' dir='ltr'><strong>sententiam</strong></span> <span class='ocrx_word' id='word_1_437' title='bbox 2597 2458 2852 2524; x_wconf 65' lang='lat' dir='ltr'><strong>praesules</strong></span> <span class='ocrx_word' id='word_1_438' title='bbox 2903 2460 3208 2523; x_wconf 84' lang='lat' dir='ltr'><strong>adduxere,</strong></span> <span class='ocrx_word' id='word_1_439' title='bbox 3257 2476 3485 2529; x_wconf 87' lang='lat' dir='ltr'><strong>quorum</strong></span> 
     </span>
    </p>
   </div>
   <div class='ocr_carea' id='block_1_67' title="bbox 1916 2545 3486 2617">
    <p class='ocr_par' dir='ltr' id='par_1_67' title="bbox 1916 2545 3486 2617">
     <span class='ocr_line' id='line_1_67' title="bbox 1916 2545 3486 2617; baseline 0.003 -18"><span class='ocrx_word' id='word_1_440' title='bbox 1916 2545 2084 2614; x_wconf 88' lang='lat' dir='ltr'><strong>aliqui</strong></span> <span class='ocrx_word' id='word_1_441' title='bbox 2118 2559 2222 2600; x_wconf 91' lang='lat' dir='ltr'><strong>non</strong></span> <span class='ocrx_word' id='word_1_442' title='bbox 2264 2558 2521 2600; x_wconf 88' lang='lat' dir='ltr'><strong>venerant</strong></span> <span class='ocrx_word' id='word_1_443' title='bbox 2554 2548 2605 2600; x_wconf 92' lang='lat' dir='ltr'><strong>iu</strong></span> <span class='ocrx_word' id='word_1_444' title='bbox 2638 2557 2965 2602; x_wconf 84' lang='lat' dir='ltr'><strong>conventum</strong></span> <span class='ocrx_word' id='word_1_445' title='bbox 3001 2551 3213 2617; x_wconf 84' lang='lat' dir='ltr'><strong>synodi,</strong></span> <span class='ocrx_word' id='word_1_446' title='bbox 3243 2551 3329 2603; x_wconf 88' lang='lat' dir='ltr'><strong>alii</strong></span> <span class='ocrx_word' id='word_1_447' title='bbox 3366 2567 3486 2603; x_wconf 85' lang='lat' dir='ltr'><strong>cum</strong></span> 
     </span>
    </p>
   </div>
   <div class='ocr_carea' id='block_1_68' title="bbox 1915 2637 3487 2706">
    <p class='ocr_par' dir='ltr' id='par_1_68' title="bbox 1915 2637 3487 2706">
     <span class='ocr_line' id='line_1_68' title="bbox 1915 2637 3487 2706; baseline 0.003 -16"><span class='ocrx_word' id='word_1_448' title='bbox 1915 2637 2211 2691; x_wconf 77' lang='lat' dir='ltr'><strong>adfuissent</strong></span> <span class='ocrx_word' id='word_1_449' title='bbox 2253 2639 2415 2691; x_wconf 84' lang='lat' dir='ltr'><strong>etiam</strong></span> <span class='ocrx_word' id='word_1_450' title='bbox 2469 2639 2701 2693; x_wconf 79' lang='lat' dir='ltr'><strong>Nestorii</strong></span> <span class='ocrx_word' id='word_1_451' title='bbox 2751 2642 3141 2706; x_wconf 66' lang='lat' dir='ltr'><strong>depoSitionem</strong></span> <span class='ocrx_word' id='word_1_452' title='bbox 3193 2643 3305 2695; x_wconf 91' lang='lat' dir='ltr'><strong>suis</strong></span> <span class='ocrx_word' id='word_1_453' title='bbox 3354 2644 3487 2696; x_wconf 86' lang='lat' dir='ltr'><strong>sub-</strong></span> 
     </span>
    </p>
   </div>
   <div class='ocr_carea' id='block_1_69' title="bbox 1916 2729 3482 2801">
    <p class='ocr_par' dir='ltr' id='par_1_69' title="bbox 1916 2729 3482 2801">
     <span class='ocr_line' id='line_1_69' title="bbox 1916 2729 3482 2801; baseline 0.003 -20"><span class='ocrx_word' id='word_1_454' title='bbox 1916 2729 2301 2797; x_wconf 77' lang='lat' dir='ltr'><strong>scriptionibus</strong></span> <span class='ocrx_word' id='word_1_455' title='bbox 2332 2730 2737 2786; x_wconf 80' lang='lat' dir='ltr'><strong>conﬁrmaraut.</strong></span> <span class='ocrx_word' id='word_1_456' title='bbox 2773 2731 2916 2798; x_wconf 84' lang='lat' dir='ltr'><strong>Quos</strong></span> <span class='ocrx_word' id='word_1_457' title='bbox 2947 2734 3162 2800; x_wconf 88' lang='lat' dir='ltr'><strong>quidem</strong></span> <span class='ocrx_word' id='word_1_458' title='bbox 3200 2745 3482 2801; x_wconf 84' lang='lat' dir='ltr'><strong>prepterea</strong></span> 
     </span>
    </p>
   </div>
   <div class='ocr_carea' id='block_1_70' title="bbox 1926 2821 3486 2890">
    <p class='ocr_par' dir='ltr' id='par_1_70' title="bbox 1926 2821 3486 2890">
     <span class='ocr_line' id='line_1_70' title="bbox 1926 2821 3486 2890; baseline 0.003 -16"><span class='ocrx_word' id='word_1_459' title='bbox 1926 2835 2125 2883; x_wconf 87' lang='lat' dir='ltr'><strong>canon,</strong></span> <span class='ocrx_word' id='word_1_460' title='bbox 2180 2821 2321 2875; x_wconf 90' lang='lat' dir='ltr'><strong>sacri</strong></span> <span class='ocrx_word' id='word_1_461' title='bbox 2376 2823 2613 2875; x_wconf 83' lang='lat' dir='ltr'><strong>numeris</strong></span> <span class='ocrx_word' id='word_1_462' title='bbox 2659 2824 2950 2890; x_wconf 79' lang='lat' dir='ltr'><strong>dignitate,</strong></span> <span class='ocrx_word' id='word_1_463' title='bbox 3004 2824 3314 2890; x_wconf 87' lang='lat' dir='ltr'><strong>spoliandos</strong></span> <span class='ocrx_word' id='word_1_464' title='bbox 3365 2841 3486 2879; x_wconf 83' lang='lat' dir='ltr'><strong>esse</strong></span> 
     </span>
    </p>
   </div>
   <div class='ocr_carea' id='block_1_71' title="bbox 1917 2912 3486 2983">
    <p class='ocr_par' dir='ltr' id='par_1_71' title="bbox 1917 2912 3486 2983">
     <span class='ocr_line' id='line_1_71' title="bbox 1917 2912 3486 2983; baseline 0.003 -18"><span class='ocrx_word' id='word_1_465' title='bbox 1917 2912 2181 2978; x_wconf 81' lang='lat' dir='ltr'><strong>decernit,</strong></span> <span class='ocrx_word' id='word_1_466' title='bbox 2210 2913 2351 2981; x_wconf 81' lang='lat' dir='ltr'><strong>quod</strong></span> <span class='ocrx_word' id='word_1_467' title='bbox 2381 2916 2445 2967; x_wconf 89' lang='lat' dir='ltr'><strong>de</strong></span> <span class='ocrx_word' id='word_1_468' title='bbox 2470 2913 2738 2981; x_wconf 87' lang='lat' dir='ltr'><strong>episcopis</strong></span> <span class='ocrx_word' id='word_1_469' title='bbox 2769 2915 3167 2983; x_wconf 78' lang='lat' dir='ltr'><strong>intelligendum</strong></span> <span class='ocrx_word' id='word_1_470' title='bbox 3201 2925 3283 2968; x_wconf 89' lang='lat' dir='ltr'><strong>est</strong></span> <span class='ocrx_word' id='word_1_471' title='bbox 3316 2935 3327 2968; x_wconf 90' lang='lat'><strong>:</strong></span> <span class='ocrx_word' id='word_1_472' title='bbox 3358 2917 3486 2970; x_wconf 69' lang='lat' dir='ltr'><strong>illud</strong></span> 
     </span>
    </p>
   </div>
   <div class='ocr_carea' id='block_1_72' title="bbox 1917 3005 3486 3071">
    <p class='ocr_par' dir='ltr' id='par_1_72' title="bbox 1917 3005 3486 3071">
     <span class='ocr_line' id='line_1_72' title="bbox 1917 3005 3486 3071; baseline 0.002 -15"><span class='ocrx_word' id='word_1_473' title='bbox 1917 3013 2118 3067; x_wconf 89' lang='lat' dir='ltr'><strong>autem,</strong></span> <span class='ocrx_word' id='word_1_474' title='bbox 2153 3005 2320 3069; x_wconf 78' lang='lat' dir='ltr'><strong>gradu</strong></span> <span class='ocrx_word' id='word_1_475' title='bbox 2351 3005 2604 3057; x_wconf 75' lang='lat' dir='ltr'><strong>excidere</strong></span> <span class='ocrx_word' id='word_1_476' title='bbox 2632 3005 2698 3058; x_wconf 90' lang='lat' dir='ltr'><strong>de</strong></span> <span class='ocrx_word' id='word_1_477' title='bbox 2731 3006 2944 3058; x_wconf 89' lang='lat' dir='ltr'><strong>clericis</strong></span> <span class='ocrx_word' id='word_1_478' title='bbox 2975 3006 3349 3071; x_wconf 86' lang='lat' dir='ltr'><strong>accipiendum</strong></span> <span class='ocrx_word' id='word_1_479' title='bbox 3386 3025 3400 3061; x_wconf 90' lang='lat'><strong>:</strong></span> <span class='ocrx_word' id='word_1_480' title='bbox 3433 3009 3486 3060; x_wconf 88' lang='lat' dir='ltr'><strong>bi</strong></span> 
     </span>
    </p>
   </div>
   <div class='ocr_carea' id='block_1_73' title="bbox 1917 3094 3486 3163">
    <p class='ocr_par' dir='ltr' id='par_1_73' title="bbox 1917 3094 3486 3163">
     <span class='ocr_line' id='line_1_73' title="bbox 1917 3094 3486 3163; baseline 0.001 -17"><span class='ocrx_word' id='word_1_481' title='bbox 1917 3094 2060 3147; x_wconf 83' lang='lat' dir='ltr'><strong>enim</strong></span> <span class='ocrx_word' id='word_1_482' title='bbox 2109 3096 2207 3148; x_wconf 92' lang='lat' dir='ltr'><strong>sub</strong></span> <span class='ocrx_word' id='word_1_483' title='bbox 2248 3096 2508 3163; x_wconf 80' lang='lat' dir='ltr'><strong>gradibus</strong></span> <span class='ocrx_word' id='word_1_484' title='bbox 2554 3096 2924 3148; x_wconf 84' lang='lat' dir='ltr'><strong>continentur.</strong></span> <span class='ocrx_word' id='word_1_485' title='bbox 2978 3097 3298 3149; x_wconf 69' lang='lat' dir='ltr'><strong>Sacerdotes</strong></span> <span class='ocrx_word' id='word_1_486' title='bbox 3342 3098 3486 3150; x_wconf 87' lang='lat' dir='ltr'><strong>enim</strong></span> 
     </span>
    </p>
   </div>
   <div class='ocr_carea' id='block_1_74' title="bbox 1917 3188 3485 3256">
    <p class='ocr_par' dir='ltr' id='par_1_74' title="bbox 1917 3188 3485 3256">
     <span class='ocr_line' id='line_1_74' title="bbox 1917 3188 3485 3256; baseline 0.005 -21"><span class='ocrx_word' id='word_1_487' title='bbox 1917 3188 2176 3254; x_wconf 84' lang='lat' dir='ltr'><strong>majorem</strong></span> <span class='ocrx_word' id='word_1_488' title='bbox 2226 3188 2448 3256; x_wconf 74' lang='lat' dir='ltr'><strong>gradum</strong></span> <span class='ocrx_word' id='word_1_489' title='bbox 2501 3188 2615 3240; x_wconf 86' lang='lat' dir='ltr'><strong>sive</strong></span> <span class='ocrx_word' id='word_1_490' title='bbox 2659 3188 2998 3253; x_wconf 83' lang='lat' dir='ltr'><strong>dignitatem,</strong></span> <span class='ocrx_word' id='word_1_491' title='bbox 3054 3188 3261 3241; x_wconf 86' lang='lat' dir='ltr'><strong>diaconi</strong></span> <span class='ocrx_word' id='word_1_492' title='bbox 3307 3201 3485 3242; x_wconf 88' lang='lat' dir='ltr'><strong>autem</strong></span> 
     </span>
    </p>
   </div>
   <div class='ocr_carea' id='block_1_75' title="bbox 1916 3278 3203 3346">
    <p class='ocr_par' dir='ltr' id='par_1_75' title="bbox 1916 3278 3203 3346">
     <span class='ocr_line' id='line_1_75' title="bbox 1916 3278 3203 3346; baseline 0.003 -15"><span class='ocrx_word' id='word_1_493' title='bbox 1916 3280 2201 3344; x_wconf 88' lang='lat' dir='ltr'><strong>minorem,</strong></span> <span class='ocrx_word' id='word_1_494' title='bbox 2234 3287 2287 3332; x_wconf 84' lang='lat' dir='ltr'><strong>et</strong></span> <span class='ocrx_word' id='word_1_495' title='bbox 2311 3279 2387 3332; x_wconf 92' lang='lat' dir='ltr'><strong>sic</strong></span> <span class='ocrx_word' id='word_1_496' title='bbox 2416 3279 2668 3346; x_wconf 49' lang='lat' dir='ltr'><strong>deinceps</strong></span> <span class='ocrx_word' id='word_1_497' title='bbox 2704 3278 2897 3345; x_wconf 79' lang='lat' dir='ltr'><strong>reliqui</strong></span> <span class='ocrx_word' id='word_1_498' title='bbox 2936 3278 3203 3336; x_wconf 83' lang='lat' dir='ltr'><strong>obtinent.</strong></span> 
     </span>
    </p>
   </div>
   <div class='ocr_carea' id='block_1_76' title="bbox 1909 3454 3485 3525">
    <p class='ocr_par' dir='ltr' id='par_1_76' title="bbox 1909 3454 3485 3525">
     <span class='ocr_line' id='line_1_76' title="bbox 1909 3454 3485 3525; baseline -0.002 -14"><span class='ocrx_word' id='word_1_499' title='bbox 1909 3455 2138 3511; x_wconf 66' lang='lat' dir='ltr'><strong>AlilS’l‘.</strong></span> <span class='ocrx_word' id='word_1_500' title='bbox 2182 3455 2247 3509; x_wconf 79' lang='lat' dir='ltr'><strong>Et</strong></span> <span class='ocrx_word' id='word_1_501' title='bbox 2274 3455 2564 3525; x_wconf 81' lang='lat' dir='ltr'><strong>quicunque</strong></span> <span class='ocrx_word' id='word_1_502' title='bbox 2593 3455 2861 3521; x_wconf 79' lang='lat' dir='ltr'><strong>episcopus</strong></span> <span class='ocrx_word' id='word_1_503' title='bbox 2890 3454 3136 3508; x_wconf 78' lang='lat' dir='ltr'><strong>Nestorio</strong></span> <span class='ocrx_word' id='word_1_504' title='bbox 3171 3456 3485 3522; x_wconf 75' lang='lat' dir='ltr'><strong>assentitur,</strong></span> 
     </span>
    </p>
   </div>
   <div class='ocr_carea' id='block_1_77' title="bbox 2368 3549 2993 3617">
    <p class='ocr_par' dir='ltr' id='par_1_77' title="bbox 2368 3549 2993 3617">
     <span class='ocr_line' id='line_1_77' title="bbox 2368 3549 2993 3617; baseline 0.006 -21"><span class='ocrx_word' id='word_1_505' title='bbox 2368 3551 2622 3617; x_wconf 72' lang='lat' dir='ltr'><strong>fovetque,</strong></span> <span class='ocrx_word' id='word_1_506' title='bbox 2652 3549 2993 3600; x_wconf 78' lang='lat' dir='ltr'><strong>abdicandus.</strong></span> 
     </span>
    </p>
   </div>
   <div class='ocr_carea' id='block_1_78' title="bbox 2405 3637 2933 3707">
    <p class='ocr_par' dir='ltr' id='par_1_78' title="bbox 2405 3637 2933 3707">
     <span class='ocr_line' id='line_1_78' title="bbox 2405 3637 2933 3707; baseline -0.002 -14"><span class='ocrx_word' id='word_1_507' title='bbox 2405 3640 2556 3707; x_wconf 83' lang='lat'><strong>101</strong></span> <span class='ocrx_word' id='word_1_508' title='bbox 2596 3637 2822 3692; x_wconf 78' lang='lat' dir='ltr'><strong>CANON</strong></span> <span class='ocrx_word' id='word_1_509' title='bbox 2851 3639 2933 3692; x_wconf 89' lang='grc' dir='ltr'>ιιι.</span> 
     </span>
    </p>
   </div>
   <div class='ocr_carea' id='block_1_79' title="bbox 1909 3729 3492 3800">
    <p class='ocr_par' dir='ltr' id='par_1_79' title="bbox 1909 3729 3492 3800">
     <span class='ocr_line' id='line_1_79' title="bbox 1909 3729 3492 3800; baseline -0.001 -15"><span class='ocrx_word' id='word_1_510' title='bbox 1909 3729 1968 3786; x_wconf 91' lang='lat' dir='ltr'><strong>Si</strong></span> <span class='ocrx_word' id='word_1_511' title='bbox 1995 3730 2084 3800; x_wconf 87' lang='lat' dir='ltr'><strong>qui</strong></span> <span class='ocrx_word' id='word_1_512' title='bbox 2127 3739 2298 3783; x_wconf 79' lang='lat' dir='ltr'><strong>autem</strong></span> <span class='ocrx_word' id='word_1_513' title='bbox 2340 3731 2395 3783; x_wconf 91' lang='lat' dir='ltr'><strong>in</strong></span> <span class='ocrx_word' id='word_1_514' title='bbox 2431 3747 2737 3800; x_wconf 83' lang='lat' dir='ltr'><strong>unaquaque</strong></span> <span class='ocrx_word' id='word_1_515' title='bbox 2773 3731 2916 3793; x_wconf 82' lang='lat' dir='ltr'><strong>urbe,</strong></span> <span class='ocrx_word' id='word_1_516' title='bbox 2959 3734 3039 3784; x_wconf 81' lang='lat' dir='ltr'><strong>vel</strong></span> <span class='ocrx_word' id='word_1_517' title='bbox 3081 3733 3285 3800; x_wconf 82' lang='lat' dir='ltr'><strong>regione</strong></span> <span class='ocrx_word' id='word_1_518' title='bbox 3318 3731 3492 3785; x_wconf 73' lang='lat' dir='ltr'><strong>clerici</strong></span> 
     </span>
    </p>
   </div>
   <div class='ocr_carea' id='block_1_80' title="bbox 1981 3821 3490 3889">
    <p class='ocr_par' dir='ltr' id='par_1_80' title="bbox 1981 3821 3490 3889">
     <span class='ocr_line' id='line_1_80' title="bbox 1981 3821 3490 3889; baseline -0.001 -15"><span class='ocrx_word' id='word_1_519' title='bbox 1981 3822 2074 3875; x_wconf 78' lang='lat' dir='ltr'><strong>sub</strong></span> <span class='ocrx_word' id='word_1_520' title='bbox 2109 3821 2358 3875; x_wconf 77' lang='lat' dir='ltr'><strong>Nestorio</strong></span> <span class='ocrx_word' id='word_1_521' title='bbox 2409 3831 2457 3874; x_wconf 80' lang='lat' dir='ltr'><strong>et</strong></span> <span class='ocrx_word' id='word_1_522' title='bbox 2501 3823 2565 3874; x_wconf 81' lang='lat' dir='ltr'><strong>iis</strong></span> <span class='ocrx_word' id='word_1_523' title='bbox 2605 3823 2691 3889; x_wconf 89' lang='lat' dir='ltr'><strong>qui</strong></span> <span class='ocrx_word' id='word_1_524' title='bbox 2722 3838 2836 3872; x_wconf 85' lang='lat' dir='ltr'><strong>cum</strong></span> <span class='ocrx_word' id='word_1_525' title='bbox 2881 3823 3009 3888; x_wconf 77' lang='lat' dir='ltr'><strong>ipso,</strong></span> <span class='ocrx_word' id='word_1_526' title='bbox 3048 3823 3336 3872; x_wconf 65' lang='lat' dir='ltr'><strong>sacerdotio</strong></span> <span class='ocrx_word' id='word_1_527' title='bbox 3368 3833 3490 3874; x_wconf 80' lang='lat' dir='ltr'><strong>sunt</strong></span> 
     </span>
    </p>
   </div>
   <div class='ocr_carea' id='block_1_81' title="bbox 1980 3913 3491 3981">
    <p class='ocr_par' dir='ltr' id='par_1_81' title="bbox 1980 3913 3491 3981">
     <span class='ocr_line' id='line_1_81' title="bbox 1980 3913 3491 3981; baseline -0.003 -14"><span class='ocrx_word' id='word_1_528' title='bbox 1980 3915 2270 3973; x_wconf 76' lang='lat' dir='ltr'><strong>interdicti,</strong></span> <span class='ocrx_word' id='word_1_529' title='bbox 2312 3930 2369 3966; x_wconf 86' lang='lat' dir='ltr'><strong>eo</strong></span> <span class='ocrx_word' id='word_1_530' title='bbox 2416 3913 2554 3981; x_wconf 85' lang='lat' dir='ltr'><strong>quod</strong></span> <span class='ocrx_word' id='word_1_531' title='bbox 2601 3924 2740 3965; x_wconf 84' lang='lat' dir='ltr'><strong>recte</strong></span> <span class='ocrx_word' id='word_1_532' title='bbox 2791 3913 3042 3974; x_wconf 74' lang='lat' dir='ltr'><strong>sentiant,</strong></span> <span class='ocrx_word' id='word_1_533' title='bbox 3097 3923 3148 3962; x_wconf 81' lang='lat' dir='ltr'><strong>ut</strong></span> <span class='ocrx_word' id='word_1_534' title='bbox 3202 3913 3242 3965; x_wconf 91' lang='lat' dir='ltr'><strong>ii</strong></span> <span class='ocrx_word' id='word_1_535' title='bbox 3291 3928 3491 3980; x_wconf 86' lang='lat' dir='ltr'><strong>quoque</strong></span> 
     </span>
    </p>
   </div>
   <div class='ocr_carea' id='block_1_82' title="bbox 1981 4003 3488 4073">
    <p class='ocr_par' dir='ltr' id='par_1_82' title="bbox 1981 4003 3488 4073">
     <span class='ocr_line' id='line_1_82' title="bbox 1981 4003 3488 4073; baseline -0.003 -16"><span class='ocrx_word' id='word_1_536' title='bbox 1981 4007 2247 4073; x_wconf 84' lang='lat' dir='ltr'><strong>praprium</strong></span> <span class='ocrx_word' id='word_1_537' title='bbox 2298 4006 2520 4073; x_wconf 82' lang='lat' dir='ltr'><strong>gradum</strong></span> <span class='ocrx_word' id='word_1_538' title='bbox 2577 4003 2850 4068; x_wconf 81' lang='lat' dir='ltr'><strong>recipiant,</strong></span> <span class='ocrx_word' id='word_1_539' title='bbox 2895 4003 3099 4070; x_wconf 82' lang='lat' dir='ltr'><strong>justum</strong></span> <span class='ocrx_word' id='word_1_540' title='bbox 3161 4003 3488 4054; x_wconf 75' lang='lat' dir='ltr'><strong>censuimus.</strong></span> 
     </span>
    </p>
   </div>
   <div class='ocr_carea' id='block_1_83' title="bbox 1981 4099 3490 4164">
    <p class='ocr_par' dir='ltr' id='par_1_83' title="bbox 1981 4099 3490 4164">
     <span class='ocr_line' id='line_1_83' title="bbox 1981 4099 3490 4164; baseline -0.003 -10"><span class='ocrx_word' id='word_1_541' title='bbox 1981 4099 2342 4154; x_wconf 83' lang='lat' dir='ltr'><strong>Commuuiler</strong></span> <span class='ocrx_word' id='word_1_542' title='bbox 2363 4110 2537 4152; x_wconf 78' lang='lat' dir='ltr'><strong>autem</strong></span> <span class='ocrx_word' id='word_1_543' title='bbox 2565 4099 2822 4159; x_wconf 75' lang='lat' dir='ltr'><strong>omnibus,</strong></span> <span class='ocrx_word' id='word_1_544' title='bbox 2856 4101 2946 4164; x_wconf 88' lang='lat' dir='ltr'><strong>qui</strong></span> <span class='ocrx_word' id='word_1_545' title='bbox 2977 4114 3090 4150; x_wconf 89' lang='lat' dir='ltr'><strong>cum</strong></span> <span class='ocrx_word' id='word_1_546' title='bbox 3120 4099 3409 4151; x_wconf 73' lang='lat' dir='ltr'><strong>orthodoxa</strong></span> <span class='ocrx_word' id='word_1_547' title='bbox 3443 4106 3490 4149; x_wconf 79' lang='lat' dir='ltr'><strong>et</strong></span> 
     </span>
    </p>
   </div>
   <div class='ocr_carea' id='block_1_84' title="bbox 1981 4189 3491 4264">
    <p class='ocr_par' dir='ltr' id='par_1_84' title="bbox 1981 4189 3491 4264">
     <span class='ocr_line' id='line_1_84' title="bbox 1981 4189 3491 4264; baseline -0.003 -17"><span class='ocrx_word' id='word_1_548' title='bbox 1981 4192 2263 4247; x_wconf 81' lang='lat' dir='ltr'><strong>universali</strong></span> <span class='ocrx_word' id='word_1_549' title='bbox 2281 4193 2477 4264; x_wconf 75' lang='lat' dir='ltr'><strong>synodo</strong></span> <span class='ocrx_word' id='word_1_550' title='bbox 2507 4191 2854 4252; x_wconf 80' lang='lat' dir='ltr'><strong>consentiunt,</strong></span> <span class='ocrx_word' id='word_1_551' title='bbox 2881 4191 3080 4242; x_wconf 80' lang='lat' dir='ltr'><strong>clericis</strong></span> <span class='ocrx_word' id='word_1_552' title='bbox 3105 4189 3373 4256; x_wconf 78' lang='lat' dir='ltr'><strong>jubemus,</strong></span> <span class='ocrx_word' id='word_1_553' title='bbox 3403 4189 3491 4252; x_wconf 73' lang='lat' dir='ltr'><strong>iis,</strong></span> 
     </span>
    </p>
   </div>
   <div class='ocr_carea' id='block_1_85' title="bbox 1981 4280 3489 4355">
    <p class='ocr_par' dir='ltr' id='par_1_85' title="bbox 1981 4280 3489 4355">
     <span class='ocr_line' id='line_1_85' title="bbox 1981 4280 3489 4355; baseline -0.005 -16"><span class='ocrx_word' id='word_1_554' title='bbox 1981 4287 2071 4355; x_wconf 88' lang='lat' dir='ltr'><strong>qui</strong></span> <span class='ocrx_word' id='word_1_555' title='bbox 2098 4286 2419 4339; x_wconf 77' lang='lat' dir='ltr'><strong>desciverunt</strong></span> <span class='ocrx_word' id='word_1_556' title='bbox 2454 4283 2528 4336; x_wconf 76' lang='lat' dir='ltr'><strong>vel</strong></span> <span class='ocrx_word' id='word_1_557' title='bbox 2560 4283 2857 4336; x_wconf 71' lang='lat' dir='ltr'><strong>desciscunt</strong></span> <span class='ocrx_word' id='word_1_558' title='bbox 2887 4319 2902 4344; x_wconf 94' lang='lat'><strong>,</strong></span> <span class='ocrx_word' id='word_1_559' title='bbox 2942 4281 3197 4349; x_wconf 79' lang='lat' dir='ltr'><strong>episcopis</strong></span> <span class='ocrx_word' id='word_1_560' title='bbox 3231 4280 3373 4332; x_wconf 83' lang='lat' dir='ltr'><strong>nullo</strong></span> <span class='ocrx_word' id='word_1_561' title='bbox 3399 4296 3489 4347; x_wconf 82' lang='lat' dir='ltr'><strong>pe-</strong></span> 
     </span>
    </p>
   </div>
   <div class='ocr_carea' id='block_1_86' title="bbox 1977 4375 2564 4441">
    <p class='ocr_par' dir='ltr' id='par_1_86' title="bbox 1977 4375 2564 4441">
     <span class='ocr_line' id='line_1_86' title="bbox 1977 4375 2564 4441; baseline -0.002 -11"><span class='ocrx_word' id='word_1_562' title='bbox 1977 4379 2117 4431; x_wconf 75' lang='lat' dir='ltr'><strong>nitus</strong></span> <span class='ocrx_word' id='word_1_563' title='bbox 2159 4378 2311 4428; x_wconf 84' lang='lat' dir='ltr'><strong>modo</strong></span> <span class='ocrx_word' id='word_1_564' title='bbox 2351 4375 2564 4441; x_wconf 74' lang='lat' dir='ltr'><strong>subjici.</strong></span> 
     </span>
    </p>
   </div>
   <div class='ocr_carea' id='block_1_87' title="bbox 300 4551 1882 4627">
    <p class='ocr_par' dir='ltr' id='par_1_87' title="bbox 300 4553 1882 4627">
     <span class='ocr_line' id='line_1_87' title="bbox 300 4553 1882 4627; baseline -0.008 -9"><span class='ocrx_word' id='word_1_565' title='bbox 300 4563 499 4618; x_wconf 73' lang='grc' dir='ltr'><strong>ΒΑΛΣ.</strong></span> <span class='ocrx_word' id='word_1_566' title='bbox 535 4562 656 4614; x_wconf 83' lang='grc' dir='ltr'><strong>Τῶν</strong></span> <span class='ocrx_word' id='word_1_567' title='bbox 715 4560 939 4612; x_wconf 78' lang='grc' dir='ltr'>εἰκότων</span> <span class='ocrx_word' id='word_1_568' title='bbox 983 4553 1052 4627; x_wconf 78' lang='grc' dir='ltr'>ἦν</span> <span class='ocrx_word' id='word_1_569' title='bbox 1090 4573 1245 4618; x_wconf 84' lang='grc' dir='ltr'>τινας</span> <span class='ocrx_word' id='word_1_570' title='bbox 1297 4555 1600 4625; x_wconf 75' lang='grc' dir='ltr'>κληρικοὺς</span> <span class='ocrx_word' id='word_1_571' title='bbox 1651 4554 1808 4623; x_wconf 67' lang='grc' dir='ltr'>ὄρθου</span> <span class='ocrx_word' id='word_1_572' title='bbox 1839 4565 1882 4621; x_wconf 77' lang='grc' dir='ltr'><strong>ι)</strong></span> 
     </span>
    </p>
   </div>
   <div class='ocr_carea' id='block_1_88' title="bbox 1891 4551 3484 4627">
    <p class='ocr_par' dir='ltr' id='par_1_88' title="bbox 1984 4551 3484 4620">
     <span class='ocr_line' id='line_1_88' title="bbox 1984 4551 3484 4620; baseline -0.004 -12"><span class='ocrx_word' id='word_1_573' title='bbox 1984 4551 2179 4608; x_wconf 81' lang='lat' dir='ltr'><strong>BALS.</strong></span> <span class='ocrx_word' id='word_1_574' title='bbox 2214 4552 2307 4605; x_wconf 69' lang='lat' dir='ltr'><strong>Est</strong></span> <span class='ocrx_word' id='word_1_575' title='bbox 2336 4551 2634 4606; x_wconf 86' lang='lat' dir='ltr'><strong>verisimile</strong></span> <span class='ocrx_word' id='word_1_576' title='bbox 2659 4551 2866 4620; x_wconf 90' lang='lat' dir='ltr'><strong>aliquos</strong></span> <span class='ocrx_word' id='word_1_577' title='bbox 2900 4553 3125 4608; x_wconf 81' lang='lat' dir='ltr'><strong>clericos</strong></span> <span class='ocrx_word' id='word_1_578' title='bbox 3156 4551 3484 4604; x_wconf 66' lang='lat' dir='ltr'><strong>orthodoxo:</strong></span> 
     </span>
    </p>
   </div>
   <div class='ocr_carea' id='block_1_89' title="bbox 221 4645 1810 4724">
    <p class='ocr_par' dir='ltr' id='par_1_89' title="bbox 221 4645 1810 4724">
     <span class='ocr_line' id='line_1_89' title="bbox 221 4645 1810 4724; baseline -0.008 -13"><span class='ocrx_word' id='word_1_579' title='bbox 221 4658 415 4723; x_wconf 79' lang='grc' dir='ltr'>δόξους</span> <span class='ocrx_word' id='word_1_580' title='bbox 470 4653 545 4724; x_wconf 77' lang='grc' dir='ltr'><strong>μὴ</strong></span> <span class='ocrx_word' id='word_1_581' title='bbox 597 4653 870 4724; x_wconf 81' lang='grc' dir='ltr'>φρονῆσαι</span> <span class='ocrx_word' id='word_1_582' title='bbox 918 4650 988 4703; x_wconf 73' lang='grc' dir='ltr'><strong>τὰ</strong></span> <span class='ocrx_word' id='word_1_583' title='bbox 1032 4648 1127 4702; x_wconf 87' lang='grc' dir='ltr'><strong>τοῦ</strong></span> <span class='ocrx_word' id='word_1_584' title='bbox 1180 4647 1481 4716; x_wconf 85' lang='grc' dir='ltr'>Νεστορίου</span> <span class='ocrx_word' id='word_1_585' title='bbox 1531 4647 1564 4717; x_wconf 82' lang='grc' dir='ltr'><strong>ἢ</strong></span> <span class='ocrx_word' id='word_1_586' title='bbox 1602 4646 1669 4699; x_wconf 81' lang='grc' dir='ltr'>τὰ</span> <span class='ocrx_word' id='word_1_587' title='bbox 1700 4645 1810 4698; x_wconf 82' lang='grc' dir='ltr'>τῶν</span> 
     </span>
    </p>
   </div>
   <div class='ocr_carea' id='block_1_90' title="bbox 224 4740 1810 4820">
    <p class='ocr_par' dir='ltr' id='par_1_90' title="bbox 224 4740 1810 4820">
     <span class='ocr_line' id='line_1_90' title="bbox 224 4740 1810 4820; baseline -0.009 -14"><span class='ocrx_word' id='word_1_588' title='bbox 224 4749 741 4820; x_wconf 79' lang='grc' dir='ltr'>συμφρονησάντων</span> <span class='ocrx_word' id='word_1_589' title='bbox 797 4743 950 4811; x_wconf 79' lang='grc' dir='ltr'>αὐτῷ</span> <span class='ocrx_word' id='word_1_590' title='bbox 984 4742 1330 4806; x_wconf 80' lang='grc' dir='ltr'>ἐπισκόπων,</span> <span class='ocrx_word' id='word_1_591' title='bbox 1360 4741 1457 4794; x_wconf 80' lang='grc' dir='ltr'>καὶ</span> <span class='ocrx_word' id='word_1_592' title='bbox 1511 4740 1601 4792; x_wconf 85' lang='grc' dir='ltr'><strong>διά</strong></span> <span class='ocrx_word' id='word_1_593' title='bbox 1649 4741 1810 4792; x_wconf 89' lang='grc' dir='ltr'>τοῦτο</span> 
     </span>
    </p>
   </div>
   <div class='ocr_carea' id='block_1_91' title="bbox 224 4830 1810 4912">
    <p class='ocr_par' dir='ltr' id='par_1_91' title="bbox 224 4830 1810 4912">
     <span class='ocr_line' id='line_1_91' title="bbox 224 4830 1810 4912; baseline -0.009 -13"><span class='ocrx_word' id='word_1_594' title='bbox 224 4842 628 4912; x_wconf 70' lang='grc' dir='ltr'>ἀφορισθῆναι.</span> <span class='ocrx_word' id='word_1_595' title='bbox 667 4838 1140 4906; x_wconf 81' lang='grc' dir='ltr'>Ἀποκαθίστησιν</span> <span class='ocrx_word' id='word_1_596' title='bbox 1172 4830 1265 4887; x_wconf 85' lang='grc' dir='ltr'><strong>οῦν</strong></span> <span class='ocrx_word' id='word_1_597' title='bbox 1311 4835 1338 4884; x_wconf 86' lang='grc' dir='ltr'><em>ὁ</em></span> <span class='ocrx_word' id='word_1_598' title='bbox 1372 4833 1556 4886; x_wconf 85' lang='grc' dir='ltr'>κανὼν</span> <span class='ocrx_word' id='word_1_599' title='bbox 1585 4832 1810 4895; x_wconf 88' lang='grc' dir='ltr'>τούτους</span> 
     </span>
    </p>
   </div>
   <div class='ocr_carea' id='block_1_92' title="bbox 225 4926 1811 5000">
    <p class='ocr_par' dir='ltr' id='par_1_92' title="bbox 225 4926 1811 5000">
     <span class='ocr_line' id='line_1_92' title="bbox 225 4926 1811 5000; baseline -0.006 -12"><span class='ocrx_word' id='word_1_600' title='bbox 225 4937 310 4998; x_wconf 79' lang='grc' dir='ltr'><strong>εἰς</strong></span> <span class='ocrx_word' id='word_1_601' title='bbox 338 4935 466 4996; x_wconf 80' lang='grc' dir='ltr'>τοὺς</span> <span class='ocrx_word' id='word_1_602' title='bbox 495 4933 731 4994; x_wconf 87' lang='grc' dir='ltr'>οἰκείους</span> <span class='ocrx_word' id='word_1_603' title='bbox 767 4931 1030 5000; x_wconf 72' lang='grc' dir='ltr'>βαθμοὺς,</span> <span class='ocrx_word' id='word_1_604' title='bbox 1067 4928 1437 4998; x_wconf 76' lang='grc' dir='ltr'>προσεπάγων</span> <span class='ocrx_word' id='word_1_605' title='bbox 1490 4926 1565 4996; x_wconf 79' lang='grc' dir='ltr'>μὴ</span> <span class='ocrx_word' id='word_1_606' title='bbox 1617 4927 1811 4996; x_wconf 73' lang='grc' dir='ltr'>μόνους</span> 
     </span>
    </p>
   </div>
   <div class='ocr_carea' id='block_1_93' title="bbox 225 5019 1811 5093">
    <p class='ocr_par' dir='ltr' id='par_1_93' title="bbox 225 5019 1811 5093">
     <span class='ocr_line' id='line_1_93' title="bbox 225 5019 1811 5093; baseline -0.004 -15"><span class='ocrx_word' id='word_1_607' title='bbox 225 5027 435 5087; x_wconf 76' lang='grc' dir='ltr'>αὐτοὺς</span> <span class='ocrx_word' id='word_1_608' title='bbox 490 5023 636 5093; x_wconf 73' lang='grc' dir='ltr'>εχειν</span> <span class='ocrx_word' id='word_1_609' title='bbox 687 5023 814 5084; x_wconf 79' lang='grc' dir='ltr'>τοὺς</span> <span class='ocrx_word' id='word_1_610' title='bbox 875 5020 1080 5081; x_wconf 85' lang='grc' dir='ltr'>οἰκείας</span> <span class='ocrx_word' id='word_1_611' title='bbox 1129 5019 1458 5087; x_wconf 86' lang='grc' dir='ltr'>ἐπιτιμίας,</span> <span class='ocrx_word' id='word_1_612' title='bbox 1517 5019 1654 5072; x_wconf 85' lang='grc' dir='ltr'><strong>ἀλλά</strong></span> <span class='ocrx_word' id='word_1_613' title='bbox 1713 5019 1811 5071; x_wconf 79' lang='grc' dir='ltr'>καὶ</span> 
     </span>
    </p>
   </div>
   <div class='ocr_carea' id='block_1_94' title="bbox 227 5107 1811 5181">
    <p class='ocr_par' dir='ltr' id='par_1_94' title="bbox 227 5107 1811 5181">
     <span class='ocr_line' id='line_1_94' title="bbox 227 5107 1811 5181; baseline -0.008 -12"><span class='ocrx_word' id='word_1_614' title='bbox 227 5117 447 5176; x_wconf 69' lang='grc' dir='ltr'>πάντας</span> <span class='ocrx_word' id='word_1_615' title='bbox 494 5114 622 5176; x_wconf 85' lang='grc' dir='ltr'>τοὺς</span> <span class='ocrx_word' id='word_1_616' title='bbox 671 5112 973 5181; x_wconf 74' lang='grc' dir='ltr'>κληρικοὺς</span> <span class='ocrx_word' id='word_1_617' title='bbox 1018 5109 1127 5162; x_wconf 86' lang='grc' dir='ltr'>τῶν</span> <span class='ocrx_word' id='word_1_618' title='bbox 1169 5108 1431 5161; x_wconf 85' lang='grc' dir='ltr'>τοιούτων</span> <span class='ocrx_word' id='word_1_619' title='bbox 1488 5107 1811 5159; x_wconf 83' lang='grc' dir='ltr'>ἐπισκόπων</span> 
     </span>
    </p>
   </div>
   <div class='ocr_carea' id='block_1_95' title="bbox 230 5200 1809 5276">
    <p class='ocr_par' dir='ltr' id='par_1_95' title="bbox 230 5200 1809 5276">
     <span class='ocr_line' id='line_1_95' title="bbox 230 5200 1809 5276; baseline -0.008 -15"><span class='ocrx_word' id='word_1_620' title='bbox 230 5207 358 5276; x_wconf 81' lang='grc' dir='ltr'>μηδ’</span> <span class='ocrx_word' id='word_1_621' title='bbox 414 5206 552 5268; x_wconf 82' lang='grc' dir='ltr'>ὅλως</span> <span class='ocrx_word' id='word_1_622' title='bbox 593 5202 923 5256; x_wconf 83' lang='grc' dir='ltr'>ὑποκεῖσθαι</span> <span class='ocrx_word' id='word_1_623' title='bbox 971 5201 1157 5262; x_wconf 78' lang='grc' dir='ltr'>αὐτοῖς</span> <span class='ocrx_word' id='word_1_624' title='bbox 1213 5200 1290 5262; x_wconf 82' lang='grc' dir='ltr'>ὡς</span> <span class='ocrx_word' id='word_1_625' title='bbox 1340 5200 1809 5268; x_wconf 84' lang='grc' dir='ltr'>ἀποστατήσασιν.</span> 
     </span>
    </p>
   </div>
   <div class='ocr_carea' id='block_1_96' title="bbox 301 5293 1810 5368">
    <p class='ocr_par' dir='ltr' id='par_1_96' title="bbox 301 5293 1810 5368">
     <span class='ocr_line' id='line_1_96' title="bbox 301 5293 1810 5368; baseline -0.006 -16"><span class='ocrx_word' id='word_1_626' title='bbox 301 5297 546 5352; x_wconf 77' lang='grc' dir='ltr'><strong>ΖΩΝΔΡ.</strong></span> <span class='ocrx_word' id='word_1_627' title='bbox 586 5295 947 5368; x_wconf 81' lang='grc' dir='ltr'>Πατριάρχης</span> <span class='ocrx_word' id='word_1_628' title='bbox 977 5295 1075 5358; x_wconf 83' lang='grc' dir='ltr'><strong>ὢν,</strong></span> <span class='ocrx_word' id='word_1_629' title='bbox 1119 5294 1195 5358; x_wconf 82' lang='grc' dir='ltr'>ὡς</span> <span class='ocrx_word' id='word_1_630' title='bbox 1224 5294 1464 5363; x_wconf 75' lang='grc' dir='ltr'>εἴρηται,</span> <span class='ocrx_word' id='word_1_631' title='bbox 1513 5293 1810 5344; x_wconf 83' lang='grc' dir='ltr'>Κώνσταν-</span> 
     </span>
    </p>
   </div>
   <div class='ocr_carea' id='block_1_97' title="bbox 227 5384 1810 5457">
    <p class='ocr_par' dir='ltr' id='par_1_97' title="bbox 227 5384 1810 5457">
     <span class='ocr_line' id='line_1_97' title="bbox 227 5384 1810 5457; baseline -0.006 -12"><span class='ocrx_word' id='word_1_632' title='bbox 227 5388 600 5450; x_wconf 83' lang='grc' dir='ltr'>τινουπόλεως</span> <span class='ocrx_word' id='word_1_633' title='bbox 628 5390 656 5440; x_wconf 89' lang='grc' dir='ltr'>ὁ</span> <span class='ocrx_word' id='word_1_634' title='bbox 683 5387 1002 5456; x_wconf 82' lang='grc' dir='ltr'>Νεστόριος,</span> <span class='ocrx_word' id='word_1_635' title='bbox 1033 5385 1281 5457; x_wconf 81' lang='grc' dir='ltr'>ἀφώρισέ</span> <span class='ocrx_word' id='word_1_636' title='bbox 1318 5400 1472 5445; x_wconf 86' lang='grc' dir='ltr'>τινας</span> <span class='ocrx_word' id='word_1_637' title='bbox 1508 5384 1810 5453; x_wconf 68' lang='grc' dir='ltr'>κληρικοῦς</span> 
     </span>
    </p>
   </div>
   <div class='ocr_carea' id='block_1_98' title="bbox 233 5473 1810 5552">
    <p class='ocr_par' dir='ltr' id='par_1_98' title="bbox 233 5473 1810 5552">
     <span class='ocr_line' id='line_1_98' title="bbox 233 5473 1810 5552; baseline -0.006 -17"><span class='ocrx_word' id='word_1_638' title='bbox 233 5485 313 5552; x_wconf 82' lang='grc' dir='ltr'>μὴ</span> <span class='ocrx_word' id='word_1_639' title='bbox 346 5478 796 5550; x_wconf 83' lang='grc' dir='ltr'>συμφρονοῦντας</span> <span class='ocrx_word' id='word_1_640' title='bbox 832 5477 1003 5549; x_wconf 75' lang='grc' dir='ltr'>αὐτῷ.</span> <span class='ocrx_word' id='word_1_641' title='bbox 1063 5478 1173 5532; x_wconf 78' lang='grc' dir='ltr'><strong>Καὶ</strong></span> <span class='ocrx_word' id='word_1_642' title='bbox 1199 5477 1256 5530; x_wconf 74' lang='grc' dir='ltr'><strong>ἐν</strong></span> <span class='ocrx_word' id='word_1_643' title='bbox 1287 5477 1473 5538; x_wconf 78' lang='grc' dir='ltr'>ἄλλαις</span> <span class='ocrx_word' id='word_1_644' title='bbox 1503 5474 1559 5527; x_wconf 77' lang='grc' dir='ltr'>δὲ</span> <span class='ocrx_word' id='word_1_645' title='bbox 1590 5473 1810 5525; x_wconf 79' lang='grc' dir='ltr'>πόλεσιν</span> 
     </span>
    </p>
   </div>
   <div class='ocr_carea' id='block_1_99' title="bbox 227 5563 1809 5642">
    <p class='ocr_par' dir='ltr' id='par_1_99' title="bbox 227 5563 1809 5642">
     <span class='ocr_line' id='line_1_99' title="bbox 227 5563 1809 5642; baseline -0.009 -13"><span class='ocrx_word' id='word_1_646' title='bbox 227 5578 278 5629; x_wconf 88' lang='grc' dir='ltr'><strong>οἰ</strong></span> <span class='ocrx_word' id='word_1_647' title='bbox 309 5571 702 5642; x_wconf 81' lang='grc' dir='ltr'>ὁμοδοξοῦντες</span> <span class='ocrx_word' id='word_1_648' title='bbox 737 5572 933 5641; x_wconf 78' lang='grc' dir='ltr'>ἐκείνῳ</span> <span class='ocrx_word' id='word_1_649' title='bbox 972 5568 1265 5624; x_wconf 82' lang='grc' dir='ltr'>ἐπίσκοποι</span> <span class='ocrx_word' id='word_1_650' title='bbox 1310 5569 1370 5621; x_wconf 74' lang='grc' dir='ltr'>τὸ</span> <span class='ocrx_word' id='word_1_651' title='bbox 1399 5567 1532 5619; x_wconf 84' lang='grc' dir='ltr'>αὒτδ</span> <span class='ocrx_word' id='word_1_652' title='bbox 1568 5563 1809 5633; x_wconf 80' lang='grc' dir='ltr'>πεποιή-</span> 
     </span>
    </p>
   </div>
   <div class='ocr_carea' id='block_1_100' title="bbox 227 5655 1811 5731">
    <p class='ocr_par' dir='ltr' id='par_1_100' title="bbox 227 5655 1811 5731">
     <span class='ocr_line' id='line_1_100' title="bbox 227 5655 1811 5731; baseline -0.008 -11"><span class='ocrx_word' id='word_1_653' title='bbox 227 5684 389 5720; x_wconf 82' lang='grc' dir='ltr'>κασι.</span> <span class='ocrx_word' id='word_1_654' title='bbox 426 5666 566 5727; x_wconf 76' lang='grc' dir='ltr'>Τοὺς</span> <span class='ocrx_word' id='word_1_655' title='bbox 593 5663 690 5717; x_wconf 84' lang='grc' dir='ltr'><strong>οῦν</strong></span> <span class='ocrx_word' id='word_1_656' title='bbox 715 5664 817 5728; x_wconf 84' lang='grc' dir='ltr'>τῆς</span> <span class='ocrx_word' id='word_1_657' title='bbox 851 5662 1158 5731; x_wconf 79' lang='grc' dir='ltr'>ἱερωσύνης</span> <span class='ocrx_word' id='word_1_658' title='bbox 1202 5658 1573 5721; x_wconf 77' lang='grc' dir='ltr'>κωλυθέντας,</span> <span class='ocrx_word' id='word_1_659' title='bbox 1616 5655 1693 5718; x_wconf 83' lang='grc' dir='ltr'>ὡς</span> <span class='ocrx_word' id='word_1_660' title='bbox 1735 5655 1811 5725; x_wconf 81' lang='grc' dir='ltr'>μὴ</span> 
     </span>
    </p>
   </div>
   <div class='ocr_carea' id='block_1_101' title="bbox 228 5747 1812 5828">
    <p class='ocr_par' dir='ltr' id='par_1_101' title="bbox 228 5747 1812 5828">
     <span class='ocr_line' id='line_1_101' title="bbox 228 5747 1812 5828; baseline -0.009 -15"><span class='ocrx_word' id='word_1_661' title='bbox 228 5757 642 5828; x_wconf 81' lang='grc' dir='ltr'>συντιθεμένοις</span> <span class='ocrx_word' id='word_1_662' title='bbox 689 5759 755 5826; x_wconf 80' lang='grc' dir='ltr'>τῇ</span> <span class='ocrx_word' id='word_1_663' title='bbox 798 5753 894 5808; x_wconf 89' lang='grc' dir='ltr'><strong>τοῦ</strong></span> <span class='ocrx_word' id='word_1_664' title='bbox 935 5753 1236 5824; x_wconf 83' lang='grc' dir='ltr'>Νεστορίου</span> <span class='ocrx_word' id='word_1_665' title='bbox 1283 5751 1378 5804; x_wconf 70' lang='grc' dir='ltr'>καὶ</span> <span class='ocrx_word' id='word_1_666' title='bbox 1427 5748 1534 5803; x_wconf 85' lang='grc' dir='ltr'><strong>τῶν</strong></span> <span class='ocrx_word' id='word_1_667' title='bbox 1567 5747 1812 5817; x_wconf 79' lang='grc' dir='ltr'>ὁμοφρό-</span> 
     </span>
    </p>
   </div>
   <div class='ocr_carea' id='block_1_102' title="bbox 226 5840 1808 5923">
    <p class='ocr_par' dir='ltr' id='par_1_102' title="bbox 226 5840 1808 5923">
     <span class='ocr_line' id='line_1_102' title="bbox 226 5840 1808 5923; baseline -0.011 -13"><span class='ocrx_word' id='word_1_668' title='bbox 226 5872 338 5911; x_wconf 84' lang='grc' dir='ltr'><strong>νων</strong></span> <span class='ocrx_word' id='word_1_669' title='bbox 395 5850 547 5923; x_wconf 79' lang='grc' dir='ltr'>αὐτῷ</span> <span class='ocrx_word' id='word_1_670' title='bbox 579 5847 888 5921; x_wconf 76' lang='grc' dir='ltr'>κακοδοξίᾳ,</span> <span class='ocrx_word' id='word_1_671' title='bbox 917 5849 952 5920; x_wconf 79' lang='grc' dir='ltr'>ὴ</span> <span class='ocrx_word' id='word_1_672' title='bbox 984 5847 1116 5918; x_wconf 82' lang='grc' dir='ltr'>ἁγία</span> <span class='ocrx_word' id='word_1_673' title='bbox 1152 5847 1372 5908; x_wconf 85' lang='grc' dir='ltr'>σύνοδος</span> <span class='ocrx_word' id='word_1_674' title='bbox 1413 5843 1503 5900; x_wconf 78' lang='grc' dir='ltr'>διὰ</span> <span class='ocrx_word' id='word_1_675' title='bbox 1531 5840 1628 5896; x_wconf 82' lang='grc' dir='ltr'><strong>τοῦ</strong></span> <span class='ocrx_word' id='word_1_676' title='bbox 1665 5859 1808 5913; x_wconf 74' lang='grc' dir='ltr'><strong>ἰτσιρσ⁵</strong></span> 
     </span>
    </p>
   </div>
   <div class='ocr_carea' id='block_1_103' title="bbox 1915 4641 3485 4712">
    <p class='ocr_par' dir='ltr' id='par_1_103' title="bbox 1915 4641 3485 4712">
     <span class='ocr_line' id='line_1_103' title="bbox 1915 4641 3485 4712; baseline -0.004 -12"><span class='ocrx_word' id='word_1_677' title='bbox 1915 4661 2019 4700; x_wconf 88' lang='lat' dir='ltr'><strong>non</strong></span> <span class='ocrx_word' id='word_1_678' title='bbox 2050 4645 2288 4701; x_wconf 87' lang='lat' dir='ltr'><strong>sensisse</strong></span> <span class='ocrx_word' id='word_1_679' title='bbox 2317 4644 2479 4708; x_wconf 88' lang='lat' dir='ltr'><strong>idem,</strong></span> <span class='ocrx_word' id='word_1_680' title='bbox 2509 4644 2650 4712; x_wconf 90' lang='lat' dir='ltr'><strong>quod</strong></span> <span class='ocrx_word' id='word_1_681' title='bbox 2692 4641 2972 4698; x_wconf 71' lang='lat' dir='ltr'><strong>Nesxorius</strong></span> <span class='ocrx_word' id='word_1_682' title='bbox 3015 4651 3069 4696; x_wconf 89' lang='lat' dir='ltr'><strong>et</strong></span> <span class='ocrx_word' id='word_1_683' title='bbox 3112 4642 3200 4710; x_wconf 90' lang='lat' dir='ltr'><strong>qui</strong></span> <span class='ocrx_word' id='word_1_684' title='bbox 3239 4641 3310 4694; x_wconf 92' lang='lat' dir='ltr'><strong>illi</strong></span> <span class='ocrx_word' id='word_1_685' title='bbox 3354 4655 3485 4695; x_wconf 90' lang='lat' dir='ltr'><strong>cou-</strong></span> 
     </span>
    </p>
   </div>
   <div class='ocr_carea' id='block_1_104' title="bbox 1912 4730 3483 4800">
    <p class='ocr_par' dir='ltr' id='par_1_104' title="bbox 1912 4730 3483 4800">
     <span class='ocr_line' id='line_1_104' title="bbox 1912 4730 3483 4800; baseline -0.004 -12"><span class='ocrx_word' id='word_1_686' title='bbox 1912 4734 2214 4788; x_wconf 89' lang='lat' dir='ltr'><strong>sentiehant</strong></span> <span class='ocrx_word' id='word_1_687' title='bbox 2245 4732 2503 4800; x_wconf 88' lang='lat' dir='ltr'><strong>episc0pi,</strong></span> <span class='ocrx_word' id='word_1_688' title='bbox 2525 4741 2575 4785; x_wconf 89' lang='lat' dir='ltr'><strong>et</strong></span> <span class='ocrx_word' id='word_1_689' title='bbox 2601 4739 2880 4800; x_wconf 81' lang='lat' dir='ltr'><strong>prepterea</strong></span> <span class='ocrx_word' id='word_1_690' title='bbox 2917 4731 3082 4784; x_wconf 89' lang='lat' dir='ltr'><strong>fuisse</strong></span> <span class='ocrx_word' id='word_1_691' title='bbox 3109 4730 3483 4784; x_wconf 81' lang='lat' dir='ltr'><strong>excommuni-</strong></span> 
     </span>
    </p>
   </div>
   <div class='ocr_carea' id='block_1_105' title="bbox 1912 4822 3487 4892">
    <p class='ocr_par' dir='ltr' id='par_1_105' title="bbox 1912 4822 3487 4892">
     <span class='ocr_line' id='line_1_105' title="bbox 1912 4822 3487 4892; baseline -0.005 -13"><span class='ocrx_word' id='word_1_692' title='bbox 1912 4837 2083 4880; x_wconf 88' lang='lat' dir='ltr'><strong>catos.</strong></span> <span class='ocrx_word' id='word_1_693' title='bbox 2123 4824 2218 4878; x_wconf 90' lang='lat' dir='ltr'><strong>llic</strong></span> <span class='ocrx_word' id='word_1_694' title='bbox 2247 4838 2375 4892; x_wconf 79' lang='lat' dir='ltr'><strong>ergo</strong></span> <span class='ocrx_word' id='word_1_695' title='bbox 2402 4838 2571 4877; x_wconf 86' lang='lat' dir='ltr'><strong>canon</strong></span> <span class='ocrx_word' id='word_1_696' title='bbox 2598 4837 2692 4878; x_wconf 90' lang='lat' dir='ltr'><strong>eos</strong></span> <span class='ocrx_word' id='word_1_697' title='bbox 2721 4822 2957 4876; x_wconf 88' lang='lat' dir='ltr'><strong>restituit</strong></span> <span class='ocrx_word' id='word_1_698' title='bbox 2992 4822 3044 4874; x_wconf 92' lang='lat' dir='ltr'><strong>in</strong></span> <span class='ocrx_word' id='word_1_699' title='bbox 3087 4823 3335 4890; x_wconf 85' lang='lat' dir='ltr'><strong>pr0prios</strong></span> <span class='ocrx_word' id='word_1_700' title='bbox 3359 4835 3450 4889; x_wconf 77' lang='lat' dir='ltr'><strong>gra</strong></span> <span class='ocrx_word' id='word_1_701' title='bbox 3470 4849 3487 4860; x_wconf 88' lang='lat'><strong>-</strong></span> 
     </span>
    </p>
   </div>
   <div class='ocr_carea' id='block_1_106' title="bbox 1914 4911 3486 4983">
    <p class='ocr_par' dir='ltr' id='par_1_106' title="bbox 1914 4911 3486 4983">
     <span class='ocr_line' id='line_1_106' title="bbox 1914 4911 3486 4983; baseline -0.004 -11"><span class='ocrx_word' id='word_1_702' title='bbox 1914 4920 2012 4972; x_wconf 89' lang='lat' dir='ltr'><strong>dus</strong></span> <span class='ocrx_word' id='word_1_703' title='bbox 2032 4959 2046 4983; x_wconf 94' lang='lat'><strong>,</strong></span> <span class='ocrx_word' id='word_1_704' title='bbox 2081 4914 2318 4971; x_wconf 87' lang='lat' dir='ltr'><strong>inferens</strong></span> <span class='ocrx_word' id='word_1_705' title='bbox 2345 4924 2625 4982; x_wconf 61' lang='lat' dir='ltr'><strong>praeterea,</strong></span> <span class='ocrx_word' id='word_1_706' title='bbox 2657 4927 2749 4968; x_wconf 89' lang='lat' dir='ltr'><strong>eos</strong></span> <span class='ocrx_word' id='word_1_707' title='bbox 2780 4927 2887 4966; x_wconf 91' lang='lat' dir='ltr'><strong>non</strong></span> <span class='ocrx_word' id='word_1_708' title='bbox 2923 4912 3094 4967; x_wconf 86' lang='lat' dir='ltr'><strong>solum</strong></span> <span class='ocrx_word' id='word_1_709' title='bbox 3131 4911 3330 4965; x_wconf 86' lang='lat' dir='ltr'><strong>habere</strong></span> <span class='ocrx_word' id='word_1_710' title='bbox 3359 4926 3486 4966; x_wconf 86' lang='lat' dir='ltr'><strong>suos</strong></span> 
     </span>
    </p>
   </div>
   <div class='ocr_carea' id='block_1_107' title="bbox 1913 5003 3488 5076">
    <p class='ocr_par' dir='ltr' id='par_1_107' title="bbox 1913 5003 3488 5076">
     <span class='ocr_line' id='line_1_107' title="bbox 1913 5003 3488 5076; baseline -0.006 -14"><span class='ocrx_word' id='word_1_711' title='bbox 1913 5009 2146 5063; x_wconf 87' lang='lat' dir='ltr'><strong>honores</strong></span> <span class='ocrx_word' id='word_1_712' title='bbox 2176 5022 2240 5061; x_wconf 90' lang='lat' dir='ltr'><strong>ac</strong></span> <span class='ocrx_word' id='word_1_713' title='bbox 2270 5005 2590 5076; x_wconf 76' lang='lat' dir='ltr'><strong>dignitates,</strong></span> <span class='ocrx_word' id='word_1_714' title='bbox 2636 5004 2732 5059; x_wconf 86' lang='lat' dir='ltr'><strong>sed</strong></span> <span class='ocrx_word' id='word_1_715' title='bbox 2772 5017 2960 5058; x_wconf 85' lang='lat' dir='ltr'><strong>omnes</strong></span> <span class='ocrx_word' id='word_1_716' title='bbox 2987 5003 3171 5057; x_wconf 84' lang='lat' dir='ltr'><strong>talium</strong></span> <span class='ocrx_word' id='word_1_717' title='bbox 3203 5003 3488 5072; x_wconf 81' lang='lat' dir='ltr'><strong>episcopo-</strong></span> 
     </span>
    </p>
   </div>
   <div class='ocr_carea' id='block_1_108' title="bbox 1915 5099 3488 5172">
    <p class='ocr_par' dir='ltr' id='par_1_108' title="bbox 1915 5099 3488 5172">
     <span class='ocr_line' id='line_1_108' title="bbox 1915 5099 3488 5172; baseline -0.006 -11"><span class='ocrx_word' id='word_1_718' title='bbox 1915 5123 2034 5161; x_wconf 86' lang='lat' dir='ltr'><strong>rnm</strong></span> <span class='ocrx_word' id='word_1_719' title='bbox 2064 5105 2287 5161; x_wconf 88' lang='lat' dir='ltr'><strong>clericos</strong></span> <span class='ocrx_word' id='word_1_720' title='bbox 2328 5104 2409 5159; x_wconf 90' lang='lat' dir='ltr'><strong>eis</strong></span> <span class='ocrx_word' id='word_1_721' title='bbox 2446 5115 2785 5172; x_wconf 84' lang='lat' dir='ltr'><strong>nequaquam</strong></span> <span class='ocrx_word' id='word_1_722' title='bbox 2831 5100 3048 5172; x_wconf 78' lang='lat' dir='ltr'><strong>subjici,</strong></span> <span class='ocrx_word' id='word_1_723' title='bbox 3088 5107 3144 5154; x_wconf 89' lang='lat' dir='ltr'><strong>ut</strong></span> <span class='ocrx_word' id='word_1_724' title='bbox 3174 5099 3264 5169; x_wconf 89' lang='lat' dir='ltr'><strong>qui</strong></span> <span class='ocrx_word' id='word_1_725' title='bbox 3312 5099 3488 5153; x_wconf 87' lang='lat' dir='ltr'><strong>desci-</strong></span> 
     </span>
    </p>
   </div>
   <div class='ocr_carea' id='block_1_109' title="bbox 1913 5200 2109 5252">
    <p class='ocr_par' dir='ltr' id='par_1_109' title="bbox 1913 5200 2109 5252">
     <span class='ocr_line' id='line_1_109' title="bbox 1913 5200 2109 5252; baseline -0.005 0"><span class='ocrx_word' id='word_1_726' title='bbox 1913 5200 2109 5252; x_wconf 87' lang='lat' dir='ltr'><strong>vcrint.</strong></span> 
     </span>
    </p>
   </div>
   <div class='ocr_carea' id='block_1_110' title="bbox 1951 5217 3487 5355">
    <p class='ocr_par' dir='ltr' id='par_1_110' title="bbox 1951 5217 3487 5355">
     <span class='ocr_line' id='line_1_110' title="bbox 1984 5217 2109 5251; baseline 0 0"><span class='ocrx_word' id='word_1_727' title='bbox 1984 5217 2062 5251; x_wconf 88' lang='lat' dir='ltr'><strong>rm</strong></span> <span class='ocrx_word' id='word_1_728' title='bbox 2095 5236 2109 5251; x_wconf 78' lang='grc' dir='ltr'><strong><em>ο</em></strong></span> 
     </span>
     <span class='ocr_line' id='line_1_111' title="bbox 1951 5217 3487 5355; baseline -0.007 -11"><span class='ocrx_word' id='word_1_729' title='bbox 1951 5217 2240 5344; x_wconf 52' lang='lat' dir='ltr'><strong>CZOINAR.</strong></span> <span class='ocrx_word' id='word_1_730' title='bbox 2276 5286 2410 5342; x_wconf 89' lang='lat' dir='ltr'><strong>Cum</strong></span> <span class='ocrx_word' id='word_1_731' title='bbox 2441 5285 2874 5355; x_wconf 85' lang='lat' dir='ltr'><strong>patriarcharum</strong></span> <span class='ocrx_word' id='word_1_732' title='bbox 2916 5280 3218 5345; x_wconf 84' lang='lat' dir='ltr'><strong>Nestorius,</strong></span> <span class='ocrx_word' id='word_1_733' title='bbox 3245 5292 3302 5334; x_wconf 91' lang='lat' dir='ltr'><strong>ut</strong></span> <span class='ocrx_word' id='word_1_734' title='bbox 3335 5281 3487 5334; x_wconf 81' lang='lat' dir='ltr'><strong>.dixi-</strong></span> 
     </span>
    </p>
   </div>
   <div class='ocr_carea' id='block_1_111' title="bbox 1891 5374 3488 5448">
    <p class='ocr_par' dir='ltr' id='par_1_111' title="bbox 1891 5374 3488 5448">
     <span class='ocr_line' id='line_1_112' title="bbox 1891 5374 3488 5448; baseline -0.005 -12"><span class='ocrx_word' id='word_1_735' title='bbox 1891 5383 2054 5446; x_wconf 82' lang='lat' dir='ltr'><strong>&#39;mus,</strong></span> <span class='ocrx_word' id='word_1_736' title='bbox 2087 5378 2550 5448; x_wconf 87' lang='lat' dir='ltr'><strong>Constantinopoli</strong></span> <span class='ocrx_word' id='word_1_737' title='bbox 2592 5384 2822 5446; x_wconf 77' lang='lat' dir='ltr'><strong>gereret,</strong></span> <span class='ocrx_word' id='word_1_738' title='bbox 2856 5374 3079 5429; x_wconf 91' lang='lat' dir='ltr'><strong>clericos</strong></span> <span class='ocrx_word' id='word_1_739' title='bbox 3116 5375 3378 5444; x_wconf 84' lang='lat' dir='ltr'><strong>quosdam</strong></span> <span class='ocrx_word' id='word_1_740' title='bbox 3420 5376 3488 5428; x_wconf 88' lang='lat' dir='ltr'><strong>ab</strong></span> 
     </span>
    </p>
   </div>
   <div class='ocr_carea' id='block_1_112' title="bbox 1916 5465 3488 5546">
    <p class='ocr_par' dir='ltr' id='par_1_112' title="bbox 1916 5465 3488 5546">
     <span class='ocr_line' id='line_1_113' title="bbox 1916 5465 3488 5546; baseline -0.009 -14"><span class='ocrx_word' id='word_1_741' title='bbox 1916 5478 2035 5546; x_wconf 92' lang='lat' dir='ltr'><strong>ipso</strong></span> <span class='ocrx_word' id='word_1_742' title='bbox 2069 5474 2452 5528; x_wconf 86' lang='lat' dir='ltr'><strong>dissentientes</strong></span> <span class='ocrx_word' id='word_1_743' title='bbox 2493 5468 3006 5524; x_wconf 78' lang='lat' dir='ltr'><strong>excommunicavit.</strong></span> <span class='ocrx_word' id='word_1_744' title='bbox 3037 5465 3180 5520; x_wconf 83' lang='lat' dir='ltr'><strong>Idem</strong></span> <span class='ocrx_word' id='word_1_745' title='bbox 3212 5475 3388 5519; x_wconf 90' lang='lat' dir='ltr'><strong>autem</strong></span> <span class='ocrx_word' id='word_1_746' title='bbox 3432 5476 3488 5518; x_wconf 93' lang='lat' dir='ltr'><strong>ct</strong></span> 
     </span>
    </p>
   </div>
   <div class='ocr_carea' id='block_1_113' title="bbox 1916 5557 3486 5626">
    <p class='ocr_par' dir='ltr' id='par_1_113' title="bbox 1916 5557 3486 5626">
     <span class='ocr_line' id='line_1_114' title="bbox 1916 5557 3486 5626; baseline -0.008 -3"><span class='ocrx_word' id='word_1_747' title='bbox 1916 5570 1966 5623; x_wconf 94' lang='lat' dir='ltr'><strong>in</strong></span> <span class='ocrx_word' id='word_1_748' title='bbox 2021 5568 2142 5622; x_wconf 86' lang='lat' dir='ltr'><strong>aliis</strong></span> <span class='ocrx_word' id='word_1_749' title='bbox 2191 5564 2414 5619; x_wconf 86' lang='lat' dir='ltr'><strong>urbibus</strong></span> <span class='ocrx_word' id='word_1_750' title='bbox 2458 5577 2488 5615; x_wconf 92' lang='lat' dir='ltr'><strong>a</strong></span> <span class='ocrx_word' id='word_1_751' title='bbox 2531 5559 2867 5615; x_wconf 76' lang='lat' dir='ltr'><strong>Nestoriauze</strong></span> <span class='ocrx_word' id='word_1_752' title='bbox 2916 5557 3165 5612; x_wconf 84' lang='lat' dir='ltr'><strong>factionis</strong></span> <span class='ocrx_word' id='word_1_753' title='bbox 3217 5557 3486 5626; x_wconf 87' lang='lat' dir='ltr'><strong>episcopis</strong></span> 
     </span>
    </p>
   </div>
   <div class='ocr_carea' id='block_1_114' title="bbox 1916 5646 3485 5719">
    <p class='ocr_par' dir='ltr' id='par_1_114' title="bbox 1916 5646 3485 5719">
     <span class='ocr_line' id='line_1_115' title="bbox 1916 5646 3485 5719; baseline -0.006 -9"><span class='ocrx_word' id='word_1_754' title='bbox 1916 5658 2240 5712; x_wconf 86' lang='lat' dir='ltr'><strong>factitatum.</strong></span> <span class='ocrx_word' id='word_1_755' title='bbox 2299 5652 2404 5707; x_wconf 89' lang='lat' dir='ltr'><strong>Eos</strong></span> <span class='ocrx_word' id='word_1_756' title='bbox 2461 5652 2641 5718; x_wconf 75' lang='lat' dir='ltr'><strong>itaque</strong></span> <span class='ocrx_word' id='word_1_757' title='bbox 2700 5650 2792 5719; x_wconf 91' lang='lat' dir='ltr'><strong>qui</strong></span> <span class='ocrx_word' id='word_1_758' title='bbox 2851 5663 2880 5702; x_wconf 91' lang='lat' dir='ltr'><strong>a</strong></span> <span class='ocrx_word' id='word_1_759' title='bbox 2925 5649 3230 5702; x_wconf 85' lang='lat' dir='ltr'><strong>sacerdotio</strong></span> <span class='ocrx_word' id='word_1_760' title='bbox 3282 5646 3485 5715; x_wconf 86' lang='lat' dir='ltr'><strong>depulsi</strong></span> 
     </span>
    </p>
   </div>
   <div class='ocr_carea' id='block_1_115' title="bbox 1914 5738 3483 5817">
    <p class='ocr_par' dir='ltr' id='par_1_115' title="bbox 1914 5738 3483 5817">
     <span class='ocr_line' id='line_1_116' title="bbox 1914 5738 3483 5817; baseline -0.008 -14"><span class='ocrx_word' id='word_1_761' title='bbox 1914 5757 2039 5804; x_wconf 87' lang='lat' dir='ltr'><strong>sunt</strong></span> <span class='ocrx_word' id='word_1_762' title='bbox 2073 5763 2136 5802; x_wconf 91' lang='lat' dir='ltr'><strong>eo</strong></span> <span class='ocrx_word' id='word_1_763' title='bbox 2179 5746 2319 5817; x_wconf 91' lang='lat' dir='ltr'><strong>quod</strong></span> <span class='ocrx_word' id='word_1_764' title='bbox 2359 5743 2512 5798; x_wconf 71' lang='lat' dir='ltr'><strong>malae</strong></span> <span class='ocrx_word' id='word_1_765' title='bbox 2562 5741 2816 5806; x_wconf 86' lang='lat' dir='ltr'><strong>Nestorii,</strong></span> <span class='ocrx_word' id='word_1_766' title='bbox 2843 5741 2999 5812; x_wconf 81' lang='lat' dir='ltr'><strong>eique</strong></span> <span class='ocrx_word' id='word_1_767' title='bbox 3035 5738 3483 5795; x_wconf 87' lang='lat' dir='ltr'><strong>consentientium</strong></span> 
     </span>
    </p>
   </div>
   <div class='ocr_carea' id='block_1_116' title="bbox 1915 5831 3484 5912">
    <p class='ocr_par' dir='ltr' id='par_1_116' title="bbox 1915 5831 3484 5912">
     <span class='ocr_line' id='line_1_117' title="bbox 1915 5831 3484 5912; baseline -0.01 -14"><span class='ocrx_word' id='word_1_768' title='bbox 1915 5840 2178 5912; x_wconf 91' lang='lat' dir='ltr'><strong>opinioni,</strong></span> <span class='ocrx_word' id='word_1_769' title='bbox 2206 5851 2486 5895; x_wconf 81' lang='lat' dir='ltr'><strong>assensqu</strong></span> <span class='ocrx_word' id='word_1_770' title='bbox 2521 5852 2624 5890; x_wconf 90' lang='lat' dir='ltr'><strong>non</strong></span> <span class='ocrx_word' id='word_1_771' title='bbox 2661 5834 2983 5904; x_wconf 64' lang='lat' dir='ltr'><strong>praeberent,</strong></span> <span class='ocrx_word' id='word_1_772' title='bbox 3019 5848 3116 5902; x_wconf 82' lang='lat' dir='ltr'><strong>per</strong></span> <span class='ocrx_word' id='word_1_773' title='bbox 3148 5831 3291 5886; x_wconf 91' lang='lat' dir='ltr'><strong>hunc</strong></span> <span class='ocrx_word' id='word_1_774' title='bbox 3315 5843 3484 5885; x_wconf 77' lang='lat' dir='ltr'><strong>cauo-</strong></span> 
     </span>
    </p>
   </div>
  </div>
