4238 6464
752 404 851 465 367

2001 400 2271 460 TIlEOD.
2314 400 2709 460 BALSAMON

3876 398 3976 456 κως

751 517 1166 586 nu-tropolitann
1196 514 1353 583 hujus
1402 512 1624 567 canonis
1676 512 2003 581 exemplaria
2056 514 2122 566 ad
2177 528 2303 579 prn-
2337 519 2376 575 Α

2369 516 2522 580 Ipsi;
2569 513 2948 581 ἀναφαίνηται.
2993 512 3326 580 Ἐξεχώρησε
3372 510 3427 561 δέ
3475 511 3567 560 καὶ
3612 509 3828 578 ἐκάστῳ
3873 508 3979 557 τῶν

751 614 921 677 priant
952 610 1299 663 securitatem
1328 606 1573 674 accipere
1606 622 1621 659 :
1661 614 1715 657 et
1746 603 1949 655 nullam
1978 602 2133 655 aliain
2166 604 2303 656 scri-

751 712 895 770 ptam
946 698 1378 751 constitutionem
1432 698 1547 750 sive
1606 696 1936 762 itnperialem
1984 695 2304 763 jussioneut,

726 774 874 843 'hnic
905 789 1096 842 cationi
1130 795 1542 855 repugnantem,
1565 784 1633 838 ab
1656 784 1833 853 aliquo
1858 785 2071 837 allatam
2106 786 2302 839 valere.

753 880 887 947 Lege
911 889 961 930 et
979 878 1281 931 secundum
1299 893 1415 928 can.
1447 877 1691 928 secunda
1711 890 1855 945 syn.,
1876 876 1942 927 28
1964 890 2084 927 can.
2103 886 2308 943 quarta:

748 988 864 1040 ητα.
896 968 964 1022 59
1018 984 1139 1021 can.
1194 978 1359 1021 sexta:
1402 982 1547 1037 syu.,
1592 976 1647 1021 et
1692 983 1811 1035 qua:
1854 967 1905 1019 in
1961 982 2056 1019 eos
2106 966 2304 1034 scripta

747 1072 892 1121 sunt.
932 1069 987 1113 ct
1041 1060 1179 1113 scies
1206 1058 1471 1125 quomodo
1505 1057 1769 1117 Ecclesiae,
1810 1072 1930 1126 quae
1971 1054 2153 1110 Roma'
2182 1058 2307 1110 sub-

749 1164 923 1216 erant,
988 1152 1180 1204 throno
1225 1147 1719 1218 ConstantinOpolis
1761 1147 2018 1218 subjecta:
2079 1146 2302 1212 fuerint,

746 1242 985 1312 exceptis
1011 1240 1297 1308 aliquibus.

815 1416 1064 1471 ZONAR.
1085 1416 1245 1486 Cypri
1265 1415 1549 1483 episcopos
1566 1414 1781 1466 creandi
1808 1413 1925 1480 ejus
1954 1414 2302 1468 Autiochcna:

743 1512 840 1563 sibi
897 1509 1149 1563 Ecclesiae
1183 1508 1446 1559 antistites
1505 1506 1829 1571 vindicabat,
1879 1505 2014 1560 forte
2051 1511 2191 1575 quod
2252 1509 2303 1561 itt

746 1604 1061 1655 Autiochcni
1113 1601 1262 1652 ducis
1325 1599 1527 1652 ditiouc
1590 1614 1651 1652 ea
1704 1599 1875 1653 insula
1917 1600 2105 1667 priscis
2169 1611 2304 1653 tctu—

746 1697 966 1764 poribus
998 1695 1217 1747 fuisset:
1271 1706 1391 1741 nam
1424 1706 1451 1742 a
1480 1690 1614 1742 duce
1660 1690 1993 1742 Autiocltcno
2022 1689 2304 1757 praefectus

748 1791 857 1842 illic
886 1786 1227 1840 mittebatur:
1255 1784 1389 1852 Ejus
1437 1782 1512 1835 rei
1541 1781 1816 1847 querelam
1856 1781 2038 1851 Cyprii
2085 1784 2301 1851 quidam

2413 603 2823 672 μητροπολιτῶν
2853 604 3176 655 ἐκλαῦἐσθαι
3207 603 3276 653 τά
3308 604 3395 653 ἴσα
3426 601 3518 653 τοῦ
3550 603 3790 654 τοιούτου
3821 604 3980 653 κανό-

2408 712 2493 754 νος
2528 697 2604 755 εἰς
2639 695 2844 745 οἰκείαν
2878 694 3207 759 ἀσφάλειαν,
3240 696 3330 745 καὶ
3366 694 3501 761 μηδὲ
3538 696 3756 761 κρατεῖν
3789 694 3980 760 ἕτερον

2408 783 2686 851 ἔγγραφον
2714 783 2917 848 τύπον,
2950 784 3116 852 ἦγουν
3150 782 3426 851 βασιλικὸν
3458 783 3789 850 πρόσταγμα
3825 786 3984 833 ἐναν-

2408 874 2689 941 τιούμενον
2718 873 2797 943 τῷ
2828 875 3006 926 κανόνι
3039 874 3210 942 τούτῳ
3230 915 3245 938 ,
3282 876 3433 942 παρά
3461 891 3605 934 τινος
3638 875 3973 942 προκομιζόγ

2410 981 2592 1032 μενον.
2627 964 2739 1017 Καὶ
2772 965 3044 1034 ἀνάγνωθι
3087 966 3178 1018 τὸν
3284 967 3483 1018 κανόνα
3515 968 3611 1033 τῆς
3650 964 3692 1033 β’
3718 966 3942 1016 συνόδου
3968 1004 3981 1021 .

2406 1056 2497 1105 τὸν
2535 1063 2618 1124 κη’
2656 1057 2751 1127 τῆς
2785 1056 2827 1108 δ’
2852 1058 3065 1109 συνόδου
3092 1101 3102 1117 ,
3138 1060 3227 1110 τὸν
3259 1056 3335 1109 λθ¹
3382 1058 3478 1126 τῆς
3516 1056 3569 1120 ς’
3596 1058 3813 1110 συνόδου
3838 1100 3851 1117 ,
3889 1058 3984 1107 καὶ

2406 1146 2472 1196 τὰ
2500 1150 2554 1198 ἐν
2580 1148 2759 1209 αὐτοῖς
2780 1165 2793 1177 '
2824 1149 2913 1199 καὶ
2946 1148 3134 1216 μάθοις
3162 1150 3274 1210 πῶς
3302 1148 3639 1218 ὑπετέθησαν
3663 1150 3719 1199 αἱ
3748 1149 3856 1199 ὑπὸ
3883 1151 3985 1214 τὴν

2419 1238 2722 1307 Ἰδωμανίαν
2740 1238 3051 1307 Ἐκκλησίαι
3074 1239 3199 1291 ἄνευ
3224 1240 3381 1294 τινῶν
3406 1240 3483 1309 τῷ
3508 1240 3676 1308 θρόνῳ
3700 1240 3797 1308 τῆς
3828 1241 3986 1291 Κων-

2408 1346 2684 1383 σταντινου
2693 1332 2919 1392 πόλεως.

2475 1424 2720 1476 ΖΩΝΑΡ.
2759 1424 2818 1476 Ὀ
2852 1426 2949 1493 τῆς
2987 1424 3297 1494 Ἀντιοχέων
3338 1424 3655 1492 Ἐκκλησίας
3690 1423 3983 1493 ἀρχιερεὺς

2407 1511 2493 1579 ὑφ’
2516 1513 2705 1564 ἐαυτὸν
2734 1509 2879 1565 εἷλκε
2907 1516 3005 1576 τάς
3035 1514 3141 1565 τῶν
3171 1512 3430 1582 Κυπρίων
3463 1513 3771 1565 ἐπισκόπων
3802 1530 3984 1581 χειρο-

2405 1604 2603 1667 τονίας,
2643 1606 2717 1668 ὡς
2758 1606 2898 1676 τάχα
2937 1607 3034 1674 τῆς
3080 1606 3305 1673 Κύπρου
3344 1604 3404 1657 τὸ
3450 1606 3673 1656 παλαί’,ν
3717 1603 3914 1655 τελούσ
3958 1621 3983 1663 ς

2406 1698 2510 1748 ὑπὸ
2559 1696 2650 1748 τὸν
2696 1697 2861 1750 δοῦκα
2906 1699 3252 1769 Ἀντιοχείας.
3302 1698 3457 1767 Παρὰ
3501 1698 3609 1768 γὰρ
3648 1697 3738 1748 τοῦ
3786 1697 3979 1756 δουκὸς

2417 1790 2741 1858 ’Λντιοχείας
2795 1791 3072 1842 ἐστέλλετο
3124 1793 3239 1843 ἐκεῖ
3296 1793 3615 1859 στρατηγός.
3672 1791 3766 1841 Διά
3822 1787 3983 1841 τοῦτο

747 1880 982 1949 episcopi
1016 1880 1081 1929 ad
1109 1880 1373 1946 synodqu
1415 1874 1675 1938 detulere,
1731 1889 1903 1942 neque
1959 1876 2009 1927 id
2068 1892 2301 1944 unquam
2335 1871 2376 1927 Β

2369 1877 2377 1923 ἶ
2410 1880 2709 1950 προσῆλθόν
2738 1899 2880 1944 τινες
2908 1882 3016 1934 τῶν
3046 1883 3303 1953 Κυπρίων
3336 1882 3646 1934 ἐπισκόπων
3673 1883 3737 1950 τῇ
3773 1880 3933 1933 συνόδ
3955 1902 3981 1944 ;ι

749 1972 1084 2022 Autiocheno
1135 1963 1452 2034 patriarcha:
1486 1962 1628 2029 juris
1675 1962 1860 2027 fuisse,
1916 1974 1973 2015 ut
2007 1964 2075 2015 ab
2104 1978 2168 2017 eo
2201 1964 2305 2034 Cy-

750 2066 985 2130 priarum
1024 2060 1234 2113 urbium
1285 2056 1522 2125 episcopi
1577 2057 1979 2117 ordinarentur,
2024 2064 2134 2107 tum
2186 2057 2306 2110 viva

748 2157 963 2223 ipsimet
994 2154 1239 2207 oratione
1285 2160 1396 2202 tum
1433 2149 1649 2216 scriptis
1696 2149 1747 2200 in
1802 2162 1919 2199 eam
1984 2149 2304 2201 sententiam

746 2245 1027 2307 codicillis,
1062 2244 1312 2296 docuere.
1353 2239 1744 2307 Episcoporum
1796 2240 1978 2309 itaque
2030 2256 2305 2308 processu,

747 2340 863 2391 sive
909 2336 1294 2404 supplicatione
1344 2335 1635 2402 approbata
1670 2334 1877 2384 'statuit
1927 2333 2164 2401 synodus
2203 2332 2307 2401 Cy-

751 2429 988 2496 priorum
1033 2424 1334 2494 episcopos,
1386 2423 1678 2477 secuudtun
1726 2433 2037 2474 sanctorum
2086 2419 2303 2474 Patrum

748 2534 983 2573 eanoues
1006 2528 1059 2570 et
1084 2516 1358 2582 antiquam
1390 2512 1859 2573 consuetudinem,
1896 2513 2095 2565 illaesos
2137 2524 2190 2565 et
2220 2512 2308 2565 in-

749 2612 970 2663 dcmnes
1000 2606 1135 2660 fore.
1174 2603 1304 2656 Nam
1330 2617 1565 2657 canones
1588 2603 1826 2669 quidem,
1861 2612 1909 2653 et
1941 2602 2304 2669 apostolorum

752 2698 1057 2766 trigesimus
1094 2694 1335 2763 quintus,
1377 2681 1432 2746 el
1461 2692 1809 2745 Antiocttena:
1857 2694 2044 2762 synodi
2095 2694 2304 2757 tertius,

753 2805 817 2842 ne
849 2789 898 2840 in
931 2787 1123 2839 alienis
1151 2782 1441 2852 provinciis
1472 2781 1574 2833 sibi
1598 2780 1979 2849 nonsubjemis
2008 2780 2307 2833 ordinatio-

757 2894 850 2931 nes
897 2877 1073 2929 lacere
1101 2864 1355 2943 episcopi}
1390 2873 1644 2931 audeant,
1688 2884 1864 2932 secus,
1920 2872 2131 2923 irritum
2188 2885 2309 2924 esse

751 2970 893 3038 quod
934 2967 1180 3025 iecerint,
1224 2965 1368 3032 ipsos
1398 2978 1523 3015 Vero
1554 2961 1749 3030 deponi
1788 2960 1980 3028 jubettt
2018 2977 2030 3015 :
2066 2974 2307 3016 mcutuc-

750 3063 888 3113 nica:
928 3070 1055 3107 vero
1087 3053 1274 3122 prima:
1302 3051 1493 3118 synodi
1545 3058 1730 3104 sextus
1755 3058 1809 3102 et
1842 3050 2125 3117 septimus,
2166 3050 2300 3103 anti-

752 3165 886 3217 quas
922 3145 1355 3205 consuetudines,
1406 3143 1476 3195 ab
1529 3142 1661 3209 ipsis
1705 3154 1916 3209 quoque
1955 3141 2306 3194 ecclesiarum

751 3238 1093 3309 praesulibus,
1148 3232 1454 3287 servandas
1488 3249 1607 3286 esse
1639 3234 1897 3286 decernit.
1930 3232 2166 3297 Quorum
2219 3250 2309 3286 ca-
2334 3210 2376 3269 ο

753 3347 943 3385 nonem
990 3327 1231 3395 vestigiis
1266 3324 1449 3377 Patres
1483 3325 1569 3376 hic
1598 3337 1811 3390 quoque
1852 3324 2125 3376 reverendi
2176 3324 2307 3375 insi-

752 3434 977 3487 stentes,
1007 3430 1065 3473 ut
1093 3436 1121 3472 a
1148 3417 1359 3486 Cypriis
1386 3415 1653 3484 episcopis
1680 3414 1797 3484 ejus
1819 3416 2008 3469 insulae
2040 3417 2309 3469 antistites

749 3514 1086 3575 ordinentur,
1111 3511 1357 3576 idemque
1376 3510 1503 3561 locis
1528 3509 1777 3560 omnibus
1803 3508 2022 3560 omnino
2043 3517 2304 3573 servetur,

751 3622 855 3661 neu
888 3603 1219 3675 provinciam
1250 3600 1510 3667 aliquam,
1536 3614 1657 3669 qua:
1690 3614 1794 3652 non
1825 3598 1931 3675 sibi
1955 3607 2011 3651 et
2034 3600 2306 3667 antiquio-

752 3662 903 3752 ribus
941 3697 1207 3764 episcopis
1230 3662 1471 3760 subj-ecta
1498 3662 1618 3757 rja-m
1659 3692 1779 3743 inde
1806 3662 1873 3743 λυ
1908 3689 2063 3743 initio
2121 3662 2304 3756 fuerit,

752 3792 1006 3845 invadere
1040 3790 1293 3855 episcopo
1335 3787 1511 3849 liceat,
1546 3786 1853 3837 decrevere.
1896 3782 2050 3848 Quod
2093 3784 2136 3837 si
2184 3800 2308 3852 pro-

753 3884 984 3937 vinciam
1008 3896 1114 3933 non
1138 3894 1250 3932 sua:
1272 3877 1496 3930 ditionis
1530 3876 1795 3944 quispiam
1826 3875 2187 3943 usurpaverit,
2220 3877 2303 3939 iis,

752 3976 1023 4042 inquiunt,
1047 3972 1246 4040 quibus
1272 3955 1453 4021 invitis
1482 3978 1566 4019 est
1600 3966 1799 4031 ablata,
1831 3976 1991 4035 atque
2028 3977 2304 4036 usurpata,

754 4066 1002 4119 restituat
1033 4080 1046 4115 :
1079 4077 1144 4115 ne
1164 4061 1247 4113 vel
1269 4074 1333 4112 ex
1354 4073 1439 4122 eo,
1464 4056 1691 4120 scilicet,
1722 4058 2015 4108 auctoritas
2042 4071 2306 4135 canoupnt

751 4160 1117 4226 infringatur,
1168 4152 1252 4207 vel
1303 4152 1442 4205 sacri
1502 4149 1739 4203 muneris
1789 4150 2021 4202 obeundi
2069 4149 2304 4201 studium

750 4250 1027 4305 ambitioni
1060 4255 1432 4316 praetexentes,
1452 4245 1517 4296 ad
1548 4245 1758 4296 inanem
1787 4241 2011 4295 terréna:
2031 4245 2325 4311 poteStatis,

752 4343 1145 4412 atnpltlicattdm
1197 4339 1542 4406 cupiditatem
1603 4337 1870 4390 antistites
1936 4336 2302 4389 delabantur:

746 4450 954 4502 nosque
980 4432 1224 4501 proinde,
1258 4430 1533 4482 dominatu
1563 4444 1772 4489 eorum,
1807 4427 2000 4494 quibus
2028 4428 2173 4479 nulla
2219 4427 2308 4495 ju-

2406 1975 2598 2047 ταύτῃ,
2627 1974 2872 2041 λέγοντες
2895 1974 3053 2027 τοῦτο
3077 1975 3225 2037 αὐτὸ,
3256 1976 3349 2029 καὶ
3376 1974 3443 2026 δι’
3463 1974 3750 2041 ἐηράςων
3777 1974 3987 2039 ἀναφέ-

2409 2082 2590 2134 ροντες
2640 2067 2720 2117 ὅτι
2766 2065 2863 2118 οὐκ
2911 2063 2968 2128 ἐξ
3016 2065 3169 2127 ἔθους
3215 2066 3443 2118 παλαιοῦ
3496 2065 3699 2117 δίκαιον
3744 2064 3906 2131 ἔσχεν
3957 2065 3985 2114 6

2369 2226 2374 2233 υ
2407 2155 2745 2231 ςΑντιοχείας
2790 2158 3112 2225 χειροτονεῖν
3153 2156 3277 2217 τοὺς
3319 2155 3645 2217 ἐπισκόπους
3690 2154 3980 2221 Κυπρίων.

2418 2245 2753 2315 ,Εψηιρίσατο
2792 2241 2884 2298 οὖν
2924 2247 2955 2315 ἡ
2998 2244 3233 2308 σύνοδος,
3272 2244 3370 2313 τὴν
3416 2245 3675 2311 πρόσοδον
3718 2246 3837 2311 ἦτοι
3881 2244 3981 2304 τὴν

2407 2336 2759 2406 προσέλευσιν
2790 2335 3054 2404 δεξαμένη
3091 2335 3196 2386 τῶν
3234 2334 3567 2397 ἐπισκόπων,
3602 2335 3661 2385 τὸ
3701 2333 3981 2401 ἀνεπηρέ-

2407 2445 2570 2480 αστον
2597 2428 2690 2480 καὶ
2718 2428 2974 2479 ἀϐίαστον
3004 2427 3145 2496 ἔχειν
3174 2427 3297 2487 τοὺς
3323 2425 3431 2478 τῶν
3465 2424 3723 2494 Κυπρίων
3752 2425 3981 2474 ἐπισκό-

2408 2536 2565 2582 πους,
2610 2520 2746 2572 κατὰ
2783 2520 2907 2581 τοὺς
2955 2520 3184 2579 κανόνας
3222 2501 3328 2570 τῶν
3368 2518 3536 2584 ἁγίων
3578 2515 3839 2583 Πατέρων
3884 2533 3919 2566 κ
3961 2514 3984 2565 ἱ

2408 2610 2505 2681 τὴν
2537 2612 2769 2678 ἀρχαίαν
2802 2611 3109 2679 συνήθειαν,
3147 2611 3203 2661 Ὀ
3235 2611 3343 2676 γὰρ
3375 2610 3689 2677 τριακοστὸς
3726 2609 3983 2674 πέμπτος

2410 2697 2589 2751 κανὼν
2630 2700 2741 2751 τῶν
2783 2701 2955 2767 ἁγίων
2993 2701 3311 2752 ἀποστόλων
3354 2703 3447 2752 καὶ
3488 2703 3515 2752 6
3558 2701 3736 2769 τρίτος
3777 2699 3876 2765 τῆς
3924 2701 3982 2748 ἐν

2423 2792 2724 2859 Ἀντιοχείᾳ
2761 2791 2978 2843 συνόδου
3018 2793 3092 2861 μὴ
3120 2792 3325 2861 τολμᾷν
3356 2792 3481 2852 τοὺς
3516 2791 3847 2851 ἐπισκόπους
3884 2806 3980 2839 κει

2408 2882 2623 2935 λεύουσι
2658 2884 2925 2936 ποιεῖσθαι
2963 2882 3291 2952 χειροτονίας
3326 2887 3405 2944 είς
3436 2882 3534 2945 τὰς
3570 2881 3643 2951 μὴ
3680 2880 3985 2947 ὑποκειμέ-

2410 2993 2506 3037 νας
2538 2976 2719 3038 αὐτοῖς
2750 2975 3050 3044 ἐπαρχίας’
3082 2976 3130 3026 εί
3164 2975 3217 3028 δὲ
3256 2977 3330 3043 μὴ
3351 3015 3367 3037 ,
3400 2975 3578 3043 ἄκυρα
3614 2974 3710 3042 μὲν
3739 2975 3809 3025 τὰ
3846 2972 3980 3043 τεῖρ’

2411 3066 2634 3117 ἐκείνων
2675 3066 2984 3134 πραχθέντα
3027 3060 3189 3127 εἶναι,
3230 3066 3427 3127 αὐτοὺς
3468 3066 3523 3118 δὲ
3567 3064 3978 3133 καθαιρεῖσθαι.

2412 3157 2519 3209 Καὶ
2545 3158 2573 3209 6
2602 3157 2757 3219 ἐκτός
2786 3158 2841 3209 δέ
2873 3157 3049 3209 κανὼν
3077 3155 3169 3209 καὶ
3203 3158 3231 3208 6
3266 3156 3489 3227 ἕϐδομος
3516 3158 3611 3227 τῆς
3642 3158 3868 3226 πρώτης
3902 3159 3976 3207 οἰ-

2410 3249 2739 3319 κουμενικῆς
2778 3250 2995 3301 συνόδου
3031 3251 3097 3301 τὰ
3135 3250 3339 3317 ἀρχαῖα
3374 3250 3466 3318 ἔθη
3506 3251 3608 3301 κάν
3642 3253 3749 3310 τοῖς
3788 3251 3979 3317 ἀρχιε-

2411 3340 2564 3409 ρεῦσι
2595 3340 2812 3408 κρατεῖν
2837 3338 3223 3391 διατάττονται.
3252 3331 3346 3399 Οἷς
3372 3339 3434 3407 δὴ
3467 3339 3684 3390 κανόσιν
3710 3339 3973 3405 ἑπόμενοι

2408 3433 2501 3481 καὶ
2542 3429 2589 3479 οί
2628 3427 2726 3496 τῆς
2765 3426 2984 3479 συνόδου
3022 3429 3223 3495 ταύτης
3262 3427 3448 3479 σεπτοὶ
3490 3426 3727 3494 Πατέρες
3765 3425 3979 3496 ὥρισαν

2408 3519 2504 3571 καὶ
2537 3518 2661 3581 τοὺς
2687 3518 2946 3586 Κυπρίων
2976 3518 3305 3577 ἐπισκόπους
3335 3518 3399 3569 δι’
3432 3516 3637 3568 ἑαυτῶν
3665 3516 3761 3579 τάς
3798 3535 3979 3587 χειρο-

2408 3611 2587 3672 τονίας
2636 3610 2746 3661 τῶν
2794 3608 2853 3659 ἐν
2899 3610 2964 3677 τῇ
3016 3609 3163 3678 νήσῳ
3208 3609 3381 3679 ταύτῃ
3431 3609 3746 3661 ἐπισκόπων
3778 3613 3976 3670 ποιεῖν,

2406 3701 2564 3754 τοῦτο
2594 3702 2650 3754 δέ
2685 3699 2929 3768 γίνεσθαι
2968 3702 3058 3751 καὶ
3092 3700 3407 3767 ἁπανταχοῦ
3429 3740 3443 3763 ,
3475 3702 3569 3752 καὶ
3607 3704 3679 3769 μή
3711 3717 3834 3752 τινα
3863 3703 3976 3751 τῶν

2408 3794 2718 3847 ἐπισκόπων
2754 3793 3167 3863 σφετερίζεσθαι
3208 3793 3475 3862 ἐπαρχίαν
3515 3793 3590 3861 μὴ
3634 3791 3796 3843 οὖσαν
3835 3793 3979 3845 ἄιον

2408 3886 2530 3950 θεν,
2560 3889 2724 3955 ἡγουν
2755 3886 2984 3939 ἔκπαλαι
3017 3886 3110 3937 καὶ
3139 3886 3406 3956 ἀρχῆθεν,
3440 3887 3529 3938 ὑπ’
3556 3888 3713 3939 αὑτὸν
3746 3889 3839 3939 καὶ
3866 3888 3977 3938 ὑπὸ

2407 3956 2678 4042 τοὺςδπρδ
2723 3975 2905 4028 αὑτοῦ.
2947 3976 3006 4027 Et
3050 3975 3106 4027 δὲ
3152 3976 3243 4027 καί
3284 3994 3386 4037 τις,
3430 3976 3613 4043 φασὶν,
3654 3976 3978 4045 ᾠκειώσατο

2407 4067 2673 4137 ἐπαρχίαν
2704 4067 2779 4135 μὴ
2808 4067 3116 4134 ἀνήκουσαν
3146 4065 3313 4133 αὐτῷ,
3349 4066 3591 4118 ἀποδότω
3619 4066 3825 4134 ταύτην
3856 4072 3975 4127 τοῖς

2410 4156 2673 4225 βιασθεῖσι
2700 4158 2792 4209 καὶ
2820 4157 3193 4226 ἀφαιρεθεῖσιν
3228 4157 3397 4227 αὑτήν
3420 4174 3433 4188 ·
3471 4158 3553 4209 ἵνα
3586 4158 3663 4226 μὴ
3694 4159 3980 4226 παραϐαί-

2407 4264 2607 4300 νωνται
2640 4249 2689 4299 οἱ
2720 4248 2960 4311 κανόνες,
2989 4249 3083 4300 καὶ
3113 4246 3361 4316 ἀφορμὴν
3389 4248 3600 4317 ἔχοντες
3627 4250 3725 4317 τὴν
3756 4251 3901 4317 ἱερου
3911 4267 3945 4317 ρ
3964 4274 3980 4285 -

2405 4341 2551 4407 γίαν,
2578 4343 2669 4391 καὶ
2694 4339 2896 4407 ταύτην
2920 4334 3029 4391 οἷόν
3057 4357 3107 4391 τι
3136 4341 3505 4409 προκάλυμμα
3535 4340 3977 4409 προϐαλλόμενοι

2407 4434 2673 4500 κοσμικῆς
2716 4430 2961 4494 ἐξουσίας
3002 4430 3305 4494 κενοδοξίαν
3346 4433 3850 4498 παρεισερχομένην
3886 4434 3975 4493 si;

750 4540 832 4581 sta
871 4524 1165 4592 imperandi
1215 4535 1376 4573 causa
1412 4529 1492 4573 est
1524 4520 1789 4587 Oppressi,
1834 4517 2096 4571 libertatis
2128 4519 2303 4584 jactu-
2338 4543 2376 4597 υ

2369 4522 2632 4592 ,ἑαυτοὺς
2670 4522 2861 4589 ἔχωσιν
2902 4522 2949 4573 οί
2989 4523 3295 4590 ἀρχιερεῖς,
3335 4524 3427 4573 καὶ
3471 4521 3807 4589 δουλούμενοι
3850 4527 3975 4579 τοῖς

750 4635 866 4674 ratu
902 4617 1179 4677 lactatuus,
1216 4628 1377 4681 quam
1421 4611 1574 4664 nobis
1624 4608 1886 4662 Dominus
1934 4609 2158 4678 largitus
2199 4618 2302 4671 est,

746 4724 845 4762 suo
876 4707 1044 4776 ipsius
1071 4707 1332 4773 sanguine
1362 4716 1457 4770 pro
1494 4701 1767 4753 hominum
1813 4700 2063 4753 libertate
2112 4698 2299 4752 eﬂ'uso.

748 4800 1105 4865 Quamobrem
1152 4810 1246 4846 sua
1280 4794 1473 4860 cuique
1497 4792 1789 4859 provinciae
1814 4790 1958 4858 jura,
1999 4800 2184 4844 sancta
2214 4805 2304 4859 sy-

751 4893 940 4956 nodus,
990 4891 1125 4941 t'acta
1158 4888 1320 4938 etiam
1358 4882 1789 4951 metropolitanis
1818 4881 1976 4951 hujus
2025 4882 2185 4935 edicti
2211 4883 2305 4933 de-

750 4982 1025 5039 scribendi
1061 4988 1341 5048 potestate,
1371 4990 1435 5030 ex
1456 4977 1674 5043 antiqua
1700 4973 2085 5028 consuetudine
2099 4972 2302 5026 servari

746 5078 899 5145 jubet
924 5091 939 5139 ;
980 5084 1032 5126 et
1053 5074 1099 5125 si
1128 5082 1303 5140 typus,
1336 5070 1528 5136 inquit,
1558 5067 1639 5121 vel
1668 5064 1926 5132 scriptum
1955 5063 2168 5131 aliquod
2191 5061 2301 5129 jam

750 5167 981 5221 decretis
1035 5162 1303 5217 contraria
1346 5159 1651 5229 exprimens
1706 5168 1757 5213 et
1798 5158 2131 5211 constituens
2176 5172 2302 5225 pro-

748 5255 973 5320 feratur,
1008 5251 1219 5306 irritum
1252 5251 1342 5305 sit.

746 5432 977 5489 ARIST.
1008 5412 1299 5486 Servantur.
1321 5446 1417 5482 sua
1456 5430 1638 5497 cuique
1678 5431 1961 5493 provincia:
1984 5434 2134 5498 jura,
2166 5447 2302 5499 pura

819 5544 880 5579 uc
910 5525 1180 5577 inviolata.
1238 5525 1340 5588 Qui
1391 5539 1506 5574 vero
1550 5524 1868 5577 contrariam
1900 5525 2039 5576 hisce
2076 5524 2300 5591 formum

817 5618 1119 5680 introducit,
1144 5615 1310 5683 futilis
1337 5625 1433 5669 est.

816 5709 1138 5777 Quicunque
1194 5705 1435 5776 episcopi
1498 5708 1726 5761 alienam
1790 5709 2125 5778 provinciam
2189 5726 2300 5765 sua:

738 5802 996 5857 aotestati
1024 5802 1072 5857 vi
1113 5801 1461 5871 subiecerint,
1504 5816 1625 5869 qute
1652 5802 1779 5856 olim
1809 5813 1863 5857 et
1901 5804 1968 5857 ab
2003 5804 2157 5857 initio
2192 5804 2291 5858 sub

2411 4616 2484 4684 μὴ
2516 4614 2697 4683 ἔχουσι
2728 4614 2935 4667 δίκαιον
2967 4614 3353 4684 ἀφαιρευῶμεν
3384 4614 3483 4682 τὴν
3518 4612 3863 4681 ἐλευθερίαν,
3898 4616 3977 4683 ῆν

2405 4711 2433 4760 6
2467 4709 2666 4777 Κύριος
2700 4708 2832 4777 ἡμῖν
2865 4707 3193 4777 ἐδωρήσατο,
3230 4708 3290 4759 τὸ
3324 4708 3521 4758 οἰκεῖον
3552 4705 3788 4768 κενώσας
3827 4701 3979 4774 αἷμα

2407 4798 2545 4867 ὑπὲρ
2592 4798 2690 4867 τῆς
2735 4798 2843 4849 τῶν
2893 4798 3195 4866 ἀνθρώπων
3240 4796 3571 4866 ἐλευθερίας.
3624 4797 3713 4847 Διὸ
3759 4798 3978 4867 ἑκαστῃ

2404 4888 2639 4959 ἐπαρχίᾳ
2670 4889 2739 4940 τὰ
2770 4890 2943 4941 οἰκεῖα
2973 4888 3154 4941 δίκαια
3190 4889 3327 4940 κατά
3360 4888 3419 4939 τὸ
3452 4888 3679 4939 παλαιὸν
3696 4887 3830 4962 ,ἔθος
3865 4904 3981 4952 φιν

2405 4978 2689 5033 λάττεσθαι
2723 4980 2756 5050 ἠ
2796 4980 2927 5046 ἁγία
2968 4978 3182 5040 σῢνοδος
3222 4979 3543 5047 ἐψηφίσατο,
3584 4978 3678 5030 καὶ
3712 4981 3822 5039 τοίς
3862 4996 3983 5047 μη-

2404 5070 2743 5139 τροπολίταις
2765 5070 2948 5124 ἄδειαν
2972 5068 3136 5120 ἔδωκε
3158 5071 3226 5120 τά
3248 5070 3593 5137 ἐψηφισμένα
3616 5068 3979 5133 ἐκλαόέσθαε,

2406 5164 2508 5215 κᾶν
2536 5162 2704 5224 τύπος
2725 5202 2740 5224 ,
2774 5164 2966 5230 φησὶν,
3000 5161 3170 5230 ἦγουν
3202 5161 3471 5230 ἑγγραφόν
3501 5178 3553 5211 τι
3573 5199 3590 5223 ,
3620 5160 3978 5231 προκομισθῇ

2404 5253 2607 5306 τυποῦν
2653 5254 2747 5306 καὶ
2793 5252 2973 5322 όρίζον
3020 5252 3154 5304 ἄλλα
3201 5254 3350 5322 παρά
3398 5253 3467 5303 τά
3521 5251 3615 5303 νῦν
3660 5252 3977 5321 ὡρισμένα,

2406 5345 2605 5413 ἄκυρος
2634 5345 2808 5398 ἔσται.

2403 5440 2619 5493 ΑΡΙΣΤ.
2664 5442 2953 5507 Τηρείσθω
2995 5441 3065 5492 τὰ
3114 5440 3341 5506 ἑκάστῃ
3374 5440 3625 5508 ἐπαρχίᾳ
3658 5444 3982 5508 προσόντα

2472 5532 2673 5584 δίκαια
2710 5531 2953 5598 καθαρὰ,
2974 5532 3246 5585 ἀϐιάστα.
3285 5533 3349 5583 '0
3383 5533 3450 5583 δὲ
3484 5534 3673 5584 τύπον
3706 5533 3982 5585 ἀντικεί-

2471 5637 2659 5689 μενον
2688 5623 2916 5687 τούτοις
2953 5622 3208 5689 εὶσάγων
3238 5623 3552 5690 ἀνόνητος.

2473 5714 2625 5765 Ὅσοι
2665 5714 2771 5766 τῶν
2813 5716 3125 5768 ἐπισκόπων
3170 5716 3260 5785 βίᾳ
3304 5718 3408 5767 ὑπὸ
3447 5718 3544 5784 τὴν
3587 5716 3765 5770 αὐτῶν
3806 5718 3980 5785 χεῖρα

2401 5804 2665 5875 ἐπαρχίαν
2700 5806 2892 5877 ἑτέραν
2926 5808 3264 5877 ἐποιήσαντο,
3301 5811 3397 5862 οὐκ
3437 5805 3601 5863 οὖσαν
3634 5809 3839 5863 ἄνωθεν
3870 5811 3981 5862 καὶ
