4238 6464
206 426 313 488 369

1326 430 1375 487 N
1415 426 1579 485 CAN.
1617 422 1756 483 νιιῐ
1803 421 2009 485 CONC.
2054 428 2311 487 EPHES.

3330 428 3439 490 370

206 535 266 596 ἐξ
296 531 473 601 ἀρχῆς
506 533 595 584 ὑπ’
618 534 833 593 αὐτοὺς,
863 535 897 604 ἦ
928 535 1222 604 προνόμιὼ
1246 553 1298 587 τι
1327 534 1631 602 ἐπισκοπῆς
1657 531 1771 584 ἑτέ·
1803 531 1849 589 Δ

1765 562 1771 571 -
1803 531 1849 589 Δ
1881 533 1984 591 illis
2020 553 2123 591 non
2158 537 2279 601 luit,
2309 536 2469 607 106
2503 542 2594 589 aut
2630 534 2859 591 alterius
2887 535 3233 605 episcopatus
3284 552 3439 589 usur-

208 643 309 693 ρας
343 627 697 694 ὑφήρπασαν,
724 628 874 679 οὐδέν
899 645 952 679 τι
979 630 1041 679 ἐκ
1068 628 1259 681 τούτου
1285 627 1739 694 δικαιωθήσονται
1758 639 1773 654 ⁸

204 719 323 769 ἀλλ’
380 718 809 771 ὲπανασωθῶσιν
832 716 989 782 αὖθις
1014 722 1148 791 πρὸς
1171 723 1296 782 τοὺς
1324 720 1543 788 ἔχοντας
1569 719 1775 771 δίκαιον

205 809 294 861 ἐπ’
318 810 489 872 αὑτὰς
516 812 846 875 ἐπισκόπους
869 829 883 841 θ
914 812 996 864 ὃτι
1026 831 1129 882 περ
1155 813 1368 882 καθαρά
1401 815 1494 865 καὶ
1542 812 1778 864 ἀϐίαστα

203 900 522 968 ὀφείλουσιν
544 902 747 972 ἑκάστῃ
772 904 1011 973 ἐπαρχίᾳ
1037 908 1320 975 προσεῖναι
1343 907 1409 958 τὰ
1431 904 1638 958 δίκαια.
1669 905 1777 957 Καὶ

206 992 285 1061 μὴ
322 993 492 1062 τῦφον
523 995 796 1064 κοσμικῆς
826 995 1075 1060 ἔξουσίας
1104 999 1163 1049 ἐν
1195 996 1502 1067 ἱερουργίας
1531 999 1774 1065 arma“.

207 1101 345 1152 ματι
397 1085 840 1155 παρεισδύεσθαι.
882 1090 941 1141 '0
987 1089 1045 1142 δὲ
1088 1090 1259 1142 τύπον
1306 1091 1544 1158 εἰσάγων
1590 1090 1778 1159 ἕτερον

201 1178 321 1238 τοῖς
352 1176 589 1231 ἐνταῦθα
615 1178 911 1247 ὁρισθεῖσιν
935 1180 1314 1252 ἀντικείμενον
1343 1181 1438 1235 καὶ
1468 1181 1779 1250 μαχόμενον

203 1269 361 1320 οὐδέν
388 1287 443 1320 τι
470 1269 903 1341 ὠφεληθήσεται.

216 1487 545 1578 Ἐπιστολῇ
585 1490 696 1578 τῆς
722 1493 913 1578 αςιτῆς
1054 1494 1281 1578 Ἐφέσῳ
1304 1499 1474 1578 ἁγίας
1489 1499 1779 1578 ,συνόδου

280 1565 434 1647 Ξρύς
470 1565 591 1647 τιῄν
628 1565 697 1614 ἐν
720 1567 1057 1647 ﬂammaue:
1097 1568 1281 1647 εὐαηῆ
1320 1569 1603 1633 σύνοδον,
1646 1573 1778 1639 περὶ

279 1631 414 1681 Eua
422 1633 623 1684 ταθίου
640 1634 747 1687 τοῦ
770 1631 1089 1703 γενομένου
1106 1631 1305 1691 αὐτῶν
1316 1631 1774 1708 μητροπολίτΟυ.

271 1744 435 1796 Μετὰ
457 1744 696 1811 ,βουλῆς
728 1747 924 1802 πάντα
954 1752 1141 1813 ποίει,
1183 1770 1201 1803 s
1236 1751 1346 1819 τῆς
1373 1756 1779 1808 θεοπνεύστου

272 1837 579 1901 λεγούσης
611 1839 877 1907 ι’ραφῆς,
906 1842 1023 1909 χρὴ
1050 1843 1317 1910 μάλιστα
1344 1846 1483 1910 τοὺς
1510 1845 1775 1911 ιερᾶσθαι

272 1929 583 1994 ,λαχόντας
604 1934 755 1997 μετὰ
784 1933 993 2002 πάσης
1021 1936 1321 2004 ἀκριϐείας
1345 1936 1458 2006 τήν
1481 1939 1573 2007 ἐφ’
1592 1937 1782 1993 ἅπασι

278 2018 410 2085 τοῖς
442 2022 760 2090 πρακτέοις
793 2026 1086 2081 ποιεῖσθαι
1117 2028 1461 2099 διάσκεψιν.
1510 2031 1783 2085 Διαϐιύῦν

274 2113 389 2179 τὰρ
435 2114 626 2181 οὕτως
673 2118 1013 2183 ἐθέλουσιν,
1057 2122 1128 2175 ἐν
1171 2123 1337 2188 κα.Ῑῷ
1380 2124 1491 2193 τῆς
1535 2126 1783 2192 ἐλπίδος

278 2204 520 2260 κεῖσθαί
550 2224 615 2261 τε
647 2212 774 2262 κατ’
799 2213 1051 2279 αὐτοὺς,
1087 2216 1183 2270 καὶ
1218 2212 1345 2269 οἷον
1375 2218 1443 2280 ἐξ
1476 2220 1682 2286 οὐρίας
1716 2221 1785 2271 ἐν

278 2295 403 2361 τοῖς
453 2302 579 2350 κατ’
606 2301 801 2368 εὐχὴν
838 2305 1241 2372 ἀποφέρεσθαι
1283 2310 1599 2376 συμϐαίνει
1623 2326 1638 2341 ’
1685 2311 1783 2363 καὶ

280 2390 444 2442 πολὺ
470 2393 538 2443 τό
566 2409 633 2461 τε
660 2396 820 2459 είκός
847 2400 879 2449 ό
904 2399 1085 2462 λόγος
1112 2399 1254 2467 ἔχει.
1287 2400 1447 2454 Ἀλλ’
1471 2397 1633 2454 οἶδεν
1655 2402 1783 2455 ἔσθ’

278 2478 383 2531 ὅτε
414 2481 641 2550 δριμεῖα
670 2488 767 2539 καὶ
795 2489 1093 2557 ἀφόρητος
1123 2493 1310 2559 λύπη,
1342 2496 1787 2562 κατασκήψασα

280 2571 427 2634 νοῦ,
473 2576 890 2632 καταθολῶσαί
932 2597 995 2634 τε
1036 2581 1243 2647 δεινῶς
1283 2586 1489 2647 αὐτὸν,
1534 2586 1631 2637 καὶ
1675 2587 1786 2652 τῆς
1832 2578 1840 2585 ’

284 2660 407 2713 τῶν
440 2664 698 2720 δεόντων
727 2670 1090 2741 ἀποκομίσαι
1124 2675 1337 2742 θήρας,
1368 2678 1690 2732 ἀναπεῖσαί
1721 2696 1785 2732 τε

287 2758 357 2809 τὸ
413 2761 683 2827 πεφυκὸς
730 2763 963 2818 ἀδικεῖν
1007 2765 1087 2832 ὦς
1136 2785 1189 2819 τι
1243 2769 1361 2821 τῶν
1409 2770 1786 2837 όνησιφόρων

284 2848 460 2901 ἰδεῖν.
512 2853 789 2909 Τοιοῦτόν
828 2874 883 2910 τι
927 2861 1264 2914 πεπονθότα
1301 2861 1620 2930 τεθεάμεθα
1680 2866 1784 2917 τὸν

281 2942 735 2999 εὐλαϐέστατον
783 2950 880 3001 καὶ
931 2955 1397 3009 θεοσεϐέστατον
1445 2958 1784 3013 ἐπίσκοπον

284 3031 628 3136 Εύστάθιον
645 3052 659 3067 ο
688 3043 1159 3109 κεχειροτόνηται
1180 3045 1295 3112 μὲν
1314 3047 1447 3114 γὰρ,
1472 3050 1550 3114 ὡς
1566 3067 1784 3119 μεμαρ-

281 3130 553 3187 τύρηται,
609 3130 936 3196 κανονικῶς
963 3148 980 3165 ο
1032 3138 1496 3203 τεθορυϐημένος
1547 3140 1647 3205 δὲ,
1702 3141 1782 3208 ὥς

284 3228 473 3280 φησι,
510 3216 668 3283 παρά
698 3235 905 3284 τινων,
944 3224 1043 3276 καὶ
1080 3225 1395 3294 ἀδοκήτοις
1429 3232 1781 3297 περιστάσε-
1808 3219 1854 3277 (ἶ

286 3322 397 3358 σιν
436 3307 804 3378 ἐμβεϐηκὼς,
843 3310 972 3368 εἶτα
1013 3316 1080 3369 ἐκ
1125 3318 1362 3387 πολλῆς
1403 3320 1557 3390 ἄγαν
1594 3325 1780 3393 ἀπρα-

286 3402 603 3467 γμοσύνης
634 3404 969 3474 ἀπειρηκὼς
999 3415 1111 3477 τὴν
1144 3411 1505 3467 ἀντίστασιν
1535 3415 1651 3469 τῶν
1680 3420 1784 3472 ἐπ-

284 3494 701 3560 ενηνεγμένων
714 3498 872 3562 αὐτῷ
886 3502 1236 3568 φροντίδων,
1256 3505 1353 3557 καὶ
1370 3506 1785 3574 διακρούεσθαι

287 3585 397 3649 τὰς
439 3590 598 3653 παρὰ
634 3587 753 3642 τῶν
784 3590 1201 3662 ἐπιφυομένων
1237 3598 1396 3663 αὺτῷ
1440 3599 1813 3670 δυσφημίας.

284 3678 643 3747 δυνάμενος,
676 3685 1087 3754 παραιτήσεως
1114 3691 1226 3743 οὐκ
1258 3691 1436 3759 ἴσμεν
1461 3693 1619 3761 ὅπως
1644 3712 1786 3764 προσ

286 3772 534 3839 εκόμισε
559 3775 837 3837 ,ϐιϐλίον’
870 3778 991 3831 ἔδει
1025 3780 1135 3850 γὰρ
1166 3783 1246 3847 ὡς
1278 3783 1441 3850 ἅπαξ
1471 3787 1786 3857 ἐγκεχειρι-

288 3865 523 3932 σμένον
572 3868 874 3937 ἱερατικὴν
916 3874 1226 3939 φροντίδα,
1275 3878 1495 3945 ταύτης
1542 3881 1785 3949 ἔχεσθαι

284 3957 416 4023 μετ’
435 3959 761 4024 εὐρωστίας
789 3964 1217 4031 πνευματικῆς,
1250 3967 1346 4020 καὶ
1380 3963 1512 4022 οἷον
1532 3970 1786 4025 ἀνταπο-

288 4049 538 4102 δύεσθαι
565 4051 689 4116 τοῖς
716 4053 949 4119 πόνοις,
979 4055 1078 4108 καὶ
1110 4056 1324 4123 ιδρῶτα
1362 4062 1467 4113 τὸν
1494 4061 1787 4130 ἔμμισθον

289 4139 589 4193 ἑθελοντεὶ
628 4142 960 4211 ὑπομεῖναι.
994 4145 1233 4213 Ἐπειδὴ
1274 4146 1344 4200 δὲ
1381 4149 1545 4214 ἅπαξ
1587 4151 1788 4219 ὀλιγώ-

278 4249 406 4297 ρως
444 4234 661 4299 ἔχοντα
700 4235 1049 4300 παρέδειξεν
1088 4237 1324 4300 ἑαυτὸν,
1366 4241 1544 4295 τοῦτο
1584 4244 1789 4298 παθὼν

287 4323 359 4386 ἐξ
399 4324 870 4394 ἀπραγμοσύνης
900 4326 1142 4396 μᾶλλον
1177 4331 1214 4396 ἢ
1255 4330 1437 4386 ὄκνου
1474 4334 1571 4386 καὶ
1606 4336 1788 4403 ῥαθυ-

284 4416 465 4482 μίας,
521 4419 1011 4484 κεχειροτόνηκεν
1059 4420 1394 4489 ἀναγκαίως
1446 4424 1485 4490 ἡ
1537 4424 1789 4494 ὑμετέρα
1836 4426 1839 4430 ’

290 4506 594 4607 θεοσέόειιι
632 4509 1225 4607 τὸν-εύσεϐέστατον
1261 4515 1360 4567 καὶ
1402 4517 1785 4571 θεοσεϐέστα-
1818 4551 1863 4607 D

291 4613 400 4649 ror
430 4596 698 4666 ἀδελφὸν
732 4599 899 4668 ἡμῶν
932 4602 1033 4655 καὶ
1065 4606 1533 4661 συνεπίσκοπον
1566 4610 1785 4664 Θεόδω-

280 4702 422 4751 ρον,
462 4687 859 4754 φροντιοῦντα
895 4691 1006 4757 τῆς
1045 4694 1397 4761 ἐκκλησίας.
1432 4699 1514 4751 Οὐ
1557 4699 1666 4767 τὰρ
1707 4697 1786 4770 ἦν

290 4777 629 4829 ἀκόλουθον
649 4781 923 4846 χηρεύειν
944 4783 1157 4849 αὐτὴν,
1181 4785 1276 4837 καὶ
1302 4786 1626 4843 ἐπιστάτου
1648 4792 1786 4860 δίχα

291 4867 589 4921 διατελεῖν
616 4870 720 4923 τοῦ
751 4870 1024 4939 Σωτῆρος
1055 4874 1124 4929 τὰ
1155 4878 1419 4945 ποίμνια.
1454 4880 1691 4949 Ἐπειδὴ
1719 4882 1787 4936 δὲ

293 4957 602 5025 προσῆλθε
643 4962 889 5028 κλαίων,
927 4966 1000 5018 οὐ
1043 4967 1175 5033 περι
1218 4966 1330 5036 τῆς
1372 4970 1603 5037 πόλεως
1645 4972 1787 5027 οὐδὲ

294 5051 406 5115 τῆς
441 5051 773 5117 ἐκκλησίας
810 5057 1167 5122 φιλονεικῶν
1200 5056 1278 5122 τῷ
1312 5064 1785 5130 μνημονευθέντι

291 5143 739 5209 θεοσεόεστάτῳ
769 5144 1081 5214 ἐπισκόπῳ
1110 5149 1404 5217 Θεοδώρῳ,
1435 5153 1685 5218 ἐξαιτῶν
1713 5155 1784 5209 δὲ

292 5234 437 5298 τέως
484 5234 597 5298 τὴν
640 5234 747 5287 τοῦ
793 5234 1132 5292 ἐπισκόπου
1176 5240 1357 5308 τιμὴν
1396 5244 1495 5295 καὶ
1538 5243 1789 5311 κλῆσιν,

293 5326 773 5399 συνηλγήσαμεν
796 5327 1057 5394 ἅπαντες
1081 5330 1160 5395 τῷ
1188 5335 1516 5401 πρεσϐύτῃ,
1548 5338 1642 5388 καὶ
1671 5354 1794 5390 κοι-

292 5421 407 5470 νὸν
418 5418 569 5471 εῖναι
589 5418 971 5487 λογισάμενοι
988 5424 1054 5476 τὸ
1074 5424 1261 5477 αὑτοῦ
1280 5425 1560 5494 δάκρυον,
1575 5428 1792 5483 ἐσπεύ-

296 5510 482 5576 δομεν
518 5510 751 5579 μαθεῖν,
794 5513 843 5564 ει
890 5515 1236 5581 καθαίρεσιν
1273 5516 1533 5584 ἔννομον
1574 5521 1792 5588 ὑπομε-

297 5603 557 5667 μένηκεν
591 5605 625 5655 ὁ
659 5605 1116 5672 μνεμονευθείς,
1153 5606 1346 5675 ἤγουν
1378 5608 1481 5661 ἐπί
1518 5626 1635 5662 τισι
1675 5610 1795 5664 τῶν

294 5696 534 5748 ἀτόπων
570 5695 924 5764 ἐλήλεγκται
961 5699 1121 5767 πηιά
1157 5717 1337 5755 τινων
1376 5704 1789 5771 καταφλυαρη-

295 5855 339 5886 ⁸⁷
370 5854 525 5910 Prov.
561 5872 675 5921 xm,
703 5854 755 5910 7.

1886 629 2131 695 paverint
2179 628 2536 696 privilegium,
2599 628 2726 681 nihil
2770 641 2836 679 ex
2886 642 2951 680 eo
3010 642 3190 681 causa».
3250 641 3435 680 eorum

1884 720 2130 784 addetnr,
2158 723 2252 774 sed
2280 720 2347 773 ad
2383 719 2502 772 illos
2532 735 2717 774 rursus
2741 721 3048 787 episcopos,
3101 720 3190 788 qui
3239 720 3323 784 ius
3369 722 3435 771 aal

1883 827 1978 865 eas
2015 814 2333 877 habuerunt,
2369 813 2745 868 restituantur.
2777 811 2909 865 Nam
2941 827 3069 879 pura
3094 822 3147 865 et
3180 812 3438 865 inviolata

1884 906 2080 957 debent
2117 904 2311 971 cuique
2340 903 2625 971 provincia:
2647 903 2847 956 servari
2873 903 3017 971 jura.
3047 913 3098 955 et
3124 904 3223 957 sub
3255 918 3439 956 sacer-

1884 996 2078 1049 dotalis
2103 996 2343 1049 muneris
2370 1003 2627 1063 prmlmtu
2665 994 2938 1046 surcularis
2959 995 3209 1062 potentiae
3237 993 3434 1048 l‘nSqui

1885 1104 1988 1141 non
2030 1088 2231 1143 subire.
2300 1086 2354 1139 Si
2384 1086 2503 1153 quis
2540 1096 2717 1139 autem
2772 1085 3204 1139 constitutionem
3256 1084 3436 1149 aliam,

1886 1181 1953 1235 iis
1973 1196 2091 1250 qua:
2142 1181 2229 1234 hic
2268 1180 2627 1234 decernuntur
2666 1181 3041 1232 adversantem
3093 1188 3147 1231 et
3198 1191 3441 1246 pugnan-

1886 1283 2014 1337 tem,
2079 1272 2458 1333 introduserit,
2524 1270 2728 1323 nullum
2778 1285 2843 1323 ex
2898 1282 2964 1321 eo
3018 1269 3436 1322 emolumentum

1883 1365 2076 1434 capiet.

1888 1498 2128 1563 Epistula
2170 1496 2398 1565 ejusdem
2428 1507 2623 1549 sancta
2648 1493 2921 1565 Ephesium
2940 1491 3124 1565 sgnodi
3142 1490 3211 1565 ad
3236 1505 3439 1565 sacram

1955 1571 2006 1621 in
2041 1560 2349 1636 Pumpltylia
2377 1568 2654 1635 synodum,
2683 1568 2745 1619 de
2779 1560 3076 1624 Eustathio,
3106 1561 3199 1631 qui
3228 1560 3328 1630 fuit
3350 1575 3439 1613 eo-

1953 1654 2067 1690 rum
2098 1636 2550 1704 metropolitanus.

1884 1751 2015 1806 Cum
2036 1750 2280 1802 divinitus
2312 1748 2566 1816 inspirata
2598 1744 2869 1809 Scriptura
2898 1746 3061 1804 dicat,
3091 1762 3110 1795 ι
3135 1741 3239 1796 Fac
3263 1741 3438 1795 omnia

1951 1859 2067 1895 cum
2091 1840 2309 1893 consilio
2341 1840 2408 1893 ⁸⁷.
2448 1858 2467 1890 s
2505 1841 2731 1892 maxime
2761 1839 2962 1907 quidem
2988 1844 3188 1906 oportet
3220 1851 3326 1897 eos,
3351 1832 3439 1902 qui

1952 1935 2238 1989 sacerdotis
2291 1930 2510 2001 gradum
2557 1932 2731 1984 sortiti
2766 1941 2905 1993 sunt,
2940 1945 3093 1999 quant
3124 1928 3241 1996 ﬁeri
3274 1918 3439 1995 potist

1954 2025 2345 2078 accuratissime
2367 2025 2543 2076 omnia
2568 2039 2684 2094 qute
2720 2032 2839 2075 sunt
2864 2023 3065 2091 agenda
3092 2019 3349 2090 inquirere
3377 2036 3438 2071 ac

1952 2119 2274 2172 examinare.
2326 2114 2404 2169 Iis
2447 2116 2604 2177 enim,
2637 2115 2724 2181 qui
2768 2115 2921 2167 vitam
2954 2113 3030 2165 ita
3073 2111 3250 2164 volunt
3283 2110 3441 2162 insti-

1956 2218 2120 2270 tuere,
2145 2208 2285 2260 circa
2330 2222 2391 2258 ea
2422 2221 2539 2274 qua:
2570 2206 2638 2257 ad
2665 2221 2719 2257 se
2744 2207 3020 2270 pertinent,
3050 2217 3190 2270 spem
3230 2201 3442 2269 pulchre

1953 2299 2263 2352 collocatam
2311 2297 2517 2358 habere,
2559 2305 2607 2348 et
2640 2304 2887 2364 tanquam
2927 2293 3151 2347 secundo
3192 2302 3339 2346 vento
3380 2307 3441 2343 ca

1952 2412 2046 2463 pro
2078 2402 2192 2447 toto
2214 2394 2486 2447 succedere
2514 2392 2782 2458 continget
2804 2406 2822 2443 :
2852 2399 2899 2443 et
2942 2403 3183 2456 nmgnam
3226 2384 3436 2452 quidem

1955 2486 2107 2538 habet
2158 2482 2665 2538 nerisimilitudinem
2736 2483 2929 2536 oratio.
2980 2477 3082 2531 Sed
3129 2476 3343 2529 acerbus
3392 2485 3441 2527 et

1955 2576 2302 2631 intolerabilis
2332 2575 2486 2629 dolor
2522 2585 2739 2628 mentem
2790 2570 3077 2643 aliquando
3122 2569 3435 2636 oppriment,

1953 2689 2070 2726 eam
2099 2681 2145 2725 et
2178 2671 2328 2724 ualde
2357 2670 2650 2737 perturbat,
2696 2677 2744 2720 et
2795 2666 2858 2718 ab
2902 2680 3103 2723 eorum.
3164 2677 3279 2730 qua'
3324 2660 3442 2727 fieri

1956 2775 2174 2831 oportet,
2199 2763 2551 2831 persecutione
2574 2760 2810 2823 abducit,
2841 2766 2891 2811 et
2922 2755 3197 2822 persuadet
3219 2763 3274 2807 ut
3304 2768 3440 2822 quoa

1955 2861 2202 2927 injuriam
2223 2846 2396 2924 facere
2413 2865 2595 2922 suapte
2618 2863 2809 2906 natura
2829 2849 3108 2908 consuevit,
3128 2846 3179 2900 id
3195 2855 3443 2914 tanquam

1954 2950 2153 3019 aliquid
2184 2945 2508 3001 conducibile
2536 2944 2798 3010 respiciat.
2835 2938 2961 2993 Tale
2994 2934 3117 3006 quid
3157 2937 3210 2988 in
3258 2934 3440 3003 primis

1956 3045 2042 3110 pio
2079 3052 2127 3095 et
2157 3040 2402 3108 religioso
2424 3037 2664 3106 episcopo
2716 3031 3004 3110 Eustathio
3033 3028 3283 3081 occidisse
3308 3024 3445 3078 vidi-

1954 3150 2087 3188 mus.
2127 3131 2388 3185 Canonice
2434 3128 2595 3192 enim,
2640 3133 2696 3178 ut
2744 3106 3067 3193 perhibetur,
3108 3119 3298 3172 electus
3342 3125 3440 3169 est.
3472 3156 3486 3179 ,

1956 3228 2085 3281 Cum
2116 3237 2289 3278 autem
2325 3232 2457 3276 esset
2488 3237 2519 3272 a
2549 3216 2815 3271 nonnullis
2856 3211 3212 3283 perturbatus,
3250 3217 3305 3260 ut
3342 3208 3441 3269 ait,

1954 3330 2001 3375 et
2044 3321 2097 3373 in
2142 3318 2444 3385 inopinatas
2491 3328 2661 3365 rerum
2716 3306 3134 3361 circumstantias
3153 3300 3442 3362 incidisset,

1955 3413 2138 3465 deinde
2163 3425 2274 3475 pra:
2295 3407 2456 3459 nimia
2486 3401 2678 3470 negotii
2704 3397 2915 3469 gerendi
2939 3397 3063 3475 fuga
3099 3395 3162 3447 ob
3193 3394 3441 3463 ingruen‘

1957 3515 2028 3557 tes
2048 3501 2148 3556 sibi
2175 3515 2329 3553 curas
2361 3497 2594 3550 animum
2634 3490 3015 3559 despondisset,
3048 3470 3180 3539 'cum
3223 3482 3442 3537 maledi-

1955 3606 2061 3657 cta,
2117 3608 2234 3663 quae
2286 3593 2341 3644 in
2398 3605 2514 3643 eum
2566 3586 2628 3637 ab
2692 3581 3079 3638 imminentibus
3131 3576 3444 3632 adversariis

1955 3688 2387 3753 congerebantur,
2427 3694 2663 3732 amovere
2692 3683 2886 3744 posset,
2917 3670 3326 3725 renuntiationis
3370 3666 3442 3719 li-

1957 3778 2148 3831 bellum
2188 3774 2446 3827 nescimus
2478 3768 2734 3840 quomodo
2758 3765 2966 3819 obtulit.
2992 3762 3274 3830 Oportebat
3304 3760 3441 3813 enim

1953 3885 2091 3931 eum,
2127 3876 2183 3919 ut
2210 3867 2295 3919 cui
2326 3861 2673 3918 sacerdotalis
2720 3875 2845 3913 cura
2876 3855 3031 3910 semel
3063 3854 3313 3905 mandata
3342 3860 3441 3913 est,

1954 3962 2003 4017 ei
2025 3977 2142 4015 cum
2176 3956 2440 4025 spirituali
2468 3953 2649 4007 robore
2676 3950 2935 4013 insistere,
2970 3957 3015 4001 et
3056 3947 3260 3999 labores
3286 3942 3478 3997 veluti.

1951 4054 2148 4113 subire.
2177 4062 2224 4104 et
2264 4050 2531 4111 sudorem,
2566 4046 2651 4097 cui
2684 4058 2876 4095 merces
2927 4039 3190 4108 proposita
3224 4047 3322 4097 est,
3362 4034 3446 4088 lu-

1958 4150 2131 4201 benter
2181 4143 2463 4207 suscipere.
2504 4137 2766 4202 Quoniam
2820 4142 2997 4185 autem
3028 4130 3249 4197 seipsum
3288 4125 3445 4180 semel

1957 4235 2295 4306 negligentem
2326 4246 2439 4284 esse
2469 4227 2717 4287 ostendit,
2750 4226 2907 4290 idque
2937 4222 2987 4274 ei
3024 4222 3197 4285 potius
3235 4227 3445 4285 prapter

1957 4325 2150 4395 negotii
2189 4339 2252 4375 ac
2280 4320 2475 4374 laboris
2513 4318 2719 4386 fugam,
2768 4329 2924 4383 quam
2954 4322 3165 4379 propter
3201 4309 3441 4360 inertiam

1957 4436 2018 4472 ac
2044 4417 2339 4471 socordiam
2356 4412 2569 4476 accidit,
2600 4418 2767 4464 vestra
2796 4407 2961 4473 pietas
2996 4402 3443 4472 religiosissimum

1961 4527 2023 4564 ac
2052 4510 2278 4562 maxime
2307 4508 2448 4574 pium
2480 4508 2697 4575 [ratrem
2730 4510 2963 4554 nostrum
3004 4506 3053 4549 et
3086 4493 3442 4559 coepiscopum
3541 4511 3545 4513 λ

1965 4603 2292 4656 Theodorum
2337 4598 2570 4651 ecclesia:
2597 4610 2780 4649 curam
2829 4600 3098 4660 gesturum
3155 4583 3446 4639 necessario

1963 4693 2244 4749 ordinavit.
2284 4690 2462 4759 Neque
2501 4688 2637 4741 enim
2671 4694 2785 4739 erat
2815 4684 3085 4737 honestum
3120 4689 3173 4730 ut
3203 4693 3262 4729 ea
3291 4676 3448 4728 vidua

1961 4794 2115 4851 esset,
2145 4793 2196 4837 et
2222 4784 2411 4851 absque
2445 4791 2639 4834 rectore
2688 4786 2853 4831 essent
2912 4772 3201 4828 Servatoris
3250 4784 3441 4837 greges.

1964 4877 2070 4934 Sed
2106 4875 2351 4947 quoniam
2384 4872 2516 4942 ﬂens
2539 4868 2774 4929 accessit,
2805 4884 2904 4919 non
2928 4867 2990 4918 de
3013 4866 3238 4925 civitate,
3266 4876 3358 4913 nec
3384 4859 3446 4910 de

1964 4970 2180 5024 ecclesia
2240 4982 2355 5019 cum
2408 4961 2800 5030 religiosissima
2854 4958 3091 5025 episcopo
3151 4953 3443 5009 Theodoro,

1964 5058 2113 5128 cujus
2139 5055 2490 5117 meminimus,
2525 5050 2798 5103 ambitiOse
2836 5050 3169 5108 contendens,
3199 5043 3289 5095 sed
3339 5040 3448 5108 epi-

1964 5149 2105 5219 scopi
2143 5148 2348 5202 interim
2380 5145 2621 5197 lto'norem
2644 5152 2693 5195 et
2714 5140 3109 5223 appellationem
3139 5132 3410 5223 postulans
3430 5150 3448 5185 :

1965 5258 2140 5296 omnes
2180 5232 2315 5293 senis
2363 5239 2524 5289 vicem
2579 5231 2941 5286 contloluimus
2976 5267 2993 5291 ,
3052 5238 3101 5281 et
3152 5240 3450 5279 communes

1964 5350 2074 5388 esse
2107 5332 2219 5401 ejus
2254 5331 2513 5397 lacrgmas
2536 5323 2800 5383 arbitrati,
2824 5323 2957 5373 scire
2979 5317 3355 5378 contendimus,
3379 5330 3447 5366 an

1963 5427 2246 5497 legitimam
2285 5420 2659 5488 depositionem
2695 5415 2974 5486 pra’dictus
3008 5411 3242 5469 subierit,
3282 5427 3349 5460 an
3377 5408 3440 5458 ab

1965 5518 2251 5586 aliquibus,
2297 5516 2385 5584 qui
2433 5512 2631 5579 faniam
2659 5510 2772 5577 ejus
2820 5507 3108 5567 elevarant,
3159 5501 3451 5568 aliquorum

1968 5607 2203 5677 gravium
2230 5616 2278 5656 et
2308 5603 2644 5672 indignorum
2682 5600 2956 5653 criminum
2982 5595 3244 5647 convictus
3269 5593 3447 5657 fuerit.

1972 5700 2131 5771 Atqui
2161 5697 2440 5751 didicimus
2474 5695 2602 5749 nihil
2629 5691 2883 5762 ejusmodi
2913 5689 2979 5743 ab
3008 5703 3066 5742 eo
3093 5687 3289 5755 {actum
3320 5699 3452 5747 esse,
