4238 6464
240 413 352 479 373

1395 427 1471 484 IN
1500 427 1661 490 CAN.
1697 427 1830 486 VIII
1871 426 2075 488 CONC.
2119 428 2383 490 EPIIES.

3364 437 3469 501 37L

242 533 468 601 ἐφεξῆς.
511 534 672 586 πόθεν
721 531 866 590 οὗτοι
921 538 1190 605 διαιροῦσι
1243 537 1311 590 τά
1365 539 1666 607 ἀδιαίρετα,
1713 541 1916 600 καὶΑι

1790 542 1807 590 t
1834 541 1883 600 Α
1911 557 2141 608 quanam
2173 543 2378 593 ratione
2395 543 2640 595 dividunt
2666 544 2752 598 isti
2779 560 2896 609 quin
2913 561 3019 599 non
3054 545 3249 600 debent
3278 548 3464 606 dividi.

239 627 598 695 νομοθετοῦσι
649 629 717 679 τά
757 630 828 696 μὴ
861 633 924 698 τῇ
960 631 1219 698 ἐπιστολῇ
1267 632 1663 700 περιεχόμενα;
1699 635 1806 687 Καὶ

235 720 449 788 ταύτην
477 721 530 772 δὲ
561 721 660 786 τὴν
682 722 996 787 οἰκονομίαν
1027 723 1229 790 νομίζω
1254 721 1326 791 μὴ
1351 725 1806 795 ἀπεριμερίμνως

237 813 524 880 γενέσθαι.
553 812 673 866 Τῶν
706 814 814 881 γάρ
857 815 1098 866 κανόνων
1145 817 1237 868 καὶ
1283 818 1381 884 τῆς
1416 817 1552 887 πρὺς
1601 819 1807 887 Δόμνον

237 907 536 974 ἐπιστολῆς
563 907 656 959 τοῦ
693 907 851 971 άγίου
883 909 1155 977 Κυρίλλου
1190 910 1579 980 διοριζομένων
1631 913 1807 965 mea.

235 999 266 1050 λ
301 1017 367 1060 υς
408 1003 790 1066 παραιτήσεως
835 1001 907 1068 μὴ
948 1002 1245 1069 προσάγειν
1281 1005 1434 1065 τινὰς
1466 1004 1572 1056 τῶν
1617 1005 1807 1070 ἱερέων

237 1094 326 1159 (Εἱ
360 1095 487 1162 γὰρ,
525 1093 707 1161 φησὶν,
740 1095 877 1146 εἱσὶν
908 1094 1046 1159 ἄξιοι
1101 1099 1198 1148 τοῦ
1250 1098 1607 1168 λειτουργεῖν,
1638 1101 1805 1152 ἔστω-

237 1201 345 1234 σαν
378 1185 437 1233 ἐν
472 1183 649 1251 τούτῳ
671 1198 685 1212 °
720 1185 768 1234 εξ
797 1183 852 1235 δὲ
884 1183 1116 1249 ἀνάξιοι,
1164 1186 1236 1252 μὴ
1272 1187 1378 1240 ἀπὸ
1421 1189 1807 1256 παραιτήσεως

237 1276 529 1341 ἐξττωσαν,
555 1278 992 1344 κατεγνωσμένοι
1043 1277 1098 1329 δὲ
1132 1279 1330 1345 μᾶλλον
1356 1280 1446 1330 ἐπὶ
1473 1280 1804 1349 πράγμασι),

237 1368 362 1429 πῶς
395 1371 459 1421 ἄν
488 1389 572 1431 τις
600 1371 730 1439 εἴπῃ
757 1370 854 1439 τὴν
891 1372 948 1422 ἐν
990 1370 1203 1442 Ἐφέσῳ
1249 1373 1488 1436 σύνοδον,
1534 1375 1631 1428 καὶ
1665 1375 1803 1443 μᾶλ-

235 1463 333 1515 λον
360 1465 452 1515 τὸν
482 1468 881 1533 προϊστάμενον
911 1464 1116 1533 ταύτης
1146 1466 1320 1533 μέγαν
1343 1467 1610 1536 Κύριλλον
1642 1469 1807 1520 ὑπεν-

234 1556 436 1614 αντίως
486 1557 664 1623 ἐαυτῷ
724 1561 818 1612 καὶ
866 1564 978 1620 τοῖς
1039 1561 1245 1622 λοιποῖς
1278 1561 1527 1631 Πατράσι
1567 1561 1806 1629 διορίσα-

237 1648 365 1700 σθαι
393 1667 405 1707 :
437 1650 599 1714 Ἀλλ’,
631 1652 704 1710 ὡς
739 1652 907 1714 ἔοικε,
947 1653 1046 1720 τῆς
1077 1655 1455 1719 παραιτήσεως
1480 1652 1573 1707 τοῦ
1602 1653 1808 1706 eam-

235 1740 355 1792 θίου
389 1741 462 1811 μὴ
494 1744 658 1813 οΰσης
688 1744 934 1814 βεϐαίας,
967 1746 1099 1798 ἀλλά
1120 1747 1580 1815 κατασειομένης,
1607 1747 1662 1798 ἐν
1695 1763 1804 1798 τισι

230 1833 531 1884 κατένευσε
565 1835 711 1886 κστά
732 1835 890 1900 λόγον
920 1839 1232 1905 οἰκονομίας
1267 1840 1297 1905 ὴ
1327 1837 1456 1902 ἁγία
1482 1838 1704 1898 σύνοδος
1723 1839 1802 1890 εἰς

229 1927 265 1977 ἃ.
294 1925 609 1989 διωρίσατο.
644 1929 764 1981 Ὀτι
808 1930 863 1982 δὲ
897 1930 1121 2000 τοιαύτη
1155 1926 1221 2001 ἦν
1268 1933 1299 1999 ἡ
1339 1931 1670 1998 παραίτησις
1702 1928 1796 1981 τοῦ

231 2016 563 2078 Εύσταῢὶου,
610 2020 940 2088 παρίσταται
978 2023 1070 2073 καὶ
1103 2022 1199 2074 ἀπ’
1233 2022 1400 2090 αὐτῆς
1429 2021 1527 2088 τῆς
1576 2023 1796 2072 ἐπιστο-

227 2109 352 2175 λῆς,
391 2109 654 2179 λεγούσης
702 2112 775 2174 ὡς
831 2114 929 2164 οὐκ
984 2114 1144 2180 ἴσμεν
1206 2113 1353 2175 ὅπως
1412 2114 1796 2180 παραιτήσεως

226 2205 608 2271 προκεκόμικε
664 2204 868 2272 βιϐλίον
910 2209 937 2257 ὀ
979 2207 1293 2267 Εὖστάθιος,
1328 2208 1421 2258 καὶ
1477 2202 1587 2258 οἷον
1659 2206 1800 2270 ξενι-

227 2291 466 2360 ζομένης
501 2295 592 2346 ἐπὶ
619 2297 682 2363 τῇ
718 2295 924 2361 ταύτης
978 2296 1284 2365 παραδοχῇ.
1350 2297 1412 2347 Ei
1447 2297 1554 2364 γάρ
1581 2295 1641 2347 ού
1669 2312 1799 2347 κατ-

226 2385 439 2436 εσείετο
481 2386 585 2436 ύπό
613 2403 757 2448 τινος
790 2386 952 2456 αὕτη,
1014 2388 1133 2440 οὐδὲ
1187 2386 1247 2439 τὸ
1279 2385 1642 2455 ὀνομάζεσθαι
1677 2387 1798 2438 ἐπί-

226 2491 456 2537 σκοπον,
508 2477 600 2527 καὶ
655 2478 962 2546 ἱερουργεῖν
1005 2478 1072 2530 ἀν
1126 2478 1282 2544 ἐδόθη
1340 2477 1508 2546 αὐτῷ.
1539 2479 1703 2530 Ὥστε
1733 2479 1796 2530 τὸ

223 2565 313 2616 διὰ
348 2568 446 2632 τῆς
481 2568 767 2636 παρούσης
815 2569 1105 2635 ἐπιστολῆς
1135 2568 1491 2634 οἰκονομηθέν
1547 2567 1644 2618 οὐκ
1680 2567 1794 2618 ἐστι

224 2658 541 2712 καθολικόν.
575 2659 839 2724 Δηλοῦται
886 2660 943 2712 δέ
993 2661 1150 2713 τοῦτο
1212 2663 1305 2712 καὶ
1333 2662 1395 2711 ἐκ
1443 2659 1537 2711 τοῦ
1584 2660 1792 2729 γράψαι

223 2752 352 2809 τοὺς
390 2753 663 2820 Πατέρας,
699 2753 796 2813 ὡς,
849 2753 1007 2822 εἴπερ
1041 2755 1188 2820 παρά
1235 2753 1344 2805 τῶν
1391 2755 1671 2822 ἐγχωρίων
1701 2757 1793 2807 καὶ

223 2841 420 2906 ἕτερόν
484 2861 535 2893 τι
586 2845 952 2911 χρηστότερον
1000 2845 1224 2908 γένηται
1267 2846 1344 2904 εἱς
1381 2845 1482 2895 τὸν
1539 2845 1790 2912 γέροντα,

222 2934 460 3000 ἀρέσκει
511 2935 670 2986 τού-ο
705 2938 768 3002 τῇ
817 2937 1041 3001 συνόδῳ.
1085 2938 1204 2986 Ἔτι
1248 2936 1367 2988 εἰπὲ
1432 2937 1527 2997 ὡς,
1583 2939 1680 3008 τῆς
1736 2939 1792 2987 ἐν

222 3025 530 3095 Χαλκηδόνι
571 3027 789 3077 συνόδου
854 3027 1227 3095 διοριζομένης
1284 3029 1488 3096 μηδένα
1530 3030 1792 3081 ἀπολελυ-

223 3119 405 3186 μένως
467 3119 931 3186 χειροτονεῖσθαι,
992 3121 1019 3169 ὁ
1061 3119 1448 3188 ὑποκρατήσας
1496 3121 1792 3184 ἐπίσκοπος

225 3209 398 3276 μόνην
428 3208 528 3275 τῆν
570 3207 893 3277 ἱερωσύνην,
937 3206 1012 3267 ὥς
1044 3209 1184 3268 τινές
1217 3225 1370 3274 φασι,
1402 3209 1570 3261 ποίων
1603 3211 1790 3279 ἱερέων

224 3301 491 3369 ἱεράρχης
522 3300 978 3368 όνομασθήσεται,
1017 3301 1047 3364 ἦ
1081 3303 1234 3363 τίνας
1265 3301 1502 3365 διδάξειε
1543 3305 1712 3356 ποίων
1736 3305 1790 3355 δέ

221 3388 320 3437 καὶ
344 3386 776 3447 ἐπισκοπεύσεις
808 3388 1031 3448 Πάντως
1063 3389 1182 3440 ούδέ
1215 3406 1396 3441 τινων.
1431 3391 1521 3442 Διὸ
1569 3393 1688 3444 οὐδὲ
1735 3397 1790 3443 ἐν

220 3479 451 3544 δυνάμει
485 3479 620 3547 μόνῃ
655 3480 686 3546 ἡ
727 3480 998 3546 ἱερωσύνη
1063 3482 1598 3546 ὐποκρατηθήσεται.
1630 3486 1787 3549 Ζήτει

220 3570 319 3620 καὶ
341 3569 431 3620 τὸν
465 3569 691 3621 δέκατον
721 3571 918 3621 κανόνα
952 3572 1044 3621 τοῦ
1096 3573 1249 3637 ἁγίου
1297 3575 1500 3643 Πέτρου
1535 3579 1787 3644 ἀρχιε-τι-

219 3662 429 3713 σκόπου
466 3661 898 3729 Ἀλεξανδρείας.
1141 3668 1164 3692 ’

293 3754 542 3805 ΖΩΝΑΡ.
592 3752 649 3803 '0
686 3753 1002 3817 Εὑστάθιος.
1043 3750 1100 3807 οὗ
1151 3756 1424 3826 μέμνηται
1467 3761 1497 3823 ἡ
1535 3762 1785 3828 ἐπιστολὴ

216 3845 384 3914 αὔτη.
420 3844 714 3905 ἐπίσκοπος
765 3839 831 3912 ἦν
866 3845 961 3906 τῆς
1010 3846 1352 3912 Παμφυλίας.
1386 3847 1676 3915 Παμφυλία
1729 3854 1785 3904 δέ

217 3938 369 3990 ι-ιτιν
401 3937 432 4002 ὴ
461 3927 886 3999 τῆςἋτταλείας
926 3937 1178 4002 ἐπαρχία-
1198 3937 1253 3987 ’0
1271 3938 1400 3997 γοῦν
1419 3940 1601 4006 ῥηθεὶς
1627 3940 1784 4009 ἀνὴρ,

218 4029 606 4097 περιστάσεσιν
636 4027 1034 4094 ἐμπεπτωκὼς,
1053 4030 1143 4080 καὶ
1173 4030 1556 4097 ἀπαγορεύσας
1581 4033 1667 4084 διά
1698 4050 1786 4100 μισ

215 4117 524 4187 κροψυχὶαν
547 4119 640 4170 καὶ
658 4117 1108 4188 ἀπραγμοσύνην,
1127 4119 1787 4210 ἐγγράφωςιπαρῃτήσατο

214 4209 318 4277 τὴν
344 4211 667 4278 ἐπισκοπὴν,
692 4210 868 4262 Κάκεῖ
891 4211 986 4278 μὲν
1026 4211 1181 4271 ἄλλος
1199 4209 1607 4284 κεχειροτόνητο
1627 4231 1638 4242 ·
1679 4219 1706 4269 ὀ
1731 4218 1785 4270 δὲ

217 4299 521 4360 Εύστάθιος
547 4300 750 4352 κλαίων
788 4301 1064 4369 προσῆλθε
1094 4306 1159 4371 τῇ
1206 4305 1327 4373 ἱερᾷ
1359 4304 1531 4376 ταύτῃ
1565 4307 1784 4373 συνόδῳ,

213 4393 278 4444 ού
309 4393 408 4460 τὴν
433 4391 610 4455 πόλιν,
643 4393 704 4443 ού
735 4392 830 4461 τὴν
859 4389 1154 4460 ἐκκλησὶαν
1177 4397 1641 4465 ἀνακαλούμενος,
1674 4401 1784 4451 οὐδ’

214 4482 586 4552 ἅμφισόητῶν
624 4483 754 4546 περὶ
783 4483 964 4535 αὐτῶν
991 4486 1068 4552 τῷ
1107 4486 1225 4552 μετ’
1260 4477 1424 4538 iam
1469 4507 1782 4560 χειροτονη-

1912 639 1963 682 et
2025 641 2277 696 tanquam
2329 628 2469 696 leges
2509 629 2755 684 sanciunt
2790 646 2849 682 ea
2901 649 3018 699 quae
3067 633 3296 704 epistola
3355 652 3460 688 non

1912 719 2456 783 comprehenduntur.
2481 717 2642 771 Porro
2660 728 2710 771 et
2731 721 2864 773 lianc
2882 721 3330 787 dispensationem
3353 725 3468 776 exi-

1911 812 2068 865 stimo
2121 827 2224 864 non
2270 812 2661 865 inconsiderate
2715 812 2906 866 fartam
2945 828 3085 868 esse.
3133 815 3264 867 Cum
3321 816 3465 869 enim

1911 917 2163 965 canones,
2192 911 2245 955 et
2274 902 2443 955 sancti
2474 901 2649 969 Cyrilli
2677 903 2742 957 ad
2777 903 3036 957 Domuum
3065 906 3314 973 epistola,
3368 907 3466 961 de-

1910 994 2165 1055 cernant',
2199 1007 2268 1046 ne
2299 993 2388 1047 ulli
2429 994 2733 1049 sacerdotes
2760 995 3212 1050 renuntiationiim
3260 997 3467 1051 libellos

1906 1083 2128 1141 aﬂerant
2178 1087 2256 1159 (Si
2322 1089 2488 1155 enim,
2541 1089 2731 1159 inquit,
2764 1105 2916 1143 sacra
2965 1089 3260 1143 ministeria
3317 1090 3472 1144 obire

1905 1176 2049 1246 digni
2084 1188 2229 1244 sunt,
2283 1180 2334 1233 in
2379 1194 2445 1233 eo
2491 1191 2882 1250 permaneant:
2914 1182 2995 1235 sin
3030 1191 3206 1234 autem
3241 1182 3470 1247 indigni,

1907 1282 1974 1321 ne
2002 1283 2098 1336 per
2140 1268 2591 1323 renuntiationem
2641 1276 2872 1331 exeant,
2924 1271 3016 1322 sed
3058 1269 3266 1336 potius,
3307 1268 3467 1321 rebus

1907 1359 2036 1425 ipsis
2051 1359 2442 1422 condemnati),
2473 1360 2742 1427 quomodo
2762 1359 2962 1413 dixerit
2988 1359 3252 1426 quispiam
3286 1357 3463 1424 Ephe-

1906 1454 2079 1504 sinam
2126 1453 2411 1520 synodum,
2456 1460 2509 1504 et
2533 1467 2654 1503 eum
2692 1453 2868 1519 potius
2891 1451 2981 1516 qui
3018 1451 3066 1503 ei
3100 1459 3326 1516 praeerat
3354 1466 3464 1502 nia-

1905 1558 2065 1610 gniim
2094 1542 2351 1613 Cyrillum
2387 1543 2512 1606 sibi,
2561 1553 2613 1597 et
2657 1543 2878 1610 reliquis
2910 1542 3161 1596 Patribiis
3191 1542 3466 1596 contraria

1905 1632 2185 1687 statuisse?
2207 1632 2332 1696 Sed,
2357 1642 2416 1686 ut
2436 1643 2518 1686 est
2543 1633 2834 1689 versimile.
2855 1647 2974 1686 cum
2996 1631 3256 1687 Eustathii
3275 1646 3472 1686 renun-

1904 1722 2058 1774 tiatio
2092 1722 2245 1774 ﬁrma
2274 1736 2380 1772 non
2406 1731 2568 1785 esset,
2593 1722 2686 1774 sed
2719 1721 2772 1774 in
2792 1721 3112 1788 quihusdam
3146 1719 3371 1784 labaret,
3403 1735 3468 1773 ex

1905 1815 2329 1885 dispensationis
2383 1816 2592 1869 ratione
2651 1816 2841 1868 annuit
2879 1825 3065 1869 sancta
3120 1815 3360 1884 synodus
3405 1812 3468 1865 ad

1906 1923 1965 1961 ea
1990 1923 2108 1977 qua:
2128 1907 2348 1961 definiit.
2373 1907 2526 1972 Quod
2551 1918 2730 1961 autem
2750 1915 2897 1962 esset
2917 1905 3180 1974 ejusmodi
3205 1903 3469 1959 Eustathii

1904 2001 2252 2060 renuntiatio,
2301 2015 2363 2052 ex
2397 2002 2508 2068 ipsa
2561 2001 2722 2052 etiam
2752 1998 2982 2067 epistola
3038 2007 3320 2066 apparent,
3351 2011 3469 2065 qua:

1904 2095 2034 2147 dicit
2065 2112 2080 2147 :
2114 2094 2302 2148 Nescio
2333 2097 2607 2164 quomodo
2628 2094 3298 2150 renuntiationislibellum
3328 2105 3470 2148 attn-

1904 2186 1966 2238 lit
1999 2185 2343 2244 Eustathius:
2380 2185 2519 2240 etob
2554 2186 2669 2253 ejus
2699 2188 3066 2254 receptionem
3099 2187 3262 2238 veluti
3296 2187 3348 2239 in
3376 2183 3472 2237 ad-

1904 2280 2245 2333 mirationem
2280 2279 2591 2333 adducitur.
2639 2280 2694 2333 Si
2729 2281 2838 2345 ipsa
2872 2281 3014 2333 enini
3044 2279 3110 2332 ab
3139 2281 3320 2345 aliquo
3360 2292 3467 2330 non

1903 2372 2337 2438 labefactaretiir,
2389 2387 2488 2425 nec
2541 2381 2598 2423 ut
2649 2373 2938 2441 episcopus
2988 2373 3383 2430 nominaretur,
3415 2377 3470 2421 et

1905 2478 1962 2520 iit
1997 2468 2137 2520 sacri
2190 2465 2436 2518 muneris
2483 2464 2684 2533 aliquid
2719 2465 2914 2523 obiret.
2948 2463 2994 2517 ei
3037 2463 3466 2532 permitteretur.

1901 2560 2053 2625 Quod
2091 2561 2264 2623 itaque
2293 2572 2389 2624 per
2417 2558 2553 2610 hanc
2592 2557 2878 2621 epistolam
2920 2555 3254 2608 mconomice
3287 2551 3468 2622 provi-

1902 2669 2022 2707 sum
2077 2661 2198 2716 est,
2256 2665 2360 2703 non
2417 2659 2495 2701 est
2543 2649 2868 2703 univers:ile.
2925 2648 3034 2700 Hoc
3088 2659 3267 2700 autem
3302 2648 3464 2699 etiam

1900 2764 1961 2800 ex
1989 2762 2053 2800 eo
2083 2745 2407 2807 declaratur,
2449 2744 2589 2811 quod
2621 2742 2809 2796 Patres
2842 2742 3206 2805 scripserunt;
3250 2738 3392 2808 quod
3420 2739 3466 2791 si

1900 2853 1926 2889 a
1983 2838 2254 2902 religionis
2293 2836 2560 2902 episcopis
2607 2835 2890 2903 benignius
2925 2832 3124 2899 aliquid
3181 2832 3232 2885 in
3283 2845 3467 2885 senem

1901 2932 2013 2987 iiat.
2054 2932 2102 2983 id
2131 2945 2344 2998 quoque
2372 2931 2546 2996 placet
2574 2928 2800 2998 synodo.
2834 2926 3096 2981 Pra‘tei-ea
3124 2939 3244 2976 eum
3301 2921 3465 2975 Chal-

1897 3023 2217 3074 cedonensis
2270 3022 2505 3091 synodus
2554 3021 2751 3073 niilliim
2813 3019 3054 3072 absolute
3109 3015 3467 3068 ordinandum

1899 3129 2018 3167 esse
2049 3115 2339 3187 decernat,
2381 3113 2468 3179 qiii
2514 3111 2686 3165 solum
2715 3107 3130 3170 sacerdotalem,
3170 3103 3465 3164 utdicunt,

1897 3205 2207 3270 dignitatem
2239 3202 2497 3256 obtinebit
2549 3203 2861 3268 episcopus;
2914 3209 3269 3265 quoriimnam
3307 3192 3468 3261 108

1895 3295 2233 3347 sacerdotum
2261 3295 2482 3347 antistes
2505 3308 2623 3346 esse
2651 3293 2882 3356 dicetur,
2907 3291 2988 3341 vel
3014 3302 3278 3354 quosnam
3304 3287 3466 3338 doce-

1893 3388 2003 3438 bit?
2036 3397 2087 3438 ei.
2125 3402 2481 3453 quoi-umnam
2525 3387 2810 3453 episcopus
2855 3383 2997 3437 erit?
3025 3382 3300 3434 Nullorum
3342 3393 3465 3432 oni-

1873 3479 2038 3528 -'niiio.
2075 3475 2251 3540 Quare
2295 3490 2393 3529 nec
2436 3484 2696 3569 pol’eslate
2726 3473 2943 3539 quidem
2971 3471 3082 3525 sola
3117 3465 3467 3525 sacerdotalis

1891 3569 2121 3633 dignitas
2171 3563 2523 3618 obtinebiturl
2559 3563 2750 3631 Quiere
2797 3564 2960 3618 etiam
2998 3563 3251 3616 decimun
3297 3572 3465 3612 cauo-

1893 3676 2010 3712 iiein
2043 3660 2210 3712 sancti
2249 3660 2389 3712 Petri
2429 3657 2773 3710 Alexandrini
2808 3656 3068 3723 episcopi.

1949 3769 2200 3826 ZONAIi.
2220 3770 2549 3830 Eustathius,
2571 3770 2635 3822 de
2654 3770 2829 3838 quoin
2851 3769 3072 3835 epistola
3090 3781 3285 3825 sermo,
3306 3766 3464 3818 Pam-

1890 3863 2082 3930 phylia:
2118 3864 2403 3929 episcopus
2434 3861 2556 3914 fuit.
2581 3858 2929 3928 Pbainphylia
2950 3868 3128 3911 autem
3152 3869 3231 3911 est
3249 3858 3460 3911 Attalim

1891 3953 2281 4018 prnviiicia.\'ir
2305 3955 2484 4020 itaque
2500 3955 2784 4019 prmdictiis
2801 3967 2921 4004 Clllll
2939 3953 2988 4002 in
3008 3947 3301 4002 dimciliora
3323 3958 3460 4000 tem-

1890 4059 2016 4110 pora
2039 4044 2336 4105 incidisset,
2362 4060 2468 4111 pt'IP.
2488 4043 2926 4108 piisillziniiuitate
2947 4053 2993 4094 et
3023 4040 3352 4107 negotiorum
3378 4039 3457 4090 fu-

1889 4151 1949 4203 ga
1975 4134 2193 4186 moleste
2210 4138 2408 4196 terens,
2427 4133 2755 4201 episcopatui
2781 4132 2997 4199 scriptis
3015 4130 3361 4184 renuntiavit.
3381 4128 3458 4181 Ac

1887 4227 2021 4277 alius
2045 4225 2257 4292 quidem
2287 4225 2390 4276 illic
2415 4226 2615 4278 electus
2644 4234 2743 4275 est.
2777 4223 3090 4275 Eustathius
3121 4235 3248 4272 vero
3276 4219 3459 4270 multis

1887 4332 2007 4370 cum
2032 4295 2281 4387 Iac’iymis
2313 4318 2365 4369 in
2390 4327 2631 4386 sanctam
2655 4316 2790 4368 banc
2808 4315 3070 4383 synodum
3091 4322 3272 4380 postea
3291 4310 3453 4374 venit,

1890 4425 1993 4461 non
2017 4409 2286 4461 civitatein
2310 4409 2431 4471 sibi,
2463 4425 2568 4461 non
2604 4406 2893 4460 Ecclesiain
2936 4407 3236 4464 vindicans,
3268 4413 3358 4458 aut
3391 4418 3452 4455 ea

1888 4513 1996 4567 quo
2029 4501 2261 4562 ininus,a
2290 4513 2604 4552 successore
2639 4499 2966 4551 haberentur
3003 4511 3260 4549 recusans
3309 4513 3322 4548 :
3359 4494 3452 4547 sed

215 4574 389 4638 θέντι,
424 4574 594 4642 ὄνομα
637 4574 693 4626 δὲ
734 4575 828 4628 καὶ
860 4576 1025 4659 τιμὴν
1052 4579 1219 4630 αἱτῶν
1246 4581 1571 4642 ἐπισκόπου,
1606 4583 1787 4636 καλεῖ·
1822 4596 1865 4649 ι)

1776 4615 1787 4627 -
1822 4596 1865 4649 ι)
1896 4591 2087 4641 niinien
2122 4598 2323 4641 tantum
2348 4591 2581 4656 episcopi
2612 4602 2665 4641 et
2696 4590 2951 4641 honorem
2971 4595 3177 4656 petens.
3201 4585 3450 4639 nimirum

216 4666 349 4717 σθαι
380 4665 584 4735 δηλαδὴ
642 4667 811 4719 θέλων
845 4669 1169 4731 ἐπίσκοπος,
1205 4672 1298 4724 καὶ
1349 4674 1514 4743 τιμὴν
1552 4673 1697 4743 ἔχειν
1723 4678 1782 4728 ἐν

213 4754 514 4823 καθέδραις
536 4759 628 4809 καὶ
652 4756 915 4820 τοιούτοις
940 4760 1122 4821 ἄλλοις
1143 4762 1426 4833 ἐπισκόπῳ
1480 4767 1784 4835 προσήκουο

214 4864 323 4899 σιν.
359 4848 530 4914 Φησὶν
555 4847 646 4925 οξν
673 4850 704 4919 ή
743 4849 861 4918 ἱερἀ
892 4851 1106 4916 σύνοδος
1137 4854 1219 4905 ὅτι
1251 4855 1681 4926 Συνηλγήσαμεν
1704 4858 1781 4929 τῷ

213 4937 526 5010 πρεσϐύτῃ,
557 4943 652 4991 καὶ
674 4940 853 4993 κοινὸν
878 4943 1204 5012 ἡγησάμεθα
1237 4946 1298 4998 τὸ
1323 4947 1490 5000 αὑτοῦ
1515 4947 1774 5019 δάκρυον,

209 5030 310 5082 καὶ
365 5031 714 5101 ἐζητήσαμεν
753 5033 945 5102 μαθεῖν
989 5037 1036 5088 εἰ
1084 5037 1385 5102 κανονικῶς
1419 5041 1696 5112 καθῃρέθη
1750 5044 1779 5095 ὁ

207 5123 526 5191 ἄνθρωπος,
560 5124 722 5176 τινῶν
760 5123 889 5189 ἴσως
934 5131 1430 5199 κατηγορησάντων
1476 5133 1643 5186 αὐτοῦ
1689 5137 1779 5190 ἐπ’

210 5216 441 5277 ἀτόποις
492 5215 656 5268 τισίν.
702 5215 855 5269 Ἐπεὶ
910 5219 966 5272 δὲ
1022 5219 1189 5288 μηδὲν
1218 5221 1461 5276 τοιοῦτον
1500 5226 1601 5278 ἐπ’
1628 5227 1777 5298 αύτῷ

209 5305 501 5371 γεγονέναι
557 5307 853 5376 ἐμάθομεν,
907 5314 1348 5381 παραιτήσασθαι
1397 5316 1454 5368 δὲ
1488 5317 1652 5371 αὐτὸν
1677 5321 1777 5390 τὴν

209 5397 542 5464 ἐπισκοπὴν,
576 5401 668 5450 καὶ
695 5400 783 5453 διά
814 5401 972 5453 τοῦτο
1001 5404 1176 5471 αὐτῆς
1205 5407 1462 5459 ἐκπεσεῖν
1495 5409 1563 5460 δι’
1592 5411 1775 5480 ἀπρα-

209 5487 519 5554 γμοσύνην,
553 5490 656 5542 οὐκ
711 5490 1010 5545 ἀκόλουθον
1043 5494 1409 5566 ἐλογισάμεθα
1449 5500 1774 5568 φιλονεικεῖν

207 5579 275 5645 τῇ
338 5579 740 5651 ἀπραγμοσύνῃ
800 5583 894 5634 τοῦ
951 5585 1160 5654 ἁνδρὸε,
1222 5589 1341 5657 ἤτοι
1398 5596 1462 5660 τῇ
1519 5594 1646 5659 περὶ
1706 5598 1781 5648 τὰ»

209 5668 523 5738 πράγματα
557 5671 1026 5742 ἀνεπιτηδειότητι
1052 5694 1064 5707 °
1097 5679 1206 5730 δεῖν
1261 5681 1318 5733 δέ
1375 5685 1575 5752 μᾶλλον
1621 5687 1772 5756 ἐκρί-

207 5777 384 5826 ναμεν
430 5760 652 5828 ἐλεῆσαι
679 5763 770 5814 τὸν
802 5768 1027 5833 γηραιὸν
1056 5771 1144 5819 ἐπὶ
1176 5772 1388 5838 χρόνοις
1415 5775 1771 5844 πολλοῖς“τῆς

207 5849 470 5919 πατρίδος
505 5852 690 5917 αὐτοῦ,
737 5856 828 5907 καὶ
885 5857 1150 5928 πατρῴων
1201 5861 1631 5933 ἐνδιαιτημάτων
1675 5868 1766 5918 ἐκ·

1885 4678 2121 4745 episcopi
2179 4679 2393 4731 nomine
2453 4679 2726 4732 honestari
2765 4719 2778 4740 ,
2856 4678 3325 4746 episcopaleinqiie
3395 4675 3448 4727 in

1883 4785 2142 4824 consessu
2175 4771 2372 4831 locum,
2406 4786 2472 4823 ac
2525 4771 2568 4824 si
2625 4784 2743 4839 quae
2786 4769 2887 4822 alia
2942 4779 3064 4820 sunt
3122 4767 3447 4834 liujiisinodi,

1881 4863 2125 4918 obtinere
2157 4863 2358 4915 volens.
2411 4861 2568 4915 Senis
2622 4863 2793 4916 vicem
2847 4861 3005 4929 igitur
3039 4860 3449 4922 condoliiiinus,

1883 4953 2058 5021 inquit
2088 4966 2272 5007 sancta
2303 4954 2570 5024 synodus,
2593 4966 3014 5020 communesque
3040 4951 3154 5018 ejus
3187 4951 3450 5021 Iacryina's

1881 5045 2328 5108 existimavimus,
2351 5056 2406 5099 et
2433 5046 2642 5100 discere
2657 5046 2831 5098 conati
2850 5059 3052 5106 sumus,
3081 5059 3210 5097 num
3243 5043 3448 5112 aliquo-

1881 5153 1995 5191 rum
2025 5137 2342 5206 llagitiorinn
2385 5140 2664 5193 convictus
2691 5139 2852 5192 homo
2875 5141 3137 5192 canonice
3173 5137 3447 5204 depositus

1880 5229 2089 5282 luisset.
2133 5229 2263 5283 Cum
2293 5245 2421 5283 vero
2461 5231 2591 5284 nihil
2620 5230 2722 5284 tale
2752 5229 2952 5283 factum
2998 5245 3117 5282 esse
3142 5229 3440 5297 comperis—

1877 5334 2077 5380 semus.
2107 5322 2201 5374 sed
2231 5322 2397 5386 illiilli,
2422 5323 2561 5375 haud
2583 5337 2711 5400 sane
2730 5322 2888 5375 rebus
2912 5322 3158 5390 gerendis
3184 5321 3436 5381 habilem,

1877 5410 2209 5480 episcopatu,
2238 5427 2342 5481 quo
2370 5426 2428 5466 se
2467 5415 2690 5482 ipsemet
2713 5414 3088 5476 abdicaverat,
3121 5412 3390 5466 excidisse
3417 5428 3433 5464 :

1877 5519 1974 5556 nos
2005 5504 2291 5562 hominem,
2310 5507 2449 5572 quod
2474 5520 2501 5556 a
2533 5504 2758 5571 negotiis
2780 5506 3112 5567 abhorreret,
3145 5505 3255 5559 sive
3281 5507 3442 5558 rebus

1875 5597 2124 5660 gerendis
2171 5597 2344 5648 minus
2399 5597 2624 5650 idoneus
2686 5595 2845 5650 fuerit
2884 5635 2900 5659 ,
2951 5594 3236 5665 obiurgare
3297 5596 3437 5650 haud

1875 5670 2157 5739 honestum
2181 5703 2298 5740 esse
2336 5687 2788 5750 existimavimus,
2814 5688 2904 5740 sed
2938 5688 3117 5756 potius
3166 5699 3440 5741 senectute

1873 5779 2137 5834 confecm.
2188 5789 2239 5831 et
2285 5781 2458 5848 patria
2516 5784 2711 5834 inultos
2754 5781 2864 5845 jam
2925 5797 3093 5836 annos
3138 5797 3200 5834 ac
3245 5783 3436 5852 patriis

1875 5871 2095 5924 sedibus
2127 5871 2333 5933 orbato,
2374 5873 2760 5926 misericordiae
2787 5872 2986 5940 aliquid
3017 5871 3432 5941 inipartiendun:
