4238 6464
801 413 903 472 3·ῐό

2039 411 2309 470 THEOD.
2359 412 2447 468 BA
2459 410 2753 468 LSAMON

3913 400 4013 462 376

797 539 919 578 esse
968 523 1346 592 judicavimus.
1397 521 1581 589 Itaque
1636 533 1688 574 et
1736 521 1978 589 episc0pi
2035 535 2249 580 nomen,
2302 528 2352 571 et
2387 529 2471 579 A1

2337 528 2352 570 t
2387 529 2426 579 Α
2459 521 2803 572 πεπτωκότα.
2839 520 2944 569 Καὶ
2983 517 3284 584 ὡρίσαμεν,
3317 513 3410 566 καὶ
3444 513 3652 565 δίκαιον
3681 512 4008 580 ἡγησάμεθα

796 615 1131 681 dignitatem,
1149 614 1683 679 communionemque
1704 612 1768 664 ab
1784 625 1848 664 eo
1867 611 2083 665 retineri
2105 609 2345 662 decrevi-

797 720 938 765 mus,
995 716 1047 757 et
1086 705 1288 772 justum
1325 704 1649 757 censuimus.
1700 701 1775 756 Ita
1812 703 2037 764 scilicet,
2083 712 2137 754 ut
2168 699 2216 752 ei
2263 713 2347 751 se-

794 797 1022 849 cretiora
1069 795 1228 865 adyta
1282 795 1501 858 intrare,
1549 794 1726 861 ibique
1769 791 2189 852 communicare,
2240 804 2343 842 non

795 896 970 938 tamen
995 895 1087 939 aut
1118 887 1212 952 ipsi
1232 900 1384 939 sacra
1410 887 1604 948 facere,
1632 895 1721 938 aut
1745 883 2020 938 ordinibus
2041 880 2342 950 quempiam

792 979 1053 1046 insignire
1097 979 1178 1032 fas
1212 979 1306 1041 sit,
1336 978 1435 1032 nisi
1471 977 1548 1030 vel
1573 978 1854 1046 episcopus
1887 976 2052 1043 aliqui
2080 989 2202 1028 eum
2242 973 2340 1026 sibi

791 1071 993 1122 socium
1026 1070 1078 1122 in
1110 1071 1278 1124 sacris
1298 1070 1613 1138 peragendis
1645 1068 1724 1122 vel
1750 1068 2051 1122 ordinando
2071 1066 2339 1127 asc-iverit,

790 1161 872 1214 vel
908 1161 975 1214 ab
1005 1162 1120 1227 ipso
1158 1162 1387 1228 regionis
1416 1162 1570 1214 istius
1592 1161 1840 1229 episcopo
1864 1161 1968 1214 tale
1988 1159 2259 1228 quippiam
2291 1157 2340 1211 ei

790 1253 1050 1325 faceresit
1080 1255 1418 1321 permissum.
1453 1255 1625 1320 Atque
1653 1254 1765 1306 haec
1795 1253 2007 1321 quidem
2028 1265 2146 1313 nos,
2171 1249 2344 1318 inquit

789 1344 1049 1411 synodus,
1075 1343 1278 1395 homini
1306 1341 1643 1396 indulsimus.
1681 1341 1832 1406 Quod
1873 1341 1916 1393 si
1941 1339 2220 1408 benignius
2245 1338 2342 1390 ali-

787 1435 938 1502 quid,
972 1433 1048 1487 vel
1083 1449 1247 1498 nunc,
1289 1433 1369 1485 vel
1407 1433 1459 1487 in
1489 1443 1784 1501 posterum,
1834 1431 1904 1484 illi
1938 1430 2338 1491 consulueritis,

789 1527 839 1577 id
870 1533 975 1589 est,
1008 1527 1050 1578 si
1075 1526 1192 1594 plus
1218 1525 1418 1593 aliquid
1450 1526 1588 1594 juris
1611 1525 1691 1578 vel
1717 1524 1976 1593 privilegii
2010 1524 2083 1577 illi
2110 1537 2338 1576 conces-

786 1618 987 1682 seritis,
1014 1617 1168 1670 nobis
1214 1627 1488 1686 acceptum
1523 1619 1647 1672 erit.
1683 1617 1756 1670 Ex
1791 1618 1889 1671 hac
1921 1615 2109 1686 synodi
2137 1615 2340 1667 consti-

787 1710 992 1762 tutione
1037 1708 1294 1777 colligunt
1324 1708 1562 1776 quidam,
1593 1708 1754 1762 licere
1784 1707 2051 1774 episc0pis
2080 1706 2340 1761 ecclesias

783 1817 929 1865 suas,
948 1801 1209 1870 dignitate
1232 1800 1517 1868 episc0pali
1543 1801 1886 1854 nihilominus
1915 1808 2142 1863 retenta,
2161 1800 2341 1853 dimit-

2455 612 2600 680 ἔχειν
2631 610 2795 664 αὑτὸν
2821 610 2881 662 τὸ
2907 609 3078 677 ὄνομα
3118 609 3215 676 τῆς
3244 608 3549 674 ἐπισκοπῆς
3576 606 3667 656 καὶ
3692 604 3791 673 τὴν
3819 604 4010 671 τιμὴν,

2453 705 2546 757 καὶ
2576 703 2674 772 τὴν
2699 703 3003 763 κοινωνίαν,
3036 700 3098 754 τὺ
3119 699 3268 760 ἐντὸς
3296 700 3390 750 τοῦ
3427 699 3815 764 θυσιαστηρίου
3848 696 4011 747 εἰσιέ-

2453 812 2538 845 ναι
2571 793 2794 861 δηλαδὴ,
2826 794 2920 844 καὶ
2951 791 3411 859 μεταλαμϐάνειν,
3444 789 3581 858 μήτε
3612 789 3666 841 δέ
3705 789 4012 855 ἱερουργεῖν

2449 887 2635 952 αὑτὸν,
2696 887 2834 955 μήτε
2887 887 3229 955 χειροτονεῖν,
3283 883 3330 935 εἰ
3387 883 3460 950 μὴ
3512 881 4011 950 συμπαραληφῢείη

2451 979 2582 1048 παρ’
2658 979 2847 1047 ἐτέρου
2912 977 3254 1036 ἐπισκόπου,
3310 975 3450 1026 ὥστε
3516 973 4011 1039 συλλειτουργῆσαι

2449 1070 2695 1140 ὲκείνῳῆ
2729 1069 3232 1137 συγχειροτονῆται,
3271 1069 3302 1139 ἢ
3334 1065 3660 1135 ἐπιτραπείη
3690 1063 3934 1116 τοιοῦτόν
3958 1079 4010 1111 τι

2449 1163 2674 1232 ποιῆσαι
2718 1165 2865 1232 παρὰ
2902 1160 2994 1214 τοῦ
3030 1163 3125 1231 τῆς
3175 1160 3384 1228 ἐνορίας
3420 1158 3636 1226 ἐκείνης
3680 1157 4007 1209 ἐπισκόπου.

2450 1255 2560 1308 Καὶ
2591 1257 2750 1324 ἡμεῖς
2789 1255 2887 1322 μὲν
2917 1253 3114 1315 ταῦτα,
3145 1255 3308 1320 φησὶν
3351 1252 3382 1320 ἡ
3423 1249 3661 1310 σύνοδος,
3689 1247 4010 1314 δεδώκαμεν

2447 1347 2596 1416 αύτῷ
2621 1364 2634 1377 ·
2665 1348 2710 1398 εἰ
2743 1346 2798 1398 δέ
2839 1365 2889 1399 τι
2933 1345 3286 1415 βουλεύσεσθε
3317 1344 3682 1414 χρηστότερον
3719 1343 3878 1408 ὑμεῖς
3922 1337 4010 1390 ἐπ’

2444 1440 2633 1502 αὑτοῦ,
2670 1440 2702 1510 ἢ
2732 1440 2825 1492 νῦν
2856 1440 2888 1508 ἦ
2927 1437 3067 1507 μετὰ
3097 1438 3292 1498 ταῦτα,
3338 1439 3506 1506 ἤγουν
3541 1438 3588 1488 εἰ
3620 1437 3714 1487 καὶ
3744 1434 3911 1486 πλέον
3957 1449 4008 1484 τι

2446 1534 2783 1602 παράσχοιτε
2832 1533 2983 1600 αύτῷ
3014 1532 3219 1584 δίκαιον
3258 1531 3290 1602 ἦ
3337 1531 3658 1600 προνόμιον,
3709 1531 3802 1580 καὶ
3841 1527 4009 1578 τοῦτο

2447 1625 2676 1694 ἀρεστὸν
2701 1626 2831 1694 ἡμῖν
2876 1623 3040 1688 δόξει.
3094 1624 3187 1676 Ἐκ
3217 1624 3420 1694 ταύτης
3473 1622 3753 1690 συνοδικῆς
3806 1621 4012 1672 οἰκονο-

2449 1717 2578 1786 μίας
2607 1717 2808 1768 οἴονταί
2839 1733 2983 1776 τινες
3030 1715 3334 1768 ἐνδεδύσθαι
3361 1717 3472 1778 τοῖς
3505 1714 3826 1774 ἐπισκόποις
3857 1730 4007 1780 παρη

2443 1805 2709 1860 αιτεῖσθαι
2757 1807 2856 1868 τὰς
2921 1804 3213 1873 ἐκκλησίας
3248 1804 3448 1870 αὐτῶν,
3500 1803 3597 1872 τὴν
3626 1803 3682 1855 δέ
3730 1803 4012 1870 ἀρχιερω-

785 1905 918 1947 tere.
961 1893 1064 1947 Sed
1104 1906 1202 1960 ego
1235 1892 1566 1945 contrarium
1605 1892 1780 1960 potius
1830 1891 1958 1945 hinc
2002 1902 2144 1965 puto.
2180 1892 2341 1955 ellici,
2375 1880 2415 1934 Β
2447 1917 2459 1950 ‹

2336 1880 2415 1954 ,Β
2447 1898 2612 1965 σύνην
2668 1899 3062 1966 παρακρατεῖν.
3107 1893 3275 1962 Οἶμαι
3329 1895 3386 1948 δέ
3435 1894 3743 1948 τούναντίον
3803 1891 4010 1961 μᾶλλον

783 1987 925 2054 quod
964 1985 1088 2037 olim
1119 1983 1209 2053 qui
1245 1982 1640 2051 episc0patihus
1687 1983 2065 2036 renuntiarunt
2090 1983 2342 2036 omnibus

785 2094 902 2144 qua:
935 2087 1258 2144 acceperunt
1287 2075 1475 2143 privati
1510 2084 1654 2137 sunt,
1695 2084 1746 2125 et
1786 2090 1960 2142 neque
1997 2076 2085 2144 jus
2127 2075 2342 2143 aliquod

785 2166 1088 2236 episcopale
1138 2176 1256 2234 post
1303 2166 1753 2220 renuntiationem
1803 2166 2106 2220 retinebant
2171 2183 2343 2234 neque

784 2259 1018 2327 episCOpi
1054 2257 1476 2326 appellabantur.
1517 2255 1570 2309 Si
1613 2259 1779 2320 enim,
1814 2256 2122 2325 episcopatu
2155 2273 2342 2325 quam-

787 2353 867 2405 vis
905 2351 1169 2418 deposito,
1197 2350 1372 2404 adlmc
1410 2350 1732 2418 episcOpaliu
1781 2350 1900 2416 jura
1952 2351 2174 2404 retineri
2226 2368 2342 2406 mos

785 2455 923 2508 erat,
963 2459 1059 2497 cur
1085 2445 1294 2496 tandem
1331 2441 1631 2509 lacrymaus
1685 2441 1998 2496 Eustathius
2025 2442 2075 2495 in
2097 2453 2338 2497 sanetam

783 2537 1044 2606 synodum
1071 2536 1241 2594 venit.
1282 2535 1489 2600 sibique
1519 2534 1754 2601 episcopi
1784 2535 2039 2588 hOuorem
2066 2551 2128 2588 ac
2148 2550 2341 2589 nomen

785 2629 1032 2697 precibus
1069 2627 1313 2681 obtinere
1351 2627 1662 2680 contendit?
1685 2637 1738 2680 et
1768 2628 1834 2680 dc
1863 2643 1922 2681 ea
1955 2643 2012 2680 re
2037 2629 2245 2682 litteras
2278 2629 2341 2680 ad

790 2724 1115 2794 Pamphylia
1141 2723 1400 2792 synodum
1445 2723 1648 2778 dandas
1681 2724 1946 2791 Ephesina
1969 2725 2078 2776 haec
2111 2725 2344 2794 synodus

790 2820 1038 2874 censuit?
1085 2817 1269 2872 Potius
1319 2818 1479 2884 igitur
1517 2818 1814 2871 antistitum
1853 2819 2088 2870 muneris
2131 2819 2344 2886 episco-

789 2913 924 2978 palis
957 2909 1402 2964 detrectationem
1454 2924 1549 2962 uec
1584 2909 1698 2962 sine
1726 2908 1880 2976 culpa
1917 2923 2057 2969 esse.
2095 2923 2194 2960 nec
2219 2917 2344 2960 tunc

786 3003 970 3064 fuisse,
1015 3017 1077 3054 ev
1119 3001 1216 3054 hac
1248 3000 1469 3067 epistola
1508 3008 1765 3068 apparet,
1799 3013 1918 3066 qua:
1949 2999 2111 3060 dicit;
2152 3013 2271 3050 cum
2313 3011 2342 3048 a

785 3095 1016 3162 negotiis
1063 3093 1408 3145 vehementer
1463 3091 1760 3144 abhorrens
1807 3105 1916 3156 prze
1965 3089 2108 3142 curis
2165 3089 2345 3140 animo

2445 1989 2696 2042 ἐντεῦθεν
2723 1987 3271 2056 καταλαμϐάνεσθαι,
3321 1987 3403 2040 ὅτι
3461 1986 3628 2039 πάλαι
3663 1988 3709 2036 οἱ
3739 1985 3840 2045 τὰς
3884 1985 4011 2034 ἐπι-

2446 2083 2654 2144 σκοπὰς
2688 2083 3138 2150 παραιτούμενοι.
3185 2079 3238 2132 εἴ
3271 2098 3328 2132 τε
3362 2079 3434 2142 ὡς
3486 2079 3734 2148 ἐδέχοντο
3786 2077 4012 2129 πάντων

2446 2177 2770 2240 ἐξέπιπτον,
2800 2175 2893 2225 καὶ
2923 2170 3048 2224 οὔτε
3097 2171 3484 2242 άρχιερατικόν
3514 2187 3566 2222 τι
3612 2169 3823 2221 δίκαιον
3867 2169 4011 2236 μετὰ

2441 2270 2539 2336 τὴν
2574 2267 2902 2335 παραίτησιν
2936 2259 3106 2332 εἶχον⁹
3143 2263 3266 2315 οὔτε
3295 2263 3581 2315 ἐπίσκοποι
3618 2260 3973 2328 ὠνομάζοντο
3997 2275 4010 2287 ο

2445 2362 2492 2412 εί
2524 2359 2631 2428 γὰρ
2657 2354 2724 2426 ἦν
2756 2356 2930 2419 ἔθνος,
2953 2355 3093 2408 ὥστε
3140 2355 3232 2407 τὸν
3272 2354 3752 2423 παραιτησάμενον
3816 2353 4011 2419 ἁρχιε·

2446 2451 2644 2521 ρατικὰ
2680 2450 2865 2502 δίκαια
2905 2449 3070 2518 ἔχειν,
3113 2447 3165 2499 τί
3200 2448 3403 2515 δήποτε
3439 2447 3466 2498 ὁ
3501 2445 3800 2505 Εὑστάοιος
3863 2445 4009 2512 μετᾶ

2442 2545 2691 2612 δακρύων
2726 2541 2951 2611 προσῄει
2973 2545 3038 2610 τῇ
3071 2542 3191 2610 ἱερᾷ
3217 2540 3438 2608 συνόδῳ,
3479 2539 3571 2590 καὶ
3603 2539 3783 2608 ᾐτεῖτο
3819 2537 4013 2587 καλεῖ-

2452 2637 2578 2688 σοαι
2605 2635 2928 2696 ἐπίσκοπος,
2969 2631 3066 2683 καὶ
3099 2634 3399 2683 ἐπισκόπου
3439 2631 3582 2699 ἔχειν
3607 2629 3811 2697 τιμὴν;
3847 2626 3948 2678 καὶ
3979 2627 4010 2693 ἡ

2446 2729 2661 2788 σύνοδος
2711 2728 2917 2795 ἔγραφε
2959 2726 3085 2794 περὶ
3140 2725 3330 2776 τούτου
3368 2726 3429 2792 τῇ
3475 2723 3617 2775 κατὰ
3675 2720 4015 2787 Παμτευλίαν

2447 2823 2686 2888 συνόδῳ;
2724 2821 2923 2888 μᾶλλον
2961 2820 3058 2888 μὲν
3092 2813 3185 2870 οὖν
3218 2817 3326 2870 ἀπὸ
3356 2817 3454 2881 τῆς
3482 2814 3772 2881 ἐπιστολῆς
3803 2811 4012 2876 ταύτης

2444 2915 2621 2968 καὶτὸ
2649 2915 2784 2975 ὅλως
2818 2911 3204 2982 παραιτεῖσθαι
3259 2910 3388 2972 τοὺς
3419 2909 3697 2976 ἀρχιερεῖς
3743 2905 3843 2964 τὰς
3892 2904 4013 2954 ἐπι-

2446 3007 2654 3066 σκοπὰς
2686 3005 2784 3056 ούκ
2810 3002 3143 3068 ἀνέγκλητον
3191 2999 3441 3065 φαίνεται
3481 2993 3643 3056 εἶναι,
3684 2993 3808 3045 ούδέ
3861 2994 4014 3058 γίνε-

2447 3098 2568 3150 σθαι
2597 3096 2738 3154 τότε,
2774 3092 3045 3158 λεγούσης
3079 3090 3152 3154 ὡς
3181 3087 3498 3157 ἀπειρηκὼς
3533 3087 3670 3156 πρὸς
3703 3087 3801 3145 τὰς
3849 3101 4016 3151 φρον·

785 3187 1132 3245 concidisset,
1199 3183 1632 3244 renuntiationis,
1703 3183 1970 3238 nescimus
2048 3179 2459 3268 quomodu,c1

2366 3209 2410 3268 ρ
2442 3191 2593 3251 τίδας
2633 3191 2695 3239 ἐκ
2736 3186 2935 3254 πολλῆς
2967 3181 3419 3253 ἀπραγμοσύνης,
3465 3179 3872 3250 παραιτήσεως,
3912 3176 4012 3227 ούκ

786 3276 1022 3329 libellum
1051 3273 1262 3327 obtulit.
1288 3271 1580 3342 Oportebat
1610 3272 1752 3326 enim
1795 3287 1940 3331 eum,
1966 3279 2020 3323 ut
2047 3271 2132 3324 cui
2159 3285 2341 3323 sacer-

783 3367 981 3420 dotalis
1022 3380 1148 3419 cura
1200 3365 1365 3419 semel
1403 3363 1650 3418 mandata
1701 3370 1804 3428 est,
1834 3361 1882 3415 ei
1923 3377 2042 3415 cum
2079 3358 2340 3429 spirituali

786 3463 979 3514 robore
1009 3459 1278 3521 insistere,
1319 3467 1373 3510 et
1399 3455 1612 3509 labores
1635 3454 1798 3509 veluti
1841 3455 2039 3515 subire,
2079 3464 2133 3505 et
2178 3451 2343 3504 sudo-

786 3565 920 3612 rem,
987 3551 1072 3602 cui
1130 3564 1338 3603 merces
1379 3550 1654 3618 proposita
1696 3555 1818 3610 est,
1867 3546 2116 3600 lubenter
2173 3543 2344 3596 susci-

784 3657 929 3708 pere.

855 3731 968 3782 Non
1037 3729 1204 3782 fuisse
1265 3728 1427 3794 igitur
1494 3727 1702 3795 antiqui
1773 3727 1940 3780 moris
1991 3725 2342 3779 ecclesiarum

785 3820 1230 3881 renuutiationes,
1263 3818 1457 3871 exinde
1491 3818 1623 3871 satis
1659 3825 1886 3880 constat,
1936 3816 2078 3885 quod
2109 3814 2344 3885 synodus

783 3912 996 3974 scribit,
1065 3912 1206 3977 quod
1272 3911 1545 3962 nescimus
1597 3907 1869 3976 quomodo
1932 3906 2345 3960 renuntiationis

783 3999 1020 4053 libellum
1053 3999 1263 4053 obtulit.
1309 3997 1702 4050 Admirantium
1756 4011 1985 4062 namque
2029 3995 2155 4049 facti
2192 3996 2344 4046 uovi«

785 4102 948 4144 tatem
998 4100 1050 4142 et
1108 4089 1466 4142 dubitantium
1496 4097 1612 4141 erat
1663 4088 1859 4148 dicere,
1897 4087 2037 4154 quod
2077 4088 2346 4140 nescimus

782 4184 1053 4252 quomodo
1086 4183 1134 4235 id
1159 4185 1362 4235 factum
1399 4181 1516 4234 fuit.
1547 4181 1600 4233 Si
1643 4195 1769 4234 vero
1791 4196 1876 4234 res
1900 4181 2091 4233 usitata
2119 4180 2306 4232 fuisset
2329 4220 2342 4240 ,

783 4279 848 4329 de
901 4292 961 4326 ea
995 4291 1098 4328 non
1143 4274 1500 4326 dubitaretur.
1553 4273 1681 4337 Quae
1724 4286 1850 4325 vero
1889 4272 2180 4337 subjiciunt
2213 4269 2230 4340 [
2259 4271 2344 4322 cui

785 4380 1014 4432 namque
1043 4365 1206 4417 semel
1239 4363 1554 4432 episcopalis
1580 4378 1705 4416 cura
1731 4362 2051 4415 demandata
2085 4362 2268 4414 luisset
2294 4362 2342 4413 ei

784 4457 1034 4509 insistere
1063 4455 1206 4507 illum
1236 4450 1494 4522 oportuit]
1531 4461 1723 4520 etquae
1755 4462 2071 4518 sequuntur,
2113 4469 2196 4517 ea,
2227 4453 2344 4503 nul-

2447 3284 2604 3352 ῖσμεν
2656 3283 2823 3343 ὃπως,
2880 3277 3245 3347 προσεκόμισε
3301 3273 3525 3343 βιϐλίον.
3579 3271 3725 3322 Ἔδει
3779 3269 3892 3337 γὰρ
3938 3268 4012 3330 ὡς

2445 3373 2594 3437 ἅπαξ
2645 3369 3129 3440 ἐγκεχειρισμένον
3182 3366 3465 3434 ἱερατικὴν
3511 3362 3770 3432 φροντίδα
3803 3359 4014 3424 ταύτης

2445 3464 2661 3533 ἔχεσθαι
2727 3462 2845 3530 μετ’
2917 3458 3218 3527 εύρωστίας
3279 3453 3690 3523 πνευματικῆς,
3743 3451 3837 3501 καὶ
3901 3443 4014 3499 οἷον

2444 3553 2876 3608 ἁνταποδύεσϐαι
2913 3553 3026 3612 τοῖς
3073 3549 3277 3610 πόνοις,
3314 3547 3408 3599 καὶ
3447 3546 3651 3613 ἱδρῶτα
3687 3543 3779 3594 τὸν
3840 3541 4013 3605 ἔμμι-

2447 3648 2572 3698 σθον
2601 3645 2843 3696 ἐθελοντὶ
2889 3643 3205 3710 ὑπομένειν.
3234 3641 3362 3692 Ὀτι
3396 3639 3493 3707 μέν
3522 3633 3618 3689 οὖν
3653 3635 3749 3686 οὐκ
3788 3631 3910 3692 ἔθος
3947 3625 4012 3700 ἦν

2447 3738 2815 3807 παραιτήσεις
2861 3732 3172 3801 ἐκκλησιῶν
3214 3729 3466 3799 γίνεσθαι
3501 3730 3643 3788 τότε,
3681 3725 4013 3794 ἐμφαίνεται

2444 3832 2554 3885 ἀπὸ
2591 3829 2683 3881 τοῦ
2715 3828 2918 3896 γράψαι
2971 3826 3069 3895 τὴν
3103 3823 3317 3877 σύνοδον
3375 3823 3451 3883 ὠς
3497 3822 3596 3872 οὐκ
3649 3821 3808 3885 ῖσμεν
3860 3818 4013 3875 ὅπως

2446 3921 2824 3990 παραιτήσεως
2853 3915 3219 3987 προσεκόμισε
3256 3909 3859 3983 βιϐλίον.Ξενιζομένων
3906 3909 4012 3973 γὰρ

2448 4012 2539 4063 ἐπὶ
2561 4014 2627 4080 τῇ
2657 4010 2854 4078 πράξει
2888 4010 2983 4062 καὶ
3009 4007 3365 4075 ἀπορούντων
3404 4007 3468 4074 ἦν
3497 4005 3559 4058 τὸ
3589 4005 3768 4069 λέγειν
3804 4000 3879 4060 ὼς
3914 4000 4015 4050 οὐκ

2451 4105 2605 4170 ἴσμεν
2647 4103 2794 4162 ὃπως
2835 4101 3053 4166 ἐγένετο
3083 4101 3225 4152 τότε.
3261 4099 3324 4150 Et
3369 4099 3425 4150 δὲ
3476 4094 3721 4162 συνήθως
3769 4093 4012 4157 ἐγένετο,

2446 4196 2544 4247 οὐκ
2595 4194 2659 4245 ἂν
2691 4193 2967 4260 ἠπορεῖτο.
3015 4190 3088 4242 Τὸ
3135 4189 3190 4240 δὲ
3256 4188 3570 4256 ἐπιφέρειν·
3607 4185 3716 4236 ἔδει
3774 4183 3886 4250 γὰρ
3939 4180 4014 4230 ὠ;

2447 4283 2596 4347 ἅπαξ
2639 4282 3115 4351 ἐγκεχειρισμένον
3170 4279 3449 4350 ἱερατικὴν
3501 4273 3760 4346 φροντίδα
3791 4272 4016 4340 ἔχεσθαι

2445 4378 2670 4443 ταύτης,
2700 4374 2794 4426 καὶ
2828 4375 2894 4424 τὰ
2936 4373 3060 4441 ἐξῆς
3089 4372 3304 4424 δίδωσιν
3338 4371 3562 4428 ἐννοεῖν,
3595 4368 3675 4419 ὃτι
3717 4365 3778 4416 τὸ
3809 4363 4018 4430 παραί-

2446 4468 2661 4519 τεῖσϐαι
2696 4469 2792 4527 τὰς
2832 4464 3114 4534 ἱερατικὰς
3144 4463 3430 4533 φροντίδας
3461 4462 3561 4512 οὐκ
3605 4459 4021 4526 ἐπιτετραμμέ-

783 4553 887 4604 lam
919 4548 1179 4618 ejusmodi
1205 4545 1558 4599 sacerdotalis
1577 4545 1756 4598 Oneris
1789 4546 2084 4613 deponendi
2115 4546 2342 4602 faculta-
2378 4552 2418 4605 D
2451 4578 2457 4592 ι

2378 4552 2418 4605 Ῐ)
2451 4575 2573 4620 νον,
2641 4558 2758 4609 ἀλλ’
2809 4554 3290 4624 ὑποτετραμμένον
3350 4553 3554 4620 μᾶλλόν
3615 4551 3731 4600 ἐστι
3781 4549 3876 4600 καὶ
3923 4549 4018 4598 ὑπ’

785 4653 891 4694 tem
921 4640 1112 4704 fuisse,
1147 4639 1273 4707 quin
1313 4638 1362 4690 id
1408 4638 1585 4702 potius
1613 4638 1845 4690 maxime
1877 4643 2098 4691 vetitum
2133 4651 2184 4692 et
2236 4641 2346 4694 cri-

783 4733 1051 4786 mioosum
1105 4730 1288 4792 fuisse,
1330 4729 1461 4783 Satis
1490 4741 1674 4798 aperte
1703 4729 2103 4785 demonstrant.
2139 4729 2344 4784 Etenim

782 4823 826 4873 si
859 4823 947 4889 qui
983 4836 1123 4874 nunc
1158 4821 1384 4886 primum
1433 4820 1497 4871 ad
1535 4819 1822 4888 pastoralis
1855 4835 1996 4874 cura:
2028 4821 2346 4874 sollicitudi-

785 4928 905 4966 nem
935 4922 1216 4974 vocantur,
1250 4909 1349 4963 nisi
1377 4910 1593 4963 decreto
1639 4921 1862 4977 pareant
1888 4911 2183 4965 secundmn
2221 4927 2348 4980 apo-

784 5001 1043 5055 stolorum
1095 5000 1252 5069 109
1300 5000 1630 5064 trigesimum
1665 5011 1894 5065 sextum,
1922 5010 1976 5055 et
1997 5001 2346 5056 Autiochenm

785 5093 976 5163 synodi
1011 5093 1278 5146 decimum
1313 5092 1598 5158 septimum
1649 5107 1933 5154 canonem,
1984 5097 2155 5162 quoad
2190 5110 2345 5148 recu-

786 5186 938 5238 sandi
973 5185 1132 5238 ﬁnem
1160 5184 1419 5244 lacerent,
1449 5196 1831 5254 segregentur;
1866 5189 2137 5254 quomodo
2164 5187 2221 5250 ii,
2253 5190 2342 5256 qui

784 5275 1124 5330 ordinantur.
1155 5284 1206 5326 et
1239 5274 1412 5341 populi
1439 5291 1623 5328 curam
1660 5289 2038 5345 susceperunt,
2067 5279 2116 5332 ei
2153 5295 2344 5333 renuno

785 5370 1001 5422 tiautes.
1041 5379 1092 5420 ρι
1122 5367 1358 5422 oblatum
1409 5369 1507 5420 sibi
1541 5369 1720 5421 divina
1770 5371 1942 5438 gratia
1986 5373 2341 5426 ministerium

784 5460 1146 5526 repudiamus.
1178 5457 1336 5511 lacile
1365 5458 1739 5514 admittentur.
1763 5471 1814 5512 et
1839 5477 1944 5512 nou
1988 5477 2141 5528 pcena
2169 5467 2346 5528 potius

787 5549 1117 5612 afficientur,
1151 5551 1243 5603 sed
1291 5559 1344 5603 et
1376 5550 1674 5616 przcmium,
1732 5551 1970 5620 episcopi
2001 5554 2207 5605 scilicet
2250 5570 2346 5608 no-

785 5656 906 5695 tuen
937 5653 989 5694 et
1027 5641 1304 5706 honorem,
1351 5642 1661 5695 habebunt?
1695 5643 1824 5695 Nam
1858 5659 1916 5695 ea
1954 5645 2166 5712 quidem
2215 5660 2348 5713 pra:-

784 5735 876 5788 uzti
906 5735 1021 5790 loco
1049 5735 1270 5794 homini,
1295 5737 1435 5803 quia
1464 5740 1726 5806 parmcia,
1769 5737 1819 5788 in
1857 5752 2018 5805 quam
2045 5736 2347 5791 destinatus

789 5830 983 5888 Inerat,
1039 5842 1142 5880 non
1200 5841 1298 5880 suo
1332 5827 1480 5892 \itio,
1517 5831 1607 5883 scd
1660 5829 1936 5898 impotenti
1989 5830 2345 5885 multitudinis

2451 4650 2708 4702 αἱτίασιν.
2765 4648 2824 4700 EE
2860 4647 2979 4714 1γὰρ
3026 4648 3073 4698 οί
3119 4648 3242 4716 ἄρτι
3304 4645 3535 4714 πρώτως
3573 4641 3898 4706 καλούμενοι
3939 4642 4020 4700 είς

2450 4724 2814 4806 ποιμαντικὴν
2842 4735 3187 4804 λειτουργίαν
3225 4733 3376 4795 λαοῦ,
3416 4734 3462 4783 εί
3500 4732 3574 4801 μὴ
3599 4730 3874 4782 πείθοιντο
3903 4731 4020 4789 τοῖς

2448 4829 2837 4898 ψηφιζομένοις
2871 4827 3085 4888 αὐτοὺς,
3137 4823 3514 4892 ἀφωρισμένοι
3559 4822 3689 4881 εἰσὶ,
3737 4823 3878 4871 κατὰ
3928 4820 4024 4870 τὸν

2448 4922 2537 4984 λς’
2592 4920 2792 4973 κανόνα
2826 4921 2931 4971 τῶν
2965 4919 3136 4986 ἁγίων
3184 4918 3499 4970 ἀποστόλων
3532 4917 3637 4977 ἕως
3667 4915 3730 4968 ἂν
3781 4914 4022 4966 καταδέο

2451 5011 2672 5075 ξωνται,
2704 5012 2794 5062 καὶ
2843 5011 2985 5062 κατᾶ
3030 5009 3120 5061 τὸν
3167 5009 3230 5071 ιζ’
3281 5008 3382 5069 τῆς
3421 5010 3477 5058 ἐν
3520 5003 3823 5073 Ἀντιοχείᾳ
3858 5006 4026 5054 συνό-

2451 5107 2563 5164 δου,
2601 5105 2715 5167 πῶς
2746 5105 2795 5155 οί
2830 5106 3307 5173 χειροτονηθέντες
3339 5108 3431 5156 καὶ
3467 5104 3560 5173 τὴν
3593 5102 3687 5154 τοῦ
3721 5099 3849 5152 λαοῦ
3882 5117 4028 5167 προ-

2453 5197 2676 5247 στασίαν
2737 5195 3163 5263 καταδεξάμενοι
3219 5196 3591 5264 ἀπραγμόνως
3665 5191 4030 5261 δεχθήσονται

2451 5291 2900 5358 παραιτούμενοι,
2940 5290 3037 5339 καὶ
3073 5289 3134 5340 τὸ
3167 5288 3510 5357 ἐγχειρισθέν
3549 5287 3734 5346 αὐτοῖς
3766 5283 3870 5336 ὑπὸ
3920 5284 4031 5350 τῆς

2451 5379 2597 5441 Θείας
2624 5381 2842 5449 χάριτος
2877 5379 3250 5449 λειτούργημα
3281 5378 3730 5445 άπαναινόμενοι.
3761 5376 3859 5426 οὐκ
3900 5377 4026 5426 ἐπι-

2451 5471 2850 5540 τιμηοήσονται
2889 5471 3111 5538 μᾶλλον,
3137 5469 3270 5521 ἀλλὰ
3300 5470 3395 5520 καὶ
3420 5470 3588 5538 γέρας
3614 5469 3795 5533 ἕξουσι
3821 5467 3886 5518 τὺ
3927 5488 4036 5520 κα-

2451 5564 2659 5616 λεῖσθαι
2688 5563 3004 5626 ἐπίσκοποι,
3042 5561 3138 5612 καὶ
3168 5560 3459 5630 τυγχάνειν
3491 5560 3658 5628 τιμῆς
3693 5554 4034 5627 ἀρχιερατι-

2423 5657 2590 5724 ,κῆςς
2625 5657 2760 5725 ὅπερ
2814 5657 2846 5724 ἡ
2898 5657 2956 5707 ἐν
2985 5655 3292 5722 Ἀντιοχείᾳ
3329 5651 3541 5713 σύνοδος
3597 5651 3671 5712 ὡς
3725 5649 4037 5718 πρεσεεῖον

2449 5747 2710 5814 ἀπένειμε
2754 5745 2830 5814 τῷ
2863 5745 3301 5813 χειροτονηθέντι
3335 5747 3414 5804 εἰς
3447 5742 3762 5810 παροικίαν,
3806 5743 3906 5789 καὶ
3953 5742 4037 5809 μὴ

2451 5835 2692 5904 δεχοέντι
2726 5838 2877 5904 παρὰ
2927 5837 3018 5886 τοῦ
3077 5837 3256 5887 ἐκεῖσε
3287 5833 3418 5886 λαοῦ
3466 5833 3526 5883 ού
3565 5831 3689 5902 παρ’
3721 5830 3910 5882 αἰτίαν
3951 5833 4034 5883 οῖ-
