4238 6464
211 371 310 430 377

1363 384 1440 443 ΙΝ
1481 384 1648 444 (IAN.
1693 383 1838 445 VIII
1877 385 2087 448 CONC.
2119 389 2384 449 EPllES.

3349 392 3454 456 378

210 488 385 583 κείαν,
421 489 556 544 ἀλλὰ
590 494 743 564 παρά
773 495 869 567 τὴν
895 515 988 550 του
1022 499 1154 553 λαοῦ
1186 485 1412 568 ἀταξίαν
1445 506 1538 556 καὶ
1577 521 1779 571 κακοη-
1806 505 1853 559 Λ
1883 535 1884 543 ι

1774 537 1779 546 .
1806 505 1853 559 Λ
1883 503 2190 573 depravata:
2219 508 2440 560 licentia
2473 508 2872 574 excluderetur,
2910 521 2966 565 ut
2995 512 3231 582 ejusdem
3263 520 3448 583 synodi

208 577 389 640 θειαν,
412 582 488 643 ὡς
519 585 546 634 ό
578 585 1051 653 ὀκτωκαιδέκατος
1093 595 1264 662 αὐτῆς
1293 597 1538 666 περιέχει
1570 596 1768 649 κανών.

209 673 318 724 Καὶ
358 676 389 742 ἠ
420 679 608 748 γραφὴ
643 680 700 732 δὲ
742 682 841 751 τῆς
875 684 1138 752 ρηθείσης
1187 690 1474 757 ἐπιστολῆς
1503 690 1774 743 δείκνυσιν

205 765 280 826 ὡς
316 769 604 839 οἰκονομία
651 774 712 825 τὸ
746 778 854 828 πᾶν
894 772 963 846 ἦν
992 779 1077 831 διὰ
1132 781 1231 849 τὴν
1263 783 1631 852 μικροψυχίαν
1680 784 1773 836 τοῦ

209 857 511 914 Εύσταθίου
539 867 633 917 καὶ
669 868 730 918 τὸ
755 869 854 937 τῆς
885 870 1062 938 λύπης
1091 873 1338 943 σφοδρόν.
1392 875 1640 944 Περιέχει
1667 877 1773 945 γὰρ

208 950 304 1011 ὡς.
345 955 531 1022 ἐπειδὴ
559 959 834 1028 προσῆλθε
870 963 1096 1028 κλαίων,
1141 966 1235 1018 καὶ
1265 966 1495 1030 ἐξαιτῶν
1527 967 1645 1020 τόδε
1680 968 1774 1020 καὶ

207 1044 352 1104 τόδε,
385 1048 806 1122 συνηλγήσαμεν
846 1055 1084 1118 ἅπαντες
1109 1062 1185 1127 τῷ
1207 1061 1509 1130 πρεσῦύτῃ,
1542 1060 1635 1112 καὶ
1659 1078 1774 1112 κοιο

207 1136 297 1187 νδν
333 1138 703 1210 ἐλογισάμεθα
726 1146 784 1197 τὺ
810 1148 976 1200 αὑτοῦ
1007 1149 1263 1220 δάκρυον.
1295 1153 1402 1204 Καὶ
1439 1156 1579 1221 μετά
1604 1171 1724 1206 τινα
1755 1169 1770 1184 °

217 1227 380 1282 Ἐπεὶ
414 1232 471 1285 δὲ
505 1237 571 1303 τῇ
628 1236 1034 1313 ἀπραγμοσύνῃ
1079 1244 1175 1295 τοῦ
1221 1245 1414 1315 ἀνδρὸς
1448 1247 1510 1299 ού
1569 1248 1773 1316 σφόδρα

207 1323 546 1387 φιλονεικεῖν
576 1330 896 1397 ἀκόλουθον,
927 1335 1033 1388 ἔδει
1067 1336 1124 1389 δὲ
1154 1337 1357 1407 μᾶλλον
1389 1339 1610 1409 ἐλεῆσαι
1642 1357 1775 1410 πρε-

208 1416 439 1486 σϐύτην,
497 1421 592 1472 καὶ
644 1423 711 1474 τὰ
761 1424 909 1494 ἑξῆς.
948 1427 1042 1480 Ἐκ
1077 1429 1281 1483 τούτων
1325 1429 1416 1483 οὖν
1449 1432 1775 1501 ἐμφαίνεται

204 1511 287 1563 ὅτι
324 1514 392 1564 τὰ
431 1514 646 1586 δάκρυα
703 1521 798 1573 καὶ
839 1523 898 1575 τὸ
959 1523 1092 1593 βαθὺ
1135 1525 1313 1594 γῆρας
1358 1527 1774 1596 δυσωπηθέντες

203 1605 300 1655 τοῦ
329 1608 523 1678 ἀνδρὸς
554 1612 787 1675 ἐκείνου,
822 1616 918 1667 καὶ
959 1619 1031 1686 μή
1059 1635 1110 1670 τι
1142 1618 1291 1687 αὐτῷ
1321 1620 1564 1688 συμϐαίη
1618 1622 1776 1674 εύλα-

205 1696 468 1763 ϐηθέντες
495 1701 560 1754 ἐκ
594 1705 694 1772 τῆς
744 1707 986 1775 ἀμέτρου
1018 1709 1214 1779 λύπης,
1265 1710 1624 1781 ᾠκονόμησαν
1675 1715 1776 1766 ὅσα

203 1792 301 1841 καὶ
340 1791 721 1866 ᾠκονόμησαν,
756 1798 870 1850 ἀλλ’
901 1802 997 1870 οὐχ
1016 1801 1089 1863 ὡς
1121 1802 1418 1865 τυποῦντες
1447 1803 1641 1866 ταῦτα,
1682 1805 1775 1856 καὶ

201 1875 350 1934 οὕτω
383 1884 650 1948 γίνεσθαι,
680 1889 770 1939 καὶ
798 1889 877 1951 είς
906 1892 966 1943 τὸ
996 1891 1121 1958 ἑξῆς
1151 1892 1776 1964 διαταττόμενοιῘῌδει-

205 1991 308 2025 σαν
344 1976 453 2044 γὰρ
487 1978 612 2039 τοὺς
647 1981 875 2045 κανόνας
909 1983 1150 2048 πάντως,
1183 1989 1277 2037 καὶ
1307 1988 1404 2038 ούκ
1458 1988 1524 2039 ἂν
1556 1987 1774 2039 ἐναντία

202 2068 319 2127 τοῖς
357 2070 740 2132 ἀποστολικοῖς
777 2074 966 2126 κανόσι
998 2077 1092 2127 καὶ
1138 2079 1250 2137 τοῖς
1303 2076 1411 2128 τῶν
1454 2075 1560 2145 πρὸ
1597 2076 1775 2127 αὐτῶν

202 2158 380 2224 ἁγίων
416 2161 672 2229 Πατέρων
697 2162 894 2233 ὥριζον
921 2166 1285 2236 διατάγμασι,
1319 2170 1415 2221 καὶ
1467 2176 1770 2240 παραιτεῖ-

204 2249 335 2301 σθαι
394 2255 506 2312 τοῖς
572 2253 920 2323 βουλομένοις
982 2259 1268 2324 ἐνεδίδουν,
1325 2264 1419 2314 καὶ
1459 2262 1773 2331 προνομίων

202 2343 614 2411 ἀρχιερατικῶν
649 2347 964 2413 ἀπολαύειν,
997 2351 1088 2401 καὶ
1116 2353 1254 2416 μετά
1292 2352 1392 2419 τὴν
1419 2353 1770 2422 παραίτησιν.

205 2439 332 2500 Πῶς
368 2441 477 2508 γὰρ
507 2441 734 2511 ἔμελλον
763 2445 921 2496 τοῦτο
965 2446 1185 2514 ποιῆσαι
1221 2449 1268 2499 οἱ
1321 2448 1645 2517 φρονοῦντες
1692 2449 1773 2501 ὃτι

199 2535 296 2584 τὸν
326 2535 474 2600 ἅπαξ
521 2537 1002 2605 ἐγκεχειρισμένος)
1054 2539 1342 2609 ἱερατικὴν
1379 2543 1637 2611 φροντίδα
1669 2542 1772 2610 χρὴ

202 2625 415 2695 ταύτης
462 2628 680 2694 ἔχεσθαι
717 2630 836 2696 μετ’
886 2631 1190 2699 εύρωστίας
1245 2634 1650 2702 πνευματικῆς,
1678 2637 1772 2686 καὶ

203 2719 307 2771 ὅσα
342 2721 623 2788 ἐπήγαγον
665 2722 896 2791 ἐφεξῆςς
945 2724 1068 2775 Ὅτι
1099 2724 1156 2776 δὲ
1182 2724 1240 2776 το
1272 2725 1493 2793 σύμπαν
1527 2729 1637 2788 τοῖς
1676 2727 1773 2779 δά-

198 2829 365 2879 κρυσι
405 2813 498 2864 τοῦ
533 2814 836 2879 πρεσϐύτου
872 2816 1081 2868 ἐκείνου
1114 2818 1584 2880 κατακλασθέντες
1609 2819 1757 2871 ἐποί-

195 2921 361 2974 ησαν,
401 2904 661 2973 δηλοῦται
693 2909 784 2958 καὶ
819 2910 881 2959 ἐκ
910 2909 1123 2960 πολλῶν
1172 2909 1344 2961 ἄλλων
1379 2912 1639 2980 ῥημάτων
1674 2913 1773 2977 τῆς

197 3001 496 3066 ἐπιστολῆς
534 3002 627 3054 καὶ
655 3004 718 3054 ἐκ
747 3002 840 3055 τοῦ
880 3003 1088 3073 γράψαι
1117 3019 1131 3035 ·
1167 3005 1226 3056 Ei
1258 3004 1314 3057 δέ
1339 3023 1389 3057 τι
1418 3005 1770 3073 βουλεύσεσθε

197 3093 569 3162 χρηστότερον
619 3095 707 3146 ἐπ’
750 3095 922 3164 αὐτῷ,
974 3096 1163 3166 ἀρέσει
1198 3098 1290 3148 καὶ
1332 3097 1490 3150 τοῦτο
1521 3100 1585 3167 τῇ
1640 3099 1771 3168 ἁγίᾳ

199 3187 427 3239 συνόδω.

1802 1843 1849 1903 Β

1877 598 2088 650 decimo
2111 609 2305 652 octavo
2339 615 2545 652 canone
2577 602 2758 654 videre
2784 613 2888 666 est,
2924 605 3256 658 Antiochena
3289 621 3447 673 syno-

1876 689 1972 743 dus
2027 693 2290 748 attribuit.
2355 693 2658 756 Quinetiam
2710 697 2778 748 ob
2823 695 3118 749 demissum
3172 697 3447 751 Eustathii

1877 785 2111 836 animum
2145 793 2198 837 et
2224 785 2409 840 dolore
2450 787 2748 839 confecmm
2785 788 3243 857 dispensationem
3305 791 3447 842 illatn

1877 876 2096 928 Omnino
2135 890 2446 932 concessam
2501 880 2662 932 fuisse
2713 879 2992 947 ipsinsmet
3025 880 3267 947 epistolae
3318 897 3451 938 con-

1879 981 2055 1025 textus
2088 973 2342 1026 ostendit.
2378 973 2467 1027 Sic
2517 974 2663 1026 enim
2699 973 2894 1026 habet:
2931 973 3232 1045 [Quoniam
3267 974 3447 1027 multis

1876 1076 1999 1114 cum
2056 1062 2307 1134 lacrymls
2341 1063 2391 1115 iu
2439 1065 2698 1133 synodum
2744 1067 2912 1128 venit,
2964 1067 3064 1120 hoe
3108 1075 3269 1134 atque
3320 1066 3445 1120 illud

1883 1155 2181 1225 postulans,
2211 1156 2501 1218 doluimus,
2528 1158 2798 1223 inquiunt,
2831 1159 2973 1212 senis
2993 1159 3185 1219 vicem.
3209 1175 3450 1214 commu—

1878 1261 2077 1311 nesqne
2101 1246 2238 1299 illius
2261 1246 2523 1317 lacrymas
2546 1245 2842 1316 duximus]
2865 1247 2926 1300 Et
2951 1250 3110 1316 paulo
3138 1260 3288 1319 post:
3315 1248 3445 1320 [Sed

1878 1337 2130 1402 quoniam
2165 1337 2280 1389 viro
2318 1352 2424 1389 non
2467 1338 2625 1390 nimis
2657 1352 2978 1392 succensere
3019 1350 3442 1393 consentaneum

1877 1437 1957 1480 est
1992 1430 2130 1496 quod
2184 1430 2253 1482 sit
2305 1431 2636 1493 negotiorum
2689 1430 3025 1500 fugitantior,
3059 1435 3152 1485 sed
3182 1435 3327 1487 senis
3359 1451 3449 1501 po-

1880 1519 1982 1572 tius
2005 1520 2248 1574 misereri
2282 1531 2513 1588 oportet.
2544 1533 2594 1576 et
2623 1538 2742 1591 quae
2765 1535 3084 1592 sequuntur.
3105 1524 3125 1595 ]
3147 1525 3354 1591 Quibus
3383 1541 3444 1578 ex

1878 1612 2055 1666 verbis
2088 1623 2329 1682 apparet,
2363 1617 2662 1668 reverentia
2699 1621 2928 1684 quadam
2977 1617 3239 1670 Eustatbii
3271 1619 3448 1688 lacry-

1879 1719 2110 1768 marum,
2135 1716 2186 1758 et
2219 1721 2351 1775 pene
2378 1706 2488 1773 jam
2538 1709 2883 1776 prtecipitatze
2929 1709 3222 1762 senectutis
3284 1710 3450 1761 addu-

1878 1809 2015 1863 ctos,
2045 1813 2106 1852 ac
2138 1815 2203 1853 ne
2254 1801 2380 1869 quid
2434 1800 2637 1853 homini
2691 1817 2753 1854 ex
2793 1802 2960 1853 nimio
3007 1801 3194 1855 dolore
3232 1803 3448 1868 gravius

1879 1891 2146 1944 accideret
2180 1891 2396 1955 veritos,
2436 1907 2497 1945 ea
2536 1891 2722 1944 Patres
2752 1894 2816 1945 de
2854 1891 2997 1943 illius
3031 1890 3328 1945 honoribus
3353 1890 3449 1941 dc~

1878 1981 2136 2044 crevisse,
2169 1997 2276 2034 non
2307 1993 2361 2033 ut
2396 1983 2698 2049 exemplum
2728 1983 2780 2036 in
2822 1999 2885 2035 eo
2915 1983 3130 2036 homine
3151 1985 3444 2036 constitue-

1877 2082 2016 2135 rent,
2059 2080 2150 2124 aut
2183 2072 2353 2140 legem
2412 2073 2640 2142 posteris
2695 2075 3125 2142 przescriberent.
3157 2071 3264 2127 Nec
3300 2077 3444 2126 enim

1877 2161 1952 2215 illi
1989 2163 2298 2216 sanctiones
2329 2164 2620 2217 canonieas
2661 2164 3000 2232 ignorabant,
3040 2173 3134 2216 aut
3167 2164 3439 2217 contraria

1878 2253 2241 2319 apostolorum
2296 2252 2618 2320 Patrnmqne
2682 2256 2917 2321 priorum
2968 2253 3445 2306 constitutionibus

1876 2345 2091 2398 decreta
2120 2346 2334 2398 sancire
2364 2362 2513 2399 mens
2547 2355 2663 2398 erat
2694 2363 2707 2400 :
2744 2362 2917 2412 neque
2944 2346 3285 2414 episcopatus
3312 2346 3445 2412 abji-

1875 2443 2076 2506 ciendi,
2104 2459 2274 2512 eoque
2307 2445 2469 2497 etiam
2507 2445 2731 2497 dimisso
2763 2444 3137 2511 episcoporum
3170 2457 3441 2512 praeroga-

1879 2536 2267 2602 tivisifrucndi,
2311 2536 2529 2589 cuilibet.
2591 2534 2793 2587 homini
2852 2535 3154 2587 facultatem
3192 2548 3311 2585 esse
3356 2547 3444 2582 vo-

1875 2629 2109 2682 luerunt.
2160 2627 2276 2693 Quo
2322 2638 2476 2696 pacto
2505 2642 2731 2694 namque
2772 2627 2820 2678 id
2847 2625 2983 2678 velle
3003 2633 3320 2690 potuissent.
3349 2624 3439 2690 qui

1876 2721 2184 2787 impositum
2224 2719 2547 2786 episc0palis
2579 2732 2720 2770 curre
2750 2731 2888 2771 onus
2936 2715 3230 2782 spiritualis
3275 2712 3442 2764 animi

1875 2811 2129 2865 firmitate
2153 2810 2532 2862 sustinendum
2571 2824 2712 2871 esse,
2745 2818 2798 2862 et
2852 2823 2968 2876 quae
2999 2808 3255 2873 deinceps
3290 2805 3442 2858 addi-

1875 2904 2022 2962 dere,
2061 2915 2372 2969 persnasum
2433 2899 2729 2951 haberent?
2762 2897 2933 2950 Porro
2982 2899 3126 2952 senis
3186 2896 3440 2966 lacrymis

1873 2998 2101 3052 innexos
2153 2999 2217 3049 ad
2276 2996 2704 3049 misericordiam
2759 2994 2944 3047 Patres
3001 2994 3278 3045 decretura
3335 2991 3435 3042 hoc

1873 3093 2130 3154 edidisse,
2168 3106 2286 3142 cum
2323 3105 2385 3140 ex
2425 3088 2543 3139 aliis
2577 3087 2755 3138 multis
2799 3085 3040 3154 epistolte
3085 3086 3281 3148 verbis,
3329 3095 3437 3134 tum

1797 3187 1841 3245 C
1873 3203 1934 3242 cx
1973 3187 2075 3246 bis,
2110 3201 2226 3253 qua:
2257 3193 2574 3250 Sequuntur,
2609 3181 2762 3233 facile
2785 3191 3000 3247 apparet
3030 3198 3040 3230 :
3074 3179 3222 3244 Quod
3255 3179 3296 3230 si
3323 3191 3438 3238 vos,

199 3277 472 3346 inquiunt,
529 3280 710 3334 mitius
766 3280 967 3350 aliquid
1014 3282 1081 3334 de
1127 3282 1228 3336 hoc
1276 3283 1495 3337 homine
1546 3286 1862 3351 statueritis,
1913 3282 1964 3336 id
2015 3292 2229 3349 quoque
2270 3284 2455 3329 saneta
2508 3275 2741 3343 Si’"°""5
2793 3285 3003 3341 ετηιιιπι
3051 3282 3437 3340 θοοθβῑηηῖψιε

197 3370 440 3424 habebit.

269 3463 538 3518 Τοσοῦτον
589 3467 698 3534 γὰρ
733 3476 823 3517 τον
870 3465 1038 3536 ἄνδρα
1101 3467 1338 3538 ἠλέησαν
1386 3472 1496 3531 τοῖς
1546 3469 1760 3522 ἐκείνου

198 3554 547 3621 καμφθέντες
579 3554 808 3621 δάκρυσι
872 3555 966 3608 καὶ
1004 3559 1066 3626 τῇ
1104 3561 1380 3628 συμφορᾷ,
1411 3559 1485 3621 ὡς
1514 3559 1608 3612 καὶ
1638 3561 1762 3623 τοὺς

198 3645 391 3706 ἄλλους
418 3646 758 3712 παραθήγειν
793 3650 872 3708 εἰς
903 3648 1049 3698 ἔλεον
1103 3651 1338 3712 ἐκείνου,
1392 3656 1485 3703 καὶ
1519 3670 1764 3722 παρακα-

196 3737 312 3787 λεῖν
346 3736 428 3797 εἰς
461 3736 821 3804 συμπάθειαν.
849 3738 909 3789 Ei
939 3738 992 3790 δὲ
1021 3740 1094 3801 ῶς
1123 3742 1324 3792 κανόνα
1357 3742 1454 3811 τὴν
1482 3744 1763 3810 συνοῗικὴν

197 3827 405 3896 ταύτην
435 3828 724 3896 ἐπιστολὴν
753 3829 1017 3898 δέχονται,
1069 3834 1162 3884 καὶ
1203 3835 1298 3902 ούχ
1336 3835 1409 3896 ὡς
1450 3835 1761 3904 οἰκονομίαν

197 3918 286 3969 ἐπ’
345 3919 538 3987 ἐκείνῳ
593 3920 888 3989 γενομένην
945 3922 1020 3990 τῷ
1087 3925 1396 3996 Εὑσταθίῳ,
1442 3927 1492 3977 τί
1555 3928 1626 3994 μὴ
1677 3928 1770 3978 καὶ

195 4011 314 4072 τοῖς
341 4009 848 4078 παραιτησαμένοις
883 4010 976 4073 τάς
1011 4011 1222 4065 ἑαυτῶν
1249 4014 1542 4082 ἐκκλησίας
1565 4015 1768 4083 καὶςτὴν

193 4098 611 4168 ἀρχιερωσύνην
649 4099 816 4168 αὐτὴν
849 4102 927 4163 εἰς
972 4101 1127 4165 αὖθις
1169 4104 1418 4172 προσίασι
1454 4105 1545 4156 καὶ
1596 4121 1768 4171 προσ-

195 4192 447 4242 κλαίουσι
496 4189 730 4241 διδόασιν
771 4191 941 4260 ὄνομά
990 4211 1048 4244 τε
1096 4197 1400 4264 ἐπισκοπῆς
1445 4198 1537 4247 καὶ
1584 4197 1769 4264 ἀρχιε-

200 4283 404 4353 ρατικά
431 4281 611 4334 δίκαια
640 4284 732 4336 καὶ
755 4286 938 4352 τιμήν.
991 4287 1221 4349 Ἐκεῖνος
1246 4290 1353 4357 γὰρ
1379 4287 1595 4340 ἅπαντα
1628 4287 1763 4338 καθ-

195 4374 344 4437 άπαξ
400 4373 874 4442 παραιτησάμενος
906 4377 1177 4443 φαίνεται,
1210 4380 1305 4430 καὶ
1349 4381 1567 4432 πάντων
1594 4382 1758 4430 ἐκπε-

197 4464 464 4525 πτωκὼς,
505 4467 569 4516 ἐκ
603 4464 698 4516 τοῦ
747 4467 925 4533 λέγειν
949 4469 1076 4531 τοὺς
1116 4472 1213 4539 τῆς
1242 4471 1461 4523 συνόδου
1491 4472 1570 4524 ὅτι
1609 4474 1763 4544 Ἐξη-

1961 3466 2120 3517 f‘ania
2160 3463 2304 3515 enim
2339 3460 2558 3513 Patrum
2586 3456 2953 3522 animos,ejus
2988 3455 3220 3508 hominis
3255 3455 3436 3525 iacry-

1872 3556 1974 3608 mis
2000 3565 2051 3608 et
2101 3551 2412 3604 calamitate
2454 3550 2742 3607 emollitos,
2794 3547 3067 3598 miseratio
3108 3557 3342 3614 ceperat,
3377 3556 3437 3598 ιιι

1869 3647 2001 3699 alios
2025 3658 2241 3713 quoque
2273 3643 2337 3694 ad
2377 3639 2802 3694 misericordiam
2844 3639 2915 3690 illi
2945 3640 3275 3691 tribuendam
3306 3637 3437 3704 ipsi-

1872 3746 1980 3789 met
2005 3737 2316 3793 incitarent.
2338 3744 2391 3787 et
2419 3733 2482 3786 ad
2520 3731 2635 3797 ejus
2661 3730 3183 3784 commiserationem
3235 3745 3432 3795 provo-

1867 3838 2074 3882 carent.
2107 3827 2257 3892 Quod
2285 3828 2326 3878 si
2359 3825 2495 3877 hanc
2528 3824 2718 3893 synod.
2751 3823 2919 3890 Epist.
2951 3821 3174 3874 canonis
3195 3823 3294 3873 vim
3335 3822 3431 3874 ha-

1869 3921 2016 3984 bere,
2057 3930 2242 3974 etnon
2270 3919 2320 3970 in
2351 3932 2410 3969 ea
2450 3918 2615 3969 solius
2657 3916 2919 3967 liustatbii
2967 3929 3185 3967 causam
3219 3916 3297 3980 agi
3341 3930 3436 3980 pu-

1870 4023 2017 4079 tant;
2069 4012 2250 4081 qttidni
2297 4011 2361 4063 iis
2411 4012 2596 4071 etiam,
2651 4010 2739 4077 qui
2799 4009 3150 4061 ecclesiarum
3214 4022 3432 4059 suarum

1867 4122 2075 4168 curam,
2102 4115 2154 4158 et
2186 4102 2476 4156 sacerdotii
2505 4117 2720 4170 quoque
2750 4099 3072 4168 episcopalis
3116 4099 3430 4167 dignitatem

1868 4197 2254 4266 deposuerunt,
2282 4195 2325 4249 si
2363 4205 2543 4261 postea
2575 4194 2767 4245 iterum
2806 4192 3058 4244 accedant
3088 4199 3140 4242 et
3165 4191 3430 4258 laerymas

1870 4290 2114 4352 fundant,
2145 4287 2377 4356 episcopi
2410 4301 2600 4338 nomen
2656 4300 2716 4337 ac
2754 4283 3078 4352 cpisropalia
3112 4281 3231 4348 jura
3265 4281 3434 4334 bono-

1874 4394 2092 4447 remque
2126 4375 2345 4429 concedi
2377 4383 2563 4442 putant
2595 4373 2883 4438 Oportere?
2919 4371 3072 4425 lllum
3112 4386 3344 4439 namque
3373 4386 3431 4424 se

1870 4473 2123 4526 omnibus
2155 4487 2261 4523 uno
2291 4480 2528 4539 tempore
2557 4469 2862 4527 abdicasse,
2896 4467 3249 4533 omnibusque
3271 4465 3430 4518 simul

193 4556 403 4624 τοῦμεν
433 4557 645 4625 μαθεῖν,
671 4560 717 4648 eti
738 4559 1055 4629 καθαίρεσιν
1080 4561 1301 4630 ἔννομον
1321 4564 1758 4634 ὑπομεμένηκεν,
1796 4583 1839 4637 ι)

1752 4608 1758 4629 ,
1796 4583 1839 4637 ι)
1869 4564 2150 4629 excidisse,
2180 4563 2364 4634 synodi
2395 4563 2554 4614 verba
2605 4561 2689 4612 illa
2733 4560 2994 4611 indicant.
3048 4555 3426 4621 Quaasivimus,

195 4651 369 4719 ἤγουν
424 4649 513 4700 ἐπί
543 4667 652 4701 τισι
702 4649 809 4701 τῶν
852 4651 1070 4704 ἀτόπων
1123 4653 1538 4724 ἐληλεγμένων·
1583 4660 1670 4709 καὶ
1698 4657 1759 4727 δὴ

191 4737 476 4806 ἐμάθομεν
509 4739 747 4791 τοιοῦτον
806 4741 903 4808 μὲν
937 4741 1089 4795 οὐδὲν
1124 4746 1470 4814 πεπρᾶχθαι,
1509 4747 1761 4813 γενέσθαι

191 4829 252 4882 δὲ
290 4828 492 4895 μᾶλλον
523 4829 598 4895 τῷ
650 4831 929 4900 Εὑσταθίῳ
966 4833 1085 4886 ἀντὶ
1114 4836 1454 4906 ἐγκλήματος
1485 4839 1593 4912 τὴν,
1627 4857 1764 4905 παρ-

191 4921 437 4981 αίτησιν.
495 4921 706 4993 Ὠσπερ
735 4920 828 4976 οὖν
869 4927 918 4976 εί
953 4927 1036 4977 ἐπ’
1061 4927 1246 4998 ἀτόπῳ
1273 4930 1379 4980 τινὶ
1407 4929 1568 4993 ἑάλω,
1592 4929 1762 4992 οὕτως

189 5009 260 5082 ἦν
289 5013 548 5066 ἀπάντων
574 5014 682 5066 τῶν
712 5015 809 5084 τῆς
852 5019 1162 5088 ἐπισκοπῆς
1207 5021 1430 5075 δικαίων
1471 5025 1760 5076 ἐκπεπτω-

195 5104 310 5166 κὼς
346 5107 411 5156 ἐκ
462 5105 559 5174 τῆς
612 5109 1019 5178 παραιτήσεως,
1072 5112 1164 5163 καὶ
1220 5112 1563 5184 καθῃρῆσθαι
1623 5115 1757 5184 αὐτῇ

189 5198 394 5250 δοκεῖν.
425 5196 564 5248 Ἀλλ’
609 5198 756 5267 ὅμως
797 5201 830 5269 ἠ
880 5201 1096 5265 σύνοδος
1129 5206 1238 5265 τοῖς
1269 5205 1475 5256 ἐκείνου
1502 5205 1760 5276 δάκρυσιν

190 5290 604 5359 ἐπικαμφθεῖσα
634 5291 959 5361 ἐψηφίσατο,
1007 5296 1108 5349 ὅσα
1152 5298 1217 5365 τῇ
1262 5297 1517 5366 ἐπιστολῇ
1573 5296 1758 5366 περιέ-

190 5401 402 5453 χονται.
433 5383 557 5447 Τοῖς
581 5385 711 5453 γοῦν
754 5386 827 5449 ὡς
853 5390 1054 5441 κανόνα
1103 5393 1197 5443 καὶ
1239 5391 1407 5444 τύπον
1448 5392 1757 5461 δεχομένοις

189 5473 362 5541 αὐτὴν
391 5473 514 5525 οὐδὲ
545 5475 669 5536 τοὺς
702 5481 1214 5546 παραιτησομένους
1252 5480 1350 5549 τήν
1383 5497 1440 5532 τε
1475 5480 1584 5531 τῶν
1616 5496 1757 5546 πρα-

193 5565 422 5631 γμάτων
484 5563 765 5632 διοίκησιν,
833 5569 926 5620 καὶ
988 5568 1081 5638 τὴν
1128 5571 1536 5640 ἀρχιερωσύνην
1590 5570 1757 5639 αὐτὴν

188 5656 573 5723 διαιρουμένας
602 5656 721 5707 κατ’
755 5659 996 5722 ἐκείνους
1021 5660 1197 5724 αὖθις,
1230 5663 1547 5732 προσίεσθαι
1574 5663 1757 5714 καινόν

185 5760 237 5796 τι
280 5743 442 5808 δόξει,
479 5745 572 5796 καὶ
619 5744 959 5815 ψηφίζεσθαι
1015 5750 1164 5817 σφίσι
1211 5751 1407 5821 κλῆσιν
1453 5753 1754 5803 ἐπισκόπου

189 5835 502 5899 ἱερουργίαν
554 5852 612 5889 τε
661 5837 754 5890 καὶ
800 5840 985 5907 τιμήν.
1038 5843 1148 5895 Οὐκ
1203 5844 1471 5913 εὐστόχως
1512 5838 1605 5894 οὖν
1657 5844 1756 5912 τῆς

1867 4657 2146 4724 inquiunt,
2176 4672 2240 4707 an
2269 4655 2500 4722 legitima
2537 4652 2869 4719 depositione
2897 4648 3176 4710 multatus,
3205 4649 3305 4700 hoc
3325 4658 3424 4709 est,

1865 4762 1930 4798 an
1974 4746 2208 4812 alicujus
2252 4743 2434 4812 ﬂagitii
2468 4745 2749 4796 convictus
2783 4740 2922 4792 foret
2954 4736 3295 4801 Eustathius;
3330 4751 3426 4789 nec

1865 4838 1967 4890 tale
1990 4838 2281 4906 quidquam
2305 4836 2592 4889 didicimus
2642 4833 2956 4902 contigisse,
2992 4832 3083 4884 sed
3119 4832 3285 4900 ipsam
3331 4844 3426 4897 p0-

1867 4930 1968 4983 tius
2005 4929 2452 4982 renuntiationem
2482 4927 2556 4980 illi
2588 4942 2682 4995 pro
2714 4925 2939 4979 crimine
2967 4922 3167 4978 fuisse:
3208 4924 3300 4992 qui
3342 4933 3422 4975 ta-

1866 5037 1983 5075 men
2013 5036 2079 5075 eo
2106 5022 2341 5084 nomine,
2366 5020 2517 5086 quasi
2553 5017 2821 5070 manifesti
2855 5015 3080 5071 sceleris
3113 5031 3233 5069 reus
3266 5027 3413 5071 tene-

1865 5122 2032 5176 retur,
2069 5114 2140 5166 ita
2170 5112 2313 5164 omni
2349 5110 2635 5179 episcopali
2662 5112 2780 5179 jure
2810 5125 2872 5163 ex
2894 5110 3288 5164 renuntiatione
3323 5126 3418 5179 pe-

1864 5205 2005 5256 nitus
2057 5203 2352 5263 exciderat,
2381 5211 2436 5253 nt
2484 5199 2841 5268 depositionis
2870 5213 3048 5252 veram
3090 5199 3320 5267 speciem
3356 5214 3418 5252 ea

1861 5296 2258 5349 animadversio
2303 5310 2409 5363 pra:
2437 5309 2494 5347 se
2540 5292 2682 5347 ferre
2731 5293 2950 5346 omnino
2993 5293 3419 5358 existimaretur,

1863 5387 1961 5441 nisi
1997 5389 2237 5456 synodus
2265 5401 2598 5454 quacunque
2645 5386 2743 5439 hac
2769 5385 2993 5452 epistola
3045 5383 3417 5447 continentur,

1861 5477 2100 5546 ejusdem
2127 5485 2392 5531 commota
2442 5476 2695 5546 laerymis
2722 5477 3066 5530 decrevisset.
3105 5473 3274 5540 Quam
3304 5477 3422 5540 qui-

1860 5571 1979 5624 dem
2013 5571 2102 5640 qui
2135 5569 2359 5623 canonis
2405 5579 2456 5621 et
2491 5567 2718 5635 exempli
2769 5566 2874 5620 vim
2904 5565 3149 5620 obtinere
3192 5575 3419 5619 conten-

1859 5665 2010 5726 dunt,
2036 5664 2227 5716 mirum
2252 5664 2316 5715 iis
2348 5677 2450 5714 non
2474 5661 2761 5722 videbitur,
2810 5669 2903 5712 aut
2937 5674 3153 5721 novum,
3208 5672 3300 5712 eos
3323 5658 3413 5727 qui

1858 5769 1917 5808 se
1987 5757 2320 5820 negotiorum
2383 5750 2834 5806 administrationi
2911 5750 3306 5813 subtraxerint,
3361 5757 3415 5802 et

1860 5846 2054 5900 summi
2088 5845 2378 5901 sacerdotii
2425 5844 2686 5914 dignitate
2734 5843 2873 5912 (quae
2921 5843 3025 5896 duo
3064 5857 3126 5895 ex
3187 5841 3412 5897 istorum
