4238 6464
767 357 907 473 .3T9

2040 414 2316 475 ΤΗΕΟΙ).
2363 417 2452 473 ΒΛ
2470 416 2597 473 LSA
2610 414 2763 473 ΜοΝ

3915 410 4016 473 38’)

800 518 1068 572 si‘ntcntia
1095 516 1266 569 divisa
1311 518 1458 585 sunt)
1512 519 1833 587 abdicarint,
1881 538 2069 578 rursus
2115 526 2352 587 admitti,
2386 531 2422 581 Α
2462 525 2474 573 ἐ

2344 565 2352 587 ,
2386 531 2422 581 Α
2462 523 2696 584 διανοίας
2724 522 2832 574 τῶν
2863 539 2919 574 σε
2933 521 3075 573 πτῶν
3120 521 3340 572 ἐκείνων
3390 520 3645 590 Πατέρων
3679 526 4018 589 καταστοχα-

804 609 1224 676 iisqueepiscupi
1276 624 1465 661 nomen
1524 625 1585 662 ac
1628 612 1874 675 honores,
1907 630 2026 665 cum
2074 629 2350 667 sacrorum

805 697 1181 762 procuratione
1216 696 1450 750 decerni.
1507 700 1609 752 Sed
1673 705 2089 754 revereiidoruni
2140 703 2351 755 illorum

806 787 1021 838 l'atruin
1043 796 1273 838 mentem
1294 784 1535 853 profecto
1558 803 1661 838 non
1688 799 2075 856 assequuntur,
2108 791 2196 856 qui
2228 791 2354 842 huic

804 876 1045 941 cpislolm
1066 878 1285 929 canonis
1332 878 1705 931 auctoritatem
1737 880 1998 940 tribuunt,
2022 895 2083 931 ac
2115 896 2210 948 per
2233 896 2352 933 eam

801 967 1066 1033 episcopis
1094 967 1354 1022 ecclesias
1401 983 1545 1029 snas,
1580 970 1771 1022 summi
1811 972 2099 1024 sacerdotii
2148 981 2353 1025 retenta

800 1058 1083 1124 dignitate,
1113 1058 1415 1111 dimittendi
1448 1060 1988 1129 potestatemifactam
2016 1061 2178 1116 fuisse
2202 1063 2355 1116 arbi-

804 1159 1033 1201 trantur.
1068 1148 1133 1201 Et
1162 1166 1290 1204 vero
1332 1152 1556 1204 canonis
1603 1151 1827 1207 alterius
1885 1154 2217 1216 auctoritati.
2264 1155 2355 1221 qui

803 1239 874 1293 ita
899 1241 1159 1303 sentiunt,
1193 1241 1331 1295 haud
1360 1243 1518 1296 dubie
1553 1243 1926 1297 adversantur.
1962 1242 2097 1297 Nam
2137 1246 2189 1297 in
2223 1260 2354 1314 syn-

803 1332 908 1385 odo
960 1332 1407 1397 Chalcedonensi,
1428 1336 1510 1387 cui
1539 1336 1776 1389 sexcenti
1808 1337 2018 1405 triginta
2064 1337 2359 1392 interfuere

806 1421 1014 1487 Patres,
1048 1441 1111 1477 ne
1139 1440 1295 1492 quem
1326 1427 1485 1495 110
1513 1428 1904 1497 presbyterum,
1947 1440 2038 1483 aut
2074 1430 2356 1484 diaconum

804 1515 1045 1567 ahsolute
1071 1515 1308 1571 ordinari
1339 1528 1429 1569 aut
1460 1518 1692 1585 aliquem
1725 1521 1946 1574 omnino
1979 1521 2126 1575 clero
2160 1522 2358 1576 ascribi

804 1603 983 1669 liceat,
1017 1605 1115 1658 nisi
1143 1617 1304 1661 certa:
1348 1608 1590 1663 ecclesia:
1616 1609 1763 1662 urbis
1786 1621 1872 1662 aut
1918 1610 2057 1677 pagi,
2090 1623 2184 1663 aut
2219 1625 2362 1663 mar-

806 1696 966 1765 tyrio,
996 1707 1087 1752 aut
1142 1700 1464 1753 monasterio
1499 1701 1818 1755 nominatim
1868 1702 2163 1767 addictum,
2209 1714 2361 1757 sexto

804 1804 1008 1842 canone
1036 1793 1399 1847 constituitur.
1429 1792 1750 1862 Quicunque
1793 1809 1918 1848 vero
1944 1794 2186 1849 absolute
2210 1795 2358 1849 ordi-

2459 616 2641 676 ζονται
2673 616 2725 666 oi
2774 615 2850 677 ὡς
2880 614 3065 666 κανόνι
3097 613 3366 681 χρώμενοι
3418 614 3481 680 τῇ
3523 612 3778 680 ἐπιστολῇ
3814 613 4013 680 ταύτῃ,

2457 708 2553 758 καὶ⁵
2602 706 2892 758 ἐνδίδοσθαι
2943 705 3000 769 ἑξ
3060 703 3227 769 αὐτῆς
3283 703 3594 771 νομίζοντες
3625 702 4017 768 παραιτεῖσθαι

2456 798 2580 860 τοὺς
2624 797 2948 858 ἐπισκόπους
2982 794 3078 855 τὰς
3121 793 3412 859 ἐκκλησίας
3443 794 3642 855 αὐτῶν,
3685 794 3785 863 τὴν
3836 792 3885 845 δ’
3920 795 4019 861 ἁρ-

2458 887 2796 959 χιερωσύνην
2835 888 3256 956 παρακατέχειν.
3304 885 3368 937 Οἱ
3435 885 3541 953 γὰρ
3582 884 3739 937 τοῦτο
3783 886 4019 945 διδόντες

2460 982 2551 1034 καὶ
2597 979 2781 1033 κανόνι
2811 980 2980 1048 ἑτέρῳ
3036 977 3419 1031 ἐναντιοῦνται.
3457 977 3519 1029 Ἥ
3550 978 3656 1043 γὰρ
3708 980 3764 1029 ἑν
3798 978 4023 1045 Χαλκη-

2459 1072 2565 1124 δόνι
2588 1071 2799 1134 σύνοδος
2818 1071 2925 1123 τῶν
2943 1071 3239 1135 ἑξακοσίων
3260 1072 3551 1139 τριάκοντα
3571 1070 3739 1133 ἁγίων
3757 1068 3902 1119 Πατέ
3915 1085 4021 1133 ρων

2462 1164 2519 1214 ἑν
2541 1163 2685 1229 ’ἐκτῳ
2712 1162 2893 1215 κανόνι
2924 1162 3125 1231 μηδὲνα
3152 1163 3568 1231 ἀπολελυμένως
3598 1161 4023 1231 χειροτονεῖσθαι

2460 1252 2775 1316 τεθὲσπικε,
2804 1252 2877 1323 μὴ
2908 1253 3294 1322 πρεσϐύτερον,
3338 1253 3411 1323 μή
3438 1254 3703 1314 διάκονον,
3734 1253 3875 1321 μήτε
3902 1252 4022 1303 τινὰ

2462 1346 2599 1407 ὅλως
2637 1345 2744 1398 τῶν
2773 1347 2830 1397 ἑν
2863 1345 2940 1415 τῷ
2973 1346 3408 1415 ἑκκλησιαστικῷ
3435 1347 3700 1412 τάγματι,
3730 1347 3781 1397 εί
3821 1345 3900 1412 μὴ
3928 1345 4025 1396 ἰδι-

2465 1433 2577 1497 κῶς
2606 1438 2665 1487 ἑν
2704 1436 2969 1504 ἐκκλησία
2997 1434 3225 1499 πόλεως,
3254 1436 3288 1506 ἢ
3326 1435 3539 1505 κώμης,
3568 1435 3602 1505 ἢ
3642 1433 3957 1504 μαρτυρίῳ,
3994 1433 4025 1499 ἢ

2469 1525 2812 1597 μοναστηρίῳ
2842 1528 2871 1578 ὁ
2895 1525 3366 1596 χειροτονούμενος
3407 1525 3862 1595 ἑπικηρύττοιτοο
3896 1525 4025 1585 τοὺς

2464 1615 2522 1667 δὲ
2577 1616 2859 1679 ἀπολύτως
2914 1615 3420 1686 χειροτονουμὲνους
3472 1616 3676 1684 ἄκυρον
3724 1616 3874 1682 ἔχειν
3932 1613 4029 1682 τὴν

2465 1706 2727 1776 τοιαύτην
2757 1706 3116 1777 χειροθεσίαν,
3153 1708 3247 1760 καὶ
3284 1706 3535 1775 μηδαμοῦ
3580 1706 3842 1760 δύνασθαι
3874 1708 4029 1776 hisp.

2466 1802 2584 1867 γεῖν
2612 1800 2698 1869 ἐφ’
2738 1799 2893 1869 ὕϐρει
2918 1799 3012 1851 τοῦ
3040 1799 3537 1871 χειροτονήσαντος.
3581 1798 3734 1851 Ἐπεὶ
3764 1798 3953 1852 τοίνυν
3978 1801 4026 1851 oi

807 1884 913 1935 nati
950 1892 1096 1947 sunt,
1122 1884 1329 1936 irritam
1366 1900 1487 1938 esse
1520 1886 1678 1939 talem
1713 1886 2127 1951 ordinationem,
2155 1896 2206 1940 et
2247 1888 2366 1939 fun-
2392 1870 2481 1944 Bi

2352 1917 2366 1926 -
2392 1870 2440 1929 B
2465 1891 2683 1961 ἥττονος
2710 1891 2861 1952 ὄντες
2909 1870 3446 1958 βαθμοῦνάπολύτως
3491 1890 3925 1959 χειροτονεῖσθαι
3967 1891 4026 1943 ού

806 1977 1011 2030 ctiones
1038 1978 1286 2029 ordinum
1334 1978 1623 2031 exercendi
1675 1986 1991 2047 potestatem
2025 1994 2361 2047 nequaquam

809 2067 1026 2131 habere,
1050 2070 1099 2121 in
1125 2069 1240 2137 ejus
1262 2070 1352 2138 qui
1374 2070 1592 2123 contulit
1616 2070 2014 2132 contumeliam,
2039 2071 2360 2124 decernitur.

805 2158 953 2223 Quod
986 2159 1029 2212 si
1056 2176 1283 2228 quorum
1317 2161 1469 2229 longe
1502 2162 1723 2215 inferior
1744 2172 1828 2217 est
1851 2162 2103 2229 dignitas,
2136 2178 2228 2216 eos
2259 2178 2363 2217 non

809 2250 908 2303 nisi
946 2263 1095 2306 certo
1123 2252 1240 2305 loco
1262 2253 1504 2307 addictos
1532 2255 1813 2308 ordinibus
1862 2255 2128 2323 insigniri,
2158 2269 2257 2307 nec
2283 2255 2364 2307 in-

808 2342 1052 2409 signitos,
1113 2342 1412 2397 functiones
1463 2346 1748 2409 ordinum,
1804 2361 1942 2413 quos
1984 2355 2359 2414 susceperunt,

808 2447 1063 2496 exercere
1088 2431 1169 2487 fas
1206 2442 1309 2497 est,
1346 2444 1659 2500 tantumque
1704 2436 1756 2488 in
1795 2451 1853 2489 re
1899 2434 2157 2489 facinoris
2186 2437 2362 2490 inesse

813 2522 997 2577 l’atres
1026 2534 1352 2587 statuerunt,
1389 2538 1443 2580 iit
1486 2527 1631 2579 illum
1661 2527 1854 2593 ipsum,
1883 2528 1972 2595 qui
2000 2528 2217 2581 ordines
2235 2544 2362 2581 cou-

807 2614 1037 2679 tulisset,
1088 2614 1425 2671 afﬁciendum
1481 2618 1803 2671 contumelia
1841 2633 1961 2671 esse
2014 2618 2359 2684 judicarent;

809 2704 962 2770 cujus
990 2705 1142 2774 longe
1194 2705 1386 2772 major,
1412 2706 1493 2759 vel
1522 2707 1853 2774 amplissima
1879 2707 2053 2776 potius
2087 2722 2150 2761 ex
2192 2708 2366 2761 omni-

811 2796 907 2847 bus
958 2806 1041 2849 est
1071 2797 1295 2851 honoris
1353 2798 1628 2866 majestas,
1683 2813 1805 2851 eum
1864 2796 2007 2852 nullo
2037 2808 2184 2851 certo
2244 2799 2363 2851 loco

807 2885 1102 2947 addictum,
1139 2887 1268 2939 nulli
1329 2890 1545 2956 proprie
1586 2887 1699 2942 sedi
1734 2889 2055 2941 destinatum
2104 2902 2222 2942 esse
2252 2888 2364 2956 cpi-

814 2992 1031 3043 ~copum
1064 2977 1279 3031 licebit?
1305 2977 1655 3045 EpiscOpique
1703 2993 1896 3032 nomcn
1930 2995 1991 3033 ac
2038 2981 2232 3033 summi
2280 2997 2366 3033 sa—

806 3065 1031 3117 cerdotii
1069 3065 1192 3131 jura
1248 3066 1595 3119 nihilominus
1628 3067 1908 3121 retinebit?
1937 3068 2017 3120 An
2056 3084 2200 3130 vero,
2248 3069 2367 3135 qui-

807 3171 1019 3223 cunque
1050 3158 1330 3225 episcopus
1366 3158 1719 3223 renuntiatur,
1754 3157 1955 3211 civitati
2009 3159 2237 3227 cuipiam
2272 3176 2366 3211 no.

810 3247 1048 3300 initiatini
1099 3249 1408 3315 prmlicitur,
1458 3266 1520 3301 ac
1582 3249 1724 3302 illius
1764 3251 2050 3318 cpiscOpus
2107 3251 2363 3319 appellari

809 3338 965 3391 solet.
1028 3338 1343 3407 Quicunque
1391 3341 1554 3408 igitur
1597 3341 1903 3403 civitatein,
1943 3343 2025 3394 cui
2075 3343 2357 3409 praefectus

784 3440 945 3500 _crat,
976 3432 1212 3498 reliquit,
1252 3448 1314 3486 ac
1360 3434 1411 3485 in
1461 3449 1525 3487 eo
1587 3448 1865 3487 sacrorum
1916 3437 2367 3503 procurationem,

811 3525 1094 3591 gregisque
1131 3526 1230 3577 sibi
1261 3540 1290 3577 a
1323 3540 1533 3578 summo
1563 3527 1841 3579 sacerdote
1883 3527 2239 3579 commendati
2270 3542 2365 3580 cu-

814 3627 924 3665 ram
956 3613 1221 3677 deseruit,
1246 3615 1373 3682 quid
1408 3615 1623 3669 habebit
1649 3617 1878 3684 amplius
1901 3632 1963 3670 ex
1998 3634 2105 3687 quo
2134 3618 2366 3687 episc0pi

813 3722 1001 3758 nomen
1025 3708 1269 3761 obtinere
1292 3709 1488 3761 merito
1506 3708 1734 3761 debeat?
1755 3709 1992 3774 Quorum
2020 3710 2105 3763 ille
2140 3723 2370 3777 namque

813 3798 1137 3865 speculator,
1185 3801 1515 3853 autcustos?
1563 3799 1737 3866 Ipsum
1779 3800 1920 3853 enim
1977 3816 2169 3854 nomen
2202 3802 2372 3854 actio-

812 3904 954 3953 nem,
988 3892 1531 3958 exercitationentque
1575 3891 1861 3959 signiﬁcat.
1897 3890 1995 3957 Qui
2030 3908 2155 3945 vero
2199 3895 2369 3947 actio-

813 3995 931 4030 nein
985 3979 1185 4047 defugit
1238 3982 1455 4036 nomine
1514 3998 1729 4052 quoque
1788 3983 2263 4051 spoliatur.Purro
2318 3986 2368 4038 in

810 4086 967 4137 quem
1017 4071 1252 4139 episc0pi
1312 4089 1503 4125 nomen
1539 4074 1681 4127 haud
1715 4075 1877 4136 cadit,
1902 4089 2007 4142 quo
2056 4074 2177 4140 jure
2206 4075 2250 4128 is
2281 4089 2371 4128 sa-

811 4161 1033 4215 cerdotii
1083 4162 1341 4228 dignitate
1372 4166 1757 4229 retenta,saeri
1785 4167 2129 4235 magistratus
2158 4182 2363 4234 praero-

813 4254 1006 4321 gativis
1063 4268 1124 4307 ac
1198 4255 1401 4309 honore
1483 4256 1835 4325 perfruetur?
1890 4258 2170 4323 Quomodo
2241 4273 2369 4311 vero

815 4346 1089 4398 hierarclia
1150 4350 1536 4414 nominabitur,
1583 4349 1674 4417 qui
1724 4364 1819 4403 nec
1855 4349 2023 4425 ulluiti
2066 4350 2367 4419 subjectum

810 4437 911 4491 sibi
942 4439 1142 4493 clerum
1182 4440 1360 4505 habet,
1401 4457 1499 4495 nec
1558 4444 1662 4495 nlla
1720 4443 1771 4495 in
1807 4443 1978 4497 sacris
2011 4444 2247 4498 initiatos
2274 4444 2369 4496 ho-

2464 1982 2894 2052 συγχωροῦνται,
2922 1981 3059 2034 ἀλλὰ
3091 1983 3193 2035 κᾶν
3220 1982 3691 2052 χειροτονηΘῶσιν,
3721 1982 4029 2053 ἀνενὲργη-

2460 2090 2542 2126 τοι
2590 2073 2830 2143 μένουσι,
2874 2074 2974 2143 καὶ
3003 2074 3258 2128 τοσοῦτον
3289 2075 3350 2128 τὸ
3392 2077 3627 2144 πρᾶγμα
3662 2075 3845 2139 ἔδοξεν
3897 2078 4032 2128 ἀπο-

2461 2166 2743 2233 τρόπαιον,
2802 2167 2878 2228 ὡς
2940 2167 3035 2219 καὶ
3086 2168 3177 2219 τὸν
3229 2168 3685 2236 χειροτονήσαντα
3740 2166 4031 2237 κρίνεσθαι

2468 2257 2677 2328 ὕϐρεως
2710 2256 2891 2322 ἄξιον,
2914 2257 3032 2318 πῶς
3062 2260 3090 2309 ὁ
3117 2257 3362 2326 μείζονος
3388 2259 3569 2322 ἀξίας,
3609 2258 3811 2325 μᾶλλον
3842 2259 3902 2310 δὲ
3938 2261 4033 2324 τῆς

2464 2350 2769 2418 ὑπερτέρας
2798 2348 2986 2402 πασῶν
3014 2349 3295 2411 ἁπολύτως
3328 2352 3420 2402 καὶ
3456 2350 3774 2417 ἁνωνύμως,
3804 2350 4033 2400 ἐπίσκο-

2465 2461 2566 2505 πος
2601 2444 2827 2508 ἔσεταις
2870 2447 2963 2495 καὶ
2998 2442 3347 2511 κληθήσεται,
3390 2442 3481 2493 καὶ
3519 2441 3910 2507 ἀξιωθήσεται,
3959 2441 4033 2492 δι-

2466 2532 2638 2586 καίων
2668 2534 3105 2605 ἁρχιερατικιῖλνς
3162 2534 3271 2593 Πᾶς
3299 2533 3408 2599 γὰρ
3460 2532 3747 2600 ἀρχιερεὺς
3780 2548 4031 2600 χειροτο-

2464 2624 2719 2692 νούμενος
2750 2626 2901 2677 πόλει
2928 2626 3037 2678 τινὶ
3067 2624 3491 2692 ἑπικηρύττεται
3523 2663 3539 2687 ,
3596 2624 3859 2689 κάκείνης
3914 2624 4033 2674 ἑπί-

2466 2734 2665 2780 σκοπος
2689 2716 3032 2785 ὀνομάζεται.
3072 2715 3131 2768 Ὀ
3166 2714 3293 2781 γοῦν
3318 2714 3415 2784 τὴν
3439 2714 3591 2765 πόλιν
3625 2715 3707 2781 ἐφ’
3829 2717 4035 2782 ἑπεκη-

2469 2808 2658 2876 ρύχθη,
2724 2807 2913 2869 λιπὼν,
2977 2807 3069 2859 καὶ¹
3132 2806 3612 2876 παραιτησάμενος
3660 2804 3723 2855 τὸ
3776 2804 3837 2854 ἑν
3892 2804 4029 2871 αὐτῇ

2470 2899 2746 2967 ἱερᾶσθαι,
2783 2900 2876 2952 καὶ
2909 2898 3225 2950 ἐπισκοπεῖν
3250 2895 3312 2947 τὸ
3356 2896 3413 2947 ἑν
3442 2894 3629 2964 ἐκείνῃ
3655 2893 3750 2945 τοῦ
3787 2894 4031 2963 μεγάλου

2464 2990 2848 3059 ἀρχιποίμενος
2894 2990 3164 3057 ποίμνιον,
3215 2988 3335 3050 πῶς
3368 2987 3662 3048 ἐπίσκοπος
3694 2986 4034 3055 κληθήσεται

2464 3082 2558 3133 τοῦ
2599 3080 2816 3148 lentati;
2840 3080 2991 3143 τίνας
3017 3079 3364 3144 ἑπισκοπῶνς
3398 3078 3469 3130 Τὸ
3499 3078 3608 3146 γὰρ
3628 3077 3803 3145 ὄνομα
3834 3076 4030 3128 τούτου

2471 3167 2823 3244 πράγματός³
2844 3170 2958 3219 ἐστι
3009 3168 3104 3219 καὶ
3157 3167 3436 3235 ἐνεργείας
3496 3166 3831 3233 δηλωτικόν·
3892 3166 3924 3216 ὁ
3985 3166 4028 3217 δ’

2472 3260 2900 3327 ἀποσεισάμενος
2934 3258 3032 3327 τὴν
3066 3257 3348 3324 ἐνέργειαν
3395 3258 3719 3308 ἑκπέπτωκε
3774 3256 3874 3307 καὶ¹
3937 3257 4036 3323 τῆς

2472 3351 2735 3422 κλήσεως.
2768 3351 3088 3411 Ἐπίσκοπος
3115 3349 3168 3401 δὲ
3202 3348 3481 3401 καλεῖσθαι
3514 3347 3587 3416 μὴ
3619 3346 3905 3416 πεφυκὼς,
3931 3348 4037 3399 τίνι

2470 3442 2662 3510 δικαίῳ
2685 3442 2784 3510 τῆς
2811 3442 3109 3511 ἱερωσύνης
3160 3441 3462 3504 ἀνθέξεται,
3498 3441 3592 3493 καὶ
3639 3440 4036 3508 ἀρχιερατικοῦ

2479 3536 2793 3605 προνομίου,
2831 3534 2923 3587 καὶ
2974 3534 3137 3602 τιμῆς
3183 3533 3593 3597 ἀπολαύσεταις
3660 3531 3781 3594 Πῶς
3815 3531 3872 3582 δὲ
3945 3533 4039 3583 καὶ

2472 3624 2735 3693 ίεράρχης
2784 3622 3214 3692 ὀνομασθήσεται
3269 3624 3296 3674 ὁ
3355 3622 3427 3690 μὴ
3473 3621 3675 3691 κλῆρον
3714 3622 3807 3688 ὑφ’
3838 3621 4037 3672 ἑαυτὴν

2471 3717 2628 3782 ἔχων,
2668 3714 2774 3767 οὐδ’
2807 3716 2988 3784 ἄρχων
3041 3714 3392 3783 ίερωμένων;
3447 3708 3517 3783 ⁷ῼ
3546 3713 3602 3763 δὲ
3650 3712 3724 3781 μῆ
3775 3713 4039 3777 πρόσεστι

2472 3806 2608 3876 πρὸς
2637 3805 2892 3874 ἀλήθειαν
2941 3805 3037 3870 τῆς
3068 3805 3351 3873 ίεραρχίας
3376 3804 3438 3854 τὸ
3466 3803 3653 3870 δνομα,
3684 3802 3743 3853 ού
3773 3801 3839 3869 δὴ
3886 3803 4040 3869 ἐνέρ-

2472 3914 2596 3965 γεια
2625 3896 2935 3968 πρόσεστιν.
2976 3896 3034 3949 '0
3070 3896 3175 3964 γὰρ
3226 3893 3318 3947 τοῦ
3352 3894 3611 3961 ὀνόματος
3642 3892 3717 3961 μὴ
3765 3892 4038 3960 μετέχω-ι,

2476 3986 2675 4056 μᾶλλον
2703 3986 2803 4038 οὐκ
2831 3985 2896 4039 ἂν
2928 3985 3143 4054 μεθέξει
3173 3982 3265 4036 τοῦ
3312 3983 3656 4053 πράγματος.
3709 3982 3920 4035 Λοιπὸν
3950 3981 4043 4033 οὖν

2472 4076 2648 4137 οὐδεὶς
2674 4076 2735 4129 τὸ
2762 4075 2912 4145 αύτῷ
2934 4074 3182 4126 ὲπιτεθὲν
3212 4073 3584 4143 λειτούργημα
3610 4075 3708 4140 τῆς
3730 4074 4044 4141 ἐπισκοπῆς

2475 4165 2800 4235 δεχθήσεται
2849 4162 3308 4234 παραιτούμενος,
3345 4164 3392 4213 εί
3450 4162 3524 4231 μὴ
3560 4160 3782 4228 ἀνάξιον
3845 4164 4047 4214 ἑαυτὸν

2472 4257 2572 4325 τῆς
2613 4254 2911 4327 ίερωσύνης
2933 4254 3205 4324 ὁμολογεῖ.
3241 4254 3302 4306 Εἰ
3329 4254 3381 4306 δέ
3406 4271 3489 4315 τις
3514 4253 3699 4316 δώσει,
3729 4254 3959 4317 πάντως
3992 4256 4047 4306 δὲ

2472 4350 2533 4401 ob
2577 4347 2877 4409 κανονικῶς
2933 4346 3188 4416 δεχθῆναι
3238 4347 3329 4399 τὸν
3364 4346 3823 4417 παραιτούμενον,
3857 4348 4046 4414 πάσης

2473 4440 2628 4505 ἀξίας
2658 4441 2937 4511 ἱερατικῆς
2969 4443 3062 4493 καὶ
3088 4441 3284 4500 παντὸς
3312 4439 3521 4492 δικαίου
3561 4438 3660 4507 τῆς
3690 4437 4045 4507 ἀρχιερωσύ-

814 4530 989 4584 mines
1022 4532 1343 4585 auctoritate
1388 4533 1644 4601 prteditus
1669 4531 1787 4587 est?
1836 4533 1906 4587 At
1931 4534 2016 4587 cui
2065 4518 2372 4588 bierarcha?
2396 4537 2439 4592 D
2466 4549 2488 4582 ν

2396 4537 2439 4592 D
2466 4548 2562 4598 νης
2588 4530 2714 4598 ἅμα
2734 4533 2799 4599 τῇ
2828 4532 3153 4599 παραιτήσει
3180 4528 3489 4579 ἐκπεσεῖται
3515 4527 3544 4578 ὁ
3569 4524 4047 4595 παραιτούμενος.

811 4622 1093 4689 appellatio
1136 4638 1261 4676 vere
1292 4638 1395 4676 non
1423 4625 1675 4677 convenit
1727 4635 1825 4677 nec
1869 4625 2012 4678 actio
2063 4624 2359 4678 convenit:

808 4714 898 4781 qui
947 4715 1088 4767 enim
1118 4716 1493 4770 communione
1533 4716 1765 4772 nominis
1805 4715 2110 4770 excluditur
2161 4730 2217 4770 re
2251 4717 2365 4786 ipsa

812 4804 978 4857 multo
1011 4805 1180 4873 magis
1200 4816 1380 4861 careat
1413 4822 1630 4863 necesse
1655 4816 1757 4862 est.
1796 4808 2081 4877 Reliquum
2116 4809 2277 4878 igitur
2312 4818 2367 4861 ut

810 4910 970 4950 nemo
1006 4898 1343 4967 episcopatus
1360 4901 1462 4954 sibi
1497 4901 1803 4969 impositum
1846 4916 2042 4955 munus
2072 4902 2364 4969 accipiens,

806 4987 860 5039 ei
892 4990 1182 5053 renuntiet,
1206 4990 1306 5044 nisi
1348 5006 1408 5045 se
1450 4993 1754 5046 sacerdotio
1794 4992 2067 5061 indignum
2111 4990 2362 5050 fateatur.

807 5076 865 5130 Si
889 5081 1009 5146 quis
1040 5096 1167 5135 vero
1197 5087 1527 5138 concesserit
1553 5083 1777 5151 eumqui
1815 5084 2114 5148 renuntiat,
2147 5083 2367 5136 omnino

813 5186 918 5222 non
949 5174 1205 5227 canonice
1264 5174 1388 5227 illud
1414 5176 1736 5243 suscepisse,
1764 5176 1911 5227 omni
1940 5174 2079 5228 sacri
2132 5174 2370 5227 muneris

807 5262 1083 5326 dignitate,
1105 5267 1407 5332 summique
1425 5266 1711 5321 sacerdotii
1726 5266 2090 5334 prauogativis
2108 5280 2211 5318 una
2237 5280 2358 5318 cum

2473 4623 2601 4675 Ὀτι
2646 4622 2703 4675 δὲ
2739 4622 3099 4690 παραιτήσεις
3148 4620 3209 4671 ού
3245 4618 3349 4688 χρὴ
3382 4616 3653 4687 δέχεσθαι,
3698 4615 3793 4668 καὶ
3849 4616 3918 4667 ἑκ
3952 4613 4049 4666 τοῦ

2480 4716 2664 4784 τρίτου
2719 4713 3016 4781 κεφαλαίου
3049 4710 3144 4779 τῆς
3176 4712 3312 4780 πρὸς
3345 4710 3548 4777 Δόμνον
3602 4707 3904 4775 ἐπιστολῆς
3952 4706 4050 4760 τοῦ

2474 4804 2631 4870 ἁγίου
2669 4802 2935 4871 Κυρίλλου
2990 4799 3237 4869 φανερῶς
3274 4798 3680 4860 ἀποδείκνυται,
3740 4796 4009 4862 λέγοντος
4033 4814 4047 4827 ·

2478 4896 2586 4949 Καὶ
2616 4894 2817 4963 ἑτέρως
2873 4893 2927 4944 δὲ
2975 4890 3208 4960 πρᾶγμά
3238 4890 3387 4941 ἑστιν
3408 4885 3529 4940 οὔτε
3556 4888 3667 4949 τοῖς
3696 4886 3797 4952 τῆς
3832 4886 4048 4953 ἐκκλη-

2478 4986 2600 5047 σίας
2655 4987 2889 5054 ἀρέσκον
2931 4982 3172 5049 θεσμοῖς,
3229 4980 3289 5032 τι
3334 4978 3612 5039 λιῆἑλλους
3651 4977 4051 5045 παραιτήσεων

2478 5077 2780 5149 προσάγειν
2810 5075 2961 5137 τινὰς
2991 5073 3098 5127 τῶν
3127 5072 3448 5143 ίερουργῶν,
3483 5071 3580 5125 καὶ
3601 5070 3668 5122 τὰ
3702 5067 3849 5136 ἑξῆς.
3874 5070 4052 5138 Ζήτει

2481 5171 2578 5223 καὶ
2624 5171 2692 5221 τὰ
2722 5165 2998 5235 γραφέντα
3047 5166 3126 5226 εἰς
3160 5164 3252 5216 τὸν
3310 5163 3536 5216 δέκατον
3567 5162 3767 5215 κανόνα
3808 5158 3911 5211 τοῦ
3971 5162 4053 5211 ιε-

2472 5263 2813 5334 ρομάρτυρος
2856 5259 3059 5318 Πέτρου
3110 5257 3545 5325 ἁρχιεπισκὸπου
3597 5252 4049 5320 Ἀλεξανδρείας,

808 5356 1202 5410 rcnimtiatione
1246 5358 1357 5426 ipse
1426 5362 1737 5414 renuntians
1791 5360 2023 5413 excidet.
2080 5356 2528 5411 Renuntiationes
2594 5361 2770 5407 autem
2812 5366 2916 5403 non
2967 5349 3323 5402 admitteiidas
3355 5361 3474 5401 esse
3502 5344 3581 5400 vel
3607 5361 3671 5399 ex
3713 5344 3877 5397 tertio
3918 5361 4058 5398 san-

806 5444 877 5496 e:i
914 5447 1098 5515 Cyritli
1148 5453 1212 5501 ad
1250 5451 1509 5505 Domuum
1561 5453 1800 5520 epistolae
1874 5451 2051 5519 capite
2116 5450 2315 5516 liquido
2365 5454 2619 5516 apparet,
2664 5443 2908 5497 dicente:
2938 5438 3054 5520 {aut
3105 5441 3269 5498 alilelt
3296 5454 3381 5492 res
3411 5453 3471 5491 se
3516 5436 3700 5499 habel.
3751 5439 3816 5487 3"
3863 5436 4059 5488 (ἔροιτ’

811 5539 1040 5594 siaStieis
1116 5557 1244 5596 sane
1305 5544 1559 5599 institutis
1581 5544 1774 5611 aliena,
1808 5544 2008 5597 libellos
2071 5541 2275 5596 scilicet
2314 5537 2767 5594 renuntiationum
2799 5512 3041 5601 profei’re
3072 5532 3328 5600 quosdam
3356 5544 3420 5583 ex
3451 5528 3635 5582 altaris
3663 5525 3962 5590 ministris,
4008 5537 4061 5579 et

808 5642 1017 5687 camera.
1048 5635 1177 5689 Vide
1200 5648 1453 5703 prieterca
1476 5654 1591 5702 quze
1612 5638 1661 5691 in
1695 5652 1953 5690 t-anonein
1970 5634 2236 5688 decimum
2268 5630 2435 5686 sancti
2466 5628 2719 5697 martyris
2750 5624 2889 5679 Petti
2923 5622 3266 5677 Alexandrini
3292 5619 3678 5688 archiepiscopi
3702 5616 4055 5685 scripsimus,

810 5726 1039 5784 ARIST.
1088 5734 1394 5784 Eustathius
1415 5749 1530 5784 cum
1554 5732 1756 5800 fortiter
1786 5732 1961 5783 debuit
1989 5729 2227 5783 resistere
2253 5728 2370 5794 (hoc
2479 5765 2484 5777 .

2479 5722 2699 5777 ΑΡΙΣΤ.
2744 5718 3042 5785 Ἀντέχειν
3079 5715 3336 5784 ὀφείλων
3368 5711 3698 5777 Εἱνστάθιος
3725 5711 4058 5778 καρτερῶς»

889 5825 1023 5877 enim
1047 5825 1212 5880 omnis
1231 5828 1374 5879 debet
1404 5825 1687 5894 episcopus)
1709 5836 1848 5892 tergit
1866 5822 1995 5874 dans
2030 5820 2205 5874 leviter
2229 5817 2369 5887 rcfu—
2551 5813 2562 5884 |

2551 5813 2747 5884 [τοῦτο
2792 5811 2899 5879 γὰρ
2930 5809 3086 5873 ἄπας
3112 5805 3467 5877 ἐπίσκοπος]
3500 5804 3655 5860 νῶτα
3697 5802 3861 5867 δοὺς,
3946 5805 4055 5858 ἀγ-
