4238 6464
162 379 265 445 381

1358 383 1433 441 IN
1458 382 1621 441 CAN-
1681 382 1932 446 [CONC
1986 388 2348 447 CHALCED.

3305 379 3413 444 382

234 497 481 564 ωφαῶς
516 498 922 566 παρῃτήσατο.
979 497 1269 564 Θεόδωρος
1329 498 1464 551 ἀντὶ
1524 498 1737 549 τούτου
1768 499 1813 555 Α

1736 499 1813 555 ‘A
1910 503 2003 567 git.
2032 502 2334 557 Theodorus
2392 506 2442 554 in
2498 505 2610 572 ejus
2658 504 2827 555 locum
2861 503 3141 555 ordinatus
3178 510 3274 552 cst.
3316 497 3410 550 It'e

237 592 738 659 κεχειροτόνηται.
797 592 861 643 Ὀ
891 590 980 655 δὲ,
1017 592 1243 642 κλαίων
1276 590 1375 643 καὶ
1412 588 1733 652 δυσωπῶν,

238 682 353 747 τὴν
384 684 568 751 τιμὴν
590 684 761 736 alni.
806 684 867 736 '0
888 682 1016 736 ἀντ’
1039 682 1276 735 ἐκείνου
1304 680 1736 749 χειροτονήσας

234 776 594 839 ἀνεύθυνος,
625 777 783 845 ἔχων
819 775 1056 840 δηλαδὴ
1088 775 1203 841 τὴν
1252 776 1488 829 ἐκείνου
1530 775 1737 842 παραί-

237 883 416 929 τησιν
442 868 571 920 ἀντ’
599 868 995 935 ἐγκλήματος.

248 958 304 1008 '0
335 959 637 1019 ἐπίσκοπος
692 951 846 1019 οὗτος
898 956 1213 1019 Εὑστάθιος,
1271 957 1581 1027 ἀπράγμων
1636 956 1733 1023 ὢν,

162 1050 260 1101 καὶ
311 1048 388 1117 μὴ
430 1049 725 1117 δυνάμενος
752 1048 861 1101 τῶν
892 1050 991 1117 τῆς
1036 1049 1364 1117 Ἐκκλησξας
1394 1051 1736 1119 πραγμάτων

162 1141 511 1210 ἀντέχεσθαι.
550 1141 647 1194 καὶ
688 1141 823 1209 πρὸς
859 1144 956 1205 τὰς
995 1141 1366 1211 ἐπερχομένας
1394 1143 1540 1211 αὐτῷ
1575 1160 1738 1211 φρον-

162 1232 313 1293 τίδας
340 1232 726 1295 ἀνθίστασθαι,
759 1234 851 1285 καὶ
883 1233 1269 1302 διακρούεσθαι
1317 1233 1517 1294 ταύτας
1542 1247 1557 1263 '
1596 1251 1736 1303 παρ-

173 1327 421 1392 ῃτήσατο
469 1325 567 1394 τὴν
596 1324 705 1376 τῶν
738 1326 1086 1391 πραγμάτων
1117 1326 1384 1393 διοίκησιν
1410 1342 1421 1354 ·
1462 1327 1559 1378 καὶ
1591 1328 1733 1393 ἐχει-

162 1415 433 1483 ροτονήθη
462 1415 577 1466 ἀντ’
597 1415 759 1467 αὑτοῦ
792 1415 998 1484 ἔτερος.
1026 1411 1155 1467 Εἶτα
1178 1419 1241 1484 τῇ
1274 1416 1332 1467 ἐν
1373 1416 1581 1484 Ἐφέσῳ
1610 1434 1735 1468 συν-

156 1509 264 1576 όδῳ
316 1506 618 1575 προσῆλθε.
679 1506 747 1560 αὖ
780 1507 879 1576 τὴν
909 1508 1214 1578 ἐπισκοπὴν
1270 1508 1732 1577 ἀνακαλούμενος.

159 1600 221 1648 Ι·Ξί
255 1599 364 1668 γὰρ
393 1598 458 1650 ἂν
487 1599 607 1651 ούδὲ
648 1598 1003 1668 εἰσηκούσθη,
1058 1598 1203 1663 ἅπαξ
1232 1600 1435 1665 ταύτην
1465 1617 1736 1670 παραιτη-

157 1693 419 1754 σάμενος.
442 1691 534 1742 καὶ
550 1691 662 1743 ἀντ’
687 1691 852 1744 αὑτοῦ
870 1692 1056 1761 ἑτέρου
1076 1690 1563 1761 χειροτονηθέντος’
1598 1693 1736 1744 ἀλλὰ

154 1783 259 1851 τὴν
296 1785 659 1851 ὲπισκοπικὴν
680 1784 847 1852 τιμίην
874 1783 1054 1851 ζητῶν
1100 1784 1264 1852 ἔχειν,
1295 1783 1389 1836 καὶ
1421 1784 1519 1853 τὴν
1540 1801 1735 1835 κοινω-

155 1873 281 1925 νίαν
305 1891 318 1902 ·
350 1874 445 1925 καὶ
479 1873 771 1942 ἐδικαιώθη
816 1875 903 1925 ἐπ’
935 1874 1072 1944 αύτῇ
1104 1875 1271 1943 χωρὶς
1304 1876 1485 1943 πάσης
1517 1874 1728 1926 ἀντιλο-

154 1966 312 2031 γίας,
358 1965 501 2017 ὥστε
531 1967 827 2017 ἐπίσκοπον
879 1966 1042 2018 αὑτὸν
1075 1964 1461 2034 ὀνομάζεσθαι,
1503 1966 1599 2017 καὶ⁸
1631 1965 1731 2035 τῆς

153 2054 330 2122 τιμῆς
359 2057 581 2124 καὶτῆς
638 2055 905 2125 καθέδρας
957 2056 1230 2124 μετέχειν,
1270 2057 1365 2108 καὶ
1425 2056 1733 2126 ἱερουργεῖν

153 2148 259 2198 οὐκ
292 2148 351 2213 ἐξ
385 2147 518 2208 ἰδίας
541 2146 857 2211 αὑθεντίας·
884 2148 999 2201 ἀλλ’
1028 2149 1190 2202 ὁπότε
1222 2148 1354 2217 παρ’
1377 2148 1617 2216 ἀδελφοῦ
1640 2148 1733 2201 καὶ

155 2241 570 2292 συνεπισκόπον
605 2241 883 2309 ἐπιτραπῇ
938 2241 1077 2292 κατὰ
1108 2240 1349 2293 διάθεσιν
1384 2241 1479 2292 καὶ
1510 2239 1733 2307 ἀγάπην

151 2330 255 2397 τὴν
279 2333 337 2383 ἐν
354 2330 598 2399 Χριστῷ.
628 2331 786 2384 Κατὰ
817 2332 1076 2402 συμπαθῆ
1109 2332 1164 2384 δὲ
1196 2330 1355 2399 λόγον
1382 2333 1430 2384 oi
1477 2329 1576 2399 τῆς
1611 2348 1734 2382 συν·

154 2422 285 2473 όδου
337 2421 545 2492 ταύτης
613 2423 856 2492 Πατέρες
907 2422 1166 2476 ὑπέθεντο
1202 2425 1268 2493 τῇ
1321 2424 1379 2475 ὲν
1446 2422 1740 2492 Παμφυλίᾳ

153 2513 386 2582 συνόδῳ,
418 2517 499 2576 εἰς
522 2515 590 2583 ἢν
616 2514 789 2567 ἐτέλει
816 2516 910 2568 καὶ
938 2517 966 2567 ό
1012 2515 1328 2578 Εύστάθιος,
1362 2516 1732 2585 χρηστότερόν

149 2618 207 2653 τι
238 2606 371 2672 περὶ
407 2603 572 2656 αὑτοῦ
607 2603 1003 2671 βουλεύσασθαι
1035 2605 1066 2675 ἦ
1095 2605 1190 2657 νῦν
1216 2606 1249 2674 ἢ
1292 2606 1593 2674 μετέπειτα
1616 2622 1629 2636 ·
1668 2604 1729 2658 τὸ

150 2695 206 2746 δε
237 2691 309 2763 ἦν
340 2696 371 2764 ἦ
405 2699 483 2758 εἱς
512 2697 812 2766 ἐκκλησίαν
846 2699 1212 2768 σχολάζουσαν
1236 2698 1723 2769 προχειρίσασθαι,

126 2786 185 2856 -ῆ
221 2788 403 2849 ἄλλως
433 2790 853 2859 χειραγωγῆσαι
876 2791 1060 2845 αὐτόν.

1910 610 2032 646 vero
2057 595 2318 665 lacrymas
2347 597 2621 663 e/fundens
2649 608 2692 647 et
2719 595 2919 662 pudore
2949 594 3205 659 confusus
3251 592 3409 641 honu-

1908 702 2016 739 rem
2070 690 2274 752 repetit.
2336 688 2439 751 Qui
2510 688 2674 739 alium
2734 687 2879 740 illius
2944 686 3057 737 loco
3111 684 3404 740 ordinm-it,

1906 781 2077 832 imor:
2128 789 2225 844 est,
2255 796 2372 832 tum
2408 781 2841 833 detrectationem
2887 779 3001 844 ejus
3050 792 3144 843 pro
3193 773 3409 826 crimine

1907 870 2111 924 habent.

1908 960 2222 1015 Eustathius
2244 961 2331 1015 hic
2359 962 2779 1029 episcopuscum
2810 960 2984 1013 litium
3017 966 3131 1010 erat
3175 957 3408 1019 fugitans

1837 1061 1891 1107 ct
1932 1050 2193 1107 Ecclesiae.
2226 1053 2438 1122 negotia
2474 1053 2742 1106 sustinere
2772 1067 2878 1105 non
2913 1049 3105 1118 putuit.
3137 1066 3233 1101 nec
3263 1048 3407 1099 curis

1836 1158 1956 1197 eum
1988 1144 2365 1199 invadentibus
2393 1146 2646 1199 resistere
2697 1158 2796 1197 nec
2843 1157 2938 1196 eas
2993 1140 3281 1207 depellere,
3318 1154 3408 1189 nes

1838 1235 2102 1302 goliorum
2137 1236 2595 1290 administrationi
2631 1235 2980 1297 renuntiavit,
3012 1243 3065 1285 et
3123 1231 3238 1297 ejus
3290 1232 3407 1282 loco

1837 1326 1978 1380 alius
2001 1328 2279 1380 ordinatus
2314 1328 2437 1380 fuit.
2479 1327 2671 1381 Postea
2726 1326 2792 1379 ad
2825 1324 3150 1391 Ephesinam
3176 1323 3407 1375 accessit

1838 1418 2116 1485 synodum,
2142 1420 2512 1485 episcopatum
2551 1434 2740 1471 rursus
2767 1427 3034 1485 repetens.
3082 1415 3138 1466 Et
3166 1413 3410 1479 quamvis

1839 1524 1944 1561 non
1985 1510 2269 1563 exauditus
2326 1510 2450 1573 fuit,
2489 1526 2612 1563 cum
2649 1509 2814 1561 semel
2838 1524 2961 1561 cum
2996 1505 3319 1567 abdicasset,
3355 1511 3412 1554 et.

1837 1601 1974 1652 alius
1996 1600 2112 1667 ejus
2166 1601 2283 1653 loco
2332 1601 2523 1653 fuisset
2553 1601 2868 1654 ordinatus:
2913 1597 3277 1666 episc0palem
3325 1605 3408 1646 ta-

1838 1705 1958 1742 men
1999 1691 2253 1743 honorem
2282 1690 2481 1743 habere
2510 1690 2829 1757 quaeritans,
2862 1698 2917 1740 et
2947 1685 3405 1746 comnmuionem,

1836 1789 1889 1833 et
1914 1781 2031 1835 sine
2051 1782 2195 1832 omni
2254 1780 2686 1834 contradictione
2728 1781 2779 1832 in
2816 1794 2877 1831 ea
2907 1777 3256 1831 continuatus
3286 1776 3407 1835 fuit,

1842 1882 1898 1925 ut
1952 1871 2066 1939 ipse
2094 1873 2471 1925 nominaretur
2524 1872 2831 1939 episcopus,
2883 1882 2938 1924 et
2970 1870 3193 1923 honoris
3227 1869 3411 1920 cathe-

1845 1965 2066 2032 draaque
2109 1964 2378 2031 particeps
2405 1976 2571 2026 esset,
2599 1974 2655 2016 et
2676 1978 2831 2017 sacra
2879 1972 3181 2031 perageret,
3214 1978 3314 2011 tum
3345 1974 3407 2011 ex

1842 2056 2059 2125 prOpria
2131 2058 2476 2119 auctoritate,
2530 2056 2624 2109 sed
2662 2056 2881 2123 quando
2935 2056 3233 2107 scentulum
3276 2052 3411 2103 alle-

1842 2147 2071 2200 ctionem
2111 2156 2165 2199 et
2190 2148 2238 2199 in
2282 2148 2503 2201 Christo
2527 2147 2849 2200 charitatem
2892 2161 2920 2199 a
2953 2145 3122 2199 fratre
3144 2154 3196 2196 et
3224 2144 3408 2209 coepi-

1841 2254 2007 2306 scopo
2078 2238 2506 2307 permitteretur.
2564 2237 2898 2310 Sympathize
2964 2246 3141 2290 autem
3200 2234 3410 2287 ratione

1843 2327 1989 2381 ducti
2037 2327 2225 2382 Patres
2281 2330 2506 2396 hujusce
2553 2329 2771 2399 synodi,
2808 2328 3016 2398 synodo
3058 2324 3408 2394 Pamphylia),

1844 2417 1899 2470 in
1921 2432 2028 2487 qua
2063 2434 2216 2473 sacra
2249 2418 2544 2473 celebravit
2594 2418 2933 2479 Eustathius,
2981 2423 3405 2485 proposuerunt,

1845 2510 2131 2581 benignius
2169 2512 2373 2581 aliquid
2420 2516 2487 2565 de
2550 2527 2615 2567 eo
2667 2522 2929 2572 statuere,
2970 2520 3058 2562 aut
3111 2522 3258 2561 nunc
3319 2516 3411 2557 aut

1847 2613 2055 2675 postea;
2104 2606 2206 2659 hoc
2235 2614 2577 2666 autemerat,
2613 2614 2669 2657 ut
2706 2603 2786 2655 vel
2826 2603 2879 2655 in
2916 2611 3192 2655 vacantem
3229 2598 3408 2652 eccle—

1837 2701 1973 2755 siam
2003 2701 2377 2769 designarent,
2412 2699 2495 2752 vel
2526 2697 2684 2750 aliter
2703 2711 2830 2750 eum
2866 2711 3023 2750 manu
3056 2695 3337 2747 ducerent.

1424 3185 1945 3271 ΚΑΝΟΝΕΣ
2033 3186 2107 3269 Λ

449 3366 584 3420 ΤΗΣ
615 3369 814 3423 ᾹΓΙΑΣ
843 3369 1207 3424 ΤΕΤΑΡΤΙΙΣ
1245 3372 1365 3425 ΚΑΙ
1420 3370 1961 3425 ΟΙΚΟΥΜΕΝΙΚΗΣ
2007 3371 2326 3423 ΣΥΝΟΔΟΥ
2373 3370 2510 3422 ΤΗΣ
2562 3366 2649 3420 ΕΝ
2678 3365 3098 3421 ΧΑΛΚΗΔΟΝΙ.

1734 3556 1807 3574 -κ

1249 3721 1889 3815 CANONES
2016 3723 2313 3811 XXX

586 3951 893 4010 SANCT/E
932 3953 1026 4010 ET
1053 3950 1539 4012 (ECUMENICJE
1569 3949 1897 4022 QUARTIE
1961 3949 2236 4029 SYNODI
2277 3950 2973 4019 CHALCEDONENSIS.

220 4255 471 4309 ΖΩΝΑΡ.
520 4254 613 4307 καὶ
644 4255 839 4308 ΒΑΛΣ.
886 4251 950 4307 Ἥ
982 4255 1113 4322 ἁγία
1141 4258 1375 4328 τετάρτη
1408 4258 1504 4312 καὶ⁸
1542 4260 1728 4311 οἱκου-
1751 4260 1795 4321 C

1751 4260 1795 4321 Ο
1904 4259 2055 4327 ιιι
2088 4257 2341 4313 ZONAR.
2384 4266 2438 4312 et
2480 4256 2672 4313 BALS.
2722 4258 2917 4314 Sancta
2963 4270 3016 4314 et
3070 4264 3406 4318 (Iacttmeuica

153 4348 356 4417 μενικὴ
391 4345 604 4408 σύνοδος
629 4347 853 4413 γέγονεν
874 4348 931 4398 ὲν
954 4348 1070 4411 τοῖς
1091 4349 1303 4418 χρόνοις
1327 4350 1425 4421 τῆς
1458 4350 1732 4421 βασιλείας

148 4437 481 4510 Μαρκιανοῦ
540 4438 841 4501 ἑξακοσίων
893 4442 1192 4508 τριάκοντα
1255 4443 1426 4511 ἀγιων
1469 4444 1729 4512 Πατέρων

148 4530 663 4599 συναθροισθέντων
692 4530 750 4583 ἐν
780 4530 1088 4601 Χαλκηδόνι
1129 4533 1271 4588 κατά
1303 4537 1598 4604 Διοσκόρου
1626 4537 1729 4605 τῆς

150 4621 518 4691 περιωνύμου
550 4622 987 4691 προστατοῦντος
1029 4623 1440 4697 ’Δλεξανδρείας
1488 4631 1580 4679 καὶ
1629 4629 1730 4681 Εὐ-

146 4715 354 4786 τυχοῦς
384 4713 813 4784 ἀρχιμανδριτου
846 4716 1495 4782 Κωνσταντινουπόλεως,
1545 4718 1594 4770 οἳ
1638 4718 1728 4771 τὸν

146 4808 367 4876 Κύριον
418 4806 579 4875 ἡμῶν
626 4806 833 4875 Ἰησοῦν
884 4806 1126 4876 Χριστὸν
1181 4807 1469 4878 ὁμοούσιον
1520 4810 1619 4880 μὲν
1650 4811 1730 4881 τῷ

147 4901 267 4953 Ila:
279 4899 333 4969 ρὶ
360 4897 695 4968 ὡμολόγουν,
724 4899 853 4970 περὶ
882 4897 939 4951 δὲ
968 4901 1069 4969 τὴν
1088 4900 1502 4970 ὲνανθρώπησιν
1532 4902 1726 4955 ἐϐλασ-

148 4993 397 5060 φήμουν,
451 4989 547 5041 καὶ
596 4988 890 5058 φεύγοντες
915 4991 1015 5059 τὴν
1058 4990 1153 5044 τοῦ
1185 4991 1483 5063 Νεστορίου
1513 4993 1724 5067 διαίρε-

148 5103 261 5149 σιν,
298 5083 393 5137 δύο
424 5084 576 5146 υἱοὺς
604 5082 938 5148 εἰσάγοντος,
993 5084 1076 5146 εἰς
1125 5084 1252 5139 ἄλλο
1289 5086 1465 5139 κακὸν
1501 5088 1565 5139 ὲκ
1610 5088 1726 5141 δια-

149 5180 362 5248 μέτρου
387 5178 702 5230 ἐνέπιπτον.
735 5176 847 5239 Τὰς
875 5179 985 5247 γὰρ
1004 5176 1098 5230 δύο
1126 5177 1320 5245 φύσεις
1346 5181 1444 5249 τῆς
1473 5178 1728 5249 θεότητος

149 5271 244 5322 καὶ
294 5269 391 5335 τῆς
440 5267 861 5337 ἀνθρωπότητος
890 5268 1030 5336 μετὰ
1052 5268 1151 5339 τὴν
1189 5268 1387 5322 ἕνωσιν
1418 5270 1730 5340 συγκραθῆ-

1834 4360 2022 4418 quarta
2071 4350 2307 4420 synodus
2346 4348 2620 4406 Marciano
2652 4351 2949 4419 imperante
2980 4351 3244 4407 celebrata
3287 4354 3408 4422 fuit,

1833 4440 2107 4495 sexcentis
2152 4440 2368 4510 triginta
2402 4439 2653 4494 Patribus
2688 4441 2946 4494 adversus
2982 4440 3316 4505 Dioscorum,
3354 4444 3406 4498 in

1831 4532 2190 4585 Alexandrina
2240 4530 2439 4601 inclyta
2474 4531 2604 4586 urbe
2632 4532 2971 4601 pra:fectum,
3020 4543 3073 4586 et
3100 4534 3413 4589 Constanti-

1832 4622 2087 4692 nopoleos
2132 4622 2616 4677 archimandritam
2654 4624 2769 4692 (seu
2802 4625 3037 4678 emnobii
3070 4626 3411 4695 praefectum)

1829 4712 2200 4784 Eutychetem,
2223 4714 2461 4779 coactis;
2502 4715 2591 4784 qui
2633 4715 2913 4770 Christum
2937 4717 3221 4771 Dominum
3254 4717 3406 4773 Patri

1830 4806 2344 4862 consubstantialem
2399 4822 2526 4860 cum
2552 4805 2881 4874 faterentur,
2915 4809 2982 4863 de
3018 4807 3412 4866 lucarnationis

1830 4909 2006 4952 tamen
2063 4898 2319 4970 mysterio
2376 4897 2581 4953 nefarie
2613 4899 2995 4967 loquebantur,
3037 4902 3273 4970 dumque
3303 4902 3411 4957 Ne-

1827 4990 1981 5045 storii
2006 4989 2279 5046 Christum
2310 4991 2651 5055 dissecantis,
2713 4991 2960 5060 duosque
3023 4991 3162 5047 ﬁlios
3208 4994 3409 5047 consti-

1830 5083 2029 5137 tuentis
2079 5096 2319 5137 errorem
2356 5082 2651 5148 declinant,
2690 5082 2741 5136 in
2780 5083 2924 5136 aliud
2963 5084 3163 5138 malum
3199 5085 3410 5139 huicex

1829 5177 2042 5231 diverso
2088 5175 2393 5245 oppositum
2449 5186 2577 5229 sunt
2605 5176 2834 5246 delapsi.
2884 5177 3177 5245 Utramque
3204 5178 3410 5233 scilicet

1828 5267 1922 5323 Dei
1947 5277 2190 5322 naturam
2224 5279 2276 5321 et
2300 5268 2550 5333 hominis,
2576 5280 2857 5337 pOStquam
2885 5270 2987 5323 sibi
3043 5272 3270 5324 invicem
3312 5286 3409 5325 co-

147 5384 261 5427 ναι,
297 5362 392 5416 καὶ
420 5364 499 5425 εἰς
532 5362 659 5431 μίαν
683 5359 1113 5429 ἀποτελεσθῆναι
1149 5361 1311 5429 φύσιν
1364 5362 1576 5424 ἀσεϐῶς
1615 5362 1729 5415 ἐδο-

1831 5360 2025 5431 pulatze
2058 5370 2220 5427 atque
2268 5375 2523 5415 connexa:
2547 5360 2787 5425 fuerunt,
2822 5361 2893 5413 ita
2955 5363 3240 5429 permistas
3266 5378 3408 5429 esse,

146 5454 448 5523 γμάτιζον,
478 5453 554 5516 ὡς
583 5452 677 5505 καὶ
698 5455 762 5521 τῇ
790 5451 1005 5521 θεότητι
1025 5452 1431 5522 προσαρμόζειν
1461 5454 1529 5506 τά
1559 5455 1726 5523 πάθη.

1832 5461 1994 5521 atque
2018 5452 2157 5507 inter
2179 5467 2237 5507 se
2261 5453 2473 5521 penitus
2513 5454 2564 5505 in
2597 5469 2754 5505 unam
2820 5463 3070 5506 naturam
3128 5453 3401 5508 coaluisse

160 5548 329 5601 ’Λλλά
381 5547 476 5599 καὶ
502 5544 601 5616 τὴν
632 5545 812 5615 σάρκα
854 5545 952 5614 οὐχ
987 5544 1272 5613 όμοούσιον
1325 5548 1459 5616 ἡμῖν
1509 5547 1731 5617 ἀνειλη-

1834 5543 1996 5612 impie
2037 5546 2459 5607 asserebattt,ut
2506 5543 2841 5597 divinitatem
2885 5558 3100 5611 quoque
3162 5543 3406 5598 affectio-

156 5640 317 5709 φέναι
370 5639 463 5691 τὸν
499 5638 705 5707 Κύριον
755 5637 962 5704 ελεγον,
996 5635 1116 5689 οὐδὲ
1148 5638 1212 5689 ἐκ
1242 5636 1349 5689 τῶν
1392 5638 1735 5707 παρθενικῶν
1766 5623 1813 5679 Ῑ)

1731 5623 2001 5691 ιυηίὺυε
2064 5649 2117 5690 et
2184 5636 2680 5705 perturbationibus
2732 5634 3019 5688 obnoxiam
3068 5634 3405 5688 constituere

152 5732 409 5800 αἱμάτων
441 5732 852 5797 συμπαγείσαν,
879 5730 1015 5782 ἀλλὰ
1064 5732 1161 5783 καὶ
1192 5731 1447 5801 ἀρρήτως
1487 5748 1607 5793 πως
1638 5734 1732 5785 καὶ

1731 5773 1732 5778 η
1839 5728 2061 5783 minime
2088 5738 2428 5783 vererentur.
2476 5728 2685 5796 Corpus
2715 5745 2953 5798 quoque,
3003 5743 3107 5782 non
3165 5725 3405 5794 ejusdem

159 5826 452 5895 θειοτέρως
478 5822 859 5894 σεσαρκῶσθιι
881 5824 1046 5878 αὑτὸν
1073 5824 1409 5878 ἀνέπλαττον
1434 5839 1452 5857 ο
1479 5828 1569 5877 καὶ
1596 5823 1730 5878 ἄλλα

1837 5839 1961 5878 cum
1988 5822 2239 5877 humanis
2287 5821 2608 5889 corporibus
2658 5831 2889 5886 naturae,
2916 5836 3014 5878 nec
3045 5835 3112 5877 ex
3148 5819 3415 5889 virgineis
