  <div class='ocr_page' id='page_1' title='image "/cluster/home/n/w/nwhite01/storage/ocr_20150623/137/nnc1.0046979786/221.png"; bbox 0 0 4238 6464; ppageno 0'>
   <div class='ocr_carea' id='block_1_1' title="bbox 802 413 2434 476">
    <p class='ocr_par' dir='ltr' id='par_1_1' title="bbox 802 413 2434 476">
     <span class='ocr_line' id='line_1_1' title="bbox 802 413 2434 476; baseline 0 -6"><span class='ocrx_word' id='word_1_1' title='bbox 802 414 904 476; x_wconf 66' lang='grc'><strong>387</strong></span> <span class='ocrx_word' id='word_1_2' title='bbox 2051 413 2330 474; x_wconf 84' lang='grc' dir='ltr'><strong>ΤΗΕΟΙ).</strong></span> <span class='ocrx_word' id='word_1_3' title='bbox 2375 414 2434 471; x_wconf 51' lang='lat' dir='ltr'><strong>Bt</strong></span> 
     </span>
    </p>
   </div>
   <div class='ocr_carea' id='block_1_2' title="bbox 2467 413 2774 476">
    <p class='ocr_par' dir='ltr' id='par_1_2' title="bbox 2479 413 2774 472">
     <span class='ocr_line' id='line_1_2' title="bbox 2479 413 2774 472; baseline 0.003 -1"><span class='ocrx_word' id='word_1_4' title='bbox 2479 413 2606 471; x_wconf 79' lang='lat' dir='ltr'><strong>LSA</strong></span> <span class='ocrx_word' id='word_1_5' title='bbox 2620 413 2774 472; x_wconf 81' lang='lat' dir='ltr'><strong>MON</strong></span> 
     </span>
    </p>
   </div>
   <div class='ocr_carea' id='block_1_3' title="bbox 3934 414 4034 478">
    <p class='ocr_par' dir='ltr' id='par_1_3' title="bbox 3934 414 4034 478">
     <span class='ocr_line' id='line_1_3' title="bbox 3934 414 4034 478; baseline -0.04 -1"><span class='ocrx_word' id='word_1_6' title='bbox 3934 414 4034 478; x_wconf 68' lang='lat'><strong>3-33</strong></span> 
     </span>
    </p>
   </div>
   <div class='ocr_carea' id='block_1_4' title="bbox 805 523 2434 594">
    <p class='ocr_par' dir='ltr' id='par_1_4' title="bbox 805 523 2434 594">
     <span class='ocr_line' id='line_1_4' title="bbox 805 523 2434 594; baseline -0.001 -16"><span class='ocrx_word' id='word_1_7' title='bbox 805 527 879 578; x_wconf 48' lang='lat' dir='ltr'><strong>Ni.</strong></span> <span class='ocrx_word' id='word_1_8' title='bbox 908 539 1071 594; x_wconf 85' lang='lat' dir='ltr'><strong>quem</strong></span> <span class='ocrx_word' id='word_1_9' title='bbox 1101 524 1260 593; x_wconf 83' lang='lat' dir='ltr'><strong>igitur</strong></span> <span class='ocrx_word' id='word_1_10' title='bbox 1283 537 1344 577; x_wconf 77' lang='lat' dir='ltr'><strong>ex</strong></span> <span class='ocrx_word' id='word_1_11' title='bbox 1378 523 1463 576; x_wconf 87' lang='lat' dir='ltr'><strong>his</strong></span> <span class='ocrx_word' id='word_1_12' title='bbox 1487 524 1735 577; x_wconf 90' lang='lat' dir='ltr'><strong>omnibus</strong></span> <span class='ocrx_word' id='word_1_13' title='bbox 1783 524 2030 579; x_wconf 78' lang='lat' dir='ltr'><strong>mercede</strong></span> <span class='ocrx_word' id='word_1_14' title='bbox 2052 525 2369 593; x_wconf 84' lang='lat' dir='ltr'><strong>interposita</strong></span> <span class='ocrx_word' id='word_1_15' title='bbox 2396 535 2434 592; x_wconf 75' lang='grc' dir='ltr'><strong><em>Α</em></strong></span> 
     </span>
    </p>
   </div>
   <div class='ocr_carea' id='block_1_5' title="bbox 2467 523 4038 594">
    <p class='ocr_par' dir='ltr' id='par_1_5' title="bbox 2475 523 4038 593">
     <span class='ocr_line' id='line_1_5' title="bbox 2475 523 4038 593; baseline -0.003 -19"><span class='ocrx_word' id='word_1_16' title='bbox 2475 539 2559 591; x_wconf 87' lang='grc' dir='ltr'><strong>ριν</strong></span> <span class='ocrx_word' id='word_1_17' title='bbox 2583 524 2677 574; x_wconf 77' lang='grc' dir='ltr'>τοῦ</span> <span class='ocrx_word' id='word_1_18' title='bbox 2705 524 2864 590; x_wconf 89' lang='grc' dir='ltr'>ἁγίου</span> <span class='ocrx_word' id='word_1_19' title='bbox 2899 524 3242 592; x_wconf 78' lang='grc' dir='ltr'>Πνεύματος,</span> <span class='ocrx_word' id='word_1_20' title='bbox 3268 524 3365 592; x_wconf 74' lang='grc' dir='ltr'><strong>τὴν</strong></span> <span class='ocrx_word' id='word_1_21' title='bbox 3397 523 3666 593; x_wconf 83' lang='grc' dir='ltr'>ἀτίμητον</span> <span class='ocrx_word' id='word_1_22' title='bbox 3708 523 3911 593; x_wconf 80' lang='grc' dir='ltr'>δηλαδὴ</span> <span class='ocrx_word' id='word_1_23' title='bbox 3943 531 4038 592; x_wconf 66' lang='grc' dir='ltr'>τὴν</span> 
     </span>
    </p>
   </div>
   <div class='ocr_carea' id='block_1_6' title="bbox 799 615 2361 685">
    <p class='ocr_par' dir='ltr' id='par_1_6' title="bbox 799 615 2361 685">
     <span class='ocr_line' id='line_1_6' title="bbox 799 615 2361 685; baseline -0.001 -12"><span class='ocrx_word' id='word_1_24' title='bbox 799 620 976 673; x_wconf 88' lang='lat' dir='ltr'><strong>creari</strong></span> <span class='ocrx_word' id='word_1_25' title='bbox 1007 618 1187 676; x_wconf 87' lang='lat' dir='ltr'><strong>liccat,</strong></span> <span class='ocrx_word' id='word_1_26' title='bbox 1219 617 1320 668; x_wconf 91' lang='lat' dir='ltr'><strong>hoc</strong></span> <span class='ocrx_word' id='word_1_27' title='bbox 1364 629 1568 669; x_wconf 92' lang='lat' dir='ltr'><strong>canone</strong></span> <span class='ocrx_word' id='word_1_28' title='bbox 1618 615 1994 682; x_wconf 83' lang='lat' dir='ltr'><strong>constitutum,</strong></span> <span class='ocrx_word' id='word_1_29' title='bbox 2026 617 2225 685; x_wconf 85' lang='lat' dir='ltr'><strong>quique</strong></span> <span class='ocrx_word' id='word_1_30' title='bbox 2255 633 2361 671; x_wconf 92' lang='lat' dir='ltr'><strong>non</strong></span> 
     </span>
    </p>
   </div>
   <div class='ocr_carea' id='block_1_7' title="bbox 799 706 2359 775">
    <p class='ocr_par' dir='ltr' id='par_1_7' title="bbox 799 706 2359 775">
     <span class='ocr_line' id='line_1_7' title="bbox 799 706 2359 775; baseline -0.002 -12"><span class='ocrx_word' id='word_1_31' title='bbox 799 712 1039 765; x_wconf 86' lang='lat' dir='ltr'><strong>venalem</strong></span> <span class='ocrx_word' id='word_1_32' title='bbox 1099 706 1329 775; x_wconf 84' lang='lat' dir='ltr'><strong>Spiritus</strong></span> <span class='ocrx_word' id='word_1_33' title='bbox 1383 707 1555 760; x_wconf 78' lang='lat' dir='ltr'><strong>sancti</strong></span> <span class='ocrx_word' id='word_1_34' title='bbox 1619 708 1870 774; x_wconf 86' lang='lat' dir='ltr'><strong>gratiam,</strong></span> <span class='ocrx_word' id='word_1_35' title='bbox 1934 709 2359 762; x_wconf 68' lang='lat' dir='ltr'><strong>inaestimabilem</strong></span> 
     </span>
    </p>
   </div>
   <div class='ocr_carea' id='block_1_8' title="bbox 802 798 2362 868">
    <p class='ocr_par' dir='ltr' id='par_1_8' title="bbox 802 798 2362 868">
     <span class='ocr_line' id='line_1_8' title="bbox 802 798 2362 868; baseline -0.001 -14"><span class='ocrx_word' id='word_1_36' title='bbox 802 801 1069 862; x_wconf 72' lang='lat' dir='ltr'><strong>Videlicet,</strong></span> <span class='ocrx_word' id='word_1_37' title='bbox 1103 798 1392 851; x_wconf 83' lang='lat' dir='ltr'><strong>venditioni</strong></span> <span class='ocrx_word' id='word_1_38' title='bbox 1425 814 1527 852; x_wconf 87' lang='lat' dir='ltr'><strong>non</strong></span> <span class='ocrx_word' id='word_1_39' title='bbox 1575 798 1864 866; x_wconf 78' lang='lat' dir='ltr'><strong>subjectum</strong></span> <span class='ocrx_word' id='word_1_40' title='bbox 1892 799 1960 853; x_wconf 90' lang='lat' dir='ltr'><strong>ob</strong></span> <span class='ocrx_word' id='word_1_41' title='bbox 2013 800 2362 868; x_wconf 76' lang='lat' dir='ltr'><strong>superexcel-</strong></span> 
     </span>
    </p>
   </div>
   <div class='ocr_carea' id='block_1_9' title="bbox 802 891 2357 960">
    <p class='ocr_par' dir='ltr' id='par_1_9' title="bbox 802 891 2357 960">
     <span class='ocr_line' id='line_1_9' title="bbox 802 891 2357 960; baseline 0.001 -14"><span class='ocrx_word' id='word_1_42' title='bbox 802 895 997 946; x_wconf 85' lang='lat' dir='ltr'><strong>lentem</strong></span> <span class='ocrx_word' id='word_1_43' title='bbox 1047 902 1098 945; x_wconf 90' lang='lat' dir='ltr'><strong>et</strong></span> <span class='ocrx_word' id='word_1_44' title='bbox 1161 891 1634 959; x_wconf 80' lang='lat' dir='ltr'><strong>ittCOmparabilcm</strong></span> <span class='ocrx_word' id='word_1_45' title='bbox 1687 891 1804 960; x_wconf 85' lang='lat' dir='ltr'><strong>ejus</strong></span> <span class='ocrx_word' id='word_1_46' title='bbox 1836 903 2085 945; x_wconf 81' lang='lat' dir='ltr'><strong>naturam</strong></span> <span class='ocrx_word' id='word_1_47' title='bbox 2120 893 2357 947; x_wconf 87' lang='lat' dir='ltr'><strong>vendere</strong></span> 
     </span>
    </p>
   </div>
   <div class='ocr_carea' id='block_1_10' title="bbox 800 981 2364 1050">
    <p class='ocr_par' dir='ltr' id='par_1_10' title="bbox 800 981 2364 1050">
     <span class='ocr_line' id='line_1_10' title="bbox 800 981 2364 1050; baseline 0.001 -14"><span class='ocrx_word' id='word_1_48' title='bbox 800 986 928 1050; x_wconf 89' lang='lat' dir='ltr'><strong>(hoc</strong></span> <span class='ocrx_word' id='word_1_49' title='bbox 959 983 1098 1037; x_wconf 89' lang='lat' dir='ltr'><strong>enim</strong></span> <span class='ocrx_word' id='word_1_50' title='bbox 1154 991 1236 1034; x_wconf 91' lang='lat' dir='ltr'><strong>est</strong></span> <span class='ocrx_word' id='word_1_51' title='bbox 1295 981 1346 1034; x_wconf 92' lang='lat' dir='ltr'><strong>in</strong></span> <span class='ocrx_word' id='word_1_52' title='bbox 1404 981 1764 1035; x_wconf 72' lang='lat' dir='ltr'><strong>venditionem</strong></span> <span class='ocrx_word' id='word_1_53' title='bbox 1835 983 2126 1042; x_wconf 85' lang='lat' dir='ltr'><strong>deducere)</strong></span> <span class='ocrx_word' id='word_1_54' title='bbox 2175 985 2364 1050; x_wconf 88' lang='lat' dir='ltr'><strong>deprc-</strong></span> 
     </span>
    </p>
   </div>
   <div class='ocr_carea' id='block_1_11' title="bbox 806 1070 2359 1141">
    <p class='ocr_par' dir='ltr' id='par_1_11' title="bbox 806 1070 2359 1141">
     <span class='ocr_line' id='line_1_11' title="bbox 806 1070 2359 1141; baseline -0.001 -13"><span class='ocrx_word' id='word_1_55' title='bbox 806 1075 959 1128; x_wconf 88' lang='lat' dir='ltr'><strong>hensi</strong></span> <span class='ocrx_word' id='word_1_56' title='bbox 990 1073 1211 1136; x_wconf 79' lang='lat' dir='ltr'><strong>fuerint,</strong></span> <span class='ocrx_word' id='word_1_57' title='bbox 1247 1072 1296 1124; x_wconf 94' lang='lat' dir='ltr'><strong>in</strong></span> <span class='ocrx_word' id='word_1_58' title='bbox 1332 1070 1638 1137; x_wconf 89' lang='lat' dir='ltr'><strong>periculurn</strong></span> <span class='ocrx_word' id='word_1_59' title='bbox 1688 1070 1756 1125; x_wconf 87' lang='lat' dir='ltr'><strong>de</strong></span> <span class='ocrx_word' id='word_1_60' title='bbox 1786 1086 1883 1124; x_wconf 90' lang='lat' dir='ltr'><strong>suo</strong></span> <span class='ocrx_word' id='word_1_61' title='bbox 1932 1076 2100 1141; x_wconf 85' lang='lat' dir='ltr'><strong>gradu</strong></span> <span class='ocrx_word' id='word_1_62' title='bbox 2154 1077 2359 1138; x_wconf 85' lang='lat' dir='ltr'><strong>venire,</strong></span> 
     </span>
    </p>
   </div>
   <div class='ocr_carea' id='block_1_12' title="bbox 801 1163 2364 1233">
    <p class='ocr_par' dir='ltr' id='par_1_12' title="bbox 801 1163 2364 1233">
     <span class='ocr_line' id='line_1_12' title="bbox 801 1163 2364 1233; baseline 0.002 -15"><span class='ocrx_word' id='word_1_63' title='bbox 801 1170 899 1219; x_wconf 91' lang='lat' dir='ltr'><strong>hoc</strong></span> <span class='ocrx_word' id='word_1_64' title='bbox 947 1177 1050 1230; x_wconf 87' lang='lat' dir='ltr'><strong>est,</strong></span> <span class='ocrx_word' id='word_1_65' title='bbox 1079 1181 1142 1219; x_wconf 88' lang='lat' dir='ltr'><strong>eo</strong></span> <span class='ocrx_word' id='word_1_66' title='bbox 1173 1163 1374 1217; x_wconf 86' lang='lat' dir='ltr'><strong>moveri</strong></span> <span class='ocrx_word' id='word_1_67' title='bbox 1421 1177 1484 1217; x_wconf 87' lang='lat' dir='ltr'><strong>ac</strong></span> <span class='ocrx_word' id='word_1_68' title='bbox 1509 1165 1702 1233; x_wconf 85' lang='lat' dir='ltr'><strong>deponi</strong></span> <span class='ocrx_word' id='word_1_69' title='bbox 1736 1164 2017 1231; x_wconf 89' lang='lat' dir='ltr'><strong>jubentur.</strong></span> <span class='ocrx_word' id='word_1_70' title='bbox 2047 1167 2220 1233; x_wconf 85' lang='lat' dir='ltr'><strong>Atque</strong></span> <span class='ocrx_word' id='word_1_71' title='bbox 2250 1167 2364 1221; x_wconf 67' lang='lat' dir='ltr'><strong>haec</strong></span> 
     </span>
    </p>
   </div>
   <div class='ocr_carea' id='block_1_13' title="bbox 797 1258 2358 1326">
    <p class='ocr_par' dir='ltr' id='par_1_13' title="bbox 797 1258 2358 1326">
     <span class='ocr_line' id='line_1_13' title="bbox 797 1258 2358 1326; baseline 0.002 -15"><span class='ocrx_word' id='word_1_72' title='bbox 797 1259 1012 1326; x_wconf 77' lang='lat' dir='ltr'><strong>quidem</strong></span> <span class='ocrx_word' id='word_1_73' title='bbox 1069 1259 1121 1311; x_wconf 89' lang='lat' dir='ltr'><strong>itt</strong></span> <span class='ocrx_word' id='word_1_74' title='bbox 1150 1273 1262 1320; x_wconf 86' lang='lat' dir='ltr'><strong>eos,</strong></span> <span class='ocrx_word' id='word_1_75' title='bbox 1289 1258 1407 1326; x_wconf 90' lang='lat' dir='ltr'><strong>qui,</strong></span> <span class='ocrx_word' id='word_1_76' title='bbox 1452 1258 1531 1311; x_wconf 89' lang='lat' dir='ltr'><strong>vel</strong></span> <span class='ocrx_word' id='word_1_77' title='bbox 1563 1259 1844 1312; x_wconf 85' lang='lat' dir='ltr'><strong>ordinibus</strong></span> <span class='ocrx_word' id='word_1_78' title='bbox 1887 1259 2247 1325; x_wconf 81' lang='lat' dir='ltr'><strong>conferendis,</strong></span> <span class='ocrx_word' id='word_1_79' title='bbox 2280 1262 2358 1314; x_wconf 87' lang='lat' dir='ltr'><strong>vel</strong></span> 
     </span>
    </p>
   </div>
   <div class='ocr_carea' id='block_1_14' title="bbox 799 1351 2359 1418">
    <p class='ocr_par' dir='ltr' id='par_1_14' title="bbox 799 1351 2359 1418">
     <span class='ocr_line' id='line_1_14' title="bbox 799 1351 2359 1418; baseline 0.001 -13"><span class='ocrx_word' id='word_1_80' title='bbox 799 1354 957 1405; x_wconf 86' lang='lat' dir='ltr'><strong>alicui</strong></span> <span class='ocrx_word' id='word_1_81' title='bbox 995 1354 1058 1405; x_wconf 90' lang='lat' dir='ltr'><strong>ad</strong></span> <span class='ocrx_word' id='word_1_82' title='bbox 1088 1366 1150 1404; x_wconf 85' lang='lat' dir='ltr'><strong>ea</strong></span> <span class='ocrx_word' id='word_1_83' title='bbox 1201 1366 1446 1414; x_wconf 84' lang='lat' dir='ltr'><strong>munera,</strong></span> <span class='ocrx_word' id='word_1_84' title='bbox 1494 1365 1611 1417; x_wconf 65' lang='lat' dir='ltr'><strong>quae</strong></span> <span class='ocrx_word' id='word_1_85' title='bbox 1651 1351 1704 1403; x_wconf 90' lang='lat' dir='ltr'><strong>iu</strong></span> <span class='ocrx_word' id='word_1_86' title='bbox 1731 1365 1941 1406; x_wconf 84' lang='lat' dir='ltr'><strong>canone</strong></span> <span class='ocrx_word' id='word_1_87' title='bbox 1986 1367 2359 1418; x_wconf 87' lang='lat' dir='ltr'><strong>recensentur,</strong></span> 
     </span>
    </p>
   </div>
   <div class='ocr_carea' id='block_1_15' title="bbox 796 1445 2359 1514">
    <p class='ocr_par' dir='ltr' id='par_1_15' title="bbox 796 1445 2359 1514">
     <span class='ocr_line' id='line_1_15' title="bbox 796 1445 2359 1514; baseline 0.003 -16"><span class='ocrx_word' id='word_1_88' title='bbox 796 1448 1062 1514; x_wconf 81' lang='lat' dir='ltr'><strong>eligendo,</strong></span> <span class='ocrx_word' id='word_1_89' title='bbox 1114 1460 1177 1499; x_wconf 88' lang='lat' dir='ltr'><strong>ac</strong></span> <span class='ocrx_word' id='word_1_90' title='bbox 1239 1448 1458 1500; x_wconf 86' lang='lat' dir='ltr'><strong>omnino</strong></span> <span class='ocrx_word' id='word_1_91' title='bbox 1510 1445 1897 1501; x_wconf 72' lang='lat' dir='ltr'><strong>ecclesiasticae</strong></span> <span class='ocrx_word' id='word_1_92' title='bbox 1943 1450 2148 1502; x_wconf 68' lang='lat' dir='ltr'><strong>militiai</strong></span> <span class='ocrx_word' id='word_1_93' title='bbox 2182 1453 2359 1504; x_wconf 85' lang='lat' dir='ltr'><strong>ascri-</strong></span> 
     </span>
    </p>
   </div>
   <div class='ocr_carea' id='block_1_16' title="bbox 800 1536 2358 1602">
    <p class='ocr_par' dir='ltr' id='par_1_16' title="bbox 800 1536 2358 1602">
     <span class='ocr_line' id='line_1_16' title="bbox 800 1536 2358 1602; baseline 0.001 -12"><span class='ocrx_word' id='word_1_94' title='bbox 800 1539 994 1600; x_wconf 84' lang='lat' dir='ltr'><strong>bendo,</strong></span> <span class='ocrx_word' id='word_1_95' title='bbox 1027 1536 1415 1588; x_wconf 88' lang='lat' dir='ltr'><strong>mercenariam</strong></span> <span class='ocrx_word' id='word_1_96' title='bbox 1465 1549 1684 1602; x_wconf 83' lang='lat' dir='ltr'><strong>operam</strong></span> <span class='ocrx_word' id='word_1_97' title='bbox 1721 1536 1983 1600; x_wconf 83' lang='lat' dir='ltr'><strong>locavere,</strong></span> <span class='ocrx_word' id='word_1_98' title='bbox 2029 1548 2358 1592; x_wconf 91' lang='lat' dir='ltr'><strong>statuuntur.</strong></span> 
     </span>
    </p>
   </div>
   <div class='ocr_carea' id='block_1_17' title="bbox 797 1627 2363 1696">
    <p class='ocr_par' dir='ltr' id='par_1_17' title="bbox 797 1627 2363 1696">
     <span class='ocr_line' id='line_1_17' title="bbox 797 1627 2363 1696; baseline 0.003 -16"><span class='ocrx_word' id='word_1_99' title='bbox 797 1631 896 1694; x_wconf 83' lang='lat' dir='ltr'><strong>Qui</strong></span> <span class='ocrx_word' id='word_1_100' title='bbox 926 1643 1054 1682; x_wconf 89' lang='lat' dir='ltr'><strong>vero</strong></span> <span class='ocrx_word' id='word_1_101' title='bbox 1084 1631 1298 1681; x_wconf 91' lang='lat' dir='ltr'><strong>eosdem</strong></span> <span class='ocrx_word' id='word_1_102' title='bbox 1325 1627 1544 1682; x_wconf 87' lang='lat' dir='ltr'><strong>ordines</strong></span> <span class='ocrx_word' id='word_1_103' title='bbox 1569 1630 2001 1696; x_wconf 88' lang='lat' dir='ltr'><strong>promotiouesve</strong></span> <span class='ocrx_word' id='word_1_104' title='bbox 2031 1642 2156 1685; x_wconf 84' lang='lat' dir='ltr'><strong>sunt</strong></span> <span class='ocrx_word' id='word_1_105' title='bbox 2184 1647 2363 1687; x_wconf 86' lang='lat' dir='ltr'><strong>emer-</strong></span> 
     </span>
    </p>
   </div>
   <div class='ocr_carea' id='block_1_18' title="bbox 795 1719 2359 1790">
    <p class='ocr_par' dir='ltr' id='par_1_18' title="bbox 795 1719 2359 1790">
     <span class='ocr_line' id='line_1_18' title="bbox 795 1719 2359 1790; baseline 0.003 -16"><span class='ocrx_word' id='word_1_106' title='bbox 795 1724 922 1786; x_wconf 90' lang='lat' dir='ltr'><strong>cati,</strong></span> <span class='ocrx_word' id='word_1_107' title='bbox 980 1721 1109 1773; x_wconf 87' lang='lat' dir='ltr'><strong>nihil</strong></span> <span class='ocrx_word' id='word_1_108' title='bbox 1168 1735 1260 1772; x_wconf 90' lang='lat' dir='ltr'><strong>eos</strong></span> <span class='ocrx_word' id='word_1_109' title='bbox 1325 1734 1390 1773; x_wconf 80' lang='lat' dir='ltr'><strong>ex</strong></span> <span class='ocrx_word' id='word_1_110' title='bbox 1429 1719 1532 1774; x_wconf 84' lang='lat' dir='ltr'><strong>hac</strong></span> <span class='ocrx_word' id='word_1_111' title='bbox 1588 1735 1866 1775; x_wconf 86' lang='lat' dir='ltr'><strong>sacrorum</strong></span> <span class='ocrx_word' id='word_1_112' title='bbox 1922 1724 2359 1790; x_wconf 87' lang='lat' dir='ltr'><strong>nundinatione,</strong></span> 
     </span>
    </p>
   </div>
   <div class='ocr_carea' id='block_1_19' title="bbox 797 1808 2358 1878">
    <p class='ocr_par' dir='ltr' id='par_1_19' title="bbox 797 1808 2358 1878">
     <span class='ocr_line' id='line_1_19' title="bbox 797 1808 2358 1878; baseline 0.004 -16"><span class='ocrx_word' id='word_1_113' title='bbox 797 1812 1119 1876; x_wconf 86' lang='lat' dir='ltr'><strong>sordidaque</strong></span> <span class='ocrx_word' id='word_1_114' title='bbox 1170 1809 1537 1878; x_wconf 77' lang='lat' dir='ltr'><strong>negotiatione</strong></span> <span class='ocrx_word' id='word_1_115' title='bbox 1589 1808 1764 1875; x_wconf 87' lang='lat' dir='ltr'><strong>juvari</strong></span> <span class='ocrx_word' id='word_1_116' title='bbox 1816 1813 2088 1865; x_wconf 88' lang='lat' dir='ltr'><strong>decretum</strong></span> <span class='ocrx_word' id='word_1_117' title='bbox 2148 1823 2251 1868; x_wconf 86' lang='lat' dir='ltr'><strong>est.</strong></span> <span class='ocrx_word' id='word_1_118' title='bbox 2303 1814 2358 1868; x_wconf 91' lang='lat' dir='ltr'><strong>Si</strong></span> 
     </span>
    </p>
   </div>
   <div class='ocr_carea' id='block_1_20' title="bbox 2474 614 4036 685">
    <p class='ocr_par' dir='ltr' id='par_1_20' title="bbox 2474 614 4036 685">
     <span class='ocr_line' id='line_1_20' title="bbox 2474 614 4036 685; baseline -0.001 -19"><span class='ocrx_word' id='word_1_119' title='bbox 2474 618 2674 685; x_wconf 85' lang='grc' dir='ltr'>πράσει</span> <span class='ocrx_word' id='word_1_120' title='bbox 2713 614 2787 684; x_wconf 83' lang='grc' dir='ltr'>μὴ</span> <span class='ocrx_word' id='word_1_121' title='bbox 2816 616 3249 676; x_wconf 70' lang='grc' dir='ltr'>ὑποπίπτουσαν,</span> <span class='ocrx_word' id='word_1_122' title='bbox 3299 617 3386 667; x_wconf 71' lang='grc' dir='ltr'><strong>διὰ</strong></span> <span class='ocrx_word' id='word_1_123' title='bbox 3428 617 3489 667; x_wconf 77' lang='grc' dir='ltr'>τὸ</span> <span class='ocrx_word' id='word_1_124' title='bbox 3533 616 3813 684; x_wconf 77' lang='grc' dir='ltr'>ὑπερφυὲς</span> <span class='ocrx_word' id='word_1_125' title='bbox 3865 615 4036 681; x_wconf 70' lang='grc' dir='ltr'>αὐτῆς</span> 
     </span>
    </p>
   </div>
   <div class='ocr_carea' id='block_1_21' title="bbox 2474 706 4036 777">
    <p class='ocr_par' dir='ltr' id='par_1_21' title="bbox 2474 706 4036 777">
     <span class='ocr_line' id='line_1_21' title="bbox 2474 706 4036 777; baseline -0.002 -19"><span class='ocrx_word' id='word_1_126' title='bbox 2474 708 2566 759; x_wconf 78' lang='grc' dir='ltr'><strong>καὶ</strong></span> <span class='ocrx_word' id='word_1_127' title='bbox 2593 707 2897 776; x_wconf 84' lang='grc' dir='ltr'>ύπέρτιμον</span> <span class='ocrx_word' id='word_1_128' title='bbox 2929 706 3238 770; x_wconf 77' lang='grc' dir='ltr'><strong>πωλοῦντας</strong></span> <span class='ocrx_word' id='word_1_129' title='bbox 3275 706 3453 776; x_wconf 82' lang='grc' dir='ltr'>(τοῦτο</span> <span class='ocrx_word' id='word_1_130' title='bbox 3476 707 3584 777; x_wconf 81' lang='grc' dir='ltr'>γὰρ</span> <span class='ocrx_word' id='word_1_131' title='bbox 3614 707 3675 759; x_wconf 83' lang='grc' dir='ltr'><strong>τὸ</strong></span> <span class='ocrx_word' id='word_1_132' title='bbox 3713 710 3791 769; x_wconf 84' lang='grc' dir='ltr'>εἰς</span> <span class='ocrx_word' id='word_1_133' title='bbox 3827 709 4036 775; x_wconf 76' lang='grc' dir='ltr'>πρᾶσιν</span> 
     </span>
    </p>
   </div>
   <div class='ocr_carea' id='block_1_22' title="bbox 2474 799 4042 870">
    <p class='ocr_par' dir='ltr' id='par_1_22' title="bbox 2474 799 4042 870">
     <span class='ocr_line' id='line_1_22' title="bbox 2474 799 4042 870; baseline -0.004 -16"><span class='ocrx_word' id='word_1_134' title='bbox 2474 803 2753 870; x_wconf 79' lang='grc' dir='ltr'><strong>κατάγειν)</strong></span> <span class='ocrx_word' id='word_1_135' title='bbox 2794 801 3178 869; x_wconf 70' lang='grc' dir='ltr'><strong>ἐλεγχομένους</strong></span> <span class='ocrx_word' id='word_1_136' title='bbox 3229 800 3560 852; x_wconf 65' lang='grc' dir='ltr'><strong>κινδυνεύειν</strong></span> <span class='ocrx_word' id='word_1_137' title='bbox 3616 800 3863 862; x_wconf 67' lang='grc' dir='ltr'>Θεσπὶζει</span> <span class='ocrx_word' id='word_1_138' title='bbox 3916 799 4042 864; x_wconf 77' lang='grc' dir='ltr'>περὶ</span> 
     </span>
    </p>
   </div>
   <div class='ocr_carea' id='block_1_23' title="bbox 2477 890 4042 962">
    <p class='ocr_par' dir='ltr' id='par_1_23' title="bbox 2477 890 4042 962">
     <span class='ocr_line' id='line_1_23' title="bbox 2477 890 4042 962; baseline -0.004 -16"><span class='ocrx_word' id='word_1_139' title='bbox 2477 895 2568 946; x_wconf 70' lang='grc' dir='ltr'>τὸν</span> <span class='ocrx_word' id='word_1_140' title='bbox 2602 896 2800 946; x_wconf 85' lang='grc' dir='ltr'>οἰκεῖον</span> <span class='ocrx_word' id='word_1_141' title='bbox 2835 894 3062 962; x_wconf 67' lang='grc' dir='ltr'>βαθμὲιν,</span> <span class='ocrx_word' id='word_1_142' title='bbox 3093 893 3212 946; x_wconf 79' lang='grc' dir='ltr'>ἀντὶ</span> <span class='ocrx_word' id='word_1_143' title='bbox 3255 891 3348 943; x_wconf 81' lang='grc' dir='ltr'>τοῦ</span> <span class='ocrx_word' id='word_1_144' title='bbox 3379 892 3663 943; x_wconf 74' lang='grc' dir='ltr'>ἐκπίπτειν</span> <span class='ocrx_word' id='word_1_145' title='bbox 3691 895 3883 940; x_wconf 81' lang='grc' dir='ltr'>τούτου</span> <span class='ocrx_word' id='word_1_146' title='bbox 3903 890 4042 940; x_wconf 78' lang='grc' dir='ltr'>καθ-</span> 
     </span>
    </p>
   </div>
   <div class='ocr_carea' id='block_1_24' title="bbox 2472 983 4043 1056">
    <p class='ocr_par' dir='ltr' id='par_1_24' title="bbox 2472 983 4043 1056">
     <span class='ocr_line' id='line_1_24' title="bbox 2472 983 4043 1056; baseline -0.004 -18"><span class='ocrx_word' id='word_1_147' title='bbox 2472 987 2850 1056; x_wconf 76' lang='grc' dir='ltr'>αιρουμένους.</span> <span class='ocrx_word' id='word_1_148' title='bbox 2895 986 3079 1038; x_wconf 82' lang='grc' dir='ltr'>Ταῦτα</span> <span class='ocrx_word' id='word_1_149' title='bbox 3113 985 3210 1054; x_wconf 78' lang='grc' dir='ltr'><strong>μὲν</strong></span> <span class='ocrx_word' id='word_1_150' title='bbox 3282 984 3376 1037; x_wconf 77' lang='grc' dir='ltr'>οὖν</span> <span class='ocrx_word' id='word_1_151' title='bbox 3416 985 3546 1050; x_wconf 67' lang='grc' dir='ltr'>περὶ</span> <span class='ocrx_word' id='word_1_152' title='bbox 3565 983 3672 1052; x_wconf 80' lang='grc' dir='ltr'>τῷν</span> <span class='ocrx_word' id='word_1_153' title='bbox 3703 983 3762 1032; x_wconf 80' lang='grc' dir='ltr'><strong>ἐν</strong></span> <span class='ocrx_word' id='word_1_154' title='bbox 3791 983 4043 1050; x_wconf 76' lang='grc' dir='ltr'>χρήμασι</span> 
     </span>
    </p>
   </div>
   <div class='ocr_carea' id='block_1_25' title="bbox 2473 1073 4040 1152">
    <p class='ocr_par' dir='ltr' id='par_1_25' title="bbox 2473 1073 4040 1152">
     <span class='ocr_line' id='line_1_25' title="bbox 2473 1073 4040 1152; baseline -0.006 -20"><span class='ocrx_word' id='word_1_155' title='bbox 2473 1079 2947 1152; x_wconf 75' lang='grc' dir='ltr'><strong>χειροτονούντων,</strong></span> <span class='ocrx_word' id='word_1_156' title='bbox 3007 1078 3168 1148; x_wconf 71' lang='grc' dir='ltr'>ἧκαὶ</span> <span class='ocrx_word' id='word_1_157' title='bbox 3212 1075 3672 1144; x_wconf 71' lang='grc' dir='ltr'>προϐαλλομένων</span> <span class='ocrx_word' id='word_1_158' title='bbox 3722 1075 3863 1134; x_wconf 77' lang='grc' dir='ltr'>ὅλως</span> <span class='ocrx_word' id='word_1_159' title='bbox 3919 1073 4040 1123; x_wconf 78' lang='grc' dir='ltr'>τινὰ</span> 
     </span>
    </p>
   </div>
   <div class='ocr_carea' id='block_1_26' title="bbox 2470 1165 4039 1238">
    <p class='ocr_par' dir='ltr' id='par_1_26' title="bbox 2470 1165 4039 1238">
     <span class='ocr_line' id='line_1_26' title="bbox 2470 1165 4039 1238; baseline -0.006 -15"><span class='ocrx_word' id='word_1_160' title='bbox 2470 1173 2578 1223; x_wconf 82' lang='grc' dir='ltr'><strong>τῶν</strong></span> <span class='ocrx_word' id='word_1_161' title='bbox 2608 1173 2701 1224; x_wconf 82' lang='grc' dir='ltr'>τοῦ</span> <span class='ocrx_word' id='word_1_162' title='bbox 2732 1171 2956 1234; x_wconf 77' lang='grc' dir='ltr'><strong>κανόνος</strong></span> <span class='ocrx_word' id='word_1_163' title='bbox 2979 1171 3098 1238; x_wconf 73' lang='grc' dir='ltr'>ἦτοι</span> <span class='ocrx_word' id='word_1_164' title='bbox 3130 1168 3222 1221; x_wconf 83' lang='grc' dir='ltr'>τοῦ</span> <span class='ocrx_word' id='word_1_165' title='bbox 3251 1165 3707 1236; x_wconf 72' lang='grc' dir='ltr'>ἐκκλησιαστικοῦ</span> <span class='ocrx_word' id='word_1_166' title='bbox 3736 1169 4039 1232; x_wconf 65' lang='grc' dir='ltr'>τάγματος.</span> 
     </span>
    </p>
   </div>
   <div class='ocr_carea' id='block_1_27' title="bbox 2473 1259 4041 1336">
    <p class='ocr_par' dir='ltr' id='par_1_27' title="bbox 2473 1259 4041 1336">
     <span class='ocr_line' id='line_1_27' title="bbox 2473 1259 4041 1336; baseline -0.005 -20"><span class='ocrx_word' id='word_1_167' title='bbox 2473 1266 2611 1326; x_wconf 84' lang='grc' dir='ltr'>Ἱόὺς</span> <span class='ocrx_word' id='word_1_168' title='bbox 2638 1266 2696 1318; x_wconf 82' lang='grc' dir='ltr'><strong>δὲ</strong></span> <span class='ocrx_word' id='word_1_169' title='bbox 2734 1263 3246 1336; x_wconf 78' lang='grc' dir='ltr'>χειροτονουμένους</span> <span class='ocrx_word' id='word_1_170' title='bbox 3303 1262 3398 1313; x_wconf 77' lang='grc' dir='ltr'><strong>ἐπὶ</strong></span> <span class='ocrx_word' id='word_1_171' title='bbox 3451 1263 3595 1312; x_wconf 79' lang='grc' dir='ltr'>δόσει</span> <span class='ocrx_word' id='word_1_172' title='bbox 3649 1260 3955 1328; x_wconf 83' lang='grc' dir='ltr'>χρημάτων</span> <span class='ocrx_word' id='word_1_173' title='bbox 4009 1259 4041 1326; x_wconf 84' lang='grc' dir='ltr'>ἦ</span> 
     </span>
    </p>
   </div>
   <div class='ocr_carea' id='block_1_28' title="bbox 2473 1351 4043 1424">
    <p class='ocr_par' dir='ltr' id='par_1_28' title="bbox 2473 1351 4043 1424">
     <span class='ocr_line' id='line_1_28' title="bbox 2473 1351 4043 1424; baseline -0.004 -16"><span class='ocrx_word' id='word_1_174' title='bbox 2473 1357 2942 1424; x_wconf 68' lang='grc' dir='ltr'>προϐαλλομένους</span> <span class='ocrx_word' id='word_1_175' title='bbox 2981 1358 3053 1422; x_wconf 80' lang='grc' dir='ltr'>μὴ</span> <span class='ocrx_word' id='word_1_176' title='bbox 3086 1354 3418 1421; x_wconf 65' lang='grc' dir='ltr'>ὡφελεῖσθαι</span> <span class='ocrx_word' id='word_1_177' title='bbox 3473 1355 3536 1406; x_wconf 82' lang='grc' dir='ltr'>ὲκ</span> <span class='ocrx_word' id='word_1_178' title='bbox 3567 1353 3668 1420; x_wconf 79' lang='grc' dir='ltr'>τῆς</span> <span class='ocrx_word' id='word_1_179' title='bbox 3701 1351 3820 1405; x_wconf 80' lang='grc' dir='ltr'>κατ’</span> <span class='ocrx_word' id='word_1_180' title='bbox 3873 1353 4043 1418; x_wconf 75' lang='grc' dir='ltr'>ἐμπο-</span> 
     </span>
    </p>
   </div>
   <div class='ocr_carea' id='block_1_29' title="bbox 2473 1445 4044 1517">
    <p class='ocr_par' dir='ltr' id='par_1_29' title="bbox 2473 1445 4044 1517">
     <span class='ocr_line' id='line_1_29' title="bbox 2473 1445 4044 1517; baseline -0.004 -20"><span class='ocrx_word' id='word_1_181' title='bbox 2473 1448 2593 1517; x_wconf 82' lang='grc' dir='ltr'>ρίαν</span> <span class='ocrx_word' id='word_1_182' title='bbox 2648 1450 3008 1517; x_wconf 76' lang='grc' dir='ltr'>χειροτονίας,</span> <span class='ocrx_word' id='word_1_183' title='bbox 3047 1447 3213 1515; x_wconf 72' lang='grc' dir='ltr'>ἤγουν</span> <span class='ocrx_word' id='word_1_184' title='bbox 3242 1445 3380 1498; x_wconf 87' lang='grc' dir='ltr'><strong>κατὰ</strong></span> <span class='ocrx_word' id='word_1_185' title='bbox 3418 1446 3803 1514; x_wconf 77' lang='grc' dir='ltr'><strong>πραγματείαν</strong></span> <span class='ocrx_word' id='word_1_186' title='bbox 3827 1450 4044 1513; x_wconf 74' lang='grc' dir='ltr'>αἰσχρο-</span> 
     </span>
    </p>
   </div>
   <div class='ocr_carea' id='block_1_30' title="bbox 2474 1537 4045 1609">
    <p class='ocr_par' dir='ltr' id='par_1_30' title="bbox 2474 1537 4045 1609">
     <span class='ocr_line' id='line_1_30' title="bbox 2474 1537 4045 1609; baseline -0.003 -19"><span class='ocrx_word' id='word_1_187' title='bbox 2474 1540 2722 1609; x_wconf 79' lang='grc' dir='ltr'>κερδείας</span> <span class='ocrx_word' id='word_1_188' title='bbox 2770 1540 3135 1593; x_wconf 84' lang='grc' dir='ltr'>διατάττεται.</span> <span class='ocrx_word' id='word_1_189' title='bbox 3171 1539 3234 1592; x_wconf 82' lang='lat' dir='ltr'><strong>Ei</strong></span> <span class='ocrx_word' id='word_1_190' title='bbox 3297 1540 3405 1608; x_wconf 80' lang='grc' dir='ltr'><strong>γὰρ</strong></span> <span class='ocrx_word' id='word_1_191' title='bbox 3435 1538 3559 1599; x_wconf 70' lang='grc' dir='ltr'>τοὺς</span> <span class='ocrx_word' id='word_1_192' title='bbox 3616 1541 3672 1588; x_wconf 84' lang='grc' dir='ltr'>ἐν</span> <span class='ocrx_word' id='word_1_193' title='bbox 3718 1539 3800 1605; x_wconf 77' lang='grc' dir='ltr'>τῷ</span> <span class='ocrx_word' id='word_1_194' title='bbox 3853 1537 4045 1604; x_wconf 77' lang='grc' dir='ltr'>κλήρῳ</span> 
     </span>
    </p>
   </div>
   <div class='ocr_carea' id='block_1_31' title="bbox 2474 1628 4045 1700">
    <p class='ocr_par' dir='ltr' id='par_1_31' title="bbox 2474 1628 4045 1700">
     <span class='ocr_line' id='line_1_31' title="bbox 2474 1628 4045 1700; baseline -0.003 -16"><span class='ocrx_word' id='word_1_195' title='bbox 2474 1632 2929 1700; x_wconf 79' lang='grc' dir='ltr'><strong>κατειλεγμένους</strong></span> <span class='ocrx_word' id='word_1_196' title='bbox 2960 1633 3010 1683; x_wconf 85' lang='grc' dir='ltr'><strong>οἱ</strong></span> <span class='ocrx_word' id='word_1_197' title='bbox 3047 1633 3180 1700; x_wconf 78' lang='grc' dir='ltr'>ἱεροὶ</span> <span class='ocrx_word' id='word_1_198' title='bbox 3233 1633 3460 1694; x_wconf 78' lang='grc' dir='ltr'><strong>κανόνες</strong></span> <span class='ocrx_word' id='word_1_199' title='bbox 3514 1631 3821 1682; x_wconf 78' lang='grc' dir='ltr'><strong>κωλύουσιν</strong></span> <span class='ocrx_word' id='word_1_200' title='bbox 3879 1628 4045 1681; x_wconf 80' lang='grc' dir='ltr'>ἁλλοο</span> 
     </span>
    </p>
   </div>
   <div class='ocr_carea' id='block_1_32' title="bbox 2471 1721 4048 1793">
    <p class='ocr_par' dir='ltr' id='par_1_32' title="bbox 2471 1721 4048 1793">
     <span class='ocr_line' id='line_1_32' title="bbox 2471 1721 4048 1793; baseline -0.002 -17"><span class='ocrx_word' id='word_1_201' title='bbox 2471 1724 2635 1793; x_wconf 81' lang='grc' dir='ltr'>τρίων</span> <span class='ocrx_word' id='word_1_202' title='bbox 2667 1725 2965 1793; x_wconf 81' lang='grc' dir='ltr'><strong>κτημάτων</strong></span> <span class='ocrx_word' id='word_1_203' title='bbox 3019 1723 3269 1790; x_wconf 84' lang='grc' dir='ltr'>γίνεσθαι</span> <span class='ocrx_word' id='word_1_204' title='bbox 3325 1724 3622 1792; x_wconf 82' lang='grc' dir='ltr'>μισθωτὰς,</span> <span class='ocrx_word' id='word_1_205' title='bbox 3655 1726 3750 1775; x_wconf 78' lang='grc' dir='ltr'>καὶ</span> <span class='ocrx_word' id='word_1_206' title='bbox 3796 1721 4048 1790; x_wconf 67' lang='grc' dir='ltr'>κοσμικὰ</span> 
     </span>
    </p>
   </div>
   <div class='ocr_carea' id='block_1_33' title="bbox 2472 1814 4050 1888">
    <p class='ocr_par' dir='ltr' id='par_1_33' title="bbox 2472 1814 4050 1888">
     <span class='ocr_line' id='line_1_33' title="bbox 2472 1814 4050 1888; baseline -0.003 -19"><span class='ocrx_word' id='word_1_207' title='bbox 2472 1818 2773 1888; x_wconf 82' lang='grc' dir='ltr'>πράγματα</span> <span class='ocrx_word' id='word_1_208' title='bbox 2817 1817 3136 1886; x_wconf 76' lang='grc' dir='ltr'>ἐργολαϐεῖν</span> <span class='ocrx_word' id='word_1_209' title='bbox 3191 1817 3255 1869; x_wconf 81' lang='grc' dir='ltr'><strong>δι’</strong></span> <span class='ocrx_word' id='word_1_210' title='bbox 3279 1817 3725 1886; x_wconf 77' lang='grc' dir='ltr'><strong>αἰσχροκέρδειαν</strong></span> <span class='ocrx_word' id='word_1_211' title='bbox 3766 1817 3914 1867; x_wconf 83' lang='grc' dir='ltr'>κατὰ</span> <span class='ocrx_word' id='word_1_212' title='bbox 3953 1814 4050 1866; x_wconf 74' lang='grc' dir='ltr'>τὸν</span> 
     </span>
    </p>
   </div>
   <div class='ocr_carea' id='block_1_34' title="bbox 799 1887 2434 1980">
    <p class='ocr_par' dir='ltr' id='par_1_34' title="bbox 799 1887 2434 1963">
     <span class='ocr_line' id='line_1_34' title="bbox 799 1887 2434 1963; baseline 0.004 -9"><span class='ocrx_word' id='word_1_213' title='bbox 799 1916 1028 1963; x_wconf 75' lang='lat' dir='ltr'><strong>uanique</strong></span> <span class='ocrx_word' id='word_1_214' title='bbox 1055 1901 1404 1954; x_wconf 64' lang='lat' dir='ltr'><strong>ecclesiastici</strong></span> <span class='ocrx_word' id='word_1_215' title='bbox 1459 1901 1668 1954; x_wconf 84' lang='lat' dir='ltr'><strong>ordinis</strong></span> <span class='ocrx_word' id='word_1_216' title='bbox 1694 1903 1938 1956; x_wconf 86' lang='lat' dir='ltr'><strong>homines</strong></span> <span class='ocrx_word' id='word_1_217' title='bbox 1965 1887 2359 1959; x_wconf 70' lang='lat' dir='ltr'><strong>mercenariam</strong></span> <span class='ocrx_word' id='word_1_218' title='bbox 2398 1909 2434 1963; x_wconf 80' lang='grc' dir='ltr'><strong>Β</strong></span> 
     </span>
    </p>
   </div>
   <div class='ocr_carea' id='block_1_35' title="bbox 2467 1887 4050 1980">
    <p class='ocr_par' dir='ltr' id='par_1_35' title="bbox 2471 1887 4050 1980">
     <span class='ocr_line' id='line_1_35' title="bbox 2471 1887 4050 1980; baseline -0.003 -17"><span class='ocrx_word' id='word_1_219' title='bbox 2471 1887 2671 1980; x_wconf 76' lang='grc' dir='ltr'>ὲιρεξῆς</span> <span class='ocrx_word' id='word_1_220' title='bbox 2731 1911 2937 1964; x_wconf 85' lang='grc' dir='ltr'>κανόνα</span> <span class='ocrx_word' id='word_1_221' title='bbox 2970 1910 3066 1962; x_wconf 76' lang='grc' dir='ltr'>καὶ</span> <span class='ocrx_word' id='word_1_222' title='bbox 3114 1911 3256 1962; x_wconf 87' lang='grc' dir='ltr'><strong>κατὰ</strong></span> <span class='ocrx_word' id='word_1_223' title='bbox 3288 1911 3380 1962; x_wconf 76' lang='grc' dir='ltr'><strong>τὸν</strong></span> <span class='ocrx_word' id='word_1_224' title='bbox 3428 1906 3530 1973; x_wconf 82' lang='grc' dir='ltr'>ις’.</span> <span class='ocrx_word' id='word_1_225' title='bbox 3586 1910 3787 1961; x_wconf 68' lang='grc' dir='ltr'>κανόνα</span> <span class='ocrx_word' id='word_1_226' title='bbox 3835 1908 3943 1976; x_wconf 78' lang='grc' dir='ltr'>τῆς</span> <span class='ocrx_word' id='word_1_227' title='bbox 3991 1912 4050 1958; x_wconf 85' lang='grc' dir='ltr'><strong>ὲν</strong></span> 
     </span>
    </p>
   </div>
   <div class='ocr_carea' id='block_1_36' title="bbox 803 1995 2364 2065">
    <p class='ocr_par' dir='ltr' id='par_1_36' title="bbox 803 1995 2364 2065">
     <span class='ocr_line' id='line_1_36' title="bbox 803 1995 2364 2065; baseline 0.004 -21"><span class='ocrx_word' id='word_1_228' title='bbox 803 2012 1021 2061; x_wconf 85' lang='lat' dir='ltr'><strong>operam</strong></span> <span class='ocrx_word' id='word_1_229' title='bbox 1075 1995 1565 2063; x_wconf 88' lang='lat' dir='ltr'><strong>quomodoeunque</strong></span> <span class='ocrx_word' id='word_1_230' title='bbox 1619 1995 1771 2048; x_wconf 83' lang='lat' dir='ltr'><strong>alteri</strong></span> <span class='ocrx_word' id='word_1_231' title='bbox 1819 1996 2017 2060; x_wconf 84' lang='lat' dir='ltr'><strong>locare,</strong></span> <span class='ocrx_word' id='word_1_232' title='bbox 2073 1997 2364 2065; x_wconf 85' lang='lat' dir='ltr'><strong>profanave</strong></span> 
     </span>
    </p>
   </div>
   <div class='ocr_carea' id='block_1_37' title="bbox 799 2087 2363 2159">
    <p class='ocr_par' dir='ltr' id='par_1_37' title="bbox 799 2087 2363 2159">
     <span class='ocr_line' id='line_1_37' title="bbox 799 2087 2363 2159; baseline 0.004 -21"><span class='ocrx_word' id='word_1_233' title='bbox 799 2088 1010 2155; x_wconf 88' lang='lat' dir='ltr'><strong>negotia</strong></span> <span class='ocrx_word' id='word_1_234' title='bbox 1041 2088 1178 2153; x_wconf 89' lang='lat' dir='ltr'><strong>turpi</strong></span> <span class='ocrx_word' id='word_1_235' title='bbox 1217 2087 1365 2140; x_wconf 89' lang='lat' dir='ltr'><strong>lucro</strong></span> <span class='ocrx_word' id='word_1_236' title='bbox 1417 2088 1687 2159; x_wconf 65' lang='lat' dir='ltr'><strong>inhiantes</strong></span> <span class='ocrx_word' id='word_1_237' title='bbox 1726 2099 1960 2142; x_wconf 85' lang='lat' dir='ltr'><strong>tractare</strong></span> <span class='ocrx_word' id='word_1_238' title='bbox 2010 2092 2183 2144; x_wconf 85' lang='lat' dir='ltr'><strong>sacris</strong></span> <span class='ocrx_word' id='word_1_239' title='bbox 2226 2105 2363 2144; x_wconf 91' lang='lat' dir='ltr'><strong>con-</strong></span> 
     </span>
    </p>
   </div>
   <div class='ocr_carea' id='block_1_38' title="bbox 797 2179 2363 2252">
    <p class='ocr_par' dir='ltr' id='par_1_38' title="bbox 797 2179 2363 2252">
     <span class='ocr_line' id='line_1_38' title="bbox 797 2179 2363 2252; baseline 0.006 -22"><span class='ocrx_word' id='word_1_240' title='bbox 797 2179 1170 2232; x_wconf 82' lang='lat' dir='ltr'><strong>stitutionibus</strong></span> <span class='ocrx_word' id='word_1_241' title='bbox 1194 2180 1414 2231; x_wconf 87' lang='lat' dir='ltr'><strong>vetitmn</strong></span> <span class='ocrx_word' id='word_1_242' title='bbox 1444 2190 1547 2245; x_wconf 88' lang='lat' dir='ltr'><strong>est,</strong></span> <span class='ocrx_word' id='word_1_243' title='bbox 1591 2183 1748 2252; x_wconf 76' lang='lat'><strong>113</strong></span> <span class='ocrx_word' id='word_1_244' title='bbox 1774 2193 1829 2235; x_wconf 92' lang='lat' dir='ltr'><strong>ut</strong></span> <span class='ocrx_word' id='word_1_245' title='bbox 1856 2200 1918 2236; x_wconf 85' lang='lat' dir='ltr'><strong>ex</strong></span> <span class='ocrx_word' id='word_1_246' title='bbox 1951 2186 2363 2252; x_wconf 80' lang='lat' dir='ltr'><strong>proximo,etex</strong></span> 
     </span>
    </p>
   </div>
   <div class='ocr_carea' id='block_1_39' title="bbox 796 2271 2364 2340">
    <p class='ocr_par' dir='ltr' id='par_1_39' title="bbox 796 2271 2364 2340">
     <span class='ocr_line' id='line_1_39' title="bbox 796 2271 2364 2340; baseline 0.006 -18"><span class='ocrx_word' id='word_1_247' title='bbox 796 2271 1240 2338; x_wconf 71' lang='lat' dir='ltr'><strong>Carthaginiensis</strong></span> <span class='ocrx_word' id='word_1_248' title='bbox 1279 2273 1473 2340; x_wconf 83' lang='lat' dir='ltr'><strong>synodi</strong></span> <span class='ocrx_word' id='word_1_249' title='bbox 1523 2275 1729 2327; x_wconf 88' lang='lat' dir='ltr'><strong>decimo</strong></span> <span class='ocrx_word' id='word_1_250' title='bbox 1768 2284 1920 2328; x_wconf 80' lang='lat' dir='ltr'><strong>sexto</strong></span> <span class='ocrx_word' id='word_1_251' title='bbox 1959 2290 2164 2329; x_wconf 89' lang='lat' dir='ltr'><strong>canone</strong></span> <span class='ocrx_word' id='word_1_252' title='bbox 2210 2276 2364 2332; x_wconf 80' lang='lat' dir='ltr'><strong>facile</strong></span> 
     </span>
    </p>
   </div>
   <div class='ocr_carea' id='block_1_40' title="bbox 799 2373 2359 2436">
    <p class='ocr_par' dir='ltr' id='par_1_40' title="bbox 799 2373 2359 2436">
     <span class='ocr_line' id='line_1_40' title="bbox 799 2373 2359 2436; baseline 0.004 -24"><span class='ocrx_word' id='word_1_253' title='bbox 799 2373 1044 2431; x_wconf 68' lang='lat' dir='ltr'><strong>apparet,</strong></span> <span class='ocrx_word' id='word_1_254' title='bbox 1077 2377 1184 2429; x_wconf 93' lang='lat' dir='ltr'><strong>quo</strong></span> <span class='ocrx_word' id='word_1_255' title='bbox 1241 2374 1583 2432; x_wconf 90' lang='lat' dir='ltr'><strong>susceptores</strong></span> <span class='ocrx_word' id='word_1_256' title='bbox 1608 2379 1749 2427; x_wconf 87' lang='lat' dir='ltr'><strong>esse,</strong></span> <span class='ocrx_word' id='word_1_257' title='bbox 1803 2375 1896 2418; x_wconf 91' lang='lat' dir='ltr'><strong>aut</strong></span> <span class='ocrx_word' id='word_1_258' title='bbox 1951 2379 2359 2436; x_wconf 82' lang='lat' dir='ltr'><strong>procuratores,</strong></span> 
     </span>
    </p>
   </div>
   <div class='ocr_carea' id='block_1_41' title="bbox 796 2455 2361 2527">
    <p class='ocr_par' dir='ltr' id='par_1_41' title="bbox 796 2455 2361 2527">
     <span class='ocr_line' id='line_1_41' title="bbox 796 2455 2361 2527; baseline 0.004 -21"><span class='ocrx_word' id='word_1_259' title='bbox 796 2456 880 2507; x_wconf 89' lang='lat' dir='ltr'><strong>vel</strong></span> <span class='ocrx_word' id='word_1_260' title='bbox 910 2471 969 2506; x_wconf 79' lang='lat' dir='ltr'><strong>ex</strong></span> <span class='ocrx_word' id='word_1_261' title='bbox 1005 2455 1141 2521; x_wconf 85' lang='lat' dir='ltr'><strong>turpi</strong></span> <span class='ocrx_word' id='word_1_262' title='bbox 1198 2456 1396 2523; x_wconf 86' lang='lat' dir='ltr'><strong>aliqua,</strong></span> <span class='ocrx_word' id='word_1_263' title='bbox 1454 2467 1547 2509; x_wconf 86' lang='lat' dir='ltr'><strong>aut</strong></span> <span class='ocrx_word' id='word_1_264' title='bbox 1603 2457 1816 2526; x_wconf 86' lang='lat' dir='ltr'><strong>indigna</strong></span> <span class='ocrx_word' id='word_1_265' title='bbox 1865 2460 2227 2527; x_wconf 86' lang='lat' dir='ltr'><strong>negotiatione</strong></span> <span class='ocrx_word' id='word_1_266' title='bbox 2262 2461 2361 2514; x_wconf 88' lang='lat' dir='ltr'><strong>sibi</strong></span> 
     </span>
    </p>
   </div>
   <div class='ocr_carea' id='block_1_42' title="bbox 796 2549 2363 2620">
    <p class='ocr_par' dir='ltr' id='par_1_42' title="bbox 796 2549 2363 2620">
     <span class='ocr_line' id='line_1_42' title="bbox 796 2549 2363 2620; baseline 0.004 -21"><span class='ocrx_word' id='word_1_267' title='bbox 796 2549 995 2599; x_wconf 87' lang='lat' dir='ltr'><strong>victum</strong></span> <span class='ocrx_word' id='word_1_268' title='bbox 1041 2563 1286 2616; x_wconf 75' lang='lat' dir='ltr'><strong>qtaererc</strong></span> <span class='ocrx_word' id='word_1_269' title='bbox 1340 2551 1598 2617; x_wconf 82' lang='lat' dir='ltr'><strong>episcopi,</strong></span> <span class='ocrx_word' id='word_1_270' title='bbox 1665 2553 1963 2620; x_wconf 85' lang='lat' dir='ltr'><strong>presbyteri</strong></span> <span class='ocrx_word' id='word_1_271' title='bbox 2006 2563 2097 2604; x_wconf 87' lang='lat' dir='ltr'><strong>aut</strong></span> <span class='ocrx_word' id='word_1_272' title='bbox 2149 2552 2363 2606; x_wconf 91' lang='lat' dir='ltr'><strong>diaconi</strong></span> 
     </span>
    </p>
   </div>
   <div class='ocr_carea' id='block_1_43' title="bbox 799 2641 2361 2712">
    <p class='ocr_par' dir='ltr' id='par_1_43' title="bbox 799 2641 2361 2712">
     <span class='ocr_line' id='line_1_43' title="bbox 799 2641 2361 2712; baseline 0.006 -24"><span class='ocrx_word' id='word_1_273' title='bbox 799 2641 1168 2707; x_wconf 81' lang='lat' dir='ltr'><strong>prohibentur,</strong></span> <span class='ocrx_word' id='word_1_274' title='bbox 1193 2649 1246 2693; x_wconf 91' lang='lat' dir='ltr'><strong>ct</strong></span> <span class='ocrx_word' id='word_1_275' title='bbox 1268 2655 1329 2693; x_wconf 75' lang='lat' dir='ltr'><strong>ex</strong></span> <span class='ocrx_word' id='word_1_276' title='bbox 1367 2644 1541 2711; x_wconf 80' lang='lat' dir='ltr'><strong>magni</strong></span> <span class='ocrx_word' id='word_1_277' title='bbox 1575 2644 1811 2709; x_wconf 88' lang='lat' dir='ltr'><strong>Apostoli</strong></span> <span class='ocrx_word' id='word_1_278' title='bbox 1847 2654 2100 2712; x_wconf 66' lang='lat' dir='ltr'><strong>praeterea</strong></span> <span class='ocrx_word' id='word_1_279' title='bbox 2134 2645 2310 2698; x_wconf 81' lang='lat' dir='ltr'><strong>verbis</strong></span> <span class='ocrx_word' id='word_1_280' title='bbox 2346 2661 2361 2698; x_wconf 90' lang='lat'>:</span> 
     </span>
    </p>
   </div>
   <div class='ocr_carea' id='block_1_44' title="bbox 798 2731 2364 2803">
    <p class='ocr_par' dir='ltr' id='par_1_44' title="bbox 798 2731 2364 2803">
     <span class='ocr_line' id='line_1_44' title="bbox 798 2731 2364 2803; baseline 0.004 -20"><span class='ocrx_word' id='word_1_281' title='bbox 798 2731 978 2790; x_wconf 84' lang='lat' dir='ltr'><strong>Nemo,</strong></span> <span class='ocrx_word' id='word_1_282' title='bbox 1012 2733 1201 2796; x_wconf 88' lang='lat' dir='ltr'><strong>inquit,</strong></span> <span class='ocrx_word' id='word_1_283' title='bbox 1236 2732 1469 2784; x_wconf 84' lang='lat' dir='ltr'><strong>militans</strong></span> <span class='ocrx_word' id='word_1_284' title='bbox 1505 2735 1737 2797; x_wconf 78' lang='lat' dir='ltr'><strong>implicat</strong></span> <span class='ocrx_word' id='word_1_285' title='bbox 1773 2751 1826 2787; x_wconf 81' lang='lat' dir='ltr'><strong>se</strong></span> <span class='ocrx_word' id='word_1_286' title='bbox 1877 2737 2094 2803; x_wconf 82' lang='lat' dir='ltr'><strong>negotiis</strong></span> <span class='ocrx_word' id='word_1_287' title='bbox 2133 2737 2364 2789; x_wconf 76' lang='lat' dir='ltr'><strong>sa&#39;cula-</strong></span> 
     </span>
    </p>
   </div>
   <div class='ocr_carea' id='block_1_45' title="bbox 804 2826 2362 2894">
    <p class='ocr_par' dir='ltr' id='par_1_45' title="bbox 804 2826 2362 2894">
     <span class='ocr_line' id='line_1_45' title="bbox 804 2826 2362 2894; baseline 0.004 -18"><span class='ocrx_word' id='word_1_288' title='bbox 804 2827 966 2892; x_wconf 82' lang='lat' dir='ltr'><strong>ribus,</strong></span> <span class='ocrx_word' id='word_1_289' title='bbox 1005 2837 1058 2877; x_wconf 83' lang='grc' dir='ltr'><strong>ιιι</strong></span> <span class='ocrx_word' id='word_1_290' title='bbox 1122 2827 1168 2878; x_wconf 87' lang='lat' dir='ltr'><strong>ei</strong></span> <span class='ocrx_word' id='word_1_291' title='bbox 1225 2826 1427 2894; x_wconf 71' lang='lat' dir='ltr'><strong>placeat</strong></span> <span class='ocrx_word' id='word_1_292' title='bbox 1480 2826 1516 2857; x_wconf 70' lang='grc'><strong>⁸⁸</strong></span> <span class='ocrx_word' id='word_1_293' title='bbox 1565 2827 1652 2894; x_wconf 93' lang='lat' dir='ltr'><strong>qni</strong></span> <span class='ocrx_word' id='word_1_294' title='bbox 1710 2827 1910 2881; x_wconf 87' lang='lat' dir='ltr'><strong>milites</strong></span> <span class='ocrx_word' id='word_1_295' title='bbox 1948 2828 2161 2894; x_wconf 81' lang='lat' dir='ltr'><strong>delegit,</strong></span> <span class='ocrx_word' id='word_1_296' title='bbox 2195 2843 2256 2880; x_wconf 88' lang='lat' dir='ltr'><strong>ac</strong></span> <span class='ocrx_word' id='word_1_297' title='bbox 2297 2846 2362 2882; x_wconf 76' lang='lat' dir='ltr'><strong>ex</strong></span> 
     </span>
    </p>
   </div>
   <div class='ocr_carea' id='block_1_46' title="bbox 807 2917 2365 2989">
    <p class='ocr_par' dir='ltr' id='par_1_46' title="bbox 807 2917 2365 2989">
     <span class='ocr_line' id='line_1_46' title="bbox 807 2917 2365 2989; baseline 0.006 -23"><span class='ocrx_word' id='word_1_298' title='bbox 807 2917 937 2983; x_wconf 80' lang='lat' dir='ltr'><strong>ipsis</strong></span> <span class='ocrx_word' id='word_1_299' title='bbox 996 2933 1208 2986; x_wconf 87' lang='lat' dir='ltr'><strong>quoque</strong></span> <span class='ocrx_word' id='word_1_300' title='bbox 1265 2919 1440 2984; x_wconf 81' lang='lat' dir='ltr'><strong>legum</strong></span> <span class='ocrx_word' id='word_1_301' title='bbox 1495 2919 1729 2971; x_wconf 73' lang='lat' dir='ltr'><strong>civilium</strong></span> <span class='ocrx_word' id='word_1_302' title='bbox 1785 2921 2154 2974; x_wconf 82' lang='lat' dir='ltr'><strong>sanctionibus</strong></span> <span class='ocrx_word' id='word_1_303' title='bbox 2186 2933 2365 2989; x_wconf 87' lang='lat' dir='ltr'><strong>aperte</strong></span> 
     </span>
    </p>
   </div>
   <div class='ocr_carea' id='block_1_47' title="bbox 804 3009 2364 3076">
    <p class='ocr_par' dir='ltr' id='par_1_47' title="bbox 804 3009 2364 3076">
     <span class='ocr_line' id='line_1_47' title="bbox 804 3009 2364 3076; baseline 0.006 -19"><span class='ocrx_word' id='word_1_304' title='bbox 804 3009 1118 3076; x_wconf 72' lang='lat' dir='ltr'><strong>colligitur;</strong></span> <span class='ocrx_word' id='word_1_305' title='bbox 1193 3009 1361 3061; x_wconf 91' lang='lat' dir='ltr'><strong>multo</strong></span> <span class='ocrx_word' id='word_1_306' title='bbox 1430 3010 1606 3062; x_wconf 89' lang='lat' dir='ltr'><strong>minus</strong></span> <span class='ocrx_word' id='word_1_307' title='bbox 1675 3025 1848 3063; x_wconf 88' lang='lat' dir='ltr'><strong>rerqu</strong></span> <span class='ocrx_word' id='word_1_308' title='bbox 1912 3012 2100 3064; x_wconf 89' lang='lat' dir='ltr'><strong>talium</strong></span> <span class='ocrx_word' id='word_1_309' title='bbox 2159 3029 2364 3066; x_wconf 88' lang='lat' dir='ltr'><strong>merca-</strong></span> 
     </span>
    </p>
   </div>
   <div class='ocr_carea' id='block_1_48' title="bbox 806 3102 2360 3171">
    <p class='ocr_par' dir='ltr' id='par_1_48' title="bbox 806 3102 2360 3171">
     <span class='ocr_line' id='line_1_48' title="bbox 806 3102 2360 3171; baseline 0.006 -23"><span class='ocrx_word' id='word_1_310' title='bbox 806 3109 980 3150; x_wconf 88' lang='lat' dir='ltr'><strong>turam</strong></span> <span class='ocrx_word' id='word_1_311' title='bbox 1030 3113 1302 3162; x_wconf 74' lang='lat' dir='ltr'><strong>cxercere,</strong></span> <span class='ocrx_word' id='word_1_312' title='bbox 1360 3109 1699 3166; x_wconf 87' lang='lat' dir='ltr'><strong>emptamque</strong></span> <span class='ocrx_word' id='word_1_313' title='bbox 1751 3103 1919 3154; x_wconf 88' lang='lat' dir='ltr'><strong>sancti</strong></span> <span class='ocrx_word' id='word_1_314' title='bbox 1973 3102 2205 3169; x_wconf 86' lang='lat' dir='ltr'><strong>Spiritus</strong></span> <span class='ocrx_word' id='word_1_315' title='bbox 2239 3118 2360 3171; x_wconf 85' lang='lat' dir='ltr'><strong>gra-</strong></span> 
     </span>
    </p>
   </div>
   <div class='ocr_carea' id='block_1_49' title="bbox 805 3191 2364 3256">
    <p class='ocr_par' dir='ltr' id='par_1_49' title="bbox 805 3191 2364 3256">
     <span class='ocr_line' id='line_1_49' title="bbox 805 3191 2364 3256; baseline 0.004 -15"><span class='ocrx_word' id='word_1_316' title='bbox 805 3193 929 3241; x_wconf 90' lang='lat' dir='ltr'><strong>tiam</strong></span> <span class='ocrx_word' id='word_1_317' title='bbox 985 3191 1278 3256; x_wconf 86' lang='lat' dir='ltr'><strong>possidere,</strong></span> <span class='ocrx_word' id='word_1_318' title='bbox 1353 3204 1447 3256; x_wconf 89' lang='lat' dir='ltr'><strong>per</strong></span> <span class='ocrx_word' id='word_1_319' title='bbox 1500 3192 1717 3243; x_wconf 88' lang='lat' dir='ltr'><strong>easdem</strong></span> <span class='ocrx_word' id='word_1_320' title='bbox 1773 3193 2185 3246; x_wconf 84' lang='lat' dir='ltr'><strong>constitutiones</strong></span> <span class='ocrx_word' id='word_1_321' title='bbox 2247 3195 2364 3247; x_wconf 92' lang='lat' dir='ltr'><strong>cui-</strong></span> 
     </span>
    </p>
   </div>
   <div class='ocr_carea' id='block_1_50' title="bbox 801 3268 2434 3347">
    <p class='ocr_par' dir='ltr' id='par_1_50' title="bbox 801 3268 2434 3347">
     <span class='ocr_line' id='line_1_50' title="bbox 801 3268 2434 3347; baseline 0.007 -19"><span class='ocrx_word' id='word_1_322' title='bbox 801 3296 961 3347; x_wconf 83' lang='lat' dir='ltr'><strong>qnam</strong></span> <span class='ocrx_word' id='word_1_323' title='bbox 994 3279 1153 3331; x_wconf 86' lang='lat' dir='ltr'><strong>licere</strong></span> <span class='ocrx_word' id='word_1_324' title='bbox 1187 3281 1599 3333; x_wconf 80' lang='lat' dir='ltr'><strong>existimandum</strong></span> <span class='ocrx_word' id='word_1_325' title='bbox 1630 3290 1731 3333; x_wconf 88' lang='lat' dir='ltr'><strong>est.</strong></span> <span class='ocrx_word' id='word_1_326' title='bbox 1767 3281 2127 3346; x_wconf 86' lang='lat' dir='ltr'><strong>Quamobrem</strong></span> <span class='ocrx_word' id='word_1_327' title='bbox 2152 3295 2205 3337; x_wconf 90' lang='lat' dir='ltr'><strong>et</strong></span> <span class='ocrx_word' id='word_1_328' title='bbox 2233 3285 2363 3340; x_wconf 86' lang='lat' dir='ltr'><strong>istos</strong></span> <span class='ocrx_word' id='word_1_329' title='bbox 2391 3268 2434 3322; x_wconf 76' lang='lat' dir='ltr'><strong><em>C</em></strong></span> 
     </span>
    </p>
   </div>
   <div class='ocr_carea' id='block_1_51' title="bbox 804 3371 2363 3440">
    <p class='ocr_par' dir='ltr' id='par_1_51' title="bbox 804 3371 2363 3440">
     <span class='ocr_line' id='line_1_51' title="bbox 804 3371 2363 3440; baseline 0.006 -19"><span class='ocrx_word' id='word_1_330' title='bbox 804 3371 1092 3422; x_wconf 81' lang='lat' dir='ltr'><strong>movendos</strong></span> <span class='ocrx_word' id='word_1_331' title='bbox 1151 3386 1268 3423; x_wconf 48' lang='lat' dir='ltr'><strong>esse</strong></span> <span class='ocrx_word' id='word_1_332' title='bbox 1319 3372 1599 3438; x_wconf 86' lang='lat' dir='ltr'><strong>dignitate,</strong></span> <span class='ocrx_word' id='word_1_333' title='bbox 1628 3372 1710 3425; x_wconf 89' lang='lat' dir='ltr'><strong>vel</strong></span> <span class='ocrx_word' id='word_1_334' title='bbox 1766 3372 1963 3440; x_wconf 85' lang='lat' dir='ltr'><strong>gradu.</strong></span> <span class='ocrx_word' id='word_1_335' title='bbox 2026 3374 2168 3428; x_wconf 88' lang='lat' dir='ltr'><strong>Idem</strong></span> <span class='ocrx_word' id='word_1_336' title='bbox 2208 3389 2260 3429; x_wconf 92' lang='lat' dir='ltr'><strong>et</strong></span> <span class='ocrx_word' id='word_1_337' title='bbox 2297 3379 2363 3431; x_wconf 91' lang='lat' dir='ltr'><strong>de</strong></span> 
     </span>
    </p>
   </div>
   <div class='ocr_carea' id='block_1_52' title="bbox 804 3462 2360 3539">
    <p class='ocr_par' dir='ltr' id='par_1_52' title="bbox 804 3462 2360 3539">
     <span class='ocr_line' id='line_1_52' title="bbox 804 3462 2360 3539; baseline 0.01 -31"><span class='ocrx_word' id='word_1_338' title='bbox 804 3462 1068 3526; x_wconf 78' lang='lat' dir='ltr'><strong>promotis</strong></span> <span class='ocrx_word' id='word_1_339' title='bbox 1098 3462 1336 3515; x_wconf 85' lang='lat' dir='ltr'><strong>decernit</strong></span> <span class='ocrx_word' id='word_1_340' title='bbox 1369 3464 1454 3515; x_wconf 91' lang='lat' dir='ltr'><strong>hic</strong></span> <span class='ocrx_word' id='word_1_341' title='bbox 1506 3480 1742 3531; x_wconf 72' lang='lat' dir='ltr'><strong>przesens</strong></span> <span class='ocrx_word' id='word_1_342' title='bbox 1770 3480 1942 3519; x_wconf 91' lang='lat' dir='ltr'><strong>canon</strong></span> <span class='ocrx_word' id='word_1_343' title='bbox 1978 3484 1990 3519; x_wconf 96' lang='lat'>:</span> <span class='ocrx_word' id='word_1_344' title='bbox 2048 3477 2101 3520; x_wconf 90' lang='lat' dir='ltr'><strong>et</strong></span> <span class='ocrx_word' id='word_1_345' title='bbox 2127 3484 2241 3533; x_wconf 88' lang='lat' dir='ltr'><strong>eos,</strong></span> <span class='ocrx_word' id='word_1_346' title='bbox 2269 3471 2360 3539; x_wconf 91' lang='lat' dir='ltr'><strong>qui</strong></span> 
     </span>
    </p>
   </div>
   <div class='ocr_carea' id='block_1_53' title="bbox 802 3555 2364 3629">
    <p class='ocr_par' dir='ltr' id='par_1_53' title="bbox 802 3555 2364 3629">
     <span class='ocr_line' id='line_1_53' title="bbox 802 3555 2364 3629; baseline 0.006 -24"><span class='ocrx_word' id='word_1_347' title='bbox 802 3555 1200 3606; x_wconf 85' lang='lat' dir='ltr'><strong>intercessores</strong></span> <span class='ocrx_word' id='word_1_348' title='bbox 1232 3566 1354 3606; x_wconf 91' lang='lat' dir='ltr'><strong>sunt</strong></span> <span class='ocrx_word' id='word_1_349' title='bbox 1387 3555 1439 3606; x_wconf 90' lang='lat' dir='ltr'><strong>in</strong></span> <span class='ocrx_word' id='word_1_350' title='bbox 1471 3555 1773 3609; x_wconf 85' lang='lat' dir='ltr'><strong>istiusmodi</strong></span> <span class='ocrx_word' id='word_1_351' title='bbox 1813 3559 2044 3627; x_wconf 85' lang='lat' dir='ltr'><strong>negotiis</strong></span> <span class='ocrx_word' id='word_1_352' title='bbox 2075 3575 2364 3629; x_wconf 74' lang='lat' dir='ltr'><strong>Operamve</strong></span> 
     </span>
    </p>
   </div>
   <div class='ocr_carea' id='block_1_54' title="bbox 806 3643 2364 3713">
    <p class='ocr_par' dir='ltr' id='par_1_54' title="bbox 806 3643 2364 3713">
     <span class='ocr_line' id='line_1_54' title="bbox 806 3643 2364 3713; baseline 0.008 -20"><span class='ocrx_word' id='word_1_353' title='bbox 806 3656 957 3693; x_wconf 75' lang='lat' dir='ltr'><strong>Sttttttt</strong></span> <span class='ocrx_word' id='word_1_354' title='bbox 991 3644 1042 3694; x_wconf 92' lang='lat' dir='ltr'><strong>in</strong></span> <span class='ocrx_word' id='word_1_355' title='bbox 1077 3643 1160 3696; x_wconf 91' lang='lat' dir='ltr'><strong>his</strong></span> <span class='ocrx_word' id='word_1_356' title='bbox 1191 3645 1439 3696; x_wconf 87' lang='lat' dir='ltr'><strong>ordinum</strong></span> <span class='ocrx_word' id='word_1_357' title='bbox 1495 3647 1962 3713; x_wconf 87' lang='lat' dir='ltr'><strong>promotionumve</strong></span> <span class='ocrx_word' id='word_1_358' title='bbox 2016 3650 2364 3705; x_wconf 87' lang='lat' dir='ltr'><strong>nundinatio-</strong></span> 
     </span>
    </p>
   </div>
   <div class='ocr_carea' id='block_1_55' title="bbox 804 3735 2362 3810">
    <p class='ocr_par' dir='ltr' id='par_1_55' title="bbox 804 3735 2362 3810">
     <span class='ocr_line' id='line_1_55' title="bbox 804 3735 2362 3810; baseline 0.007 -24"><span class='ocrx_word' id='word_1_359' title='bbox 804 3735 961 3786; x_wconf 88' lang='lat' dir='ltr'><strong>uibns</strong></span> <span class='ocrx_word' id='word_1_360' title='bbox 995 3737 1411 3799; x_wconf 86' lang='lat' dir='ltr'><strong>commodarint,</strong></span> <span class='ocrx_word' id='word_1_361' title='bbox 1446 3738 1491 3790; x_wconf 91' lang='lat' dir='ltr'><strong>si</strong></span> <span class='ocrx_word' id='word_1_362' title='bbox 1526 3738 1708 3791; x_wconf 90' lang='lat' dir='ltr'><strong>clerici</strong></span> <span class='ocrx_word' id='word_1_363' title='bbox 1751 3740 1881 3805; x_wconf 89' lang='lat' dir='ltr'><strong>sint,</strong></span> <span class='ocrx_word' id='word_1_364' title='bbox 1914 3741 2128 3810; x_wconf 85' lang='lat' dir='ltr'><strong>deponi,</strong></span> <span class='ocrx_word' id='word_1_365' title='bbox 2151 3743 2192 3797; x_wconf 91' lang='lat' dir='ltr'><strong>si</strong></span> <span class='ocrx_word' id='word_1_366' title='bbox 2217 3743 2362 3809; x_wconf 86' lang='lat' dir='ltr'><strong>laici,</strong></span> 
     </span>
    </p>
   </div>
   <div class='ocr_carea' id='block_1_56' title="bbox 803 3827 2364 3898">
    <p class='ocr_par' dir='ltr' id='par_1_56' title="bbox 803 3827 2364 3898">
     <span class='ocr_line' id='line_1_56' title="bbox 803 3827 2364 3898; baseline 0.009 -21"><span class='ocrx_word' id='word_1_367' title='bbox 803 3837 894 3878; x_wconf 90' lang='lat' dir='ltr'><strong>aut</strong></span> <span class='ocrx_word' id='word_1_368' title='bbox 929 3827 1198 3887; x_wconf 86' lang='lat' dir='ltr'><strong>monachi,</strong></span> <span class='ocrx_word' id='word_1_369' title='bbox 1227 3831 1571 3882; x_wconf 87' lang='lat' dir='ltr'><strong>anathemate</strong></span> <span class='ocrx_word' id='word_1_370' title='bbox 1603 3831 1760 3897; x_wconf 87' lang='lat' dir='ltr'><strong>plecti</strong></span> <span class='ocrx_word' id='word_1_371' title='bbox 1786 3831 1959 3898; x_wconf 84' lang='lat' dir='ltr'><strong>jubet.</strong></span> <span class='ocrx_word' id='word_1_372' title='bbox 2008 3835 2078 3886; x_wconf 84' lang='lat' dir='ltr'><strong>At</strong></span> <span class='ocrx_word' id='word_1_373' title='bbox 2108 3836 2364 3891; x_wconf 82' lang='lat' dir='ltr'><strong>vicesimo</strong></span> 
     </span>
    </p>
   </div>
   <div class='ocr_carea' id='block_1_57' title="bbox 805 3919 2362 3990">
    <p class='ocr_par' dir='ltr' id='par_1_57' title="bbox 805 3919 2362 3990">
     <span class='ocr_line' id='line_1_57' title="bbox 805 3919 2362 3990; baseline 0.008 -22"><span class='ocrx_word' id='word_1_374' title='bbox 805 3933 946 3969; x_wconf 85' lang='lat' dir='ltr'><strong>nouo</strong></span> <span class='ocrx_word' id='word_1_375' title='bbox 1007 3919 1367 3985; x_wconf 85' lang='lat' dir='ltr'><strong>apostolorum</strong></span> <span class='ocrx_word' id='word_1_376' title='bbox 1419 3936 1647 3984; x_wconf 88' lang='lat' dir='ltr'><strong>canone,</strong></span> <span class='ocrx_word' id='word_1_377' title='bbox 1702 3923 1793 3990; x_wconf 90' lang='lat' dir='ltr'><strong>qui</strong></span> <span class='ocrx_word' id='word_1_378' title='bbox 1853 3925 2071 3978; x_wconf 91' lang='lat' dir='ltr'><strong>ordines</strong></span> <span class='ocrx_word' id='word_1_379' title='bbox 2106 3929 2362 3982; x_wconf 86' lang='lat' dir='ltr'><strong>emercati</strong></span> 
     </span>
    </p>
   </div>
   <div class='ocr_carea' id='block_1_58' title="bbox 805 4010 2362 4084">
    <p class='ocr_par' dir='ltr' id='par_1_58' title="bbox 805 4010 2362 4084">
     <span class='ocr_line' id='line_1_58' title="bbox 805 4010 2362 4084; baseline 0.008 -23"><span class='ocrx_word' id='word_1_380' title='bbox 805 4010 1024 4071; x_wconf 66' lang='lat' dir='ltr'><strong>inierint,</strong></span> <span class='ocrx_word' id='word_1_381' title='bbox 1048 4021 1101 4062; x_wconf 89' lang='lat' dir='ltr'><strong>et</strong></span> <span class='ocrx_word' id='word_1_382' title='bbox 1153 4013 1489 4078; x_wconf 88' lang='lat' dir='ltr'><strong>depositione</strong></span> <span class='ocrx_word' id='word_1_383' title='bbox 1527 4014 1766 4077; x_wconf 76' lang='lat' dir='ltr'><strong>manari,</strong></span> <span class='ocrx_word' id='word_1_384' title='bbox 1797 4023 1874 4077; x_wconf 86' lang='lat' dir='ltr'><strong>et,</strong></span> <span class='ocrx_word' id='word_1_385' title='bbox 1909 4017 2362 4084; x_wconf 87' lang='lat' dir='ltr'><strong>quemadmodum</strong></span> 
     </span>
    </p>
   </div>
   <div class='ocr_carea' id='block_1_59' title="bbox 803 4099 2362 4170">
    <p class='ocr_par' dir='ltr' id='par_1_59' title="bbox 803 4099 2362 4170">
     <span class='ocr_line' id='line_1_59' title="bbox 803 4099 2362 4170; baseline 0.008 -20"><span class='ocrx_word' id='word_1_386' title='bbox 803 4099 1009 4152; x_wconf 87' lang='lat' dir='ltr'><strong>Simoni</strong></span> <span class='ocrx_word' id='word_1_387' title='bbox 1037 4100 1107 4152; x_wconf 91' lang='lat' dir='ltr'><strong>illi</strong></span> <span class='ocrx_word' id='word_1_388' title='bbox 1153 4101 1306 4170; x_wconf 82' lang='lat' dir='ltr'><strong>Mago</strong></span> <span class='ocrx_word' id='word_1_389' title='bbox 1352 4102 1550 4155; x_wconf 86' lang='lat' dir='ltr'><strong>factum</strong></span> <span class='ocrx_word' id='word_1_390' title='bbox 1587 4113 1692 4170; x_wconf 89' lang='lat' dir='ltr'><strong>est,</strong></span> <span class='ocrx_word' id='word_1_391' title='bbox 1735 4109 2108 4161; x_wconf 87' lang='lat' dir='ltr'><strong>communione</strong></span> <span class='ocrx_word' id='word_1_392' title='bbox 2164 4112 2362 4163; x_wconf 88' lang='lat' dir='ltr'><strong>moveri</strong></span> 
     </span>
    </p>
   </div>
   <div class='ocr_carea' id='block_1_60' title="bbox 812 4190 2364 4262">
    <p class='ocr_par' dir='ltr' id='par_1_60' title="bbox 812 4190 2364 4262">
     <span class='ocr_line' id='line_1_60' title="bbox 812 4190 2364 4262; baseline 0.01 -25"><span class='ocrx_word' id='word_1_393' title='bbox 812 4190 1218 4257; x_wconf 57' lang='lat' dir='ltr'><strong>praet-ipiuntur.</strong></span> <span class='ocrx_word' id='word_1_394' title='bbox 1255 4195 1380 4256; x_wconf 74' lang='lat' dir='ltr'><strong>Qua:</strong></span> <span class='ocrx_word' id='word_1_395' title='bbox 1403 4195 1619 4262; x_wconf 89' lang='lat' dir='ltr'><strong>quidem</strong></span> <span class='ocrx_word' id='word_1_396' title='bbox 1670 4198 1978 4250; x_wconf 91' lang='lat' dir='ltr'><strong>communio</strong></span> <span class='ocrx_word' id='word_1_397' title='bbox 2019 4213 2126 4251; x_wconf 91' lang='lat' dir='ltr'><strong>non</strong></span> <span class='ocrx_word' id='word_1_398' title='bbox 2155 4199 2222 4253; x_wconf 91' lang='lat' dir='ltr'><strong>de</strong></span> <span class='ocrx_word' id='word_1_399' title='bbox 2253 4201 2364 4253; x_wconf 85' lang='lat' dir='ltr'><strong>sola</strong></span> 
     </span>
    </p>
   </div>
   <div class='ocr_carea' id='block_1_61' title="bbox 805 4285 2365 4353">
    <p class='ocr_par' dir='ltr' id='par_1_61' title="bbox 805 4285 2365 4353">
     <span class='ocr_line' id='line_1_61' title="bbox 805 4285 2365 4353; baseline 0.007 -19"><span class='ocrx_word' id='word_1_400' title='bbox 805 4298 1082 4334; x_wconf 85' lang='lat' dir='ltr'><strong>sacrorum</strong></span> <span class='ocrx_word' id='word_1_401' title='bbox 1113 4285 1488 4352; x_wconf 77' lang='lat' dir='ltr'><strong>mysteriorum</strong></span> <span class='ocrx_word' id='word_1_402' title='bbox 1521 4288 1882 4353; x_wconf 87' lang='lat' dir='ltr'><strong>perceptione,</strong></span> <span class='ocrx_word' id='word_1_403' title='bbox 1921 4291 2016 4343; x_wconf 86' lang='lat' dir='ltr'><strong>sed</strong></span> <span class='ocrx_word' id='word_1_404' title='bbox 2059 4292 2124 4344; x_wconf 89' lang='lat' dir='ltr'><strong>de</strong></span> <span class='ocrx_word' id='word_1_405' title='bbox 2159 4291 2365 4346; x_wconf 91' lang='lat' dir='ltr'><strong>illorum</strong></span> 
     </span>
    </p>
   </div>
   <div class='ocr_carea' id='block_1_62' title="bbox 803 4378 2366 4449">
    <p class='ocr_par' dir='ltr' id='par_1_62' title="bbox 803 4378 2366 4449">
     <span class='ocr_line' id='line_1_62' title="bbox 803 4378 2366 4449; baseline 0.008 -23"><span class='ocrx_word' id='word_1_406' title='bbox 803 4391 1018 4441; x_wconf 86' lang='lat' dir='ltr'><strong>quoque</strong></span> <span class='ocrx_word' id='word_1_407' title='bbox 1048 4378 1437 4429; x_wconf 89' lang='lat' dir='ltr'><strong>consuetudine</strong></span> <span class='ocrx_word' id='word_1_408' title='bbox 1485 4390 1536 4430; x_wconf 88' lang='lat' dir='ltr'><strong>et</strong></span> <span class='ocrx_word' id='word_1_409' title='bbox 1595 4378 1888 4449; x_wconf 69' lang='lat' dir='ltr'><strong>congressu</strong></span> <span class='ocrx_word' id='word_1_410' title='bbox 1944 4397 2066 4436; x_wconf 89' lang='lat' dir='ltr'><strong>cum</strong></span> <span class='ocrx_word' id='word_1_411' title='bbox 2122 4384 2366 4440; x_wconf 81' lang='lat' dir='ltr'><strong>fidelibus</strong></span> 
     </span>
    </p>
   </div>
   <div class='ocr_carea' id='block_1_63' title="bbox 806 4468 2366 4548">
    <p class='ocr_par' dir='ltr' id='par_1_63' title="bbox 806 4468 2366 4548">
     <span class='ocr_line' id='line_1_63' title="bbox 806 4468 2366 4548; baseline 0.01 -31"><span class='ocrx_word' id='word_1_412' title='bbox 806 4468 972 4535; x_wconf 82' lang='lat' dir='ltr'><strong>accipi</strong></span> <span class='ocrx_word' id='word_1_413' title='bbox 1022 4469 1200 4520; x_wconf 90' lang='lat' dir='ltr'><strong>debet.</strong></span> <span class='ocrx_word' id='word_1_414' title='bbox 1253 4471 1438 4522; x_wconf 83' lang='lat' dir='ltr'><strong>Simon</strong></span> <span class='ocrx_word' id='word_1_415' title='bbox 1466 4474 1606 4524; x_wconf 90' lang='lat' dir='ltr'><strong>enim</strong></span> <span class='ocrx_word' id='word_1_416' title='bbox 1633 4488 1754 4525; x_wconf 90' lang='lat' dir='ltr'><strong>eum</strong></span> <span class='ocrx_word' id='word_1_417' title='bbox 1798 4474 1980 4528; x_wconf 86' lang='lat' dir='ltr'><strong>oblata</strong></span> <span class='ocrx_word' id='word_1_418' title='bbox 2022 4479 2245 4544; x_wconf 86' lang='lat' dir='ltr'><strong>pecunia</strong></span> <span class='ocrx_word' id='word_1_419' title='bbox 2273 4495 2366 4548; x_wconf 89' lang='lat' dir='ltr'><strong>pro</strong></span> 
     </span>
    </p>
   </div>
   <div class='ocr_carea' id='block_1_64' title="bbox 807 4558 2366 4638">
    <p class='ocr_par' dir='ltr' id='par_1_64' title="bbox 807 4558 2366 4638">
     <span class='ocr_line' id='line_1_64' title="bbox 807 4558 2366 4638; baseline 0.011 -31"><span class='ocrx_word' id='word_1_420' title='bbox 807 4574 868 4609; x_wconf 85' lang='lat' dir='ltr'><strong>ea</strong></span> <span class='ocrx_word' id='word_1_421' title='bbox 932 4558 1032 4610; x_wconf 88' lang='lat' dir='ltr'><strong>sibi</strong></span> <span class='ocrx_word' id='word_1_422' title='bbox 1075 4561 1312 4613; x_wconf 89' lang='lat' dir='ltr'><strong>vicissim</strong></span> <span class='ocrx_word' id='word_1_423' title='bbox 1363 4562 1531 4615; x_wconf 90' lang='lat' dir='ltr'><strong>sancti</strong></span> <span class='ocrx_word' id='word_1_424' title='bbox 1589 4561 1826 4630; x_wconf 88' lang='lat' dir='ltr'><strong>Spiritus</strong></span> <span class='ocrx_word' id='word_1_425' title='bbox 1865 4568 2094 4633; x_wconf 78' lang='lat' dir='ltr'><strong>gratiam</strong></span> <span class='ocrx_word' id='word_1_426' title='bbox 2142 4569 2366 4638; x_wconf 88' lang='lat' dir='ltr'><strong>rependi</strong></span> 
     </span>
    </p>
   </div>
   <div class='ocr_carea' id='block_1_65' title="bbox 807 4653 3868 4739">
    <p class='ocr_par' dir='ltr' id='par_1_65' title="bbox 807 4653 3868 4739">
     <span class='ocr_line' id='line_1_65' title="bbox 807 4653 3868 4739; baseline 0.005 -36"><span class='ocrx_word' id='word_1_427' title='bbox 807 4653 1150 4722; x_wconf 82' lang='lat' dir='ltr'><strong>postulasset,</strong></span> <span class='ocrx_word' id='word_1_428' title='bbox 1209 4670 1272 4708; x_wconf 79' lang='lat' dir='ltr'><strong>ex</strong></span> <span class='ocrx_word' id='word_1_429' title='bbox 1327 4657 1574 4710; x_wconf 79' lang='lat' dir='ltr'><strong>universo</strong></span> <span class='ocrx_word' id='word_1_430' title='bbox 1631 4658 1867 4712; x_wconf 88' lang='lat' dir='ltr'><strong>lidelium</strong></span> <span class='ocrx_word' id='word_1_431' title='bbox 1947 4671 2094 4716; x_wconf 70' lang='lat' dir='ltr'><strong>cmtu</strong></span> <span class='ocrx_word' id='word_1_432' title='bbox 2147 4678 2177 4716; x_wconf 88' lang='lat' dir='ltr'><strong>a</strong></span> <span class='ocrx_word' id='word_1_433' title='bbox 2249 4663 2409 4721; x_wconf 85' lang='lat' dir='ltr'><strong>Petro</strong></span> <span class='ocrx_word' id='word_1_434' title='bbox 2464 4671 2853 4724; x_wconf 75' lang='lat' dir='ltr'><strong>exterminatus</strong></span> <span class='ocrx_word' id='word_1_435' title='bbox 2908 4669 3029 4725; x_wconf 86' lang='lat' dir='ltr'><strong>fuit.</strong></span> <span class='ocrx_word' id='word_1_436' title='bbox 3089 4668 3270 4739; x_wconf 64' lang='lat' dir='ltr'><strong>hcque</strong></span> <span class='ocrx_word' id='word_1_437' title='bbox 3329 4684 3458 4724; x_wconf 88' lang='lat' dir='ltr'><strong>vero</strong></span> <span class='ocrx_word' id='word_1_438' title='bbox 3514 4683 3607 4723; x_wconf 86' lang='lat' dir='ltr'><strong>eos</strong></span> <span class='ocrx_word' id='word_1_439' title='bbox 3659 4674 3868 4719; x_wconf 88' lang='lat' dir='ltr'><strong>tantum</strong></span> 
     </span>
    </p>
   </div>
   <div class='ocr_carea' id='block_1_66' title="bbox 2463 2000 4045 2073">
    <p class='ocr_par' dir='ltr' id='par_1_66' title="bbox 2463 2000 4045 2073">
     <span class='ocr_line' id='line_1_66' title="bbox 2463 2000 4045 2073; baseline -0.003 -18"><span class='ocrx_word' id='word_1_440' title='bbox 2463 2003 2807 2073; x_wconf 80' lang='grc' dir='ltr'><strong>’Καρθαγένῃ</strong></span> <span class='ocrx_word' id='word_1_441' title='bbox 2836 2003 3078 2068; x_wconf 84' lang='grc' dir='ltr'><strong>συνόδου,</strong></span> <span class='ocrx_word' id='word_1_442' title='bbox 3113 2003 3367 2069; x_wconf 80' lang='grc' dir='ltr'>λέγοντος</span> <span class='ocrx_word' id='word_1_443' title='bbox 3399 2002 3476 2072; x_wconf 77' lang='grc' dir='ltr'>μὴ</span> <span class='ocrx_word' id='word_1_444' title='bbox 3501 2003 3610 2055; x_wconf 83' lang='grc' dir='ltr'>δεῖν</span> <span class='ocrx_word' id='word_1_445' title='bbox 3641 2002 3975 2064; x_wconf 82' lang='grc' dir='ltr'>ἐπίσκοπον,</span> <span class='ocrx_word' id='word_1_446' title='bbox 4013 2000 4045 2068; x_wconf 73' lang='grc' dir='ltr'><strong>ἢ</strong></span> 
     </span>
    </p>
   </div>
   <div class='ocr_carea' id='block_1_67' title="bbox 2473 2092 4043 2167">
    <p class='ocr_par' dir='ltr' id='par_1_67' title="bbox 2473 2092 4043 2167">
     <span class='ocr_line' id='line_1_67' title="bbox 2473 2092 4043 2167; baseline -0.003 -20"><span class='ocrx_word' id='word_1_447' title='bbox 2473 2096 2867 2166; x_wconf 75' lang='grc' dir='ltr'>πρεσϐύτερον,</span> <span class='ocrx_word' id='word_1_448' title='bbox 2919 2096 2952 2167; x_wconf 83' lang='grc' dir='ltr'><strong>ἧ</strong></span> <span class='ocrx_word' id='word_1_449' title='bbox 3007 2096 3252 2149; x_wconf 78' lang='grc' dir='ltr'>διάκονον</span> <span class='ocrx_word' id='word_1_450' title='bbox 3301 2095 3642 2164; x_wconf 82' lang='grc' dir='ltr'>ὲκλήπτορας</span> <span class='ocrx_word' id='word_1_451' title='bbox 3696 2093 3953 2161; x_wconf 80' lang='grc' dir='ltr'>γίνεσθαι</span> <span class='ocrx_word' id='word_1_452' title='bbox 4010 2092 4043 2158; x_wconf 76' lang='grc' dir='ltr'><strong>ἢ</strong></span> 
     </span>
    </p>
   </div>
   <div class='ocr_carea' id='block_1_68' title="bbox 2472 2186 4045 2260">
    <p class='ocr_par' dir='ltr' id='par_1_68' title="bbox 2472 2186 4045 2260">
     <span class='ocr_line' id='line_1_68' title="bbox 2472 2186 4045 2260; baseline -0.003 -20"><span class='ocrx_word' id='word_1_453' title='bbox 2472 2190 2955 2260; x_wconf 79' lang='grc' dir='ltr'>προκουρὰτωρας,</span> <span class='ocrx_word' id='word_1_454' title='bbox 3020 2189 3156 2260; x_wconf 85' lang='grc' dir='ltr'>μηδὲ</span> <span class='ocrx_word' id='word_1_455' title='bbox 3207 2188 3271 2242; x_wconf 81' lang='grc' dir='ltr'>ἐκ</span> <span class='ocrx_word' id='word_1_456' title='bbox 3300 2204 3443 2250; x_wconf 77' lang='grc' dir='ltr'>τινος</span> <span class='ocrx_word' id='word_1_457' title='bbox 3477 2186 3705 2257; x_wconf 72' lang='grc' dir='ltr'>αἰσχροῦ</span> <span class='ocrx_word' id='word_1_458' title='bbox 3769 2186 3801 2254; x_wconf 84' lang='grc' dir='ltr'><strong>ἣ</strong></span> <span class='ocrx_word' id='word_1_459' title='bbox 3838 2186 4045 2254; x_wconf 78' lang='grc' dir='ltr'>ἀτίμου</span> 
     </span>
    </p>
   </div>
   <div class='ocr_carea' id='block_1_69' title="bbox 2472 2277 4044 2352">
    <p class='ocr_par' dir='ltr' id='par_1_69' title="bbox 2472 2277 4044 2352">
     <span class='ocr_line' id='line_1_69' title="bbox 2472 2277 4044 2352; baseline -0.002 -20"><span class='ocrx_word' id='word_1_460' title='bbox 2472 2284 2798 2352; x_wconf 73' lang='grc' dir='ltr'>πράγματος</span> <span class='ocrx_word' id='word_1_461' title='bbox 2822 2283 3028 2352; x_wconf 82' lang='grc' dir='ltr'>τροφὴν</span> <span class='ocrx_word' id='word_1_462' title='bbox 3065 2282 3407 2352; x_wconf 77' lang='grc' dir='ltr'>πορίζεσθαι,</span> <span class='ocrx_word' id='word_1_463' title='bbox 3442 2282 3537 2333; x_wconf 73' lang='grc' dir='ltr'><strong>καὶ</strong></span> <span class='ocrx_word' id='word_1_464' title='bbox 3569 2281 3708 2333; x_wconf 85' lang='grc' dir='ltr'><strong>κατὰ</strong></span> <span class='ocrx_word' id='word_1_465' title='bbox 3737 2279 3829 2331; x_wconf 77' lang='grc' dir='ltr'>τὸν</span> <span class='ocrx_word' id='word_1_466' title='bbox 3867 2277 4044 2347; x_wconf 80' lang='grc' dir='ltr'>μέγαν</span> 
     </span>
    </p>
   </div>
   <div class='ocr_carea' id='block_1_70' title="bbox 2471 2371 4042 2454">
    <p class='ocr_par' dir='ltr' id='par_1_70' title="bbox 2471 2371 4042 2454">
     <span class='ocr_line' id='line_1_70' title="bbox 2471 2371 4042 2454; baseline -0.004 -28"><span class='ocrx_word' id='word_1_467' title='bbox 2471 2373 2802 2454; x_wconf 53' lang='grc' dir='ltr'>Ἀπόστολον</span> <span class='ocrx_word' id='word_1_468' title='bbox 2831 2375 3111 2442; x_wconf 81' lang='grc' dir='ltr'>φάσκοντα</span> <span class='ocrx_word' id='word_1_469' title='bbox 3129 2391 3144 2404; x_wconf 79' lang='grc'><em>’</em></span> <span class='ocrx_word' id='word_1_470' title='bbox 3192 2373 3392 2437; x_wconf 74' lang='grc' dir='ltr'>Οὐδείς</span> <span class='ocrx_word' id='word_1_471' title='bbox 3432 2373 3914 2440; x_wconf 76' lang='grc' dir='ltr'>στρατευόμενος</span> <span class='ocrx_word' id='word_1_472' title='bbox 3942 2371 4042 2434; x_wconf 83' lang='grc' dir='ltr'><strong>ἑμ-</strong></span> 
     </span>
    </p>
   </div>
   <div class='ocr_carea' id='block_1_71' title="bbox 2471 2459 4044 2534">
    <p class='ocr_par' dir='ltr' id='par_1_71' title="bbox 2471 2459 4044 2534">
     <span class='ocr_line' id='line_1_71' title="bbox 2471 2459 4044 2534; baseline -0.004 -16"><span class='ocrx_word' id='word_1_473' title='bbox 2471 2465 2750 2519; x_wconf 74' lang='grc' dir='ltr'>πλέκεται</span> <span class='ocrx_word' id='word_1_474' title='bbox 2797 2466 2928 2530; x_wconf 82' lang='grc' dir='ltr'>ταῖς</span> <span class='ocrx_word' id='word_1_475' title='bbox 2977 2464 3082 2519; x_wconf 87' lang='grc' dir='ltr'>τοῦ</span> <span class='ocrx_word' id='word_1_476' title='bbox 3127 2466 3274 2530; x_wconf 78' lang='grc' dir='ltr'>βίου</span> <span class='ocrx_word' id='word_1_477' title='bbox 3322 2469 3766 2534; x_wconf 75' lang='grc' dir='ltr'>πραγματείαις.</span> <span class='ocrx_word' id='word_1_478' title='bbox 3806 2463 3914 2514; x_wconf 81' lang='lat' dir='ltr'><strong>Zra</strong></span> <span class='ocrx_word' id='word_1_479' title='bbox 3963 2459 4044 2524; x_wconf 82' lang='grc' dir='ltr'>τῷ</span> 
     </span>
    </p>
   </div>
   <div class='ocr_carea' id='block_1_72' title="bbox 2470 2556 4046 2627">
    <p class='ocr_par' dir='ltr' id='par_1_72' title="bbox 2470 2556 4046 2627">
     <span class='ocr_line' id='line_1_72' title="bbox 2470 2556 4046 2627; baseline -0.004 -15"><span class='ocrx_word' id='word_1_480' title='bbox 2470 2559 3022 2627; x_wconf 74' lang='grc' dir='ltr'>στρατολογήσαντι</span> <span class='ocrx_word' id='word_1_481' title='bbox 3046 2561 3258 2627; x_wconf 78' lang='grc' dir='ltr'>ἀρέσῃ,</span> <span class='ocrx_word' id='word_1_482' title='bbox 3285 2559 3380 2611; x_wconf 77' lang='grc' dir='ltr'>καὶ</span> <span class='ocrx_word' id='word_1_483' title='bbox 3412 2559 3552 2611; x_wconf 86' lang='grc' dir='ltr'><strong>κατὰ</strong></span> <span class='ocrx_word' id='word_1_484' title='bbox 3570 2557 3692 2618; x_wconf 80' lang='grc' dir='ltr'>τοὺς</span> <span class='ocrx_word' id='word_1_485' title='bbox 3725 2556 4046 2615; x_wconf 77' lang='grc' dir='ltr'>πολιτικοὺς</span> 
     </span>
    </p>
   </div>
   <div class='ocr_carea' id='block_1_73' title="bbox 2471 2651 4043 2723">
    <p class='ocr_par' dir='ltr' id='par_1_73' title="bbox 2471 2651 4043 2723">
     <span class='ocr_line' id='line_1_73' title="bbox 2471 2651 4043 2723; baseline -0.005 -19"><span class='ocrx_word' id='word_1_486' title='bbox 2471 2653 2670 2722; x_wconf 86' lang='grc' dir='ltr'>νόμους</span> <span class='ocrx_word' id='word_1_487' title='bbox 2690 2669 2706 2685; x_wconf 80' lang='grc' dir='ltr'><strong>ο</strong></span> <span class='ocrx_word' id='word_1_488' title='bbox 2740 2653 2923 2722; x_wconf 83' lang='grc' dir='ltr'>πολλῷ</span> <span class='ocrx_word' id='word_1_489' title='bbox 2951 2653 3149 2723; x_wconf 82' lang='grc' dir='ltr'>μᾶλλον</span> <span class='ocrx_word' id='word_1_490' title='bbox 3181 2654 3254 2723; x_wconf 83' lang='grc' dir='ltr'>μὴ</span> <span class='ocrx_word' id='word_1_491' title='bbox 3284 2655 3352 2706; x_wconf 87' lang='grc' dir='ltr'><strong>τὰ</strong></span> <span class='ocrx_word' id='word_1_492' title='bbox 3382 2651 3602 2705; x_wconf 79' lang='grc' dir='ltr'>τοιαῦτα</span> <span class='ocrx_word' id='word_1_493' title='bbox 3632 2651 4043 2718; x_wconf 59' lang='grc' dir='ltr'>ἐμπορεύεσθαι</span> 
     </span>
    </p>
   </div>
   <div class='ocr_carea' id='block_1_74' title="bbox 2473 2740 4044 2814">
    <p class='ocr_par' dir='ltr' id='par_1_74' title="bbox 2473 2740 4044 2814">
     <span class='ocr_line' id='line_1_74' title="bbox 2473 2740 4044 2814; baseline -0.004 -17"><span class='ocrx_word' id='word_1_494' title='bbox 2473 2745 2883 2814; x_wconf 81' lang='grc' dir='ltr'>ἀπαγορεύουσί</span> <span class='ocrx_word' id='word_1_495' title='bbox 2915 2762 3092 2806; x_wconf 82' lang='grc' dir='ltr'>τινας,</span> <span class='ocrx_word' id='word_1_496' title='bbox 3128 2746 3222 2798; x_wconf 77' lang='grc' dir='ltr'><strong>καὶ</strong></span> <span class='ocrx_word' id='word_1_497' title='bbox 3271 2744 3428 2797; x_wconf 80' lang='grc' dir='ltr'>ὤνιον</span> <span class='ocrx_word' id='word_1_498' title='bbox 3457 2743 3686 2796; x_wconf 80' lang='grc' dir='ltr'>κτᾶσθαι</span> <span class='ocrx_word' id='word_1_499' title='bbox 3729 2742 3830 2809; x_wconf 79' lang='grc' dir='ltr'>τὴν</span> <span class='ocrx_word' id='word_1_500' title='bbox 3879 2740 4044 2810; x_wconf 80' lang='grc' dir='ltr'><strong>χάριν</strong></span> 
     </span>
    </p>
   </div>
   <div class='ocr_carea' id='block_1_75' title="bbox 2470 2833 4044 2906">
    <p class='ocr_par' dir='ltr' id='par_1_75' title="bbox 2470 2833 4044 2906">
     <span class='ocr_line' id='line_1_75' title="bbox 2470 2833 4044 2906; baseline -0.003 -18"><span class='ocrx_word' id='word_1_501' title='bbox 2470 2835 2564 2888; x_wconf 84' lang='grc' dir='ltr'><strong>τοῦ</strong></span> <span class='ocrx_word' id='word_1_502' title='bbox 2596 2837 2750 2904; x_wconf 81' lang='grc' dir='ltr'>ἁγίου</span> <span class='ocrx_word' id='word_1_503' title='bbox 2781 2837 3116 2906; x_wconf 84' lang='grc' dir='ltr'>Πνεύματος.</span> <span class='ocrx_word' id='word_1_504' title='bbox 3147 2839 3237 2889; x_wconf 82' lang='grc' dir='ltr'><strong>Διὸ</strong></span> <span class='ocrx_word' id='word_1_505' title='bbox 3281 2837 3563 2897; x_wconf 75' lang='grc' dir='ltr'>κάκείνους</span> <span class='ocrx_word' id='word_1_506' title='bbox 3615 2835 3915 2886; x_wconf 73' lang='grc' dir='ltr'>ἐκπίπτειν</span> <span class='ocrx_word' id='word_1_507' title='bbox 3943 2833 4044 2899; x_wconf 79' lang='grc' dir='ltr'>τῆς</span> 
     </span>
    </p>
   </div>
   <div class='ocr_carea' id='block_1_76' title="bbox 2471 2923 4043 2997">
    <p class='ocr_par' dir='ltr' id='par_1_76' title="bbox 2471 2923 4043 2997">
     <span class='ocr_line' id='line_1_76' title="bbox 2471 2923 4043 2997; baseline -0.003 -19"><span class='ocrx_word' id='word_1_508' title='bbox 2471 2927 2627 2992; x_wconf 76' lang='grc' dir='ltr'>ἀξίας</span> <span class='ocrx_word' id='word_1_509' title='bbox 2659 2928 2776 2997; x_wconf 73' lang='grc' dir='ltr'>ἢτοι</span> <span class='ocrx_word' id='word_1_510' title='bbox 2827 2929 2922 2980; x_wconf 79' lang='grc' dir='ltr'><strong>τοῦ</strong></span> <span class='ocrx_word' id='word_1_511' title='bbox 2977 2928 3208 2997; x_wconf 84' lang='grc' dir='ltr'>βαθμοῦ.</span> <span class='ocrx_word' id='word_1_512' title='bbox 3238 2927 3410 2980; x_wconf 83' lang='grc' dir='ltr'>Τοῦτο</span> <span class='ocrx_word' id='word_1_513' title='bbox 3447 2929 3538 2978; x_wconf 73' lang='grc' dir='ltr'>ἐπὶ</span> <span class='ocrx_word' id='word_1_514' title='bbox 3577 2925 3684 2978; x_wconf 82' lang='grc' dir='ltr'>τῶν</span> <span class='ocrx_word' id='word_1_515' title='bbox 3726 2923 4043 2993; x_wconf 78' lang='grc' dir='ltr'>προϐαλλο-</span> 
     </span>
    </p>
   </div>
   <div class='ocr_carea' id='block_1_77' title="bbox 2474 3019 4043 3090">
    <p class='ocr_par' dir='ltr' id='par_1_77' title="bbox 2474 3019 4043 3090">
     <span class='ocr_line' id='line_1_77' title="bbox 2474 3019 4043 3090; baseline -0.003 -18"><span class='ocrx_word' id='word_1_516' title='bbox 2474 3021 2651 3088; x_wconf 82' lang='grc' dir='ltr'><strong>μένων</strong></span> <span class='ocrx_word' id='word_1_517' title='bbox 2679 3021 2707 3070; x_wconf 84' lang='lat'>6</span> <span class='ocrx_word' id='word_1_518' title='bbox 2739 3019 2930 3090; x_wconf 86' lang='grc' dir='ltr'>παρὼν</span> <span class='ocrx_word' id='word_1_519' title='bbox 2954 3021 3133 3073; x_wconf 86' lang='grc' dir='ltr'>κανὼν</span> <span class='ocrx_word' id='word_1_520' title='bbox 3161 3020 3524 3082; x_wconf 80' lang='grc' dir='ltr'>διατάττεται,</span> <span class='ocrx_word' id='word_1_521' title='bbox 3554 3019 3648 3072; x_wconf 65' lang='grc' dir='ltr'><strong>καὶ⁷</strong></span> <span class='ocrx_word' id='word_1_522' title='bbox 3681 3020 3809 3078; x_wconf 73' lang='grc' dir='ltr'>τοὺς</span> <span class='ocrx_word' id='word_1_523' title='bbox 3841 3019 4043 3086; x_wconf 79' lang='grc' dir='ltr'>μέσους</span> 
     </span>
    </p>
   </div>
   <div class='ocr_carea' id='block_1_78' title="bbox 2469 3103 4040 3177">
    <p class='ocr_par' dir='ltr' id='par_1_78' title="bbox 2469 3103 4040 3177">
     <span class='ocr_line' id='line_1_78' title="bbox 2469 3103 4040 3177; baseline -0.006 -16"><span class='ocrx_word' id='word_1_524' title='bbox 2469 3109 2524 3162; x_wconf 86' lang='grc' dir='ltr'><strong>δὲ</strong></span> <span class='ocrx_word' id='word_1_525' title='bbox 2545 3109 2860 3177; x_wconf 79' lang='grc' dir='ltr'>γινομένους</span> <span class='ocrx_word' id='word_1_526' title='bbox 2881 3110 2940 3161; x_wconf 84' lang='grc' dir='ltr'><strong>ὲν</strong></span> <span class='ocrx_word' id='word_1_527' title='bbox 2960 3111 3069 3171; x_wconf 85' lang='grc' dir='ltr'>τοῖς</span> <span class='ocrx_word' id='word_1_528' title='bbox 3093 3108 3375 3170; x_wconf 73' lang='grc' dir='ltr'>τοιούτοις,</span> <span class='ocrx_word' id='word_1_529' title='bbox 3404 3110 3494 3159; x_wconf 74' lang='grc' dir='ltr'><strong>καὶ</strong></span> <span class='ocrx_word' id='word_1_530' title='bbox 3523 3105 3757 3174; x_wconf 80' lang='grc' dir='ltr'>σπουδὴν</span> <span class='ocrx_word' id='word_1_531' title='bbox 3783 3103 4040 3169; x_wconf 54' lang='grc' dir='ltr'>τμάγεν-</span> 
     </span>
    </p>
   </div>
   <div class='ocr_carea' id='block_1_79' title="bbox 2470 3193 4040 3271">
    <p class='ocr_par' dir='ltr' id='par_1_79' title="bbox 2470 3193 4040 3271">
     <span class='ocr_line' id='line_1_79' title="bbox 2470 3193 4040 3271; baseline -0.006 -19"><span class='ocrx_word' id='word_1_532' title='bbox 2470 3217 2568 3262; x_wconf 84' lang='grc' dir='ltr'><strong>τας</strong></span> <span class='ocrx_word' id='word_1_533' title='bbox 2643 3200 2781 3252; x_wconf 80' lang='grc' dir='ltr'>ὥστε</span> <span class='ocrx_word' id='word_1_534' title='bbox 2846 3204 2996 3262; x_wconf 73' lang='grc' dir='ltr'>τινας</span> <span class='ocrx_word' id='word_1_535' title='bbox 3027 3203 3120 3252; x_wconf 73' lang='grc' dir='ltr'><strong>ἐπὶ</strong></span> <span class='ocrx_word' id='word_1_536' title='bbox 3169 3202 3416 3271; x_wconf 78' lang='grc' dir='ltr'>χρήμασι</span> <span class='ocrx_word' id='word_1_537' title='bbox 3474 3196 3953 3268; x_wconf 66' lang='grc' dir='ltr'>χειροτυνηθῆναι,</span> <span class='ocrx_word' id='word_1_538' title='bbox 4006 3193 4040 3261; x_wconf 85' lang='grc' dir='ltr'>ἦ</span> 
     </span>
    </p>
   </div>
   <div class='ocr_carea' id='block_1_80' title="bbox 2469 3287 4038 3364">
    <p class='ocr_par' dir='ltr' id='par_1_80' title="bbox 2469 3287 4038 3364">
     <span class='ocr_line' id='line_1_80' title="bbox 2469 3287 4038 3364; baseline -0.005 -18"><span class='ocrx_word' id='word_1_539' title='bbox 2469 3294 2837 3364; x_wconf 65' lang='grc' dir='ltr'>προῦληηῆναι</span> <span class='ocrx_word' id='word_1_540' title='bbox 2865 3309 2878 3323; x_wconf 78' lang='grc'><em>’</em></span> <span class='ocrx_word' id='word_1_541' title='bbox 2927 3295 3212 3356; x_wconf 70' lang='grc' dir='ltr'>κάκείνους</span> <span class='ocrx_word' id='word_1_542' title='bbox 3243 3293 3536 3364; x_wconf 57' lang='grc' dir='ltr'>κληρικους</span> <span class='ocrx_word' id='word_1_543' title='bbox 3574 3292 3674 3359; x_wconf 85' lang='grc' dir='ltr'><strong>μὲν</strong></span> <span class='ocrx_word' id='word_1_544' title='bbox 3702 3291 3868 3351; x_wconf 74' lang='grc' dir='ltr'>ὂντας</span> <span class='ocrx_word' id='word_1_545' title='bbox 3905 3287 4038 3339; x_wconf 73' lang='grc' dir='ltr'>καθ-</span> 
     </span>
    </p>
   </div>
   <div class='ocr_carea' id='block_1_81' title="bbox 2468 3382 4040 3454">
    <p class='ocr_par' dir='ltr' id='par_1_81' title="bbox 2468 3382 4040 3454">
     <span class='ocr_line' id='line_1_81' title="bbox 2468 3382 4040 3454; baseline -0.005 -17"><span class='ocrx_word' id='word_1_546' title='bbox 2468 3386 2740 3454; x_wconf 73' lang='grc' dir='ltr'>αιρεῖσθαι</span> <span class='ocrx_word' id='word_1_547' title='bbox 2811 3385 3045 3446; x_wconf 79' lang='grc' dir='ltr'>κελεύει,</span> <span class='ocrx_word' id='word_1_548' title='bbox 3081 3384 3304 3447; x_wconf 70' lang='grc' dir='ltr'>λαῖκοὺς</span> <span class='ocrx_word' id='word_1_549' title='bbox 3338 3385 3394 3437; x_wconf 85' lang='grc' dir='ltr'>δὲ</span> <span class='ocrx_word' id='word_1_550' title='bbox 3428 3385 3458 3452; x_wconf 78' lang='grc' dir='ltr'>ἦ</span> <span class='ocrx_word' id='word_1_551' title='bbox 3507 3383 3862 3453; x_wconf 76' lang='grc' dir='ltr'>μονάζοντας,</span> <span class='ocrx_word' id='word_1_552' title='bbox 3909 3382 4040 3431; x_wconf 77' lang='grc' dir='ltr'>ἁνι-</span> 
     </span>
    </p>
   </div>
   <div class='ocr_carea' id='block_1_82' title="bbox 2470 3470 4036 3544">
    <p class='ocr_par' dir='ltr' id='par_1_82' title="bbox 2470 3470 4036 3544">
     <span class='ocr_line' id='line_1_82' title="bbox 2470 3470 4036 3544; baseline -0.005 -17"><span class='ocrx_word' id='word_1_553' title='bbox 2470 3477 2882 3544; x_wconf 77' lang='grc' dir='ltr'>Οεματίζεσθαι.</span> <span class='ocrx_word' id='word_1_554' title='bbox 2925 3477 2982 3529; x_wconf 86' lang='grc'><strong>’0</strong></span> <span class='ocrx_word' id='word_1_555' title='bbox 3023 3477 3078 3529; x_wconf 78' lang='grc' dir='ltr'><strong>δὲ</strong></span> <span class='ocrx_word' id='word_1_556' title='bbox 3113 3477 3221 3528; x_wconf 84' lang='grc' dir='ltr'><strong>τῶν</strong></span> <span class='ocrx_word' id='word_1_557' title='bbox 3255 3477 3424 3543; x_wconf 58' lang='grc' dir='ltr'>ἁγίων</span> <span class='ocrx_word' id='word_1_558' title='bbox 3480 3473 3795 3527; x_wconf 78' lang='grc' dir='ltr'>ἀποστόλων</span> <span class='ocrx_word' id='word_1_559' title='bbox 3850 3470 4036 3525; x_wconf 84' lang='grc' dir='ltr'>κανὼν</span> 
     </span>
    </p>
   </div>
   <div class='ocr_carea' id='block_1_83' title="bbox 2469 3565 4039 3638">
    <p class='ocr_par' dir='ltr' id='par_1_83' title="bbox 2469 3565 4039 3638">
     <span class='ocr_line' id='line_1_83' title="bbox 2469 3565 4039 3638; baseline -0.006 -17"><span class='ocrx_word' id='word_1_560' title='bbox 2469 3568 2573 3630; x_wconf 88' lang='grc' dir='ltr'><strong>κο¹,</strong></span> <span class='ocrx_word' id='word_1_561' title='bbox 2603 3569 2697 3620; x_wconf 67' lang='grc' dir='ltr'><strong>καὶ</strong></span> <span class='ocrx_word' id='word_1_562' title='bbox 2724 3568 3104 3638; x_wconf 82' lang='grc' dir='ltr'>καθαιρεῖσθαι</span> <span class='ocrx_word' id='word_1_563' title='bbox 3128 3569 3339 3621; x_wconf 88' lang='grc' dir='ltr'>κελεύει</span> <span class='ocrx_word' id='word_1_564' title='bbox 3375 3569 3499 3628; x_wconf 76' lang='grc' dir='ltr'>τοὺς</span> <span class='ocrx_word' id='word_1_565' title='bbox 3529 3569 3617 3617; x_wconf 77' lang='grc' dir='ltr'>ἐπὶ</span> <span class='ocrx_word' id='word_1_566' title='bbox 3644 3565 3899 3633; x_wconf 71' lang='grc' dir='ltr'>χρήμασι</span> <span class='ocrx_word' id='word_1_567' title='bbox 3923 3578 4039 3630; x_wconf 76' lang='grc' dir='ltr'>χει-</span> 
     </span>
    </p>
   </div>
   <div class='ocr_carea' id='block_1_84' title="bbox 2474 3651 4044 3728">
    <p class='ocr_par' dir='ltr' id='par_1_84' title="bbox 2474 3651 4044 3728">
     <span class='ocr_line' id='line_1_84' title="bbox 2474 3651 4044 3728; baseline -0.006 -17"><span class='ocrx_word' id='word_1_568' title='bbox 2474 3658 2912 3728; x_wconf 83' lang='grc' dir='ltr'>ροτονουμένους,</span> <span class='ocrx_word' id='word_1_569' title='bbox 2971 3661 3064 3710; x_wconf 72' lang='grc' dir='ltr'><strong>καὶ</strong></span> <span class='ocrx_word' id='word_1_570' title='bbox 3096 3658 3196 3727; x_wconf 82' lang='grc' dir='ltr'>τῆς</span> <span class='ocrx_word' id='word_1_571' title='bbox 3227 3656 3514 3718; x_wconf 83' lang='grc' dir='ltr'>κοινωνίας</span> <span class='ocrx_word' id='word_1_572' title='bbox 3574 3656 3910 3715; x_wconf 81' lang='grc' dir='ltr'>ἐκπίπτειν,</span> <span class='ocrx_word' id='word_1_573' title='bbox 3965 3651 4044 3710; x_wconf 81' lang='grc' dir='ltr'><strong>ὡς</strong></span> 
     </span>
    </p>
   </div>
   <div class='ocr_carea' id='block_1_85' title="bbox 2472 3742 4043 3819">
    <p class='ocr_par' dir='ltr' id='par_1_85' title="bbox 2472 3742 4043 3819">
     <span class='ocr_line' id='line_1_85' title="bbox 2472 3742 4043 3819; baseline -0.006 -19"><span class='ocrx_word' id='word_1_574' title='bbox 2472 3750 2656 3819; x_wconf 82' lang='grc' dir='ltr'>Σίμων</span> <span class='ocrx_word' id='word_1_575' title='bbox 2703 3751 2731 3801; x_wconf 86' lang='grc' dir='ltr'>ὁ</span> <span class='ocrx_word' id='word_1_576' title='bbox 2787 3750 2979 3818; x_wconf 81' lang='grc' dir='ltr'>μάγος.</span> <span class='ocrx_word' id='word_1_577' title='bbox 3014 3749 3312 3801; x_wconf 84' lang='grc' dir='ltr'>Κοινωνίαν</span> <span class='ocrx_word' id='word_1_578' title='bbox 3348 3748 3404 3800; x_wconf 85' lang='grc' dir='ltr'><strong>δὲ</strong></span> <span class='ocrx_word' id='word_1_579' title='bbox 3456 3747 3673 3814; x_wconf 86' lang='grc' dir='ltr'>νοητέον</span> <span class='ocrx_word' id='word_1_580' title='bbox 3708 3743 3948 3795; x_wconf 74' lang='grc' dir='ltr'>ἐνταῦθα</span> <span class='ocrx_word' id='word_1_581' title='bbox 3979 3742 4043 3794; x_wconf 85' lang='grc' dir='ltr'><strong>ού</strong></span> 
     </span>
    </p>
   </div>
   <div class='ocr_carea' id='block_1_86' title="bbox 2471 3834 4046 3911">
    <p class='ocr_par' dir='ltr' id='par_1_86' title="bbox 2471 3834 4046 3911">
     <span class='ocr_line' id='line_1_86' title="bbox 2471 3834 4046 3911; baseline -0.008 -17"><span class='ocrx_word' id='word_1_582' title='bbox 2471 3843 2569 3911; x_wconf 83' lang='grc' dir='ltr'>τὴν</span> <span class='ocrx_word' id='word_1_583' title='bbox 2600 3842 2709 3897; x_wconf 77' lang='grc' dir='ltr'>τῶν</span> <span class='ocrx_word' id='word_1_584' title='bbox 2742 3843 3099 3910; x_wconf 82' lang='grc' dir='ltr'>ἀγιασμὰτων</span> <span class='ocrx_word' id='word_1_585' title='bbox 3123 3840 3446 3910; x_wconf 78' lang='grc' dir='ltr'>μετάληψιν,</span> <span class='ocrx_word' id='word_1_586' title='bbox 3474 3837 3607 3890; x_wconf 70' lang='grc' dir='ltr'>ἀλλὰ</span> <span class='ocrx_word' id='word_1_587' title='bbox 3639 3837 3733 3888; x_wconf 80' lang='grc' dir='ltr'><strong>καὶ</strong></span> <span class='ocrx_word' id='word_1_588' title='bbox 3765 3835 3865 3904; x_wconf 74' lang='grc' dir='ltr'>τὴν</span> <span class='ocrx_word' id='word_1_589' title='bbox 3901 3834 4046 3903; x_wconf 69' lang='grc' dir='ltr'>μετὰ</span> 
     </span>
    </p>
   </div>
   <div class='ocr_carea' id='block_1_87' title="bbox 2471 3926 4046 3997">
    <p class='ocr_par' dir='ltr' id='par_1_87' title="bbox 2471 3926 4046 3997">
     <span class='ocr_line' id='line_1_87' title="bbox 2471 3926 4046 3997; baseline -0.003 -12"><span class='ocrx_word' id='word_1_590' title='bbox 2471 3933 2578 3985; x_wconf 83' lang='grc' dir='ltr'>τῶν</span> <span class='ocrx_word' id='word_1_591' title='bbox 2611 3935 2818 3986; x_wconf 83' lang='grc' dir='ltr'>πιστῶν</span> <span class='ocrx_word' id='word_1_592' title='bbox 2856 3933 3074 3997; x_wconf 81' lang='grc' dir='ltr'>σύναξίν</span> <span class='ocrx_word' id='word_1_593' title='bbox 3097 3950 3155 3985; x_wconf 85' lang='grc' dir='ltr'><strong>τε</strong></span> <span class='ocrx_word' id='word_1_594' title='bbox 3187 3932 3280 3986; x_wconf 77' lang='grc' dir='ltr'>καὶ</span> <span class='ocrx_word' id='word_1_595' title='bbox 3301 3932 3581 3983; x_wconf 85' lang='grc' dir='ltr'>σύστασιν.</span> <span class='ocrx_word' id='word_1_596' title='bbox 3618 3930 3675 3979; x_wconf 81' lang='grc' dir='ltr'>Ὀ</span> <span class='ocrx_word' id='word_1_597' title='bbox 3703 3926 3811 3995; x_wconf 77' lang='grc' dir='ltr'>γὰρ</span> <span class='ocrx_word' id='word_1_598' title='bbox 3855 3927 4046 3993; x_wconf 73' lang='grc' dir='ltr'><strong>Σίμων</strong></span> 
     </span>
    </p>
   </div>
   <div class='ocr_carea' id='block_1_88' title="bbox 2473 4017 4052 4095">
    <p class='ocr_par' dir='ltr' id='par_1_88' title="bbox 2473 4017 4052 4095">
     <span class='ocr_line' id='line_1_88' title="bbox 2473 4017 4052 4095; baseline -0.008 -18"><span class='ocrx_word' id='word_1_599' title='bbox 2473 4026 2577 4077; x_wconf 70' lang='grc' dir='ltr'>ὑπὸ</span> <span class='ocrx_word' id='word_1_600' title='bbox 2603 4027 2694 4076; x_wconf 79' lang='grc' dir='ltr'><strong>τοῦ</strong></span> <span class='ocrx_word' id='word_1_601' title='bbox 2731 4027 2936 4095; x_wconf 79' lang='grc' dir='ltr'>Πέτρου</span> <span class='ocrx_word' id='word_1_602' title='bbox 2975 4025 3072 4094; x_wconf 83' lang='grc' dir='ltr'>τῆς</span> <span class='ocrx_word' id='word_1_603' title='bbox 3103 4024 3214 4075; x_wconf 80' lang='grc' dir='ltr'>τῶν</span> <span class='ocrx_word' id='word_1_604' title='bbox 3262 4023 3470 4075; x_wconf 85' lang='grc' dir='ltr'>πιστῶν</span> <span class='ocrx_word' id='word_1_605' title='bbox 3516 4021 3818 4090; x_wconf 76' lang='grc' dir='ltr'>ὁμηγύριος</span> <span class='ocrx_word' id='word_1_606' title='bbox 3859 4017 4052 4068; x_wconf 75' lang='grc' dir='ltr'>τέλεον</span> 
     </span>
    </p>
   </div>
   <div class='ocr_carea' id='block_1_89' title="bbox 2474 4111 4052 4187">
    <p class='ocr_par' dir='ltr' id='par_1_89' title="bbox 2474 4111 4052 4187">
     <span class='ocr_line' id='line_1_89' title="bbox 2474 4111 4052 4187; baseline -0.003 -21"><span class='ocrx_word' id='word_1_607' title='bbox 2474 4116 2998 4186; x_wconf 54' lang='grc' dir='ltr'>ἐξικόπψχρήματα</span> <span class='ocrx_word' id='word_1_608' title='bbox 3028 4116 3384 4187; x_wconf 85' lang='grc' dir='ltr'>προσαγαγὼν</span> <span class='ocrx_word' id='word_1_609' title='bbox 3405 4113 3661 4179; x_wconf 74' lang='grc' dir='ltr'>αὐτῷκαὶ</span> <span class='ocrx_word' id='word_1_610' title='bbox 3684 4113 3920 4179; x_wconf 72' lang='grc' dir='ltr'>αἰτήσας</span> <span class='ocrx_word' id='word_1_611' title='bbox 3957 4111 4052 4162; x_wconf 79' lang='lat'><strong>60-</strong></span> 
     </span>
    </p>
   </div>
   <div class='ocr_carea' id='block_1_90' title="bbox 2473 4202 4051 4277">
    <p class='ocr_par' dir='ltr' id='par_1_90' title="bbox 2473 4202 4051 4277">
     <span class='ocr_line' id='line_1_90' title="bbox 2473 4202 4051 4277; baseline -0.004 -18"><span class='ocrx_word' id='word_1_612' title='bbox 2473 4207 2632 4276; x_wconf 83' lang='grc' dir='ltr'>Θῆναι</span> <span class='ocrx_word' id='word_1_613' title='bbox 2655 4208 2803 4277; x_wconf 82' lang='grc' dir='ltr'>αὐτῷ</span> <span class='ocrx_word' id='word_1_614' title='bbox 2821 4209 2939 4261; x_wconf 80' lang='grc' dir='ltr'>ἀντὶ</span> <span class='ocrx_word' id='word_1_615' title='bbox 2969 4209 3176 4260; x_wconf 89' lang='grc' dir='ltr'>τούτων</span> <span class='ocrx_word' id='word_1_616' title='bbox 3216 4211 3313 4276; x_wconf 80' lang='grc' dir='ltr'><strong>τὴν</strong></span> <span class='ocrx_word' id='word_1_617' title='bbox 3349 4209 3509 4276; x_wconf 80' lang='grc' dir='ltr'><strong>χάριν</strong></span> <span class='ocrx_word' id='word_1_618' title='bbox 3539 4205 3636 4258; x_wconf 81' lang='grc' dir='ltr'>τοῦ</span> <span class='ocrx_word' id='word_1_619' title='bbox 3673 4205 3837 4272; x_wconf 73' lang='grc' dir='ltr'>ἁγίου</span> <span class='ocrx_word' id='word_1_620' title='bbox 3866 4202 4051 4255; x_wconf 79' lang='grc' dir='ltr'>ΙΙνεύο</span> 
     </span>
    </p>
   </div>
   <div class='ocr_carea' id='block_1_91' title="bbox 2475 4295 4057 4367">
    <p class='ocr_par' dir='ltr' id='par_1_91' title="bbox 2475 4295 4057 4367">
     <span class='ocr_line' id='line_1_91' title="bbox 2475 4295 4057 4367; baseline -0.003 -19"><span class='ocrx_word' id='word_1_621' title='bbox 2475 4313 2664 4365; x_wconf 82' lang='grc' dir='ltr'>ματος.</span> <span class='ocrx_word' id='word_1_622' title='bbox 2694 4299 2768 4349; x_wconf 82' lang='grc' dir='ltr'><strong>Οὐ</strong></span> <span class='ocrx_word' id='word_1_623' title='bbox 2803 4299 2964 4366; x_wconf 87' lang='grc' dir='ltr'>μόνον</span> <span class='ocrx_word' id='word_1_624' title='bbox 2993 4298 3050 4351; x_wconf 84' lang='grc' dir='ltr'><strong>δὲ</strong></span> <span class='ocrx_word' id='word_1_625' title='bbox 3075 4300 3200 4361; x_wconf 78' lang='grc' dir='ltr'>τοὺς</span> <span class='ocrx_word' id='word_1_626' title='bbox 3230 4298 3736 4367; x_wconf 69' lang='grc' dir='ltr'>χειροτονήσαντας,</span> <span class='ocrx_word' id='word_1_627' title='bbox 3764 4295 3800 4364; x_wconf 81' lang='grc' dir='ltr'>ἢ</span> <span class='ocrx_word' id='word_1_628' title='bbox 3856 4310 4057 4363; x_wconf 80' lang='grc' dir='ltr'>χειροο</span> 
     </span>
    </p>
   </div>
   <div class='ocr_carea' id='block_1_92' title="bbox 2472 4385 4060 4458">
    <p class='ocr_par' dir='ltr' id='par_1_92' title="bbox 2472 4385 4060 4458">
     <span class='ocr_line' id='line_1_92' title="bbox 2472 4385 4060 4458; baseline -0.001 -20"><span class='ocrx_word' id='word_1_629' title='bbox 2472 4388 2798 4456; x_wconf 79' lang='grc' dir='ltr'>τονηοέντας</span> <span class='ocrx_word' id='word_1_630' title='bbox 2830 4390 2922 4440; x_wconf 80' lang='grc' dir='ltr'><strong>ἐπὶ</strong></span> <span class='ocrx_word' id='word_1_631' title='bbox 2948 4391 3194 4458; x_wconf 81' lang='grc' dir='ltr'>χρήμασι</span> <span class='ocrx_word' id='word_1_632' title='bbox 3223 4388 3442 4452; x_wconf 80' lang='grc' dir='ltr'>κολάζει</span> <span class='ocrx_word' id='word_1_633' title='bbox 3475 4391 3501 4440; x_wconf 87' lang='grc' dir='ltr'><strong>ό</strong></span> <span class='ocrx_word' id='word_1_634' title='bbox 3534 4386 3734 4451; x_wconf 87' lang='grc' dir='ltr'>κανὼν,</span> <span class='ocrx_word' id='word_1_635' title='bbox 3768 4385 3910 4437; x_wconf 83' lang='grc' dir='ltr'>ἀλλὰ</span> <span class='ocrx_word' id='word_1_636' title='bbox 3956 4386 4060 4437; x_wconf 72' lang='grc' dir='ltr'><strong>καὶ</strong></span> 
     </span>
    </p>
   </div>
   <div class='ocr_carea' id='block_1_93' title="bbox 2471 4478 4060 4551">
    <p class='ocr_par' dir='ltr' id='par_1_93' title="bbox 2471 4478 4060 4551">
     <span class='ocr_line' id='line_1_93' title="bbox 2471 4478 4060 4551; baseline -0.003 -18"><span class='ocrx_word' id='word_1_637' title='bbox 2471 4483 2593 4542; x_wconf 73' lang='grc' dir='ltr'>τοὺς</span> <span class='ocrx_word' id='word_1_638' title='bbox 2623 4483 3078 4551; x_wconf 75' lang='grc' dir='ltr'>ἐπιχειρήσαντας</span> <span class='ocrx_word' id='word_1_639' title='bbox 3106 4480 3206 4533; x_wconf 77' lang='grc' dir='ltr'><strong>κᾶν</strong></span> <span class='ocrx_word' id='word_1_640' title='bbox 3229 4481 3337 4551; x_wconf 77' lang='grc' dir='ltr'>πρὸ</span> <span class='ocrx_word' id='word_1_641' title='bbox 3362 4479 3458 4534; x_wconf 81' lang='grc' dir='ltr'><strong>τοῦ</strong></span> <span class='ocrx_word' id='word_1_642' title='bbox 3492 4483 3570 4542; x_wconf 85' lang='grc' dir='ltr'>εἰς</span> <span class='ocrx_word' id='word_1_643' title='bbox 3593 4481 3758 4549; x_wconf 82' lang='grc' dir='ltr'>ἔργον</span> <span class='ocrx_word' id='word_1_644' title='bbox 3791 4478 3849 4530; x_wconf 79' lang='grc' dir='ltr'><strong>τὸ</strong></span> <span class='ocrx_word' id='word_1_645' title='bbox 3875 4479 4060 4531; x_wconf 75' lang='grc' dir='ltr'>κακὸν</span> 
     </span>
    </p>
   </div>
   <div class='ocr_carea' id='block_1_94' title="bbox 2479 4572 2850 4645">
    <p class='ocr_par' dir='ltr' id='par_1_94' title="bbox 2479 4572 2850 4645">
     <span class='ocr_line' id='line_1_94' title="bbox 2479 4572 2850 4645; baseline 0.011 -22"><span class='ocrx_word' id='word_1_646' title='bbox 2479 4572 2850 4645; x_wconf 74' lang='grc' dir='ltr'>ἠλέγχθησάν.</span> 
     </span>
    </p>
   </div>
   <div class='ocr_carea' id='block_1_95' title="bbox 3962 4672 4058 4734">
    <p class='ocr_par' dir='ltr' id='par_1_95' title="bbox 3962 4672 4058 4734">
     <span class='ocr_line' id='line_1_95' title="bbox 3962 4672 4058 4734; baseline 0.01 -18"><span class='ocrx_word' id='word_1_647' title='bbox 3962 4672 4058 4734; x_wconf 81' lang='lat' dir='ltr'><strong>qui</strong></span> 
     </span>
    </p>
   </div>
   <div class='ocr_carea' id='block_1_96' title="bbox 811 4748 4060 4832">
    <p class='ocr_par' dir='ltr' id='par_1_96' title="bbox 811 4748 4060 4832">
     <span class='ocr_line' id='line_1_96' title="bbox 811 4748 4060 4832; baseline 0.007 -39"><span class='ocrx_word' id='word_1_648' title='bbox 811 4755 1025 4811; x_wconf 64' lang='lat' dir='ltr'><strong>promer</strong></span> <span class='ocrx_word' id='word_1_649' title='bbox 1053 4748 1302 4813; x_wconf 89' lang='lat' dir='ltr'><strong>pecunias</strong></span> <span class='ocrx_word' id='word_1_650' title='bbox 1327 4749 1642 4801; x_wconf 91' lang='lat' dir='ltr'><strong>ordinarunt</strong></span> <span class='ocrx_word' id='word_1_651' title='bbox 1677 4759 1770 4803; x_wconf 85' lang='lat' dir='ltr'><strong>aut</strong></span> <span class='ocrx_word' id='word_1_652' title='bbox 1807 4752 2038 4806; x_wconf 87' lang='lat' dir='ltr'><strong>ordinati</strong></span> <span class='ocrx_word' id='word_1_653' title='bbox 2084 4766 2231 4820; x_wconf 89' lang='lat' dir='ltr'><strong>sunt,</strong></span> <span class='ocrx_word' id='word_1_654' title='bbox 2262 4759 2354 4811; x_wconf 81' lang='lat' dir='ltr'><strong>sed</strong></span> <span class='ocrx_word' id='word_1_655' title='bbox 2387 4768 2439 4813; x_wconf 89' lang='lat' dir='ltr'><strong>et</strong></span> <span class='ocrx_word' id='word_1_656' title='bbox 2468 4761 2778 4828; x_wconf 89' lang='lat' dir='ltr'><strong>quicunque</strong></span> <span class='ocrx_word' id='word_1_657' title='bbox 2836 4762 3045 4814; x_wconf 79' lang='lat' dir='ltr'><strong>facinus</strong></span> <span class='ocrx_word' id='word_1_658' title='bbox 3103 4763 3510 4827; x_wconf 84' lang='lat' dir='ltr'><strong>attentaveriut,</strong></span> <span class='ocrx_word' id='word_1_659' title='bbox 3558 4758 3662 4816; x_wconf 81' lang='lat' dir='ltr'><strong>etsi</strong></span> <span class='ocrx_word' id='word_1_660' title='bbox 3735 4763 4060 4832; x_wconf 84' lang='lat' dir='ltr'><strong>deprehen-</strong></span> 
     </span>
    </p>
   </div>
   <div class='ocr_carea' id='block_1_97' title="bbox 810 4837 3324 4936">
    <p class='ocr_par' dir='ltr' id='par_1_97' title="bbox 810 4837 3324 4936">
     <span class='ocr_line' id='line_1_97' title="bbox 810 4837 3324 4936; baseline 0.009 -50"><span class='ocrx_word' id='word_1_661' title='bbox 810 4838 886 4886; x_wconf 76' lang='lat' dir='ltr'><strong>sis</strong></span> <span class='ocrx_word' id='word_1_662' title='bbox 944 4837 1082 4888; x_wconf 86' lang='lat' dir='ltr'><strong>haud</strong></span> <span class='ocrx_word' id='word_1_663' title='bbox 1139 4841 1483 4904; x_wconf 85' lang='lat' dir='ltr'><strong>processerit,</strong></span> <span class='ocrx_word' id='word_1_664' title='bbox 1546 4841 1735 4896; x_wconf 88' lang='lat' dir='ltr'><strong>iisdem</strong></span> <span class='ocrx_word' id='word_1_665' title='bbox 1799 4845 2146 4901; x_wconf 90' lang='lat' dir='ltr'><strong>nihilominus</strong></span> <span class='ocrx_word' id='word_1_666' title='bbox 2199 4850 2374 4917; x_wconf 70' lang='lat' dir='ltr'><strong>pinnis</strong></span> <span class='ocrx_word' id='word_1_667' title='bbox 2407 4867 2577 4906; x_wconf 91' lang='lat' dir='ltr'><strong>canon</strong></span> <span class='ocrx_word' id='word_1_668' title='bbox 2611 4853 2874 4906; x_wconf 77' lang='lat' dir='ltr'><strong>obnoxios</strong></span> <span class='ocrx_word' id='word_1_669' title='bbox 2906 4869 3026 4936; x_wconf 73' lang='lat' dir='ltr'><strong>esse</strong></span> <span class='ocrx_word' id='word_1_670' title='bbox 3058 4854 3324 4908; x_wconf 91' lang='lat' dir='ltr'><strong>decernit.</strong></span> 
     </span>
    </p>
   </div>
   <div class='ocr_carea' id='block_1_98' title="bbox 808 4926 2360 5009">
    <p class='ocr_par' dir='ltr' id='par_1_98' title="bbox 808 4926 2360 5009">
     <span class='ocr_line' id='line_1_98' title="bbox 808 4926 2360 5009; baseline 0.009 -31"><span class='ocrx_word' id='word_1_671' title='bbox 808 4926 1032 4980; x_wconf 75' lang='lat' dir='ltr'><strong>ARIST.</strong></span> <span class='ocrx_word' id='word_1_672' title='bbox 1064 4932 1163 4992; x_wconf 74' lang='lat' dir='ltr'><strong>Qui</strong></span> <span class='ocrx_word' id='word_1_673' title='bbox 1189 4933 1331 4990; x_wconf 82' lang='lat' dir='ltr'><strong>emit,</strong></span> <span class='ocrx_word' id='word_1_674' title='bbox 1374 4942 1418 4982; x_wconf 80' lang='lat' dir='ltr'><strong>et</strong></span> <span class='ocrx_word' id='word_1_675' title='bbox 1455 4935 1624 4985; x_wconf 81' lang='lat' dir='ltr'><strong>vendit</strong></span> <span class='ocrx_word' id='word_1_676' title='bbox 1677 4937 2058 4991; x_wconf 78' lang='lat' dir='ltr'><strong>ordinationem</strong></span> <span class='ocrx_word' id='word_1_677' title='bbox 2087 4956 2247 5009; x_wconf 76' lang='lat' dir='ltr'><strong>usque</strong></span> <span class='ocrx_word' id='word_1_678' title='bbox 2293 4943 2360 4994; x_wconf 86' lang='lat' dir='ltr'><strong>ad</strong></span> 
     </span>
    </p>
   </div>
   <div class='ocr_carea' id='block_1_99' title="bbox 883 5022 2365 5098">
    <p class='ocr_par' dir='ltr' id='par_1_99' title="bbox 883 5022 2365 5098">
     <span class='ocr_line' id='line_1_99' title="bbox 883 5022 2365 5098; baseline 0.015 -33"><span class='ocrx_word' id='word_1_679' title='bbox 883 5022 1341 5085; x_wconf 75' lang='lat' dir='ltr'><strong>prostttonarimn,</strong></span> <span class='ocrx_word' id='word_1_680' title='bbox 1402 5025 1542 5076; x_wconf 76' lang='lat' dir='ltr'><strong>circa</strong></span> <span class='ocrx_word' id='word_1_681' title='bbox 1597 5027 1790 5094; x_wconf 69' lang='lat' dir='ltr'><strong>gradus</strong></span> <span class='ocrx_word' id='word_1_682' title='bbox 1834 5031 2171 5094; x_wconf 76' lang='lat' dir='ltr'><strong>periclitetur.</strong></span> <span class='ocrx_word' id='word_1_683' title='bbox 2224 5033 2365 5098; x_wconf 82' lang='lat' dir='ltr'><strong>Quin</strong></span> 
     </span>
    </p>
   </div>
   <div class='ocr_carea' id='block_1_100' title="bbox 915 5135 1380 5200">
    <p class='ocr_par' dir='ltr' id='par_1_100' title="bbox 915 5135 1380 5200">
     <span class='ocr_line' id='line_1_100' title="bbox 915 5135 1380 5200; baseline 0.019 -18"><span class='ocrx_word' id='word_1_684' title='bbox 915 5137 962 5163; x_wconf 60' lang='grc'><strong>³⁸</strong></span> <span class='ocrx_word' id='word_1_685' title='bbox 998 5137 1040 5186; x_wconf 84' lang='grc' dir='ltr'><strong>,ΙΙ</strong></span> <span class='ocrx_word' id='word_1_686' title='bbox 1075 5135 1212 5189; x_wconf 83' lang='lat' dir='ltr'><strong>Titii.</strong></span> <span class='ocrx_word' id='word_1_687' title='bbox 1256 5154 1313 5200; x_wconf 89' lang='lat' dir='ltr'><strong>ll,</strong></span> <span class='ocrx_word' id='word_1_688' title='bbox 1348 5138 1380 5190; x_wconf 69' lang='grc'>4</span> 
     </span>
    </p>
   </div>
   <div class='ocr_carea' id='block_1_101' title="bbox 2467 4943 4060 5036">
    <p class='ocr_par' dir='ltr' id='par_1_101' title="bbox 2467 4943 4060 5036">
     <span class='ocr_line' id='line_1_101' title="bbox 2467 4943 4060 5036; baseline 0.004 -39"><span class='ocrx_word' id='word_1_689' title='bbox 2467 4943 2682 4998; x_wconf 81' lang='grc' dir='ltr'><strong>ΑΡΙΣΤ.</strong></span> <span class='ocrx_word' id='word_1_690' title='bbox 2731 4945 2794 5036; x_wconf 67' lang='grc' dir='ltr'><strong>’ρ</strong></span> <span class='ocrx_word' id='word_1_691' title='bbox 2823 4946 3232 5014; x_wconf 76' lang='grc' dir='ltr'>ἐξωνούμενος</span> <span class='ocrx_word' id='word_1_692' title='bbox 3262 4947 3361 5000; x_wconf 72' lang='grc' dir='ltr'>καὶ</span> <span class='ocrx_word' id='word_1_693' title='bbox 3391 4949 3424 5001; x_wconf 82' lang='grc' dir='ltr'><strong>ό</strong></span> <span class='ocrx_word' id='word_1_694' title='bbox 3452 4949 3820 5015; x_wconf 72' lang='grc' dir='ltr'>πιπράσκων</span> <span class='ocrx_word' id='word_1_695' title='bbox 3847 4971 4060 5022; x_wconf 77' lang='grc' dir='ltr'>χειρο-</span> 
     </span>
    </p>
   </div>
   <div class='ocr_carea' id='block_1_102' title="bbox 2545 5036 4064 5112">
    <p class='ocr_par' dir='ltr' id='par_1_102' title="bbox 2545 5036 4064 5112">
     <span class='ocr_line' id='line_1_102' title="bbox 2545 5036 4064 5112; baseline 0.006 -22"><span class='ocrx_word' id='word_1_696' title='bbox 2545 5040 2752 5091; x_wconf 79' lang='grc' dir='ltr'>τονίαν</span> <span class='ocrx_word' id='word_1_697' title='bbox 2769 5036 2937 5108; x_wconf 83' lang='grc' dir='ltr'>μέχρι</span> <span class='ocrx_word' id='word_1_698' title='bbox 2970 5038 3069 5090; x_wconf 79' lang='grc' dir='ltr'>καὶ</span> <span class='ocrx_word' id='word_1_699' title='bbox 3098 5040 3545 5107; x_wconf 76' lang='grc' dir='ltr'>προσαοναρίου</span> <span class='ocrx_word' id='word_1_700' title='bbox 3573 5040 3704 5110; x_wconf 89' lang='lat'>(89),</span> <span class='ocrx_word' id='word_1_701' title='bbox 3732 5046 3873 5111; x_wconf 73' lang='grc' dir='ltr'>περὶ</span> <span class='ocrx_word' id='word_1_702' title='bbox 3911 5048 4064 5112; x_wconf 82' lang='grc' dir='ltr'>τοὺς</span> 
     </span>
    </p>
   </div>
   <div class='ocr_carea' id='block_1_103' title="bbox 3221 5162 3240 5185">
    <p class='ocr_par' dir='ltr' id='par_1_103' title="bbox 3221 5162 3240 5185">
     <span class='ocr_line' id='line_1_103' title="bbox 3221 5162 3240 5185; baseline 0 0"><span class='ocrx_word' id='word_1_703' title='bbox 3221 5162 3240 5185; x_wconf 78' lang='grc' dir='ltr'>ι</span> 
     </span>
    </p>
   </div>
   <div class='ocr_carea' id='block_1_104' title="bbox 2058 5224 2834 5320">
    <p class='ocr_par' dir='ltr' id='par_1_104' title="bbox 2058 5224 2834 5320">
     <span class='ocr_line' id='line_1_104' title="bbox 2058 5224 2834 5320; baseline 0.006 -21"><span class='ocrx_word' id='word_1_704' title='bbox 2058 5239 2241 5300; x_wconf 83' lang='lat' dir='ltr'><strong>Guill.</strong></span> <span class='ocrx_word' id='word_1_705' title='bbox 2292 5242 2608 5320; x_wconf 85' lang='lat' dir='ltr'><strong>Beveregii</strong></span> <span class='ocrx_word' id='word_1_706' title='bbox 2646 5224 2834 5307; x_wconf 66' lang='grc' dir='ltr'><strong>ηοιῶ.</strong></span> 
     </span>
    </p>
   </div>
   <div class='ocr_carea' id='block_1_105' title="bbox 887 5332 2434 5425">
    <p class='ocr_par' dir='ltr' id='par_1_105' title="bbox 887 5332 2434 5425">
     <span class='ocr_line' id='line_1_105' title="bbox 887 5332 2434 5425; baseline 0.011 -42"><span class='ocrx_word' id='word_1_707' title='bbox 887 5332 1001 5411; x_wconf 36' lang='grc'><strong>(89).</strong></span> <span class='ocrx_word' id='word_1_708' title='bbox 1033 5332 1215 5398; x_wconf 69' lang='grc' dir='ltr'>Μέχρι</span> <span class='ocrx_word' id='word_1_709' title='bbox 1263 5335 1877 5425; x_wconf 45' lang='lat' dir='ltr'><strong>mrbxjo‘oojicplfapf’ou.</strong></span> <span class='ocrx_word' id='word_1_710' title='bbox 1936 5340 2058 5425; x_wconf 67' lang='lat' dir='ltr'><strong>ilzec</strong></span> <span class='ocrx_word' id='word_1_711' title='bbox 2089 5348 2369 5425; x_wconf 55' lang='lat' dir='ltr'><strong>praesentis</strong></span> <span class='ocrx_word' id='word_1_712' title='bbox 2405 5354 2434 5407; x_wconf 84' lang='grc' dir='ltr'>Ι]</span> 
     </span>
    </p>
   </div>
   <div class='ocr_carea' id='block_1_106' title="bbox 2467 5332 4060 5425">
    <p class='ocr_par' dir='ltr' id='par_1_106' title="bbox 2477 5350 4060 5425">
     <span class='ocr_line' id='line_1_106' title="bbox 2477 5350 4060 5425; baseline 0.008 -26"><span class='ocrx_word' id='word_1_713' title='bbox 2477 5350 2610 5425; x_wconf 75' lang='lat' dir='ltr'><strong>rium</strong></span> <span class='ocrx_word' id='word_1_714' title='bbox 2645 5354 2771 5417; x_wconf 87' lang='lat' dir='ltr'><strong>(non</strong></span> <span class='ocrx_word' id='word_1_715' title='bbox 2813 5351 3161 5417; x_wconf 75' lang='lat' dir='ltr'><strong>defensorem,</strong></span> <span class='ocrx_word' id='word_1_716' title='bbox 3201 5361 3259 5425; x_wconf 85' lang='lat' dir='ltr'><strong>ut</strong></span> <span class='ocrx_word' id='word_1_717' title='bbox 3290 5351 3547 5408; x_wconf 81' lang='lat' dir='ltr'><strong>Justellus</strong></span> <span class='ocrx_word' id='word_1_718' title='bbox 3605 5357 3792 5424; x_wconf 83' lang='lat' dir='ltr'><strong>vertit)</strong></span> <span class='ocrx_word' id='word_1_719' title='bbox 3837 5361 3966 5425; x_wconf 85' lang='lat' dir='ltr'><strong>ubi,</strong></span> <span class='ocrx_word' id='word_1_720' title='bbox 4002 5373 4060 5415; x_wconf 84' lang='lat' dir='ltr'><strong>ut</strong></span> 
     </span>
    </p>
   </div>
   <div class='ocr_carea' id='block_1_107' title="bbox 813 5404 2370 5468">
    <p class='ocr_par' dir='ltr' id='par_1_107' title="bbox 813 5404 2370 5468">
     <span class='ocr_line' id='line_1_107' title="bbox 813 5404 2370 5468; baseline 0.012 -19"><span class='ocrx_word' id='word_1_721' title='bbox 813 5404 1035 5454; x_wconf 74' lang='lat' dir='ltr'><strong>canonis</strong></span> <span class='ocrx_word' id='word_1_722' title='bbox 1084 5416 1318 5468; x_wconf 77' lang='lat' dir='ltr'><strong>epitome</strong></span> <span class='ocrx_word' id='word_1_723' title='bbox 1380 5407 1428 5458; x_wconf 90' lang='lat' dir='ltr'><strong>in</strong></span> <span class='ocrx_word' id='word_1_724' title='bbox 1476 5405 1685 5459; x_wconf 88' lang='lat' dir='ltr'><strong>.Iustelli</strong></span> <span class='ocrx_word' id='word_1_725' title='bbox 1722 5404 2102 5465; x_wconf 21' lang='lat' dir='ltr'><strong>’Bibliotlteca&#39;</strong></span> <span class='ocrx_word' id='word_1_726' title='bbox 2129 5424 2235 5466; x_wconf 90' lang='lat' dir='ltr'><strong>tam</strong></span> <span class='ocrx_word' id='word_1_727' title='bbox 2270 5416 2370 5468; x_wconf 88' lang='lat' dir='ltr'><strong>sub</strong></span> 
     </span>
    </p>
   </div>
   <div class='ocr_carea' id='block_1_108' title="bbox 815 5473 2375 5546">
    <p class='ocr_par' dir='ltr' id='par_1_108' title="bbox 815 5473 2375 5546">
     <span class='ocr_line' id='line_1_108' title="bbox 815 5473 2375 5546; baseline 0.012 -25"><span class='ocrx_word' id='word_1_728' title='bbox 815 5473 990 5546; x_wconf 76' lang='lat' dir='ltr'><strong>Alexni</strong></span> <span class='ocrx_word' id='word_1_729' title='bbox 1053 5474 1282 5546; x_wconf 80' lang='lat' dir='ltr'><strong>Aristeui</strong></span> <span class='ocrx_word' id='word_1_730' title='bbox 1315 5491 1472 5539; x_wconf 81' lang='lat' dir='ltr'><strong>quant</strong></span> <span class='ocrx_word' id='word_1_731' title='bbox 1508 5477 1775 5530; x_wconf 78' lang='lat' dir='ltr'><strong>Simeouis</strong></span> <span class='ocrx_word' id='word_1_732' title='bbox 1823 5478 2104 5546; x_wconf 74' lang='lat' dir='ltr'><strong>logotheta:</strong></span> <span class='ocrx_word' id='word_1_733' title='bbox 2157 5488 2375 5539; x_wconf 65' lang='lat' dir='ltr'><strong>nomine</strong></span> 
     </span>
    </p>
   </div>
   <div class='ocr_carea' id='block_1_109' title="bbox 818 5543 2379 5620">
    <p class='ocr_par' dir='ltr' id='par_1_109' title="bbox 818 5543 2379 5620">
     <span class='ocr_line' id='line_1_109' title="bbox 818 5543 2379 5620; baseline 0.019 -33"><span class='ocrx_word' id='word_1_734' title='bbox 818 5543 989 5620; x_wconf 57' lang='lat' dir='ltr'><strong>edita,</strong></span> <span class='ocrx_word' id='word_1_735' title='bbox 1018 5544 1182 5592; x_wconf 87' lang='lat' dir='ltr'><strong>tuttlto</strong></span> <span class='ocrx_word' id='word_1_736' title='bbox 1212 5543 1369 5596; x_wconf 84' lang='lat' dir='ltr'><strong>aliter</strong></span> <span class='ocrx_word' id='word_1_737' title='bbox 1396 5547 1604 5620; x_wconf 63' lang='lat' dir='ltr'><strong>legitur.</strong></span> <span class='ocrx_word' id='word_1_738' title='bbox 1646 5546 1756 5620; x_wconf 82' lang='lat' dir='ltr'><strong>Sic,</strong></span> <span class='ocrx_word' id='word_1_739' title='bbox 1847 5543 2234 5620; x_wconf 77' lang='grc' dir='ltr'>ἐξωνούμενος,</span> <span class='ocrx_word' id='word_1_740' title='bbox 2283 5555 2379 5607; x_wconf 60' lang='grc' dir='ltr'><strong>καὶ</strong></span> 
     </span>
    </p>
   </div>
   <div class='ocr_carea' id='block_1_110' title="bbox 822 5614 2379 5688">
    <p class='ocr_par' dir='ltr' id='par_1_110' title="bbox 822 5614 2379 5688">
     <span class='ocr_line' id='line_1_110' title="bbox 822 5614 2379 5688; baseline 0.013 -32"><span class='ocrx_word' id='word_1_741' title='bbox 822 5614 1160 5688; x_wconf 36' lang='grc' dir='ltr'>πιπράσκων.</span> <span class='ocrx_word' id='word_1_742' title='bbox 1186 5616 1542 5688; x_wconf 66' lang='grc' dir='ltr'>χειροτονίαν,</span> <span class='ocrx_word' id='word_1_743' title='bbox 1570 5619 1698 5686; x_wconf 78' lang='grc' dir='ltr'>περὶ</span> <span class='ocrx_word' id='word_1_744' title='bbox 1726 5619 1850 5679; x_wconf 78' lang='grc' dir='ltr'>τοὺς</span> <span class='ocrx_word' id='word_1_745' title='bbox 1886 5614 2126 5688; x_wconf 75' lang='grc' dir='ltr'>βαθμοὺς</span> <span class='ocrx_word' id='word_1_746' title='bbox 2167 5614 2379 5676; x_wconf 76' lang='grc' dir='ltr'>ἐπικίν-</span> 
     </span>
    </p>
   </div>
   <div class='ocr_carea' id='block_1_111' title="bbox 813 5678 2380 5760">
    <p class='ocr_par' dir='ltr' id='par_1_111' title="bbox 813 5678 2380 5760">
     <span class='ocr_line' id='line_1_111' title="bbox 813 5678 2380 5760; baseline 0.013 -36"><span class='ocrx_word' id='word_1_747' title='bbox 813 5678 1000 5757; x_wconf 65' lang='grc' dir='ltr'>δυνοι·</span> <span class='ocrx_word' id='word_1_748' title='bbox 1051 5681 1080 5730; x_wconf 89' lang='grc' dir='ltr'>ὁ</span> <span class='ocrx_word' id='word_1_749' title='bbox 1119 5678 1203 5760; x_wconf 26' lang='lat' dir='ltr'><strong>6e&quot;</strong></span> <span class='ocrx_word' id='word_1_750' title='bbox 1221 5678 1404 5750; x_wconf 75' lang='grc' dir='ltr'>νόμος,</span> <span class='ocrx_word' id='word_1_751' title='bbox 1467 5686 1567 5746; x_wconf 82' lang='grc' dir='ltr'><strong>ἓως</strong></span> <span class='ocrx_word' id='word_1_752' title='bbox 1617 5678 1737 5760; x_wconf 18' lang='grc' dir='ltr'>Δάαι</span> <span class='ocrx_word' id='word_1_753' title='bbox 1774 5678 2218 5760; x_wconf 70' lang='grc' dir='ltr'>παρἀμοναρίου.</span> <span class='ocrx_word' id='word_1_754' title='bbox 2278 5694 2380 5756; x_wconf 81' lang='lat' dir='ltr'><strong>Qui</strong></span> 
     </span>
    </p>
   </div>
   <div class='ocr_carea' id='block_1_112' title="bbox 813 5755 2376 5831">
    <p class='ocr_par' dir='ltr' id='par_1_112' title="bbox 813 5755 2376 5831">
     <span class='ocr_line' id='line_1_112' title="bbox 813 5755 2376 5831; baseline 0.012 -34"><span class='ocrx_word' id='word_1_755' title='bbox 813 5755 993 5831; x_wconf 49' lang='lat' dir='ltr'><strong>venit,</strong></span> <span class='ocrx_word' id='word_1_756' title='bbox 1032 5761 1078 5801; x_wconf 88' lang='lat' dir='ltr'><strong>ct</strong></span> <span class='ocrx_word' id='word_1_757' title='bbox 1121 5755 1206 5817; x_wconf 86' lang='lat' dir='ltr'><strong>qui</strong></span> <span class='ocrx_word' id='word_1_758' title='bbox 1251 5757 1434 5831; x_wconf 36' lang='lat' dir='ltr'><strong>‘vendit</strong></span> <span class='ocrx_word' id='word_1_759' title='bbox 1513 5755 1891 5809; x_wconf 75' lang='lat' dir='ltr'><strong>ordinationem</strong></span> <span class='ocrx_word' id='word_1_760' title='bbox 1917 5755 1949 5821; x_wconf 63' lang='grc'>,“</span> <span class='ocrx_word' id='word_1_761' title='bbox 1987 5755 2126 5813; x_wconf 72' lang='grc' dir='ltr'>ιιι-ἑο</span> <span class='ocrx_word' id='word_1_762' title='bbox 2181 5755 2376 5831; x_wconf 77' lang='lat' dir='ltr'><strong>gradus</strong></span> 
     </span>
    </p>
   </div>
   <div class='ocr_carea' id='block_1_113' title="bbox 814 5821 2366 5898">
    <p class='ocr_par' dir='ltr' id='par_1_113' title="bbox 814 5821 2366 5898">
     <span class='ocr_line' id='line_1_113' title="bbox 814 5821 2366 5898; baseline 0.012 -31"><span class='ocrx_word' id='word_1_763' title='bbox 814 5821 1136 5882; x_wconf 62' lang='lat' dir='ltr'><strong>perii-litatur</strong></span> <span class='ocrx_word' id='word_1_764' title='bbox 1166 5841 1182 5874; x_wconf 93' lang='lat'><em>:</em></span> <span class='ocrx_word' id='word_1_765' title='bbox 1241 5824 1323 5875; x_wconf 74' lang='lat' dir='ltr'><strong>lex</strong></span> <span class='ocrx_word' id='word_1_766' title='bbox 1349 5835 1519 5879; x_wconf 85' lang='lat' dir='ltr'><strong>nutent</strong></span> <span class='ocrx_word' id='word_1_767' title='bbox 1559 5831 1716 5878; x_wconf 82' lang='lat' dir='ltr'><strong>etiam</strong></span> <span class='ocrx_word' id='word_1_768' title='bbox 1760 5845 1919 5895; x_wconf 78' lang='lat' dir='ltr'><strong>usque</strong></span> <span class='ocrx_word' id='word_1_769' title='bbox 1952 5835 2018 5882; x_wconf 81' lang='lat' dir='ltr'><strong>ad</strong></span> <span class='ocrx_word' id='word_1_770' title='bbox 2050 5821 2366 5898; x_wconf 64' lang='lat' dir='ltr'><strong>parainonu-</strong></span> 
     </span>
    </p>
   </div>
   <div class='ocr_carea' id='block_1_114' title="bbox 2479 5421 4063 5495">
    <p class='ocr_par' dir='ltr' id='par_1_114' title="bbox 2479 5421 4063 5495">
     <span class='ocr_line' id='line_1_114' title="bbox 2479 5421 4063 5495; baseline 0.008 -26"><span class='ocrx_word' id='word_1_771' title='bbox 2479 5421 2659 5495; x_wconf 79' lang='lat' dir='ltr'><strong>videre</strong></span> <span class='ocrx_word' id='word_1_772' title='bbox 2685 5431 2919 5495; x_wconf 67' lang='lat' dir='ltr'><strong>est,__vo_x</strong></span> <span class='ocrx_word' id='word_1_773' title='bbox 2950 5423 3355 5495; x_wconf 81' lang='grc' dir='ltr'>παραμονάριος</span> <span class='ocrx_word' id='word_1_774' title='bbox 3389 5428 3672 5485; x_wconf 87' lang='lat' dir='ltr'><strong>retinetur,</strong></span> <span class='ocrx_word' id='word_1_775' title='bbox 3706 5421 3809 5493; x_wconf 74' lang='lat' dir='ltr'><strong>pro</strong></span> <span class='ocrx_word' id='word_1_776' title='bbox 3849 5421 3971 5495; x_wconf 71' lang='lat' dir='ltr'><strong>qua</strong></span> <span class='ocrx_word' id='word_1_777' title='bbox 4013 5450 4063 5484; x_wconf 90' lang='lat' dir='ltr'><strong>III</strong></span> 
     </span>
    </p>
   </div>
   <div class='ocr_carea' id='block_1_115' title="bbox 2477 5489 4066 5560">
    <p class='ocr_par' dir='ltr' id='par_1_115' title="bbox 2477 5489 4066 5560">
     <span class='ocr_line' id='line_1_115' title="bbox 2477 5489 4066 5560; baseline 0.01 -21"><span class='ocrx_word' id='word_1_778' title='bbox 2477 5489 2676 5540; x_wconf 82' lang='lat' dir='ltr'><strong>nostris</strong></span> <span class='ocrx_word' id='word_1_779' title='bbox 2699 5491 2974 5560; x_wconf 79' lang='lat' dir='ltr'><strong>codicibus</strong></span> <span class='ocrx_word' id='word_1_780' title='bbox 3018 5489 3421 5560; x_wconf 79' lang='grc' dir='ltr'>προσμονὰριος</span> <span class='ocrx_word' id='word_1_781' title='bbox 3455 5489 3827 5549; x_wconf 68' lang='lat' dir='ltr'><strong>substituitur.</strong></span> <span class='ocrx_word' id='word_1_782' title='bbox 3872 5489 3950 5552; x_wconf 70' lang='lat' dir='ltr'><strong>Et</strong></span> <span class='ocrx_word' id='word_1_783' title='bbox 3985 5506 4066 5555; x_wconf 88' lang='lat' dir='ltr'><strong>sic</strong></span> 
     </span>
    </p>
   </div>
   <div class='ocr_carea' id='block_1_116' title="bbox 2478 5559 4064 5634">
    <p class='ocr_par' dir='ltr' id='par_1_116' title="bbox 2478 5559 4064 5634">
     <span class='ocr_line' id='line_1_116' title="bbox 2478 5559 4064 5634; baseline 0.009 -25"><span class='ocrx_word' id='word_1_784' title='bbox 2478 5561 2694 5634; x_wconf 77' lang='lat' dir='ltr'><strong>quidem</strong></span> <span class='ocrx_word' id='word_1_785' title='bbox 2728 5561 2841 5634; x_wconf 83' lang='lat' dir='ltr'><strong>ipse</strong></span> <span class='ocrx_word' id='word_1_786' title='bbox 2868 5559 3156 5634; x_wconf 83' lang='lat' dir='ltr'><strong>Balsamou</strong></span> <span class='ocrx_word' id='word_1_787' title='bbox 3191 5564 3253 5634; x_wconf 77' lang='lat' dir='ltr'><strong>iu</strong></span> <span class='ocrx_word' id='word_1_788' title='bbox 3276 5565 3546 5634; x_wconf 77' lang='lat' dir='ltr'><strong>nonnullis</strong></span> <span class='ocrx_word' id='word_1_789' title='bbox 3578 5566 3772 5634; x_wconf 81' lang='lat' dir='ltr'><strong>legisse</strong></span> <span class='ocrx_word' id='word_1_790' title='bbox 3809 5570 4064 5625; x_wconf 76' lang='lat' dir='ltr'><strong>videtur.</strong></span> 
     </span>
    </p>
   </div>
   <div class='ocr_carea' id='block_1_117' title="bbox 2478 5627 4061 5698">
    <p class='ocr_par' dir='ltr' id='par_1_117' title="bbox 2478 5627 4061 5698">
     <span class='ocr_line' id='line_1_117' title="bbox 2478 5627 4061 5698; baseline 0.009 -18"><span class='ocrx_word' id='word_1_791' title='bbox 2478 5627 2572 5680; x_wconf 86' lang='lat' dir='ltr'><strong>Ille</strong></span> <span class='ocrx_word' id='word_1_792' title='bbox 2600 5627 2758 5681; x_wconf 80' lang='lat' dir='ltr'><strong>enim</strong></span> <span class='ocrx_word' id='word_1_793' title='bbox 2796 5632 2845 5682; x_wconf 94' lang='lat' dir='ltr'><strong>in</strong></span> <span class='ocrx_word' id='word_1_794' title='bbox 2885 5631 3159 5698; x_wconf 79' lang='lat' dir='ltr'><strong>responsis</strong></span> <span class='ocrx_word' id='word_1_795' title='bbox 3191 5632 3256 5683; x_wconf 92' lang='lat' dir='ltr'><strong>ad</strong></span> <span class='ocrx_word' id='word_1_796' title='bbox 3288 5632 3451 5686; x_wconf 78' lang='lat' dir='ltr'><strong>Marci</strong></span> <span class='ocrx_word' id='word_1_797' title='bbox 3480 5627 3836 5689; x_wconf 56' lang='lat' dir='ltr'><strong>Alexandrini</strong></span> <span class='ocrx_word' id='word_1_798' title='bbox 3882 5641 4061 5696; x_wconf 87' lang='lat' dir='ltr'><strong>inter-</strong></span> 
     </span>
    </p>
   </div>
   <div class='ocr_carea' id='block_1_118' title="bbox 2481 5699 4068 5778">
    <p class='ocr_par' dir='ltr' id='par_1_118' title="bbox 2481 5699 4068 5778">
     <span class='ocr_line' id='line_1_118' title="bbox 2481 5699 4068 5778; baseline 0.011 -29"><span class='ocrx_word' id='word_1_799' title='bbox 2481 5700 2809 5778; x_wconf 72' lang='lat' dir='ltr'><strong>rogationem</strong></span> <span class='ocrx_word' id='word_1_800' title='bbox 2844 5699 2936 5777; x_wconf 57' lang='lat'><strong>:28,</strong></span> <span class='ocrx_word' id='word_1_801' title='bbox 2988 5705 3131 5752; x_wconf 89' lang='lat' dir='ltr'><strong>hunc</strong></span> <span class='ocrx_word' id='word_1_802' title='bbox 3165 5714 3425 5778; x_wconf 79' lang='lat' dir='ltr'><strong>canonem</strong></span> <span class='ocrx_word' id='word_1_803' title='bbox 3456 5705 3670 5778; x_wconf 87' lang='lat' dir='ltr'><strong>_ci_tans,</strong></span> <span class='ocrx_word' id='word_1_804' title='bbox 3719 5714 4068 5778; x_wconf 80' lang='grc' dir='ltr'>προσμονά-</span> 
     </span>
    </p>
   </div>
   <div class='ocr_carea' id='block_1_119' title="bbox 2481 5769 4067 5839">
    <p class='ocr_par' dir='ltr' id='par_1_119' title="bbox 2481 5769 4067 5839">
     <span class='ocr_line' id='line_1_119' title="bbox 2481 5769 4067 5839; baseline 0.009 -24"><span class='ocrx_word' id='word_1_805' title='bbox 2481 5783 2596 5836; x_wconf 88' lang='grc' dir='ltr'>ριον</span> <span class='ocrx_word' id='word_1_806' title='bbox 2633 5769 2749 5821; x_wconf 86' lang='lat' dir='ltr'><strong>loco</strong></span> <span class='ocrx_word' id='word_1_807' title='bbox 2773 5770 2866 5821; x_wconf 84' lang='grc' dir='ltr'>τοὺ</span> <span class='ocrx_word' id='word_1_808' title='bbox 2899 5771 3312 5839; x_wconf 72' lang='grc' dir='ltr'>παραμοναρίου</span> <span class='ocrx_word' id='word_1_809' title='bbox 3347 5774 3488 5839; x_wconf 87' lang='lat' dir='ltr'><strong>ponit</strong></span> <span class='ocrx_word' id='word_1_810' title='bbox 3510 5773 3749 5830; x_wconf 78' lang='lat' dir='ltr'><strong>Juattltes</strong></span> <span class='ocrx_word' id='word_1_811' title='bbox 3771 5769 4067 5837; x_wconf 67' lang='lat' dir='ltr'><strong>Meursius</strong></span> 
     </span>
    </p>
   </div>
   <div class='ocr_carea' id='block_1_120' title="bbox 2484 5839 4066 5917">
    <p class='ocr_par' dir='ltr' id='par_1_120' title="bbox 2484 5839 4066 5917">
     <span class='ocr_line' id='line_1_120' title="bbox 2484 5839 4066 5917; baseline 0.013 -29"><span class='ocrx_word' id='word_1_812' title='bbox 2484 5854 2533 5888; x_wconf 81' lang='grc' dir='ltr'><strong>ιη</strong></span> <span class='ocrx_word' id='word_1_813' title='bbox 2567 5839 2843 5892; x_wconf 67' lang='grc' dir='ltr'><strong>(ὶΙοεεοτὶο</strong></span> <span class='ocrx_word' id='word_1_814' title='bbox 2877 5844 2953 5909; x_wconf 83' lang='grc' dir='ltr'>(οι</span> <span class='ocrx_word' id='word_1_815' title='bbox 2979 5857 3041 5892; x_wconf 78' lang='lat' dir='ltr'><strong>ex</strong></span> <span class='ocrx_word' id='word_1_816' title='bbox 3070 5857 3133 5892; x_wconf 89' lang='lat' dir='ltr'><strong>eo</strong></span> <span class='ocrx_word' id='word_1_817' title='bbox 3171 5839 3596 5911; x_wconf 67' lang='lat' dir='ltr'><strong>Christophorus</strong></span> <span class='ocrx_word' id='word_1_818' title='bbox 3629 5846 3680 5898; x_wconf 91' lang='lat' dir='ltr'><strong>in</strong></span> <span class='ocrx_word' id='word_1_819' title='bbox 3713 5861 4066 5917; x_wconf 58' lang='lat' dir='ltr'><strong>presenti-ti.</strong></span> 
     </span>
    </p>
   </div>
  </div>
