4238 6464
822 430 925 492 391

2071 423 2352 486 THEUD-
2396 423 2793 482 BALSAMON

3936 414 4042 477 392

821 546 1126 616 episcopos,
1156 542 1384 598 clericos
1418 550 1474 597 et
1496 554 1814 606 monacnos,
1834 541 2176 608 impubernm
2214 552 2374 609 posse
2406 543 2452 598 Α
2481 538 2495 586 1

2367 556 2374 590 ι
2406 543 2452 598 Δ
2481 537 2639 606 Ζήτει
2668 538 2762 589 καὶ
2812 535 2913 606 τῆς
2969 534 3029 589 ἐν
3062 533 3390 606 Καρηαγένῃ
3427 532 3645 586 συνόδου
3678 531 3882 586 κανόνα
3942 541 4041 601 ις’,

821 635 1022 688 tutelas
1063 634 1370 701 suscipere,
1424 632 1468 686 si
1499 632 1717 701 quidem
1740 645 1807 685 ex
1860 631 2068 701 legibus
2098 640 2378 695 vocentur,

822 738 876 782 et
910 742 1083 779 rerum
1108 726 1599 779 ecclesiasticarum
1647 738 1858 787 eniam,
1906 737 1959 777 et
2009 725 2376 790 orplianorum

820 835 1032 889 quoque
1089 819 1442 885 curationes,
1490 818 1576 872 vel
1633 820 1949 880 viduarum,
2014 818 2096 872 vel
2150 819 2377 871 aliarum

819 910 1415 978 personarum.quibns
1447 910 1609 963 aliter
1639 925 1745 962 non
1802 910 2145 978 providetnr,
2201 909 2377 963 eccle-

819 1002 1045 1056 siastico
1073 1001 1275 1053 auxilio
1296 1002 1556 1069 indigent,
1592 1003 1857 1070 siquidem
1890 1002 1942 1055 id
1989 1004 2069 1056 eis
2092 1004 2375 1072 episcopus

819 1095 1128 1162 permittat:
1157 1091 1447 1145 Justiniani
1466 1106 1643 1147 autem
1675 1094 1776 1146 125
1793 1093 2034 1157 Novella,
2063 1110 2180 1164 quae
2203 1096 2377 1162 posita

816 1196 901 1239 est
928 1188 981 1239 in
1016 1187 1156 1240 libro
1186 1203 1269 1249 Ill,
1295 1187 1379 1240 tit.
1427 1189 1601 1256 primo
1648 1201 1769 1253 cap.
1817 1188 1901 1239 12‘
1935 1186 2110 1239 dixit:
2140 1186 2376 1252 Religio-

818 1280 1066 1334 sissimos
1088 1279 1369 1348 episcopos
1404 1290 1456 1333 et
1511 1282 1803 1332 monachos
1829 1279 1972 1332 nullo
1994 1280 2152 1333 modo
2171 1289 2377 1335 tutores

819 1372 904 1424 vel
936 1382 1217 1427 Curatores
1264 1374 1636 1442 cujuscunque
1676 1386 1921 1441 persona:
1956 1373 2070 1426 lieri
2122 1373 2378 1425 concedi-

819 1476 973 1515 mus:
1010 1461 1352 1530 presbyteros
1374 1472 1549 1514 autcm
1593 1471 1649 1514 et
1698 1460 1975 1526 diaconos,
2038 1461 2378 1531 cognationis

812 1552 953 1621 jure,
1004 1567 1177 1621 eoque
1201 1553 1335 1618 solo,
1376 1552 1442 1605 ad
1478 1554 1675 1607 tutelas
1695 1552 1779 1605 vel
1804 1568 1965 1607 curas
1999 1564 2246 1615 vocatos,
2272 1554 2379 1607 tale

819 1644 1174 1697 ministerium
1227 1644 1504 1711 suscipere
1531 1644 1917 1699 concedimus;
1975 1643 2175 1696 dixerit
2223 1645 2376 1712 quis-

817 1735 956 1801 piam
987 1752 1091 1789 non
1151 1718 1348 1790 debere
1383 1736 1687 1805 episcopos,
1740 1745 1790 1788 et
1847 1738 2141 1788 monachos
2187 1736 2376 1803 quovis

817 1826 979 1879 modo
1028 1826 1137 1877 ﬁeri
1169 1835 1373 1878 tutores
1408 1825 1492 1878 vel
1522 1836 1822 1885 curatores,
1859 1837 1918 1877 ut
1950 1825 2039 1894 qui
2092 1839 2121 1877 a
2152 1822 2369 1877 Novella

814 1917 921 1969 sint
970 1916 1250 1985 prohibiti.
1304 1916 1429 1970 Milii
1480 1926 1662 1969 autem
1711 1916 1924 1969 videtur
1970 1914 2188 1969 Novella
2234 1917 2374 1970 edita

816 2023 937 2061 esse
1012 2009 1079 2060 ad
1148 2006 1548 2077 impediendum
1629 2018 1837 2060 tantum
1927 2006 2210 2075 episcopos
2290 2009 2376 2061 vel

820 2103 1218 2162 monacho»..ne
1253 2101 1360 2153 sint
1385 2116 1481 2153 sua
1516 2112 1705 2168 sponte
1731 2109 1937 2153 tutores
1965 2102 2046 2152 vel
2074 2113 2374 2164 curatores,

815 2191 917 2242 nisi
958 2192 1172 2259 quando
1210 2191 1420 2243 scilicet
1474 2190 1681 2257 legibus
1730 2192 1796 2243 ad
1855 2191 1905 2245 id
1963 2202 2247 2246 vocantur.
2312 2192 2370 2246 Si

812 2284 957 2334 enim
1016 2283 1313 2352 episcopali
1368 2283 1722 2351 permissione
1764 2299 1976 2337 omnem
2033 2284 2377 2338 administra-

815 2373 1015 2428 tionem
1086 2375 1407 2442 suscipiant,
1464 2386 1521 2427 ut
1576 2374 1679 2428 hoc
1740 2389 1947 2429 canone
2012 2386 2071 2428 et
2125 2376 2375 2443 sequenti

813 2464 1159 2525 continetur,
1218 2466 1298 2518 eis
1379 2465 1581 2518 nullum
1654 2466 2022 2534 prtejndicium
2087 2467 2370 2521 alIeretur.

814 2554 1122 2621 Presbyteri
1167 2556 1408 2624 quidem,
1439 2557 1651 2610 diaconi
1680 2569 1734 2611 et
1781 2558 2033 2623 lectores,
2061 2570 2117 2611 ut
2147 2560 2265 2612 vult
2291 2559 2379 2612 hic

817 2661 1058 2714 pra-scus
1093 2662 1262 2699 canon
1298 2656 1350 2701 et
1409 2646 1651 2710 Novella,
1695 2650 1860 2703 etiam
1914 2651 2031 2704 sine
2083 2651 2377 2719 episcopali

816 2742 1193 2810 permissione,
1234 2742 1598 2809 orplianorum
1626 2752 1826 2795 tutores
1850 2752 1902 2795 et
1927 2749 2204 2796 curatores
2226 2742 2377 2809 liunt,

817 2836 1031 2901 quando
1058 2835 1124 2886 ad
1156 2835 1258 2887 lioc
1289 2850 1318 2887 a
1354 2834 1469 2903 lege
1493 2844 1777 2888 vocantur.
1807 2832 1960 2888 Scias
2005 2846 2185 2889 autem
2234 2833 2377 2903 quod

827 2936 1033 2978 tutores
1081 2925 1301 2993 quidem
1364 2928 1562 2980 dantur
1618 2926 1994 2994 impuberibus
2050 2928 2304 2981 masculis
2348 2944 2377 2982 a

816 3017 990 3083 primo
1030 3034 1196 3084 usque
1218 3018 1282 3072 ad
1315 3019 1380 3071 M
1405 3028 1693 3081 annum,et
1717 3020 2377 3088 ipsum,quemadmodum

817 3104 1032 3159 feminis
1065 3123 1280 3175 quoque
1307 3125 1481 3176 usque
1518 3111 1583 3161 ad
1642 3110 1708 3162 12
1753 3119 1807 3163 et
1837 3110 2047 3178 ipsum:
2097 3122 2379 3167 curatores

2484 626 2579 679 καὶ
2616 626 2715 695 τῆς
2738 624 2783 690 ζ’
2831 626 3048 680 συνόδου
3086 627 3284 680 κανόνα
3314 633 3345 677 ι’
3409 625 3560 679 Ἐπεὶ
3598 626 3652 678 δὲ
3678 626 3707 678 ό
3733 622 3833 695 μὲν
3864 622 4044 677 κανὸν

2480 716 2776 787 διορίζεται
2832 718 2956 781 τοὺς
2987 718 3340 782 ἐπισκόπους,
3380 717 3674 787 κληρικούς
3705 734 3764 770 τε
3817 717 3917 769 καὶ
3947 732 4042 786 μο-

2479 812 2676 878 ναχοὺς
2704 809 2988 877 ἀφηλίκων
3029 810 3335 880 ἐπιτροπὰς
3373 807 3758 877 ἀναδέχεσθαι,
3790 808 3955 874 εἴπερ
3982 811 4045 860 ὲκ

2478 902 2659 969 νόμων
2702 902 2973 965 καλοῖντο,
3019 902 3115 955 καὶ
3161 901 3636 970 ἐκκλησιαστικων
3695 900 4045 970 πραγμάτων

2478 995 2787 1062 φροντίδας,
2839 995 2935 1046 καὶ
2974 994 3309 1064 προστασίας
3366 994 3645 1064 ὀρφανῶν,
3680 993 3712 1064 ἦ
3746 994 3959 1063 χηρῶν,
4009 995 4042 1061 ἦ

2478 1084 2657 1149 ἄλλως
2712 1086 3064 1157 ἀπρονοήτων
3097 1085 3427 1157 προσώπων,
3461 1085 3555 1137 καὶ
3588 1086 3685 1155 τῆς
3740 1084 4038 1155 ἐκκλησια-

2478 1178 2672 1249 στικῆς
2703 1179 2975 1250 δεομένων
3002 1179 3278 1250 βοηθείας,
3310 1179 3468 1248 εἴπερ
3516 1179 3668 1249 παρὰ
3696 1180 3790 1233 τοῦ
3816 1178 4046 1233 ἐπισκό-

2479 1290 2581 1327 που
2612 1275 3008 1343 ὲπι.ρέποιντο.
3052 1273 3119 1326 ’11
3157 1273 3213 1325 δὲ
3246 1279 3365 1342 ρκγ¹
3396 1272 3823 1334 Ἰουστινιάνειος
3850 1270 4045 1339 Νεαρᾶ

2478 1368 2512 1435 ἠ
2547 1369 2775 1437 κειμένη
2804 1368 2859 1418 ὲν
2886 1365 3075 1435 βιὸλίῳ
3098 1366 3287 1437 τρίτῳ,
3318 1365 3481 1435 τίτλῳ
3510 1371 3579 1426 α’,
3607 1381 3729 1432 κεφ.
3759 1362 3849 1433 ιβ’,
3878 1363 4044 1432 φησί·

2477 1455 2618 1523 Teia;
2660 1457 2716 1510 δὲ
2768 1457 3220 1525 θεοφιλεστάτους
3265 1457 3597 1517 ἐπισκόπους
3631 1456 3724 1507 καὶ
3772 1455 4045 1523 μοναχοῦς

2476 1550 2538 1601 ἐκ
2571 1550 2793 1618 μηδενὸς
2821 1549 3023 1618 τρόπου
3051 1548 3379 1617 ἐπιτρόπους
3410 1546 3441 1615 ἢ
3487 1547 3847 1614 κουράτωρας
3902 1546 4045 1597 oleu—

2475 1641 2683 1710 δήτινος
2730 1639 3024 1710 προσώπου
3067 1638 3315 1708 γίνεσθαι
3358 1637 3753 1707 συγχωροῦμεν
3779 1654 3792 1667 ·
3828 1638 3960 1699 τοὺς
3991 1636 4045 1688 δὲ

2477 1733 2882 1803 πρεσϐυτέρους
2920 1735 3011 1784 καὶ
3067 1732 3349 1791 διακόνους
3402 1730 3480 1799 τῷ
3511 1730 3705 1798 δικαίῳ
3762 1731 3861 1781 καὶ
3899 1729 4046 1796 μόνῳ

2475 1825 2575 1893 τῆς
2602 1826 2945 1892 συγγενείας,
2987 1826 3065 1886 είς
3096 1826 3401 1893 ἐπιτροπὰς
3438 1824 3470 1891 ἢ
3502 1822 3919 1892 κουρατωρεέας
3948 1836 4049 1872 καθ

2476 1918 2796 1985 λουμένους,
2824 1917 2925 1988 τὴν
2980 1916 3238 1985 τοιαύτην
3285 1915 3629 1982 λειτουργίαν
3681 1911 4046 1981 ὑποδέχεσθαι

2478 2010 2865 2081 συγχωροῦμεν
2882 2027 2900 2044 ο
2930 2012 3057 2081 εἴπῃ
3081 2028 3164 2073 τις
3196 2011 3270 2079 μὴ
3295 2010 3533 2079 ὀφείλειν
3554 2010 3677 2071 τοὺς
3705 2007 4047 2069 ἐπισκόπους

2476 2106 2573 2157 καὶ
2599 2106 2727 2167 τοὺς
2762 2104 3029 2174 μοναχοὺς
3080 2103 3139 2167 ἐξ
3167 2102 3495 2172 οίουδήτινος
3546 2103 3751 2170 τρόπου
3792 2099 4048 2167 γίνεσθαι

2483 2198 2864 2268 ἐπιτρόπουςῆ
2900 2196 3278 2265 κουράτωρας,
3315 2195 3389 2256 ὠς
3421 2195 3526 2247 ὑπὸ
3559 2195 3657 2263 τῆς
3689 2194 3917 2264 Νεαρᾶς
3942 2211 4051 2245 κω-

2478 2289 2758 2348 λυθέντας.
2804 2288 2958 2356 Ἐμοὶ
3004 2286 3061 2339 δὲ
3099 2286 3250 2338 δοκεῖ
3284 2286 3383 2356 τὴν
3413 2285 3628 2355 Νεαρὰν
3658 2286 4050 2355 ὲκφωνηθῆναι

2478 2384 2557 2442 εἰς
2582 2380 2741 2449 μόνον
2762 2380 2821 2430 τὸ
2850 2376 3239 2447 ἐμποδίζεσθαι
3268 2378 3395 2441 τοὺς
3420 2378 3757 2439 ἐπισκόπους
3791 2378 3893 2429 καὶ
3922 2377 4051 2439 τοὺς

2482 2471 2750 2541 μοναχοὺς
2813 2470 3058 2537 γίνεσθαι
3100 2469 3313 2522 οἴκοθεν
3374 2470 3703 2539 ἐπιτρόπους
3748 2469 3782 2537 ἢ
3845 2472 4047 2536 κουράο

2478 2579 2692 2633 τωρας·
2726 2562 2759 2633 ἢ
2794 2562 2925 2614 ὅταν
2956 2563 3061 2615 ὑπὸ
3097 2560 3209 2615 τῶν
3241 2563 3421 2631 νόμων
3448 2562 3526 2624 είς
3552 2562 3709 2614 τοῦτο
3740 2562 4050 2615 καλῶνται.

2481 2656 2637 2708 Κατὰ
2673 2655 2779 2721 γὰρ
2814 2654 3184 2721 ὲπισκοπικὴν
3218 2653 3523 2721 ἐπιτροπὴν
3563 2655 3745 2705 πᾶσαν
3773 2652 4052 2723 διοίκησιν

2478 2743 2886 2812 ἀναδεχόμενοι,
2942 2742 3085 2795 κατὰ
3119 2743 3217 2811 τὴν
3266 2743 3563 2812 περίληψιν
3618 2742 3713 2796 τοῦ
3772 2746 4052 2810 παρόντος

2480 2834 2699 2895 κανόνος
2747 2832 2840 2883 καὶ
2869 2831 2960 2883 τοῦ
2996 2831 3111 2900 μετ’
3147 2831 3333 2894 αὐτὸν,
3377 2832 3438 2882 οὑ
3475 2830 4053 2901 προκριματισθήτονο

2477 2942 2586 2979 nt.
2660 2925 2722 2976 Ul
2761 2923 2944 2993 μέντοι
2974 2921 3355 2994 πρεσϐύτεροι,
3383 2923 3642 2986 διάκονοι,
3667 2925 3764 2975 καὶ
3796 2922 4053 2989 ἀναγνῶ-

2482 3035 2604 3070 σται
2656 3018 2795 3070 κατὰ
2835 3015 2925 3068 τὸν
2968 3014 3216 3085 παρόντα
3260 3015 3463 3067 κανόνα
3510 3018 3603 3069 καὶ
3654 3013 3756 3085 τὴν
3798 3016 4049 3083 Νεαρὰν,

2480 3110 2649 3179 χωρὶς
2700 3107 3065 3173 ὲπισκοπικῆς
3125 3106 3430 3177 ἐπιτροπῆς
3490 3106 3728 3174 γίνονται
3790 3108 4051 3177 ὀρφανῶν

816 3212 945 3250 vero
1000 3199 1322 3263 minoribus,
1376 3215 1544 3266 uSque
1600 3201 1665 3252 ad
1718 3201 1786 3253 25
1842 3218 2039 3255 annum
2097 3203 2490 3273 inclusive,Ci

2402 3204 2447 3264 Ω
2480 3201 2763 3271 ἐπίτροποι
2790 3201 2882 3252 καὶ
2914 3198 3281 3268 κουράτωρες,
3308 3197 3398 3251 ὅτε
3442 3198 3545 3251 ὑπὸ
3572 3197 3664 3250 τοῦ
3696 3199 3867 3267 νόμου
3914 3200 4050 3267 πρὸς

816 3287 928 3339 sive
973 3290 1195 3340 masculi
1244 3290 1372 3353 sint,
1424 3292 1537 3344 sive
1602 3292 1836 3345 feminae.
1897 3294 1986 3347 Eis
2038 3305 2215 3348 autem
2266 3311 2382 3350 om-

2474 3294 2633 3347 τοῦτο
2668 3292 2979 3344 καλοῦνται.
3044 3289 3280 3342 Γίνωσκε
3323 3288 3378 3342 δὲ
3401 3290 3483 3341 ὅτι
3515 3290 3804 3360 ἐπίτροποι
3840 3291 3948 3360 μὲν
3975 3292 4051 3343 δί-

821 3378 979 3433 nibns
1033 3395 1117 3433 res
1175 3382 1575 3435 ecclesiasticas
1617 3398 1871 3438 exercere
1940 3385 2246 3442 indistincte
2302 3389 2384 3441 vi-
2474 3385 2495 3438 ἓ

2372 3418 2384 3432 .
2474 3385 2655 3438 δονται
2690 3383 2801 3449 (91)
2836 3385 2949 3444 τοῖς
3003 3380 3223 3450 ἀνήϐοις
3276 3380 3499 3450 ἄρρεσιν
3530 3380 3637 3431 ἀπὸ
3685 3378 3781 3432 τοῦ
3823 3380 4046 3450 πρώτου

816 3485 936 3522 sum
986 3480 1098 3535 est;
1148 3473 1393 3540 quamvis
1452 3490 1686 3542 prtcsens
1730 3490 1903 3530 canon
1947 3478 2089 3532 dicat
2125 3479 2223 3533 lioc
2257 3495 2379 3535 cum

818 3563 1106 3631 episcopali
1162 3568 1518 3631 periuissione
1578 3566 1715 3623 fieri.
1777 3568 1869 3623 Dic
1925 3586 2053 3639 ergo
2124 3574 2175 3626 in
2236 3588 2380 3627 sum-

817 3669 957 3706 mam
1029 3658 1397 3723 centraliens,
1456 3660 1766 3729 quicunque
1822 3662 1873 3714 in
1935 3678 2143 3718 canone
2198 3671 2377 3722 conti-

819 3759 1032 3813 nentur,
1066 3750 1355 3821 episcopali
1385 3753 1600 3821 quidem
1627 3754 2007 3821 permissione,
2037 3772 2140 3810 non
2199 3761 2371 3814 solum

820 3839 1197 3893 ecclesiastica
1256 3844 1493 3912 negotia.
1554 3846 1645 3899 sed
1702 3856 1753 3899 et
1788 3847 1968 3902 civilia
2005 3850 2141 3915 citra
2204 3852 2369 3906 ullum

818 3927 1184 3995 przeju-lieiuni
1228 3934 1603 4007 exercebant:
1659 3950 1915 4002 praeterea
1969 3954 2146 3993 autem
2204 3944 2369 3997 etiam

816 4036 1030 4072 omnem
1060 4022 1281 4074 tutelam
1313 4032 1367 4076 et
1389 4038 1598 4078 curam.
1631 4025 1684 4078 Si
1718 4027 1836 4079 talis
1871 4037 2049 4081 autem
2070 4046 2172 4085 non
2210 4032 2376 4087 inter-

816 4107 971 4159 cedat
1036 4109 1315 4173 permissio
1356 4146 1371 4172 ,
1428 4112 1663 4179 episcopi
1715 4114 1928 4180 quidem
1999 4125 2055 4168 et
2122 4122 2373 4175 monachi

819 4211 916 4249 nec
954 4200 1200 4260 tutelam.
1229 4216 1327 4255 nec
1371 4187 1555 4255 curam
1620 4215 1830 4271 gerent,
1868 4221 1933 4259 ne
1967 4223 2108 4261 nunc
2155 4211 2371 4277 quidem

818 4290 1035 4354 quando
1096 4292 1210 4360 lege
1265 4293 1332 4346 ad
1386 4293 1487 4348 hoc
1537 4306 1818 4349 vocantur.
1880 4295 2077 4353 Clerici
2144 4310 2366 4369 autem,

2483 3474 2736 3529 ἐνιαυτοῦ
2776 3475 2940 3544 μέχρι
2970 3473 3065 3526 τοῦ
3100 3473 3185 3551 t§',
3222 3472 3316 3525 καὶ
3348 3471 3545 3524 αὐτοῦ’
3568 3471 3759 3541 ὥσπερ
3795 3474 3897 3526 καὶ
3932 3476 4051 3534 ταῖς

2477 3570 2718 3639 θηλείαις
2751 3570 2913 3639 μέχρι
2942 3568 3037 3620 τοῦ
3094 3566 3183 3637 ιβ’,
3216 3568 3312 3621 καὶ
3351 3567 3521 3622 αὐτοῦ
3547 3585 3561 3600 ο
3601 3568 3963 3638 κουράτωρες
3993 3568 4048 3620 δὲ

2478 3663 2590 3724 τοῖς
2636 3659 2859 3729 ἁφήλιξι
2892 3662 3055 3731 μέχρι
3102 3659 3197 3712 τοῦ
3235 3666 3313 3712 κε’
3352 3660 3567 3730 χρόνου,
3595 3663 3687 3712 καὶ
3719 3660 3917 3725 αὑτοῦ,
3950 3661 4049 3713 κᾶν

2482 3756 2711 3827 ἇρρενες
2742 3748 2901 3819 ὦσιν,
2929 3754 3037 3807 κᾶν
3067 3753 3308 3821 θήλειαν
3343 3756 3586 3823 ἐνεργεῖν
3605 3752 3660 3805 δὲ
3690 3754 3909 3817 πάντας
3930 3754 4051 3806 iro-J-

2478 3864 2574 3899 του
2633 3848 2930 3916 πράγματα
2979 3846 3407 3915 ὲκκλησιαστικὰ
3460 3846 3848 3910 ἁδιαστίκτως,
3901 3847 4052 3900 Biba-

2481 3958 2627 4003 κται,
2679 3940 2781 3994 κᾶν
2824 3943 2851 3993 ὁ
2881 3940 3072 4011 παρὼν
3124 3941 3304 3993 κανών
3361 3956 3497 4010 φησι
3549 3940 3687 4009 μετά
3734 3942 4050 4009 ἐπιτροπῆς

2479 4032 2635 4085 τοῦτο
2658 4032 2904 4100 γίνεσθαι
2923 4049 2938 4064 ο
2972 4034 3111 4086 ὥστε
3144 4030 3465 4101 συναγαγὼν
3493 4032 3614 4085 εἰπὲ
3645 4033 3724 4084 ὃτι
3762 4033 3974 4093 πάντες
3997 4032 4049 4084 οἱ

2480 4122 2559 4192 τῷ
2616 4126 2801 4176 κανόνι
2846 4125 3224 4194 περιεχόμενοι
3263 4127 3382 4177 κατ’
3416 4125 3718 4193 ἐπιτροπὴν
3746 4127 4052 4178 ἐπισκοπι-

2476 4215 2583 4283 κῆν
2633 4218 2692 4269 οὑ
2726 4215 2894 4284 μόνον
2923 4218 3355 4286 ὲκκλησιαστικᾰ
3386 4217 3715 4286 πράγματα,
3761 4218 3909 4269 ἀλλὰ
3953 4219 4050 4272 καὶ

2478 4309 2729 4362 πολιτικὰ
2752 4310 3140 4381 ἐνεργήσουσιν
3164 4310 3663 4381 ἀποκριματίστως.
3693 4310 3840 4380 Πρὸς
3860 4311 3922 4365 δὲ
3954 4313 4050 4365 καὶ

2030 4456 2218 4518 Guill.
2252 4460 2574 4539 Beveregii
2610 4470 2796 4524 notua.

891 4576 1985 4659 l9li_’Ezirpo10t(madidos-mellae
2024 4594 2228 4659 tutores
2265 4589 2366 4641 im-
2401 4593 2447 4652 ι)
2471 4600 2565 4659 pot.

2401 4593 2447 4652 D
2471 4599 2703 4659 potentes
2743 4609 2852 4646 esse
2897 4593 3201 4656 credantur,
3240 4593 3374 4647 ibid.
3404 4593 3612 4659 Quibus
3657 4593 3839 4651 modis
3876 4598 4051 4649 tutela

821 4648 1108 4715 puberibus
1145 4650 1258 4700 dari
1315 4652 1565 4702 masculis
1598 4667 1766 4718 usque
1793 4655 1857 4704 ad
1887 4670 1976 4706 an.
2028 4657 2093 4709 14
2149 4656 2363 4714 feminis

823 4731 993 4784 usque
1020 4718 1082 4767 ad
1116 4717 1199 4779 12,
1225 4723 1588 4785 ειῖοιιτειιοιθοε
1618 4717 1861 4788 utrisque
1887 4724 1951 4776 ad
1986 4740 2076 4779 an.
2120 4725 2210 4781 25.
2247 4728 2365 4780 Bul-

822 4802 1010 4839 samon
1036 4800 1100 4837 ex
1136 4788 1249 4853 lege
1281 4788 1422 4839 civili
1464 4791 1792 4855 pronuntiat.
1824 4790 2054 4847 Tutores
2082 4799 2222 4849 enim
2256 4798 2365 4852 dati

824 4866 946 4930 sunt
1000 4856 1405 4930 iinpnlieribus,
1456 4858 1616 4927 idque
1670 4874 1735 4912 ex
1791 4860 1909 4926 jure
1963 4868 2240 4930 naturali;
2311 4878 2369 4921 ut

821 4928 1075 4977 observat
1115 4923 1478 4999 Justinianns,
1531 4923 1734 4993 dicens,
1782 4923 2079 4999 Impuberes
2108 4923 2283 4989 autent
2312 4938 2367 4990 in

820 4999 985 5074 tutela
1016 5009 1147 5056 esse,
1178 5000 1410 5074 naturali
1451 4997 1575 5074 jure
1603 4997 1904 5074 conveniens
1949 5014 2024 5056 est
2057 5021 2076 5057 :
2110 5015 2165 5056 ut
2207 5008 2252 5058 is
2282 5008 2370 5074 qui

819 5065 1062 5144 perfecta'
1102 5067 1405 5144 a-tatis‘non
1463 5069 1841 5144 sia-alterius
1904 5075 2068 5125 tutela
2131 5065 2361 5144 regatur.

822 5133 950 5213 Cum
980 5150 1099 5199 ergo
1126 5137 1442 5213 pupillorum
1470 5139 1902 5213 pupillarumque
1924 5133 2369 5213 curatores'nego-

821 5206 908 5280 tiu
931 5217 1137 5271 gerunt,
1164 5214 1277 5269 post
1323 5208 1643 5271 pubertatem
1676 5206 1850 5263 tutelie
1874 5212 2081 5280 judicio
2113 5206 2366 5269 ration-ein

822 5275 1065 5334 reddunt,
1129 5287 1259 5328 sect.
1322 5279 1375 5338 li,
1423 5290 1473 5329 et
1531 5280 1704 5332 lnstit.
1771 5282 1836 5333 de
1875 5275 2122 5335 'Atiliano
2171 5294 2363 5339 tutore.

826 5342 1089 5419 l’uhe‘rtas
1117 5356 1297 5396 autem
1332 5350 1584 5419 masculis
1610 5363 1703 5419 an.
1739 5352 1825 5414 H,
1852 5352 2067 5405 feminis
2100 5370 2239 5407 anno
2274 5355 2360 5419 12,

823 5415 1049 5488 incipit;
1092 5428 1463 5488 aepmptcrea
1496 5418 1565 5469 illi
1606 5418 1907 5486 impuberes
1940 5437 2062 5475 esse
2091 5415 2362 5487 desinunt,

825 5483 980 5546 idque
1014 5500 1078 5535 ex
1133 5483 1373 5549 ejusdem
1428 5483 1779 5549 institutione,
1823 5492 2073 5554 dicentis,
2129 5491 2198 5545 Ει
2255 5483 2370 5549 ideo

822 5563 1001 5629 nostra
1056 5564 1236 5629 sancta
1264 5556 1630 5629 constitutione
1657 5562 2005 5627 promulgata,
2044 5565 2367 5629 pubertatem

818 5623 874 5701 in
903 5623 1149 5701 olusculis
1175 5636 1285 5689 post
1309 5627 1557 5701 aeriarum
1578 5641 1820 5701 quartum
1838 5623 2366 5701 annum'completnm

818 5694 961 5741 tlllCU
1034 5693 1241 5771 initium
1280 5696 1535 5771 _ticci_pere
1594 5693 1967 5771 disposuimus.
2027 5693 2363 5771 Antiq'rtitatis

818 5776 1057 5812 normam
1088 5763 1139 5813 in
1167 5763 1372 5828 [emittis
1404 5763 1529 5816 bene
1560 5763 1784 5832 positam
1803 5770 1854 5820 in
1879 5787 1972 5822 suo
2002 5763 2182 5823 ordine
2207 5776 2362 5826 relin-

814 5840 1058 5895 quentes,
1114 5843 1170 5884 at
1227 5842 1341 5889 vast
1384 5834 1655 5890 duodecim
1700 5855 1865 5893 annos
1915 5844 2213 5906 cvmuletos,
2260 5845 2355 5896 viri

2476 4662 2681 4733 linitur.
2713 4662 2778 4716 Et
2816 4663 2938 4717 binc
2978 4666 3029 4716 in
3060 4661 3349 4733 Pandectis
3380 4667 3600 4725 dicitur,
3636 4664 3728 4717 sed
3774 4667 3823 4718 si
3865 4670 4054 4733 puella

2475 4730 2841 4785 duodecimum
2879 4749 3077 4799 annum
3122 4732 3431 4800 impleverit,
3476 4743 3622 4786 tutor
3649 4730 3876 4788 desinit
3905 4754 4053 4790 esse.

2474 4800 2512 4853 Ι.
2546 4816 2668 4862 xm,
2706 4811 2838 4855 sect.
2876 4802 2931 4867 2,
2963 4801 3022 4860 Π.
3045 4803 3112 4857 de
3136 4804 3404 4859 tutoribus
3428 4816 3484 4858 et
3505 4806 3855 4859 curatoribus
3877 4809 4049 4859 datis.

2477 4868 2601 4943 Best
2648 4872 2982 4943 pubertatem
3046 4873 3311 4941 inceptam
3367 4888 3536 4943 usque
3564 4877 3651 4943 ad
3702 4890 3913 4928 annum
3950 4877 4049 4929 25.

2475 4939 2765 4993 CnratOres
2794 4941 2902 4993 dati
2933 4953 3058 4995 sunt
3091 4939 3306 5011 utrique
3345 4939 3519 4998 sexui.
3550 4942 3781 4996 Ματαιιὶ
3811 4948 4045 5008 quidem

2474 5011 2710 5074 puberes,
2736 5020 2781 5061 et
2803 5011 3012 5077 femina:
3044 5012 3140 5066 viri
3172 5025 3405 5079 potentes
3446 5029 3605 5080 usque
3633 5014 3704 5066 ad
3727 5016 4051 5068 vicesimum

2470 5080 2710 5151 quintum
2747 5095 2944 5133 armum
2997 5082 3350 5147 completum,
3398 5092 3667 5135 curatores
3713 5086 4049 5151 accipiunt:

2470 5150 2592 5217 quia
2646 5150 2762 5202 licet
2806 5152 3024 5215 puberes
3081 5154 3210 5213 sint,
3242 5156 3413 5205 adhuc
3460 5164 3632 5206 tamen
3679 5152 3797 5222 ejus
3830 5150 4056 5210 lanatis

2470 5231 2613 5282 sunt,
2655 5229 2719 5291 ut
2757 5236 2853 5271 sua
2884 5222 3094 5291 negotia
3143 5224 3279 5275 tueri
3308 5239 3410 5276 non
3450 5224 3671 5291 passint.
3718 5224 3907 5278 lnstit.
3975 5227 4057 5279 De

2467 5290 2818 5361 curatoribus.
2881 5290 3184 5355 l’atidectte,
3230 5293 3457 5361 Apparet
3517 5293 3808 5346 minoribus
3876 5302 4053 5350 aratris

2468 5360 2651 5427 viginti
2701 5360 2929 5427 quinque
2978 5377 3095 5413 eum
3124 5377 3269 5426 apem
3301 5360 3558 5429 polliceri,
3604 5379 3726 5415 nam
3780 5377 3902 5428 post
3948 5367 4053 5419 hoc

2472 5438 2669 5498 tempus
2720 5430 2969 5492 compleri
3022 5430 3223 5482 virilem
3273 5432 3495 5498 vigorem
3529 5442 3758 5485 constat.
3810 5431 3885 5485 Et
3922 5439 4053 5492 ideo

2469 5497 2525 5548 in
2557 5496 2689 5550 lianc
2740 5515 2897 5557 usque
2926 5509 3134 5553 a'tatem
3174 5496 3529 5554 adolescentes
3591 5515 3913 5555 curatorem
3944 5523 4053 5557 au-

2466 5567 2594 5618 xilio
2633 5579 2905 5635 reguntur,
2952 5585 3041 5622 nec
3088 5579 3208 5622 ante
3241 5572 3316 5623 rei
3364 5587 3475 5624 sua:
3526 5572 3937 5627 administratio
3983 5578 4055 5629 si:

2463 5640 2720 5711 committi
2752 5638 2972 5711 debebit,
2991 5642 3223 5711 quamvis
3248 5641 3371 5694 bene
3393 5656 3499 5694 rem
3516 5658 3669 5696 suam
3701 5646 4052 5711 gerentibus.

2464 5706 2502 5759 Ι.
2536 5720 2582 5787 ι..
2616 5718 2750 5762 sect.
2780 5713 2814 5761 2
2845 5721 2898 5764 et
2941 5706 3077 5775 δαΐ.
3106 5710 3174 5767 de
3209 5712 3511 5768 minoribus
3545 5706 3735 5783 viginli
3783 5714 4052 5785 quinque

2459 5792 2635 5832 anius.
