  <div class='ocr_page' id='page_1' title='image "/cluster/home/n/w/nwhite01/storage/ocr_20150623/137/nnc1.0046979786/225.png"; bbox 0 0 4238 6464; ppageno 0'>
   <div class='ocr_carea' id='block_1_1' title="bbox 775 396 2758 485">
    <p class='ocr_par' dir='ltr' id='par_1_1' title="bbox 775 396 2758 485">
     <span class='ocr_line' id='line_1_1' title="bbox 775 396 2758 485; baseline 0.003 -6"><span class='ocrx_word' id='word_1_1' title='bbox 775 396 882 483; x_wconf 74' lang='lat'><strong>395</strong></span> <span class='ocrx_word' id='word_1_2' title='bbox 2028 426 2301 485; x_wconf 86' lang='lat' dir='ltr'><strong>THEOD.</strong></span> <span class='ocrx_word' id='word_1_3' title='bbox 2350 426 2758 485; x_wconf 78' lang='lat' dir='ltr'><strong>BALSAMON</strong></span> 
     </span>
    </p>
   </div>
   <div class='ocr_carea' id='block_1_2' title="bbox 3908 431 4013 492">
    <p class='ocr_par' dir='ltr' id='par_1_2' title="bbox 3908 431 4013 492">
     <span class='ocr_line' id='line_1_2' title="bbox 3908 431 4013 492; baseline 0 0"><span class='ocrx_word' id='word_1_4' title='bbox 3908 431 4013 492; x_wconf 86' lang='lat'><strong>396</strong></span> 
     </span>
    </p>
   </div>
   <div class='ocr_carea' id='block_1_3' title="bbox 776 534 2450 612">
    <p class='ocr_par' dir='ltr' id='par_1_3' title="bbox 776 534 2450 606">
     <span class='ocr_line' id='line_1_3' title="bbox 776 534 2450 606; baseline 0.001 -19"><span class='ocrx_word' id='word_1_5' title='bbox 776 546 898 588; x_wconf 89' lang='lat' dir='ltr'><strong>tur:</strong></span> <span class='ocrx_word' id='word_1_6' title='bbox 944 548 1007 590; x_wconf 90' lang='lat' dir='ltr'><strong>ac</strong></span> <span class='ocrx_word' id='word_1_7' title='bbox 1034 534 1218 589; x_wconf 63' lang='lat' dir='ltr'><strong>tutelae</strong></span> <span class='ocrx_word' id='word_1_8' title='bbox 1241 534 1457 605; x_wconf 74' lang='lat' dir='ltr'><strong>(lnidem</strong></span> <span class='ocrx_word' id='word_1_9' title='bbox 1495 536 1715 589; x_wconf 83' lang='lat' dir='ltr'><strong>nomine</strong></span> <span class='ocrx_word' id='word_1_10' title='bbox 1746 536 2085 606; x_wconf 89' lang='lat' dir='ltr'><strong>impuberum</strong></span> <span class='ocrx_word' id='word_1_11' title='bbox 2146 554 2331 593; x_wconf 85' lang='lat' dir='ltr'><strong>curam</strong></span> <span class='ocrx_word' id='word_1_12' title='bbox 2366 548 2409 599; x_wconf 78' lang='grc' dir='ltr'><strong>Α</strong></span> <span class='ocrx_word' id='word_1_13' title='bbox 2437 556 2450 590; x_wconf 90' lang='grc'>‹</span> 
     </span>
    </p>
   </div>
   <div class='ocr_carea' id='block_1_4' title="bbox 2337 534 4011 612">
    <p class='ocr_par' dir='ltr' id='par_1_4' title="bbox 2366 538 4011 612">
     <span class='ocr_line' id='line_1_4' title="bbox 2366 538 4011 612; baseline 0.004 -21"><span class='ocrx_word' id='word_1_14' title='bbox 2366 548 2409 599; x_wconf 79' lang='grc' dir='ltr'><strong>Α</strong></span> <span class='ocrx_word' id='word_1_15' title='bbox 2437 541 2486 591; x_wconf 87' lang='grc' dir='ltr'>οἱ</span> <span class='ocrx_word' id='word_1_16' title='bbox 2511 542 2609 610; x_wconf 84' lang='grc' dir='ltr'>τὴν</span> <span class='ocrx_word' id='word_1_17' title='bbox 2642 539 2741 607; x_wconf 85' lang='grc' dir='ltr'>μὲν</span> <span class='ocrx_word' id='word_1_18' title='bbox 2771 538 2910 609; x_wconf 79' lang='grc' dir='ltr'>ῆόην</span> <span class='ocrx_word' id='word_1_19' title='bbox 2942 539 3403 609; x_wconf 72' lang='grc' dir='ltr'>ὕπεραναὸἁντες,</span> <span class='ocrx_word' id='word_1_20' title='bbox 3434 542 3631 612; x_wconf 80' lang='grc' dir='ltr'><strong>ἥττους</strong></span> <span class='ocrx_word' id='word_1_21' title='bbox 3664 543 3718 596; x_wconf 83' lang='grc' dir='ltr'>δὲ</span> <span class='ocrx_word' id='word_1_22' title='bbox 3778 544 3887 595; x_wconf 80' lang='grc' dir='ltr'>τῶν</span> <span class='ocrx_word' id='word_1_23' title='bbox 3922 544 4011 597; x_wconf 85' lang='grc' dir='ltr'>κε’</span> 
     </span>
    </p>
   </div>
   <div class='ocr_carea' id='block_1_5' title="bbox 771 626 2326 697">
    <p class='ocr_par' dir='ltr' id='par_1_5' title="bbox 771 626 2326 697">
     <span class='ocr_line' id='line_1_5' title="bbox 771 626 2326 697; baseline 0.002 -19"><span class='ocrx_word' id='word_1_24' title='bbox 771 627 1011 696; x_wconf 84' lang='lat' dir='ltr'><strong>synodus</strong></span> <span class='ocrx_word' id='word_1_25' title='bbox 1057 628 1271 689; x_wconf 84' lang='lat' dir='ltr'><strong>innuit,</strong></span> <span class='ocrx_word' id='word_1_26' title='bbox 1320 626 1411 696; x_wconf 87' lang='lat' dir='ltr'><strong>(iis</strong></span> <span class='ocrx_word' id='word_1_27' title='bbox 1457 642 1649 696; x_wconf 85' lang='lat' dir='ltr'><strong>nempe</strong></span> <span class='ocrx_word' id='word_1_28' title='bbox 1704 637 1913 682; x_wconf 87' lang='lat' dir='ltr'><strong>tutores</strong></span> <span class='ocrx_word' id='word_1_29' title='bbox 1954 630 2326 697; x_wconf 70' lang='lat' dir='ltr'><strong>assignantur)</strong></span> 
     </span>
    </p>
   </div>
   <div class='ocr_carea' id='block_1_6' title="bbox 772 717 2337 787">
    <p class='ocr_par' dir='ltr' id='par_1_6' title="bbox 772 717 2337 787">
     <span class='ocr_line' id='line_1_6' title="bbox 772 717 2337 787; baseline 0.001 -19"><span class='ocrx_word' id='word_1_30' title='bbox 772 719 914 787; x_wconf 75' lang='lat' dir='ltr'><strong>quod</strong></span> <span class='ocrx_word' id='word_1_31' title='bbox 943 730 1124 770; x_wconf 88' lang='lat' dir='ltr'><strong>autem</strong></span> <span class='ocrx_word' id='word_1_32' title='bbox 1174 720 1444 771; x_wconf 90' lang='lat' dir='ltr'><strong>minorum</strong></span> <span class='ocrx_word' id='word_1_33' title='bbox 1478 720 1811 771; x_wconf 78' lang='lat' dir='ltr'><strong>mentionem</strong></span> <span class='ocrx_word' id='word_1_34' title='bbox 1855 717 2068 780; x_wconf 83' lang='lat' dir='ltr'><strong>fecerit,</strong></span> <span class='ocrx_word' id='word_1_35' title='bbox 2118 731 2337 775; x_wconf 81' lang='lat' dir='ltr'><strong>curatu-</strong></span> 
     </span>
    </p>
   </div>
   <div class='ocr_carea' id='block_1_7' title="bbox 778 810 2333 882">
    <p class='ocr_par' dir='ltr' id='par_1_7' title="bbox 778 810 2333 882">
     <span class='ocr_line' id='line_1_7' title="bbox 778 810 2333 882; baseline 0.001 -19"><span class='ocrx_word' id='word_1_36' title='bbox 778 813 850 866; x_wconf 90' lang='lat' dir='ltr'><strong>ris</strong></span> <span class='ocrx_word' id='word_1_37' title='bbox 880 811 1380 866; x_wconf 84' lang='lat' dir='ltr'><strong>munusindicavit.</strong></span> <span class='ocrx_word' id='word_1_38' title='bbox 1409 810 1549 865; x_wconf 89' lang='lat' dir='ltr'><strong>Sunt</strong></span> <span class='ocrx_word' id='word_1_39' title='bbox 1593 827 1827 880; x_wconf 83' lang='lat' dir='ltr'><strong>namque</strong></span> <span class='ocrx_word' id='word_1_40' title='bbox 1870 814 2201 882; x_wconf 81' lang='lat' dir='ltr'><strong>impuberes,</strong></span> <span class='ocrx_word' id='word_1_41' title='bbox 2243 815 2333 880; x_wconf 86' lang='lat' dir='ltr'><strong>qui</strong></span> 
     </span>
    </p>
   </div>
   <div class='ocr_carea' id='block_1_8' title="bbox 773 902 2338 972">
    <p class='ocr_par' dir='ltr' id='par_1_8' title="bbox 773 902 2338 972">
     <span class='ocr_line' id='line_1_8' title="bbox 773 902 2338 972; baseline 0.002 -18"><span class='ocrx_word' id='word_1_42' title='bbox 773 904 930 956; x_wconf 87' lang='lat' dir='ltr'><strong>annis</strong></span> <span class='ocrx_word' id='word_1_43' title='bbox 964 902 1032 955; x_wconf 72' lang='grc'><strong>14</strong></span> <span class='ocrx_word' id='word_1_44' title='bbox 1072 903 1308 956; x_wconf 87' lang='lat' dir='ltr'><strong>minores</strong></span> <span class='ocrx_word' id='word_1_45' title='bbox 1333 915 1502 955; x_wconf 85' lang='lat' dir='ltr'><strong>sunt:</strong></span> <span class='ocrx_word' id='word_1_46' title='bbox 1536 903 1772 956; x_wconf 87' lang='lat' dir='ltr'><strong>minores</strong></span> <span class='ocrx_word' id='word_1_47' title='bbox 1806 918 1954 964; x_wconf 91' lang='lat' dir='ltr'><strong>vero,</strong></span> <span class='ocrx_word' id='word_1_48' title='bbox 1983 903 2073 972; x_wconf 83' lang='lat' dir='ltr'><strong>qui</strong></span> <span class='ocrx_word' id='word_1_49' title='bbox 2108 906 2338 970; x_wconf 91' lang='lat' dir='ltr'><strong>puberes</strong></span> 
     </span>
    </p>
   </div>
   <div class='ocr_carea' id='block_1_9' title="bbox 771 994 2338 1057">
    <p class='ocr_par' dir='ltr' id='par_1_9' title="bbox 771 994 2338 1057">
     <span class='ocr_line' id='line_1_9' title="bbox 771 994 2338 1057; baseline -0.001 -10"><span class='ocrx_word' id='word_1_50' title='bbox 771 1011 894 1048; x_wconf 76' lang='lat' dir='ltr'><strong>cum</strong></span> <span class='ocrx_word' id='word_1_51' title='bbox 928 994 1062 1057; x_wconf 87' lang='lat' dir='ltr'><strong>sint,</strong></span> <span class='ocrx_word' id='word_1_52' title='bbox 1092 1009 1293 1047; x_wconf 88' lang='lat' dir='ltr'><strong>annum</strong></span> <span class='ocrx_word' id='word_1_53' title='bbox 1354 1004 1533 1049; x_wconf 89' lang='lat' dir='ltr'><strong>tamen</strong></span> <span class='ocrx_word' id='word_1_54' title='bbox 1575 998 1752 1048; x_wconf 69' lang='lat' dir='ltr'><strong>aetatis</strong></span> <span class='ocrx_word' id='word_1_55' title='bbox 1798 994 1871 1047; x_wconf 71' lang='lat'><strong>25</strong></span> <span class='ocrx_word' id='word_1_56' title='bbox 1918 996 2155 1049; x_wconf 88' lang='lat' dir='ltr'><strong>nondum</strong></span> <span class='ocrx_word' id='word_1_57' title='bbox 2210 996 2338 1047; x_wconf 84' lang='lat' dir='ltr'><strong>alti-</strong></span> 
     </span>
    </p>
   </div>
   <div class='ocr_carea' id='block_1_10' title="bbox 774 1084 2339 1154">
    <p class='ocr_par' dir='ltr' id='par_1_10' title="bbox 774 1084 2339 1154">
     <span class='ocr_line' id='line_1_10' title="bbox 774 1084 2339 1154; baseline -0.002 -15"><span class='ocrx_word' id='word_1_58' title='bbox 774 1100 922 1154; x_wconf 73' lang='lat' dir='ltr'><strong>gere,</strong></span> <span class='ocrx_word' id='word_1_59' title='bbox 955 1087 1147 1153; x_wconf 86' lang='lat' dir='ltr'><strong>quibus</strong></span> <span class='ocrx_word' id='word_1_60' title='bbox 1179 1086 1394 1152; x_wconf 84' lang='lat' dir='ltr'><strong>quidem</strong></span> <span class='ocrx_word' id='word_1_61' title='bbox 1422 1094 1702 1138; x_wconf 77' lang='lat' dir='ltr'><strong>curatores</strong></span> <span class='ocrx_word' id='word_1_62' title='bbox 1724 1086 1837 1137; x_wconf 83' lang='lat' dir='ltr'><strong>dari</strong></span> <span class='ocrx_word' id='word_1_63' title='bbox 1864 1085 2061 1139; x_wconf 87' lang='lat' dir='ltr'><strong>solent.</strong></span> <span class='ocrx_word' id='word_1_64' title='bbox 2090 1084 2194 1137; x_wconf 82' lang='lat' dir='ltr'><strong>Sed</strong></span> <span class='ocrx_word' id='word_1_65' title='bbox 2226 1086 2339 1137; x_wconf 70' lang='lat' dir='ltr'><strong>haec</strong></span> 
     </span>
    </p>
   </div>
   <div class='ocr_carea' id='block_1_11' title="bbox 778 1175 2336 1246">
    <p class='ocr_par' dir='ltr' id='par_1_11' title="bbox 778 1175 2336 1246">
     <span class='ocr_line' id='line_1_11' title="bbox 778 1175 2336 1246; baseline 0 -19"><span class='ocrx_word' id='word_1_66' title='bbox 778 1191 915 1246; x_wconf 80' lang='lat' dir='ltr'><strong>ipsa,</strong></span> <span class='ocrx_word' id='word_1_67' title='bbox 944 1175 1142 1244; x_wconf 77' lang='lat' dir='ltr'><strong>inquit,</strong></span> <span class='ocrx_word' id='word_1_68' title='bbox 1181 1176 1379 1228; x_wconf 77' lang='lat' dir='ltr'><strong>tutoris</strong></span> <span class='ocrx_word' id='word_1_69' title='bbox 1406 1176 1742 1229; x_wconf 86' lang='lat' dir='ltr'><strong>curatorisve</strong></span> <span class='ocrx_word' id='word_1_70' title='bbox 1768 1177 1948 1227; x_wconf 84' lang='lat' dir='ltr'><strong>munia</strong></span> <span class='ocrx_word' id='word_1_71' title='bbox 1983 1184 2093 1228; x_wconf 90' lang='lat' dir='ltr'><strong>tum</strong></span> <span class='ocrx_word' id='word_1_72' title='bbox 2122 1176 2336 1227; x_wconf 87' lang='lat' dir='ltr'><strong>demum</strong></span> 
     </span>
    </p>
   </div>
   <div class='ocr_carea' id='block_1_12' title="bbox 776 1267 2337 1336">
    <p class='ocr_par' dir='ltr' id='par_1_12' title="bbox 776 1267 2337 1336">
     <span class='ocr_line' id='line_1_12' title="bbox 776 1267 2337 1336; baseline -0.002 -15"><span class='ocrx_word' id='word_1_73' title='bbox 776 1270 1033 1332; x_wconf 85' lang='lat' dir='ltr'><strong>subeant,</strong></span> <span class='ocrx_word' id='word_1_74' title='bbox 1063 1282 1185 1321; x_wconf 91' lang='lat' dir='ltr'><strong>cum</strong></span> <span class='ocrx_word' id='word_1_75' title='bbox 1223 1281 1287 1321; x_wconf 90' lang='lat' dir='ltr'><strong>ea</strong></span> <span class='ocrx_word' id='word_1_76' title='bbox 1317 1267 1528 1336; x_wconf 81' lang='lat' dir='ltr'><strong>legibus</strong></span> <span class='ocrx_word' id='word_1_77' title='bbox 1561 1267 1841 1335; x_wconf 87' lang='lat' dir='ltr'><strong>suscipere</strong></span> <span class='ocrx_word' id='word_1_78' title='bbox 1896 1270 2204 1319; x_wconf 67' lang='lat' dir='ltr'><strong>necessario</strong></span> <span class='ocrx_word' id='word_1_79' title='bbox 2241 1282 2337 1320; x_wconf 90' lang='lat' dir='ltr'><strong>co-</strong></span> 
     </span>
    </p>
   </div>
   <div class='ocr_carea' id='block_1_13' title="bbox 775 1358 2338 1428">
    <p class='ocr_par' dir='ltr' id='par_1_13' title="bbox 775 1358 2338 1428">
     <span class='ocr_line' id='line_1_13' title="bbox 775 1358 2338 1428; baseline -0.001 -14"><span class='ocrx_word' id='word_1_80' title='bbox 775 1369 998 1425; x_wconf 70' lang='lat' dir='ltr'><strong>guntur,</strong></span> <span class='ocrx_word' id='word_1_81' title='bbox 1046 1372 1151 1413; x_wconf 91' lang='lat' dir='ltr'><strong>non</strong></span> <span class='ocrx_word' id='word_1_82' title='bbox 1210 1373 1275 1413; x_wconf 87' lang='lat' dir='ltr'><strong>ea</strong></span> <span class='ocrx_word' id='word_1_83' title='bbox 1330 1361 1432 1414; x_wconf 87' lang='lat' dir='ltr'><strong>sibi</strong></span> <span class='ocrx_word' id='word_1_84' title='bbox 1489 1358 1631 1412; x_wconf 89' lang='lat' dir='ltr'><strong>ultro</strong></span> <span class='ocrx_word' id='word_1_85' title='bbox 1694 1360 1792 1426; x_wconf 91' lang='lat' dir='ltr'><strong>ipsi</strong></span> <span class='ocrx_word' id='word_1_86' title='bbox 1836 1360 2129 1428; x_wconf 87' lang='lat' dir='ltr'><strong>deposcant</strong></span> <span class='ocrx_word' id='word_1_87' title='bbox 2177 1371 2338 1427; x_wconf 87' lang='lat' dir='ltr'><strong>atque</strong></span> 
     </span>
    </p>
   </div>
   <div class='ocr_carea' id='block_1_14' title="bbox 774 1448 2333 1521">
    <p class='ocr_par' dir='ltr' id='par_1_14' title="bbox 774 1448 2333 1521">
     <span class='ocr_line' id='line_1_14' title="bbox 774 1448 2333 1521; baseline 0.001 -19"><span class='ocrx_word' id='word_1_88' title='bbox 774 1460 1050 1521; x_wconf 86' lang='lat' dir='ltr'><strong>appetant.</strong></span> <span class='ocrx_word' id='word_1_89' title='bbox 1084 1448 1152 1502; x_wconf 78' lang='lat' dir='ltr'><strong>Et</strong></span> <span class='ocrx_word' id='word_1_90' title='bbox 1185 1465 1307 1503; x_wconf 91' lang='lat' dir='ltr'><strong>cum</strong></span> <span class='ocrx_word' id='word_1_91' title='bbox 1332 1452 1616 1519; x_wconf 76' lang='lat' dir='ltr'><strong>epist-Opus</strong></span> <span class='ocrx_word' id='word_1_92' title='bbox 1648 1451 1819 1515; x_wconf 91' lang='lat' dir='ltr'><strong>urbis,</strong></span> <span class='ocrx_word' id='word_1_93' title='bbox 1859 1454 1912 1503; x_wconf 92' lang='lat' dir='ltr'><strong>in</strong></span> <span class='ocrx_word' id='word_1_94' title='bbox 1973 1467 2077 1520; x_wconf 86' lang='lat' dir='ltr'><strong>qua</strong></span> <span class='ocrx_word' id='word_1_95' title='bbox 2146 1467 2333 1504; x_wconf 85' lang='lat' dir='ltr'><strong>sacer-</strong></span> 
     </span>
    </p>
   </div>
   <div class='ocr_carea' id='block_1_15' title="bbox 783 1541 2337 1611">
    <p class='ocr_par' dir='ltr' id='par_1_15' title="bbox 783 1541 2337 1611">
     <span class='ocr_line' id='line_1_15' title="bbox 783 1541 2337 1611; baseline 0.001 -16"><span class='ocrx_word' id='word_1_96' title='bbox 783 1549 937 1597; x_wconf 85' lang='lat' dir='ltr'><strong>dotes</strong></span> <span class='ocrx_word' id='word_1_97' title='bbox 975 1545 1027 1596; x_wconf 91' lang='lat' dir='ltr'><strong>in</strong></span> <span class='ocrx_word' id='word_1_98' title='bbox 1058 1541 1263 1596; x_wconf 84' lang='lat' dir='ltr'><strong>clerum</strong></span> <span class='ocrx_word' id='word_1_99' title='bbox 1288 1543 1526 1611; x_wconf 84' lang='lat' dir='ltr'><strong>cooptati</strong></span> <span class='ocrx_word' id='word_1_100' title='bbox 1551 1551 1699 1603; x_wconf 90' lang='lat' dir='ltr'><strong>sunt,</strong></span> <span class='ocrx_word' id='word_1_101' title='bbox 1735 1553 1788 1596; x_wconf 90' lang='lat' dir='ltr'><strong>et</strong></span> <span class='ocrx_word' id='word_1_102' title='bbox 1826 1541 1977 1609; x_wconf 93' lang='lat' dir='ltr'><strong>juxta</strong></span> <span class='ocrx_word' id='word_1_103' title='bbox 2030 1558 2191 1611; x_wconf 82' lang='lat' dir='ltr'><strong>quam</strong></span> <span class='ocrx_word' id='word_1_104' title='bbox 2224 1559 2337 1597; x_wconf 92' lang='lat' dir='ltr'><strong>mo-</strong></span> 
     </span>
    </p>
   </div>
   <div class='ocr_carea' id='block_1_16' title="bbox 780 1634 2335 1704">
    <p class='ocr_par' dir='ltr' id='par_1_16' title="bbox 780 1634 2335 1704">
     <span class='ocr_line' id='line_1_16' title="bbox 780 1634 2335 1704; baseline 0.002 -17"><span class='ocrx_word' id='word_1_105' title='bbox 780 1636 936 1689; x_wconf 89' lang='lat' dir='ltr'><strong>nachi</strong></span> <span class='ocrx_word' id='word_1_106' title='bbox 964 1635 1271 1688; x_wconf 82' lang='lat' dir='ltr'><strong>inhabitant</strong></span> <span class='ocrx_word' id='word_1_107' title='bbox 1296 1636 1441 1704; x_wconf 85' lang='lat' dir='ltr'><strong>(nam</strong></span> <span class='ocrx_word' id='word_1_108' title='bbox 1471 1644 1526 1688; x_wconf 92' lang='lat' dir='ltr'><strong>et</strong></span> <span class='ocrx_word' id='word_1_109' title='bbox 1564 1634 1861 1689; x_wconf 76' lang='lat' dir='ltr'><strong>monachos</strong></span> <span class='ocrx_word' id='word_1_110' title='bbox 1892 1637 2155 1704; x_wconf 75' lang='lat' dir='ltr'><strong>cujusque</strong></span> <span class='ocrx_word' id='word_1_111' title='bbox 2187 1638 2335 1691; x_wconf 84' lang='lat' dir='ltr'><strong>urbis</strong></span> 
     </span>
    </p>
   </div>
   <div class='ocr_carea' id='block_1_17' title="bbox 776 1727 2333 1797">
    <p class='ocr_par' dir='ltr' id='par_1_17' title="bbox 776 1727 2333 1797">
     <span class='ocr_line' id='line_1_17' title="bbox 776 1727 2333 1797; baseline 0.003 -21"><span class='ocrx_word' id='word_1_112' title='bbox 776 1728 1042 1797; x_wconf 71' lang='lat' dir='ltr'><strong>episc0pis</strong></span> <span class='ocrx_word' id='word_1_113' title='bbox 1078 1727 1351 1797; x_wconf 81' lang='lat' dir='ltr'><strong>subjectos</strong></span> <span class='ocrx_word' id='word_1_114' title='bbox 1396 1741 1517 1780; x_wconf 86' lang='lat' dir='ltr'><strong>esse</strong></span> <span class='ocrx_word' id='word_1_115' title='bbox 1564 1728 1761 1781; x_wconf 87' lang='lat' dir='ltr'><strong>debere</strong></span> <span class='ocrx_word' id='word_1_116' title='bbox 1807 1730 2048 1796; x_wconf 77' lang='lat' dir='ltr'><strong>proxime</strong></span> <span class='ocrx_word' id='word_1_117' title='bbox 2088 1732 2333 1797; x_wconf 89' lang='lat' dir='ltr'><strong>sequenti</strong></span> 
     </span>
    </p>
   </div>
   <div class='ocr_carea' id='block_1_18' title="bbox 775 1816 2335 1886">
    <p class='ocr_par' dir='ltr' id='par_1_18' title="bbox 775 1816 2335 1886">
     <span class='ocr_line' id='line_1_18' title="bbox 775 1816 2335 1886; baseline 0.001 -17"><span class='ocrx_word' id='word_1_118' title='bbox 775 1833 983 1873; x_wconf 71' lang='lat' dir='ltr'><strong>ratione</strong></span> <span class='ocrx_word' id='word_1_119' title='bbox 1012 1819 1367 1871; x_wconf 86' lang='lat' dir='ltr'><strong>constitutum</strong></span> <span class='ocrx_word' id='word_1_120' title='bbox 1401 1816 1684 1885; x_wconf 78' lang='lat' dir='ltr'><strong>reperias),</strong></span> <span class='ocrx_word' id='word_1_121' title='bbox 1707 1820 2042 1886; x_wconf 72' lang='lat' dir='ltr'><strong>negotiorum</strong></span> <span class='ocrx_word' id='word_1_122' title='bbox 2078 1819 2335 1871; x_wconf 76' lang='lat' dir='ltr'><strong>ecclesia-</strong></span> 
     </span>
    </p>
   </div>
   <div class='ocr_carea' id='block_1_19' title="bbox 2440 625 4007 704">
    <p class='ocr_par' dir='ltr' id='par_1_19' title="bbox 2440 625 4007 704">
     <span class='ocr_line' id='line_1_19' title="bbox 2440 625 4007 704; baseline 0.002 -19"><span class='ocrx_word' id='word_1_123' title='bbox 2440 633 2722 694; x_wconf 79' lang='grc' dir='ltr'>ἐνιαυτῶν,</span> <span class='ocrx_word' id='word_1_124' title='bbox 2752 625 2826 684; x_wconf 82' lang='grc' dir='ltr'>ὧν</span> <span class='ocrx_word' id='word_1_125' title='bbox 2871 633 3227 701; x_wconf 77' lang='grc' dir='ltr'><strong>προΐστανται</strong></span> <span class='ocrx_word' id='word_1_126' title='bbox 3274 634 3324 686; x_wconf 75' lang='grc' dir='ltr'><strong>οἱ</strong></span> <span class='ocrx_word' id='word_1_127' title='bbox 3363 637 3735 704; x_wconf 81' lang='grc' dir='ltr'>κουράτωρες,</span> <span class='ocrx_word' id='word_1_128' title='bbox 3768 638 3864 687; x_wconf 75' lang='grc' dir='ltr'><strong>καὶ</strong></span> <span class='ocrx_word' id='word_1_129' title='bbox 3891 641 4007 688; x_wconf 73' lang='grc' dir='ltr'>τότε</span> 
     </span>
    </p>
   </div>
   <div class='ocr_carea' id='block_1_20' title="bbox 2441 724 4012 798">
    <p class='ocr_par' dir='ltr' id='par_1_20' title="bbox 2441 724 4012 798">
     <span class='ocr_line' id='line_1_20' title="bbox 2441 724 4012 798; baseline 0.003 -23"><span class='ocrx_word' id='word_1_130' title='bbox 2441 724 2766 793; x_wconf 82' lang='grc' dir='ltr'>καλούμενοι</span> <span class='ocrx_word' id='word_1_131' title='bbox 2797 726 2861 776; x_wconf 78' lang='grc' dir='ltr'>ἐκ</span> <span class='ocrx_word' id='word_1_132' title='bbox 2890 724 2983 777; x_wconf 77' lang='grc' dir='ltr'>τοῦ</span> <span class='ocrx_word' id='word_1_133' title='bbox 3019 728 3185 793; x_wconf 84' lang='grc' dir='ltr'>νόμου</span> <span class='ocrx_word' id='word_1_134' title='bbox 3219 727 3297 786; x_wconf 83' lang='grc' dir='ltr'><strong>είς</strong></span> <span class='ocrx_word' id='word_1_135' title='bbox 3336 728 3637 797; x_wconf 75' lang='grc' dir='ltr'>ἐπιτροπὴν</span> <span class='ocrx_word' id='word_1_136' title='bbox 3667 728 3697 796; x_wconf 77' lang='grc' dir='ltr'>ἢ</span> <span class='ocrx_word' id='word_1_137' title='bbox 3728 745 4012 798; x_wconf 80' lang='grc' dir='ltr'>κουρατω-</span> 
     </span>
    </p>
   </div>
   <div class='ocr_carea' id='block_1_21' title="bbox 2444 816 4015 884">
    <p class='ocr_par' dir='ltr' id='par_1_21' title="bbox 2444 816 4015 884">
     <span class='ocr_line' id='line_1_21' title="bbox 2444 816 4015 884; baseline 0.001 -18"><span class='ocrx_word' id='word_1_138' title='bbox 2444 816 2617 884; x_wconf 84' lang='grc' dir='ltr'>ρείαν,</span> <span class='ocrx_word' id='word_1_139' title='bbox 2643 817 3035 884; x_wconf 70' lang='grc' dir='ltr'><strong>ἀπαραιτήτως</strong></span> <span class='ocrx_word' id='word_1_140' title='bbox 3076 818 3379 868; x_wconf 82' lang='grc' dir='ltr'>ὑπεισιὲναι</span> <span class='ocrx_word' id='word_1_141' title='bbox 3405 820 3609 878; x_wconf 79' lang='grc' dir='ltr'>ταύτας</span> <span class='ocrx_word' id='word_1_142' title='bbox 3648 817 3862 869; x_wconf 73' lang='grc' dir='ltr'>κελεύει</span> <span class='ocrx_word' id='word_1_143' title='bbox 3884 818 4015 869; x_wconf 79' lang='grc' dir='ltr'>τού-</span> 
     </span>
    </p>
   </div>
   <div class='ocr_carea' id='block_1_22' title="bbox 2440 908 4013 978">
    <p class='ocr_par' dir='ltr' id='par_1_22' title="bbox 2440 908 4013 978">
     <span class='ocr_line' id='line_1_22' title="bbox 2440 908 4013 978; baseline 0.003 -21"><span class='ocrx_word' id='word_1_144' title='bbox 2440 924 2587 970; x_wconf 84' lang='grc' dir='ltr'>τους,</span> <span class='ocrx_word' id='word_1_145' title='bbox 2620 908 2681 959; x_wconf 84' lang='grc' dir='ltr'><strong>οὐ</strong></span> <span class='ocrx_word' id='word_1_146' title='bbox 2710 908 2815 975; x_wconf 82' lang='grc' dir='ltr'>μὴν</span> <span class='ocrx_word' id='word_1_147' title='bbox 2847 908 3073 970; x_wconf 76' lang='grc' dir='ltr'>ἑαυτοὺς,</span> <span class='ocrx_word' id='word_1_148' title='bbox 3101 910 3449 978; x_wconf 74' lang='grc' dir='ltr'>ὲπιρῤίπτειν</span> <span class='ocrx_word' id='word_1_149' title='bbox 3480 909 3762 970; x_wconf 71' lang='grc' dir='ltr'>τοιαύταις</span> <span class='ocrx_word' id='word_1_150' title='bbox 3799 909 4013 978; x_wconf 82' lang='grc' dir='ltr'>διοική-</span> 
     </span>
    </p>
   </div>
   <div class='ocr_carea' id='block_1_23' title="bbox 2442 996 4018 1074">
    <p class='ocr_par' dir='ltr' id='par_1_23' title="bbox 2442 996 4018 1074">
     <span class='ocr_line' id='line_1_23' title="bbox 2442 996 4018 1074; baseline 0.001 -24"><span class='ocrx_word' id='word_1_151' title='bbox 2442 1017 2581 1054; x_wconf 88' lang='grc' dir='ltr'>σεσι.</span> <span class='ocrx_word' id='word_1_152' title='bbox 2614 1001 2726 1054; x_wconf 71' lang='grc' dir='ltr'><strong>Καὶ</strong></span> <span class='ocrx_word' id='word_1_153' title='bbox 2765 1002 2852 1053; x_wconf 84' lang='grc' dir='ltr'>ὅτε</span> <span class='ocrx_word' id='word_1_154' title='bbox 2887 1001 2943 1053; x_wconf 80' lang='grc' dir='ltr'><strong>δὲ</strong></span> <span class='ocrx_word' id='word_1_155' title='bbox 2973 1003 3001 1052; x_wconf 88' lang='grc' dir='ltr'><strong>ό</strong></span> <span class='ocrx_word' id='word_1_156' title='bbox 3048 1004 3147 1069; x_wconf 74' lang='grc' dir='ltr'><strong>τῆς</strong></span> <span class='ocrx_word' id='word_1_157' title='bbox 3181 1001 3389 1063; x_wconf 78' lang='grc' dir='ltr'>πόλεως</span> <span class='ocrx_word' id='word_1_158' title='bbox 3418 1002 3714 1064; x_wconf 76' lang='grc' dir='ltr'>ἐπίσκοπος</span> <span class='ocrx_word' id='word_1_159' title='bbox 3766 1004 3825 1053; x_wconf 83' lang='grc' dir='ltr'>ὲν</span> <span class='ocrx_word' id='word_1_160' title='bbox 3922 1018 4018 1052; x_wconf 86' lang='grc' dir='ltr'>κε-</span> 
     </span>
    </p>
   </div>
   <div class='ocr_carea' id='block_1_24' title="bbox 2441 1092 4018 1163">
    <p class='ocr_par' dir='ltr' id='par_1_24' title="bbox 2441 1092 4018 1163">
     <span class='ocr_line' id='line_1_24' title="bbox 2441 1092 4018 1163; baseline 0 -18"><span class='ocrx_word' id='word_1_161' title='bbox 2441 1093 2752 1162; x_wconf 86' lang='grc' dir='ltr'>κλήρωνται</span> <span class='ocrx_word' id='word_1_162' title='bbox 2775 1095 2822 1146; x_wconf 88' lang='grc' dir='ltr'><strong>οί</strong></span> <span class='ocrx_word' id='word_1_163' title='bbox 2876 1094 3192 1161; x_wconf 83' lang='grc' dir='ltr'>ίερωμένοι,</span> <span class='ocrx_word' id='word_1_164' title='bbox 3232 1092 3265 1161; x_wconf 81' lang='grc' dir='ltr'>ἢ</span> <span class='ocrx_word' id='word_1_165' title='bbox 3302 1092 3659 1162; x_wconf 80' lang='grc' dir='ltr'><strong>παροικοῦσιν</strong></span> <span class='ocrx_word' id='word_1_166' title='bbox 3689 1094 3739 1145; x_wconf 86' lang='grc' dir='ltr'>οἱ</span> <span class='ocrx_word' id='word_1_167' title='bbox 3786 1097 4018 1163; x_wconf 75' lang='grc' dir='ltr'>μοναχοί</span> 
     </span>
    </p>
   </div>
   <div class='ocr_carea' id='block_1_25' title="bbox 2441 1184 4017 1257">
    <p class='ocr_par' dir='ltr' id='par_1_25' title="bbox 2441 1184 4017 1257">
     <span class='ocr_line' id='line_1_25' title="bbox 2441 1184 4017 1257; baseline 0.003 -22"><span class='ocrx_word' id='word_1_168' title='bbox 2441 1184 2558 1254; x_wconf 75' lang='grc' dir='ltr'>(καὶ</span> <span class='ocrx_word' id='word_1_169' title='bbox 2578 1186 2703 1247; x_wconf 79' lang='grc' dir='ltr'>τοὺς</span> <span class='ocrx_word' id='word_1_170' title='bbox 2726 1189 2993 1255; x_wconf 75' lang='grc' dir='ltr'>μοναχοὺς</span> <span class='ocrx_word' id='word_1_171' title='bbox 3013 1184 3121 1256; x_wconf 81' lang='grc' dir='ltr'>γὰρ</span> <span class='ocrx_word' id='word_1_172' title='bbox 3144 1185 3222 1255; x_wconf 87' lang='grc' dir='ltr'>τῷ</span> <span class='ocrx_word' id='word_1_173' title='bbox 3242 1187 3476 1254; x_wconf 78' lang='grc' dir='ltr'><strong>ἑκάστης</strong></span> <span class='ocrx_word' id='word_1_174' title='bbox 3500 1186 3707 1247; x_wconf 78' lang='grc' dir='ltr'>πόλεως</span> <span class='ocrx_word' id='word_1_175' title='bbox 3725 1187 4017 1257; x_wconf 80' lang='grc' dir='ltr'>ὲπισκόπῳ</span> 
     </span>
    </p>
   </div>
   <div class='ocr_carea' id='block_1_26' title="bbox 2439 1276 4018 1348">
    <p class='ocr_par' dir='ltr' id='par_1_26' title="bbox 2439 1276 4018 1348">
     <span class='ocr_line' id='line_1_26' title="bbox 2439 1276 4018 1348; baseline 0.001 -21"><span class='ocrx_word' id='word_1_176' title='bbox 2439 1276 2813 1329; x_wconf 84' lang='grc' dir='ltr'>ὑποκεῖσθαιὸ</span> <span class='ocrx_word' id='word_1_177' title='bbox 2847 1280 2982 1345; x_wconf 74' lang='grc' dir='ltr'>μετὰ</span> <span class='ocrx_word' id='word_1_178' title='bbox 3009 1277 3197 1329; x_wconf 83' lang='grc' dir='ltr'>τοῦτον</span> <span class='ocrx_word' id='word_1_179' title='bbox 3233 1277 3480 1339; x_wconf 76' lang='grc' dir='ltr'>θεσπίζει</span> <span class='ocrx_word' id='word_1_180' title='bbox 3516 1277 3718 1347; x_wconf 89' lang='grc' dir='ltr'>κανὼν)</span> <span class='ocrx_word' id='word_1_181' title='bbox 3751 1280 4018 1348; x_wconf 73' lang='grc' dir='ltr'>πραγμά-</span> 
     </span>
    </p>
   </div>
   <div class='ocr_carea' id='block_1_27' title="bbox 2437 1368 4019 1440">
    <p class='ocr_par' dir='ltr' id='par_1_27' title="bbox 2437 1368 4019 1440">
     <span class='ocr_line' id='line_1_27' title="bbox 2437 1368 4019 1440; baseline 0 -19"><span class='ocrx_word' id='word_1_182' title='bbox 2437 1387 2546 1421; x_wconf 87' lang='grc' dir='ltr'><strong>των</strong></span> <span class='ocrx_word' id='word_1_183' title='bbox 2583 1369 3051 1437; x_wconf 80' lang='grc' dir='ltr'>ἐκκλησιαστικῶν</span> <span class='ocrx_word' id='word_1_184' title='bbox 3100 1368 3361 1438; x_wconf 85' lang='grc' dir='ltr'>ἀναθήσει</span> <span class='ocrx_word' id='word_1_185' title='bbox 3388 1369 3667 1437; x_wconf 80' lang='grc' dir='ltr'><strong>φροντίδα,</strong></span> <span class='ocrx_word' id='word_1_186' title='bbox 3702 1372 3797 1423; x_wconf 74' lang='grc' dir='ltr'><strong>καὶ</strong></span> <span class='ocrx_word' id='word_1_187' title='bbox 3838 1370 4019 1440; x_wconf 67' lang='grc' dir='ltr'>ὀρφα-</span> 
     </span>
    </p>
   </div>
   <div class='ocr_carea' id='block_1_28' title="bbox 2439 1459 4018 1532">
    <p class='ocr_par' dir='ltr' id='par_1_28' title="bbox 2439 1459 4018 1532">
     <span class='ocr_line' id='line_1_28' title="bbox 2439 1459 4018 1532; baseline 0.002 -22"><span class='ocrx_word' id='word_1_188' title='bbox 2439 1459 2545 1510; x_wconf 80' lang='grc' dir='ltr'>νῶν</span> <span class='ocrx_word' id='word_1_189' title='bbox 2605 1460 2699 1511; x_wconf 79' lang='grc' dir='ltr'>καὶ</span> <span class='ocrx_word' id='word_1_190' title='bbox 2735 1459 2919 1528; x_wconf 85' lang='grc' dir='ltr'>χηρῶν</span> <span class='ocrx_word' id='word_1_191' title='bbox 2973 1461 3348 1531; x_wconf 84' lang='grc' dir='ltr'>ἀπρονοήτων.</span> <span class='ocrx_word' id='word_1_192' title='bbox 3398 1461 3555 1514; x_wconf 80' lang='grc' dir='ltr'>Οὕτω</span> <span class='ocrx_word' id='word_1_193' title='bbox 3600 1462 3709 1532; x_wconf 75' lang='grc' dir='ltr'><strong>γὰρ</strong></span> <span class='ocrx_word' id='word_1_194' title='bbox 3740 1463 3845 1515; x_wconf 80' lang='grc' dir='ltr'>κάν</span> <span class='ocrx_word' id='word_1_195' title='bbox 3897 1467 4018 1524; x_wconf 79' lang='grc' dir='ltr'>ταῖς</span> 
     </span>
    </p>
   </div>
   <div class='ocr_carea' id='block_1_29' title="bbox 2438 1550 4019 1625">
    <p class='ocr_par' dir='ltr' id='par_1_29' title="bbox 2438 1550 4019 1625">
     <span class='ocr_line' id='line_1_29' title="bbox 2438 1550 4019 1625; baseline 0.003 -23"><span class='ocrx_word' id='word_1_196' title='bbox 2438 1550 2709 1620; x_wconf 82' lang='grc' dir='ltr'>Πράξεσιν</span> <span class='ocrx_word' id='word_1_197' title='bbox 2738 1551 3018 1621; x_wconf 80' lang='grc' dir='ltr'>ἱστόρηται</span> <span class='ocrx_word' id='word_1_198' title='bbox 3047 1552 3125 1621; x_wconf 84' lang='grc' dir='ltr'>τῷ</span> <span class='ocrx_word' id='word_1_199' title='bbox 3147 1552 3275 1623; x_wconf 83' lang='grc' dir='ltr'>θείῳ</span> <span class='ocrx_word' id='word_1_200' title='bbox 3300 1555 3486 1625; x_wconf 76' lang='grc' dir='ltr'>Λουκᾷ</span> <span class='ocrx_word' id='word_1_201' title='bbox 3521 1555 3648 1617; x_wconf 80' lang='grc' dir='ltr'>τοὺς</span> <span class='ocrx_word' id='word_1_202' title='bbox 3674 1553 4019 1615; x_wconf 71' lang='grc' dir='ltr'>ἀποστόλους</span> 
     </span>
    </p>
   </div>
   <div class='ocr_carea' id='block_1_30' title="bbox 2438 1643 4016 1711">
    <p class='ocr_par' dir='ltr' id='par_1_30' title="bbox 2438 1643 4016 1711">
     <span class='ocr_line' id='line_1_30' title="bbox 2438 1643 4016 1711; baseline 0.003 -19"><span class='ocrx_word' id='word_1_203' title='bbox 2438 1643 2663 1710; x_wconf 78' lang='grc' dir='ltr'>ποιῆσαι</span> <span class='ocrx_word' id='word_1_204' title='bbox 2694 1644 3217 1711; x_wconf 73' lang='grc' dir='ltr'>προχειρισαμένους</span> <span class='ocrx_word' id='word_1_205' title='bbox 3237 1645 3362 1707; x_wconf 79' lang='grc' dir='ltr'>τοὺς</span> <span class='ocrx_word' id='word_1_206' title='bbox 3412 1646 3551 1698; x_wconf 80' lang='grc' dir='ltr'>ἑπτὰ</span> <span class='ocrx_word' id='word_1_207' title='bbox 3584 1645 3890 1706; x_wconf 81' lang='grc' dir='ltr'>διακόνους,</span> <span class='ocrx_word' id='word_1_208' title='bbox 3930 1646 4016 1696; x_wconf 76' lang='grc' dir='ltr'>ἵνα</span> 
     </span>
    </p>
   </div>
   <div class='ocr_carea' id='block_1_31' title="bbox 2438 1732 4017 1807">
    <p class='ocr_par' dir='ltr' id='par_1_31' title="bbox 2438 1732 4017 1807">
     <span class='ocr_line' id='line_1_31' title="bbox 2438 1732 4017 1807; baseline 0.003 -24"><span class='ocrx_word' id='word_1_209' title='bbox 2438 1732 2516 1801; x_wconf 84' lang='grc' dir='ltr'>μὴ</span> <span class='ocrx_word' id='word_1_210' title='bbox 2557 1734 2617 1784; x_wconf 81' lang='grc' dir='ltr'>ἐν</span> <span class='ocrx_word' id='word_1_211' title='bbox 2648 1736 2714 1801; x_wconf 78' lang='grc' dir='ltr'>τῇ</span> <span class='ocrx_word' id='word_1_212' title='bbox 2759 1734 3008 1805; x_wconf 78' lang='grc' dir='ltr'>διακονίᾳ</span> <span class='ocrx_word' id='word_1_213' title='bbox 3033 1737 3100 1805; x_wconf 83' lang='grc' dir='ltr'>τῇ</span> <span class='ocrx_word' id='word_1_214' title='bbox 3135 1734 3482 1805; x_wconf 82' lang='grc' dir='ltr'>καθημερινῇ</span> <span class='ocrx_word' id='word_1_215' title='bbox 3536 1736 4017 1807; x_wconf 77' lang='grc' dir='ltr'>παραθεωρώνται</span> 
     </span>
    </p>
   </div>
   <div class='ocr_carea' id='block_1_32' title="bbox 2438 1824 4017 1899">
    <p class='ocr_par' dir='ltr' id='par_1_32' title="bbox 2438 1824 4017 1899">
     <span class='ocr_line' id='line_1_32' title="bbox 2438 1824 4017 1899; baseline 0.004 -23"><span class='ocrx_word' id='word_1_216' title='bbox 2438 1827 2494 1877; x_wconf 81' lang='grc' dir='ltr'>αἱ</span> <span class='ocrx_word' id='word_1_217' title='bbox 2522 1824 2713 1895; x_wconf 82' lang='grc' dir='ltr'>χῆραι.</span> <span class='ocrx_word' id='word_1_218' title='bbox 2756 1827 2827 1878; x_wconf 84' lang='grc' dir='ltr'><em>Ἢ</em></span> <span class='ocrx_word' id='word_1_219' title='bbox 2868 1828 3178 1896; x_wconf 87' lang='grc' dir='ltr'>προσώπων</span> <span class='ocrx_word' id='word_1_220' title='bbox 3232 1829 3520 1899; x_wconf 67' lang='grc' dir='ltr'>ἐπιτρέψει</span> <span class='ocrx_word' id='word_1_221' title='bbox 3550 1830 3880 1899; x_wconf 68' lang='grc' dir='ltr'>ἀντέχεσθαι</span> <span class='ocrx_word' id='word_1_222' title='bbox 3925 1830 4017 1883; x_wconf 57' lang='grc' dir='ltr'><strong>δια</strong></span> 
     </span>
    </p>
   </div>
   <div class='ocr_carea' id='block_1_33' title="bbox 774 1899 2448 1991">
    <p class='ocr_par' dir='ltr' id='par_1_33' title="bbox 774 1899 2448 1978">
     <span class='ocr_line' id='line_1_33' title="bbox 774 1899 2448 1978; baseline -0.004 -14"><span class='ocrx_word' id='word_1_223' title='bbox 774 1913 1032 1966; x_wconf 71' lang='lat' dir='ltr'><strong>tticorum</strong></span> <span class='ocrx_word' id='word_1_224' title='bbox 1075 1911 1534 1978; x_wconf 83' lang='lat' dir='ltr'><strong>procurationem,</strong></span> <span class='ocrx_word' id='word_1_225' title='bbox 1590 1909 1983 1977; x_wconf 82' lang='lat' dir='ltr'><strong>pupillorumve</strong></span> <span class='ocrx_word' id='word_1_226' title='bbox 2018 1918 2115 1962; x_wconf 88' lang='lat' dir='ltr'><strong>aut</strong></span> <span class='ocrx_word' id='word_1_227' title='bbox 2154 1909 2340 1962; x_wconf 88' lang='lat' dir='ltr'><strong>vidua-</strong></span> <span class='ocrx_word' id='word_1_228' title='bbox 2371 1899 2448 1952; x_wconf 70' lang='grc' dir='ltr'>Βι</span> 
     </span>
    </p>
   </div>
   <div class='ocr_carea' id='block_1_34' title="bbox 2332 1899 4006 1991">
    <p class='ocr_par' dir='ltr' id='par_1_34' title="bbox 2332 1899 4006 1991">
     <span class='ocr_line' id='line_1_34' title="bbox 2332 1899 4006 1991; baseline 0.002 -23"><span class='ocrx_word' id='word_1_229' title='bbox 2332 1939 2340 1948; x_wconf 93' lang='grc'><strong>-</strong></span> <span class='ocrx_word' id='word_1_230' title='bbox 2371 1899 2411 1952; x_wconf 83' lang='grc' dir='ltr'><strong>Β</strong></span> <span class='ocrx_word' id='word_1_231' title='bbox 2438 1918 2530 1968; x_wconf 78' lang='grc' dir='ltr'><strong>τὸν</strong></span> <span class='ocrx_word' id='word_1_232' title='bbox 2560 1916 2723 1986; x_wconf 65' lang='grc' dir='ltr'><strong>φάσαν</strong></span> <span class='ocrx_word' id='word_1_233' title='bbox 2762 1917 2857 1970; x_wconf 84' lang='grc' dir='ltr'>τοῦ</span> <span class='ocrx_word' id='word_1_234' title='bbox 2894 1920 3120 1988; x_wconf 79' lang='grc' dir='ltr'>Κυρίου,</span> <span class='ocrx_word' id='word_1_235' title='bbox 3152 1922 3211 1972; x_wconf 82' lang='grc' dir='ltr'>οὐ</span> <span class='ocrx_word' id='word_1_236' title='bbox 3242 1921 3328 1974; x_wconf 74' lang='grc' dir='ltr'><strong>διὰ</strong></span> <span class='ocrx_word' id='word_1_237' title='bbox 3358 1923 3569 1991; x_wconf 81' lang='grc' dir='ltr'>κέρδος,</span> <span class='ocrx_word' id='word_1_238' title='bbox 3602 1923 3662 1973; x_wconf 78' lang='grc' dir='ltr'><strong>ού</strong></span> <span class='ocrx_word' id='word_1_239' title='bbox 3692 1922 3785 1973; x_wconf 77' lang='grc' dir='ltr'>διὰ</span> <span class='ocrx_word' id='word_1_240' title='bbox 3818 1921 4006 1983; x_wconf 65' lang='grc' dir='ltr'>δόξαν,</span> 
     </span>
    </p>
   </div>
   <div class='ocr_carea' id='block_1_35' title="bbox 777 2002 2338 2072">
    <p class='ocr_par' dir='ltr' id='par_1_35' title="bbox 777 2002 2338 2072">
     <span class='ocr_line' id='line_1_35' title="bbox 777 2002 2338 2072; baseline -0.003 -15"><span class='ocrx_word' id='word_1_241' title='bbox 777 2020 918 2066; x_wconf 90' lang='lat' dir='ltr'><strong>rum,</strong></span> <span class='ocrx_word' id='word_1_242' title='bbox 973 2002 1169 2072; x_wconf 89' lang='lat' dir='ltr'><strong>quibus</strong></span> <span class='ocrx_word' id='word_1_243' title='bbox 1221 2016 1327 2055; x_wconf 92' lang='lat' dir='ltr'><strong>non</strong></span> <span class='ocrx_word' id='word_1_244' title='bbox 1402 2002 1738 2071; x_wconf 86' lang='lat' dir='ltr'><strong>providetur,</strong></span> <span class='ocrx_word' id='word_1_245' title='bbox 1796 2015 1982 2053; x_wconf 89' lang='lat' dir='ltr'><strong>curam</strong></span> <span class='ocrx_word' id='word_1_246' title='bbox 2060 2016 2338 2055; x_wconf 85' lang='lat' dir='ltr'><strong>commen-</strong></span> 
     </span>
    </p>
   </div>
   <div class='ocr_carea' id='block_1_36' title="bbox 776 2094 2339 2163">
    <p class='ocr_par' dir='ltr' id='par_1_36' title="bbox 776 2094 2339 2163">
     <span class='ocr_line' id='line_1_36' title="bbox 776 2094 2339 2163; baseline 0 -16"><span class='ocrx_word' id='word_1_247' title='bbox 776 2097 1003 2150; x_wconf 82' lang='lat' dir='ltr'><strong>daverit.</strong></span> <span class='ocrx_word' id='word_1_248' title='bbox 1077 2094 1169 2148; x_wconf 88' lang='lat' dir='ltr'><strong>Sic</strong></span> <span class='ocrx_word' id='word_1_249' title='bbox 1216 2094 1439 2156; x_wconf 88' lang='lat' dir='ltr'><strong>etenim,</strong></span> <span class='ocrx_word' id='word_1_250' title='bbox 1503 2096 1553 2147; x_wconf 91' lang='lat' dir='ltr'><strong>in</strong></span> <span class='ocrx_word' id='word_1_251' title='bbox 1613 2095 1765 2147; x_wconf 72' lang='lat' dir='ltr'><strong>Actis</strong></span> <span class='ocrx_word' id='word_1_252' title='bbox 1849 2108 2063 2163; x_wconf 86' lang='lat' dir='ltr'><strong>quoque</strong></span> <span class='ocrx_word' id='word_1_253' title='bbox 2117 2106 2339 2148; x_wconf 88' lang='lat' dir='ltr'><strong>sanctus</strong></span> 
     </span>
    </p>
   </div>
   <div class='ocr_carea' id='block_1_37' title="bbox 780 2186 2337 2255">
    <p class='ocr_par' dir='ltr' id='par_1_37' title="bbox 780 2186 2337 2255">
     <span class='ocr_line' id='line_1_37' title="bbox 780 2186 2337 2255; baseline -0.002 -15"><span class='ocrx_word' id='word_1_254' title='bbox 780 2188 950 2242; x_wconf 84' lang='lat' dir='ltr'><strong>Lucas</strong></span> <span class='ocrx_word' id='word_1_255' title='bbox 1018 2188 1223 2240; x_wconf 75' lang='lat' dir='ltr'><strong>factum</strong></span> <span class='ocrx_word' id='word_1_256' title='bbox 1313 2186 1480 2239; x_wconf 79' lang='lat' dir='ltr'><strong>fuisse</strong></span> <span class='ocrx_word' id='word_1_257' title='bbox 1550 2189 1617 2239; x_wconf 88' lang='lat' dir='ltr'><strong>ab</strong></span> <span class='ocrx_word' id='word_1_258' title='bbox 1712 2186 1973 2255; x_wconf 81' lang='lat' dir='ltr'><strong>apostolis</strong></span> <span class='ocrx_word' id='word_1_259' title='bbox 2054 2195 2337 2249; x_wconf 84' lang='lat' dir='ltr'><strong>memorat,</strong></span> 
     </span>
    </p>
   </div>
   <div class='ocr_carea' id='block_1_38' title="bbox 776 2276 2339 2347">
    <p class='ocr_par' dir='ltr' id='par_1_38' title="bbox 776 2276 2339 2347">
     <span class='ocr_line' id='line_1_38' title="bbox 776 2276 2339 2347; baseline 0 -19"><span class='ocrx_word' id='word_1_260' title='bbox 776 2281 865 2346; x_wconf 76' lang='lat' dir='ltr'><strong>qui</strong></span> <span class='ocrx_word' id='word_1_261' title='bbox 901 2289 1103 2346; x_wconf 84' lang='lat' dir='ltr'><strong>septem</strong></span> <span class='ocrx_word' id='word_1_262' title='bbox 1131 2279 1388 2331; x_wconf 86' lang='lat' dir='ltr'><strong>diaconos</strong></span> <span class='ocrx_word' id='word_1_263' title='bbox 1429 2278 1728 2347; x_wconf 79' lang='lat' dir='ltr'><strong>elegerunt,</strong></span> <span class='ocrx_word' id='word_1_264' title='bbox 1754 2293 1819 2330; x_wconf 90' lang='lat' dir='ltr'><strong>ne</strong></span> <span class='ocrx_word' id='word_1_265' title='bbox 1849 2278 1900 2329; x_wconf 89' lang='lat' dir='ltr'><strong>in</strong></span> <span class='ocrx_word' id='word_1_266' title='bbox 1937 2276 2238 2330; x_wconf 87' lang='lat' dir='ltr'><strong>ministerio</strong></span> <span class='ocrx_word' id='word_1_267' title='bbox 2262 2278 2339 2329; x_wconf 83' lang='lat' dir='ltr'><strong>vi-</strong></span> 
     </span>
    </p>
   </div>
   <div class='ocr_carea' id='block_1_39' title="bbox 780 2367 2337 2438">
    <p class='ocr_par' dir='ltr' id='par_1_39' title="bbox 780 2367 2337 2438">
     <span class='ocr_line' id='line_1_39' title="bbox 780 2367 2337 2438; baseline -0.001 -15"><span class='ocrx_word' id='word_1_268' title='bbox 780 2372 973 2424; x_wconf 88' lang='lat' dir='ltr'><strong>delicet</strong></span> <span class='ocrx_word' id='word_1_269' title='bbox 1000 2370 1317 2438; x_wconf 82' lang='lat' dir='ltr'><strong>quotidiana</strong></span> <span class='ocrx_word' id='word_1_270' title='bbox 1340 2369 1512 2423; x_wconf 75' lang='lat' dir='ltr'><strong>vidua:</strong></span> <span class='ocrx_word' id='word_1_271' title='bbox 1544 2378 1929 2437; x_wconf 81' lang='lat' dir='ltr'><strong>spernerentur</strong></span> <span class='ocrx_word' id='word_1_272' title='bbox 1955 2369 2025 2421; x_wconf 70' lang='grc' dir='ltr'><strong>δ’.</strong></span> <span class='ocrx_word' id='word_1_273' title='bbox 2054 2367 2337 2423; x_wconf 87' lang='lat' dir='ltr'><strong>Certorum</strong></span> 
     </span>
    </p>
   </div>
   <div class='ocr_carea' id='block_1_40' title="bbox 780 2460 2341 2531">
    <p class='ocr_par' dir='ltr' id='par_1_40' title="bbox 780 2460 2341 2531">
     <span class='ocr_line' id='line_1_40' title="bbox 780 2460 2341 2531; baseline 0.001 -17"><span class='ocrx_word' id='word_1_274' title='bbox 780 2476 992 2531; x_wconf 90' lang='lat' dir='ltr'><strong>quoque</strong></span> <span class='ocrx_word' id='word_1_275' title='bbox 1044 2461 1320 2515; x_wconf 89' lang='lat' dir='ltr'><strong>hominum</strong></span> <span class='ocrx_word' id='word_1_276' title='bbox 1368 2460 1746 2528; x_wconf 88' lang='lat' dir='ltr'><strong>patrocinium,</strong></span> <span class='ocrx_word' id='word_1_277' title='bbox 1801 2460 1893 2528; x_wconf 91' lang='lat' dir='ltr'><strong>qui</strong></span> <span class='ocrx_word' id='word_1_278' title='bbox 1957 2475 2076 2515; x_wconf 86' lang='lat' dir='ltr'><strong>sese</strong></span> <span class='ocrx_word' id='word_1_279' title='bbox 2109 2462 2341 2516; x_wconf 80' lang='lat' dir='ltr'><strong>maxime</strong></span> 
     </span>
    </p>
   </div>
   <div class='ocr_carea' id='block_1_41' title="bbox 780 2549 2341 2617">
    <p class='ocr_par' dir='ltr' id='par_1_41' title="bbox 780 2549 2341 2617">
     <span class='ocr_line' id='line_1_41' title="bbox 780 2549 2341 2617; baseline 0.001 -13"><span class='ocrx_word' id='word_1_280' title='bbox 780 2552 961 2604; x_wconf 77' lang='lat' dir='ltr'><strong>auxilii</strong></span> <span class='ocrx_word' id='word_1_281' title='bbox 982 2550 1334 2605; x_wconf 80' lang='lat' dir='ltr'><strong>ecclesiastici</strong></span> <span class='ocrx_word' id='word_1_282' title='bbox 1352 2549 1657 2617; x_wconf 78' lang='lat' dir='ltr'><strong>indigentes</strong></span> <span class='ocrx_word' id='word_1_283' title='bbox 1680 2550 1995 2615; x_wconf 84' lang='lat' dir='ltr'><strong>obtulerint,</strong></span> <span class='ocrx_word' id='word_1_284' title='bbox 2015 2552 2341 2605; x_wconf 85' lang='lat' dir='ltr'><strong>ecclesiasti-</strong></span> 
     </span>
    </p>
   </div>
   <div class='ocr_carea' id='block_1_42' title="bbox 758 2643 2340 2714">
    <p class='ocr_par' dir='ltr' id='par_1_42' title="bbox 758 2643 2340 2714">
     <span class='ocr_line' id='line_1_42' title="bbox 758 2643 2340 2714; baseline 0.001 -17"><span class='ocrx_word' id='word_1_285' title='bbox 758 2647 856 2699; x_wconf 84' lang='lat' dir='ltr'><strong>cis</strong></span> <span class='ocrx_word' id='word_1_286' title='bbox 890 2645 1039 2709; x_wconf 83' lang='lat' dir='ltr'><strong>viris,</strong></span> <span class='ocrx_word' id='word_1_287' title='bbox 1067 2646 1155 2714; x_wconf 86' lang='lat' dir='ltr'><strong>qui</strong></span> <span class='ocrx_word' id='word_1_288' title='bbox 1186 2646 1238 2698; x_wconf 87' lang='lat' dir='ltr'><strong>in</strong></span> <span class='ocrx_word' id='word_1_289' title='bbox 1266 2658 1331 2697; x_wconf 90' lang='lat' dir='ltr'><strong>eo</strong></span> <span class='ocrx_word' id='word_1_290' title='bbox 1370 2657 1477 2698; x_wconf 90' lang='lat' dir='ltr'><strong>non</strong></span> <span class='ocrx_word' id='word_1_291' title='bbox 1508 2657 1603 2711; x_wconf 80' lang='lat' dir='ltr'><strong>Spe</strong></span> <span class='ocrx_word' id='word_1_292' title='bbox 1633 2643 1791 2709; x_wconf 87' lang='lat' dir='ltr'><strong>lucri,</strong></span> <span class='ocrx_word' id='word_1_293' title='bbox 1817 2653 1911 2696; x_wconf 85' lang='lat' dir='ltr'><strong>aut</strong></span> <span class='ocrx_word' id='word_1_294' title='bbox 1950 2644 2127 2697; x_wconf 87' lang='lat' dir='ltr'><strong>inanis</strong></span> <span class='ocrx_word' id='word_1_295' title='bbox 2156 2644 2340 2713; x_wconf 71' lang='lat' dir='ltr'><strong>gloriae</strong></span> 
     </span>
    </p>
   </div>
   <div class='ocr_carea' id='block_1_43' title="bbox 777 2734 2337 2808">
    <p class='ocr_par' dir='ltr' id='par_1_43' title="bbox 777 2734 2337 2808">
     <span class='ocr_line' id='line_1_43' title="bbox 777 2734 2337 2808; baseline -0.003 -16"><span class='ocrx_word' id='word_1_296' title='bbox 777 2739 1095 2808; x_wconf 88' lang='lat' dir='ltr'><strong>cupiditate,</strong></span> <span class='ocrx_word' id='word_1_297' title='bbox 1135 2738 1229 2791; x_wconf 87' lang='lat' dir='ltr'><strong>sed</strong></span> <span class='ocrx_word' id='word_1_298' title='bbox 1255 2734 1371 2791; x_wconf 88' lang='lat' dir='ltr'><strong>sola</strong></span> <span class='ocrx_word' id='word_1_299' title='bbox 1417 2748 1547 2806; x_wconf 71' lang='lat' dir='ltr'><strong>erga</strong></span> <span class='ocrx_word' id='word_1_300' title='bbox 1577 2734 1742 2789; x_wconf 91' lang='lat' dir='ltr'><strong>Deum</strong></span> <span class='ocrx_word' id='word_1_301' title='bbox 1797 2735 1998 2805; x_wconf 80' lang='lat' dir='ltr'><strong>pietate</strong></span> <span class='ocrx_word' id='word_1_302' title='bbox 2044 2735 2337 2798; x_wconf 85' lang='lat' dir='ltr'><strong>ducantur,</strong></span> 
     </span>
    </p>
   </div>
   <div class='ocr_carea' id='block_1_44' title="bbox 777 2826 2336 2897">
    <p class='ocr_par' dir='ltr' id='par_1_44' title="bbox 777 2826 2336 2897">
     <span class='ocr_line' id='line_1_44' title="bbox 777 2826 2336 2897; baseline -0.001 -14"><span class='ocrx_word' id='word_1_303' title='bbox 777 2830 962 2883; x_wconf 87' lang='lat' dir='ltr'><strong>eodem</strong></span> <span class='ocrx_word' id='word_1_304' title='bbox 985 2831 1239 2897; x_wconf 86' lang='lat' dir='ltr'><strong>episcopo</strong></span> <span class='ocrx_word' id='word_1_305' title='bbox 1264 2826 1629 2897; x_wconf 86' lang='lat' dir='ltr'><strong>permittente,</strong></span> <span class='ocrx_word' id='word_1_306' title='bbox 1666 2826 1924 2895; x_wconf 87' lang='lat' dir='ltr'><strong>amplecti</strong></span> <span class='ocrx_word' id='word_1_307' title='bbox 1962 2828 2140 2881; x_wconf 71' lang='lat' dir='ltr'><strong>lit-eat.</strong></span> <span class='ocrx_word' id='word_1_308' title='bbox 2170 2826 2336 2882; x_wconf 87' lang='lat' dir='ltr'><strong>Tales</strong></span> 
     </span>
    </p>
   </div>
   <div class='ocr_carea' id='block_1_45' title="bbox 776 2906 2344 2987">
    <p class='ocr_par' dir='ltr' id='par_1_45' title="bbox 776 2906 2344 2987">
     <span class='ocr_line' id='line_1_45' title="bbox 776 2906 2344 2987; baseline -0.002 -15"><span class='ocrx_word' id='word_1_309' title='bbox 776 2927 919 2983; x_wconf 85' lang='lat' dir='ltr'><strong>sunt,</strong></span> <span class='ocrx_word' id='word_1_310' title='bbox 939 2919 1031 2981; x_wconf 80' lang='lat' dir='ltr'><strong>qui</strong></span> <span class='ocrx_word' id='word_1_311' title='bbox 1058 2916 1411 2987; x_wconf 83' lang='lat' dir='ltr'><strong>dynastarnm</strong></span> <span class='ocrx_word' id='word_1_312' title='bbox 1441 2906 1738 2985; x_wconf 44' lang='lat' dir='ltr'><strong>metufper</strong></span> <span class='ocrx_word' id='word_1_313' title='bbox 1755 2931 1893 2984; x_wconf 91' lang='lat' dir='ltr'><strong>quos</strong></span> <span class='ocrx_word' id='word_1_314' title='bbox 1914 2917 2109 2986; x_wconf 90' lang='lat' dir='ltr'><strong>injuste</strong></span> <span class='ocrx_word' id='word_1_315' title='bbox 2144 2933 2344 2971; x_wconf 90' lang='lat' dir='ltr'><strong>vexan-</strong></span> 
     </span>
    </p>
   </div>
   <div class='ocr_carea' id='block_1_46' title="bbox 778 3011 2340 3083">
    <p class='ocr_par' dir='ltr' id='par_1_46' title="bbox 778 3011 2340 3083">
     <span class='ocr_line' id='line_1_46' title="bbox 778 3011 2340 3083; baseline -0.003 -13"><span class='ocrx_word' id='word_1_316' title='bbox 778 3030 883 3080; x_wconf 88' lang='lat' dir='ltr'><strong>tur,</strong></span> <span class='ocrx_word' id='word_1_317' title='bbox 908 3018 976 3068; x_wconf 87' lang='lat' dir='ltr'><strong>ad</strong></span> <span class='ocrx_word' id='word_1_318' title='bbox 1018 3013 1317 3067; x_wconf 85' lang='lat' dir='ltr'><strong>Ecclesiam</strong></span> <span class='ocrx_word' id='word_1_319' title='bbox 1358 3011 1714 3083; x_wconf 75' lang='lat' dir='ltr'><strong>confugiunt;</strong></span> <span class='ocrx_word' id='word_1_320' title='bbox 1748 3013 1932 3080; x_wconf 81' lang='lat' dir='ltr'><strong>quive,</strong></span> <span class='ocrx_word' id='word_1_321' title='bbox 1966 3013 2093 3066; x_wconf 88' lang='lat' dir='ltr'><strong>licet</strong></span> <span class='ocrx_word' id='word_1_322' title='bbox 2137 3013 2340 3081; x_wconf 87' lang='lat' dir='ltr'><strong>aliquid</strong></span> 
     </span>
    </p>
   </div>
   <div class='ocr_carea' id='block_1_47' title="bbox 780 3104 2342 3174">
    <p class='ocr_par' dir='ltr' id='par_1_47' title="bbox 780 3104 2342 3174">
     <span class='ocr_line' id='line_1_47' title="bbox 780 3104 2342 3174; baseline -0.001 -14"><span class='ocrx_word' id='word_1_323' title='bbox 780 3111 915 3162; x_wconf 73' lang='lat' dir='ltr'><strong>forte</strong></span> <span class='ocrx_word' id='word_1_324' title='bbox 974 3106 1319 3166; x_wconf 77' lang='lat' dir='ltr'><strong>ulleiiderint,</strong></span> <span class='ocrx_word' id='word_1_325' title='bbox 1368 3104 1646 3174; x_wconf 82' lang='lat' dir='ltr'><strong>suppetias</strong></span> <span class='ocrx_word' id='word_1_326' title='bbox 1695 3106 1799 3157; x_wconf 82' lang='lat' dir='ltr'><strong>sibi</strong></span> <span class='ocrx_word' id='word_1_327' title='bbox 1866 3104 2219 3160; x_wconf 87' lang='lat' dir='ltr'><strong>nihilominus</strong></span> <span class='ocrx_word' id='word_1_328' title='bbox 2274 3105 2342 3159; x_wconf 89' lang='lat' dir='ltr'><strong>ab</strong></span> 
     </span>
    </p>
   </div>
   <div class='ocr_carea' id='block_1_48' title="bbox 780 3195 2341 3265">
    <p class='ocr_par' dir='ltr' id='par_1_48' title="bbox 780 3195 2341 3265">
     <span class='ocr_line' id='line_1_48' title="bbox 780 3195 2341 3265; baseline -0.003 -10"><span class='ocrx_word' id='word_1_329' title='bbox 780 3199 1019 3254; x_wconf 74' lang='lat' dir='ltr'><strong>Ecclesia</strong></span> <span class='ocrx_word' id='word_1_330' title='bbox 1081 3195 1206 3250; x_wconf 78' lang='lat' dir='ltr'><strong>ferri</strong></span> <span class='ocrx_word' id='word_1_331' title='bbox 1252 3197 1551 3264; x_wconf 74' lang='lat' dir='ltr'><strong>postulant,</strong></span> <span class='ocrx_word' id='word_1_332' title='bbox 1588 3197 1748 3259; x_wconf 86' lang='lat' dir='ltr'><strong>tales,</strong></span> <span class='ocrx_word' id='word_1_333' title='bbox 1809 3204 1864 3250; x_wconf 92' lang='lat' dir='ltr'><strong>et</strong></span> <span class='ocrx_word' id='word_1_334' title='bbox 1915 3201 2006 3265; x_wconf 88' lang='lat' dir='ltr'><strong>qui</strong></span> <span class='ocrx_word' id='word_1_335' title='bbox 2044 3197 2244 3262; x_wconf 81' lang='lat' dir='ltr'><strong>injuste</strong></span> <span class='ocrx_word' id='word_1_336' title='bbox 2284 3198 2341 3251; x_wconf 88' lang='lat' dir='ltr'><strong>iu</strong></span> 
     </span>
    </p>
   </div>
   <div class='ocr_carea' id='block_1_49' title="bbox 2438 2008 4014 2082">
    <p class='ocr_par' dir='ltr' id='par_1_49' title="bbox 2438 2008 4014 2082">
     <span class='ocr_line' id='line_1_49' title="bbox 2438 2008 4014 2082; baseline 0.003 -23"><span class='ocrx_word' id='word_1_337' title='bbox 2438 2008 2550 2059; x_wconf 82' lang='grc' dir='ltr'>τῶν</span> <span class='ocrx_word' id='word_1_338' title='bbox 2604 2010 2839 2077; x_wconf 84' lang='grc' dir='ltr'>μάλιστα</span> <span class='ocrx_word' id='word_1_339' title='bbox 2886 2012 3355 2080; x_wconf 75' lang='grc' dir='ltr'>ὲκκλησιαστικῆς</span> <span class='ocrx_word' id='word_1_340' title='bbox 3407 2014 3676 2081; x_wconf 84' lang='grc' dir='ltr'>δεομένων</span> <span class='ocrx_word' id='word_1_341' title='bbox 3732 2013 4014 2082; x_wconf 72' lang='grc' dir='ltr'>βοηθείας,</span> 
     </span>
    </p>
   </div>
   <div class='ocr_carea' id='block_1_50' title="bbox 2437 2091 4016 2171">
    <p class='ocr_par' dir='ltr' id='par_1_50' title="bbox 2437 2091 4016 2171">
     <span class='ocr_line' id='line_1_50' title="bbox 2437 2091 4016 2171; baseline 0.002 -23"><span class='ocrx_word' id='word_1_342' title='bbox 2437 2091 2540 2148; x_wconf 74' lang='grc' dir='ltr'>οἷοί</span> <span class='ocrx_word' id='word_1_343' title='bbox 2571 2099 2710 2149; x_wconf 84' lang='grc' dir='ltr'>εἰσιν</span> <span class='ocrx_word' id='word_1_344' title='bbox 2737 2100 2787 2150; x_wconf 74' lang='lat' dir='ltr'><strong>of.</strong></span> <span class='ocrx_word' id='word_1_345' title='bbox 2824 2101 2890 2169; x_wconf 80' lang='grc' dir='ltr'>τῇ</span> <span class='ocrx_word' id='word_1_346' title='bbox 2946 2100 3079 2168; x_wconf 78' lang='grc' dir='ltr'>ἁγίᾳ</span> <span class='ocrx_word' id='word_1_347' title='bbox 3101 2100 3400 2170; x_wconf 70' lang='grc' dir='ltr'>Ἐκκλησία</span> <span class='ocrx_word' id='word_1_348' title='bbox 3436 2101 3908 2171; x_wconf 78' lang='grc' dir='ltr'>προσφεύγοντες,</span> <span class='ocrx_word' id='word_1_349' title='bbox 3934 2102 4016 2152; x_wconf 79' lang='grc' dir='ltr'>δε-</span> 
     </span>
    </p>
   </div>
   <div class='ocr_carea' id='block_1_51' title="bbox 2437 2185 4017 2260">
    <p class='ocr_par' dir='ltr' id='par_1_51' title="bbox 2437 2185 4017 2260">
     <span class='ocr_line' id='line_1_51' title="bbox 2437 2185 4017 2260; baseline 0.001 -20"><span class='ocrx_word' id='word_1_350' title='bbox 2437 2188 2612 2251; x_wconf 88' lang='grc' dir='ltr'>διότες</span> <span class='ocrx_word' id='word_1_351' title='bbox 2656 2190 2925 2252; x_wconf 77' lang='grc' dir='ltr'>δυνάστας</span> <span class='ocrx_word' id='word_1_352' title='bbox 2976 2190 3067 2258; x_wconf 83' lang='grc' dir='ltr'><strong>ὑφ’</strong></span> <span class='ocrx_word' id='word_1_353' title='bbox 3100 2185 3175 2242; x_wconf 78' lang='grc' dir='ltr'>ὧν</span> <span class='ocrx_word' id='word_1_354' title='bbox 3212 2192 3548 2253; x_wconf 78' lang='grc' dir='ltr'>ἀδικοῦνται,</span> <span class='ocrx_word' id='word_1_355' title='bbox 3598 2191 3631 2260; x_wconf 85' lang='grc' dir='ltr'><strong>ἦ</strong></span> <span class='ocrx_word' id='word_1_356' title='bbox 3676 2196 4017 2252; x_wconf 81' lang='grc' dir='ltr'>πταίσαντες</span> 
     </span>
    </p>
   </div>
   <div class='ocr_carea' id='block_1_52' title="bbox 2441 2281 4021 2353">
    <p class='ocr_par' dir='ltr' id='par_1_52' title="bbox 2441 2281 4021 2353">
     <span class='ocr_line' id='line_1_52' title="bbox 2441 2281 4021 2353; baseline 0 -19"><span class='ocrx_word' id='word_1_357' title='bbox 2441 2281 2591 2344; x_wconf 79' lang='grc' dir='ltr'>ἴσως,</span> <span class='ocrx_word' id='word_1_358' title='bbox 2646 2284 2740 2335; x_wconf 78' lang='grc' dir='ltr'>καὶ</span> <span class='ocrx_word' id='word_1_359' title='bbox 2778 2283 2876 2350; x_wconf 82' lang='grc' dir='ltr'>τὴν</span> <span class='ocrx_word' id='word_1_360' title='bbox 2938 2283 3038 2351; x_wconf 84' lang='grc' dir='ltr'>τῆς</span> <span class='ocrx_word' id='word_1_361' title='bbox 3071 2283 3402 2350; x_wconf 84' lang='grc' dir='ltr'>Ἐκκλησίας</span> <span class='ocrx_word' id='word_1_362' title='bbox 3460 2283 3753 2353; x_wconf 80' lang='grc' dir='ltr'>ζητοῦντες</span> <span class='ocrx_word' id='word_1_363' title='bbox 3788 2285 4021 2335; x_wconf 72' lang='grc' dir='ltr'>ἐπικου-</span> 
     </span>
    </p>
   </div>
   <div class='ocr_carea' id='block_1_53' title="bbox 2442 2374 4019 2445">
    <p class='ocr_par' dir='ltr' id='par_1_53' title="bbox 2442 2374 4019 2445">
     <span class='ocr_line' id='line_1_53' title="bbox 2442 2374 4019 2445; baseline -0.001 -19"><span class='ocrx_word' id='word_1_364' title='bbox 2442 2375 2591 2445; x_wconf 89' lang='grc' dir='ltr'>ρίαν,</span> <span class='ocrx_word' id='word_1_365' title='bbox 2619 2376 2713 2426; x_wconf 73' lang='grc' dir='ltr'><strong>καὶ</strong></span> <span class='ocrx_word' id='word_1_366' title='bbox 2738 2377 2786 2427; x_wconf 79' lang='lat' dir='ltr'><strong>oi</strong></span> <span class='ocrx_word' id='word_1_367' title='bbox 2813 2375 3013 2437; x_wconf 80' lang='grc' dir='ltr'>ἀδίκως</span> <span class='ocrx_word' id='word_1_368' title='bbox 3035 2375 3114 2436; x_wconf 83' lang='grc' dir='ltr'><strong>είς</strong></span> <span class='ocrx_word' id='word_1_369' title='bbox 3144 2374 3389 2427; x_wconf 79' lang='grc' dir='ltr'>δουλείαν</span> <span class='ocrx_word' id='word_1_370' title='bbox 3409 2375 3713 2441; x_wconf 79' lang='grc' dir='ltr'>ἑλκόμενοι,</span> <span class='ocrx_word' id='word_1_371' title='bbox 3739 2376 3837 2426; x_wconf 81' lang='grc' dir='ltr'><strong>καὶ</strong></span> <span class='ocrx_word' id='word_1_372' title='bbox 3867 2374 4019 2426; x_wconf 58' lang='grc' dir='ltr'>ἄλλοι</span> 
     </span>
    </p>
   </div>
   <div class='ocr_carea' id='block_1_54' title="bbox 2438 2463 4021 2535">
    <p class='ocr_par' dir='ltr' id='par_1_54' title="bbox 2438 2463 4021 2535">
     <span class='ocr_line' id='line_1_54' title="bbox 2438 2463 4021 2535; baseline -0.001 -18"><span class='ocrx_word' id='word_1_373' title='bbox 2438 2463 2695 2529; x_wconf 82' lang='grc' dir='ltr'>τοιοῦτοι,</span> <span class='ocrx_word' id='word_1_374' title='bbox 2735 2465 2800 2515; x_wconf 89' lang='grc' dir='ltr'>δι’</span> <span class='ocrx_word' id='word_1_375' title='bbox 2837 2463 2932 2527; x_wconf 85' lang='grc' dir='ltr'><strong>οὓς</strong></span> <span class='ocrx_word' id='word_1_376' title='bbox 2971 2466 3176 2517; x_wconf 77' lang='grc' dir='ltr'>ἔκδικοι</span> <span class='ocrx_word' id='word_1_377' title='bbox 3211 2466 3479 2533; x_wconf 87' lang='grc' dir='ltr'>γίνονται.</span> <span class='ocrx_word' id='word_1_378' title='bbox 3545 2467 3683 2528; x_wconf 83' lang='grc' dir='ltr'>Τοὺς</span> <span class='ocrx_word' id='word_1_379' title='bbox 3716 2467 3776 2519; x_wconf 74' lang='grc' dir='ltr'>δὲ</span> <span class='ocrx_word' id='word_1_380' title='bbox 3833 2482 4021 2535; x_wconf 74' lang='grc' dir='ltr'>παρα-</span> 
     </span>
    </p>
   </div>
   <div class='ocr_carea' id='block_1_55' title="bbox 2442 2556 4021 2627">
    <p class='ocr_par' dir='ltr' id='par_1_55' title="bbox 2442 2556 4021 2627">
     <span class='ocr_line' id='line_1_55' title="bbox 2442 2556 4021 2627; baseline -0.001 -18"><span class='ocrx_word' id='word_1_381' title='bbox 2442 2556 2723 2618; x_wconf 77' lang='grc' dir='ltr'>ϐαίνοντας</span> <span class='ocrx_word' id='word_1_382' title='bbox 2754 2556 2822 2608; x_wconf 71' lang='grc' dir='ltr'><strong>τὰ</strong></span> <span class='ocrx_word' id='word_1_383' title='bbox 2844 2556 3125 2627; x_wconf 84' lang='grc' dir='ltr'>ὡρισμένα</span> <span class='ocrx_word' id='word_1_384' title='bbox 3154 2556 3329 2609; x_wconf 79' lang='grc' dir='ltr'>ταῦτα</span> <span class='ocrx_word' id='word_1_385' title='bbox 3357 2558 3655 2627; x_wconf 77' lang='grc' dir='ltr'>ἐπιτιμίοις</span> <span class='ocrx_word' id='word_1_386' title='bbox 3689 2559 4021 2612; x_wconf 73' lang='grc' dir='ltr'>ὑποκείσΊαι</span> 
     </span>
    </p>
   </div>
   <div class='ocr_carea' id='block_1_56' title="bbox 2440 2646 4019 2716">
    <p class='ocr_par' dir='ltr' id='par_1_56' title="bbox 2440 2646 4019 2716">
     <span class='ocr_line' id='line_1_56' title="bbox 2440 2646 4019 2716; baseline -0.001 -17"><span class='ocrx_word' id='word_1_387' title='bbox 2440 2646 2674 2699; x_wconf 81' lang='grc' dir='ltr'>κελεύει.</span> <span class='ocrx_word' id='word_1_388' title='bbox 2707 2646 2787 2699; x_wconf 75' lang='grc' dir='ltr'>Τὰ</span> <span class='ocrx_word' id='word_1_389' title='bbox 2810 2647 2866 2698; x_wconf 81' lang='grc' dir='ltr'>δὲ</span> <span class='ocrx_word' id='word_1_390' title='bbox 2898 2647 3006 2699; x_wconf 85' lang='grc' dir='ltr'>τῶν</span> <span class='ocrx_word' id='word_1_391' title='bbox 3032 2647 3325 2716; x_wconf 81' lang='grc' dir='ltr'>ἐπιτιμίων</span> <span class='ocrx_word' id='word_1_392' title='bbox 3354 2648 3414 2698; x_wconf 83' lang='grc' dir='ltr'>οὺ</span> <span class='ocrx_word' id='word_1_393' title='bbox 3444 2649 3844 2716; x_wconf 83' lang='grc' dir='ltr'>προστέθεικεν</span> <span class='ocrx_word' id='word_1_394' title='bbox 3880 2649 4019 2704; x_wconf 76' lang='grc' dir='ltr'>εἴδη.</span> 
     </span>
    </p>
   </div>
   <div class='ocr_carea' id='block_1_57' title="bbox 2442 2739 4024 2810">
    <p class='ocr_par' dir='ltr' id='par_1_57' title="bbox 2442 2739 4024 2810">
     <span class='ocr_line' id='line_1_57' title="bbox 2442 2739 4024 2810; baseline 0 -19"><span class='ocrx_word' id='word_1_395' title='bbox 2442 2740 2509 2791; x_wconf 88' lang='grc' dir='ltr'>Τί</span> <span class='ocrx_word' id='word_1_396' title='bbox 2532 2739 2766 2810; x_wconf 84' lang='grc' dir='ltr'>δήποτε;</span> <span class='ocrx_word' id='word_1_397' title='bbox 2800 2739 2923 2791; x_wconf 81' lang='grc' dir='ltr'>Ὅτι</span> <span class='ocrx_word' id='word_1_398' title='bbox 2943 2741 2993 2792; x_wconf 77' lang='lat' dir='ltr'><strong>oi</strong></span> <span class='ocrx_word' id='word_1_399' title='bbox 3021 2742 3149 2809; x_wconf 78' lang='grc' dir='ltr'>περὶ</span> <span class='ocrx_word' id='word_1_400' title='bbox 3179 2741 3383 2792; x_wconf 85' lang='grc' dir='ltr'>τούτων</span> <span class='ocrx_word' id='word_1_401' title='bbox 3415 2741 3523 2793; x_wconf 84' lang='grc' dir='ltr'>τῶν</span> <span class='ocrx_word' id='word_1_402' title='bbox 3542 2741 3755 2792; x_wconf 81' lang='grc' dir='ltr'>σεπτῶν</span> <span class='ocrx_word' id='word_1_403' title='bbox 3783 2742 4024 2793; x_wconf 80' lang='grc' dir='ltr'>ἀποστό-</span> 
     </span>
    </p>
   </div>
   <div class='ocr_carea' id='block_1_58' title="bbox 2440 2830 4019 2902">
    <p class='ocr_par' dir='ltr' id='par_1_58' title="bbox 2440 2830 4019 2902">
     <span class='ocr_line' id='line_1_58' title="bbox 2440 2830 4019 2902; baseline -0.002 -16"><span class='ocrx_word' id='word_1_404' title='bbox 2440 2832 2551 2886; x_wconf 87' lang='grc' dir='ltr'>λων</span> <span class='ocrx_word' id='word_1_405' title='bbox 2586 2832 2831 2895; x_wconf 83' lang='grc' dir='ltr'>κανόνες,</span> <span class='ocrx_word' id='word_1_406' title='bbox 2864 2835 2891 2884; x_wconf 86' lang='grc' dir='ltr'><strong>ὀ</strong></span> <span class='ocrx_word' id='word_1_407' title='bbox 2934 2835 3032 2902; x_wconf 80' lang='grc' dir='ltr'>μὲν</span> <span class='ocrx_word' id='word_1_408' title='bbox 3061 2832 3219 2893; x_wconf 76' lang='grc' dir='ltr'>ἕκτος</span> <span class='ocrx_word' id='word_1_409' title='bbox 3260 2834 3356 2885; x_wconf 57' lang='grc' dir='ltr'><strong>καί¹</strong></span> <span class='ocrx_word' id='word_1_410' title='bbox 3385 2833 3413 2883; x_wconf 82' lang='grc' dir='ltr'>ὁ</span> <span class='ocrx_word' id='word_1_411' title='bbox 3444 2830 3555 2900; x_wconf 86' lang='grc' dir='ltr'>πγ’,</span> <span class='ocrx_word' id='word_1_412' title='bbox 3584 2831 3710 2892; x_wconf 83' lang='grc' dir='ltr'>τοὺς</span> <span class='ocrx_word' id='word_1_413' title='bbox 3743 2833 4019 2901; x_wconf 72' lang='grc' dir='ltr'>κοσμικὰς</span> 
     </span>
    </p>
   </div>
   <div class='ocr_carea' id='block_1_59' title="bbox 2442 2924 4029 2995">
    <p class='ocr_par' dir='ltr' id='par_1_59' title="bbox 2442 2924 4029 2995">
     <span class='ocr_line' id='line_1_59' title="bbox 2442 2924 4029 2995; baseline -0.004 -18"><span class='ocrx_word' id='word_1_414' title='bbox 2442 2926 2731 2995; x_wconf 83' lang='grc' dir='ltr'>φροντίδας</span> <span class='ocrx_word' id='word_1_415' title='bbox 2762 2926 3270 2995; x_wconf 77' lang='grc' dir='ltr'>ἀναλαμΰάνοντας,</span> <span class='ocrx_word' id='word_1_416' title='bbox 3303 2924 3337 2993; x_wconf 80' lang='grc' dir='ltr'><strong>ἢ</strong></span> <span class='ocrx_word' id='word_1_417' title='bbox 3374 2924 3686 2994; x_wconf 81' lang='grc' dir='ltr'>Ῥωμαϊκὴν</span> <span class='ocrx_word' id='word_1_418' title='bbox 3717 2925 3903 2994; x_wconf 81' lang='grc' dir='ltr'>ἀρχὴν</span> <span class='ocrx_word' id='word_1_419' title='bbox 3931 2926 4029 2977; x_wconf 65' lang='grc' dir='ltr'><strong>καὶ</strong></span> 
     </span>
    </p>
   </div>
   <div class='ocr_carea' id='block_1_60' title="bbox 2442 3016 4021 3088">
    <p class='ocr_par' dir='ltr' id='par_1_60' title="bbox 2442 3016 4021 3088">
     <span class='ocr_line' id='line_1_60' title="bbox 2442 3016 4021 3088; baseline -0.001 -18"><span class='ocrx_word' id='word_1_420' title='bbox 2442 3017 2709 3086; x_wconf 86' lang='grc' dir='ltr'>διοίκησιν</span> <span class='ocrx_word' id='word_1_421' title='bbox 2748 3018 3033 3088; x_wconf 81' lang='grc' dir='ltr'>ἱερατικὴν</span> <span class='ocrx_word' id='word_1_422' title='bbox 3072 3016 3230 3081; x_wconf 82' lang='grc' dir='ltr'>ἀξίαν</span> <span class='ocrx_word' id='word_1_423' title='bbox 3261 3017 3504 3086; x_wconf 80' lang='grc' dir='ltr'>μετιέναι</span> <span class='ocrx_word' id='word_1_424' title='bbox 3550 3019 4021 3086; x_wconf 67' lang='grc' dir='ltr'>ἐπιχειρήσαντας</span> 
     </span>
    </p>
   </div>
   <div class='ocr_carea' id='block_1_61' title="bbox 2443 3107 4025 3179">
    <p class='ocr_par' dir='ltr' id='par_1_61' title="bbox 2443 3107 4025 3179">
     <span class='ocr_line' id='line_1_61' title="bbox 2443 3107 4025 3179; baseline -0.001 -17"><span class='ocrx_word' id='word_1_425' title='bbox 2443 3108 2829 3176; x_wconf 82' lang='grc' dir='ltr'>καθαιρεῖσθαι</span> <span class='ocrx_word' id='word_1_426' title='bbox 2863 3110 3220 3179; x_wconf 68' lang='grc' dir='ltr'><strong>προστάττει⁸</strong></span> <span class='ocrx_word' id='word_1_427' title='bbox 3252 3112 3280 3162; x_wconf 85' lang='grc' dir='ltr'>ὁ</span> <span class='ocrx_word' id='word_1_428' title='bbox 3304 3109 3361 3161; x_wconf 82' lang='grc' dir='ltr'>δὲ</span> <span class='ocrx_word' id='word_1_429' title='bbox 3411 3115 3504 3160; x_wconf 85' lang='grc' dir='ltr'>πα¹</span> <span class='ocrx_word' id='word_1_430' title='bbox 3547 3110 3655 3159; x_wconf 82' lang='grc' dir='ltr'><strong>τῶν</strong></span> <span class='ocrx_word' id='word_1_431' title='bbox 3699 3107 3893 3159; x_wconf 83' lang='grc' dir='ltr'>αὐτῶν</span> <span class='ocrx_word' id='word_1_432' title='bbox 3922 3126 4025 3160; x_wconf 58' lang='grc' dir='ltr'>κι-</span> 
     </span>
    </p>
   </div>
   <div class='ocr_carea' id='block_1_62' title="bbox 2443 3201 4026 3272">
    <p class='ocr_par' dir='ltr' id='par_1_62' title="bbox 2443 3201 4026 3272">
     <span class='ocr_line' id='line_1_62' title="bbox 2443 3201 4026 3272; baseline -0.003 -17"><span class='ocrx_word' id='word_1_433' title='bbox 2443 3202 2612 3255; x_wconf 87' lang='grc' dir='ltr'>νόνων</span> <span class='ocrx_word' id='word_1_434' title='bbox 2676 3202 2751 3272; x_wconf 82' lang='grc' dir='ltr'>μὴ</span> <span class='ocrx_word' id='word_1_435' title='bbox 2799 3204 3049 3255; x_wconf 77' lang='grc' dir='ltr'>καθιέναι</span> <span class='ocrx_word' id='word_1_436' title='bbox 3104 3203 3302 3264; x_wconf 76' lang='grc' dir='ltr'>αὐτοὺς</span> <span class='ocrx_word' id='word_1_437' title='bbox 3367 3202 3493 3263; x_wconf 77' lang='grc' dir='ltr'>τοὺς</span> <span class='ocrx_word' id='word_1_438' title='bbox 3556 3201 3898 3270; x_wconf 88' lang='grc' dir='ltr'>ἱερωμένους</span> <span class='ocrx_word' id='word_1_439' title='bbox 3946 3204 4026 3260; x_wconf 82' lang='grc' dir='ltr'>εὲς</span> 
     </span>
    </p>
   </div>
   <div class='ocr_carea' id='block_1_63' title="bbox 778 3262 2452 3362">
    <p class='ocr_par' dir='ltr' id='par_1_63' title="bbox 778 3262 2452 3356">
     <span class='ocr_line' id='line_1_63' title="bbox 778 3262 2452 3356; baseline -0.001 -12"><span class='ocrx_word' id='word_1_440' title='bbox 778 3291 1090 3344; x_wconf 81' lang='lat' dir='ltr'><strong>servitutem</strong></span> <span class='ocrx_word' id='word_1_441' title='bbox 1137 3287 1474 3354; x_wconf 76' lang='lat' dir='ltr'><strong>rediguntur,</strong></span> <span class='ocrx_word' id='word_1_442' title='bbox 1527 3288 1821 3356; x_wconf 68' lang='lat' dir='ltr'><strong>caeterique</strong></span> <span class='ocrx_word' id='word_1_443' title='bbox 1866 3285 2191 3353; x_wconf 89' lang='lat' dir='ltr'><strong>lmjusmodi,</strong></span> <span class='ocrx_word' id='word_1_444' title='bbox 2223 3262 2452 3355; x_wconf 67' lang='lat' dir='ltr'><strong>qui-cl</strong></span> 
     </span>
    </p>
   </div>
   <div class='ocr_carea' id='block_1_64' title="bbox 2352 3262 4026 3362">
    <p class='ocr_par' dir='ltr' id='par_1_64' title="bbox 2365 3262 4026 3362">
     <span class='ocr_line' id='line_1_64' title="bbox 2365 3262 4026 3362; baseline -0.004 -18"><span class='ocrx_word' id='word_1_445' title='bbox 2365 3262 2713 3362; x_wconf 60' lang='grc' dir='ltr'>σδημοσίαν</span> <span class='ocrx_word' id='word_1_446' title='bbox 2739 3262 2920 3361; x_wconf 63' lang='grc' dir='ltr'>δρίζει</span> <span class='ocrx_word' id='word_1_447' title='bbox 2959 3292 3251 3361; x_wconf 84' lang='grc' dir='ltr'>διοίκησιν,</span> <span class='ocrx_word' id='word_1_448' title='bbox 3283 3262 3377 3344; x_wconf 71' lang='grc' dir='ltr'>καὶ</span> <span class='ocrx_word' id='word_1_449' title='bbox 3404 3262 3657 3359; x_wconf 73' lang='grc' dir='ltr'>ἐπιφέρει</span> <span class='ocrx_word' id='word_1_450' title='bbox 3684 3262 3704 3316; x_wconf 51' lang='grc' dir='ltr'><strong>ί</strong></span> <span class='ocrx_word' id='word_1_451' title='bbox 3732 3290 3805 3340; x_wconf 84' lang='grc' dir='ltr'>Ἦ</span> <span class='ocrx_word' id='word_1_452' title='bbox 3838 3289 4026 3340; x_wconf 80' lang='grc' dir='ltr'>πειθέ-</span> 
     </span>
    </p>
   </div>
   <div class='ocr_carea' id='block_1_65' title="bbox 780 3380 2337 3439">
    <p class='ocr_par' dir='ltr' id='par_1_65' title="bbox 780 3380 2337 3439">
     <span class='ocr_line' id='line_1_65' title="bbox 780 3380 2337 3439; baseline -0.004 0"><span class='ocrx_word' id='word_1_453' title='bbox 780 3388 877 3439; x_wconf 87' lang='lat' dir='ltr'><strong>bus</strong></span> <span class='ocrx_word' id='word_1_454' title='bbox 910 3386 1260 3439; x_wconf 81' lang='lat' dir='ltr'><strong>sublevandis</strong></span> <span class='ocrx_word' id='word_1_455' title='bbox 1318 3382 1642 3437; x_wconf 79' lang='lat' dir='ltr'><strong>defensores</strong></span> <span class='ocrx_word' id='word_1_456' title='bbox 1684 3380 1857 3434; x_wconf 90' lang='lat' dir='ltr'><strong>creari</strong></span> <span class='ocrx_word' id='word_1_457' title='bbox 1886 3390 2202 3432; x_wconf 87' lang='lat' dir='ltr'><strong>consuetum</strong></span> <span class='ocrx_word' id='word_1_458' title='bbox 2234 3390 2337 3433; x_wconf 88' lang='lat' dir='ltr'><strong>est.</strong></span> 
     </span>
    </p>
   </div>
   <div class='ocr_carea' id='block_1_66' title="bbox 779 3472 2342 3546">
    <p class='ocr_par' dir='ltr' id='par_1_66' title="bbox 779 3472 2342 3546">
     <span class='ocr_line' id='line_1_66' title="bbox 779 3472 2342 3546; baseline -0.003 -16"><span class='ocrx_word' id='word_1_459' title='bbox 779 3480 835 3532; x_wconf 68' lang='lat' dir='ltr'><strong>Si</strong></span> <span class='ocrx_word' id='word_1_460' title='bbox 865 3480 988 3546; x_wconf 85' lang='lat' dir='ltr'><strong>quis</strong></span> <span class='ocrx_word' id='word_1_461' title='bbox 1022 3488 1203 3531; x_wconf 84' lang='lat' dir='ltr'><strong>autem</strong></span> <span class='ocrx_word' id='word_1_462' title='bbox 1236 3484 1427 3529; x_wconf 89' lang='lat' dir='ltr'><strong>contra</strong></span> <span class='ocrx_word' id='word_1_463' title='bbox 1459 3474 1618 3539; x_wconf 87' lang='lat' dir='ltr'><strong>hujus</strong></span> <span class='ocrx_word' id='word_1_464' title='bbox 1659 3472 1864 3525; x_wconf 87' lang='lat' dir='ltr'><strong>decreti</strong></span> <span class='ocrx_word' id='word_1_465' title='bbox 1919 3472 2342 3526; x_wconf 84' lang='lat' dir='ltr'><strong>constitutiones</strong></span> 
     </span>
    </p>
   </div>
   <div class='ocr_carea' id='block_1_67' title="bbox 776 3563 2339 3639">
    <p class='ocr_par' dir='ltr' id='par_1_67' title="bbox 776 3563 2339 3639">
     <span class='ocr_line' id='line_1_67' title="bbox 776 3563 2339 3639; baseline -0.003 -16"><span class='ocrx_word' id='word_1_466' title='bbox 776 3572 1051 3639; x_wconf 86' lang='lat' dir='ltr'><strong>quidpiam</strong></span> <span class='ocrx_word' id='word_1_467' title='bbox 1110 3568 1411 3630; x_wconf 84' lang='lat' dir='ltr'><strong>admiserit,</strong></span> <span class='ocrx_word' id='word_1_468' title='bbox 1475 3565 1654 3634; x_wconf 68' lang='lat' dir='ltr'><strong>pinnis</strong></span> <span class='ocrx_word' id='word_1_469' title='bbox 1702 3563 1981 3617; x_wconf 85' lang='lat' dir='ltr'><strong>hominem</strong></span> <span class='ocrx_word' id='word_1_470' title='bbox 2043 3565 2339 3618; x_wconf 84' lang='lat' dir='ltr'><strong>obnoxium</strong></span> 
     </span>
    </p>
   </div>
   <div class='ocr_carea' id='block_1_68' title="bbox 776 3654 2344 3713">
    <p class='ocr_par' dir='ltr' id='par_1_68' title="bbox 776 3654 2344 3713">
     <span class='ocr_line' id='line_1_68' title="bbox 776 3654 2344 3713; baseline -0.004 0"><span class='ocrx_word' id='word_1_471' title='bbox 776 3676 899 3713; x_wconf 79' lang='lat' dir='ltr'><strong>esse</strong></span> <span class='ocrx_word' id='word_1_472' title='bbox 928 3660 1195 3712; x_wconf 84' lang='lat' dir='ltr'><strong>decernit.</strong></span> <span class='ocrx_word' id='word_1_473' title='bbox 1232 3656 1522 3711; x_wconf 76' lang='lat' dir='ltr'><strong>l’tnnarum</strong></span> <span class='ocrx_word' id='word_1_474' title='bbox 1581 3665 1759 3707; x_wconf 89' lang='lat' dir='ltr'><strong>tamen</strong></span> <span class='ocrx_word' id='word_1_475' title='bbox 1805 3654 2025 3707; x_wconf 88' lang='lat' dir='ltr'><strong>nomina</strong></span> <span class='ocrx_word' id='word_1_476' title='bbox 2061 3655 2206 3707; x_wconf 92' lang='lat' dir='ltr'><strong>nulla</strong></span> <span class='ocrx_word' id='word_1_477' title='bbox 2267 3656 2344 3708; x_wconf 90' lang='lat' dir='ltr'><strong>si-</strong></span> 
     </span>
    </p>
   </div>
   <div class='ocr_carea' id='block_1_69' title="bbox 777 3741 2343 3816">
    <p class='ocr_par' dir='ltr' id='par_1_69' title="bbox 777 3741 2343 3816">
     <span class='ocr_line' id='line_1_69' title="bbox 777 3741 2343 3816; baseline 0 -16"><span class='ocrx_word' id='word_1_478' title='bbox 777 3746 999 3816; x_wconf 79' lang='lat' dir='ltr'><strong>gillatim</strong></span> <span class='ocrx_word' id='word_1_479' title='bbox 1021 3745 1298 3815; x_wconf 86' lang='lat' dir='ltr'><strong>adjuncta.</strong></span> <span class='ocrx_word' id='word_1_480' title='bbox 1323 3743 1465 3811; x_wconf 85' lang='lat' dir='ltr'><strong>Quid</strong></span> <span class='ocrx_word' id='word_1_481' title='bbox 1499 3744 1605 3797; x_wconf 83' lang='lat' dir='ltr'><strong>ita?</strong></span> <span class='ocrx_word' id='word_1_482' title='bbox 1635 3741 2013 3814; x_wconf 51' lang='lat' dir='ltr'><strong>Quia.scilicet</strong></span> <span class='ocrx_word' id='word_1_483' title='bbox 2056 3746 2343 3813; x_wconf 83' lang='lat' dir='ltr'><strong>apostolici</strong></span> 
     </span>
    </p>
   </div>
   <div class='ocr_carea' id='block_1_70' title="bbox 778 3836 2345 3907">
    <p class='ocr_par' dir='ltr' id='par_1_70' title="bbox 778 3836 2345 3907">
     <span class='ocr_line' id='line_1_70' title="bbox 778 3836 2345 3907; baseline 0.001 -15"><span class='ocrx_word' id='word_1_484' title='bbox 778 3842 875 3892; x_wconf 86' lang='lat' dir='ltr'><strong>hac</strong></span> <span class='ocrx_word' id='word_1_485' title='bbox 910 3842 975 3893; x_wconf 88' lang='lat' dir='ltr'><strong>de</strong></span> <span class='ocrx_word' id='word_1_486' title='bbox 1004 3854 1063 3892; x_wconf 88' lang='lat' dir='ltr'><strong>re</strong></span> <span class='ocrx_word' id='word_1_487' title='bbox 1088 3838 1413 3907; x_wconf 82' lang='lat' dir='ltr'><strong>promulgati</strong></span> <span class='ocrx_word' id='word_1_488' title='bbox 1440 3852 1680 3892; x_wconf 84' lang='lat' dir='ltr'><strong>canones</strong></span> <span class='ocrx_word' id='word_1_489' title='bbox 1728 3836 1763 3891; x_wconf 84' lang='lat'><strong>6</strong></span> <span class='ocrx_word' id='word_1_490' title='bbox 1806 3850 1862 3891; x_wconf 89' lang='lat' dir='ltr'><strong>et</strong></span> <span class='ocrx_word' id='word_1_491' title='bbox 1886 3837 1956 3891; x_wconf 76' lang='lat'><strong>85</strong></span> <span class='ocrx_word' id='word_1_492' title='bbox 1995 3838 2089 3906; x_wconf 90' lang='lat' dir='ltr'><strong>qui</strong></span> <span class='ocrx_word' id='word_1_493' title='bbox 2129 3853 2190 3892; x_wconf 85' lang='lat' dir='ltr'><strong>se</strong></span> <span class='ocrx_word' id='word_1_494' title='bbox 2245 3853 2345 3893; x_wconf 75' lang='lat' dir='ltr'><strong>ne-</strong></span> 
     </span>
    </p>
   </div>
   <div class='ocr_carea' id='block_1_71' title="bbox 775 3931 2341 4002">
    <p class='ocr_par' dir='ltr' id='par_1_71' title="bbox 775 3931 2341 4002">
     <span class='ocr_line' id='line_1_71' title="bbox 775 3931 2341 4002; baseline -0.001 -16"><span class='ocrx_word' id='word_1_495' title='bbox 775 3934 935 4002; x_wconf 77' lang='lat' dir='ltr'><strong>gotiis</strong></span> <span class='ocrx_word' id='word_1_496' title='bbox 989 3934 1338 3988; x_wconf 70' lang='lat' dir='ltr'><strong>saecularibus</strong></span> <span class='ocrx_word' id='word_1_497' title='bbox 1404 3931 1807 4001; x_wconf 85' lang='lat' dir='ltr'><strong>implicaverint</strong></span> <span class='ocrx_word' id='word_1_498' title='bbox 1880 3942 1975 3987; x_wconf 87' lang='lat' dir='ltr'><strong>aut</strong></span> <span class='ocrx_word' id='word_1_499' title='bbox 2037 3936 2341 3987; x_wconf 75' lang='lat' dir='ltr'><strong>ltomanum</strong></span> 
     </span>
    </p>
   </div>
   <div class='ocr_carea' id='block_1_72' title="bbox 777 4023 2343 4097">
    <p class='ocr_par' dir='ltr' id='par_1_72' title="bbox 777 4023 2343 4097">
     <span class='ocr_line' id='line_1_72' title="bbox 777 4023 2343 4097; baseline -0.001 -18"><span class='ocrx_word' id='word_1_500' title='bbox 777 4026 1149 4097; x_wconf 81' lang='lat' dir='ltr'><strong>magistratum</strong></span> <span class='ocrx_word' id='word_1_501' title='bbox 1181 4025 1342 4080; x_wconf 89' lang='lat' dir='ltr'><strong>simul</strong></span> <span class='ocrx_word' id='word_1_502' title='bbox 1365 4039 1487 4078; x_wconf 87' lang='lat' dir='ltr'><strong>cum</strong></span> <span class='ocrx_word' id='word_1_503' title='bbox 1506 4023 1829 4078; x_wconf 87' lang='lat' dir='ltr'><strong>sacerdotali</strong></span> <span class='ocrx_word' id='word_1_504' title='bbox 1867 4024 2343 4078; x_wconf 76' lang='lat' dir='ltr'><strong>administratione</strong></span> 
     </span>
    </p>
   </div>
   <div class='ocr_carea' id='block_1_73' title="bbox 776 4117 2338 4185">
    <p class='ocr_par' dir='ltr' id='par_1_73' title="bbox 776 4117 2338 4185">
     <span class='ocr_line' id='line_1_73' title="bbox 776 4117 2338 4185; baseline -0.001 -12"><span class='ocrx_word' id='word_1_505' title='bbox 776 4119 1035 4173; x_wconf 83' lang='lat' dir='ltr'><strong>invadere</strong></span> <span class='ocrx_word' id='word_1_506' title='bbox 1085 4118 1428 4179; x_wconf 88' lang='lat' dir='ltr'><strong>attentariut,</strong></span> <span class='ocrx_word' id='word_1_507' title='bbox 1487 4117 1839 4185; x_wconf 78' lang='lat' dir='ltr'><strong>depositione</strong></span> <span class='ocrx_word' id='word_1_508' title='bbox 1889 4118 2108 4169; x_wconf 87' lang='lat' dir='ltr'><strong>multari</strong></span> <span class='ocrx_word' id='word_1_509' title='bbox 2146 4118 2338 4185; x_wconf 87' lang='lat' dir='ltr'><strong>jubet:</strong></span> 
     </span>
    </p>
   </div>
   <div class='ocr_carea' id='block_1_74' title="bbox 774 4212 2345 4277">
    <p class='ocr_par' dir='ltr' id='par_1_74' title="bbox 774 4212 2345 4277">
     <span class='ocr_line' id='line_1_74' title="bbox 774 4212 2345 4277; baseline -0.004 -10"><span class='ocrx_word' id='word_1_510' title='bbox 774 4213 835 4267; x_wconf 76' lang='grc'><strong>81</strong></span> <span class='ocrx_word' id='word_1_511' title='bbox 894 4227 1021 4266; x_wconf 83' lang='lat' dir='ltr'><strong>vero</strong></span> <span class='ocrx_word' id='word_1_512' title='bbox 1039 4212 1353 4265; x_wconf 87' lang='lat' dir='ltr'><strong>eorumdem</strong></span> <span class='ocrx_word' id='word_1_513' title='bbox 1403 4223 1697 4270; x_wconf 88' lang='lat' dir='ltr'><strong>canonum,</strong></span> <span class='ocrx_word' id='word_1_514' title='bbox 1723 4219 2009 4277; x_wconf 75' lang='lat' dir='ltr'><strong>postquam</strong></span> <span class='ocrx_word' id='word_1_515' title='bbox 2038 4223 2069 4261; x_wconf 90' lang='lat' dir='ltr'><strong>a</strong></span> <span class='ocrx_word' id='word_1_516' title='bbox 2102 4223 2345 4276; x_wconf 85' lang='lat' dir='ltr'><strong>quacun-</strong></span> 
     </span>
    </p>
   </div>
   <div class='ocr_carea' id='block_1_75' title="bbox 774 4300 2336 4373">
    <p class='ocr_par' dir='ltr' id='par_1_75' title="bbox 774 4300 2336 4373">
     <span class='ocr_line' id='line_1_75' title="bbox 774 4300 2336 4373; baseline -0.002 -19"><span class='ocrx_word' id='word_1_517' title='bbox 774 4320 878 4373; x_wconf 81' lang='lat' dir='ltr'><strong>que</strong></span> <span class='ocrx_word' id='word_1_518' title='bbox 907 4304 1130 4372; x_wconf 67' lang='lat' dir='ltr'><strong>publicze</strong></span> <span class='ocrx_word' id='word_1_519' title='bbox 1187 4300 1672 4354; x_wconf 80' lang='lat' dir='ltr'><strong>administrationis</strong></span> <span class='ocrx_word' id='word_1_520' title='bbox 1711 4302 2098 4366; x_wconf 80' lang='lat' dir='ltr'><strong>procuratione</strong></span> <span class='ocrx_word' id='word_1_521' title='bbox 2160 4302 2336 4353; x_wconf 87' lang='lat' dir='ltr'><strong>sacris</strong></span> 
     </span>
    </p>
   </div>
   <div class='ocr_carea' id='block_1_76' title="bbox 778 4389 2345 4461">
    <p class='ocr_par' dir='ltr' id='par_1_76' title="bbox 778 4389 2345 4461">
     <span class='ocr_line' id='line_1_76' title="bbox 778 4389 2345 4461; baseline -0.004 -10"><span class='ocrx_word' id='word_1_522' title='bbox 778 4398 1018 4451; x_wconf 86' lang='lat' dir='ltr'><strong>initiatos</strong></span> <span class='ocrx_word' id='word_1_523' title='bbox 1045 4394 1290 4448; x_wconf 87' lang='lat' dir='ltr'><strong>homines</strong></span> <span class='ocrx_word' id='word_1_524' title='bbox 1312 4393 1588 4446; x_wconf 87' lang='lat' dir='ltr'><strong>abstinere</strong></span> <span class='ocrx_word' id='word_1_525' title='bbox 1623 4389 1808 4460; x_wconf 90' lang='lat' dir='ltr'><strong>jussit,</strong></span> <span class='ocrx_word' id='word_1_526' title='bbox 1840 4400 1893 4443; x_wconf 88' lang='lat' dir='ltr'><strong>et</strong></span> <span class='ocrx_word' id='word_1_527' title='bbox 1926 4391 2226 4461; x_wconf 72' lang='lat' dir='ltr'><strong>subjungit,</strong></span> <span class='ocrx_word' id='word_1_528' title='bbox 2249 4404 2345 4445; x_wconf 87' lang='lat' dir='ltr'><strong>aut</strong></span> 
     </span>
    </p>
   </div>
   <div class='ocr_carea' id='block_1_77' title="bbox 777 4484 2344 4559">
    <p class='ocr_par' dir='ltr' id='par_1_77' title="bbox 777 4484 2344 4559">
     <span class='ocr_line' id='line_1_77' title="bbox 777 4484 2344 4559; baseline -0.002 -16"><span class='ocrx_word' id='word_1_529' title='bbox 777 4491 877 4543; x_wconf 87' lang='lat' dir='ltr'><strong>huc</strong></span> <span class='ocrx_word' id='word_1_530' title='bbox 909 4490 1094 4559; x_wconf 67' lang='lat' dir='ltr'><strong>igitur,</strong></span> <span class='ocrx_word' id='word_1_531' title='bbox 1124 4503 1228 4541; x_wconf 89' lang='lat' dir='ltr'><strong>non</strong></span> <span class='ocrx_word' id='word_1_532' title='bbox 1275 4486 1455 4540; x_wconf 88' lang='lat' dir='ltr'><strong>lacere</strong></span> <span class='ocrx_word' id='word_1_533' title='bbox 1508 4485 1608 4539; x_wconf 90' lang='lat' dir='ltr'><strong>sibi</strong></span> <span class='ocrx_word' id='word_1_534' title='bbox 1645 4484 1961 4554; x_wconf 84' lang='lat' dir='ltr'><strong>persuaderi</strong></span> <span class='ocrx_word' id='word_1_535' title='bbox 1997 4487 2206 4547; x_wconf 86' lang='lat' dir='ltr'><strong>sinant,</strong></span> <span class='ocrx_word' id='word_1_536' title='bbox 2250 4500 2344 4540; x_wconf 91' lang='lat' dir='ltr'><strong>aut</strong></span> 
     </span>
    </p>
   </div>
   <div class='ocr_carea' id='block_1_78' title="bbox 2445 3380 4024 3454">
    <p class='ocr_par' dir='ltr' id='par_1_78' title="bbox 2445 3380 4024 3454">
     <span class='ocr_line' id='line_1_78' title="bbox 2445 3380 4024 3454; baseline -0.001 -19"><span class='ocrx_word' id='word_1_537' title='bbox 2445 3382 2661 3436; x_wconf 87' lang='grc' dir='ltr'>σθωσαν</span> <span class='ocrx_word' id='word_1_538' title='bbox 2682 3380 2775 3436; x_wconf 81' lang='grc' dir='ltr'>οὖν</span> <span class='ocrx_word' id='word_1_539' title='bbox 2805 3384 2960 3436; x_wconf 81' lang='grc' dir='ltr'>τοῦτο</span> <span class='ocrx_word' id='word_1_540' title='bbox 2985 3385 3061 3454; x_wconf 80' lang='grc' dir='ltr'>μὴ</span> <span class='ocrx_word' id='word_1_541' title='bbox 3092 3386 3286 3448; x_wconf 76' lang='grc' dir='ltr'>ποιεῖν,</span> <span class='ocrx_word' id='word_1_542' title='bbox 3317 3385 3350 3453; x_wconf 80' lang='grc' dir='ltr'><strong>ἦ</strong></span> <span class='ocrx_word' id='word_1_543' title='bbox 3388 3381 3889 3451; x_wconf 88' lang='grc' dir='ltr'>καθαιρείσθωσαν,</span> <span class='ocrx_word' id='word_1_544' title='bbox 3938 3383 4024 3440; x_wconf 85' lang='grc' dir='ltr'>Ὠς</span> 
     </span>
    </p>
   </div>
   <div class='ocr_carea' id='block_1_79' title="bbox 2443 3472 4025 3548">
    <p class='ocr_par' dir='ltr' id='par_1_79' title="bbox 2443 3472 4025 3548">
     <span class='ocr_line' id='line_1_79' title="bbox 2443 3472 4025 3548; baseline -0.002 -19"><span class='ocrx_word' id='word_1_545' title='bbox 2443 3472 2537 3529; x_wconf 84' lang='grc' dir='ltr'><strong>οὖν</strong></span> <span class='ocrx_word' id='word_1_546' title='bbox 2594 3477 2694 3547; x_wconf 74' lang='grc' dir='ltr'>ἤδη</span> <span class='ocrx_word' id='word_1_547' title='bbox 2732 3477 2838 3529; x_wconf 80' lang='grc' dir='ltr'><strong>τῶν</strong></span> <span class='ocrx_word' id='word_1_548' title='bbox 2892 3477 3187 3547; x_wconf 77' lang='grc' dir='ltr'>ἐπιτιμίων</span> <span class='ocrx_word' id='word_1_549' title='bbox 3236 3477 3442 3530; x_wconf 84' lang='grc' dir='ltr'>τούτων</span> <span class='ocrx_word' id='word_1_550' title='bbox 3477 3477 3810 3548; x_wconf 82' lang='grc' dir='ltr'>ὁρισθέντων</span> <span class='ocrx_word' id='word_1_551' title='bbox 3872 3478 4025 3543; x_wconf 75' lang='grc' dir='ltr'>παρα</span> 
     </span>
    </p>
   </div>
   <div class='ocr_carea' id='block_1_80' title="bbox 2443 3568 4023 3639">
    <p class='ocr_par' dir='ltr' id='par_1_80' title="bbox 2443 3568 4023 3639">
     <span class='ocr_line' id='line_1_80' title="bbox 2443 3568 4023 3639; baseline -0.003 -17"><span class='ocrx_word' id='word_1_552' title='bbox 2443 3570 2554 3622; x_wconf 83' lang='grc' dir='ltr'><strong>τῶν</strong></span> <span class='ocrx_word' id='word_1_553' title='bbox 2586 3571 2756 3637; x_wconf 76' lang='grc' dir='ltr'>ἁγίων</span> <span class='ocrx_word' id='word_1_554' title='bbox 2783 3570 3119 3632; x_wconf 83' lang='grc' dir='ltr'>ἀποστόλων,</span> <span class='ocrx_word' id='word_1_555' title='bbox 3152 3572 3185 3639; x_wconf 84' lang='grc' dir='ltr'>ἡ</span> <span class='ocrx_word' id='word_1_556' title='bbox 3208 3569 3423 3632; x_wconf 79' lang='grc' dir='ltr'>σύνοδος</span> <span class='ocrx_word' id='word_1_557' title='bbox 3450 3570 3590 3639; x_wconf 79' lang='grc' dir='ltr'>αὕτη</span> <span class='ocrx_word' id='word_1_558' title='bbox 3618 3568 4023 3637; x_wconf 82' lang='grc' dir='ltr'>παρεσιὼπησε</span> 
     </span>
    </p>
   </div>
   <div class='ocr_carea' id='block_1_81' title="bbox 2444 3658 4023 3731">
    <p class='ocr_par' dir='ltr' id='par_1_81' title="bbox 2444 3658 4023 3731">
     <span class='ocr_line' id='line_1_81' title="bbox 2444 3658 4023 3731; baseline -0.003 -16"><span class='ocrx_word' id='word_1_559' title='bbox 2444 3662 2641 3725; x_wconf 83' lang='grc' dir='ltr'>ταῦτα,</span> <span class='ocrx_word' id='word_1_560' title='bbox 2676 3664 2813 3731; x_wconf 77' lang='grc' dir='ltr'>ὅπερ</span> <span class='ocrx_word' id='word_1_561' title='bbox 2842 3666 2937 3714; x_wconf 71' lang='grc' dir='ltr'><strong>καὶ</strong></span> <span class='ocrx_word' id='word_1_562' title='bbox 2965 3663 2998 3731; x_wconf 73' lang='grc' dir='ltr'>ἡ</span> <span class='ocrx_word' id='word_1_563' title='bbox 3029 3663 3087 3713; x_wconf 85' lang='grc' dir='ltr'>ὲν</span> <span class='ocrx_word' id='word_1_564' title='bbox 3118 3661 3445 3731; x_wconf 80' lang='grc' dir='ltr'>Καρθαγένῃ</span> <span class='ocrx_word' id='word_1_565' title='bbox 3472 3660 3737 3730; x_wconf 83' lang='grc' dir='ltr'>πεποίηκε</span> <span class='ocrx_word' id='word_1_566' title='bbox 3771 3658 4023 3719; x_wconf 76' lang='grc' dir='ltr'>σύνοδος.</span> 
     </span>
    </p>
   </div>
   <div class='ocr_carea' id='block_1_82' title="bbox 2446 3751 4024 3824">
    <p class='ocr_par' dir='ltr' id='par_1_82' title="bbox 2446 3751 4024 3824">
     <span class='ocr_line' id='line_1_82' title="bbox 2446 3751 4024 3824; baseline -0.005 -17"><span class='ocrx_word' id='word_1_567' title='bbox 2446 3756 2691 3824; x_wconf 83' lang='grc' dir='ltr'>Κάκείνη</span> <span class='ocrx_word' id='word_1_568' title='bbox 2725 3763 2857 3822; x_wconf 80' lang='grc' dir='ltr'>γαρ,</span> <span class='ocrx_word' id='word_1_569' title='bbox 2898 3757 2954 3806; x_wconf 82' lang='grc' dir='ltr'><strong>ἐν</strong></span> <span class='ocrx_word' id='word_1_570' title='bbox 2986 3751 3063 3818; x_wconf 82' lang='grc' dir='ltr'>ις’</span> <span class='ocrx_word' id='word_1_571' title='bbox 3123 3754 3307 3806; x_wconf 66' lang='grc' dir='ltr'>κενόνι</span> <span class='ocrx_word' id='word_1_572' title='bbox 3342 3756 3471 3820; x_wconf 78' lang='grc' dir='ltr'>περὶ</span> <span class='ocrx_word' id='word_1_573' title='bbox 3518 3753 3708 3804; x_wconf 86' lang='grc' dir='ltr'>τούτου</span> <span class='ocrx_word' id='word_1_574' title='bbox 3752 3751 4024 3818; x_wconf 55' lang='lat'><strong>003540;;-</strong></span> 
     </span>
    </p>
   </div>
   <div class='ocr_carea' id='block_1_83' title="bbox 2444 3844 4027 3918">
    <p class='ocr_par' dir='ltr' id='par_1_83' title="bbox 2444 3844 4027 3918">
     <span class='ocr_line' id='line_1_83' title="bbox 2444 3844 4027 3918; baseline -0.006 -17"><span class='ocrx_word' id='word_1_575' title='bbox 2444 3850 2681 3918; x_wconf 84' lang='grc' dir='ltr'>τήσασα,</span> <span class='ocrx_word' id='word_1_576' title='bbox 2707 3850 2806 3900; x_wconf 79' lang='grc' dir='ltr'><strong>οὐκ</strong></span> <span class='ocrx_word' id='word_1_577' title='bbox 2832 3849 3115 3917; x_wconf 75' lang='grc' dir='ltr'>ἐπήγαγεν</span> <span class='ocrx_word' id='word_1_578' title='bbox 3143 3847 3420 3915; x_wconf 74' lang='grc' dir='ltr'>ἐπιτίμιον</span> <span class='ocrx_word' id='word_1_579' title='bbox 3453 3845 3540 3896; x_wconf 84' lang='grc' dir='ltr'>διὰ</span> <span class='ocrx_word' id='word_1_580' title='bbox 3564 3844 3660 3914; x_wconf 82' lang='grc' dir='ltr'>τὴν</span> <span class='ocrx_word' id='word_1_581' title='bbox 3683 3844 3862 3913; x_wconf 73' lang='grc' dir='ltr'>αὐτὴν</span> <span class='ocrx_word' id='word_1_582' title='bbox 3890 3845 4027 3894; x_wconf 75' lang='grc' dir='ltr'>παν-</span> 
     </span>
    </p>
   </div>
   <div class='ocr_carea' id='block_1_84' title="bbox 2445 3937 4028 4006">
    <p class='ocr_par' dir='ltr' id='par_1_84' title="bbox 2445 3937 4028 4006">
     <span class='ocr_line' id='line_1_84' title="bbox 2445 3937 4028 4006; baseline -0.004 -13"><span class='ocrx_word' id='word_1_583' title='bbox 2445 3958 2554 4004; x_wconf 85' lang='grc' dir='ltr'><strong>τως</strong></span> <span class='ocrx_word' id='word_1_584' title='bbox 2590 3941 2787 3993; x_wconf 85' lang='grc' dir='ltr'>αίτίαν.</span> <span class='ocrx_word' id='word_1_585' title='bbox 2844 3939 3008 3991; x_wconf 78' lang='grc' dir='ltr'>Ἀλλὰ</span> <span class='ocrx_word' id='word_1_586' title='bbox 3048 3938 3222 3991; x_wconf 72' lang='grc' dir='ltr'>ταῦτα</span> <span class='ocrx_word' id='word_1_587' title='bbox 3247 3941 3344 3990; x_wconf 79' lang='grc' dir='ltr'>καὶ</span> <span class='ocrx_word' id='word_1_588' title='bbox 3372 3938 3481 3989; x_wconf 83' lang='grc' dir='ltr'><strong>τῶν</strong></span> <span class='ocrx_word' id='word_1_589' title='bbox 3512 3937 3822 4006; x_wconf 76' lang='grc' dir='ltr'>εἰρημένων</span> <span class='ocrx_word' id='word_1_590' title='bbox 3854 3937 4028 3986; x_wconf 80' lang='grc' dir='ltr'>κανό-</span> 
     </span>
    </p>
   </div>
   <div class='ocr_carea' id='block_1_85' title="bbox 2446 4028 4026 4100">
    <p class='ocr_par' dir='ltr' id='par_1_85' title="bbox 2446 4028 4026 4100">
     <span class='ocr_line' id='line_1_85' title="bbox 2446 4028 4026 4100; baseline -0.004 -13"><span class='ocrx_word' id='word_1_591' title='bbox 2446 4050 2554 4087; x_wconf 85' lang='grc' dir='ltr'><strong>νων</strong></span> <span class='ocrx_word' id='word_1_592' title='bbox 2592 4033 3025 4097; x_wconf 78' lang='grc' dir='ltr'>διαταξαμένων,</span> <span class='ocrx_word' id='word_1_593' title='bbox 3062 4038 3124 4083; x_wconf 60' lang='grc' dir='ltr'><strong>τό</strong></span> <span class='ocrx_word' id='word_1_594' title='bbox 3173 4032 3345 4083; x_wconf 70' lang='grc' dir='ltr'>κακὸν</span> <span class='ocrx_word' id='word_1_595' title='bbox 3398 4029 3778 4100; x_wconf 78' lang='grc' dir='ltr'>ἀθεράπευτον</span> <span class='ocrx_word' id='word_1_596' title='bbox 3811 4028 4026 4096; x_wconf 76' lang='grc' dir='ltr'>ἔμεινε.</span> 
     </span>
    </p>
   </div>
   <div class='ocr_carea' id='block_1_86' title="bbox 2446 4117 4029 4191">
    <p class='ocr_par' dir='ltr' id='par_1_86' title="bbox 2446 4117 4029 4191">
     <span class='ocr_line' id='line_1_86' title="bbox 2446 4117 4029 4191; baseline -0.006 -16"><span class='ocrx_word' id='word_1_597' title='bbox 2446 4124 2539 4175; x_wconf 85' lang='grc' dir='ltr'><strong>Δ.ὸ</strong></span> <span class='ocrx_word' id='word_1_598' title='bbox 2579 4123 2674 4175; x_wconf 82' lang='grc' dir='ltr'>καὶ</span> <span class='ocrx_word' id='word_1_599' title='bbox 2703 4126 2734 4191; x_wconf 81' lang='grc' dir='ltr'>ἡ</span> <span class='ocrx_word' id='word_1_600' title='bbox 2760 4122 2893 4190; x_wconf 72' lang='grc' dir='ltr'>ἕκτη</span> <span class='ocrx_word' id='word_1_601' title='bbox 2923 4121 3139 4183; x_wconf 85' lang='grc' dir='ltr'>σύνοδος</span> <span class='ocrx_word' id='word_1_602' title='bbox 3173 4122 3231 4172; x_wconf 80' lang='grc' dir='ltr'><strong>ἐν</strong></span> <span class='ocrx_word' id='word_1_603' title='bbox 3266 4117 3334 4172; x_wconf 90' lang='grc' dir='ltr'>ια’</span> <span class='ocrx_word' id='word_1_604' title='bbox 3381 4120 3566 4173; x_wconf 86' lang='grc' dir='ltr'>κανόνι</span> <span class='ocrx_word' id='word_1_605' title='bbox 3594 4120 3664 4171; x_wconf 76' lang='grc' dir='ltr'>τὰ</span> <span class='ocrx_word' id='word_1_606' title='bbox 3687 4118 3831 4169; x_wconf 75' lang='grc' dir='ltr'>αὐτὰ</span> <span class='ocrx_word' id='word_1_607' title='bbox 3860 4118 4029 4169; x_wconf 73' lang='grc' dir='ltr'>πάλιν</span> 
     </span>
    </p>
   </div>
   <div class='ocr_carea' id='block_1_87' title="bbox 2449 4210 4031 4280">
    <p class='ocr_par' dir='ltr' id='par_1_87' title="bbox 2449 4210 4031 4280">
     <span class='ocr_line' id='line_1_87' title="bbox 2449 4210 4031 4280; baseline -0.006 -11"><span class='ocrx_word' id='word_1_608' title='bbox 2449 4215 2814 4269; x_wconf 78' lang='grc' dir='ltr'>ἀνενεώσατο’</span> <span class='ocrx_word' id='word_1_609' title='bbox 2852 4214 2947 4267; x_wconf 76' lang='grc' dir='ltr'>καὶ</span> <span class='ocrx_word' id='word_1_610' title='bbox 2972 4214 3080 4265; x_wconf 74' lang='grc' dir='ltr'>οὐδ’</span> <span class='ocrx_word' id='word_1_611' title='bbox 3116 4210 3288 4274; x_wconf 85' lang='grc' dir='ltr'>οὔτως</span> <span class='ocrx_word' id='word_1_612' title='bbox 3314 4211 3453 4272; x_wconf 80' lang='grc' dir='ltr'>ῐασις</span> <span class='ocrx_word' id='word_1_613' title='bbox 3497 4211 3784 4280; x_wconf 82' lang='grc' dir='ltr'>τῆς’νόσου</span> <span class='ocrx_word' id='word_1_614' title='bbox 3815 4211 4031 4277; x_wconf 83' lang='grc' dir='ltr'>ταύτης</span> 
     </span>
    </p>
   </div>
   <div class='ocr_carea' id='block_1_88' title="bbox 2448 4303 4027 4377">
    <p class='ocr_par' dir='ltr' id='par_1_88' title="bbox 2448 4303 4027 4377">
     <span class='ocr_line' id='line_1_88' title="bbox 2448 4303 4027 4377; baseline -0.006 -17"><span class='ocrx_word' id='word_1_615' title='bbox 2448 4310 2683 4376; x_wconf 75' lang='grc' dir='ltr'>ἐγένετο.</span> <span class='ocrx_word' id='word_1_616' title='bbox 2748 4309 2859 4361; x_wconf 73' lang='grc' dir='ltr'>Καὶ</span> <span class='ocrx_word' id='word_1_617' title='bbox 2893 4311 3054 4377; x_wconf 83' lang='grc' dir='ltr'>μέχρι</span> <span class='ocrx_word' id='word_1_618' title='bbox 3085 4307 3193 4373; x_wconf 81' lang='grc' dir='ltr'>γὰρ</span> <span class='ocrx_word' id='word_1_619' title='bbox 3228 4305 3321 4359; x_wconf 81' lang='grc' dir='ltr'>νῦν</span> <span class='ocrx_word' id='word_1_620' title='bbox 3348 4307 3560 4373; x_wconf 84' lang='grc' dir='ltr'>γίνεται</span> <span class='ocrx_word' id='word_1_621' title='bbox 3605 4303 3668 4355; x_wconf 86' lang='grc' dir='ltr'><strong>τδ</strong></span> <span class='ocrx_word' id='word_1_622' title='bbox 3690 4304 3891 4367; x_wconf 79' lang='grc' dir='ltr'>κακὸν,</span> <span class='ocrx_word' id='word_1_623' title='bbox 3928 4321 4027 4353; x_wconf 77' lang='grc' dir='ltr'><strong>και</strong></span> 
     </span>
    </p>
   </div>
   <div class='ocr_carea' id='block_1_89' title="bbox 2446 4390 4033 4464">
    <p class='ocr_par' dir='ltr' id='par_1_89' title="bbox 2446 4390 4033 4464">
     <span class='ocr_line' id='line_1_89' title="bbox 2446 4390 4033 4464; baseline -0.003 -16"><span class='ocrx_word' id='word_1_624' title='bbox 2446 4400 2619 4460; x_wconf 79' lang='grc' dir='ltr'>οὐδεὶς</span> <span class='ocrx_word' id='word_1_625' title='bbox 2650 4402 2677 4450; x_wconf 91' lang='grc' dir='ltr'>ὁ</span> <span class='ocrx_word' id='word_1_626' title='bbox 2711 4400 3035 4450; x_wconf 85' lang='grc' dir='ltr'>ἀνακόπτων</span> <span class='ocrx_word' id='word_1_627' title='bbox 3066 4398 3220 4458; x_wconf 77' lang='grc' dir='ltr'>αὐτὸ,</span> <span class='ocrx_word' id='word_1_628' title='bbox 3268 4397 3328 4447; x_wconf 85' lang='grc' dir='ltr'><strong>οὐ</strong></span> <span class='ocrx_word' id='word_1_629' title='bbox 3362 4394 3730 4464; x_wconf 62' lang='grc' dir='ltr'>πατριάρχης,</span> <span class='ocrx_word' id='word_1_630' title='bbox 3767 4394 3831 4444; x_wconf 75' lang='grc' dir='ltr'><strong>οὐ</strong></span> <span class='ocrx_word' id='word_1_631' title='bbox 3868 4390 4033 4462; x_wconf 70' lang='grc' dir='ltr'>βασι-</span> 
     </span>
    </p>
   </div>
   <div class='ocr_carea' id='block_1_90' title="bbox 2447 4488 4034 4559">
    <p class='ocr_par' dir='ltr' id='par_1_90' title="bbox 2447 4488 4034 4559">
     <span class='ocr_line' id='line_1_90' title="bbox 2447 4488 4034 4559; baseline -0.004 -15"><span class='ocrx_word' id='word_1_632' title='bbox 2447 4492 2593 4555; x_wconf 83' lang='grc' dir='ltr'>λεὺς,</span> <span class='ocrx_word' id='word_1_633' title='bbox 2625 4493 2726 4544; x_wconf 77' lang='grc' dir='ltr'><strong>οὐκ</strong></span> <span class='ocrx_word' id='word_1_634' title='bbox 2778 4492 3101 4553; x_wconf 74' lang='grc' dir='ltr'>ἐπίσκοπος.</span> <span class='ocrx_word' id='word_1_635' title='bbox 3138 4488 3632 4559; x_wconf 81' lang='grc' dir='ltr'>Παραθεωροῦνται</span> <span class='ocrx_word' id='word_1_636' title='bbox 3664 4490 3799 4553; x_wconf 58' lang='grc' dir='ltr'>γοὺν</span> <span class='ocrx_word' id='word_1_637' title='bbox 3834 4488 3890 4539; x_wconf 83' lang='grc' dir='ltr'>οἱ</span> <span class='ocrx_word' id='word_1_638' title='bbox 3938 4503 4034 4537; x_wconf 84' lang='grc' dir='ltr'>το-</span> 
     </span>
    </p>
   </div>
   <div class='ocr_carea' id='block_1_91' title="bbox 776 4579 2450 4652">
    <p class='ocr_par' dir='ltr' id='par_1_91' title="bbox 776 4579 2424 4651">
     <span class='ocr_line' id='line_1_91' title="bbox 776 4579 2424 4651; baseline -0.003 -16"><span class='ocrx_word' id='word_1_639' title='bbox 776 4588 1134 4651; x_wconf 86' lang='lat' dir='ltr'><strong>depouantur.</strong></span> <span class='ocrx_word' id='word_1_640' title='bbox 1175 4579 1469 4634; x_wconf 69' lang='lat' dir='ltr'><strong>Pwnarum</strong></span> <span class='ocrx_word' id='word_1_641' title='bbox 1520 4579 1685 4647; x_wconf 73' lang='lat' dir='ltr'><strong>igitur</strong></span> <span class='ocrx_word' id='word_1_642' title='bbox 1740 4591 1889 4632; x_wconf 86' lang='lat' dir='ltr'><strong>certa</strong></span> <span class='ocrx_word' id='word_1_643' title='bbox 1944 4579 2424 4647; x_wconf 74' lang='lat' dir='ltr'><strong>designatione,D</strong></span> 
     </span>
    </p>
   </div>
   <div class='ocr_carea' id='block_1_92' title="bbox 2359 4579 4033 4652">
    <p class='ocr_par' dir='ltr' id='par_1_92' title="bbox 2370 4580 4033 4652">
     <span class='ocr_line' id='line_1_92' title="bbox 2370 4580 4033 4652; baseline -0.005 -15"><span class='ocrx_word' id='word_1_644' title='bbox 2370 4584 2424 4643; x_wconf 89' lang='lat' dir='ltr'><strong>D</strong></span> <span class='ocrx_word' id='word_1_645' title='bbox 2452 4585 2631 4637; x_wconf 80' lang='grc' dir='ltr'>σοῦτοι</span> <span class='ocrx_word' id='word_1_646' title='bbox 2669 4585 2913 4647; x_wconf 83' lang='grc' dir='ltr'>κανόνες,</span> <span class='ocrx_word' id='word_1_647' title='bbox 2942 4585 3036 4636; x_wconf 80' lang='grc' dir='ltr'><strong>καὶ</strong></span> <span class='ocrx_word' id='word_1_648' title='bbox 3062 4586 3176 4645; x_wconf 80' lang='grc' dir='ltr'>τοῖς</span> <span class='ocrx_word' id='word_1_649' title='bbox 3206 4581 3351 4635; x_wconf 79' lang='grc' dir='ltr'>οὕτω</span> <span class='ocrx_word' id='word_1_650' title='bbox 3376 4581 3787 4652; x_wconf 77' lang='grc' dir='ltr'>καθῃρημένοις</span> <span class='ocrx_word' id='word_1_651' title='bbox 3822 4582 3891 4632; x_wconf 76' lang='grc' dir='ltr'>ἐκ</span> <span class='ocrx_word' id='word_1_652' title='bbox 3919 4580 4033 4631; x_wconf 77' lang='grc' dir='ltr'><strong>τῶν</strong></span> 
     </span>
    </p>
   </div>
   <div class='ocr_carea' id='block_1_93' title="bbox 776 4673 2343 4745">
    <p class='ocr_par' dir='ltr' id='par_1_93' title="bbox 776 4673 2343 4745">
     <span class='ocr_line' id='line_1_93' title="bbox 776 4673 2343 4745; baseline 0.001 -18"><span class='ocrx_word' id='word_1_653' title='bbox 776 4678 974 4745; x_wconf 80' lang='lat' dir='ltr'><strong>quippe</strong></span> <span class='ocrx_word' id='word_1_654' title='bbox 1017 4690 1137 4745; x_wconf 80' lang='lat' dir='ltr'><strong>qua:</strong></span> <span class='ocrx_word' id='word_1_655' title='bbox 1208 4676 1318 4743; x_wconf 83' lang='lat' dir='ltr'><strong>jam</strong></span> <span class='ocrx_word' id='word_1_656' title='bbox 1388 4682 1549 4727; x_wconf 88' lang='lat' dir='ltr'><strong>antea</strong></span> <span class='ocrx_word' id='word_1_657' title='bbox 1596 4680 1963 4740; x_wconf 71' lang='lat' dir='ltr'><strong>apostolorum</strong></span> <span class='ocrx_word' id='word_1_658' title='bbox 2017 4673 2343 4728; x_wconf 86' lang='lat' dir='ltr'><strong>auctoritate</strong></span> 
     </span>
    </p>
   </div>
   <div class='ocr_carea' id='block_1_94' title="bbox 777 4764 2336 4833">
    <p class='ocr_par' dir='ltr' id='par_1_94' title="bbox 777 4764 2336 4833">
     <span class='ocr_line' id='line_1_94' title="bbox 777 4764 2336 4833; baseline 0.001 -15"><span class='ocrx_word' id='word_1_659' title='bbox 777 4772 1008 4820; x_wconf 75' lang='lat' dir='ltr'><strong>delintta‘:</strong></span> <span class='ocrx_word' id='word_1_660' title='bbox 1038 4764 1257 4819; x_wconf 82' lang='lat' dir='ltr'><strong>fuerunt</strong></span> <span class='ocrx_word' id='word_1_661' title='bbox 1315 4770 1503 4820; x_wconf 85' lang='lat' dir='ltr'><strong>sancta</strong></span> <span class='ocrx_word' id='word_1_662' title='bbox 1530 4765 1785 4833; x_wconf 86' lang='lat' dir='ltr'><strong>synodus,</strong></span> <span class='ocrx_word' id='word_1_663' title='bbox 1821 4764 1921 4817; x_wconf 92' lang='lat' dir='ltr'><strong>hoc</strong></span> <span class='ocrx_word' id='word_1_664' title='bbox 1958 4764 2076 4818; x_wconf 90' lang='lat' dir='ltr'><strong>loco</strong></span> <span class='ocrx_word' id='word_1_665' title='bbox 2093 4765 2194 4818; x_wconf 92' lang='lat' dir='ltr'><strong>sibi</strong></span> <span class='ocrx_word' id='word_1_666' title='bbox 2241 4782 2336 4819; x_wconf 90' lang='lat' dir='ltr'><strong>su-</strong></span> 
     </span>
    </p>
   </div>
   <div class='ocr_carea' id='block_1_95' title="bbox 777 4853 3240 4926">
    <p class='ocr_par' dir='ltr' id='par_1_95' title="bbox 777 4853 3240 4926">
     <span class='ocr_line' id='line_1_95' title="bbox 777 4853 3240 4926; baseline -0 -19"><span class='ocrx_word' id='word_1_667' title='bbox 777 4860 1165 4924; x_wconf 85' lang='lat' dir='ltr'><strong>persedendum</strong></span> <span class='ocrx_word' id='word_1_668' title='bbox 1219 4870 1339 4909; x_wconf 84' lang='lat' dir='ltr'><strong>esse</strong></span> <span class='ocrx_word' id='word_1_669' title='bbox 1391 4858 1597 4909; x_wconf 88' lang='lat' dir='ltr'><strong>statuit.</strong></span> <span class='ocrx_word' id='word_1_670' title='bbox 1641 4853 1793 4921; x_wconf 87' lang='lat' dir='ltr'><strong>Quod</strong></span> <span class='ocrx_word' id='word_1_671' title='bbox 1843 4856 1988 4909; x_wconf 88' lang='lat' dir='ltr'><strong>idem</strong></span> <span class='ocrx_word' id='word_1_672' title='bbox 2046 4854 2494 4926; x_wconf 74' lang='lat' dir='ltr'><strong>Carthaginensis</strong></span> <span class='ocrx_word' id='word_1_673' title='bbox 2522 4873 2741 4926; x_wconf 85' lang='lat' dir='ltr'><strong>quoque</strong></span> <span class='ocrx_word' id='word_1_674' title='bbox 2763 4859 3001 4925; x_wconf 79' lang='lat' dir='ltr'><strong>synodus</strong></span> <span class='ocrx_word' id='word_1_675' title='bbox 3032 4864 3240 4907; x_wconf 85' lang='lat' dir='ltr'><strong>tenuit;</strong></span> 
     </span>
    </p>
   </div>
   <div class='ocr_carea' id='block_1_96' title="bbox 2450 4668 4034 4741">
    <p class='ocr_par' dir='ltr' id='par_1_96' title="bbox 2450 4668 4034 4741">
     <span class='ocr_line' id='line_1_96' title="bbox 2450 4668 4034 4741; baseline -0.006 -12"><span class='ocrx_word' id='word_1_676' title='bbox 2450 4677 2692 4729; x_wconf 84' lang='grc' dir='ltr'>κανόνων</span> <span class='ocrx_word' id='word_1_677' title='bbox 2747 4674 3220 4741; x_wconf 81' lang='grc' dir='ltr'>συλλειτουργοῦσι</span> <span class='ocrx_word' id='word_1_678' title='bbox 3298 4674 3391 4724; x_wconf 81' lang='grc' dir='ltr'>καὶ</span> <span class='ocrx_word' id='word_1_679' title='bbox 3468 4668 3938 4738; x_wconf 72' lang='grc' dir='ltr'>συγκοινιηνοῦσιν</span> <span class='ocrx_word' id='word_1_680' title='bbox 3984 4672 4034 4720; x_wconf 80' lang='grc' dir='ltr'>οἱ</span> 
     </span>
    </p>
   </div>
   <div class='ocr_carea' id='block_1_97' title="bbox 2445 4766 3322 4836">
    <p class='ocr_par' dir='ltr' id='par_1_97' title="bbox 2445 4766 3322 4836">
     <span class='ocr_line' id='line_1_97' title="bbox 2445 4766 3322 4836; baseline -0.006 -16"><span class='ocrx_word' id='word_1_681' title='bbox 2445 4768 2785 4836; x_wconf 79' lang='grc' dir='ltr'>πατριάρχαι</span> <span class='ocrx_word' id='word_1_682' title='bbox 2812 4767 2903 4817; x_wconf 77' lang='grc' dir='ltr'><strong>καὶ</strong></span> <span class='ocrx_word' id='word_1_683' title='bbox 2935 4766 2984 4815; x_wconf 82' lang='grc' dir='ltr'>οἱ</span> <span class='ocrx_word' id='word_1_684' title='bbox 3014 4766 3322 4816; x_wconf 65' lang='grc' dir='ltr'>ἐπίσκοποι.</span> 
     </span>
    </p>
   </div>
   <div class='ocr_carea' id='block_1_98' title="bbox 3319 4851 4036 4906">
    <p class='ocr_par' dir='ltr' id='par_1_98' title="bbox 3319 4851 4036 4906">
     <span class='ocr_line' id='line_1_98' title="bbox 3319 4851 4036 4906; baseline -0.01 0"><span class='ocrx_word' id='word_1_685' title='bbox 3319 4854 3522 4906; x_wconf 75' lang='lat' dir='ltr'><strong>ctenim</strong></span> <span class='ocrx_word' id='word_1_686' title='bbox 3628 4851 3714 4904; x_wconf 69' lang='lat' dir='ltr'><strong>illa</strong></span> <span class='ocrx_word' id='word_1_687' title='bbox 3811 4866 4036 4902; x_wconf 73' lang='lat' dir='ltr'><strong>canone</strong></span> 
     </span>
    </p>
   </div>
   <div class='ocr_carea' id='block_1_99' title="bbox 779 4945 4034 5019">
    <p class='ocr_par' dir='ltr' id='par_1_99' title="bbox 779 4945 4034 5019">
     <span class='ocr_line' id='line_1_99' title="bbox 779 4945 4034 5019; baseline -0.003 -14"><span class='ocrx_word' id='word_1_688' title='bbox 779 4956 844 5005; x_wconf 64' lang='grc'>16</span> <span class='ocrx_word' id='word_1_689' title='bbox 866 4958 1084 5005; x_wconf 83' lang='lat' dir='ltr'><strong>decreto</strong></span> <span class='ocrx_word' id='word_1_690' title='bbox 1117 4952 1221 5005; x_wconf 88' lang='lat' dir='ltr'><strong>hac</strong></span> <span class='ocrx_word' id='word_1_691' title='bbox 1252 4951 1320 5004; x_wconf 91' lang='lat' dir='ltr'><strong>de</strong></span> <span class='ocrx_word' id='word_1_692' title='bbox 1357 4964 1414 5003; x_wconf 89' lang='lat' dir='ltr'><strong>rc</strong></span> <span class='ocrx_word' id='word_1_693' title='bbox 1444 4951 1614 5013; x_wconf 88' lang='lat' dir='ltr'><strong>edito,</strong></span> <span class='ocrx_word' id='word_1_694' title='bbox 1665 4948 1910 5003; x_wconf 89' lang='lat' dir='ltr'><strong>eamdem</strong></span> <span class='ocrx_word' id='word_1_695' title='bbox 1937 4965 2158 5019; x_wconf 86' lang='lat' dir='ltr'><strong>prorsus</strong></span> <span class='ocrx_word' id='word_1_696' title='bbox 2180 4954 2446 5005; x_wconf 87' lang='lat' dir='ltr'><strong>rationem</strong></span> <span class='ocrx_word' id='word_1_697' title='bbox 2516 4963 2727 5016; x_wconf 83' lang='lat' dir='ltr'><strong>secuta,</strong></span> <span class='ocrx_word' id='word_1_698' title='bbox 2794 4951 2994 5002; x_wconf 90' lang='lat' dir='ltr'><strong>nullam</strong></span> <span class='ocrx_word' id='word_1_699' title='bbox 3064 4963 3280 5017; x_wconf 68' lang='lat' dir='ltr'><strong>pinnam</strong></span> <span class='ocrx_word' id='word_1_700' title='bbox 3348 4948 3617 5014; x_wconf 84' lang='lat' dir='ltr'><strong>apposuit.</strong></span> <span class='ocrx_word' id='word_1_701' title='bbox 3669 4945 3873 4998; x_wconf 75' lang='lat' dir='ltr'><strong>Verum</strong></span> <span class='ocrx_word' id='word_1_702' title='bbox 3927 4956 4034 4997; x_wconf 75' lang='lat' dir='ltr'><strong>ista</strong></span> 
     </span>
    </p>
   </div>
   <div class='ocr_carea' id='block_1_100' title="bbox 776 5038 3847 5107">
    <p class='ocr_par' dir='ltr' id='par_1_100' title="bbox 776 5038 3847 5107">
     <span class='ocr_line' id='line_1_100' title="bbox 776 5038 3847 5107; baseline -0.005 -4"><span class='ocrx_word' id='word_1_703' title='bbox 776 5043 1788 5103; x_wconf 69' lang='lat' dir='ltr'><strong>licetcanonicisconstitutionibusita</strong></span> <span class='ocrx_word' id='word_1_704' title='bbox 1814 5042 2039 5096; x_wconf 84' lang='lat' dir='ltr'><strong>delinita</strong></span> <span class='ocrx_word' id='word_1_705' title='bbox 2069 5042 2323 5107; x_wconf 83' lang='lat' dir='ltr'><strong>fuissent,</strong></span> <span class='ocrx_word' id='word_1_706' title='bbox 2382 5042 2519 5095; x_wconf 85' lang='lat' dir='ltr'><strong>nihil</strong></span> <span class='ocrx_word' id='word_1_707' title='bbox 2581 5054 2759 5095; x_wconf 86' lang='lat' dir='ltr'><strong>tamen</strong></span> <span class='ocrx_word' id='word_1_708' title='bbox 2805 5043 2850 5096; x_wconf 89' lang='lat' dir='ltr'><strong>is</strong></span> <span class='ocrx_word' id='word_1_709' title='bbox 2913 5042 3132 5095; x_wconf 88' lang='lat' dir='ltr'><strong>morbus</strong></span> <span class='ocrx_word' id='word_1_710' title='bbox 3175 5039 3426 5093; x_wconf 79' lang='lat' dir='ltr'><strong>videlicet</strong></span> <span class='ocrx_word' id='word_1_711' title='bbox 3515 5038 3847 5099; x_wconf 81' lang='lat' dir='ltr'><strong>remittebat,</strong></span> 
     </span>
    </p>
   </div>
   <div class='ocr_carea' id='block_1_101' title="bbox 3940 5056 4038 5090">
    <p class='ocr_par' dir='ltr' id='par_1_101' title="bbox 3940 5056 4038 5090">
     <span class='ocr_line' id='line_1_101' title="bbox 3940 5056 4038 5090; baseline -0.01 0"><span class='ocrx_word' id='word_1_712' title='bbox 3940 5056 4038 5090; x_wconf 75' lang='lat' dir='ltr'><strong>ea-</strong></span> 
     </span>
    </p>
   </div>
   <div class='ocr_carea' id='block_1_102' title="bbox 776 5130 4037 5212">
    <p class='ocr_par' dir='ltr' id='par_1_102' title="bbox 776 5130 4037 5212">
     <span class='ocr_line' id='line_1_102' title="bbox 776 5130 4037 5212; baseline -0.005 -14"><span class='ocrx_word' id='word_1_713' title='bbox 776 5150 1005 5212; x_wconf 88' lang='lat' dir='ltr'><strong>demque</strong></span> <span class='ocrx_word' id='word_1_714' title='bbox 1040 5138 1271 5209; x_wconf 88' lang='lat' dir='ltr'><strong>proinde</strong></span> <span class='ocrx_word' id='word_1_715' title='bbox 1302 5139 1524 5192; x_wconf 81' lang='lat' dir='ltr'><strong>decreta</strong></span> <span class='ocrx_word' id='word_1_716' title='bbox 1556 5144 1710 5189; x_wconf 85' lang='lat' dir='ltr'><strong>sexta</strong></span> <span class='ocrx_word' id='word_1_717' title='bbox 1752 5138 1989 5204; x_wconf 83' lang='lat' dir='ltr'><strong>synodus</strong></span> <span class='ocrx_word' id='word_1_718' title='bbox 2035 5134 2094 5187; x_wconf 80' lang='lat' dir='ltr'><strong>ll</strong></span> <span class='ocrx_word' id='word_1_719' title='bbox 2131 5150 2338 5189; x_wconf 89' lang='lat' dir='ltr'><strong>canone</strong></span> <span class='ocrx_word' id='word_1_720' title='bbox 2401 5141 2710 5189; x_wconf 84' lang='lat' dir='ltr'><strong>renovanda</strong></span> <span class='ocrx_word' id='word_1_721' title='bbox 2746 5135 2978 5187; x_wconf 88' lang='lat' dir='ltr'><strong>censuit.</strong></span> <span class='ocrx_word' id='word_1_722' title='bbox 3012 5130 3196 5201; x_wconf 87' lang='lat' dir='ltr'><strong>Neque</strong></span> <span class='ocrx_word' id='word_1_723' title='bbox 3228 5142 3403 5184; x_wconf 87' lang='lat' dir='ltr'><strong>tamen</strong></span> <span class='ocrx_word' id='word_1_724' title='bbox 3433 5132 3631 5185; x_wconf 87' lang='lat' dir='ltr'><strong>idcirco</strong></span> <span class='ocrx_word' id='word_1_725' title='bbox 3677 5131 3818 5182; x_wconf 81' lang='lat' dir='ltr'><strong>facta</strong></span> <span class='ocrx_word' id='word_1_726' title='bbox 3884 5134 4037 5183; x_wconf 81' lang='lat' dir='ltr'><strong>malo</strong></span> 
     </span>
    </p>
   </div>
   <div class='ocr_carea' id='block_1_103' title="bbox 775 5224 3670 5303">
    <p class='ocr_par' dir='ltr' id='par_1_103' title="bbox 775 5224 3670 5303">
     <span class='ocr_line' id='line_1_103' title="bbox 775 5224 3670 5303; baseline -0.006 -11"><span class='ocrx_word' id='word_1_727' title='bbox 775 5244 899 5293; x_wconf 90' lang='lat' dir='ltr'><strong>huic</strong></span> <span class='ocrx_word' id='word_1_728' title='bbox 952 5236 1241 5300; x_wconf 84' lang='lat' dir='ltr'><strong>medicina,</strong></span> <span class='ocrx_word' id='word_1_729' title='bbox 1291 5233 1434 5303; x_wconf 89' lang='lat' dir='ltr'><strong>quod</strong></span> <span class='ocrx_word' id='word_1_730' title='bbox 1454 5232 1709 5286; x_wconf 87' lang='lat' dir='ltr'><strong>omnibus</strong></span> <span class='ocrx_word' id='word_1_731' title='bbox 1747 5231 1881 5285; x_wconf 90' lang='lat' dir='ltr'><strong>locis</strong></span> <span class='ocrx_word' id='word_1_732' title='bbox 1909 5245 2052 5284; x_wconf 89' lang='lat' dir='ltr'><strong>nunc</strong></span> <span class='ocrx_word' id='word_1_733' title='bbox 2106 5246 2323 5300; x_wconf 86' lang='lat' dir='ltr'><strong>quoque</strong></span> <span class='ocrx_word' id='word_1_734' title='bbox 2358 5243 2662 5300; x_wconf 75' lang='lat' dir='ltr'><strong>grassatur,</strong></span> <span class='ocrx_word' id='word_1_735' title='bbox 2697 5241 2749 5283; x_wconf 93' lang='lat' dir='ltr'><strong>et</strong></span> <span class='ocrx_word' id='word_1_736' title='bbox 2781 5245 2939 5283; x_wconf 88' lang='lat' dir='ltr'><strong>nemo</strong></span> <span class='ocrx_word' id='word_1_737' title='bbox 2970 5230 3288 5283; x_wconf 62' lang='lat' dir='ltr'><strong>coercendis</strong></span> <span class='ocrx_word' id='word_1_738' title='bbox 3323 5227 3449 5279; x_wconf 90' lang='lat' dir='ltr'><strong>huic</strong></span> <span class='ocrx_word' id='word_1_739' title='bbox 3505 5224 3670 5294; x_wconf 86' lang='lat' dir='ltr'><strong>pesti,</strong></span> 
     </span>
    </p>
   </div>
   <div class='ocr_carea' id='block_1_104' title="bbox 2132 5319 4043 5395">
    <p class='ocr_par' dir='ltr' id='par_1_104' title="bbox 2132 5319 4043 5395">
     <span class='ocr_line' id='line_1_104' title="bbox 2132 5319 4043 5395; baseline -0.004 -16"><span class='ocrx_word' id='word_1_740' title='bbox 2132 5332 2373 5382; x_wconf 85' lang='lat' dir='ltr'><strong>animum</strong></span> <span class='ocrx_word' id='word_1_741' title='bbox 2452 5328 2707 5380; x_wconf 86' lang='lat' dir='ltr'><strong>intendit.</strong></span> <span class='ocrx_word' id='word_1_742' title='bbox 2742 5325 3022 5395; x_wconf 84' lang='lat' dir='ltr'><strong>Despectui</strong></span> <span class='ocrx_word' id='word_1_743' title='bbox 3054 5326 3237 5392; x_wconf 86' lang='lat' dir='ltr'><strong>itaque</strong></span> <span class='ocrx_word' id='word_1_744' title='bbox 3263 5322 3375 5391; x_wconf 88' lang='lat' dir='ltr'><strong>jam</strong></span> <span class='ocrx_word' id='word_1_745' title='bbox 3418 5319 3695 5374; x_wconf 79' lang='lat' dir='ltr'><strong>habentur</strong></span> <span class='ocrx_word' id='word_1_746' title='bbox 3729 5329 3839 5371; x_wconf 78' lang='lat' dir='ltr'><strong>tam</strong></span> <span class='ocrx_word' id='word_1_747' title='bbox 3874 5320 4043 5371; x_wconf 81' lang='lat' dir='ltr'><strong>multi</strong></span> 
     </span>
    </p>
   </div>
   <div class='ocr_carea' id='block_1_105' title="bbox 774 5329 2047 5400">
    <p class='ocr_par' dir='ltr' id='par_1_105' title="bbox 774 5329 2047 5400">
     <span class='ocr_line' id='line_1_105' title="bbox 774 5329 2047 5400; baseline -0.007 -9"><span class='ocrx_word' id='word_1_748' title='bbox 774 5338 1032 5400; x_wconf 80' lang='lat' dir='ltr'><strong>tt&#39;iarclta,</strong></span> <span class='ocrx_word' id='word_1_749' title='bbox 1070 5350 1177 5389; x_wconf 84' lang='lat' dir='ltr'><strong>non</strong></span> <span class='ocrx_word' id='word_1_750' title='bbox 1228 5334 1543 5400; x_wconf 86' lang='lat' dir='ltr'><strong>imperator,</strong></span> <span class='ocrx_word' id='word_1_751' title='bbox 1596 5346 1701 5386; x_wconf 92' lang='lat' dir='ltr'><strong>non</strong></span> <span class='ocrx_word' id='word_1_752' title='bbox 1757 5329 2047 5400; x_wconf 86' lang='lat' dir='ltr'><strong>episcopus</strong></span> 
     </span>
    </p>
   </div>
   <div class='ocr_carea' id='block_1_106' title="bbox 844 5518 1231 5582">
    <p class='ocr_par' dir='ltr' id='par_1_106' title="bbox 844 5518 1231 5582">
     <span class='ocr_line' id='line_1_106' title="bbox 844 5518 1231 5582; baseline -0.003 -10"><span class='ocrx_word' id='word_1_753' title='bbox 844 5523 888 5552; x_wconf 70' lang='grc' dir='ltr'>δ’</span> <span class='ocrx_word' id='word_1_754' title='bbox 916 5521 1041 5574; x_wconf 72' lang='lat' dir='ltr'><strong>Act.</strong></span> <span class='ocrx_word' id='word_1_755' title='bbox 1071 5534 1147 5582; x_wconf 78' lang='grc' dir='ltr'><strong>νι,</strong></span> <span class='ocrx_word' id='word_1_756' title='bbox 1178 5518 1231 5572; x_wconf 84' lang='grc'><strong>5.</strong></span> 
     </span>
    </p>
   </div>
   <div class='ocr_carea' id='block_1_107' title="bbox 3756 5240 4036 5293">
    <p class='ocr_par' dir='ltr' id='par_1_107' title="bbox 3756 5240 4036 5293">
     <span class='ocr_line' id='line_1_107' title="bbox 3756 5240 4036 5293; baseline 0 -17"><span class='ocrx_word' id='word_1_757' title='bbox 3756 5240 3867 5276; x_wconf 83' lang='lat' dir='ltr'><strong>non</strong></span> <span class='ocrx_word' id='word_1_758' title='bbox 3938 5244 4036 5293; x_wconf 79' lang='lat' dir='ltr'><strong>pa-</strong></span> 
     </span>
    </p>
   </div>
   <div class='ocr_carea' id='block_1_108' title="bbox 1980 5600 2752 5680">
    <p class='ocr_par' dir='ltr' id='par_1_108' title="bbox 1980 5600 2752 5680">
     <span class='ocr_line' id='line_1_108' title="bbox 1980 5600 2752 5680; baseline -0.005 -17"><span class='ocrx_word' id='word_1_759' title='bbox 1980 5600 2173 5663; x_wconf 91' lang='lat' dir='ltr'><strong>Guill.</strong></span> <span class='ocrx_word' id='word_1_760' title='bbox 2210 5602 2533 5680; x_wconf 79' lang='lat' dir='ltr'><strong>Beveregii</strong></span> <span class='ocrx_word' id='word_1_761' title='bbox 2563 5611 2752 5663; x_wconf 64' lang='lat' dir='ltr'><strong>nota).</strong></span> 
     </span>
    </p>
   </div>
   <div class='ocr_carea' id='block_1_109' title="bbox 770 5731 2323 5814">
    <p class='ocr_par' dir='ltr' id='par_1_109' title="bbox 770 5731 2323 5814">
     <span class='ocr_line' id='line_1_109' title="bbox 770 5731 2323 5814; baseline -0.012 -13"><span class='ocrx_word' id='word_1_762' title='bbox 770 5750 1020 5803; x_wconf 83' lang='lat' dir='ltr'><strong>minores.</strong></span> <span class='ocrx_word' id='word_1_763' title='bbox 1078 5744 1384 5814; x_wconf 75' lang='lat' dir='ltr'><strong>[inpuberes</strong></span> <span class='ocrx_word' id='word_1_764' title='bbox 1439 5741 1582 5814; x_wconf 84' lang='lat' dir='ltr'><strong>enim</strong></span> <span class='ocrx_word' id='word_1_765' title='bbox 1634 5734 1854 5791; x_wconf 84' lang='lat' dir='ltr'><strong>masculi</strong></span> <span class='ocrx_word' id='word_1_766' title='bbox 1899 5743 2227 5814; x_wconf 54' lang='lat' dir='ltr'><strong>suntgisque</strong></span> <span class='ocrx_word' id='word_1_767' title='bbox 2257 5731 2323 5784; x_wconf 82' lang='lat' dir='ltr'><strong>ad</strong></span> 
     </span>
    </p>
   </div>
   <div class='ocr_carea' id='block_1_110' title="bbox 766 5803 2327 5884">
    <p class='ocr_par' dir='ltr' id='par_1_110' title="bbox 766 5803 2327 5884">
     <span class='ocr_line' id='line_1_110' title="bbox 766 5803 2327 5884; baseline -0.012 -14"><span class='ocrx_word' id='word_1_768' title='bbox 766 5835 963 5871; x_wconf 83' lang='lat' dir='ltr'><strong>annuin</strong></span> <span class='ocrx_word' id='word_1_769' title='bbox 986 5803 1418 5884; x_wconf 52' lang='lat' dir='ltr'><strong>Mcon&#39;tpletum,</strong></span> <span class='ocrx_word' id='word_1_770' title='bbox 1445 5812 1858 5884; x_wconf 56' lang='lat' dir='ltr'><strong>feminnrusqui-</strong></span> <span class='ocrx_word' id='word_1_771' title='bbox 1883 5808 1944 5858; x_wconf 84' lang='lat' dir='ltr'><strong>ad</strong></span> <span class='ocrx_word' id='word_1_772' title='bbox 2094 5803 2327 5884; x_wconf 68' lang='lat' dir='ltr'><strong>Minores</strong></span> 
     </span>
    </p>
   </div>
   <div class='ocr_carea' id='block_1_111' title="bbox 768 5876 2328 5955">
    <p class='ocr_par' dir='ltr' id='par_1_111' title="bbox 768 5876 2328 5955">
     <span class='ocr_line' id='line_1_111' title="bbox 768 5876 2328 5955; baseline -0.013 -11"><span class='ocrx_word' id='word_1_773' title='bbox 768 5902 946 5944; x_wconf 79' lang='lat' dir='ltr'><strong>autem</strong></span> <span class='ocrx_word' id='word_1_774' title='bbox 998 5876 1252 5944; x_wconf 78' lang='lat' dir='ltr'><strong>dicuntur</strong></span> <span class='ocrx_word' id='word_1_775' title='bbox 1308 5884 1554 5955; x_wconf 85' lang='lat' dir='ltr'><strong>puberes,</strong></span> <span class='ocrx_word' id='word_1_776' title='bbox 1594 5882 1683 5950; x_wconf 88' lang='lat' dir='ltr'><strong>qui</strong></span> <span class='ocrx_word' id='word_1_777' title='bbox 1730 5876 2027 5932; x_wconf 59' lang='lat' dir='ltr'><strong>aununi‘25</strong></span> <span class='ocrx_word' id='word_1_778' title='bbox 2092 5879 2328 5928; x_wconf 75' lang='lat' dir='ltr'><strong>nonduin</strong></span> 
     </span>
    </p>
   </div>
   <div class='ocr_carea' id='block_1_112' title="bbox 2437 5724 4045 5801">
    <p class='ocr_par' dir='ltr' id='par_1_112' title="bbox 2437 5724 4045 5801">
     <span class='ocr_line' id='line_1_112' title="bbox 2437 5724 4045 5801; baseline -0.004 -18"><span class='ocrx_word' id='word_1_779' title='bbox 2437 5731 2875 5801; x_wconf 74' lang='lat' dir='ltr'><strong>cuiupleveruut.</strong></span> <span class='ocrx_word' id='word_1_780' title='bbox 2945 5728 3068 5785; x_wconf 86' lang='lat' dir='ltr'><strong>Istis</strong></span> <span class='ocrx_word' id='word_1_781' title='bbox 3119 5736 3360 5792; x_wconf 87' lang='lat' dir='ltr'><strong>tutores,</strong></span> <span class='ocrx_word' id='word_1_782' title='bbox 3415 5724 3498 5779; x_wconf 86' lang='lat' dir='ltr'><strong>his</strong></span> <span class='ocrx_word' id='word_1_783' title='bbox 3568 5736 3864 5779; x_wconf 81' lang='lat' dir='ltr'><strong>curatores</strong></span> <span class='ocrx_word' id='word_1_784' title='bbox 3932 5725 4045 5778; x_wconf 83' lang='lat' dir='ltr'><strong>dati</strong></span> 
     </span>
    </p>
   </div>
   <div class='ocr_carea' id='block_1_113' title="bbox 2439 5817 2589 5856">
    <p class='ocr_par' dir='ltr' id='par_1_113' title="bbox 2439 5817 2589 5856">
     <span class='ocr_line' id='line_1_113' title="bbox 2439 5817 2589 5856; baseline 0.013 -2"><span class='ocrx_word' id='word_1_785' title='bbox 2439 5817 2589 5856; x_wconf 72' lang='lat' dir='ltr'><strong>sunt.</strong></span> 
     </span>
    </p>
   </div>
  </div>
