4238 6464
792 408 895 469 399

855 717 1052 766 riarum
1093 728 1275 765 curam
1303 727 1500 780 gerere.

861 995 1055 1065 BALS,
1104 995 1239 1051 Nota
1293 992 1532 1065 permitti
1588 996 1883 1065 episcopis,
1947 1006 2006 1049 ut
2070 980 2355 1051 monachis

789 1090 1027 1143 civilium
1062 1090 1401 1160 negotiorum
1430 1090 1962 1145 administrationem
2016 1091 2352 1147 concedant:

791 1184 935 1253 quod
962 1184 1004 1238 si
1038 1182 1310 1254 episcopis
1372 1184 1475 1237 hoc
1512 1183 1775 1237 indultum
1821 1192 1929 1247 est,
1963 1184 2133 1236 multo
2186 1184 2356 1252 magis

791 1277 1210 1345 imperatoribus
1247 1277 1598 1346 permittitur.
1655 1276 1765 1330 Eos
1795 1278 1885 1343 qui
1950 1292 2101 1343 pure,
2145 1279 2245 1329 hoc
2273 1286 2356 1330 est

790 1385 917 1423 vere
948 1378 1002 1422 et
1027 1383 1131 1421 non
1165 1368 1412 1427 simulate
1435 1377 1562 1420 sunt
1612 1366 1887 1429 monachi,
1948 1367 2205 1419 honorari
2266 1370 2357 1420 de-

792 1458 918 1511 bere
962 1458 1095 1511 dicit
1123 1472 1294 1511 canon
1322 1474 1337 1508 :
1374 1470 1470 1511 eos
1498 1471 1630 1510 vero
1680 1456 1771 1526 qui
1804 1456 2106 1510 monachali
2158 1457 2354 1510 amictu

791 1560 1047 1617 tanquam
1078 1558 1335 1618 praetextu
1368 1557 1615 1613 utuntur,
1649 1559 1700 1601 et
1738 1550 1984 1602 homines
2057 1550 2352 1616 decipiunt,

792 1641 1163 1709 reprimendas
1187 1650 1241 1694 et
1273 1640 1327 1694 in
1358 1655 1470 1694 sum
1511 1649 1749 1693 tonsum.
1791 1641 1968 1693 locum
2000 1640 2355 1693 remittendos

790 1744 911 1782 esse
934 1730 1105 1782 visum
1137 1738 1238 1791 est,
1293 1731 1471 1795 utqui
1500 1742 1630 1783 cum
1656 1728 1917 1782 ecclesias
1973 1740 2083 1782 tum
2143 1730 2354 1793 negotia

792 1821 973 1874 civilia
997 1824 1337 1889 perturbent.
1397 1821 1500 1875 Per
1544 1821 1777 1874 medium
1834 1821 1978 1875 enim
2015 1824 2190 1875 lorum
2234 1837 2361 1901 pro:

793 1915 1123 1981 gredientes,
1158 1925 1212 1965 et
1247 1928 1305 1967 se
1332 1913 1689 1967 szecnlaribus
1739 1913 1975 1981 negotiis
2030 1889 2361 1982 ingerentes:
2391 1889 2433 1941 Β

794 2005 1021 2058 fortasse
1066 2006 1226 2057 etiam
1273 2003 1556 2069 docentes,
1606 2005 1945 2071 perturbant,
1982 2003 2086 2057 hoc
2123 2011 2207 2057 est
2254 2004 2358 2057 hu-

796 2112 953 2150 mana
978 2105 1033 2151 et
1062 2097 1239 2150 divina
1272 2095 1525 2149 dividunt
1550 2110 1614 2148 ac
1634 2095 1991 2158 confundunt,
2021 2108 2120 2148 nec
2150 2094 2357 2157 sinunt,

724 2212 728 2216 ι
794 2200 848 2241 ιιι
884 2204 948 2242 ea
999 2204 1062 2242 ex
1114 2191 1326 2255 propria
1369 2201 1464 2239 sua
1498 2195 1686 2239 natura
1737 2196 2135 2240 exerceantur:
2190 2200 2360 2240 saecu-

797 2284 930 2335 laria
959 2279 1167 2335 scilicet
1194 2278 1403 2346 negotia
1426 2292 1456 2330 a
1492 2276 1677 2331 laicis:
1737 2276 2052 2331 monachica
2110 2260 2284 2329 auiem
2307 2287 2362 2330 et

791 2371 1157 2425 ecclesiastica
1213 2370 1365 2423 abiis
1395 2370 1483 2437 qui
1517 2379 1642 2423 sunt
1671 2367 1778 2419 Deo
1810 2368 2063 2421 dedicati.
2096 2367 2358 2433 Quoniam

802 2473 1003 2527 autem,
1064 2462 1258 2529 inquit,
1319 2461 1478 2513 iidem
1540 2470 1759 2528 propter
1796 2459 2145 2513 ambitionem
2194 2460 2359 2512 etiarn

798 2554 1123 2606 monasteria
1159 2555 1223 2605 de
1250 2554 1458 2619 integro
1512 2556 1753 2606 excitare
1802 2563 2092 2615 conantur,
2125 2565 2188 2604 ne
2251 2554 2363 2621 epi-

793 2659 955 2712 scopo
984 2644 1367 2712 subjiciuntur,
1397 2644 1679 2696 deﬁnitum
1704 2655 1790 2697 est
1816 2645 2019 2697 nemini
2066 2645 2231 2698 licere
2278 2645 2359 2699 vel

792 2735 1177 2789 monaSIerimn
1246 2736 1329 2788 vel
1356 2734 1653 2788 oratorium
1707 2746 1904 2803 prteter
1935 2737 2181 2805 episcopi
2210 2752 2359 2790 men-

798 2842 902 2881 tctn
940 2843 1107 2896 usque
1137 2827 1414 2880 excitare:
1446 2827 1642 2895 subjici
1696 2837 1874 2882 autem
1928 2829 2223 2883 monachos
2248 2845 2361 2883 om-

732 2979 745 2999 ,
794 2934 889 2972 nes
920 2920 1150 2988 regionis
1174 2919 1450 2987 episcopo,
1479 2927 1533 2972 et
1572 2919 1791 2973 fortiter
1820 2934 2173 2988 perseverare
2200 2922 2251 2972 in
2289 2936 2351 2974 ea

796 3025 1076 3062 mansione
1100 3010 1275 3078 inqua
1302 3011 1439 3065 tonsi
1465 3021 1612 3063 sunt.
1638 3010 1838 3077 Adjicit
1865 3021 2045 3066 autem
2074 3026 2167 3066 eos
2197 3015 2360 3065 etiam

796 3117 974 3155 rerum
1011 3102 1503 3156 ecclcsmsticarum
1558 3103 1961 3155 communionis
2027 3115 2079 3156 ct
2127 3101 2363 3156 admini-

792 3195 1073 3247 strationis
1107 3208 1210 3247 non
1260 3207 1380 3248 esse
1432 3194 1752 3263 participes,
1808 3209 1905 3248 nec
1952 3196 2117 3248 etiam
2172 3210 2359 3248 earum

794 3301 915 3352 qua:
943 3284 1009 3336 ad
1040 3284 1199 3336 vitam
1245 3284 1545 3353 pertinent,
1580 3299 1677 3337 seu
1727 3284 1993 3349 civilium,
2057 3283 2161 3337 nisi
2224 3284 2365 3338 forte

798 3378 1034 3431 civitatis
1081 3377 1369 3446 episcopus
1419 3376 1498 3430 eis
1543 3387 1762 3445 pr0pter
1792 3393 1945 3429 nsunt
2001 3378 2364 3430 necessarium

799 3472 901 3524 hoc
928 3468 1259 3538 permiserit.
1291 3467 1493 3523 Servos
1546 3479 1727 3520 autem
1774 3480 1968 3537 prmter
2015 3469 2360 3522 dominorum

797 3562 1128 3612 voluntatem
1159 3573 1267 3611 non
1306 3572 1427 3611 esse
1452 3558 1753 3611 tondendos
1810 3559 2086 3611 decretum
2120 3568 2232 3612 est:
2285 3557 2364 3611 vel

795 3668 916 3704 eum
946 3662 1115 3714 certe,
1140 3650 1233 3720 qui
1264 3651 1365 3704 hoc
1388 3650 1664 3704 decretum
1686 3651 2099 3716 transgreditur,
2127 3667 2247 3705 esse
2275 3666 2366 3705 ex-

800 3742 1283 3796 communicatum.
1308 3738 1426 3792 Jam
1457 3755 1582 3793 vero
1602 3741 1757 3809 117
1785 3741 2025 3795 civitatis
2053 3743 2365 3809 episcopum

797 3845 1033 3903 oportet,
1060 3834 1253 3903 inquit,
1284 3833 1738 3885 monasteriorum
1779 3846 1968 3884 curam
1994 3846 2203 3901 gerere.
2229 3832 2366 3885 Nota

798 3940 926 3994 ergo
955 3928 1095 3993 quod
1130 3924 1381 3978 monachi
1419 3922 1527 3977 illic
1574 3938 1920 3991 perseverare
1941 3934 1996 3977 e't
2049 3939 2368 3991 permanere

800 4019 1014 4081 debent,
1051 4016 1137 4068 ubi
1167 4014 1371 4067 saeculo
1410 4013 1800 4066 renuntiarunt
1834 4027 1928 4065 seu
1951 4014 2090 4065 tonsi
2120 4011 2363 4065 luerunt:

800 4118 851 4159 et
897 4088 1040 4174 qtiod
1071 4122 1134 4158 ex
1164 4105 1519 4173 peruris-sione
1567 4104 1809 4172 episcopi
1867 4113 2093 4170 possunt
2118 4104 2367 4155 monachi

803 4214 905 4250 non
935 4196 1105 4249 solum
1141 4195 1515 4249 ecclesiastica
1578 4198 1788 4263 negotia
1840 4194 2240 4259 administrare,
2276 4196 2370 4247 sed

801 4308 862 4343 ca
892 4291 1055 4344 etiam
1084 4305 1203 4348 una:
1232 4292 1297 4340 ad
1336 4289 1497 4340 vitam
1533 4288 1832 4356 pertinent,
1900 4288 2001 4339 hoc
2034 4297 2117 4339 est
2163 4288 2367 4340 civilia.

805 4383 861 4437 Si
894 4394 1072 4435 autem
1105 4384 1205 4434 hoc
1242 4391 1421 4449 potest
1450 4379 1631 4434 facere
1682 4382 2006 4449 episcopalis
2060 4382 2370 4449 permissio,

805 4480 853 4530 id
905 4476 1072 4529 multo
1122 4475 1292 4537 magis
1356 4474 1518 4526 l'aciet
1564 4482 1803 4540 potestas
1856 4474 2196 4541 imperialis,
2254 4490 2373 4543 qua:

2042 404 2318 468 THEOD.
2362 405 2759 467 BALSAMON

855 536 1058 589 catum,
1082 541 1146 579 ne
1163 540 1346 577 nomen
1386 522 1478 575 Dei
1508 522 1887 587 blasphematur
1915 538 1931 575 :
1974 523 2203 577 civitatis
2257 538 2354 575 au—
2382 535 2428 585 Α

857 631 957 673 tem
988 622 1279 686 episcopum
1320 627 1515 684 oportet
1537 633 1651 671 eam
1674 634 1830 685 quam
1848 634 1944 684 par
1965 628 2040 669 est
2096 628 2357 671 monaste-

2391 3236 2433 3290 C

3918 397 4026 458 400

2527 539 2654 575 του.
2694 522 2803 573 Τὸν
2842 518 2910 571 δὲ
2945 517 3393 586 παραϐαίνοντα
3450 515 3667 569 τοῦτον
3702 514 3872 583 ἡμῶν
3919 518 4029 567 τὸν

2528 615 2674 682 ὅρον
2699 614 3002 681 ὠρίσαμεν
3038 612 3446 677 ἀκοινώνητον
3484 609 3667 666 εἶναι.
3696 609 3796 661 ἵνα
3818 607 3908 675 μὴ
3957 612 4027 658 τὸ

2526 707 2716 774 ὄνομα
2764 703 2872 757 τοῦ
2933 702 3083 757 Θεοῦ
3141 698 3581 770 βλασφημῆται
3613 715 3627 729 ⁸
3665 701 3772 751 τὸν
3816 700 4027 768 μέντοι

2523 799 2860 853 ἐπίσκοπον
2881 797 2992 865 τῆς
3015 798 3248 861 πόλεως
3276 794 3392 863 χρὴ
3430 795 3547 861 τὴν
3574 791 3846 845 δέουσαν
3881 796 4031 860 κρό-

2527 910 2702 947 νοιαν
2729 892 3029 947 ποιεῖσθαι
3055 889 3176 944 τῶν
3199 889 3649 959 μοναστηρίων.

2528 988 2728 1041 ΒΑΔΣ.
2767 987 3085 1057 Σημείωσαι
3120 986 3202 1037 ὅτι
3235 986 3446 1052 ὲφεῖται
3483 984 3595 1044 τοῖς
3615 980 3940 1039 ἐπισκόποις
3967 976 4028 1027 τὸ

2454 1082 2776 1151 ἐπιτρέπειν
2813 1082 3068 1150 μοναχοῖς
3109 1079 3377 1144 διοίκησιν
3412 1074 3713 1127 πολιτικῶν
3761 1071 4028 1142 πραγμςιὶ⁶

2454 1191 2563 1227 των
2589 1189 2606 1206 ⁶
2633 1175 2730 1228 καὶ
2762 1173 2857 1226 ἐὰν
2880 1174 2995 1236 τοῖς
3021 1172 3345 1231 ἐπισκόποις
3375 1170 3537 1222 τοῦτο
3568 1165 3812 1234 ἐνεδόθη,
3843 1162 4030 1232 πολλῷ

2457 1266 2625 1319 πλέον
2649 1268 2764 1329 τοῖς
2796 1263 3113 1335 βασιλεῦσιν
3138 1262 3548 1333 ἐγκεχώρηται.
3580 1260 3717 1320 Τοὺς
3741 1255 4028 1324 καθαρῶς,

2456 1358 2737 1410 τουτέστιν
2798 1357 3015 1427 ἀληθῶς
3050 1354 3143 1408 καὶ
3175 1355 3250 1424 μὴ
3276 1353 3395 1407 καθ’
3418 1353 3727 1421 ὑπόκρισιν,
3762 1348 4034 1417 μονάζονο

2457 1467 2559 1513 τας
2610 1448 2875 1519 τιμᾶσθαί
2910 1466 3077 1519 φησιν
3107 1450 3135 1501 ὁ
3163 1447 3343 1500 κανών
3363 1460 3378 1474 ·
3408 1446 3537 1508 τοὺς
3564 1445 3620 1496 δὲ
3644 1442 3722 1511 τῷ
3747 1440 4034 1511 μοναχικῷ

2460 1542 2704 1612 σχήματι
2733 1540 3113 1611 κεχρημένους
3160 1539 3233 1602 ώς
3288 1539 3346 1590 ὲν
3370 1538 3745 1607 προσχήματι,
3771 1536 3871 1585 καὶ
3895 1533 4034 1584 πλα-

2458 1634 2667 1697 νῶντας
2712 1634 2841 1696 τοὺς
2904 1630 3250 1701 ἀνθρώπους,
3288 1627 3750 1700 σωφρονίζεσθαι,
3810 1625 3911 1678 καὶ
3954 1625 4037 1685 εἰς

2457 1728 2559 1792 τὰς
2590 1728 2931 1798 ἁποκάρσεις
2958 1724 3140 1779 αὐτῶν
3173 1724 3495 1794 πέμπεσθαι
3524 1722 3796 1784 δέδοκται,
3827 1719 3910 1783 ὡς
3939 1735 4036 1770 τι·

2463 1823 2758 1894 ράττοντας
2792 1824 2892 1884 τάς
2916 1838 2976 1873 τε
3004 1818 3302 1890 ἐκκλησίας
3333 1820 3431 1871 καὶ
3470 1817 3541 1871 τὰ
3598 1816 3856 1869 πολιτικὰ
3897 1812 4040 1883 πρά·

2460 1934 2669 1989 γματα.
2706 1917 2997 1985 Προῖόντες
3047 1916 3157 1986 γὰρ
3202 1913 3291 1967 διὰ
3328 1915 3499 1985 μέσης
3518 1912 3615 1981 τῆς
3650 1912 3880 1982 ἀγορᾶς,
3942 1906 4041 1960 καὶ

2463 2010 2944 2080 παρεμϐάλλοντες
2976 2008 3200 2069 ἑαυτοὺς
3229 2006 3518 2076 κοσμικοῖς
3550 2003 3869 2072 πράγμασι,
3907 2000 4041 2060 ἴσως

2461 2102 2519 2155 δὲ
2544 2102 2639 2154 καὶ
2665 2101 3039 2161 διδάσκοντες,
3071 2098 3429 2167 ταράττουσι,
3462 2094 3711 2147 τουτέστι
3740 2088 4039 2161 μερίζουσι

2462 2196 2558 2246 καὶ
2590 2193 2878 2262 συγχέουσι
2915 2191 2983 2244 τά
3004 2191 3125 2243 θεῖα
3150 2189 3243 2242 καὶ
3265 2189 3336 2241 τὰ
3364 2187 3704 2257 ἀνθρώπινα.
3732 2185 3809 2254 μὴ
3834 2182 4042 2244 ὲῶντξς

2463 2288 2634 2340 ταῦτα
2664 2288 2808 2340 κατὰ
2840 2286 2937 2355 τὴν
2986 2285 3198 2337 οἰκείαν
3248 2282 3413 2351 φύσιν
3466 2280 3833 2348 ἐνεργεῖσθαι,
3870 2279 4042 2347 ήγουν

2463 2379 2533 2432 τὰ
2560 2377 2657 2447 μὲν
2679 2374 3046 2447 πραγματικὰ
3072 2375 3179 2426 ὑπὸ
3204 2374 3313 2427 τῶν
3340 2369 3565 2438 λαῖκῶν,
3590 2371 3659 2443 τὰ
3681 2371 3738 2423 δὲ
3768 2369 4044 2440 μοναχικέι

2465 2470 2559 2522 καὶ
2586 2467 3021 2537 ὲκκλησιαστικὰ
3054 2467 3158 2519 ὑπὸ
3187 2466 3299 2519 τῶν
3324 2464 3767 2533 ἁνατεθειμὲνων
3796 2462 3880 2532 τῷ
3905 2461 4041 2529 Θεῷ.

2477 2563 2629 2614 Ἐπεὶ
2658 2561 2736 2625 δὲ,
2797 2562 2987 2630 φησὶν,
3017 2563 3066 2613 οἱ
3098 2561 3254 2615 αὑτοὶ
3284 2559 3372 2613 διὰ
3422 2559 3715 2629 φιλαρχίαν
3743 2557 3843 2610 καὶ
3880 2573 4047 2625 μονα-

2467 2656 2668 2723 στήρια
2706 2652 3005 2723 πειρῶνται
3065 2655 3130 2705 ἐκ
3161 2654 3353 2720 καινῆς
3393 2652 3677 2719 ἀνεγεῖραι
3728 2650 3818 2718 ἐφ’
3867 2643 3916 2716 ᾧ
3972 2649 4045 2716 μὴ

2467 2746 2789 2800 ὑποκεῖσθαι
2850 2746 2926 2814 τῷ
2978 2745 3288 2815 ὲπισκόπῳ,
3350 2743 3565 2813 ὡρίσθη
3616 2742 3691 2813 μὴ
3738 2742 3896 2811 ἔχειν
3956 2739 4044 2793 ἐπ’

2468 2840 2651 2902 ἁδείας
2684 2839 2805 2891 τινὰ
2834 2840 3179 2910 ὁπουδήποτε
3217 2838 3594 2908 μοναστήριον
3665 2833 3982 2905 ἀνεγείρειν
4014 2834 4045 2901 ἦ

2467 2932 2761 3002 εὑκτήριον
2791 2932 2945 3002 παρὰ
2972 2932 3202 3001 γνώμην
3229 2931 3326 2984 τοῦ
3355 2932 3684 2991 ἐπισκόπου,
3711 2927 4047 2982 ὑποκεῖσθαι

2467 3021 2525 3074 δὲ
2552 3022 2762 3083 πάντας
2787 3023 2911 3084 τοὺς
2945 3021 3214 3092 μοναχοὺς
3240 3022 3320 3090 τῷ
3347 3020 3492 3074 κατὰ
3516 3019 3703 3090 χώραν
3734 3018 4050 3085 ὲπισκόπῳ.

2469 3113 2564 3165 καὶ
2593 3117 3030 3184 προσκαρτερεῖν
3063 3116 3121 3167 ὲν
3229 3112 3592 3184 ἀπεκάρησαν
3624 3113 3783 3181 μονῇ.
3816 3109 4052 3179 Προστί-

2468 3201 2595 3270 θησι
2629 3202 2685 3255 δὲ
2708 3198 3105 3265 εἶναιτούτους
3137 3205 3231 3257 καὶ
3262 3202 3603 3272 ἀμεθέκτους
3623 3202 3721 3269 τῆς
3755 3200 4054 3255 κοινωνίας

2472 3296 2568 3348 καὶ
2599 3295 2923 3362 διοικήσεως
2972 3295 3084 3347 τῶν
3112 3295 3585 3365 ὲκκλησιαστικῶν
3616 3295 3995 3364 πραγμάτων,
4022 3292 4054 3362 ἢ

2469 3386 2578 3438 τῶν
2609 3386 2904 3454 βιωτικῶν.
2941 3387 3061 3454 ήτοι
3106 3386 3423 3450 πολιτικῶν,
3452 3388 3500 3440 εί
3525 3387 3600 3455 μή
3624 3403 3741 3448 πως
3770 3387 3799 3439 ὁ
3827 3388 3934 3454 τῆς
3967 3385 4061 3437 πό-

2470 3478 2605 3539 λεως
2624 3477 2918 3540 ἐπίσκοπος
2930 3478 3019 3530 διὰ
3036 3478 3223 3548 χρείαν
3239 3479 3541 3546 ἀναγκαίαν
3564 3478 3851 3547 ἐπιτρέψει
3876 3478 4057 3530 τοῦτο.

2470 3570 2608 3632 Τοὺς
2623 3570 2839 3632 δούλους
2853 3571 3071 3640 δὲπαρά
3084 3571 3308 3642 γνώμην
3326 3572 3435 3625 τῶν
3447 3571 3723 3625 δεσποτῶν
3745 3571 3820 3641 μὴ
3833 3569 4061 3625 ἀποκεί-

2474 3680 2587 3730 ρειν
2604 3663 2833 3730 ὥρισται
2856 3664 2888 3733 ἢ
2913 3661 3020 3734 μὴν
3053 3662 3147 3715 τὸν
3181 3664 3589 3734 παραϐαίνοντα
3624 3665 3825 3727 ταῦτα,
3867 3662 4061 3716 τοῦτον

2470 3753 2558 3805 τὸν
2589 3754 2737 3822 ὅρον,
2758 3752 3118 3823 ἀκοινώνητον
3131 3748 3290 3807 εἶναι.
3315 3753 3418 3805 Τὸν
3433 3755 3616 3824 μέντοι
3633 3754 3944 3807 ἐπίσκοπον
3963 3751 4061 3820 τῆς

2472 3846 2682 3906 πόλεως
2731 3845 2861 3913 χρὴ,
2913 3846 3069 3911 φησὶ,
3121 3844 3471 3914 προνοεῖσθαι
3500 3846 3608 3897 τῶν
3643 3846 4060 3915 μοναστηρίων.

2474 3938 2791 4007 Σημείωσαι
2818 3933 2910 3989 οὖν
2941 3938 3023 3989 ὅτι
3053 3937 3233 3989 ἐκεῖσε
3268 3940 3319 3989 οἱ
3358 3938 3585 4007 μοναχοὶ
3615 3939 4065 4005 προσκαρτερεῖν

2473 4032 2565 4081 καὶ
2605 4028 2863 4095 μονάςειν
2894 4027 3225 4093 ὀφείλουσιν,
3273 4027 3405 4080 ἔνθα
3434 4028 3499 4097 δὴ
3529 4028 3626 4080 καὶ
3686 4028 4061 4093 ἁπετάξαντο.

2474 4123 2641 4187 ῆγουν
2686 4112 3090 4186 ἁπεκᾶρησανο
3149 4119 3246 4171 καὶ
3300 4120 3383 4171 ὃτι
3436 4121 3557 4171 κατ’
3605 4118 3921 4189 ἐπιτροπὴν
3974 4119 4067 4171 τοῦ

2475 4208 2776 4261 ἐπισκόπου
2811 4207 3069 4261 δύνανται
3124 4210 3350 4278 μοναχοὶ
3385 4209 3609 4262 διοικεῖν
3660 4208 3721 4261 οὑ
3775 4210 3947 4278 μόνον
3982 4211 4070 4261 ὲκο

2477 4302 2843 4370 κλησιαστικᾶι
2875 4305 3199 4372 πράγματα,
3231 4304 3367 4355 ἀλλὰ
3397 4304 3492 4356 καὶ
3514 4297 3782 4379 βιωτικὰ,
3813 4304 4069 4355 τουτέστι

2477 4394 2754 4444 πολιτικά.
2791 4393 2851 4444 Ei
2878 4392 2931 4444 δὲ
2959 4392 3184 4446 δύναται
3224 4393 3382 4446 τοῦτο
3418 4397 3594 4447 ποιεῖν
3643 4395 3677 4464 ή
3721 4396 4069 4461 ἐπισκοπική

2478 4500 2599 4535 επιτ
2612 4484 2769 4553 ροπὴ,
2808 4485 2991 4554 πολλῷ
3017 4486 3182 4538 πλέον
3222 4488 3439 4555 ποιήσει
3467 4489 3501 4556 ή
3530 4487 3789 4556 βασιλικὴ
3844 4487 4068 4551 ἐξουσία

803 4572 964 4623 etiam
1001 4569 1287 4637 epi.~copos
1308 4574 1603 4634 promovet.
1648 4563 2139 4634 Propterea_enim,
2182 4577 2239 4617 ut
2291 4577 2371 4618 est

2481 4574 2969 4645 ήπροόαλλομένη
3013 4578 3111 4629 καὶ
3152 4578 3507 4638 ἐπισκόπους.
3561 4577 3663 4631 Διὰ
3716 4580 3832 4647 γάρ
3886 4579 4067 4639 τοῦτο,

805 4670 1254 4723 consentaneum,
1318 4658 1405 4711 ille
1458 4660 1621 4711 etiam
1693 4658 2144 4726 metropolitanus
2218 4659 2375 4711 Stch

806 4757 1009 4821 absque
1041 4752 1146 4803 ullo
1178 4752 1560 4819 impedimento
1616 4750 1825 4818 imperii
1877 4751 2086 4819 negotia
2137 4750 2373 4803 admini-

808 4846 1036 4907 strabat,
1076 4844 1127 4896 in
1180 4855 1411 4911 persona
1474 4842 1821 4908 imperatoris
1887 4842 2089 4894 domini
2142 4839 2373 4894 Michael

750 4996 763 5011 ο
810 4937 990 4990 υυςιιι.
1061 4937 1197 5000 Quin
1264 4944 1317 4986 et
1381 4931 1471 4986 ille
1521 4931 1885 4986 Neoctesarea:
1932 4934 2380 5002 metropolitanus

812 5027 1087 5081 maritima
1119 5025 1358 5079 civitatis
1389 5024 1511 5092 jura
1536 5024 1901 5093 conscripsit:
1963 5034 2017 5077 ct
2065 5024 2153 5077 alii
2211 5025 2376 5077 etiam

811 5121 1083 5175 antistites
1110 5132 1173 5170 ac
1203 5116 1452 5170 monachi
1494 5116 1624 5184 imp.
1685 5124 1740 5169 ct
1794 5116 2008 5185 publica
2074 5118 2380 5170 ministerio

812 5218 1198 5267 exercuerunt.
1228 5208 1367 5278 Lege
1388 5219 1441 5263 et
1468 5209 1699 5277 primum
1728 5219 1889 5277 caput
1921 5210 2112 5277 synodi
2154 5224 2378 5277 congtc-

813 5316 949 5373 gata:
1003 5305 1052 5354 in
1110 5301 1311 5370 templo
1367 5310 1678 5354 sanctorum
1737 5299 2125 5368 apostolorum.
2188 5302 2381 5366 Qnmrc

812 5398 973 5450 etiam
997 5396 1065 5448 de
1106 5397 1303 5457 servis,
1351 5393 1442 5461 qui
1502 5403 1698 5459 prarter
1734 5396 2078 5446 dominorum
2132 5394 2381 5445 volunta—

817 5500 919 5539 tcm
952 5494 1081 5538 sttnt
1135 5485 1410 5548 monachi,
1470 5483 1539 5535 9.6
1587 5499 1709 5553 cap.
1759 5485 1913 5553 pruni
1964 5485 2046 5536 tit.
2100 5485 2383 5553 praesentis

813 5584 1007 5649 operis.

891 5756 1139 5809 EUNAR.
1183 5757 1281 5821 Qui
1311 5770 1432 5808 vere
1454 5770 1516 5808 ac
1538 5754 1772 5818 sincere,
1795 5756 1896 5808 hoc
1918 5765 1999 5809 est
2022 5757 2203 5810 animo
2226 5773 2395 5825 puro,

820 5868 919 5904 ιιω
957 5850 1057 5902 ulla
1105 5849 1466 5903 simulationis
1499 5858 1590 5901 aut
1624 5850 1905 5921 pravitatis
1946 5849 2068 5904 labe
2097 5850 2383 5917 infuscata,

2483 4666 2558 4728 ώς
2591 4666 2755 4730 ἔοικε,
2775 4670 2868 4721 καὶ
2897 4669 2925 4720 ό
2962 4670 3366 4738 μητροπολίτης
3394 4672 3603 4731 ἐκεῖνος
3628 4671 3657 4722 ὁ
3686 4670 3855 4741 Σίδης
3890 4674 4069 4741 ἁπαρ»

2484 4759 2824 4828 εμποόίστως
2871 4761 2941 4813 τά
2985 4766 3083 4831 τῆς
3130 4762 3412 4831 βασιλείας
3458 4763 3727 4832 ᾠκονόμει
3782 4765 4069 4835 προσώπῳ

2485 4852 2578 4904 τοῦ
2609 4852 2878 4921 βασιλέως
2931 4854 3100 4924 κυροῦ
3129 4855 3352 4925 Μιχαὴλ
3388 4856 3480 4908 τοὺ
3506 4856 3727 4918 Δουκός.
3760 4858 3876 4909 Καὶ
3904 4861 3935 4910 δ
3969 4876 4069 4928 μη-

2485 4944 2808 5014 τροπολίτης
2855 4947 3060 5007 ἐκεῖνος
3111 4947 3551 5017 Νεοκαισαρείας
3590 4948 3962 5018 ἀνεγράψατο
4006 4951 4067 5000 τὰ

2486 5038 2587 5103 τῆς
2618 5038 2825 5101 πόλεως
2855 5039 3124 5092 θαλάσσια
3148 5039 3353 5105 δίκαια,
3392 5042 3487 5093 καὶ
3517 5040 3670 5093 ἄλλοι
3720 5041 3923 5094 πολλοὶ
3980 5042 4070 5110 ἀρ-

2488 5132 2691 5201 χιερεῖς
2726 5132 2818 5184 καὶ
2850 5134 3078 5202 μοναχοὶ
3111 5134 3433 5201 παρομοίως
3462 5134 3787 5204 ὲνήργησαν
3820 5132 4072 5193 δουλείας

2492 5221 2772 5290 βασιλικὰς
2828 5223 2921 5275 καὶ
2988 5225 3352 5324 δημοσιφκάς.
3427 5225 3770 5291 ’Δνάγνωσον
3822 5227 3929 5279 καὶ
3988 5227 4070 5278 τὸν

2490 5319 2538 5363 α’
2572 5312 2774 5364 κανόνα
2823 5313 2923 5380 τῆς
2971 5314 3028 5364 ἐν
3081 5312 3159 5383 τῷ
3199 5312 3330 5383 ’ναῷ
3378 5314 3487 5365 τῶν
3550 5313 3747 5380 Ἀγίων
3808 5314 4072 5367 ’Δτοοστόο

2490 5403 2598 5455 λων
2630 5404 3094 5474 συγκροτηθείσης
3142 5406 3384 5460 συνόδου.
3422 5407 3582 5476 Ζήτει
3614 5409 3712 5459 καὶ
3763 5408 3904 5477 περὶ
3959 5408 4073 5461 δού-

2492 5497 2599 5547 λων
2638 5496 2979 5564 μοναςόντων
3026 5497 3181 5567 παρὰ
3234 5498 3465 5568 γνώμην
3521 5498 3613 5551 τοῦ
3665 5499 3938 5553 δεσπότου
3982 5499 4070 5552 τοῦ

2492 5585 2582 5650 λς’
2631 5587 2821 5655 κεφαλ.
2882 5588 2975 5641 τοῦ
3029 5596 3074 5640 α’
3128 5589 3310 5642 τίτλου
3369 5590 3465 5642 τοῦ
3535 5592 3808 5661 παρόντος
3883 5593 4072 5646 συντάε

2496 5696 2529 5747 γ
2538 5696 2725 5749 ματος.

2566 5771 2809 5827 ΖΩΝΑΡ.
2840 5772 3018 5841 Τιμῆς
3055 5772 3240 5836 ἀξίους
3273 5773 3399 5835 τοὺς
3452 5773 3669 5845 ἀληθῶς
3735 5777 4071 5844 μονάζοντας

2499 5860 2590 5914 καὶ
2641 5850 2970 5931 εἰλικρινῶς,
3007 5861 3128 5915 ἀντὶ
3176 5861 3264 5915 τοῦ
3296 5863 3573 5935 καθαρῶς,
3606 5866 3699 5917 καὶ
3728 5868 3831 5933 οὐχ
3873 5869 4070 5919 ὑποκε-
