4238 6464
163 385 261 448 401

1235 400 1319 462 ΙΝ
1355 401 1515 466 CAN.
1556 402 1636 464 IV
1674 404 1879 468 CONC.
1922 411 2282 472 CHALCED.

3301 419 3406 478 illi).

167 494 440 561 κριμένως
490 496 666 564 ἢτινὶ
711 500 878 570 κακία
935 501 1243 570 ἐπιμίκτως
1293 511 1576 575 μετιόντας
1631 511 1767 578 τὴνη

1848 524 2195 576 nonasticum
2248 526 2367 577 vita?
2412 543 2577 594 genus
2630 529 2872 594 elegere,
2927 529 2993 582 iis
3031 529 3288 580 honorem
3336 548 3402 585 ex

170 586 467 654 μοναδικὴν
517 589 792 646 πολιτείαν
818 597 850 664 ἡ
880 597 1012 662 ἁγία
1044 597 1258 661 σύνοδος
1290 601 1489 669 ἔκρινε.
1523 604 1658 658 Τοὺς
1679 607 1735 656 δέ

167 680 242 749 τῷ
267 681 538 752 μοναδικῷ
573 686 813 753 σχήματι
875 691 1250 758 κεχρημένους
1277 692 1352 755 ὡς
1404 697 1460 747 ἐν
1492 697 1732 766 προσχή-

171 788 329 837 ματι,
359 774 483 826 ἀντὶ
517 774 610 826 τοῦ
642 776 709 828 δι’
744 778 1006 845 ἐπίδειξιν
1031 782 1190 848 μόνον
1217 786 1296 846 είς
1321 777 1536 856 δέλεαρ,
1594 787 1733 839 ὥστε

165 862 230 913 δι’
263 864 432 919 αὐτοῦ
470 868 594 930 τοὺς
622 868 941 937 ἀνθρώπους
982 871 1223 946 άπατᾷν,
1275 877 1363 930 ἵνα
1387 879 1463 941 ὠς
1487 880 1548 932 τὸ
1579 879 1733 948 ἆγιον

170 955 356 1025 σχῆμα
389 960 750 1028 ἠμφιεσμένοι
779 963 1069 1032 τιμῶνται,
1098 970 1196 1029 τὰς
1218 969 1513 1036 ἐκκλησίας
1550 974 1737 1026 ὑπεισ-

165 1049 424 1116 δύοντας,
479 1055 573 1105 καὶ
620 1055 890 1110 διδάσκειν
935 1059 1064 1118 ῐσως
1112 1063 1544 1132 ἐπιχειροῦντας,
1597 1067 1630 1136 ἦ
1684 1086 1735 1120 τι

166 1141 352 1208 ἕτερον
425 1144 880 1213 ἐκκλησιαστικὸν
929 1152 1195 1220 ἐνεργεῖν.
1269 1158 1358 1208 καὶ
1396 1158 1476 1216 είς
1525 1158 1593 1211 τὰ
1639 1159 1736 1227 τῆς

168 1234 378 1296 πόλεως
401 1238 704 1307 πράγματα
721 1242 946 1305 ἑαυτοὺς
985 1246 1380 1313 σίσωθοῦντας,
1395 1251 1488 1301 καὶ
1513 1250 1736 1303 διοικεῖν

167 1326 342 1380 ταῦτα
366 1329 640 1395 θέλοντας,
660 1334 754 1386 καὶ
771 1333 914 1388 οὕτω
932 1339 1307 1406 ταράσσοντας
1326 1343 1424 1404 τὰς
1445 1343 1737 1411 ἐκκλησίας

168 1436 224 1469 τε
264 1419 479 1484 καὶτὰς
514 1423 810 1486 πολιτείας,
846 1427 946 1479 οὐκ
983 1429 1197 1497 άληθῶς
1233 1433 1496 1501 μοναχοὺς
1521 1433 1736 1498 ἡγεῖται

172 1513 200 1576 ἡ
233 1513 472 1574 σύνοδος.
499 1516 768 1580 Καθάπαξ
811 1518 867 1570 δὲ
917 1523 1082 1574 παντὶ
1111 1524 1458 1590 ἀπηγόρευσε
1489 1527 1734 1597 μηδαμοῦ

169 1604 473 1674 οἰκοδομεῖν
513 1611 872 1677 μοναστήριον
905 1612 936 1682 ἢ
975 1614 1287 1683 εὐκτήριον,
1339 1617 1413 1686 μὴ
1471 1619 1528 1670 ἐν
1560 1620 1734 1682 πόλει,

173 1698 245 1764 μὴ
280 1698 335 1749 ἐν
368 1698 548 1768 κώμῃ,
581 1702 654 1769 μὴ
681 1703 738 1754 ἐν
768 1704 1013 1771 ἐρήμοις,
1037 1708 1127 1758 καὶ
1154 1708 1306 1776 ὄρεσι
1336 1712 1489 1776 παρὰ
1511 1712 1738 1782 γνώμην

167 1789 262 1840 τοῦ
290 1791 430 1842 κατὰ
489 1792 672 1861 χώραν
730 1796 1049 1856 ἐπισκόπου.
1087 1801 1329 1863 καὶτοὺς
1367 1806 1624 1872 μοναχοὺς
1660 1806 1738 1874 τῷ

1846 613 2035 662 merito
2072 615 2252 667 deberi
2304 625 2488 667 sancta
2533 617 2768 683 synodus
2802 618 3151 672 existimavit.
3193 621 3255 670 At
3285 623 3403 683 qui-

1843 722 2054 775 cunque
2100 709 2303 769 habitu,
2355 711 2404 761 in
2440 721 2776 777 praetextum,
2834 712 2885 764 id
2927 724 3026 775 est,
3064 715 3115 766 in
3161 723 3402 767 ostenta-

1845 799 2041 851 tionem
2097 800 2264 854 solum
2321 802 2386 854 ad
2433 803 2802 870 decipiendum
2859 813 3109 861 utuntur.
3156 815 3211 859 ut
3265 805 3406 858 illius

1841 891 2065 944 obtentu
2096 891 2304 948 facilius
2327 894 2570 947 homines
2599 896 2650 947 in
2685 894 2928 948 fraudem
2963 895 3220 958 alliciant,
3251 914 3312 949 ac
3350 899 3402 950 in

1843 990 2028 1034 sancta
2075 994 2222 1037 veste
2273 985 2370 1050 ipsi
2417 985 2516 1038 sibi
2568 985 2821 1039 honorem
2873 998 3226 1056 aucupentur,
3285 1007 3403 1041 cum

1845 1072 2043 1125 interea
2089 1086 2142 1125 et
2197 1077 2451 1129 ecclesias
2483 1076 2702 1139 obeant,
2732 1087 2785 1129 et
2831 1080 2880 1130 iu
2920 1080 2985 1132 iis
3017 1080 3114 1132 sibi
3158 1079 3296 1132 forte
3328 1082 3404 1129 vcl

1843 1165 2070 1218 docendi
2104 1182 2316 1232 munus,
2350 1168 2430 1221 vel
2459 1170 2618 1222 aliam
2651 1171 3031 1224 ecclesiasticae
3066 1173 3408 1224 auctoritatis

1845 1266 2051 1326 partem
2083 1272 2361 1327 usurpent,
2396 1260 2661 1329 iidemque
2690 1277 2748 1315 se
2788 1263 3008 1316 urbanis
3042 1265 3274 1330 negotiis
3311 1263 3410 1314 im-

1847 1349 2142 1416 misceant,
2185 1366 2355 1420 eaque
2403 1353 2778 1407 administrare
2823 1355 3009 1416 velint,
3059 1355 3410 1420 ecclesiaeque

1844 1443 1999 1496 simul
2044 1459 2106 1498 ac
2152 1444 2386 1497 civitatis
2435 1453 2629 1498 statum
2687 1446 2912 1514 proinde
2961 1448 3293 1511 perturbent,
3343 1445 3410 1496 iis

1843 1551 1972 1590 vero
1996 1539 2245 1592 monachi
2275 1552 2467 1591 nomen
2501 1539 2789 1592 convenire
2814 1541 3046 1610 synodus
3073 1540 3211 1592 haud
3237 1549 3406 1605 putat.

1845 1630 1884 1683 Α
1919 1631 2197 1684 monachis
2226 1645 2353 1685 vero
2382 1632 2790 1700 quibuscunque
2819 1633 3202 1684 monasterium
3232 1641 3411 1682 orato-

1848 1722 2072 1781 riumve,
2106 1723 2219 1774 sive
2253 1721 2304 1774 in
2350 1723 2499 1785 urbe,
2535 1725 2650 1777 sive
2695 1723 2747 1776 in
2780 1723 2996 1790 oppido,
3025 1726 3136 1777 sive
3181 1725 3231 1776 in
3280 1723 3416 1775 locis

1845 1810 2090 1872 desertis,
2123 1819 2213 1862 aut
2248 1813 2548 1876 montibus,
2595 1823 2688 1866 aut
2723 1812 2901 1866 ubivis
2946 1815 3195 1879 denique,
3243 1814 3415 1866 invito

169 1882 411 1951 ἑκάστης
451 1885 662 1947 πόλεως
714 1889 996 1954 ἐπισκόπῳ
1051 1892 1418 1963 ὑποτετάχθαι
1462 1898 1737 1962 ἐκέλευσε,

1848 1903 2106 1971 cujusque
2164 1904 2396 1971 regionis
2453 1904 2746 1972 episoopo,
2813 1905 3137 1958 exmditicari
3197 1920 3415 1971 prorsus-

170 1974 266 2024 καὶ
296 1976 590 2043 ἡσυχάζειν
620 1979 679 2031 ἐν
705 1975 786 2042 οἷς
820 1982 1159 2047 ἀντετάξαντο
1186 1985 1395 2048 τόποις,
1434 1989 1741 2058 ἐργαζομέ-

170 2085 301 2128 νους
325 2069 430 2130 τὰς
462 2069 684 2139 ἀρετὰς,
721 2074 815 2125 καὶ
846 2075 1185 2141 ἀμεθέκτους
1214 2077 1372 2140 ὄντας
1403 2083 1744 2150 πραγμάτιον

169 2162 643 2229 ἐκκλησιαστικων
662 2166 796 2234 ὁμοῦ
814 2168 908 2219 καὶ
943 2168 1260 2232 πολιτικῶν,
1294 2173 1427 2239 μηδὲ
1469 2174 1742 2242 καταλιμ-

172 2254 372 2304 πάνειν
404 2255 470 2306 τά
491 2256 597 2308 ῖδια
635 2261 996 2328 μοναστήρια,
1028 2263 1120 2313 καὶ
1153 2263 1747 2330 διοικήσεσικοινωνείν

171 2346 546 2413 πραγμάτων,
601 2351 650 2402 εί
701 2353 772 2420 μή
831 2355 1118 2423 πουότῆς
1183 2357 1393 2419 πόλεως
1445 2359 1748 2421 ἐπίσκοπος

173 2436 469 2506 ἐπιτρέψει
530 2441 644 2492 τισὶ
707 2444 1053 2510 πραγμάτων
1081 2447 1395 2514 οἰκονομίαν
1431 2450 1516 2500 διὰ
1559 2450 1747 2518 χρείαν

169 2528 504 2598 ἀναγκαίαν,
554 2533 746 2601 κρίνας
791 2537 922 2598 ῐσως
969 2539 1166 2601 αὐτοὺς
1227 2542 1566 2608 ἐπιτηδείους
1613 2544 1748 2612 πρὸς

168 2621 434 2690 τοιαύτην
477 2623 780 2693 διοίκησιν,
843 2627 938 2678 καὶ
987 2627 1208 2696 ἀπορῶν
1252 2631 1456 2699 ἐτέρων
1509 2632 1641 2704 πρὸς
1685 2633 1747 2685 τὸ

172 2715 413 2781 πρᾶγμα
439 2715 699 2770 τοιοῦτον.
724 2716 908 2771 Ταῦτα
959 2718 1054 2771 καὶ
1077 2720 1107 2789 ἠ
1135 2720 1352 2785 σύνοδος
1380 2724 1408 2792 ἡ
1442 2722 1498 2773 ἐν
1527 2724 1600 2792 τῷ
1633 2725 1747 2794 ναῷ

167 2805 284 2856 τῶν
321 2806 872 2873 ἈγίωνἋποστόλων
905 2812 1339 2882 συγκροτηθεῖσα
1369 2815 1425 2867 ἐν
1546 2818 1747 2886 πρώτῳ

170 2898 365 2950 κανόνι
417 2899 811 2961 διακελεύεται,
871 2905 967 2955 καὶ
998 2905 1026 2954 6
1054 2904 1122 2969 ιζ’
1159 2906 1336 2958 κανὼν
1386 2910 1482 2975 τῆς
1517 2909 1750 2977 ἑϐδόμης

170 2989 423 3040 συνόδου.
487 2989 648 3059 Ἑξῆς
708 2992 765 3043 δὲ
821 2993 848 3044 6
908 2995 1088 3045 κανὼν
1144 2989 1298 3059 οὗτος
1347 2999 1623 3066 οἰκονομεῖ
1674 3001 1747 3070 μὴ

171 3082 576 3151 προσδέχεσθαι
626 3083 847 3145 δούλους
884 3088 942 3137 ἐν
997 3089 1347 3158 μοναστηρίῳ
1394 3093 1628 3158 μονάσαι
1660 3092 1746 3144 os-

1843 2005 2014 2058 vetat,
2069 1996 2399 2066 eosdemque
2458 1997 2807 2065 singularium
2866 1996 3078 2048 urbium
3146 1995 3416 2063 episcopis

1845 2083 2118 2152 subjectos
2149 2101 2290 2149 esse,
2325 2097 2377 2140 et
2411 2089 2460 2140 in
2495 2087 2562 2140 iis
2589 2088 2784 2154 quibus
2813 2087 3064 2140 destinati
3099 2096 3226 2140 sunt
3260 2087 3410 2140 locis.

1850 2177 2066 2230 silentio
2098 2178 2266 2230 vitam
2295 2191 2474 2245 agere,
2511 2178 2877 2246 virtutumque
2915 2177 3292 2230 exercitationi
3325 2193 3416 2226 va-

1848 2280 1994 2328 care,
2021 2274 2278 2320 caaterum
2321 2283 2492 2336 neque
2539 2268 3035 2322 ecclesiasticarum
3078 2282 3252 2335 neque
3285 2267 3420 2319 civi-

1849 2356 1977 2412 lium
2027 2361 2364 2428 negotiorum
2422 2369 2626 2427 partem
2685 2361 2846 2413 ullam
2904 2361 3172 2428 attingere
3215 2359 3415 2427 jubet:

1848 2465 2024 2518 ne1ue
2051 2466 2199 2514 vero,
2224 2460 2281 2503 ut
2317 2453 2478 2504 rebus
2505 2452 2755 2520 gerendis
2786 2466 2980 2504 vacare
3017 2452 3198 2512 liceat,
3230 2463 3418 2502 mona-

1848 2541 1997 2592 Sterii
2030 2541 2112 2593 sui
2147 2542 2432 2595 stationem
2471 2542 2811 2609 relinquant,
2865 2543 2966 2596 nisi
3009 2557 3066 2595 re
3112 2543 3417 2596 necessaria

1847 2641 2064 2686 coactus
2104 2634 2410 2703 episc0pus,
2461 2635 2798 2700 aliorumque
2843 2635 3120 2688 hominum
3167 2634 3423 2687 facultate

1847 2726 2157 2788 destitutus,
2211 2728 2602 2780 monachorum
2659 2728 2854 2790 alicui,
2912 2728 3150 2796 probatae
3214 2729 3314 2780 sibi
3367 2727 3419 2780 in

1846 2834 1912 2870 eo
1939 2833 2131 2881 genere
2158 2817 2456 2875 industrire.
2482 2817 2677 2884 negotii
2707 2819 3138 2882 procurationem
3171 2817 3420 2871 commit-

1851 2909 2064 2962 tendam
2105 2925 2226 2963 esse
2259 2910 2670 2963 existimaverit.
2713 2909 2933 2972 Eadem,
2977 2911 3027 2960 in
3064 2909 3259 2976 templo
3289 2924 3422 2976 quo-

1850 3014 1955 3066 que
1977 3011 2290 3054 sanctorum
2346 3001 2714 3068 aposmlorum
2745 3000 2924 3054 habita
2956 3003 3192 3071 synodus
3220 3015 3426 3053 canone

1848 3093 2047 3160 primo,
2095 3102 2148 3144 et
2188 3093 2391 3145 decimo
2441 3093 2670 3180 septimo
2719 3107 2928 3146 canone
2973 3094 3213 3161 synodus
3263 3102 3439 3144 sexta.

168 3177 390 3237 λἰντας,
421 3180 466 3227 εί
492 3177 566 3244 μὴ
597 3176 788 3246 γνώμῃ
819 3178 926 3229 τῶν
957 3179 1251 3242 δεσποτῶν,
1283 3182 1368 3234 ἴνα
1399 3183 1472 3250 μὴ
1497 3183 1558 3236 τὺ
1581 3185 1747 3252 ὄνομα

1853 3186 2115 3239 decernit.
2147 3184 2280 3237 llinc
2308 3185 2372 3237 de
2402 3176 2677 3236 servis'ad
2711 3184 3064 3236 monasticam
3101 3183 3286 3244 vitam,
3320 3182 3423 3235 nisi

168 3269 272 3321 τοῦ
325 3269 564 3336 Χριστοῦ
623 3269 1032 3340 βλασφημῆται.
1110 3273 1172 3325 Εἰ
1219 3273 1326 3342 γὰρ
1383 3275 1610 3335 ἄκοντος
1657 3277 1749 3328 τοῦ

166 3361 441 3414 δεσπότου
474 3361 656 3424 δοῦλός
676 3379 819 3424 τινος
856 3367 1022 3434 καρῇ,
1054 3364 1190 3433 βαρὺ
1240 3365 1400 3419 τοῦτο
1429 3369 1696 3435 ἡγήσεται
1725 3370 1753 3420 6

168 3455 372 3522 κύριος
399 3454 592 3516 αὐτοῦ,
619 3455 713 3507 καὶ
738 3455 1121 3526 βλασφημήσει
1161 3461 1298 3511 κατὰ
1325 3458 1418 3511 τοῦ
1448 3460 1602 3526 ἁγίου
1629 3463 1757 3529 σχή-

172 3565 353 3616 ματος
382 3549 476 3599 καὶ
510 3547 619 3599 τῶν
648 3549 915 3617 μοναχῶν·
943 3552 974 3618 ἠ
1005 3550 1060 3602 δὲ
1091 3553 1214 3603 κατ’
1242 3552 1407 3604 αὑτοῦ
1435 3553 1754 3623 βλασφημία

170 3639 277 3690 καὶ
304 3637 385 3697 είς
410 3637 473 3687 τὸ
524 3637 678 3688 Θεῖον
709 3639 841 3690 αὐτὸ
876 3639 1214 3710 διαϐήσεται.
1276 3643 1755 3715 Βλασφημηθήσε-

169 3747 270 3782 ται
304 3729 362 3782 δὲ
387 3730 448 3781 τὸ
471 3729 645 3798 ὄνομα
688 3730 782 3782 τοῦ
838 3731 972 3784 Θεοῦ
1020 3733 1170 3802 παρὰ
1226 3735 1337 3786 τῶν
1367 3737 1628 3798 ἀπίστων,
1663 3740 1755 3791 καὶ

170 3821 271 3872 ὅτε
295 3821 421 3881 τοὺς
457 3823 720 3890 μοναχοὺς
752 3823 948 3892 ὁρῶσιν
967 3826 1024 3874 ὲν
1051 3826 1238 3877 πόλεσι
1271 3831 1752 3896 περιερχομένους,

172 3913 282 3962 καὶ
313 3911 567 3963 πολιτικὰ
591 3912 930 3981 χειρίζοντας
954 3915 1274 3982 πράγματα.
1323 3917 1623 3981 ’Υποτάξας
1650 3919 1704 3971 δὲ
1727 3924 1755 3974 ὁ

172 4002 368 4056 κανὼν
414 4005 524 4065 τοῖς
578 4007 717 4056 κατὰ
750 4005 917 4056 τόπον
950 4007 1273 4067 ἐπισκόποις
1298 4010 1425 4069 τοὺς
1469 4013 1752 4079 μοναχοὺς,

172 4099 281 4148 καὶ
316 4100 386 4147 τὰ
434 4098 787 4166 μοναστήρια,
837 4098 1056 4165 ἐπάγει.
1102 4100 1204 4151 Τὸν
1233 4101 1416 4167 μέντοι
1465 4103 1757 4156 ἐπίσκοπον

171 4193 287 4256 τῆς
315 4190 522 4251 πόλεως
582 4192 686 4259 χρὴ
743 4191 843 4258 τὴν
889 4192 1116 4245 δέουσαν
1162 4195 1420 4263 πρόνοιαν
1482 4197 1758 4249 ποιεῖσθαι

174 4284 302 4335 τῶν
333 4285 707 4349 μοναστηρίων
732 4299 749 4314 ’
782 4282 874 4334 δύο
932 4286 1459 4354 πραγματευόμενος
1500 4289 1558 4338 ἐν
1580 4285 1761 4355 ταυτῷ

173 4375 244 4425 τό
296 4391 353 4425 τε
384 4376 458 4440 μὴ
483 4375 783 4444 πράγματα
813 4375 958 4443 ἔχειν
982 4375 1109 4437 τοὺς
1155 4379 1419 4445 μοναχοὺς
1445 4378 1578 4447 μηδὲ
1605 4379 1763 4447 ὀχλή-

176 4482 307 4526 σεις
340 4465 438 4524 τὰς
487 4465 554 4516 δι’
601 4465 762 4524 αὐτὰ.
801 4465 914 4517 ἀλλ’
971 4461 1111 4519 εἶναι
1149 4468 1615 4536 ἀπερισπάστους,
1671 4470 1763 4520 καὶ

1857 3272 2192 3324 dominorum
2231 3275 2532 3336 voluntate,
2574 3289 2677 3326 non
2716 3275 3088 3337 admittendis,
3129 3289 3194 3325 ne
3222 3271 3422 3326 Christi

1858 3380 2049 3416 nomen
2084 3364 2292 3418 scilicet
2323 3365 2746 3431 blasphemetur,
2784 3365 2885 3417 hoc
2924 3378 3130 3417 canone
3163 3362 3419 3415 constitu-

1859 3464 1989 3507 tum.
2021 3454 2188 3523 Cujus
2216 3457 2414 3508 etenim
2452 3472 2641 3509 servus
2679 3457 2846 3508 invito
2877 3457 2992 3521 ipso
3028 3455 3280 3507 detonsus
3312 3452 3429 3506 fue-

1858 3548 1945 3609 rit,
1993 3562 2102 3598 rem
2155 3557 2318 3599 tulam
2356 3547 2608 3599 nimirum
2657 3548 2841 3611 iniquo
2875 3547 3059 3598 animo
3107 3545 3260 3605 feret,
3302 3558 3428 3596 san-

1857 3649 2107 3706 Clumque
2149 3640 2389 3692 habitum
2441 3639 2842 3698 exsecrabitur,
2911 3647 3187 3703 totumque
3245 3650 3430 3688 mona-

1856 3734 2078 3786 chorum
2108 3747 2280 3800 geuus
2313 3732 2566 3784 convitiis
2595 3730 2930 3798 proscindat,
2954 3728 3184 3781 convitia
3212 3727 3431 3779 vero'in.

1855 3825 2092 3878 habitum
2126 3840 2245 3877 eum
2279 3824 2518 3889 conjecta
2549 3824 2612 3874 ad
2642 3824 2818 3890 ipsum
2851 3822 3013 3874 etiam
3043 3819 3206 3873 Deum
3245 3829 3425 3872 trans-

1857 3919 2028 3972 ibunt.
2063 3917 2310 3969 Divinum
2352 3932 2566 3984 quoque
2603 3930 2824 3974 nomen,
2857 3915 2946 3981 qui
2988 3913 3281 3966 monachos
3317 3921 3426 3965 tota

1859 4011 1992 4063 urbe
2021 4009 2332 4070 volitantes,
2356 4007 2690 4074 publicaeque
2710 4003 3164 4058 administralioni
3195 4004 3446 4057 intentos-

1858 4101 2129 4163 viderint,
2181 4115 2208 4150 a
2265 4100 2367 4150 ﬁde
2425 4099 2583 4150 alieni
2665 4097 2912 4150 homines
2963 4094 3432 4163 blasphemabunt.

1860 4193 2125 4258 Quoniam
2181 4206 2330 4253 vero,
2377 4189 2640 4256 cujusque
2688 4188 2924 4254 regionis
2975 4185 3271 4253 episcopis.
3319 4183 3436 4249 ejus

1863 4282 1964 4336 loci
2025 4281 2318 4333 monachos
2371 4288 2424 4332 et
2479 4278 2808 4330 monasteria
2863 4274 3057 4342 subjici
3115 4287 3286 4326 canon
3347 4271 3438 4324 hic

1867 4373 2069 4438 voluit;
2094 4373 2378 4439 episcopus
2407 4369 2666 4434 civitatis,
2696 4369 2889 4436 inquit,
2917 4365 3154 4420 vicissim
3183 4373 3440 4432 opportu-

1870 4483 1989 4518 nam
2038 4464 2380 4517 monasteriis
2416 4477 2603 4515 curam
2651 4462 2923 4529 impendat
2955 4468 3187 4527 oportet.
3228 4458 3303 4509 Ac
3333 4456 3458 4509 duo-

175 4555 513 4625 ἡσυχάζειν,
568 4559 665 4609 καὶ
699 4559 877 4624 μόνων
929 4558 1238 4625 φροντίζειν
1281 4561 1388 4612 τῶν
1418 4563 1497 4622 εἰς
1525 4561 1760 4630 ψυχικὴν

1868 4559 2082 4626 quidem
2135 4557 2248 4609 haec
2292 4555 2450 4607 simul
2495 4554 2746 4616 curabit,
2793 4553 3048 4614 alterum,
3092 4559 3150 4603 ut
3201 4547 3440 4616 operosis

179 4650 582 4703 συντεινόντων
623 4649 913 4716 ὠφέλειαν,
960 4653 1052 4703 καὶ
1084 4651 1144 4702 τὸ
1180 4651 1270 4703 τὸν
1292 4652 1592 4704 ἐπίσκοπον
1640 4656 1762 4705 κάν-

167 4743 385 4796 τεῦθεν
429 4743 620 4811 κέρδος
669 4743 900 4812 ψυχικὸν
957 4746 1266 4813 περιποιεῖν
1316 4744 1516 4813 ἐαυτῷ,
1562 4747 1654 4796 καί
1686 4748 1764 4807 είς

172 4837 354 4900 δόξαν
376 4830 512 4888 εἷναι
545 4835 702 4888 Θεοῦ.
732 4835 1052 4905 Λαμψάτω,
1077 4836 1208 4904 γάρ,
1269 4837 1434 4904 φησὶν
1478 4837 1506 4886 6
1536 4838 1762 4906 Κύριος,

173 4930 256 4982 τὸ
315 4926 442 4995 φῶς
485 4926 653 4995 ὑμῶν
694 4928 1040 4996 ἐμπροσβεν
1059 4927 1176 4979 τῶν
1207 4927 1552 4993 ἀνθρώπων,
1609 4928 1767 4991 ὅπως

174 5022 372 5073 ἴδωσι
415 5019 488 5072 τὰ
551 5019 709 5072 καλὰ
763 5020 908 5088 ἔργα
954 5019 1142 5087 ὑμῶν,
1193 5018 1289 5070 καὶ
1332 5018 1635 5082 δοξάσωσι
1662 5020 1768 5070 τὸν

173 5111 433 5178 Πατέρα
473 5109 641 5178 ὑμῶν
669 5112 777 5164 τὸν
813 5111 882 5164 ἐν
910 5113 1036 5175 τοῖς
1068 5111 1367 5178 οὐρανοῖς.
1413 5111 1566 5161 Ἐπεὶ
1609 5110 1666 5162 δὲ
1700 5110 1768 5161 τὰ

171 5226 208 5259 τ
228 5208 306 5257 ὒν
340 5202 649 5272 ἐκκλησιῶν
680 5204 939 5271 χρήματα
961 5203 1214 5272 πτωχικὰ
1245 5203 1626 5269 ὀνομάζονται,
1675 5204 1768 5253 καὶ

173 5302 272 5360 εἰς
307 5297 504 5357 ἐνδεεῖς
534 5293 842 5362 ἐτάχθησαν
902 5294 1316 5358 ἀναλίσκεσθαι,
1368 5295 1465 5346 καὶ
1522 5292 1599 5361 τῷ
1649 5293 1770 5346 ἐπι-

177 5390 392 5457 σκὸπῳ
422 5389 500 5450 εἰς
538 5387 728 5438 ἑαυτὸν
756 5388 818 5438 ἐκ
845 5387 1050 5438 τούτων
1105 5385 1246 5456 πλὴν
1296 5385 1406 5436 τῶν
1452 5386 1768 5450 ἀναγκαίων

179 5483 367 5545 πάνυ,
396 5480 484 5531 ὅτε
543 5478 618 5547 μὴ
650 5479 764 5549 ἔχοι
806 5478 1037 5538 οἴκοθεν,
1085 5478 1236 5530 οὐδὲν
1273 5478 1516 5548 δαπανᾷν
1539 5480 1768 5545 ἐφεῖται,

173 5579 266 5632 ὡς
300 5575 330 5627 6
369 5579 459 5643 μα’
516 5584 698 5626 κανων
739 5576 848 5626 τῶν
911 5572 1082 5640 ἁγίων
1129 5572 1442 5626 ἀποστόλων
1472 5574 1604 5640 φησὶ
1627 5573 1717 5623 καὶ
1745 5573 1774 5623 ὁ

180 5669 279 5725 κε’
311 5668 416 5736 τῆς
469 5667 527 5719 ἐν
567 5666 866 5738 Ἀντιοχείᾳ
917 5667 1158 5720 συνόδου.
1211 5666 1322 5718 Καὶ
1362 5666 1473 5728 τοῖς
1522 5666 1772 5735 μοναχοῖς

277 5847 324 5877 ⁵³
352 5844 542 5898 Matth.
572 5861 624 5903 ν,
664 5845 739 5898 l6.

1866 4649 2201 4718 negotiorum
2230 4647 2375 4701 curis
2402 4661 2465 4699 ac
2495 4645 2758 4699 molestiis
2791 4642 2980 4704 soluti,
3011 4639 3353 4708 tranquillam
3386 4649 3443 4690 et

1864 4742 2097 4809 quietam
2135 4741 2324 4798 vitam.
2355 4753 2418 4792 ea
2450 4739 2643 4798 solum,
2668 4735 2808 4790 unde
2843 4734 3049 4788 fructus
3079 4732 3260 4785 animo
3293 4729 3440 4783 exsi-

1866 4841 1992 4894 stat,
2056 4831 2418 4893 meditantes,
2477 4827 2728 4881 monacbi
2781 4835 2940 4894 agant
2998 4843 3015 4878 :
3069 4823 3325 4882 alterum,
3385 4830 3443 4871 ut

1868 4926 2055 4978 eadem
2101 4937 2260 4989 opera
2305 4921 2680 4990 spiritualibus
2713 4918 3065 4973 incrementis
3087 4957 3102 4980 ,
3136 4914 3441 4980 divinaeque

1876 5017 2059 5084 gloria:
2103 5013 2506 5076 emolumentis,
2542 5012 2658 5080 ipse
2695 5025 2914 5078 quoque
2954 5009 3237 5077 episcopus
3277 5003 3443 5068 proﬁ-

1876 5110 2001 5161 ciat.
2032 5105 2228 5159 Luceat
2258 5105 2424 5167 enim,
2457 5103 2631 5172 inquit
2655 5100 2933 5162 Dominus,
2957 5097 3049 5149 lux
3074 5103 3242 5148 vestra
3267 5108 3444 5146 coram

1877 5200 2190 5260 hominibus,
2227 5208 2285 5250 ut
2317 5200 2522 5250 videant
2565 5211 2722 5262 opera
2754 5201 2923 5246 vestra
2962 5191 3115 5246 bona.
3151 5198 3200 5239 et
3245 5184 3446 5254 gloriﬁ-

1879 5301 1989 5346 cent
2013 5291 2224 5345 Patrem
2268 5300 2489 5344 vestrum
2518 5290 2607 5355 qui
2664 5290 2716 5337 in
2771 5285 2910 5336 caelis
2969 5280 3114 5333 est"
3177 5276 3442 5342 Quoniam

1884 5399 2007 5436 vero
2050 5381 2396 5435 ecclesiarum
2446 5378 2604 5442 bona,
2690 5377 2822 5426 bona
2905 5382 3197 5439 pauperum
3263 5363 3444 5433 appel-

1885 5481 2082 5542 lantur,
2175 5489 2580 5545 egenorumque
2667 5470 3006 5524 sublevanda;
3084 5463 3276 5531 inopia:
3345 5461 3443 5513 de-

1885 5573 2079 5626 Stinata
2119 5579 2286 5633 sunt;
2321 5582 2390 5621 ne
2435 5569 2687 5634 episcopo
2732 5562 2971 5632 quidem,
3009 5557 3115 5612 nisi
3159 5556 3242 5609 cui
3287 5553 3449 5608 nulla:

1886 5664 2192 5719 domcsticm
2222 5661 2381 5730 118
2410 5659 2687 5715 facultates
2708 5662 3014 5723 suppetant,
3043 5661 3200 5720 atque
3229 5647 3283 5701 in
3318 5660 3448 5700 usus
