4238 6464
211 402 318 456 409

1280 410 1361 468 IN
1400 413 1561 473 CAN.
1602 416 1713 474 VII
1745 415 1952 478 CONC.
2003 421 2365 484 CIIALCED.

3335 427 3442 492 410

287 511 398 561 οὐκ
428 510 744 602 ἀπολιξτως
772 515 1234 582 χειροτονήσας.
1279 521 1347 573 El
1375 522 1442 574 δὲ
1465 525 1550 593 μὴ
1580 566 1596 590 ,
1629 526 1790 595 ἁχει-
1816 527 1866 586 Α

1768 555 1790 565 -
1816 527 1866 586 Α
1963 534 2067 586 lute
2093 534 2381 587 ordinabis.
2424 535 2663 602 Alioquin
2692 551 2776 601 qui
2809 535 2993 587 ibit/em
3023 536 3321 599 ordinatur,
3351 558 3442 599 pro

279 595 674 671 ροτόνητοςό
709 602 896 672 δῆθεν
922 613 1472 680 χειροτονούμενος.

287 699 393 749 Τὸν
426 698 690 766 μέλλοντα
724 701 976 766 γενέσθαι
1013 703 1384 774 πρεσϐύτερον
1412 708 1444 778 ἢ
1469 709 1713 762 διάκονον
1748 711 1782 781 ἢ

213 795 353 858 Ξὶως
403 799 461 848 ὲν
506 796 950 868 ἐκκλησιαστικῷ
1001 799 1241 867 τάγματι
1290 805 1781 872 συγκαταλεγῆναι,

221 889 292 956 μὴ
325 890 501 950 ἄλλως
537 889 949 958 παραδεχθῆναι
985 892 1064 952 είς
1100 893 1457 961 χειροτονίαν,
1488 898 1536 948 εί
1595 897 1668 964 μὴ
1726 898 1786 948 ὲν

215 984 482 1054 ἐκκλησίᾳ
510 986 718 1048 πόλεως
748 986 778 1054 ἢ
814 985 1005 1055 κώμης
1035 987 1066 1056 ἢ
1105 989 1452 1056 μοναστηρίῳ
1475 989 1785 1057 εὑρίσκοιτο

217 1075 483 1141 πρότερον
510 1076 615 1127 ὑπὸ
649 1077 853 1145 βαθμόν
880 1095 1000 1130 τινα
1029 1078 1137 1147 (99)
1170 1079 1339 1130 τελῶν
1395 1081 1786 1149 ἐκκλησιαστι-

216 1164 332 1225 ..ὸν,
373 1165 470 1216 καὶ
498 1165 764 1217 δουλεύων
795 1168 849 1218 ἐν
881 1168 1042 1236 αὐτῇ.
1080 1169 1140 1220 El
1170 1168 1228 1221 δὲ
1257 1170 1658 1236 ἀπολελυμένος
1703 1190 1786 1236 τις

211 1252 309 1314 ὢν,
343 1255 713 1323 πρεσϐύτερος
747 1257 779 1326 ἢ
814 1259 1055 1320 διάκονος
1084 1262 1460 1332 χειροτονηθῇ.
1499 1263 1571 1332 μὴ
1622 1263 1696 1316 ὢν
1726 1266 1784 1316 ὲν

215 1346 486 1415 ἐκκλησίᾳ
537 1347 640 1400 ὑπό
674 1365 794 1401 τινα
846 1349 1074 1417 βαθμὸν,
1120 1352 1222 1404 οὐκ
1269 1354 1685 1424 ὠφεληθήσεται
1722 1359 1785 1410 ὲκ

211 1439 431 1502 τούτου,
459 1439 572 1490 ἀλλ’
603 1442 806 1508 ἄκυρος
840 1441 993 1494 ἔσται
1022 1445 1052 1511 ἡ
1089 1445 1176 1496 ἐπ’
1207 1445 1354 1516 αὑτῷ
1383 1447 1711 1518 χειροθεσία.

818 1539 1057 1591 ΚΑΝΩΝ
1111 1539 1183 1592 Z'.

219 1626 368 1690 Τοὺς
422 1628 584 1692 ἅπαξ
627 1631 696 1683 ἑν
743 1629 945 1698 κλήρῳ
997 1633 1400 1702 τεταγμένους
1455 1635 1551 1688 καὶ
1605 1654 1792 1705 μοναο

283 1721 439 1785 στὰς
470 1722 544 1786 (i)
594 1723 897 1792 ὡρίσαμεν
939 1725 1091 1793 μήτε
1137 1726 1236 1779 ἐπὶ
1274 1730 1593 1794 στρατείαν
1635 1731 1790 1798 μήτε

283 1812 380 1861 ἐπὶ
426 1813 606 1874 ἀξίαν
643 1816 945 1883 κοσμικὴν
993 1817 1291 1884 ἔρχεσθαι.
1338 1821 1404 1872 Ἡ
1437 1821 1609 1873 τοῦτο
1653 1823 1788 1873 τολ-

281 1907 544 1972 μῶντας.
564 1909 658 1960 καὶ
679 1910 759 1975 μὴ
782 1915 1324 1980 μεταμελομένους,
1347 1911 1502 1967 ὥστε
1525 1913 1790 1979 ἐπιστρέ-

289 2003 401 2062 ψαι
445 2000 543 2052 ἐπὶ
589 2002 764 2054 τοῦτο
809 2003 840 2055 ὃ
883 2003 982 2055 διὰ
1024 2005 1172 2057 Θεὸν
1202 2007 1492 2073 πρότερον
1532 2006 1788 2072 εἵλοντο,

286 2092 839 2158 σναθεματίζεσθαι.

285 2184 489 2238 ΒΑΛΣ.
521 2187 612 2253 Μὴ
645 2187 976 2256 ἐναντιωθῇς
1005 2186 1084 2256 τῷ
1110 2187 1198 2254 πγ¹
1229 2190 1413 2241 κανόνι
1462 2189 1569 2242 τῶν
1617 2191 1790 2259 ἁγίων

211 2274 557 2335 ἀποστόλων,
611 2275 819 2342 λέγοντι
871 2279 1029 2346 μόνον
1075 2279 1457 2348 καθαιρεῖσθαι
1487 2281 1612 2344 τοὺς
1665 2299 1790 2351 σχοο

208 2365 480 2428 λάζοντας
513 2369 772 2440 στρατείᾳ.
819 2370 1230 2439 πρεσϐυτέρους
1261 2371 1291 2439 ἢ
1322 2371 1633 2436 διακόνους·
1671 2373 1790 2426 ἀλλ’

213 2461 261 2509 εἰ
289 2458 338 2508 τὲ
378 2460 460 2510 ὅτι
493 2461 610 2512 ἐκεῖ
641 2460 740 2528 μὲν
795 2461 932 2530 μετὰ
973 2463 1248 2532 ἱερατικοῦ
1300 2467 1573 2534 σχήματος
1621 2483 1788 2536 στρα-

210 2555 505 2606 minaci:
545 2555 888 2624 ὲνησχολεῑτο
936 2555 1203 2618 δουλείαις
1234 2559 1262 2609 ὁ
1316 2559 1646 2628 ίερωμένοςο
1700 2560 1788 2611 ὲν-

213 2644 395 2695 ταῧθα
430 2645 485 2695 δὲ
515 2645 612 2712 τὴν
658 2645 813 2716 ἱερὰν
847 2645 1041 2715 στολὴν
1075 2647 1309 2700 ἀπέθετο
1354 2648 1447 2701 καὶ
1491 2649 1789 2719 ἐστρατεύ-

212 2752 352 2786 σατο
395 2735 662 2806 ἐπιθυμία
690 2739 960 2806 κοσμικῆς
995 2738 1174 2803 ἀξίας.
1225 2739 1335 2793 Καὶ
1367 2739 1457 2792 διὰ
1487 2740 1644 2793 τοῦτο
1673 2743 1790 2794 ἐκεῖ

217 2833 322 2898 μὲν
355 2833 384 2882 ὁ
418 2831 492 2898 μὴ
547 2830 685 2899 μετὰ
716 2831 1095 2901 παραγγελίαν
1125 2831 1472 2901 ἐπιστρέφων
1507 2835 1788 2904 καθαιρεί-

210 2938 332 2982 rat,
364 2921 597 2974 ἐνταῦθα
644 2922 701 2974 δὲ
731 2925 759 2974 ὁ
795 2925 870 2990 μὴ
928 2925 1367 2994 μεταμελόμενος
1397 2926 1786 2995 ἀναθεματίζε-

209 3031 327 3067 ται.
367 3015 478 3079 Τὴν
513 3014 621 3080 γὰρ
650 3001 968 3081 καθαίρεσιν
1018 3017 1178 3079 αὐτὸς
1222 3017 1406 3085 ’ἑαυτῷ
1463 3018 1783 3087 ἐψηφίσατο,

210 3110 312 3159 καὶ
345 3105 453 3175 πρὸ
485 3107 780 3177 καταδίκης
825 3109 1234 3178 ἀπογυμνώσας
1277 3111 1469 3163 ἑαυτὸν
1497 3111 1597 3178 τῆς
1634 3111 1788 3179 ἱερᾶς

1958 644 2057 680 non
2093 629 2336 680 Ordinato
2361 627 2600 682 habetur.

1958 721 2056 786 Qui
2085 723 2379 791 presbyteri
2406 730 2496 775 aut
2523 722 2734 776 diaconi
2762 729 2854 774 aut
2879 720 3038 773 alium
3065 736 3444 788 quemcunque

1886 807 2129 862 ordinem
2171 809 2595 863 ecclesiasticum
2643 819 2727 862 est
2765 818 3145 877 suscepturus.
3183 823 3250 863 ne
3291 811 3446 861 aliter

1889 902 1953 952 ad
1998 901 2388 954 ordinationem
2440 903 2776 964 admittatur,
2815 902 2916 956 nisi
2970 903 3021 955 in
3061 903 3297 956 civitatis
3350 914 3444 956 aut

1890 994 2003 1060 pagi
2031 994 2259 1061 alicujus
2281 995 2508 1047 ecclesia
2535 985 2627 1049 aut
2648 996 2970 1049 monasterio
2993 996 3045 1047 in
3075 995 3252 1061 aliquo
3276 996 3441 1061 gradu

1889 1086 2254 1140 ecclesiastico
2284 1087 2478 1156 egisse,
2511 1098 2565 1140 et
2597 1089 2646 1139 in
2679 1101 2742 1140 ea
2782 1087 3091 1140 inserviisse
3120 1087 3270 1153 prius
3298 1086 3447 1138 inve-

1891 1179 2088 1232 nialur.
2137 1179 2189 1231 Si
2240 1189 2416 1232 autem
2449 1178 2537 1247 qui
2586 1179 2864 1232 absolutus
2901 1184 3006 1239 est,
3051 1177 3328 1247 presbyter
3359 1187 3448 1228 aut

1889 1271 2143 1323 diaconus
2173 1273 2484 1332 ordinetur,
2516 1286 2637 1324 cum
2680 1281 2783 1322 nun
2829 1270 2900 1322 sit
2945 1269 3043 1322 sub
3068 1268 3247 1336 aliquo
3279 1266 3444 1333 gradu

1890 1359 1941 1411 iu
1984 1359 2239 1416 ecclesia.
2279 1358 2409 1411 nihil
2455 1373 2519 1411 ex
2563 1373 2628 1411 eo
2671 1357 2935 1409 commodi
2969 1357 3166 1424 capiet,
3201 1355 3292 1409 sed
3329 1369 3448 1407 ma-

1890 1465 2049 1502 nuum
2087 1450 2137 1500 iu
2169 1464 2287 1501 eum
2314 1448 2586 1518 impositio
2619 1448 2769 1500 irrita
2801 1447 2928 1500 erit.

2483 1541 2713 1594 CANON
2755 1539 2866 1592 νει.

1889 1631 1993 1686 Eos
2014 1633 2107 1704 qui
2131 1650 2184 1685 in
2216 1640 2353 1686 clero
2372 1633 2528 1685 semel
2550 1633 2781 1686 ordinati
2809 1639 2953 1689 sunt.
2981 1643 3028 1683 et
3055 1632 3238 1683 itidem
3266 1647 3451 1682 mona-

1957 1727 2102 1785 chos,
2151 1726 2430 1777 statuimus
2469 1741 2558 1777 nec
2605 1724 2673 1776 ad
2715 1723 2998 1776 militarem
3044 1725 3444 1786 expeditionem,

1961 1836 2053 1873 nec
2074 1820 2142 1870 ad
2165 1818 2467 1872 stecularem
2499 1818 2806 1884 dignitatem
2825 1835 2974 1881 posse
3002 1820 3188 1871 venire.
3222 1807 3324 1882 Qui
3350 1834 3451 1869 au-

1963 1923 2060 1966 tem
2089 1915 2184 1965 hoc
2214 1913 2426 1974 audent,
2461 1920 2511 1962 et
2547 1927 2648 1964 non
2686 1910 2983 1978 prenitentia
3015 1911 3159 1961 ducti
3190 1911 3257 1960 ad
3287 1911 3339 1960 id
3371 1926 3452 1960 re-

1958 2017 2267 2066 vertuntur,
2321 2004 2460 2073 quod
2503 2013 2715 2074 propter
2760 2004 2925 2057 Deum
2978 2006 3123 2069 prius
3167 2005 3450 2070 elegerant,

1959 2096 2426 2150 anatltematizari.

1959 2185 2158 2239 BALS.
2209 2184 2286 2238 Ne
2334 2183 2662 2236 contrarium
2718 2199 2842 2238 esse
2883 2184 3159 2237 existimes
3188 2197 3450 2235 ranonem

1889 2286 2199 2331 sanctorum
2231 2273 2601 2342 apostolorum
2626 2312 2640 2335 ,
2683 2275 2875 2325 canoui
2918 2273 2987 2326 85
3019 2273 3216 2326 dicenti
3257 2274 3449 2339 deponi

1890 2367 2060 2421 solmn
2084 2366 2445 2437 presbyteros,
2471 2367 2553 2419 vel
2577 2367 2854 2426 diaconos,
2879 2365 2966 2432 qui
2995 2365 3195 2417 militiae
3218 2376 3407 2417 vacant
3435 2383 3447 2415 :

1890 2463 1983 2515 sed
2015 2459 2122 2521 die,
2171 2457 2313 2528 quod
2345 2458 2454 2511 illic
2489 2457 2702 2522 quidem
2736 2469 2856 2508 cum
2893 2456 3210 2509 sacerdotali
3250 2455 3447 2508 amictu

1893 2552 2216 2607 militaribus
2243 2550 2560 2605 ministeriis
2583 2551 2813 2603 vacabat
2833 2551 3089 2603 sacerdos
3117 2565 3130 2600 :
3163 2550 3248 2602 hic
3274 2561 3449 2602 autem

1889 2663 2102 2702 sacrum
2137 2646 2387 2699 vestitum
2429 2655 2673 2706 exuerat,
2720 2651 2774 2697 et
2821 2643 3146 2696 militaverat
3179 2642 3454 2696 saecularis

1888 2739 2171 2810 dignitatis
2203 2736 2493 2791 desiderio.
2526 2735 2590 2788 Et
2620 2743 2904 2803 propterea
2935 2734 3041 2788 illic
3078 2733 3316 2802 quidem,
3350 2731 3451 2786 nisi

1889 2840 2012 2901 post
2055 2829 2517 2884 denuntiationem
2565 2841 2817 2880 reversus
2863 2824 3047 2889 fuerit,
3097 2819 3384 2892 deponitur
3436 2841 3452 2879 :

1889 2927 1978 2980 hic
2020 2933 2195 2978 autem
2221 2923 2304 2981 is}
2336 2933 2494 2989 quem
2527 2933 2634 2972 non
2665 2919 2910 2986 paenitet,
2941 2916 3450 2971 anathematizatnr.

1890 3016 2006 3083 Ipse
2047 3013 2189 3068 enim
2238 3009 2591 3079 depositionis
2624 3008 2944 3062 sententiam
2993 3009 3143 3062 inse
3188 3007 3329 3071 tulit,
3362 3008 3450 3076 qui

1888 3125 1948 3165 se
1980 3099 2130 3164 sacra
2163 3115 2313 3162 veste
2334 3106 2494 3161 etiam
2528 3111 2652 3156 ante
2675 3103 3174 3156 condemnationem
3205 3102 3377 3164 exuit,
3397 3111 3455 3156 et

210 3199 434 3266 στολῆς,
470 3199 563 3250 καὶ
592 3197 776 3261 sunt;
810 3199 1068 3266 γεγονώς.
1120 3201 1273 3254 Ἐπεὶ
1296 3201 1352 3254 δὲ
1383 3200 1782 3270 ἑρμηνεύοντες
1811 3219 1858 3281 C

1778 3219 1782 3256 τ
1811 3219 1858 3281 C
1888 3202 2058 3257 laicus
2089 3200 2266 3254 factus
2307 3209 2408 3254 est.
2448 3194 2712 3263 Quoniam
2757 3205 2935 3248 autem
2965 3195 3318 3262 apostolicum
3355 3208 3452 3249 ca-

205 3290 304 3339 τὸν
334 3295 430 3356 πγ’
460 3290 816 3342 ἀποστολικὸν
847 3292 1068 3354 κανόνα,
1097 3293 1324 3361 εἴπομεν
1353 3294 1426 3364 μὴ
1454 3295 1783 3350 ἀπςντεῦθεν

207 3382 602 3450 καθαιρεῖσθαι
649 3382 742 3434 τὸν
770 3383 1112 3452 δημοσιακάς
1163 3387 1410 3448 δουλείας
1439 3388 1783 3456 ἐνεργοῦντα,

204 3472 351 3524 ἀλλὰ
401 3473 538 3540 μετά
592 3473 990 3543 παραγγελίαν,
1027 3477 1293 3545 ἐρωτήσει
1342 3494 1446 3538 τις,
1495 3479 1783 3546 γενήσεται

204 3554 375 3617 actito
403 3567 495 3617 καὶ
525 3565 603 3628 εἰς
629 3568 720 3617 τὸν
753 3567 1092 3634 ἀποθέμενον
1120 3569 1218 3638 τὴν
1267 3570 1418 3638 ἱερὰν
1465 3571 1658 3641 στολὴν
1692 3572 1787 3622 καὶ

210 3660 697 3726 στρατευσάμενον
724 3659 757 3730 ἢ
795 3659 889 3712 καὶ
916 3660 1022 3730 πρὸ
1048 3662 1428 3732 παραγγελίας
1453 3664 1788 3717 ἀπεντεῦθεν

1893 3311 2086 3351 nonem
2114 3294 2182 3347 85
2227 3295 2665 3363 interpretantes,
2697 3305 2762 3344 ex
2792 3303 2858 3343 eo
2891 3287 3008 3354 ipso
3048 3289 3298 3342 duximus
3328 3303 3450 3342 eum

1893 3407 2000 3446 non
2031 3390 2224 3458 deponi
2260 3389 2348 3457 qui
2379 3386 2590 3455 publica
2632 3384 2933 3440 ministeria
2969 3385 3171 3445 obibat,
3209 3383 3301 3436 sed
3332 3392 3456 3450 post

1892 3481 2816 3550 denuntiationem:iuterrogaverit
2857 3482 3144 3549 quispiam,
3172 3483 3330 3535 lietne
3353 3481 3455 3535 hoc

1892 3577 2050 3630 etiam
2074 3575 2128 3627 in
2149 3589 2268 3627 eum
2296 3573 2383 3639 qui
2415 3588 2627 3626 sacrum
2651 3573 2904 3626 amictum
2924 3571 3076 3625 exuit
3095 3581 3148 3624 et
3169 3571 3452 3624 militavit:

1895 3681 1960 3719 an
1989 3665 2152 3718 etiam
2198 3673 2323 3717 ante
2357 3663 2814 3736 denuntiationem
2861 3669 2946 3715 est
2983 3676 3049 3716 ex
3077 3676 3142 3716 eo
3181 3661 3300 3731 ipso
3325 3677 3457 3716 ana-

1466 3825 1653 3887 Guill.
1693 3823 2010 3902 Beveregii
2054 3831 2241 3884 nota).

284 3965 400 4034 (09)
448 3964 802 4037 Εὐρίσκοιτο
848 3965 1142 4037 πρότερον
1186 3966 1307 4020 ὑπὸ
1352 3968 1594 4037 βαθμον
1619 3985 1774 4022 τινα.

209 4040 504 4106 Ατικιεηιιε
535 4036 620 4086 hic
651 4049 677 4085 a
709 4049 838 4088 vero
867 4035 1094 4106 canonis
1118 4037 1279 4106 lmjus
1311 4035 1485 4093 sensu
1505 4049 1617 4092 toto
1641 4043 1778 4092 caelo

209 4118 384 4160 errat.
420 4104 615 4157 Vocem
644 4106 786 4157 enim
819 4104 1239 4172 ἀπολελυμένως
1258 4109 1308 4159 in
1331 4125 1558 4169 canone.
1580 4109 1782 4162 ἀπολύ-

208 4197 324 4238 τως
359 4179 410 4229 in
446 4176 683 4239 epitome
711 4175 782 4227 ita
820 4175 1229 4238 interpretatur,
1263 4193 1324 4231 ac
1356 4181 1401 4233 si
1445 4180 1530 4232 hic
1560 4189 1778 4232 cautum

211 4258 386 4305 esset,
417 4260 482 4296 ne
511 4246 634 4313 quis
665 4245 717 4296 in
751 4245 1074 4315 presbyteri,
1110 4247 1349 4313 diaconi,
1377 4259 1470 4302 aut
1501 4249 1607 4301 alio
1641 4265 1776 4315 quo-

211 4321 298 4370 vis
360 4316 569 4388 ordine_
592 4315 971 4388 ecclesiastico
1026 4316 1326 4388 ordinetur,
1368 4320 1469 4372 nisi
1523 4320 1572 4371 in
1611 4323 1778 4388 gradu

212 4390 402 4456 aliqua
459 4385 830 4458 ecclesiastico
869 4387 1017 4458 prius
1045 4387 1209 4458 fuerit
1236 4404 1250 4451 ;
1281 4402 1344 4458 ac
1389 4389 1434 4443 si
1469 4385 1633 4442 nemo
1659 4405 1780 4458 pre-

213 4462 426 4528 sbyter,
456 4465 550 4528 aut
584 4457 860 4528 diaconus
888 4456 1005 4528 εἰει,
1037 4457 1254 4528 nisiqui
1293 4457 1462 4513 lector
1487 4456 1781 4524 prius,‘aut

1890 3969 2104 4038 μένους,
2130 3968 2223 4019 καὶ
2251 3967 2483 4021 ἄκοντας
2515 3966 2668 4038 πρὸς*
2683 3967 2744 4038 το
2768 3967 3039 4038 πρότερον
3067 3967 3451 4038 ἀποκαθίστα-

1889 4035 2013 4090 σθαι
2042 4046 2226 4107 σχῆμα
2255 4038 2589 4090 κελεύουσιν.
2635 4035 2708 4089 De
2724 4036 2820 4089 hoc
2847 4046 2897 4089 et
2921 4035 3136 4090 Novella
3166 4037 3269 4091 125
3289 4037 3457 4093 lusti-

1888 4111 2053 4161 niani.
2094 4109 2230 4160 Dicit
2261 4111 2420 4162 enim.
2465 4123 2610 4161 nemo
2641 4107 2951 4160 clericatum
2978 4122 3130 4159 suum
3158 4107 3454 4176 relinquens

1887 4180 2159 4232 stucularis
2211 4178 2324 4245 ﬁat.
2382 4176 2525 4230 Nam
2559 4187 2606 4230 et
2654 4176 2911 4242 dignitate
2963 4177 3238 4237 militiave,
3293 4193 3452 4245 quam

1887 4250 2105 4316 adeptus
2129 4258 2226 4308 est,
2265 4251 2549 4300 nudabitur
2579 4267 2591 4300 :
2621 4258 2669 4299 et
2718 4248 2988 4312 municipii
3006 4248 3103 4316 sui
3139 4247 3302 4300 curia:
3341 4259 3455 4300 tra-

1889 4321 2062 4372 detur.
2098 4318 2230 4371 Item
2268 4319 2470 4370 nouella
2500 4318 2530 4368 7
2565 4327 2619 4372 et
2659 4316 2712 4369 8.
2755 4316 2965 4369 Domini
2993 4315 3204 4376 Leonis,
3233 4318 3452 4370 clericos

1887 4400 2042 4456 atque
2093 4391 2398 4452 monachos,
2458 4389 2546 4458 qui
2614 4387 2849 4458 habitum
2911 4396 3202 4449 ntutarunt,
3237 4397 3282 4437 et
3330 4387 3454 4439 laici

1894 4459 2026 4527 facti
2079 4468 2222 4520 sunt,
2282 4460 2441 4510 etiam
2471 4456 2694 4527 invitos
2728 4456 2933 4527 Itabitui
2995 4458 3217 4523 pristino
3247 4459 3453 4508 restitui

212 4524 417 4583 cautor
458 4524 642 4596 fuerit.
696 4526 834 4580 Cum
884 4525 1073 4579 Patres
1104 4524 1238 4580 nihil
1271 4529 1416 4583 aliud
1441 4531 1543 4583 hoc
1572 4543 1783 4583 canone
1815 4541 1857 4596 ι)
1885 4524 2217 4593 praecipiunt.
2273 4527 2442 4581 Verba
2500 4526 2792 4581 Iustiniani
2846 4526 3076 4581 Novella:
3128 4527 3214 4579 hic
3261 4528 3440 4580 citata:

213 4594 629 4658 constituerint,
662 4612 823 4663 quam
875 4597 1146 4649 neminem
1179 4599 1298 4652 sine
1327 4609 1477 4654 certo
1509 4599 1669 4652 titulo
1696 4615 1787 4654 or-

212 4671 520 4722 dinandum
545 4681 686 4729 esse,
726 4667 828 4720 nisi
854 4677 1061 4737 certum
1089 4667 1350 4722 nimirum
1390 4670 1560 4723 locum
1596 4669 1787 4724 eodem

215 4752 470 4802 tempore
523 4737 854 4803 assignatum
902 4736 1114 4802 habeat,
1145 4753 1256 4806 quo
1312 4739 1635 4794 muneribus
1689 4739 1791 4794 sibi

211 4807 557 4865 concreditis
591 4806 865 4872 fungatur,
903 4817 961 4858 ut
985 4815 1109 4861 ante
1135 4819 1414 4863 ostensum
1439 4818 1544 4862 est.

289 4881 370 4945 (i)
424 4878 581 4949 Τοὺς
615 4876 778 4942 ἅπαξ
810 4875 1113 4949 ἐνᾲκλῄρῳ
1160 4879 1559 4949 τεταγμένους
1600 4879 1638 4946 ἣ
1683 4898 1791 4949 μο.

211 4949 477 5012 ναστάς.
542 4946 930 5011 ilarmenopuli
973 4947 1224 5013 Epitome
1274 4946 1429 5011 huius
1461 4946 1792 5004 cattouis'sie

213 5037 278 5078 se
320 5019 502 5075 habet.
533 5016 933 5091 aginpaieslqﬁ
965 5019 1223 5091 μονάσας,
1256 5020 1304 5071 εί
1325 5021 1416 5073 ἐπὶ
1434 5021 1723 5091 στρατείαν
1755 5021 1787 5091 ἢ

214 5091 507 5157 κοσμικὴν
539 5087 699 5152 ἀξίαν
731 5087 895 5158 ἔλθοι,
925 5089 1020 5139 καὶ
1055 5088 1130 5158 μὴ
1165 5087 1546 5157 μεταμέλοιτο.
1595 5087 1790 5142 ἀναθεὲ

218 5159 565 5232 ματιζέσθω.
621 5158 723 5222 Qui
760 5157 980 5232 clericus
1008 5157 1431 5232 aut’monachus
1485 5162 1658 5229 factus
1685 5171 1784 5222 est,

216 5228 268 5287 si
306 5231 376 5281 ad
406 5229 652 5282 militiam
676 5239 768 5280 aut
796 5228 1112 5297 dignitatem
1141 5231 1464 5282 mundanam
1487 5228 1786 5293 accesserit,

217 5320 312 5356 nec
350 5300 708 5367 pwnitentiam
736 5301 922 5366 egerit,
960 5297 1287 5352 anathemati
1315 5302 1614 5367 subjicitor.
1654 5301 1791 5354 Har-

219 5390 370 5424 u-eu.
404 5371 722 5440 epist.ican.
756 5380 893 5422 sect.
932 5368 986 5429 5,
1027 5368 1110 5440 tit.
1147 5371 1202 5440 2.
1229 5370 1282 5422 lu
1313 5386 1474 5438 quam
1507 5372 1786 5440 Epitomen

218 5440 554 5496 Si-ttoliastes
573 5439 881 5512 haec_notat,
914 5439 1058 5512 napi:
1076 5437 1269 5512 τουτου
1296 5437 1396 5512 καὶ
1424 5437 1563 5512 ρκγ”
1599 5441 1787 5512 Νεαρὰ

217 5512 316 5565 τοῦ
336 5510 738 5562 Ἰουστινιανοῦ.
756 5515 888 5577 φησὶ
905 5509 1245 5579 γὰρ-Μηδεὶς
1258 5511 1348 5562 τὸν
1365 5509 1565 5563 οἰκεῖον
1586 5511 1787 5579 κλῆρον

216 5585 350 5641 ἐῶν,
374 5579 890 5652 γινέσθωκοσμικός
917 5597 930 5610 ’
954 5581 1076 5652 ἐπεὶ
1097 5581 1190 5632 καὶ
1212 5580 1787 5652 τῆςᾉπροσγενομένης

219 5652 377 5717 αὑτῷ
407 5651 562 5714 ἀξίας
593 5651 624 5720 ἢ
665 5651 963 5722 στρατείας
1007 5650 1564 5722 ἀπογυμνωθήσεται.
1598 5652 1690 5702 καὶ
1718 5655 1782 5722 τῇ

222 5725 395 5791 βουλῇ
432 5723 528 5789 τῆς
575 5721 815 5791 οἰκείαςᾷ
848 5721 1240 5787 ἀποδοθήσεται
1278 5721 1504 5784 adium.
1537 5722 1647 5775 Kal.
1676 5724 1707 5789 ἡ
1741 5721 1785 5783 ζ’

217 5789 322 5848 καὶ
351 5794 384 5861 ή
416 5791 466 5859 η’
511 5792 699 5860 Νεαρὰ
724 5789 819 5842 τοῦ
850 5792 1040 5858 κυρίου
1062 5791 1311 5856 Λέοντος,
1332 5794 1458 5854 τοὺς
1485 5793 1782 5863 κληρικοῦς

228 5864 507 5934 μοναχοὺς
565 5863 1179 5932 μετασχηματισθέντας
1233 5868 1327 5916 καὶ
1367 5863 1587 5926 λαῐκοὺς
1625 5881 1780 5931 γενος

1897 4612 2026 4654 sunt
2054 4603 2185 4659 haec,
2237 4599 2298 4652 Si
2327 4599 2610 4651 monachus
2648 4598 2915 4666 reliquerit
2965 4599 3366 4658 monasterium,
3404 4606 3453 4649 et

1894 4671 1962 4720 ad
1988 4669 2292 4723 stecularem
2334 4669 2492 4720 vitam
2524 4669 2842 4736 migraverit,
2873 4667 3009 4719 hunc
3059 4668 3252 4718 militia
3283 4677 3330 4719 et
3359 4667 3453 4718 ho-

1894 4755 2040 4803 nore,
2074 4743 2117 4792 si
2161 4755 2314 4806 quem
2347 4738 2521 4799 habet,
2555 4737 2703 4806 prius
2764 4737 3073 4804 spoliatum,
3108 4738 3172 4787 ab
3207 4738 3453 4803 episcopo

1893 4809 2126 4862 locorum
2153 4821 2199 4860 et
2230 4809 2511 4875 provinciae
2557 4808 2736 4876 judice
2774 4809 2832 4860 in
2880 4808 3260 4859 monasterium
3289 4807 3448 4858 mitti.

1889 4877 2089 4933 Justin.
2125 4879 2312 4934 Novel.
2348 4878 2470 4941 125,
2498 4894 2618 4946 cap.
2651 4877 2816 4937 42,6t
2853 4877 3072 4946 Basilici.
3098 4877 3134 4929 Ι.
3174 4892 3247 4935 tv,
3278 4878 3361 4929 tit.
3395 4877 3448 4936 Ι,

1892 4964 2013 5018 cap.
2046 4951 2134 5004 H.
2177 4949 2285 5001 Leo
2322 4948 2373 5000 in
2407 4947 2633 5016 septima
2672 4947 2843 5012 ipsius
2875 4945 3091 5000 Novella
3149 4947 3361 5006 statuit,
3390 4955 3447 4997 ut

1889 5027 2184 5089 quicunque
2233 5020 2542 5071 clericorum
2570 5018 2808 5089 habitum
2860 5031 3068 5070 mutare
3106 5019 3449 5082 profanorum

1892 5092 2070 5144 habitu
2117 5089 2348 5157 improbe
2395 5089 2707 5147 instituerit,
2736 5088 2802 5146 is,
2840 5090 3249 5156 quotiescunque
3301 5097 3449 5157 actus

1891 5161 2058 5229 fuertt
2111 5161 2164 5211 in
2193 5155 2492 5212 istiusmodi
2522 5159 2836 5220 vecordiam,
2871 5159 3157 5229 secundum
3179 5155 3449 5229 ecclesia-

1890 5227 2076 5283 sticum
2117 5230 2403 5286 decretum,
2438 5229 2768 5296 quantumvis
2822 5229 3010 5281 invitus
3054 5228 3110 5279 in
3141 5227 3446 5280 clericorum

1889 5302 2126 5353 habitum
2187 5300 2516 5352 restituatur.
2567 5298 2732 5351 Leon.
2798 5297 2980 5351 Novel.
3049 5297 3100 5351 7.
3149 5296 3207 5350 In-
3256 5306 3444 5348 octava

1889 5380 2066 5424 autem
2115 5371 2246 5424 dicit
2277 5409 2290 5431 ,
2352 5367 2703 5436 Nequaquam
2739 5384 2855 5418 vero
2909 5368 2961 5419 id
3011 5372 3160 5421 nobis
3212 5383 3322 5420 esse
3363 5365 3446 5432 fas

1886 5441 2110 5504 videtur,
2142 5455 2302 5509 neque
2328 5441 2494 5506 quiin
2517 5439 2707 5509 divina:
2733 5438 2938 5509 militue
2957 5439 3179 5506 legiones
3211 5448 3446 5509 receptus

1885 5514 1976 5575 sit;
2006 5510 2144 5564 hunc
2200 5506 2256 5562 in
2296 5510 2577 5562 mundanis
2618 5508 2816 5561 militiis
2863 5508 3030 5573 placet
3063 5509 3342 5560 collocari.
3379 5506 3446 5556 At

1884 5592 2070 5634 contra
2121 5579 2259 5652 quod
2300 5579 2657 5652 ecclesiastico
2709 5578 2885 5652 ordini
2928 5579 3210 5652 observari
3265 5578 3448 5652 debere

1885 5653 2050 5704 visum
2107 5648 2206 5714 est,
2263 5661 2319 5702 ut
2367 5651 2415 5701 si
2475 5651 2592 5719 quis
2650 5651 2842 5715 stupius
2891 5650 3049 5700 vitam
3095 5648 3445 5700 monasticam

1885 5731 2197 5783 aspernatus
2223 5730 2460 5785 vagetur,
2494 5720 2616 5772 huic
2643 5721 2923 5787 profanum
2952 5719 3192 5770 habitum
3225 5719 3451 5783 recipere

1885 5809 1986 5845 non
2030 5794 2368 5853 concedatur,
2395 5791 2448 5843 id
2483 5806 2575 5859 per
2629 5789 2792 5860 legem
2836 5789 3003 5842 etiam
3047 5805 3138 5842 nos
3175 5788 3448 5858 jubemus.

1887 5862 2052 5917 Lcou.
2081 5863 2212 5917 Νυν.
2241 5863 2293 5915 8.
