4238 6464
209 469 315 525 413

1263 468 1341 526 ΙΝ
1383 467 1547 526 CAN.
1592 468 1735 527 VIII
1791 468 1996 530 CONC.
2036 471 2395 534 CllALCED.

3325 474 3425 535 4-H

211 580 323 644 στῷ
379 576 618 645 δευτέρῳ
669 578 947 645 κεφαλαίῳ
999 575 1092 628 τοῦ
1156 577 1372 644 πρώτου
1423 578 1606 630 τίτλου
1671 577 1764 629 τοῦ
1798 583 1851 640 Α,

1823 576 2086 640 ι,ΒτιεῖΙίο.
2123 583 2313 646 posita,
2353 590 2404 633 et
2447 582 2695 649 praesenti
2745 584 2934 636 canoni
2986 593 3037 637 et
3083 583 3166 635 isti
3199 582 3426 634 Novi-lla:

207 671 466 737 τετάρτου
532 670 737 738 βιϐλίου
805 670 910 720 τῶν
971 669 1280 721 Βασιλικῶν
1336 670 1610 738 κειμένη,
1677 671 1770 721 καὶ

206 764 287 829 τῷ
341 762 570 832 παρόντι
622 761 806 815 κανόνι
868 761 962 814 καὶ
1022 764 1089 832 τῇ
1151 759 1340 831 Νεαρᾷ
1395 761 1566 832 ταύτῃ
1624 763 1772 814 ἐναν-

208 855 437 908 τιοῦται.

806 945 1042 999 ΚΑΝΩΝ
1096 947 1179 999 Η’.

212 1040 273 1086 0i
307 1037 581 1100 κληρωτοὶ
611 1035 727 1089 τῶν
750 1036 1054 1103 πτωχείων
1083 1036 1181 1088 καὶ
1229 1038 1652 1102 μοναστηρίων
1676 1035 1769 1088 καὶ

273 1145 508 1194 μαρτιορ
523 1132 616 1179 ’ων
642 1129 762 1182 ὑπὸ
809 1130 922 1192 τὴν
959 1128 1246 1188 ἐξουσίαν
1284 1125 1402 1179 τῶν
1440 1128 1508 1181 ἑν
1545 1127 1769 1195 ἑκάστῃ

281 1219 454 1268 πόλει
505 1218 848 1269 ἐπισκόπων
876 1217 1022 1270 κατὰ
1052 1216 1183 1282 τὴν-
1205 1215 1324 1267 τῶν
1359 1216 1542 1279 ἁγίων
1588 1215 1770 1268 Πατέ-

273 1329 402 1374 [ων
449 1311 787 1376 παράδοσιν
829 1310 1292 1378 διαμενέτωσαν,
1349 1309 1447 1360 καὶ
1492 1308 1576 1376 μὴ
1624 1309 1771 1361 κατὰ

279 1404 606 1456 αὐθάδειαν
631 1403 1052 1470 ἀφηνιὰτωσαν
1099 1409 1202 1478 τοῦ
1228 1407 1381 1460 ἰδίου
1411 1408 1766 1459 ἐπισκόπου.

286 1498 350 1546 Οἱ
403 1494 471 1546 δὲ
523 1496 860 1562 τολμῶντες
911 1497 1267 1563 ἀνατρέπειν
1319 1498 1435 1558 τὴν
1491 1499 1772 1556 τοιαύτην

279 1589 668 1649 διατύπωσιν.
721 1593 773 1642 εὶ
815 1592 931 1659 μὲν
977 1588 1099 1645 εἶεν
1161 1591 1449 1659 κληρικοι,
1484 1592 1606 1655 τοῖς
1652 1590 1771 1644 τῶν

280 1683 554 1735 κανόνων
604 1685 1064 1736 ὑποκείσθωσαν
1097 1685 1410 1751 ἐπιτιμίοις
1437 1700 1449 1712 ·
1487 1687 1536 1737 εἰ
1576 1684 1643 1736 δὲ
1667 1702 1772 1753 μο-

280 1775 558 1838 νάζοντες
594 1777 632 1841 ἦ
665 1778 882 1834 λαϊκοὶ.
917 1777 1192 1829 ἔστωσαν
1219 1777 1627 1842 ἀκοινώνητοι.

283 1869 480 1922 ΒΛΔΣ.
519 1869 605 1929 Ὠς
631 1869 826 1933 ἔοικεν,
861 1869 1045 1937 ἔλεγόν
1073 1871 1202 1923 ποτέ
1226 1888 1368 1931 τινες
1402 1871 1594 1939 μόνους
1645 1870 1772 1928 τοὺς

209 1960 509 2028 κληρικοὺς
542 1961 638 2028 τῆς
671 1963 976 2030 ἐπισκοπῆς
1005 1963 1037 2032 ἢ
1066 1964 1162 2031 τῆς
1223 1964 1606 2032 μητροπόλεως
1641 1963 1771 2016 ὑπο-

210 2051 429 2102 κεῖσθαι
454 2051 532 2118 τῷ
559 2052 697 2105 κατὰ
727 2054 911 2122 χώραν
936 2054 1240 2121 ἑπισκόπω
1263 2055 1388 2117 τοὺς
1417 2055 1472 2106 δὲ
1505 2055 1770 2121 μοναχοὺς

208 2139 244 2208 ἦ
281 2141 377 2191 καὶ
434 2143 560 2202 τοὺς
600 2141 893 2210 κληρικοὺς
919 2142 1020 2210 τῆς
1049 2145 1107 2195 ἐν
1140 2144 1253 2205 τοῖς
1298 2144 1770 2212 ὀρφανοτροφεὶοις

209 2233 306 2282 καὶ
337 2233 723 2300 γηροκομείοις
775 2234 934 2286 θείων
963 2236 1107 2286 ναῶν
1142 2234 1173 2303 ἢ
1204 2234 1299 2287 καὶ
1328 2234 1436 2286 τῶν
1467 2233 1771 2302 ἐκκλησιῶν

208 2322 320 2372 τῶν
357 2323 672 2391 μαρτυρίων
721 2317 795 2393 μῆ
832 2325 1154 2377 ὑποκεῖσθαι
1206 2325 1285 2394 τῷ
1335 2327 1635 2396 ὲπισκόπῳ.
1670 2325 1772 2379 κᾶν

210 2415 320 2466 ὑπὸ
365 2416 465 2484 τὴν
500 2416 712 2483 ὲνορίαν
743 2417 932 2469 τούτου
983 2411 1136 2479 ὦσιν,
1167 2419 1302 2494 ἀλλὰ
1333 2418 1425 2470 καὶ
1465 2422 1575 2480 τοῖς
1604 2419 1774 2486 δομή-

208 2525 370 2574 τορσι
403 2509 507 2559 τῶν
541 2509 914 2578 μοναστηρεων
941 2511 1037 2563 καὶ
1080 2511 1189 2563 τῶν
1224 2511 1446 2563 λοιπῶν.
1489 2510 1594 2563 Τὸν
1643 2509 1774 2575 γοῦν

207 2601 457 2652 τοιοῦτον
489 2601 842 2653 ἁκανόνιστον
873 2601 1051 2654 αὐτῶν
1077 2603 1232 2668 λόγον
1264 2603 1312 2654 οἱ
1345 2603 1477 2655 θεῖοι
1531 2603 1775 2672 Πατέρες

208 2689 735 2757 ἀποσκευαζόμενοι,
784 2690 990 2762 ὥρισαν
1048 2692 1254 2754 πάντας
1281 2693 1508 2754 τούτους
1543 2694 1645 2745 ὑπὸ
1677 2694 1775 2760 τὴν

209 2781 465 2845 ἐξουσίαν
499 2779 636 2833 εἶναι
666 2781 761 2834 τοῦ
795 2781 934 2834 κατὰ
961 2781 1144 2851 χώραν
1171 2783 1471 2836 ἐπισκόπου
1503 2784 1643 2837 κατὰ
1677 2784 1775 2853 τὴν

209 2875 344 2941 περὶ
371 2873 561 2924 τούτου
616 2871 726 2924 τῶν
771 2874 942 2939 ἁγίων
973 2875 1231 2943 Πατέρων
1260 2875 1558 2944 παράδοσιν
1586 2891 1599 2904 ·
1651 2876 1776 2936 τοὺς

208 2958 270 3008 δὲ
306 2958 624 3025 τολμῶντας
656 2960 985 3029 ἀνατρέπειν
1009 2960 1185 3025 τοῦτο,
1215 2963 1382 3031 ἤγουν
1418 2963 1668 3026 Θέλοντας
1701 2965 1773 3032 μὴ

211 3050 539 3102 ὑποκεῖσθαι
590 3051 786 3114 αὐτοὺς
828 3053 906 3121 τῷ
959 3055 1281 3122 ὲπισκόπῳ·
1330 3057 1624 3123 κληρικοὺς
1678 3058 1777 3125 μὲν

208 3138 393 3200 δντας,
443 3139 804 3206 ἐπιτιμᾶσθαι
843 3141 996 3209 παρὰ
1041 3142 1133 3194 τοῦ
1178 3144 1478 3195 ἐπισκόπου
1528 3145 1667 3197 κατά
1719 3147 1777 3197 τὸ

1876 671 2204 726 adversatur.

2462 946 2686 1002 CANON
2721 946 2856 1002 VIII.

1877 1033 2064 1087 Clerici
2081 1036 2611 1102 ptochotrophiorum,
2641 1038 3100 1099 monasteriorum,
3130 1051 3175 1091 et
3214 1043 3429 1109 templo-

1948 1143 2064 1178 rum
2114 1138 2423 1192 niartyrum,
2475 1129 2568 1180 sub
2626 1140 2874 1195 potestate
2920 1133 3292 1197 episconorum,
3342 1134 3430 1200 qui

1945 1230 2066 1270 sunt
2101 1219 2153 1270 in
2189 1237 2494 1290 unaquaque
2522 1223 2752 1284 civitate,
2783 1241 2845 1276 ea:
2871 1235 3168 1276 sanctorum
3211 1223 3428 1277 Patrum

1950 1314 2230 1364 traditione
2259 1323 2617 1379 permaneant,
2652 1325 2698 1365 et
2729 1330 2828 1365 non
2866 1331 2951 1380 per
2983 1316 3335 1382 arrogantiam
3376 1333 3430 1368 se

1946 1425 1974 1457 a
2021 1409 2232 1474 proprio
2274 1411 2509 1473 episcopo
2577 1408 2889 1459 subducant.
2943 1406 3043 1471 Qui
3084 1409 3216 1460 hunc
3259 1420 3426 1459 autem

1949 1501 2370 1552 constitutionem
2405 1514 2625 1553 evertere
2667 1502 2782 1551 ausi
2813 1501 3006 1566 fuerint

1944 1593 2057 1644 dem
2085 1592 2275 1653 clerici,
2305 1609 2560 1644 canonum
2591 1594 2751 1656 paruis
2775 1593 3120 1658 subjiciuntur
3148 1610 3167 1645 :
3199 1595 3428 1644 siautem

1947 1681 2188 1733 monachi
2215 1681 2292 1734 vel
2325 1681 2465 1742 laici,
2498 1682 2600 1733 sint
2632 1683 3081 1734 excommunicati.

3047 1515 3063 1552 .°
3098 1503 3142 1552 si
3173 1504 3273 1551 sint
3313 1502 3428 1567 qui-

1925 1861 2139 1927 ‘B.\LS.
2195 1873 2261 1929 Ut
2314 1885 2396 1928 est
2455 1876 2785 1941 verisimile,
2840 1877 3088 1930 dicebant
3139 1878 3428 1944 aliquando

1872 1967 2131 2026 nonnulli,
2166 1967 2305 2019 solos
2342 1968 2687 2035 episcopatus
2726 1968 2811 2021 vel
2846 1969 3157 2035 metropolis
3189 1969 3418 2020 clericos

1871 2057 2103 2123 regionis
2151 2058 2401 2125 episcopo
2454 2058 2642 2123 subjici
2695 2076 2709 2112 :
2768 2060 3062 2114 monachos
3107 2071 3279 2112 autem
3341 2063 3428 2110 Vel

1871 2153 2031 2203 etiam
2063 2149 2288 2203 clericos
2320 2150 2622 2203 divinorum
2667 2147 2986 2219 templorum
3013 2192 3025 2213 ,
3062 2167 3178 2218 qure
3213 2161 3334 2203 sunt
3375 2155 3428 2202 in

1875 2238 2348 2308 orphanotrophiis
2377 2240 2458 2294 vel
2492 2240 2653 2293 etiam
2682 2242 3027 2308 gerocomiis,
3055 2243 3137 2293 vel
3173 2243 3330 2293 etiam
3375 2243 3428 2293 in

1873 2331 2252 2400 martyriorum
2276 2331 2540 2393 ecclesiis,
2568 2333 2821 2402 episcopo
2852 2349 2952 2385 non
2983 2334 3193 2400 subjici,
3220 2333 3429 2385 etiamsi

1875 2418 1984 2473 sint
2015 2420 2065 2471 in
2100 2419 2213 2487 ejus
2242 2420 2483 2485 dimcesi,
2518 2421 2610 2474 sed
2645 2421 2721 2474 eis
2751 2423 2839 2491 qui
2870 2424 3193 2476 monasteria
3226 2433 3279 2476 et
3309 2422 3434 2473 reli-

1874 2527 1975 2579 qua
2009 2511 2359 2564 aediﬁcarunt.
2387 2511 2534 2564 Hanc
2561 2524 2690 2580 ergo
2717 2513 3011 2565 canonihus
3045 2523 3424 2579 repugnantem

1874 2617 2056 2656 eorum
2102 2603 2399 2654 orationem
2436 2601 2608 2654 divini
2645 2599 2831 2654 Patres
2867 2601 3189 2669 rejicicntes,
3232 2611 3434 2652 statue-

1875 2703 2004 2746 runt
2037 2707 2129 2746 eos
2158 2707 2345 2744 omnes
2375 2706 2492 2745 esse
2524 2692 2576 2744 in
2604 2700 2871 2759 potestate
2902 2693 3137 2758 episcopi
3176 2692 3431 2757 regionis,

1876 2781 2171 2834 secundum
2209 2789 2516 2832 sanctorum
2571 2778 2790 2831 Patrum
2838 2780 2902 2832 de
2936 2795 2999 2832 eo
3036 2779 3376 2833 traditionem
3419 2799 3430 2830 :

1879 2872 2033 2940 121
2080 2886 2172 2925 eos
2195 2881 2372 2925 autem
2403 2871 2491 2938 qui
2527 2871 2626 2925 hoc
2665 2881 2907 2926 evertere
2941 2873 3193 2933 audeant,
3224 2871 3306 2925 vel
3338 2888 3425 2925 no-

1875 2961 1976 3014 lint
2033 2961 2282 3029 episcopo
2330 2963 2559 3028 subjici;
2609 2963 2655 3015 si
2706 2964 2811 3016 sint
2860 2963 3074 3030 quidem
3122 2964 3321 3021 clerici,
3370 2965 3436 3016 ab

1877 3052 2126 3117 episcopo
2173 3052 2375 3116 puniri,
2423 3060 2580 3119 prout
2622 3052 2670 3105 ei
2718 3052 2888 3104 visum
2922 3050 3085 3104 fuerit
3122 3071 3135 3103 :
3177 3055 3219 3105 si
3257 3063 3433 3104 autem

1882 3143 2125 3194 monachi
2173 3143 2252 3193 vel
2301 3142 2422 3195 laici
2473 3145 2601 3205 sint,
2636 3144 3130 3197 excommunicatos
3176 3157 3295 3196 esse
3339 3158 3430 3194 seu

207 3229 406 3303 ῥοκοῦν
456 3229 628 3297 αὐτῷ,
679 3230 1009 3298 μονάζοντας
1035 3232 1149 3302 δὲῆ
1186 3233 1426 3296 λαῖκοὺς,
1475 3237 1772 3303 ἀκοινωνή-
1799 3255 1846 3319 C

1823 3255 1846 3319 1
1881 3244 2211 3301 segregatos.
2239 3233 2494 3286 Ptocheia
2527 3249 2653 3286 vero
2679 3235 2928 3286 dicuntur
2954 3235 3130 3286 omnia
3164 3249 3281 3301 qua:
3311 3243 3434 3286 sttnt

205 3341 340 3385 τους
371 3319 531 3384 εἶναι,
562 3325 733 3392 ἤγουν
760 3326 1196 3392 ἀφωρισμένως.
1231 3327 1475 3393 Πτιοχεία
1505 3327 1560 3377 δὲ
1591 3326 1774 3393 λέγον-

208 3431 304 3466 ται
358 3414 532 3466 πάντα
579 3415 646 3466 τά
699 3415 780 3475 εἰς
830 3415 1064 3482 πτωχῶν
1097 3415 1352 3484 πρόνοιαν
1387 3418 1769 3485 ἀφορισθέντα.

211 3507 281 3557 ΟΞ
324 3504 455 3572 γοῦν
490 3507 729 3574 σήμερον
772 3505 1022 3572 λέγοντες
1084 3507 1309 3576 μοναχοὶ
1337 3507 1366 3574 ῆ
1398 3508 1649 3576 κληρικοὶ
1700 3507 1773 3576 μὴ

210 3597 539 3650 ὑποκεῖσθαι
571 3597 649 3664 τῷ
681 3597 993 3667 πατριάρχῃ
1027 3597 1055 3665 ἦ
1089 3598 1166 3665 τῷ
1193 3600 1440 3668 ἐγχωρίῳ
1471 3601 1769 3667 ἑπισκὸπῳ,

205 3689 286 3750 ὡς
333 3689 444 3740 ἀπὸ
493 3688 786 3758 ἐλευθέρας
840 3689 1008 3759 μονῆς
1053 3691 1408 3760 ῆὲκκλησίας
1439 3692 1608 3755 ὄντες,
1643 3709 1776 3761 προ-

208 3779 534 3847 ϐαλλόμενοι
562 3779 720 3847 δῆθεν
748 3779 843 3832 καὶ
886 3782 1231 3849 κτητορικῶν
1275 3781 1518 3833 τυπικῶν
1550 3782 1772 3849 διατάγ-

210 3886 386 3934 ματα,
414 3870 468 3920 τι
493 3869 624 3936 πρὸς
651 3870 822 3923 ταῦτα
845 3871 1273 3939 ἀπολογήσονται
1297 3889 1312 3937 ;
1356 3873 1577 3932 Πάντως
1600 3872 1771 3927 οὐδέν.

206 3962 334 4012 Κᾶν
370 3961 478 4026 γὰρ
508 3960 758 4028 δομήτωρ
792 3977 875 4021 τις
910 3961 1268 4026 μοναστηρίου
1301 3961 1331 4028 ἢ
1363 3959 1654 4029 ἐκκλησίας
1717 3963 1772 4012 ὲν

206 4050 428 4116 τυπικῷ
463 4050 494 4118 ἦ
549 4051 787 4115 διατάξει
818 4051 982 4104 αὑτοῦ
1015 4050 1321 4119 διορίσηται
1358 4050 1429 4117 μὴ
1459 4049 1771 4101 ὑποκεῖσθαι

205 4144 342 4202 τοὺς
399 4141 728 4210 μοναχοῦςῆ
773 4143 895 4202 τοὺς
930 4141 1226 4210 κληρικοίις
1271 4141 1475 4192 τούτων
1524 4140 1600 4209 τῷ
1636 4143 1773 4192 κατὰ

207 4233 402 4303 χώραν
456 4233 759 4301 ἐπισκόπῳ,
815 4234 912 4284 οὐκ
971 4233 1479 4300 εἰσακουσθήσεται,
1541 4233 1610 4293 ὡς
1663 4234 1774 4294 τοῖς

209 4324 383 4384 Οεξοις
418 4324 511 4374 καὶ
566 4323 728 4391 ἱεροῖς
753 4323 972 4374 κανόσιν
998 4323 1330 4382 ὑπεναντίως
1363 4322 1771 4390 διαταξάμενος,

208 4415 310 4467 καὶ
347 4415 693 4466 ἀνυπόστατα
725 4416 960 4483 γράψας.
994 4415 1124 4482 Περὶ
1169 4414 1226 4466 δὲ
1275 4413 1383 4465 τῶν
1424 4415 1778 4482 διαταττομέ-

207 4523 323 4561 νων
375 4507 527 4574 παρὰ
572 4506 681 4558 τῶν
729 4505 992 4575 βασιλέων
1037 4507 1193 4575 χάριν
1229 4505 1336 4557 τῶν
1376 4506 1526 4574 παρὰ
1572 4506 1776 4558 τούτων

206 4599 550 4666 κτιζομένων
596 4601 975 4668 μοναστηρὶων
1005 4599 1099 4650 καὶ
1138 4598 1444 4668 ἐκκλησιῶν
1477 4599 1630 4668 ζήτει
1675 4598 1774 4664 τῆς
1806 4615 1851 4667 ι)

215 4692 506 4760 παρούσης
535 4693 752 4744 συνόδου
783 4691 837 4756 ς’
863 4693 957 4746 καὶ
983 4690 1046 4753 ιζ’
1071 4693 1289 4744 κανόνα.

286 4784 531 4836 ΖΩΝΑΡ.
569 4785 780 4846 Πάντας
805 4789 928 4845 τοὺς
961 4786 1018 4835 ἐν
1049 4785 1168 4846 ταῖς
1205 4782 1522 4851 ἐκκλησίαις
1548 4782 1642 4836 καὶ
1677 4782 1775 4834 πό-

204 4879 331 4929 λεσι
382 4876 676 4944 κληρικοὺς
725 4875 815 4927 καὶ
863 4878 980 4938 ταῖς
1013 4873 1218 4927 τούτων
1247 4875 1480 4944 ὲνορίαις
1513 4873 1779 4942 μοναχοὺς

205 4971 262 5022 οἱ
294 4968 429 5020 θεῖοι
461 4967 681 5029 κανόνες
708 4969 815 5028 τοῖς
845 4966 1167 5028 ἐπισκόποις
1194 4965 1444 5017 ὑπείκειν
1471 4963 1776 5015 κελεύουσι.

205 5058 308 5111 Διὸ
335 5059 425 5108 καὶ
454 5058 482 5108 ὁ
515 5056 706 5122 παρὼν
737 5054 913 5108 κανὼν
943 5058 1067 5115 τοὺς
1107 5055 1216 5107 τῶν
1259 5055 1548 5123 πτωχείων
1593 5053 1779 5123 κληρι-

205 5152 344 5211 κοὺς
371 5149 449 5217 τῷ
476 5149 757 5220 ἐπισκόπῳ
781 5149 1034 5214 ὑπέταξε.
1067 5150 1312 5217 Πτωχεία
1341 5146 1398 5199 δέ
1449 5147 1555 5198 εἰσι
1607 5145 1675 5198 τὰ
1701 5145 1781 5204 εἰς

207 5242 448 5311 πτωχῶν
495 5241 852 5311 ἀφωρισμένα
907 5240 1180 5308 πρόνοιαν.
1243 5238 1336 5290 καὶ
1391 5237 1682 5305 διοίκησιν,
1715 5235 1782 5286 τά

209 5337 559 5403 γηροκομεῖα
585 5334 846 5402 δηλονότι,
866 5333 1320 5399 ὁριρανοτροφεῖα,
1340 5330 1432 5382 καὶ
1459 5329 1528 5380 τὰ
1554 5325 1779 5380 τοιαῦτα

1879 3323 2174 3389 designata,
2201 3332 2257 3373 ut
2290 3323 2550 3375 mendicis
2581 3324 2949 3390 provideatur.
2974 3323 3166 3377 Clerici
3194 3339 3320 3390 ergo
3354 3333 3432 3373 vei

1882 3413 2152 3471 monachi,
2186 3413 2273 3479 qui
2308 3413 2493 3465 dicunt
2523 3414 2681 3467 hodie
2712 3428 2768 3466 se
2793 3413 3110 3479 patriarcha:
3145 3415 3224 3466 vel
3258 3414 3433 3482 regio-

1880 3506 1966 3557 nis
1987 3505 2236 3571 episcopo
2260 3520 2362 3555 non
2385 3519 2504 3556 esse
2528 3505 2822 3571 subjectOS,
2849 3514 3100 3572 tauquam
3125 3506 3232 3558 sint
3260 3504 3445 3555 libcm

1823 3628 1831 3634 -
1881 3598 2176 3648 mansionis
2222 3596 2303 3648 vel
2347 3597 2606 3657 ecclesizc,
2656 3596 2991 3664 proferentes
3047 3597 3230 3662 utique
3276 3594 3436 3646 etiam

1881 3701 1909 3738 a
1954 3687 2332 3739 laudatoribus
2373 3686 2634 3739 factorum
2682 3695 3001 3738 statutorum
3045 3685 3435 3744 ordinationes,

1881 3776 2005 3846 quid
2031 3779 2094 3829 ad
2133 3777 2244 3828 lucc
2276 3777 2728 3845 respondebunt?
2763 3774 2997 3829 Omnino
3033 3775 3184 3828 nihil.
3219 3775 3435 3828 Etiamsi

1880 3871 2020 3922 enim
2049 3869 2169 3936 quis
2204 3869 2452 3921 fundator
2482 3867 2792 3922 monasterii
2837 3869 2914 3922 vel
2941 3869 3203 3932 coclesiae,
3235 3867 3288 3919 in
3320 3877 3431 3919 sta-

1883 3962 2010 4014 tutis
2030 3962 2158 4021 suis,
2187 3961 2264 4014 vel
2285 3961 2621 4013 ordinatione
2645 3974 2736 4012 sua
2765 3958 3086 4020 decreverit,
3115 3972 3217 4010 non
3242 3956 3433 4024 subjici

1881 4068 2062 4106 eorum
2091 4054 2380 4103 monachos
2404 4051 2483 4104 vel
2511 4052 2740 4104 clericos
2768 4050 3002 4119 regionis
3023 4050 3296 4118 episcopo,
3330 4065 3432 4103 non

1881 4144 2144 4206 audietur,
2173 4151 2229 4195 ut
2258 4145 2348 4211 qui
2376 4143 2573 4195 divinis
2599 4144 2874 4210 sacrisque
2903 4143 3199 4195 canonibus
3223 4150 3440 4195 contra-

1872 4236 1958 4287 ria
1992 4235 2260 4295 statuerit,
2300 4248 2354 4287 et
2382 4250 2501 4303 quae
2545 4244 2691 4288 stare
2723 4250 2827 4287 non
2864 4246 3105 4302 possunt,
3137 4234 3435 4301 scripserit.

1881 4326 1955 4381 De
1988 4328 2051 4381 iis
2077 4337 2256 4380 autem
2293 4343 2410 4393 qua:
2449 4328 2518 4380 ab
2550 4327 2713 4394 impp.
2744 4327 3084 4389 ordinantur,
3121 4337 3337 4393 propter
3378 4342 3438 4378 ea

1882 4434 1998 4486 qua:
2026 4433 2052 4469 a
2078 4433 2136 4471 se
2155 4428 2508 4472 exstruuntur
2530 4419 2857 4472 monasteria
2882 4429 2934 4471 et
2955 4416 3235 4481 ecclesias,
3259 4431 3439 4486 quer

1885 4511 2164 4578 praesentis
2196 4511 2386 4579 synodi
2429 4525 2551 4563 can.
2588 4509 2620 4563 6
2650 4519 2703 4563 et
2734 4510 2822 4563 17.

1955 4773 2203 4829 ZONAR.
2246 4774 2563 4843 Quicunque
2592 4773 2852 4828 ecclesias
2879 4773 2960 4828 vel
2996 4769 3175 4838 urbes,
3208 4771 3288 4823 vel
3320 4773 3438 4824 atti-

1885 4876 2073 4920 ueutes
2105 4866 2220 4919 urbi
2272 4865 2516 4934 regiones
2555 4865 2756 4927 clerici,
2806 4874 2899 4919 aut
2948 4863 3196 4918 monachi
3232 4861 3438 4926 colunt,

1885 4943 2261 5029 episcoporum
2293 4959 2600 5012 auctoritati
2642 4958 2870 5026 subjecti
2906 4972 3028 5011 esse
3058 4960 3271 5012 decreto
3305 4956 3443 5008 divi-

1886 5065 2078 5104 norum
2126 5066 2394 5106 canonum
2435 5066 2624 5107 omnes
2651 5053 2929 5120 jubentur.
2966 5052 3227 5118 Quocirca
3257 5060 3313 5104 et
3356 5052 3445 5104 hic

1880 5156 2054 5194 canon
2085 5142 2450 5209 ptocheiorum
2479 5144 2707 5199 clericos
2740 5145 2996 5213 episcopo
3023 5142 3263 5211 subjicit.
3306 5144 3443 5197 Sunt

1882 5247 2010 5287 vero
2055 5235 2298 5301 ptocheia
2335 5236 2530 5291 domus
2567 5251 2685 5304 qua:
2722 5237 3047 5306 pauperibus
3077 5234 3446 5289 sustentandis

1887 5326 2209 5380 curandisve
2238 5327 2514 5382 destinatae
2553 5338 2701 5382 sunt.
2747 5328 2930 5393 quales
2965 5343 3041 5382 ea:
3076 5326 3357 5390 videlicet,
3389 5325 3441 5379 in

1451 5464 1636 5525 Guill.
1665 5460 1988 5536 Beveregii
2022 5470 2206 5522 notae.

212 5607 392 5656 mute,
413 5599 518 5661 ipse
551 5597 684 5650 inter
714 5596 969 5663 ofﬁciales
999 5596 1282 5648 clarissimi
1317 5593 1598 5656 provincia:
1620 5591 1769 5655 judi—

205 5670 284 5719 cis
325 5676 605 5720 statuetur.
651 5667 858 5719 ethunc
893 5666 1097 5718 habebit
1150 5665 1454 5717 mutationis
1514 5664 1768 5728 fructum,

212 5747 270 5787 ut
299 5739 388 5802 qui
416 5753 622 5786 sacrum
657 5738 1008 5788 ministerium
1051 5736 1307 5796 despexit.
1346 5733 1626 5784 tribunalis
1663 5741 1771 5782 ter--

208 5810 322 5856 icui
355 5807 583 5857 observet
618 5808 903 5859 scrritiuut.
948 5804 1236 5857 Justinian.
1274 5804 1458 5855 Novcl.
1485 5803 1540 5867 ii,
1572 5817 1688 5864 cap.
1717 5803 1767 5851 li.

210 5877 337 5929 “LL'C
364 5878 505 5928 enim
536 5877 871 5939 constitutio,
903 5893 1006 5943 qua
1053 5876 1354 5928 monachus
1391 5872 1771 5923 monasterium

1871 5591 2131 5642 deserens
2191 5592 2330 5644 inter
2387 5591 2648 5646 ofﬁciales
2703 5591 2990 5654 statuitur,
3023 5599 3131 5643 tam
3183 5589 3442 5656 praesenti

1872 5661 2092 5722 cationi,
2139 5676 2294 5728 quam
2330 5661 2527 5718 Leonis
2561 5661 2815 5722 Novellm,
2846 5659 3118 5713 contraria
3159 5669 3261 5720 est,
3295 5661 3439 5724 quod

1873 5730 2162 5808 Aristi-nus
2218 5734 2282 5785 de
2330 5735 2723 5785 constitutione
2756 5747 2784 5782 a
2816 5747 2873 5783 se
2902 5745 2963 5783 ex
2993 5728 3240 5782 llasilicis
3271 5731 3436 5784 citata

1875 5808 2093 5853 asserit.
