4238 6464
808 422 915 487 415

2050 436 2327 497 THEOD.
2378 436 2774 501 BALSAMUN

3920 453 4031 516 416

806 552 943 604 quas
977 547 1067 589 aut
1096 539 1301 605 pupilli,
1333 550 1424 594 aut
1453 542 1542 596 alii
1570 554 1727 601 aetate
1755 548 2020 616 variisque
2045 553 2347 603 morborum
2391 549 2480 605 Ai

2391 549 2519 605 Ανὲν
2568 550 2644 617 οἵ,
2678 559 3011 621 καταπαοεῖς
3059 560 3371 614 ἀνάκεινται
3434 564 3523 615 καὶ
3558 565 3866 633 τρέφονται.
3903 570 4027 623 Ἵνα

806 630 1094 697 generibus
1120 630 1347 685 coniecti
1389 635 1635 691 homines
1669 639 1835 707 recipi
1882 652 1935 695 et
1958 643 2027 694 ali
2057 645 2248 695 so’ent.
2284 642 2360 697 Ne

806 720 873 771 iis
903 721 1066 783 enim,
1095 720 1183 787 qui
1219 721 1269 775 in
1300 724 1408 777 illis
1442 728 1786 794 accumbunt,
1815 735 2185 800 precatiouutn
2217 736 2360 786 omni

805 809 978 863 fructu
1004 824 1190 865 carere
1217 830 1436 871 necesse
1466 817 1619 884 foret,
1647 836 1742 888 per
1764 822 2001 877 elicitam
2029 833 2361 879 senectutem

804 911 894 953 aut
920 905 1149 957 mutilati
1173 910 1413 976 corporis
1435 910 1791 977 debilitatem,
1818 926 1909 969 aut
1935 917 2167 983 morbos,
2187 918 2363 972 eccle-

804 994 932 1056 sias,
962 997 1161 1065 quique
1197 1000 1247 1051 in
1292 1000 1357 1052 iis
1387 1002 1731 1058 celebrantur
1760 1020 2091 1073 conventus,
2131 1010 2360 1064 adeundi

802 1097 982 1154 erepta
1038 1102 1353 1157 potestate;
1405 1109 1591 1148 curatn
1647 1099 1950 1155 habuerunt.
2011 1103 2359 1173 hospitalium

803 1178 1085 1233 dumorum
1118 1183 1448 1249 conditores,
1485 1198 1536 1240 et
1588 1188 1637 1241 in
1690 1192 1769 1245 eis
1800 1193 2054 1248 aediculas
2100 1198 2359 1264 excitare,

801 1278 855 1321 ct
881 1269 1077 1324 divinis
1106 1270 1347 1325 laudibus
1374 1276 1739 1341 persolvendis
1759 1280 1984 1337 clericos
2008 1287 2358 1354 constituere,

802 1369 860 1411 ut
882 1361 948 1414 ad
979 1377 1070 1415 eas
1097 1363 1475 1420 auscultandas
1504 1377 1613 1421 tota
1639 1368 1729 1424 illa
1749 1372 2136 1445 qualiscunque
2162 1379 2359 1434 familia

805 1467 910 1503 non
946 1453 1159 1507 diliicile
1187 1458 1522 1513 conveniret.
1557 1459 1663 1515 Eos
1693 1464 1856 1533 igitur
1889 1467 2135 1532 clericos,
2165 1472 2364 1541 quique

802 1543 855 1595 in
913 1547 1205 1615 martyriis,
1264 1550 1477 1619 templis
1523 1552 1731 1609 scilicet
1791 1570 2082 1629 martyrum
2149 1565 2354 1618 nomini

801 1632 1011 1695 dicatis,
1040 1648 1222 1706 agunt,
1250 1653 1357 1693 suae
1391 1656 1657 1712 quemque
1688 1648 1918 1713 regionis
1948 1651 2204 1720 episcopo
2234 1655 2361 1708 sub-

795 1723 970 1788 jectos
1000 1742 1119 1779 esse
1146 1733 1380 1798 synodus
1412 1749 1648 1800 praesens
1682 1736 1853 1804 jubet.
1883 1740 2021 1807 Quin
2050 1754 2101 1796 et
2128 1746 2267 1800 idem
2296 1749 2361 1801 de

807 1820 1256 1874 monasteriorum
1283 1839 1499 1892 quoque
1520 1828 1732 1883 clericis
1754 1833 1960 1887 statuit.
1986 1832 2212 1892 Nomine
2235 1853 2359 1893 vero

801 1907 1119 1963 clericorum
1147 1914 1308 1967 etiam
1336 1931 1427 1970 eos
1461 1920 1549 1986 qui
1582 1930 1709 1974 sunt
1744 1923 1793 1975 in
1826 1931 2188 1995 monasteriis,
2225 1947 2359 1986 con-

801 2012 1042 2053 seet'atos
1079 2003 1351 2059 iudicavit.
1382 2008 1513 2061 Cum
1559 2014 1703 2081 enim
1754 2018 2035 2082 quemdam
2081 2022 2144 2073 ad
2176 2036 2361 2078 sacros

801 2094 1019 2145 ordines
1065 2097 1297 2159 admitti,
1344 2100 1449 2153 nisi
1496 2113 1657 2158 certa:
1697 2108 1905 2160 cuidam
1938 2111 2181 2164 ecclesiae
2210 2116 2361 2167 addi—

800 2188 947 2233 ctmn
989 2184 1143 2249 hujus
1176 2190 1362 2257 synodi
1406 2202 1559 2245 sexto
1599 2210 1806 2249 canone
1842 2199 2062 2252 vetitum
2103 2202 2196 2265 sit,
2236 2219 2362 2272 pro-

802 2274 1029 2342 indeque
1091 2278 1399 2347 quicunque
1454 2283 1735 2339 ordinibus
1797 2287 2038 2357 insigniti
2108 2295 2356 2349 monachi

804 2362 1018 2430 forent,
1066 2369 1197 2421 certi
1255 2370 1482 2440 alicujus
1534 2380 1845 2431 monasterii
1899 2382 2226 2449 sacerdotes,
2268 2395 2360 2440 aut

804 2456 1035 2521 diaconi,
1069 2469 1161 2511 aut
1187 2460 1468 2533 deinceps,
1508 2465 1587 2518 sui
1633 2469 1860 2537 quisque
1888 2474 2092 2526 ordinis
2124 2476 2358 2540 nomine.

804 2546 1149 2614 dicerentur;
1178 2549 1379 2605 idcirco
1401 2556 1637 2621 ejusdem
1671 2562 1978 2616 monasterii
2014 2564 2160 2618 clero
2188 2568 2357 2622 ascri-

803 2640 877 2702 pti
918 2642 1309 2706 quodammodo
1338 2650 1685 2711 putabantur,
1715 2666 1914 2719 eosque
1945 2657 2132 2722 synodi
2173 2659 2351 2713 sancti

804 2729 994 2785 Patres
1032 2733 1130 2787 hoc
1164 2736 1280 2790 loco
1323 2737 1643 2796 clericorum
1686 2744 2049 2811 appellatione
2096 2750 2358 2818 complexi

802 2832 948 2874 sunt.
978 2821 1093 2877 Sint
1129 2827 1292 2894 igitur
1326 2830 1397 2882 illi
1431 2848 1635 2893 onincs,
1678 2837 1850 2903 inquit
1881 2854 2074 2902 canon,
2105 2844 2359 2914 episcopo

801 2914 1049 2981 subjecti,
1080 2934 1251 2985 neque
1277 2922 1516 2978 habenas
1536 2929 1829 2990 excutiant,
1860 2932 1957 2984 hoc
1982 2945 2088 2998 est,
2120 2937 2357 3006 episcopi

804 3006 1084 3076 itnperiutn
1138 3015 1436 3070 detrectent
1484 3031 1537 3072 et
1585 3022 1939 3087 reluctcntur,
2000 3034 2056 3079 ιιι
2102 3030 2360 3097 equuleus

800 3104 1058 3168 respuens
1094 3103 1342 3173 frenum;
1402 3113 1502 3163 hoc
1549 3116 1691 3166 enim
1736 3127 1819 3170 cst
1862 3117 2005 3185 ἠνία.
2041 3118 2358 3189 Quicunque

2467 643 2570 713 γὰρ
2609 646 2755 714 μ.ὴοὶ
2784 648 2842 699 ὲν
2868 649 3052 712 αὐτοῖς
3086 652 3436 719 ἀνακείμενοι
3468 653 3643 722 εὐχῶν
3670 652 3781 709 εἷεν
3822 660 4026 727 ἁμέθε-

2466 752 2605 798 κτοι,
2641 736 2715 807 μὴ
2764 737 3051 808 δυνάμενοι
3081 742 3160 802 εἰς
3193 742 3290 803 τὰς
3323 743 3381 794 ἐν
3415 744 3729 813 ἐκκλησίαις
3778 749 4027 811 συνάξεις

2464 826 2680 880 ἀπιέναι
2726 828 2813 880 διὰ
2863 831 3050 899 γήρως
3100 832 3292 899 βαθέος
3344 835 3625 904 βαρύτητα
3680 837 4031 908 ἦπηρὼσεις

2467 918 2786 985 σωματικὰς
2830 919 2864 990 ἢ
2917 922 3130 986 νόσους,
3157 925 3415 993 πρόνοιαν
3439 926 3621 979 ἔθεντο
3654 929 3702 980 οἱ
3737 930 3847 982 τῶν
3881 948 4031 983 πτω-

2464 1008 2624 1077 χείων
2669 1011 2969 1082 δομήτορες
3018 1013 3179 1078 ναούς
3206 1032 3265 1069 τε
3300 1018 3360 1068 ὲν
3388 1018 3571 1081 αὐτοῖς
3597 1020 3878 1090 ἀνεγεῖραι
3933 1024 4032 1075 καὶ

2466 1104 2761 1170 κληρικοὺς
2792 1107 3111 1171 κατατάξαι,
3144 1109 3210 1160 ἶν’
3246 1111 3535 1179 ὲκτελῆται
3594 1113 3726 1182 παρ’
3764 1114 3949 1167 αὐτῶν
3996 1116 4030 1181 ἡ

2464 1195 2603 1263 πρὸς
2629 1196 2689 1248 τὸ
2718 1196 2872 1251 Θεῖον
2898 1198 3160 1269 ύμνφδία,
3193 1202 3285 1254 καὶ
3312 1204 3359 1255 οἱ
3403 1204 3460 1254 ιν
3490 1205 3628 1273 αὐτῇ
3675 1206 4031 1272 ἀνακείμενοι

2464 1286 2856 1357 ἀταλαιπώρως
2891 1289 3095 1361 ταύτης
3121 1291 3381 1347 ἀκούωσι.
3412 1295 3519 1347 Καὶ
3576 1295 3700 1356 τοὺς
3748 1296 4029 1356 τοιούτους

2462 1379 2642 1431 τοίνυν
2698 1380 2996 1451 κληρικοὺς
3028 1384 3121 1436 καὶ
3154 1386 3279 1448 τοὺς
3308 1385 3419 1438 τῶν
3452 1388 3768 1456 μαρτυρίων
3796 1387 3912 1438 τῶν
3942 1386 4031 1439 ἐπ’

2461 1469 2685 1538 ὀνόματι
2715 1474 3008 1542 μαρτύρων
3037 1476 3499 1545 οἰκοδομηθέντων
3534 1478 3707 1543 ναῶν,
3750 1478 3827 1547 τῷ
3877 1479 4024 1530 κατᾶ

2461 1562 2644 1630 χώραν
2700 1565 2984 1636 ἐπισκόπῳ
3044 1566 3365 1620 ὑποκεῖσθαι
3417 1569 3449 1637 ἡ
3509 1568 3760 1640 παροῦσα
3808 1570 4027 1623 κελεύει

2462 1654 2697 1718 σύνοδος,
2746 1655 2883 1709 ἀλλὰ
2976 1658 3072 1711 καὶ
3128 1660 3255 1722 τοὺς
3307 1660 3416 1711 τῶν
3472 1661 3879 1731 μοναστηρίων.
3938 1662 4030 1731 τῷ

2460 1747 2683 1815 ὀνόματι
2731 1746 2788 1800 δὲ
2840 1749 2947 1800 τῶν
3000 1750 3279 1818 κληρικῶν
3315 1753 3406 1805 καὶ
3435 1753 3558 1815 τοὺς
3590 1754 3648 1806 ὲν
3678 1755 4029 1824 μοναο-τηρῐῳ

2460 1838 2619 1900 ὄντας
2688 1839 3019 1909 ἱερωμένους
3092 1841 3366 1906 διέλαϐεν,
3401 1844 3485 1896 ὅτι
3534 1845 3737 1914 μηδένα
3785 1863 4034 1915 χειροτο-

2461 1930 2664 1981 νεῖσθαι
2694 1930 3115 1999 άπολελυμένως
3150 1933 3182 1999 ἡ
3210 1932 3432 2003 τοιαύτη
3466 1933 3683 1996 σύνοδος
3729 1934 3937 2006 ὥρισεν
3969 1939 4031 1991 ὲν

2459 2021 2536 2090 τῷ
2570 2022 2711 2093 ἕκτῳ
2736 2024 2939 2086 κανόνι,
2988 2024 3137 2077 Ἐπεὶ
3169 2020 3262 2078 οὖν
3312 2026 3405 2078 καὶ
3445 2027 3494 2078 οἱ
3530 2029 3753 2096 μοναχοὶ
3785 2046 4029 2097 χειροτο-

2452 2114 2709 2183 ’νούμενοι
2742 2118 2842 2184 τῆς
2871 2116 3041 2185 μονῆς
3071 2116 3235 2183 τῆσδε
3266 2115 3611 2185 ὠνομάζοντο
3644 2119 3807 2187 ἱερεῖς
3840 2120 3883 2189 ἢ
3904 2120 4022 2173 διά·

2458 2224 2623 2269 κονοι,
2672 2209 2768 2260 καὶ
2822 2208 3021 2277 ἑφεξῆς
3051 2209 3101 2260 οἱ
3146 2209 3257 2262 τῶν
3301 2212 3624 2279 κατωτέρων
3665 2213 3969 2280 ταγμάτων
3998 2230 4012 2243 ·

2454 2298 2679 2357 εἰκότως
2723 2298 3105 2369 κεκληρῶσθαι
3153 2300 3373 2353 ἔκαστοι
3418 2304 3486 2371 τῇ
3530 2299 3755 2376 μονῇ,ᾖ
3806 2303 4031 2373 ὠνομά-

2459 2388 2684 2455 σθησαν,
2735 2388 3068 2459 ἐνομίζοντο,
3118 2392 3213 2443 καὶ
3241 2389 3537 2460 κληρικοὺς
3588 2394 3681 2444 καὶ
3728 2393 3933 2457 αὐτοὺς
3978 2395 4030 2446 οἱ

2456 2480 2558 2547 τῆς
2608 2480 2827 2533 συνόδου
2874 2482 3009 2534 θεῖοι
3064 2480 3301 2547 Πατέρες
3340 2480 3631 2536 ἐκάλεσαν.
3660 2483 3903 2545 Τούτους
3935 2479 4032 2537 οὖν

2459 2572 2711 2634 ἅπαντας
2755 2572 3074 2624 ὑποκεῖσθαι
3128 2571 3341 2625 κελεύει
3391 2571 3470 2642 τῷ
3524 2574 3831 2643 ὲπισκόπῳ,
3893 2576 4030 2641 μηδὲ

2458 2660 2801 2725 ἁξηνιάζειν,
2839 2662 2961 2713 ἀντὶ
3013 2660 3106 2713 τοῦ
3140 2662 3238 2730 τῆς
3274 2661 3523 2724 ἐξουσίας
3571 2662 3779 2715 ἐκείνου
3826 2663 4030 2731 ἐκφεύ-

2457 2766 2577 2816 γειν
2608 2766 2668 2802 τε
2700 2753 2793 2805 καὶ
2824 2752 3187 2822 ἁποσκιρτᾷν,
3239 2753 3427 2823 ὥσπερ
3474 2754 3652 2815 πῶλος
3702 2755 4033 2819 ἀποπτύσας

2459 2844 2551 2893 τὸν
2606 2842 2826 2910 χαλινόν
2851 2859 2866 2874 ⁸
2914 2838 3069 2906 οὗτος
3098 2846 3206 2913 γὰρ
3236 2847 3269 2913 ή
3300 2846 3451 2912 ἡνία.
3484 2846 3623 2907 Τοὺς
3654 2844 3711 2897 δὲ
3748 2846 4035 2915 παραϐαί-

2460 2950 2649 2995 νοντας
2681 2933 2770 2986 τὸν
2797 2934 3022 2996 κανόνα,
3054 2935 3353 3005 κληρικοὺς
3383 2937 3483 3004 μὲν
3506 2936 3685 3001 ὄντας,
3722 2941 4031 2998 κανονικοῖς

2461 3028 2758 3097 ἐπιτιμίοις
2790 3027 3017 3080 ὑπέθετο
3065 3031 3130 3098 τῇ
3177 3028 3271 3081 τοῦ
3321 3030 3619 3082 ἐπισκόπου
3652 3030 3880 3101 ἐξουσίᾳ
3939 3034 4032 3084 καὶ

2459 3116 2730 3184 διακρίσει
2765 3116 3080 3169 καταλιπὼν
3105 3118 3204 3187 τὴν
3229 3116 3339 3170 τῶν
3368 3120 3661 3188 ἐπιτιμίων
3720 3121 3994 3189 ποιότητα
4014 3138 4030 3153 ’

804 3208 969 3258 porro
1034 3197 1191 3264 hujus
1246 3200 1448 3255 decreti
1499 3207 1930 3261 constitutionem
1985 3210 2260 3273 violarint.
2314 3215 2355 3266 si
2387 3216 2478 3276 Ct

2354 3216 2429 3271 lc
2465 3211 2733 3279 μοναχοὺς
2779 3208 2834 3260 δὲ
2882 3210 3040 3271 ὄντας
3074 3210 3105 3279 ἣ
3170 3209 3391 3273 λαῖκοὺς
3441 3212 3848 3281 ἁκοινωνήτους
3884 3210 4028 3267 εἶναι

798 3285 1016 3349 quidem
1050 3291 1231 3342 clerici
1269 3294 1397 3356 sint,
1434 3297 1707 3351 canonicis
1740 3300 1914 3366 pinnis
1942 3303 2178 3372 episcopi
2204 3316 2357 3372 pote-

800 3388 942 3429 state
971 3394 1032 3429 ac
1056 3379 1260 3447 judicio
1289 3384 1553 3453 eligendis
1582 3388 1796 3457 subjicit
1822 3406 1837 3445 :
1867 3391 1911 3444 si
1936 3407 2061 3445 vero
2085 3396 2352 3456 monachi,

799 3477 891 3518 aut
922 3468 1064 3532 laici,
1099 3476 1478 3530 communione
1519 3481 1756 3546 privatos
1786 3496 1907 3536 esse
1948 3483 2208 3539 decernit.
2251 3486 2355 3539 Sed

799 3574 921 3609 cum
957 3561 1182 3616 clericos
1218 3574 1422 3619 tantum
1456 3568 1566 3621 hinc
1600 3572 1910 3625 constitutio
1938 3574 2184 3644 attingat,
2215 3592 2356 3645 quo-

801 3647 957 3699 tundo
988 3648 1242 3704 laicoruut
1275 3670 1486 3724 quoque
1526 3661 1726 3713 mentio
1763 3662 1959 3730 injecta
1990 3676 2067 3718 est
2093 3665 2116 3718 ?
2144 3665 2356 3720 Patrum

799 3737 962 3803 igitur
991 3757 1108 3794 eam
1142 3757 1371 3800 mentem
1407 3749 1572 3804 fuisse
1611 3753 1873 3817 arbitror,
1914 3765 1975 3809 ut
2005 3756 2233 3811 clericos
2264 3774 2358 3811 sua

796 3840 990 3896 :ponte
1052 3837 1383 3891 antistitibus
1448 3856 1543 3907 per
1604 3842 1993 3913 impudentiam
2053 3849 2359 3913 obsistere,

798 3936 1093 3992 (.Ot'ttlnqttc
1141 3933 1444 3985 auctoritati
1492 3934 1766 3990 adversari
1820 3955 2088 4007 nunquam
2138 3958 2362 3996 ausuros

798 4028 917 4065 esse
944 4018 1343 4084 existimarent;
1391 4026 1483 4077 sed
1518 4027 1762 4081 fortassis
1809 4044 1840 4082 a
1888 4033 2205 4098 quibusdam
2247 4049 2356 4100 po-

2464 3300 2720 3365 ὼρξσατο.
2771 3299 2891 3363 Πῶς
2953 3299 3007 3351 δὲ
3056 3301 3186 3369 περὶ
3232 3300 3513 3370 κληρικῶν
3563 3302 3956 3371 διαλεγόμενος
4006 3306 4035 3355 ὁ

2464 3388 2642 3441 κανὼν
2690 3389 2901 3442 λαῗκῶνο
2956 3389 3245 3461 ἐμνήσθη;
3310 3386 3477 3462 Οἶμαι
3532 3391 3712 3445 τοίνυν
3769 3394 4031 3462 τοιαύτην

2463 3476 2602 3531 εἶναι
2634 3480 2732 3551 τὴν
2765 3481 2977 3534 ἔννοιαν
3006 3482 3112 3535 τῶν
3145 3484 3424 3552 Πατέρων·
3457 3485 3582 3547 τοὺς
3619 3484 3923 3554 κληρικοὺς
3958 3486 4032 3555 μὴ

2464 3575 2549 3641 ἐφ’
2577 3574 2788 3642 ἑαυτῶν
2815 3573 3018 3643 τολμᾷν
3054 3572 3537 3628 καταναιδεύεσθαι
3587 3577 3696 3627 τῶν
3724 3578 4031 3646 ἀρχιερέων

2464 3664 2689 3732 ἔκριναν
2717 3664 2811 3715 καὶ
2840 3665 3176 3733 ἁποσκιρτᾷν
3208 3664 3304 3733 τῆς
3338 3664 3589 3730 ἐξουσίας
3617 3665 3797 3718 αὐτῶν
3834 3682 3848 3694 ·
3918 3666 4032 3719 ἀλλ’

2468 3758 2594 3818 ῐςως
2618 3755 2864 3816 δυνατοῖς
2889 3755 3219 3818 πεποιθότας
3246 3758 3358 3807 τισὶ⁸
3384 3755 3582 3825 θάρσος
3612 3755 3843 3817 ἐκείνοις
3869 3773 4031 3826 περι-

2469 3846 2710 3897 ποιοῦσιν
2742 3846 2804 3897 ὲκ
2836 3846 2932 3911 τῆς
2971 3846 3122 3914 σφῶν
3154 3845 3501 3906 δυναστείας.
3531 3846 3564 3915 ἢ
3597 3846 3796 3914 μᾶλλον
3826 3847 4032 3915 θράσος

2468 3939 2602 4005 πρὸς
2633 3936 2728 4007 τὴν
2754 3937 3046 3990 αὐθάδειαν
3079 3951 3093 3965 ⁶
3127 3938 3415 4001 κάκείνους
3440 3938 3532 3991 οὖν
3565 3941 3630 4009 τῇ
3662 3941 4035 4009 ὰκοινωνησῖᾳ

2469 4030 2689 4095 ὑπάγει.

804 4109 1122 4165 lentioribus
1152 4128 1245 4177 per
1284 4124 1599 4182 potestatem
1633 4135 1782 4173 suam
1817 4122 2062 4176 ﬁduciam
2098 4124 2239 4190 illis,
2271 4125 2350 4179 vel
2392 4123 2571 4194 politlx‘
2604 4120 2879 4171 :tlttlacimlt
2926 4121 2991 4172 ad
3027 4121 3332 4188 superbiam
3375 4136 3545 4191 usque
3612 4133 3885 4187 erectam,
3954 4124 4034 4176 ἱιιο

799 4202 1179 4263 generautilnts
1216 4221 1534 4274 persuasus;
1571 4212 1793 4277 proinde
1835 4212 1950 4266 illos
1996 4230 2212 4284 quoque
2258 4211 2798 4273 eitcoummnicationi
2832 4211 3068 4279 snbjicit,

801 4288 1023 4344 LRIST.
1069 4292 1170 4355 Qui
1199 4295 1251 4345 in
1283 4300 1519 4355 ptoclteio
1555 4313 1643 4353 aut
1680 4308 1997 4359 monasterio
2029 4309 2167 4375 degit
2201 4310 2356 4362 cleri-

868 4398 978 4441 cus,
1009 4386 1238 4453 episcopi
1267 4390 1493 4442 civitatis
1521 4396 1824 4446 auctoritati
1857 4413 1910 4449 se
1931 4399 2198 4451 submittat
2222 4416 2240 4453 :
2268 4402 2358 4469 qui

868 4488 985 4524 vero
1017 4479 1243 4529 excussis
1272 4478 1483 4535 habenis
1514 4484 1577 4534 ab
1614 4501 1672 4536 eo
1703 4488 1890 4552 resilit,
1916 4505 2116 4557 poenam
2148 4491 2282 4545 luat.

874 4651 934 4704 lit
972 4653 1020 4705 bi
1053 4655 1289 4723 episcopi
1324 4658 1561 4714 civitatis
1586 4664 1891 4717 auctoritati
1925 4667 2110 4729 subjici
2138 4670 2351 4723 debent.

800 4745 856 4796 Si
881 4758 1056 4798 autem
1083 4763 1178 4815 per
1201 4754 1562 4819 arrogantiam
1587 4770 1735 4808 suam
1761 4758 1808 4811 ei
1839 4774 1897 4810 se
1923 4761 2240 4815 Sttlnuitterc
2258 4779 2360 4817 non

799 4838 1249 4906 persuadeantur,
1282 4860 1549 4897 canonum
1578 4849 1860 4917 suppliciis
1892 4852 2269 4920 Subjicieutur.

1306 5024 1462 5093 122
1501 5025 1729 5081 (:ANON
1774 5028 1865 5083 Ix.

802 5111 864 5162 Si
894 5114 1010 5178 quis
1044 5115 1263 5168 clericus
1295 5117 1482 5170 habeat
1516 5135 1633 5169 cum
1672 5121 1858 5175 clerico
1891 5123 2056 5186 litem,
2094 5128 2357 5193 proprium

875 5204 1167 5263 epist-onum
1199 5223 1259 5257 ne
1286 5209 1566 5275 relinquat,
1594 5219 1641 5261 et
1668 5214 1733 5261 ad
1762 5215 2039 5266 sa'cularia
2063 5216 2269 5283 judicia
2298 5237 2359 5272 ue

872 5306 1120 5347 excurrat
1160 5312 1178 5349 :
1209 5302 1297 5351 sed
1336 5317 1552 5354 causam
1599 5304 1744 5370 prius
1782 5306 1921 5367 apud
1956 5310 2224 5373 proprium
2250 5312 2357 5376 epl-

871 5403 1081 5449 scopum
1132 5400 1277 5455 agat,
1368 5393 1442 5444 vel
1471 5396 1698 5461 episcopi
1747 5398 2015 5450 roluntate
2059 5402 2197 5464 apud
2245 5418 2353 5459 eos.

869 5494 996 5539 quos
1037 5492 1253 5542 utraque
1293 5500 1413 5547 pars
1455 5484 1686 5551 elegerit,
1728 5488 1985 5555 judicium
2021 5490 2265 5557 agitetur.
2298 5492 2357 5545 Si

868 5570 979 5634 quis
1002 5580 1173 5621 autem
1197 5584 1384 5638 prmtcr
1414 5574 1522 5625 Ita'c
1546 5576 1747 5641 fecerit,
1772 5566 2034 5631 canonicis
2053 5583 2212 5645 panis
2239 5588 2359 5635 sub-

864 5660 1107 5726 jiriatur.
1154 5662 1214 5716 Si
1254 5666 1472 5717 clericus
1500 5676 1673 5720 autem
1707 5686 1822 5720 cum
1851 5672 2059 5736 proprio
2103 5672 2180 5723 vel
2202 5675 2356 5724 etiam

873 5751 981 5803 alio
1008 5755 1240 5817 episcopo
1282 5756 1421 5808 litem
1452 5759 1656 5821 habent,
1687 5777 1718 5811 a
1748 5761 2025 5828 provincia:
2046 5766 2243 5831 synodo
2262 5765 2355 5833 ju-

874 5844 1099 5895 dice-tur.
1132 5845 1188 5900 Si
1216 5861 1385 5901 autem
1417 5866 1531 5901 cum
1564 5852 1724 5917 ipsius
1755 5854 2033 5919 provincia:
2058 5860 2358 5911 utetrouoli-

2463 4304 2689 4359 ΛΡΙΣΤ.
2728 4301 2791 4354 '0
2827 4305 2895 4353 ἐν
2927 4304 3190 4370 πτωχείᾳ)
3216 4303 3252 4369 ἢ
3286 4305 3544 4369 σεμνετῳ
3573 4304 3863 4369 adripich
3890 4307 4038 4369 βλε-

2531 4395 2685 4447 πέτω
2702 4394 2815 4459 τὴν
2832 4394 3122 4454 ἐξουσίαν
3144 4393 3249 4446 τοῦ
3275 4395 3613 4447 ἐπισκόπου
3641 4393 3751 4459 τῆς
3774 4396 4037 4462 πόλεως·

2529 4490 2562 4540 ό
2615 4485 2683 4537 δὲ
2736 4486 2949 4538 τούτου
2988 4485 3328 4553 ἀφηνιάζων
3364 4484 3702 4553 γινωσκέτω
3738 4488 3804 4539 τὸ
3847 4489 4039 4542 ἐπιτί-

2532 4596 2695 4643 μιον.
3240 4608 3283 4648 β

2544 4666 2896 4719 ’Υποκεῖσοαι
2932 4667 3028 4717 καὶ
3074 4658 3219 4717 οὗτοι
3261 4665 3536 4731 ὀφείλουσι
3572 4668 3635 4735 τῇ
3673 4666 3901 4737 ἐξουσίᾳ
3946 4668 4039 4719 τοῦ

2463 4759 2761 4811 ἐπισκόπου
2798 4760 2895 4827 τῆς
2929 4758 3162 4818 πόλεως.
3214 4758 3277 4809 El
3304 4757 3359 4809 δὲ
3385 4758 3445 4809 οὐ
3479 4757 3757 4809 πείθονται
3808 4760 3940 4811 κατ’
3964 4763 4042 4812 oi-

2464 4849 2614 4902 κείαν
2647 4849 2939 4901 αὐθάδειαν
2971 4848 3063 4900 ὑπ’
3098 4847 3260 4901 αὑτὸν
3292 4848 3486 4910 τελεῖν,
3508 4850 3621 4911 τοῖς
3648 4848 3758 4901 τῶν
3789 4852 4039 4905 κανόνων

2461 4943 2754 5012 ἐπιτιμίοις
2785 4941 3209 4994 ὑποπεσοῦνται.

3062 5033 3299 5086 ΚΑΝΩΝ
3337 5032 3415 5089 Θ’.

2460 5124 2531 5175 Εἴ
2559 5140 2647 5188 τις
2677 5125 2962 5189 κληρικιὲς
2984 5124 3137 5189 ,πρὸς
3170 5123 3457 5190 κληρικὸν
3493 5123 3729 5192 πρᾶγμα
3754 5127 3913 5195 ἔχοι,
3950 5129 4037 5197 μὴ

2526 5216 3083 5282 ἐγκαταλιμπηνέτω
3113 5215 3219 5266 τὸν
3246 5215 3468 5268 οἰκεῖον
3514 5216 3882 5282 ἐπίσκοπον,
3940 5221 4037 5272 καὶ

2524 5307 2620 5357 ἐπὶ
2654 5308 2910 5374 κοσμικὰ
2931 5306 3285 5373 δικαστήρια
3305 5306 3391 5375 μὴ
3423 5313 3851 5375 κατατρεχέτω,
3877 5308 4043 5364 ἀλλὰ

2526 5401 2815 5463 πρότερον
2859 5396 2971 5462 τὴν
3020 5398 3314 5451 ὑπόθεσιν
3372 5395 3706 5465 γυμναζέτω
3746 5402 3913 5466 παρὰ
3962 5399 4040 5452 τῶ

2527 5490 2654 5555 ἰδίῳ
2688 5490 3017 5554 ἑπισκόπῳ.
3054 5486 3245 5554 ἤγουν
3280 5487 3482 5555 γνώμῃ
3530 5488 3717 5541 αὑτοῦ
3765 5490 3877 5542 τοῦ
3916 5492 4041 5544 ἐκι-

2526 5580 2763 5631 σκύπου
2791 5580 2923 5643 παρ’
2951 5573 3040 5642 οἷς
3068 5578 3143 5630 ἂν
3172 5577 3241 5630 τὰ
3263 5580 3562 5645 ἀμφότερα
3586 5581 3737 5647 μέρη
3756 5582 4039 5643 ,βούλων-

2522 5688 2617 5722 ται
2644 5670 2713 5722 τὰ
2732 5670 2841 5736 τῆς
2865 5670 3035 5735 δίκης
3064 5669 3538 5736 συγκροτεῒσθαι.
3565 5674 3632 5724 Εἰ
3662 5671 3731 5723 δέ
3764 5689 3854 5733 τις
3878 5673 4037 5741 παρὰ

2525 5764 2711 5815 ταῦτα
2745 5764 3012 5829 ποιήσοι,
3047 5762 3387 5828 κανονικοῖς
3424 5765 3741 5831 ἐπιτιμίοις
3794 5767 4031 5817 {twn-1".

2526 5860 2669 5911 σθω.
2702 5858 2766 5909 Εἰ
2798 5855 2862 5907 δὲ
2888 5855 2982 5909 καὶ
3015 5854 3300 5917 κληρικὸς
3332 5853 3569 5918 πρᾶγμα
3595 5857 3722 5923 ἔχοι
3755 5858 3911 5925 πρεκς
3936 5860 4030 5910 τὸιτ
