4238 6464
797 423 900 482 419

2049 411 2328 470 Ἰ“11ΕΟ[).
2355 412 2757 471 BALSAMON

3939 409 4041 469 4‘20

796 534 999 602 judice,
1025 529 1114 598 qui
1145 528 1306 581 habet
1325 526 1743 580 ecclesiasticam
1776 523 2232 591 iurisdictionem,
2270 525 2360 572 sed
2395 536 2436 582 Α

2359 540 2360 569 ι
2395 536 2436 582 Α
2470 522 2682 589 ἔχοντος
2732 522 3096 573 δικαιοδοσίαν
3123 537 3135 549 ⁶
3171 522 3354 572 τοῦτον
3404 535 3511 591 γαρ
3550 522 3771 591 θέλησις
3798 525 3906 574 τῶν
3947 543 4033 591 με·

801 643 904 679 non
945 635 1032 678 est
1066 624 1308 689 partibus
1343 620 1589 672 idoneus.
1627 617 2009 682 Quamobrem,
2044 621 2132 681 qui
2172 623 2366 680 praeter

804 717 1005 786 proprii
1055 715 1290 782 episcopi
1344 712 1676 764 voluntatem
1726 709 1862 776 apud
1900 723 2006 760 non
2055 720 2366 774 competens

797 811 1055 878 judicium
1095 808 1306 874 litigare
1335 806 1574 873 elegerit.
1611 804 1816 855 etiamsi
1853 803 1924 854 sit
1958 801 2356 853 ecclesiasticus

807 901 1097 953 secundum
1132 905 1446 964 praesentem
1481 878 1736 945 canouem
1771 892 2040 960 punietur.
2080 889 2369 941 l’rnvincim

802 1001 982 1043 autem
1021 992 1287 1040 exarclius
1318 998 1422 1045 εει,
1469 993 1526 1035 ιιι
1563 983 1690 1036 mihi
1736 983 1951 1051 quidem
1985 982 2218 1039 videtur,
2263 996 2367 1032 non

805 1081 1230 1148 uniuscujusque
1271 1078 1561 1145 provincia:
1609 1076 2071 1144 metropolitauus,
2118 1072 2210 1125 sed
2257 1089 2369 1123 tne-

808 1171 1158 1239 tropolitanus
1208 1169 1369 1221 totius
1421 1167 1691 1219 ditecesis.
1747 1163 1998 1216 lhmccsis
2041 1172 2214 1213 autem
2265 1170 2368 1220 est,

805 1281 922 1334 quso
967 1263 1163 1316 multas
1202 1262 1299 1312 sub
1340 1274 1400 1312 se
1437 1260 1597 1311 habet
1647 1257 1972 1324 provincias.
2025 1252 2138 1305 Hoc
2194 1260 2370 1304 autem

810 1351 965 1420 123
997 1355 1355 1404 eiarcliorum
1381 1346 1717 1415 privilegium
1746 1359 1850 1396 non
1875 1355 1957 1395 est
1980 1343 2138 1395 hodie
2166 1341 2216 1392 in
2251 1355 2371 1393 usu.

806 1443 920 1497 Etsi
953 1443 1096 1494 enim
1127 1441 1379 1492 dicuntur
1399 1435 1622 1490 exarchi
1652 1432 1872 1503 quidam
1907 1449 1972 1485 ex
2006 1430 2372 1499 metropolita-

807 1537 909 1594 nis,
950 1533 1044 1585 sed
1091 1542 1268 1584 tamen
1315 1529 1450 1581 alios
1501 1525 1964 1595 metmpolitanos,
2011 1523 2098 1589 qui
2149 1531 2275 1574 sunt
2319 1522 2372 1575 in

806 1625 1150 1686 dioecesibus,
1188 1638 1291 1674 non
1330 1622 1529 1673 habent
1561 1617 1783 1672 omnino
1817 1617 1916 1670 sibi
1950 1614 2245 1684 subjectos.
2279 1613 2372 1667 Est

808 1733 937 1784 ergo
961 1716 1251 1770 verisimile
1282 1714 1414 1768 alios
1455 1723 1579 1767 tunc
1621 1712 1877 1782 temporis
1906 1709 2075 1764 fuisse
2105 1709 2372 1762 exarclios

807 1813 1125 1870 dioecesium,
1163 1810 1243 1862 vel
1284 1824 1407 1863 esse
1439 1808 1654 1876 quidem
1692 1805 1867 1861 adhuc
1912 1804 2078 1871 ipsos,
2123 1802 2214 1854 sed
2252 1815 2370 1870 quae

806 1905 882 1957 eis
915 1905 1035 1956 data
1059 1911 1186 1955 sunt
1217 1918 1243 1953 a
1274 1901 1573 1954 canonibus
1602 1896 1875 1968 privilegia
1907 1895 2229 1947 exolevisse.

2474 618 2582 682 ριῐιν
2643 619 2790 666 ποιεῖ
2845 614 3105 684 δικαστὴν
3163 616 3255 666 καὶ
3307 614 3648 682 ἐπερώτησις
3707 622 4037 684 προστίμου,

2469 708 2606 775 ὅπερ
2651 709 2757 759 ἀπὸ
2803 708 2898 758 τοῦ
2952 710 3218 776 παρόντος
3264 709 3485 769 κανόνος
3529 709 3626 759 οὐκ
3659 709 4019 776 ἁναιραίνεται

2469 798 2602 850 ἀλλὰ
2636 800 2765 866 περὶ
2797 799 3054 851 δικαστοῦ
3095 800 3309 867 ἔχοντος
3340 800 3706 853 δικαιοδοσίαν
3740 803 4047 869 ἐκκλησια-

2473 891 2682 960 στικὴν,
2721 891 3075 961 ἁπροσφόρου
3110 893 3166 943 δέ
3197 891 3347 952 ὄντος
3384 896 3494 952 τοῖς
3534 894 3781 960 μέρεσιν.
3826 895 3989 944 Ὥστε
4021 898 4047 943 ὁ

2470 985 2592 1052 δίχα
2622 983 2849 1052 γνώμης
2877 985 2970 1035 τοῦ
3003 985 3268 1052 ἐγχωρίου
3301 987 3608 1037 ἐπισκόπου
3662 987 4046 1053 καταδεξάμε-

2472 1094 2560 1152 νρς
2609 1077 2867 1142 κληρικὸν
2900 1077 3030 1146 παρ’
3058 1078 3394 1146 ἀπροσφόρῳ
3425 1078 3764 1147 δικαστηρίῳ
3817 1079 4050 1130 δικάσει·

2474 1168 2630 1227 σθαι,
2684 1169 2784 1218 κᾶν
2847 1169 3300 1236 ἐκκλησιαστικός
3352 1170 3510 1230 ἐστι,
3582 1171 4049 1238 ἐπιτιμηθήσεται

2472 1260 2611 1309 κατὰ
2646 1260 2738 1309 τὸν
2768 1259 3011 1326 παρόντα
3058 1262 3280 1315 κανόνα.
3327 1261 3387 1312 Ὀ
3439 1262 3631 1328 μέντοι
3679 1261 3908 1331 ἔξαρχος
3952 1262 4053 1328 τῆς

2473 1349 2787 1416 διοικήσεως
2842 1351 3014 1413 ἐστιν,
3064 1350 3140 1413 ὼς
3175 1354 3300 1420 ἐμοὶ
3359 1353 3528 1415 δοκεῖ,
3579 1353 3677 1421 οὐχ
3730 1357 3757 1406 ό
3809 1335 4052 1420 ἐκάστής

2473 1438 2740 1506 ἐπαρχίας
2778 1441 3211 1508 μητροπολίτης,
3241 1442 3358 1494 ἀλλ’
3386 1447 3412 1496 ό
3449 1447 3545 1511 τῆς
3571 1444 3696 1508 ὅλης
3724 1445 4051 1511 διοικήσεως

2477 1530 2902 1600 μητροπολίτης.
2940 1534 3215 1602 Διοίκησις
3262 1536 3319 1588 δέ
3370 1539 3583 1606 ἐστινὴ
3618 1538 3818 1601 πολλὰς
3877 1539 4052 1606 ἐπαρο

2475 1620 2595 1687 χίας
2643 1621 2838 1690 ἔχουσα
2884 1624 2941 1674 ἐν
2993 1625 3189 1695 ἑαυτῇ.
3235 1626 3407 1680 Τοῦτο
3453 1628 3510 1680 δέ
3546 1629 3605 1680 τὸ
3661 1629 3770 1681 τῶν
3802 1629 4052 1698 ἐξάρχων

2476 1712 2770 1781 προνόμιον
2803 1716 3045 1784 σήμερον
3078 1721 3178 1770 οὐκ
3207 1722 3444 1789 ἐνεργεῖ.
3485 1722 3604 1775 Κᾶν
3634 1723 3738 1789 γὰρ
3793 1723 4049 1788 λέγονται

2475 1803 2694 1873 ἔξαρχοί
2723 1823 2866 1869 τινες
2903 1809 3012 1861 τῶν
3047 1812 3484 1880 μητροπολιτῶν,
3517 1813 3652 1866 ἀλλὰ
3678 1814 3805 1875 τοὺς
3835 1815 3895 1864 ἐν
3928 1815 4050 1869 ταῖς

2475 1897 2806 1965 διοικήσεσιν
2835 1903 2994 1964 ὄντας
3022 1902 3243 1971 ἐτέρους
3277 1905 3679 1973 μητροπολίτας
3704 1907 3804 1957 οὑκ
3829 1906 4054 1972 ἔχουσιν

805 1999 939 2056 ὅλως
973 1995 1368 2062 ὑποκειμένους
1410 1995 1611 2054 αὐτοῖς.
1648 1990 1864 2041 Ἔοικεν
1890 1986 1981 2039 οὖν
2011 1985 2230 2054 ἐτέρους
2258 1982 2409 2047 τινὰς
2447 1981 2585 2038 εἶναι
2616 1991 2755 2042 κατὰ
2783 1992 2911 2054 τοὺς
2939 1992 3061 2044 τότε
3099 1997 3322 2062 καιροὺς
3383 1995 3643 2066 ἐξάρχους
3689 1998 3799 2048 τῶν
3846 1997 4054 2062 διοική-

809 2105 968 2151 σεων,
1011 2090 1043 2159 ἢ
1094 2091 1315 2150 τούτους
1349 2086 1446 2156 μὲν
1482 2081 1640 2149 εἶναι,
1695 2082 2046 2153 ἁπρακτῆσαι
2077 2077 2133 2129 δὲ
2167 2077 2234 2127 τὰ
2261 2077 2363 2127 ὑπὸ
2399 2075 2508 2128 τῶν
2537 2081 2777 2134 κανόνων
2808 2085 3029 2136 δοθέντα
3062 2088 3274 2148 τούτοις
3303 2089 3597 2158 προνόμια.

878 2182 1126 2236 ΖΟΝΑΒ.
1168 2182 1412 2250 Negatia,
1437 2179 1556 2231 lites
1581 2176 1832 2230 nimirum
1857 2181 1910 2225 et
1934 2171 2352 2229 controversias,

812 2275 856 2327 si
898 2290 1016 2343 qua:
1049 2276 1187 2326 inter
1219 2273 1449 2326 clericos
1481 2278 1680 2323 exorta:
1725 2268 1853 2330 sint,
1887 2279 2072 2318 coram
2119 2265 2374 2331 episcopo

816 2370 1032 2438 pr0prio
1077 2368 1268 2436 agitari
1321 2382 1491 2418 canon
1545 2363 1821 2424 decernit;
1862 2375 1966 2412 non
2015 2372 2193 2410 autem
2236 2353 2372 2421 apml

812 2463 1098 2516 saculares
1142 2461 1372 2526 judices,
1419 2457 1673 2525 quoniam
1711 2456 1758 2507 id
1810 2454 1861 2505 in
1915 2451 2082 2520 ipsius
2135 2446 2368 2513 episcopi

812 2565 1173 2624 contemptum
1219 2563 1272 2605 et
1322 2549 1704 2604 contumeliam
1761 2547 1938 2608 cedit;
2011 2550 2104 2594 aut
2159 2539 2368 2592 interim

816 2648 1094 2700 voluntate
1144 2643 1421 2713 cpi'sCOpi,
1457 2643 1567 2693 sive
1612 2641 1726 2706 ipso
1761 2636 2150 2697 consentiente,
2192 2645 2371 2683 coram

813 2737 1005 2804 quibus
1039 2735 1306 2789 COIIItIttllti
1341 2733 1563 2786 consilio
1583 2742 1809 2797 utraque
1841 2743 1962 2793 pars
1999 2725 2224 2790 elegerit
2248 2737 2376 2773 can-

814 2841 903 2879 sas
932 2827 1178 2891 transigi.
1212 2824 1421 2890 Quique
1454 2820 1900 2875 constitutionem
1935 2819 2072 2869 hanc
2101 2811 2372 2874 violarint,

815 2917 1089 2970 canonicis
1142 2916 1210 2967 ab
1243 2915 1513 2983 episcopis
1561 2915 1676 2966 suis
1723 2912 1897 2979 poenis
1952 2912 2164 2964 nmltari
2197 2909 2372 2977 jubet.

815 3013 988 3078 Atque
1043 3011 1155 3062 haec
1204 2990 1440 3078 quidem,
1493 3022 1614 3060 cum
1665 3006 1805 3059 inter
1838 3021 1895 3058 se
1936 3002 2139 3072 judicio
2189 2999 2376 3056 rlerici

815 3104 1220 3158 conﬂictantur.
1279 3103 1428 3165 Quod
1473 3100 1518 3155 si
1558 3101 1641 3155 vel
1685 3116 1782 3152 suo
1816 3099 1895 3152 vel
1946 3098 2096 3150 alteri
2145 3097 2374 3164 cuipiam

816 3199 1069 3267 episcopo
1104 3196 1282 3250 clerici
1325 3197 1590 3248 actionem
1629 3194 1932 3255 intendant,
1986 3193 2127 3244 illius
2160 3191 2377 3258 provin-

2545 2174 2790 2230 ZQNAP.
2823 2177 2961 2238 Τοὺς
2985 2178 3275 2247 κληρικοὶις
3299 2181 3598 2249 πράγματα
3624 2179 3759 2248 πρδς
3781 2180 4055 2251 ἀλλήλους

2481 2263 2883 2333 ἕχοντας,δίκας
2912 2269 3152 2338 δηλονότι
3179 2271 3272 2322 καὶ
3297 2270 3599 2335 ὑποθέσεις,
3624 2272 3875 2340 βούλεται
3899 2276 3928 2324 ό
3952 2293 4056 2326 κα-

2472 2358 2574 2408 νὼν
2603 2360 2752 2426 παρὰ
2779 2360 2855 2428 τῷ
2880 2360 2994 2428 ἰδίῳ
3017 2364 3299 2432 ἐπισκόπῳ
3317 2364 3514 2426 ταύτας
3533 2366 3956 2431 γυμνάζειν,καὶ
3983 2370 4057 2435 μὴ

2470 2450 2687 2502 ἀπιέναι
2710 2453 2798 2503 ἐπὶ
2823 2454 3061 2521 κοσμικὰ
3080 2455 3427 2526 δικαστήρια·
3462 2456 3617 2509 τοῦτο
3645 2458 3753 2528 γὰρ
3785 2460 3866 2518 εἰς
3895 2476 4025 2528 περι
4045 2492 4056 2501 -

2477 2542 2734 2610 φρόνησιν
2777 2550 2868 2594 καὶ
2894 2544 3050 2615 ὓϐριν
3073 2546 3166 2598 τοῦ
3196 2548 3497 2600 ἐπισκόπου
3518 2549 3722 2617 ὲστίν’ῆ
3760 2553 3898 2612 τέως
3918 2553 4060 2616 γνώ-

2481 2651 2554 2704 μῃ
2572 2637 2668 2686 τοῦ
2694 2638 3013 2702 ἐπισκόπου,
3037 2640 3154 2705 ἤτοι
3185 2641 3350 2692 αὑτοῦ
3383 2643 3766 2710 ἐπιτρέποντος
3797 2643 3931 2712 παρ’
3978 2639 4058 2706 οἷς

2476 2730 2544 2777 τὰ
2560 2728 2805 2782 ἀντίθετα
2822 2731 2964 2800 μέρη
2983 2730 3609 2801 ἁρέσκονται,ζητεῖσθαι
3625 2735 3719 2795 τὰς
3747 2737 4027 2795 ὑποθέσειε
4041 2770 4060 2790 .

2480 2823 2616 2884 Τοὺς
2649 2823 2704 2875 δὲ
2737 2821 2811 2894 μὴ
2829 2823 3197 2893 φυλάσσοντας
3221 2825 3318 2895 τὴν
3373 2825 3463 2877 τοῦ
3520 2827 3738 2889 κανόνος
3795 2828 4059 2894 διαταγὴν

2481 2916 2833 2983 ἐπιτιμᾶσθαι
2863 2917 3160 2980 κανονικῶς
3188 2920 3334 2988 παρὰ
3363 2917 3469 2970 τῶν
3501 2921 3814 2971 ἐπισκόπων
3842 2921 4052 2973 αὐτῶν.

2484 3006 2667 3058 Ταῦτα
2697 3008 2907 3076 μὲν,ὅτε
2928 3011 3058 3078 πρδς
3081 3010 3338 3078 ἀλλήλους
3363 3011 3672 3073 δικάζονται
3695 3012 3744 3061 οἱ
3772 3012 4054 3078 κληρικοίθ

2482 3100 2532 3152 εἰ
2562 3098 2616 3150 δέ
2647 3103 2899 3168 κληρικοὶ
2919 3103 2994 3170 τῷ
3023 3103 3136 3171 ἰδίῳ
3167 3103 3450 3171 ἐπισκόπῳ
3484 3102 3515 3170 ἢ
3542 3102 3711 3172 ἑτέρῳ
3772 3104 3870 3154 καὶ
3901 3103 4058 3172 δίκην

2484 3194 2729 3245 ἐνιστῶσι
2759 3194 3085 3259 κατάὑτοῦ,
3113 3195 3239 3257 τοὺς
3267 3196 3366 3262 τῆς
3395 3194 3660 3263 ἐπαρχίας
3686 3194 3908 3264 ἐκείνης
3940 3199 4057 3246 ἐπι-

815 3295 912 3344 οἰαι
938 3293 1219 3356 episeopos
1248 3289 1298 3340 in
1334 3288 1436 3340 isto
1461 3300 1587 3338 casu
1607 3285 1818 3350 iudices
1849 3298 2020 3336 canon
2057 3281 2370 3345 constituit;
2402 3285 2446 3342 C
2487 3309 2489 3326 ι

2402 3285 2446 3342 C
2487 3284 2722 3348 σκόπους
2765 3287 2977 3350 καθίζει
3027 3287 3333 3348 δικαστὰςό
3374 3284 3575 3339 κανών.
3614 3287 3938 3349 ’Συνιόντες
3971 3289 4061 3338 καὶ

815 3384 904 3451 qui
965 3379 1273 3448 congregati
1329 3378 1682 3447 quaestionem
1735 3377 1955 3427 audient
2000 3383 2054 3425 et
2104 3374 2378 3427 delinieut.

821 3476 912 3528 Sin
967 3486 1146 3526 autem
1195 3486 1315 3523 cum
1364 3470 1656 3537 provinciae
1712 3467 2127 3533 metropolitano
2183 3466 2380 3532 aliquid

821 3565 1014 3618 habeat
1048 3565 1332 3633 episcopus
1377 3573 1469 3614 aut
1511 3561 1740 3614 clericus
1785 3561 1982 3627 negotii
2016 3561 2128 3611 sive
2167 3572 2383 3611 Contro-

820 3653 1007 3710 versize
1047 3663 1099 3704 et
1144 3651 1395 3714 actionis,
1428 3650 1494 3702 ad
1535 3650 1838 3704 dimceseos
1870 3650 1920 3700 in
1963 3664 2067 3716 qna
2116 3649 2383 3716 litigantes

830 3747 1076 3798 habitant
1114 3745 1432 3808 exarchum,
1474 3743 1554 3796 vel
1602 3742 2204 3809 Constantiimpolitaua:
2242 3743 2385 3795 nrhis

822 3839 1043 3906 archiep
1065 3853 1308 3905 scopum,
1360 3837 1644 3891 arbitrimn
1703 3838 1865 3888 totius
1911 3851 2088 3890 causa:
2139 3833 2387 3887 deferen-

821 3931 968 3983 dmn.
1032 3930 1399 3982 Exarchorum
1460 3943 1622 3998 porro
1680 3929 2112 3982 diuecesanorum
2171 3927 2386 3979 nomine

821 4025 1058 4076 nonnulli
1115 4025 1468 4091 patriarchas.
1516 4024 1606 4076 alii
1669 4022 2112 4090 metropolitanos
2161 4020 2384 4088 intelligi

820 4116 1027 4175 volunt.
1064 4115 1170 4170 Sed
1211 4119 1276 4169 de
1320 4116 1405 4170 bis
1457 4115 1633 4170 fusius
1665 4115 1874 4169 dcetmo
1919 4115 2148 4182 septimo
2181 4126 2387 4166 canone

820 4224 1055 4275 agemus.
1527 4189 1536 4196 ’

821 4298 1047 4354 AlllST.
1090 4301 1279 4354 Clerici
1309 4300 1597 4367 litigantes,
1632 4298 1677 4350 si
1709 4297 1890 4350 relicto
1917 4297 2157 4364 episcopo
2185 4294 2251 4346 ad
2284 4309 2388 4346 scc-

893 4391 1093 4442 culoria
1123 4391 1335 4460 judicia
1364 4406 1417 4442 se
1448 4387 1745 4454 conferant,
1793 4389 2042 4441 canonice
2075 4386 2384 4453 puniantur.

894 4483 962 4536 Et
986 4486 1205 4538 clericus
1236 4502 1351 4536 cum
1378 4485 1616 4553 episcopo
1643 4483 1980 4544 contendens,
2013 4483 2271 4550 synodum
2299 4496 2390 4533 ex-

891 4587 1098 4645 spectet,
1131 4587 1180 4629 et
1214 4578 1486 4645 episcopus
1538 4592 1655 4628 cum
1685 4575 2111 4642 metropolitano,
2149 4575 2216 4625 ad
2247 4570 2382 4625 Con-

891 4657 1408 4738 stanttnOpolitanum
1438 4676 1697 4739 provocet.

894 4854 1002 4908 Non
1037 4859 1250 4923 oportet
1280 4851 1564 4915 clericum,
1598 4849 1687 4917 qui
1722 4857 1909 4904 contra
1940 4847 2101 4901 alium
2130 4848 2385 4902 clericum

820 4948 1018 5016 aliquid
1047 4946 1228 5010 habet,
1264 4961 1294 4998 a
1318 4943 1591 5012 iudicibus
1620 4942 1970 4996 saecularibus
2001 4941 2254 5010 judicari,
2292 4943 2385 4996 sed

817 5057 848 5094 a
883 5039 1099 5108 proprio
1127 5039 1405 5107 episcopo.
1453 5035 1508 5089 Si
1554 5034 1830 5103 proprium
1864 5043 2043 5087 autem
2078 5034 2388 5102 relinquens

816 5135 1127 5201 episc0punt
1157 5130 1433 5184 sacularia
1456 5127 1660 5196 judicia
1688 5126 1938 5189 adiverit,
1962 5125 2244 5180 canonicis
2269 5139 2387 5194 poe-

818 5228 899 5278 nis
928 5223 1264 5289 subjiciatur.
1296 5222 1558 5274 Similiter
1578 5231 1756 5274 autem
1779 5229 1834 5272 et
1856 5229 2046 5272 contra
2071 5219 2384 5288 episcopum

817 5319 856 5367 si
891 5315 1016 5383 quid
1041 5313 1287 5367 habuerit
1319 5312 1572 5373 clericus,
1601 5328 1626 5363 a
1663 5309 1977 5378 provinciali
2013 5307 2220 5377 synodo
2243 5307 2387 5376 judi-

819 5408 930 5459 cnri
964 5407 1144 5459 debet.
1184 5405 1289 5459 Sed
1326 5416 1379 5457 et
1411 5403 1695 5472 episcopus
1727 5410 1821 5454 aut
1851 5400 2085 5456 clericus
2120 5403 2162 5455 si
2198 5412 2384 5454 contra

822 5500 1290 5566 metropolitanum
1325 5513 1541 5552 causam
1574 5498 1808 5564 aliquant
1834 5496 2108 5558 habuerit,
2137 5495 2219 5548 vel
2248 5496 2386 5562 apud

818 5595 1119 5647 dicaces-eos
1148 5592 1472 5651 exarchum,
1504 5592 1615 5644 sive
1643 5589 2007 5657 patriarcliam
2041 5589 2126 5642 cui
2159 5590 2388 5642 subsunt

821 5687 1218 5754 provinciarum
1259 5684 1469 5738 illarum
1512 5681 1909 5751 metropolitani
1957 5682 2174 5748 litigare
2207 5682 2385 5744 debet,

825 5780 902 5831 vel
934 5781 1069 5848 apud
1103 5776 1469 5845 patriarcliam
1507 5775 2195 5843 Constantinopolinmini.
2230 5772 2385 5838 Quod

817 5874 1026 5940 qudem
1073 5871 1411 5942 privilegium
1443 5869 1645 5924 nemini
1687 5870 1914 5924 aliorum
1948 5885 1978 5936 p
2005 5869 2407 5922 τιῐὶίιιἚΙιιΠυιιι·

2471 4299 2710 4368 ΑΡΙΣΤ.
2763 4301 3048 4366 Κληρικοὶ
3096 4300 3567 4370 διαδικαζόμενοι
3639 4304 3732 4364 εἰ,

2486 3377 2849 3443 ἀκροάσονται
2882 3379 2989 3430 τῶν
3016 3380 3348 3442 ὑποθέσεων,
3387 3381 3482 3433 καὶ
3529 3381 3888 3450 ψηφίσονται.
3919 3383 3977 3432 ΕΞ
4007 3382 4058 3432 δὲ

2487 3470 2621 3540 πρὸς
2649 3469 2741 3522 τὸν
2778 3470 3184 3540 μιιτροπολίτην
3208 3471 3310 3540 τῆς
3337 3474 3606 3541 ἐπαρχίας
3657 3475 3769 3541 ἔχει
3799 3476 4057 3542 πρᾶγμα.

2487 3563 2653 3633 ήγουν
2706 3563 3038 3632 ἀμφιϐολίαν
3093 3566 3259 3628 τινὰ,
3313 3566 3406 3618 καὶ
3459 3566 3616 3632 δίκην
3679 3567 3982 3620 ἐπίσκοπος
4027 3567 4056 3635 ἦ

2489 3657 2772 3727 κληρικδς,
2800 3659 2891 3708 τὸν
2920 3658 3017 3726 τῆς
3046 3658 3367 3729 διοικήσεως
3398 3659 3636 3729 ἐκείνης.
3666 3666 3799 3728 παρ’
3894 3663 3990 3711 καὶ
4012 3663 4059 3712 οἱ

2489 3749 2957 3818 ἀμφισὸητοῦντές
3005 3751 3163 3813 εἰσιν,
3213 3750 3444 3820 ἔξαρχον
3504 3751 3753 3817 βούλεται
3798 3754 3825 3802 ὁ
3880 3753 4057 3804 κανὼν

2485 3843 2768 3910 διαιτητήν
2793 3841 2898 3911 τῆς
2929 3841 3239 3904 ὑποθέσεως
3281 3843 3545 3910 γίνεσθαι,
3581 3846 3610 3912 ἦ
3643 3846 3730 3896 τὸν
3761 3847 3862 3912 τῆς
3913 3848 4061 3897 Κων.

2489 3935 2986 3997 σταντινουπόλεως
3040 3936 3492 4005 ἀρχιεπίσκοπον.
3539 3937 3836 4007 Ἐξάρχους
3864 3939 3924 3990 δὲ
3958 3941 4062 3990 τῶν

2486 4022 2805 4092 διοικήσεων
2857 4026 2983 4087 τοὺς
3021 4027 3365 4096 πατριάρχας
3419 4025 3749 4096 εἶναίφασιν
3773 4045 3787 4059 ·
3813 4029 3972 4082 ἄλλοι
4010 4033 4066 4082 δὲ

2486 4117 2609 4177 τοὺς
2637 4118 3066 4186 μητροπολίτας.
3115 4119 3461 4189 ιιλατὺτερον
3485 4120 3541 4172 δὲ
3573 4123 3640 4173 τὰ
3673 4124 3804 4191 περὶ
3861 4123 4062 4176 τούτου

2488 4209 2546 4258 ἐν
2573 4209 2647 4276 τῷ
2673 4207 2739 4273 ιζ’
2766 4213 2950 4263 κανόνι
2979 4212 3219 4279 εἴρηται.

3804 4303 4070 4372 ἀφέντες

2557 4391 2664 4441 τὸν
2685 4390 3046 4450 ἐπίσκοπον,
3085 4392 3401 4458 κοσμικαῖς
3427 4393 3747 4461 κριτηρίοις
3803 4398 4070 4462 προσέλ-

2558 4484 2726 4545 θωσι,
2759 4482 3094 4548 κανονικῶς
3126 4483 3613 4538 εὐθυγέσθωσαν.
3646 4484 3754 4538 Καὶ
3777 4487 4070 4552 κληρικές

2559 4575 2893 4628 ἐπισκόπου
2957 4575 3384 4643 διαφερόμενος
3436 4575 3663 4645 μενέτω
3705 4578 3821 4639 τὴν
3875 4580 4066 4630 σύνο-

2556 4662 2698 4717 δον·
2757 4664 2855 4730 καὶ
2908 4667 3352 4734 μητροπολίτου
3380 4665 3716 4730 ἐπίσκοπος
3745 4669 3856 4719 τίν
3909 4672 4069 4720 Κων-

2555 4759 3117 4823 σταντινουπόλεως
3147 4759 3470 4822 ἐξαιτείτω.

2559 4854 2635 4904 oo
2659 4853 2739 4904 δεῖ
2769 4853 3048 4922 κληρικὸν.
3082 4853 3274 4922 ἔχοντα
3319 4854 3456 4905 κατὰ
3511 4852 3804 4923 κληρικοῦ,
3851 4855 4070 4916 δικάζε-

2489 4945 2613 4999 σθαι
2636 4949 2784 5017 παρὰ
2813 4949 3098 5015 κοσμικοῖς
3122 4947 3424 5008 δικασταῖς,
3456 4947 3595 4998 ἀλλὰ
3623 4948 3773 5018 παρὰ
3803 4948 3904 4999 τοῦ
3933 4950 4064 5000 ἰδίου

2489 5039 2812 5092 ἐπισκόπου.
2838 5041 2898 5091 Ei.
2928 5039 3005 5100 δὲ,
3043 5038 3132 5088 τὸν
3158 5040 3355 5090 οἰκεῖον
3371 5034 3525 5100 οὗτος
3553 5039 3710 5104 ἀφεὶς
3731 5039 4065 5101 ἐπίσκοπον,

2491 5133 2774 5199 κοσμικοῖς
2826 5131 3113 5199 προσέλθοι
3145 5129 3542 5199 δικαστηρίοις,
3579 5129 3889 5192 κανονικῶς
3949 5135 4066 5185 ἐπι-

2488 5222 2872 5291 τιμηθήσεται·
2910 5220 3101 5291 ὥσπερ
3133 5222 3195 5290 δὴ
3228 5223 3325 5273 καὶ
3363 5222 3503 5273 κατὰ
3535 5222 3841 5274 ἐπισκόπου
3877 5226 4020 5294 ἔχων
4047 5229 4070 5276 ὁ

2492 5314 2774 5382 κληρικὸς,
2802 5335 2806 5339 ·
2838 5315 2986 5380 παρὰ
3018 5316 3083 5384 τῇ
3148 5314 3351 5382 συνόδῳ
3379 5315 3480 5383 τῆς
3534 5315 3810 5383 ἐπαρχίας
3866 5317 4071 5382 ὀφείλει

2489 5405 2838 5468 δικάζεσθαι·
2890 5405 3024 5457 ἀλλὰ
3085 5404 3176 5456 καὶ
3227 5405 3523 5466 ἐπίσκοπος
3573 5407 3604 5474 ῆ
3667 5405 3968 5475 κληρικὸς,
4025 5413 4069 5460 ει

2491 5503 2634 5551 κατὰ
2687 5499 3082 5567 μητροπολίτου
3114 5500 3226 5567 ἔχει
3256 5499 3378 5551 τινὰ
3407 5499 3689 5564 ὑπόθεσιν,
3738 5501 3772 5570 ἦ
3812 5503 3972 5573 παρὰ
3994 5502 4068 5569 τῷ

2492 5591 2706 5660 ἐξάρχω
2735 5591 2832 5659 τῆς
2879 5590 3197 5659 διοικήσεως
3255 5591 3372 5659 ἦτοι
3398 5592 3492 5670 τῷ.
3513 5592 3854 5666 πατριάρχῃ,
3885 5597 3979 5662 ὑφ’
4008 5597 4064 5646 ὃν

2491 5681 2736 5735 τελοῦσιν
2786 5682 2835 5733 ol
2867 5681 2974 5732 τῶν
3025 5682 3302 5752 ἐπαρχιῶν
3346 5684 3572 5735 ἐκείνων
3618 5687 4060 5755 μητροπολῖται,

2493 5774 2849 5839 δικάζεσθαι*
2879 5775 2912 5845 ἢ
2947 5776 3099 5846 παρὰ
3149 5775 3226 5844 τῷ
3249 5779 3566 5849 πατριάρχῃ
3621 5779 4065 5832 Κωνσταντινου-

2497 5871 2738 5931 πόλεως’
2771 5871 2907 5938 ὅπερ
2973 5873 3245 5939 προνόρον
3275 5869 3450 5922 οὐδενὶ
3487 5870 3594 5921 τῶν
3644 5870 3824 5923 ἄλλων
3877 5890 4052 5941 πατέρ
