4238 6464
173 356 271 415 421

1317 349 1394 406 IN
1431 349 1589 407 CAN.
1626 351 1674 407 Χ
1706 351 1909 410 CONC.
1958 356 2317 413 CHALCED.

3300 361 3405 420 422

131 523 138 530 τ
173 462 358 529 αρχών
420 461 578 527 ἐδόθη
643 458 767 509 ait:
797 458 902 508 ἀπὸ
928 456 1034 508 τῶν
1065 458 1306 507 κανόνων
1333 457 1453 508 οὔτε
1498 460 1604 508 ἀπ’)
1625 458 1732 509 τῶν
1765 468 1803 516 Α

1723 477 1732 505 ν
1765 468 1803 516 Α
1837 477 2148 512 concessum
2183 463 2303 523 fuit,
2342 478 2436 513 nec
2487 481 2512 512 ιι
2545 466 2836 518 canonibus
2877 484 2971 520 nec
3001 484 3027 518 ιι
3080 469 3305 532 legibus,
3342 479 3397 519 ut

173 555 372 619 νόμων,
405 554 464 603 τὸ
490 549 806 613 δικάζεσθαι
872 547 1275 617 μητροπολίτην
1320 549 1577 600 τελοῦντα
1631 552 1731 615 ὑφ’

180 646 372 712 ἕτερον
429 645 774 712 πατριάρχην
821 646 968 708 παρα
1021 640 1340 712 πατριάρχῃ
1381 641 1553 710 ἑτέρῳ
1579 641 1734 710 εἰμὴ

173 738 320 807 μόνῳ
350 736 430 805 τῷ
463 735 1118 796 Κωνσταντινουπόλεως.

784 824 1020 879 ΚΛΝΩΝ
1069 823 1124 878 l'.

165 925 258 989 Μὴ
284 923 512 986 ἐξεῖναι
572 921 866 985 κληρικὸν
923 921 999 989 ('5)
1049 919 1117 970 ἐν
1141 918 1252 971 δύο
1295 919 1531 971 πόλεων
1583 919 1732 972 κατὰ

230 1016 455 1067 ταυτὸν
484 1013 915 1080 καταλέγεσθαι
967 1012 1339 1077 ἐκκλησίαις,
1365 1013 1435 1064 ἐν
1458 1007 1498 1082 ᾖ
1536 1029 1598 1064 τε
1621 1011 1736 1078 τὴν

227 1106 430 1172 ἀρχὴν
478 1102 920 1171 ἐχειροτονήθη,
969 1102 1066 1154 καὶ
1113 1103 1182 1154 ἐν
1234 1098 1272 1173 ᾗ
1324 1103 1728 1171 προσέφυγεν,

227 1197 309 1259 ὠς
343 1193 566 1263 μείζονι
631 1194 816 1260 δῆθεν
846 1195 945 1264 (4),
971 1195 1067 1248 διὰ
1102 1195 1286 1260 δόξης
1316 1195 1502 1263 κενῆς
1530 1197 1736 1250 ἐπιθυ-

220 1289 376 1354 μίαν
401 1305 416 1318 ·
495 1286 638 1351 τοὺς
661 1287 728 1338 δέ
751 1304 817 1355 γε
846 1287 1024 1339 τοῦτο
1082 1287 1406 1352 ποιοῦντας
1467 1289 1733 1342 ἀποκαθ-

228 1377 515 1428 ίστασθαι
543 1375 618 1442 τῇ
677 1378 796 1442 ἰδίᾳ
857 1379 1177 1443 ἐκκλησίᾳ,
1207 1379 1276 1430 ἐν
1319 1374 1358 1448 ᾖ
1395 1379 1509 1447 τὴν
1537 1382 1735 1450 ἀρχὴν

225 1463 800 1532 ἐχειροτονήθησαν,
833 1467 958 1518 ἐκεῖ
997 1469 1190 1534 μόνον
1217 1473 1616 1538 λειτοι.ιργεῖνο
1681 1475 1732 1525 εὶ

223 1556 431 1619 μέντοι
463 1556 578 1623 ἤδη
624 1575 708 1622 τις
737 1559 1022 1624 μετετέθη
1055 1560 1124 1622 ἐξ
1173 1561 1367 1628 ἄλλης
1401 1566 1487 1627 είς
1533 1565 1734 1631 ἀλλην

227 1647 586 1712 ἐκκλησίαν,
634 1648 830 1714 μηδὲν
878 1649 1002 1714 τοῖς
1071 1650 1362 1717 προτέρας
1402 1654 1730 1722 ἐκκλησίας

228 1739 361 1803 ἤτοι
409 1739 528 1792 τῶν
565 1744 664 1794 ὑπ’
702 1741 898 1807 αὐτὴν
917 1746 1257 1810 μαρτυρίων
1285 1745 1321 1812 ἣ
1361 1749 1662 1813 πτωχείων
1689 1750 1728 1817 ἠ

231 1833 626 1898 ξενοδοχείων
654 1834 1062 1886 ἐπικοινωνεῖν
1092 1836 1449 1911 πράγμασιν.
1485 1839 1627 1902 Τοὺς
1663 1841 1729 1893 δέ

227 1943 292 1991 γε
327 1924 672 1991 τολμῶντας
699 1928 850 1993 μετά
874 1929 981 1978 τὸν
1011 1927 1152 1995 ὅρον
1188 1927 1298 1993 τῆς
1333 1931 1604 1996 μεγάλης
1628 1936 1725 1986 καὶ

226 2014 647 2080 οίκουμενικῆς
677 2016 898 2080 ταύτης
921 2017 1188 2070 συνόδου
1215 2019 1497 2083 πράττειν
1525 2038 1577 2071 τι
1612 2022 1728 2072 τῶν

227 2105 346 2156 νῦν
377 2106 898 2174 ἀπηγορευμένων,
957 2108 1175 2174 ὥρισεν
1202 2109 1240 2175 ή
1290 2111 1426 2179 ἁγία
1467 2112 1727 2178 σύνοδος

223 2198 540 2249 ἐκπίπτειν
563 2199 669 2251 τοῦ
718 2199 869 2253 ἰδίου
888 2200 1146 2268 βαθμοῦ.

228 2288 426 2342 ΒΑΛΣ.
468 2289 630 2350 Τινὲς
656 2290 1083 2358 δοξομανοῦντες
1135 2294 1395 2363 κληρικοὶ
1442 2299 1725 2366 μεθίσταν-

153 2397 243 2432 ut
293 2381 402 2433 ἀπὸ
457 2383 666 2434 πόλεων
729 2384 1069 2453 μικροτέρων
1120 2389 1199 2448 είς
1229 2388 1422 2457 ἐτέρας
1467 2392 1723 2458 μείζονας

154 2474 363 2534 πόλεις.
429 2474 592 2540 τυχὸν
644 2475 750 2526 ἀπὸ
815 2477 910 2529 τοῦ
979 2479 1183 2548 Ἀθύρα
1234 2483 1311 2543 εἰς
1373 2485 1718 2554 Ἡράκλειαν.

154 2567 321 2634 Φησὶν
353 2563 446 2618 οὖν
485 2571 511 2621 ό
543 2571 720 2621 κανὼν
751 2571 824 2639 μὴ
851 2571 995 2637 ἔχειν
1043 2574 1162 2623 τινα
1209 2574 1294 2624 ἐπ’
1349 2575 1532 2639 ἀδείας
1564 2579 1723 2634 τοῦτο

155 2657 329 2706 ποιεῖν
356 2657 448 2709 διά
483 2676 542 2710 τε
565 2659 662 2728 τὴν
682 2661 847 2727 τιμὴν
885 2660 979 2711 τοῦ
1007 2664 1484 2731 χειροτονήσαντος
1531 2668 1720 2721 τοῦτον

153 2745 250 2795 καὶ
270 2743 360 2797 διὰ
401 2747 462 2798 τὺ
516 2747 778 2801 ἀδύνατον
837 2743 975 2800 εἶναι
1021 2749 1112 2802 τὸν
1164 2751 1326 2803 αὑτὸν
1360 2756 1452 2804 καὶ
1509 2755 1600 2808 ἕνα
1630 2757 1722 2812 δύο

152 2838 481 2902 ἐπισκόποις
508 2841 850 2894 ὑποκεῖσθαι.
880 2841 982 2894 Τὸν
1009 2841 1064 2893 δὲ
1107 2843 1263 2897 τοῦτο
1290 2849 1462 2899 ποιεῖν
1509 2849 1714 2918 ἐπιχει-

153 2933 403 3000 ρήσαντα
460 2933 931 2986 ἀποκαθίστασθαι
991 2936 1072 2993 είς
1113 2935 1217 3004 τὴν
1255 2935 1553 3004 ἐκκλησίαν
1587 2943 1642 2991 ὲν
1685 2933 1720 3014 ᾖ

151 3023 391 3090 πρώτως
439 3023 842 3093 ἐχειροτονήθη,
878 3023 963 3091 ἐφ’
1011 3016 1055 3091 ᾧ
1087 3027 1204 3077 ἐκεῖ
1269 3026 1430 3092 μόνον
1475 3029 1720 3099 λειτουρ-

150 3115 292 3178 γεῖν.
327 3114 453 3175 Τοῖς
473 3113 528 3165 δὲ
565 3114 669 3184 πρὸ
716 3113 810 3166 τοῦ
895 3116 1119 3178 κανόνος
1149 3116 1343 3170 τούτου
1383 3119 1463 3180 είς
1490 3120 1582 3172 δύο
1608 3124 1720 3175 ἐνο-

153 3204 289 3272 ριῶν
345 3206 644 3274 ἐκκλησίας
707 3205 960 3275 ταχθεῖσι
1008 3210 1282 3276 τιμωρίαν
1330 3211 1524 3277 ἐπάγει
1551 3213 1609 3265 τὸ
1647 3215 1721 3284 μὴ

147 3296 412 3348 δύνασθαι
437 3298 826 3351 ἀνακαλεῖσθαι
857 3298 925 3350 τὰ
971 3301 1067 3366 τῆς
1116 3302 1392 3372 προτέρας
1424 3304 1721 3373 ἐκκλησίας

147 3383 520 3441 δὶκαια.Εἷτα
566 3388 857 3455 διορίζεται
913 3391 1297 3458 καθαιρεῖσθαι
1355 3393 1478 3453 τοὺς
1520 3395 1723 3463 τολμή-

151 3492 353 3537 σαντας
379 3475 786 3546 διαπράξασθαί
817 3496 869 3531 τι
922 3478 987 3532 ὲκ
1019 3480 1126 3531 τῶν
1156 3483 1632 3552 ἀπηγορευμένων
1664 3489 1722 3538 ὲν

148 3565 348 3636 τούτῳ.
405 3567 622 3620 Τούτων
675 3569 848 3632 οὕτως
904 3571 1159 3641 ἐχόντων,
1214 3573 1438 3635 τινὲςιινὸ
1473 3577 1545 3646 μὴ
1579 3580 1724 3644 γίνε⁴

152 3659 280 3712 σθαί
343 3677 465 3712 τινα
522 3661 782 3732 κληρικὸν
821 3668 877 3716 ὲν
905 3664 997 3717 δύο
1024 3665 1232 3716 πόλεων
1257 3666 1595 3735 ἐκκλησίαις,
1630 3673 1722 3725 καὶ

148 3754 229 3813 είς
289 3753 384 3805 δύο
435 3755 733 3824 ἐκκλησίας
796 3758 924 3824 μιᾶς
986 3756 1196 3819 πόλεως
1229 3759 1560 3823 ἐξελάθοντο.
1611 3765 1722 3815 Οὐκ
1767 3810 1776 3822 ,

146 3847 266 3896 ἔστι
297 3845 355 3896 δὲ
387 3844 544 3898 τοῦτο
562 3847 658 3914 τῆς
693 3847 902 3910 ἑννοίας
924 3847 1018 3899 τοῦ
1062 3849 1309 3912 κανόνος,
1364 3851 1440 3913 ὡς
1475 3853 1599 3921 ἐμοὶ
1631 3856 1754 3906 δο-⁵

147 3942 258 3992 κεῖ.
288 3940 477 3999 Ὅπως
506 3937 563 3991 δὲ
589 3940 649 3990 οὐ
676 3937 894 3992 δύναται
927 3939 1186 4011 κληρικδς
1219 3941 1276 4004 ἐξ
1298 3943 1488 4011 ἑτέρας
1509 3947 1723 4015 ὲνορίας

147 4034 229 4091 εἰς
280 4030 479 4097 ἑτέραν
506 4030 841 4099 ἀπέρχεσθαι
895 4031 1018 4100 δίχα
1045 4036 1376 4102 συστατικῆς
1406 4035 1500 4087 καὶ
1522 4037 1722 4090 ἀπολυ-

147 4124 314 4191 τικῆς
339 4123 558 4193 γραφῆς
587 4123 680 4176 τοῦ
711 4127 1190 4194 χειροτονήσαντος
1217 4128 1399 4190 αὑτὸν,
1432 4131 1523 4181 καὶ
1575 4133 1721 4195 ὅπως

151 4218 500 4281 κολάζεταιό
536 4215 694 4268 τοῦτο
737 4221 971 4286 ποιήσας
1021 4218 1161 4270 καὶὸ
1189 4218 1482 4284 δεξάμενος
1535 4223 1744 4287 αὑτὸν,Γ

149 4309 358 4378 ἔμαθες
383 4308 491 4360 ἀπὸ
524 4306 619 4360 τοῦ
653 4305 712 4359 ιε’
736 4309 828 4359 καὶ
884 4305 959 4371 ις’
991 4309 1351 4362 ἀποστολικοῦ
1390 4313 1628 4375 κανόνος.
1659 4314 1720 4366 Ei.

141 4405 200 4455 δέ
231 4417 317 4462 τις
349 4401 618 4470 ἐρωτήσει
652 4415 710 4450 σε
732 4398 822 4451 διὰ
849 4399 901 4450 τί
938 4402 967 4452 ὲ
998 4399 1189 4452 παρὼν
1246 4401 1425 4452 κανὼν
1457 4406 1596 4454 κατὰ
1624 4407 1720 4467 τὰς

1841 553 2280 616 Iuetropolitanus
2313 555 2400 616 qui
2435 555 2518 604 uni
2550 555 2787 618 subjacet
2819 558 3159 622 patriarchae,
3195 561 3259 609 ab
3287 563 3393 610 alio

1841 643 2196 710 judicaretur,
2231 643 2331 696 nisi
2363 644 2460 697 soli
2494 646 3121 716 ConstantinOpOIitanoq

2459 821 2686 878 CANON
2729 823 2792 879 X.

1837 909 1962 966 Non
1985 913 2138 965 licere
2161 913 2347 966 clerico
2369 917 2420 966 in
2438 916 2663 968 duarum
2689 919 2951 970 civitatum
2976 920 3201 973 ecclesiis
3225 923 3398 972 eodem

1912 1015 2140 1071 tempore
2185 1007 2238 1057 in
2280 1009 2575 1075 catalogum
2606 1009 2810 1073 referri,
2856 1019 2903 1061 et
2938 1012 2990 1060 in
3030 1029 3109 1073 ea,
3150 1011 3202 1061 in
3234 1029 3335 1078 qua
3373 1034 3398 1057 ιι

1905 1097 2157 1164 principio
2187 1099 2460 1150 ordinatus
2484 1109 2582 1159 est,
2612 1111 2656 1152 et
2690 1103 2739 1151 in
2763 1117 2846 1162 ea,
2872 1103 2923 1152 in
2959 1119 3112 1168 quant
3146 1115 3390 1167 tanquam

1907 1192 1975 1238 ad
2003 1191 2254 1253 maiorem
2282 1193 2536 1260 confugit,
2569 1205 2774 1258 propter
2808 1197 2975 1246 inanis
3013 1197 3199 1263 gloria:
3230 1202 3396 1264 ,σηρὲ-

1905 1279 2121 1332 ditatem
2151 1298 2169 1333 :
2200 1297 2284 1333 eos
2318 1292 2513 1343 autem,
2540 1287 2628 1348 qui
2670 1285 2765 1336 hoc
2803 1286 3023 1352 faciunt,
3061 1292 3284 1355 propria:
3317 1308 3397 1339 er-

1911 1370 2081 1424 clesia'
2115 1375 2336 1431 restitui.
2379 1376 2429 1426 in
2476 1393 2576 1442 qua
2615 1377 2676 1426 ab
2711 1378 2858 1429 initio
2892 1381 3123 1430 ordinati
3164 1392 3302 1440 sunt.
3344 1394 3398 1433 ut

1905 1462 2014 1514 illic
2035 1466 2202 1516 solum
2235 1467 2551 1518 ministrent.
2585 1466 2688 1518 Sed
2714 1469 2888 1535 sijain
2913 1471 3171 1538 quispiam
3201 1489 3263 1523 ea:
3290 1474 3396 1524 alia

1906 1556 1958 1606 in
1999 1557 2154 1606 aliam
2185 1558 2456 1609 ecclesiam
2487 1563 2776 1611 translatus
2812 1573 2906 1624 est,
2943 1563 3072 1614 nihil
3103 1566 3292 1628 prioris
3319 1584 3399 1615 er-

1907 1646 2076 1698 clesite
2121 1648 2197 1699 vel
2239 1665 2414 1700 eorum
2454 1667 2568 1716 qua:
2611 1651 2704 1701 sub
2747 1669 2809 1704 ea
2840 1667 2956 1705 sunt
3000 1658 3393 1724 martyriorum.

1914 1741 1988 1788 vel
2030 1741 2562 1806 ptochotrophiorum,
2624 1743 2700 1795 vel
2745 1746 3187 1798 xenodochiorum
3247 1752 3392 1802 rebus

1905 1835 2307 1886 communicare.
2358 1832 2458 1887 Eos
2503 1845 2674 1886 autem
2718 1839 2804 1903 qui
2854 1840 2972 1891 ausi
3015 1830 3232 1906 fuerint,
3280 1856 3393 1907 post

1902 1939 2108 1990 magna:
2148 1925 2302 1989 hujus
2336 1937 2383 1978 et
2434 1930 2740 1980 universalis
2781 1931 2966 1996 synodi
3016 1933 3392 1998 deﬁnitionem,

1904 2017 2102 2081 aliquid
2141 2033 2342 2080 eorum,
2385 2035 2500 2084 qua:
2543 2036 2676 2072 nunc
2707 2030 2826 2072 sunt
2872 2023 3152 2089 prohibita,
3200 2026 3389 2092 facere.

1898 2107 2078 2157 statuit
2111 2120 2292 2159 sancta
2318 2109 2545 2176 synodus
2577 2125 2662 2161 eos
2689 2112 2898 2177 praprio
2930 2113 3101 2181 gradu
3133 2119 3389 2169 excidere.

1904 2284 2096 2338 BALS.
2140 2286 2362 2350 Quidam
2409 2288 2591 2342 clerici
2630 2290 2818 2342 insano
2853 2292 3035 2360 gloria:
3065 2311 3246 2348 amore
3286 2299 3388 2350 im-

1831 2379 1990 2446 pulsi,
2044 2393 2070 2429 a
2122 2381 2303 2445 parvis
2348 2381 2566 2433 urbibus
2608 2382 2656 2431 in
2706 2383 2839 2435 alias
2887 2386 3119 2452 majores
3171 2393 3390 2441 conmi-

1830 2481 2006 2533 grauit,
2039 2481 2093 2522 ut
2116 2472 2262 2524 verbi
2300 2473 2495 2537 gratia,
2529 2474 2595 2524 ab
2635 2477 2837 2544 Atbyra
2884 2477 3215 2534 Heracleam.
3255 2482 3391 2535 Dicit

1829 2577 1955 2630 ergo
2001 2577 2194 2624 canon,
2243 2562 2398 2632 124,
2450 2565 2652 2616 nemini
2707 2565 2866 2620 lieere
2937 2569 3036 2622 hoc
3091 2570 3285 2635 facere,
3337 2585 3391 2628 ct.

1830 2665 2046 2721 propter
2094 2653 2351 2706 honorem
2399 2653 2512 2720 ejus
2553 2657 2640 2722 qui
2678 2659 2963 2720 ordinavit,
3009 2672 3060 2713 et
3104 2666 3226 2731 quia
3274 2667 3386 2718 ίῑιϊὶ

1829 2759 1932 2796 non
1968 2752 2143 2812 potest
2174 2755 2229 2796 ut
2262 2759 2397 2796 unus
2426 2755 2475 2796 et
2509 2746 2645 2798 idem
2689 2749 3007 2817 subjiciatur
3037 2753 3244 2807 duobus
3274 2761 3388 2821 cpi-

1829 2837 2025 2901 sc0pis.
2068 2836 2198 2888 Eum
2227 2848 2424 2896 autem,
2454 2837 2538 2903 qui
2564 2837 2663 2888 hoc
2688 2838 2863 2892 facere
2893 2857 3175 2909 aggressus
3205 2845 3388 2910 Γειιϊὶι,

1828 2930 2036 2980 restitui
2075 2928 2314 2981 ecclesiae
2358 2930 2407 2979 iu
2438 2943 2538 2994 qua
2593 2930 2739 2994 prius
2780 2931 3060 2986 ordinatus
3095 2935 3292 2998 fuerat,
3331 2951 3389 2991 ut

1828 3019 1935 3072 illic
1983 3020 2150 3072 solum
2194 3021 2482 3074 ministret.
2534 3020 2600 3074 lis
2639 3036 2785 3088 vero,
2835 3026 3081 3093 quiante
3132 3031 3269 3082 hunc
3302 3051 3389 3082 ι-ιι-

1828 3125 2020 3163 ncnem
2056 3112 2105 3163 in
2137 3112 2360 3164 duarum
2394 3114 2668 3174 regionum
2700 3116 2945 3169 ecclesiis
2976 3123 3205 3171 ordinati
3238 3135 3383 3188 sunt,

1827 3219 2035 3276 pugnam
2089 3205 2294 3265 statuit,
2345 3213 2401 3257 ut
2438 3207 2635 3272 prioris
2679 3210 2917 3260 ecclesiae
2961 3208 3082 3277 jura
3134 3227 3387 3266 reanare

1827 3307 2111 3362 nequeant.
2146 3293 2343 3348 Deinde
2372 3311 2464 3348 eos
2494 3297 2839 3363 deponendos
2871 3302 3132 3364 decernit,
3167 3305 3256 3371 qui
3285 3305 3353 3357 ali
3373 3337 3384 3342 -

1823 3388 1950 3454 quid
2006 3392 2183 3440 lacere
2240 3389 2354 3441 ausi
2417 3388 2617 3441 fuerint
2659 3406 2846 3443 eorum
2889 3409 3008 3461 qua:
3050 3407 3171 3446 sunt
3217 3398 3268 3448 in
3323 3413 3386 3450 eo

1825 3480 2110 3547 prohibita.
2132 3478 2252 3531 llaic
2279 3495 2399 3531 cum
2432 3482 2499 3531 ita
2528 3497 2585 3532 se
2608 3480 2857 3544 habeant,
2883 3487 3095 3552 quidam
3125 3488 3382 3550 uitulum».

1825 3586 1944 3624 t'SSt‘.
1979 3573 2209 3638 aliquem
2242 3572 2492 3622 clericum
2527 3573 2576 3623 in
2619 3574 2842 3626 duarum
2877 3579 3084 3629 urbium
3116 3581 3378 3646 ecclesiis,

1824 3666 1984 3716 etiam
2023 3667 2086 3716 ad
2125 3667 2254 3714 duas
2286 3663 2443 3714 unius
2470 3665 2702 3738 civitatis
2729 3669 2987 3721 ecclesias
3020 3673 3378 3738 accipiebant.

1825 3755 1939 3809 Non
1971 3767 2051 3808 est
2075 3766 2252 3807 autem
2283 3755 2393 3808 hac
2424 3757 2646 3809 canonis
2670 3762 2957 3822 sententia,
2989 3775 3042 3814 ut
3078 3765 3204 3815 mibi
3237 3767 3383 3816 vidr-

1827 3858 1930 3899 tur.
1969 3847 2245 3911 Quomodo
2289 3856 2461 3898 autem
2512 3861 2618 3896 non
2670 3858 2843 3914 potest
2887 3850 3114 3903 clericus
3161 3869 3220 3905 ex
3276 3871 3379 3908 una

1828 3942 2041 4008 regione
2072 3941 2120 3991 in
2157 3919 2316 3990 aliam
2345 3936 2653 3999 abscedere,
2694 3939 2808 3990 sine
2835 3945 3290 3997 commendatoria
3322 3958 3375 3998 et

1829 4032 2132 4084 dimissoria
2185 4032 2450 4096 scriptura
2503 4030 2615 4096 ejus
2659 4032 2748 4098 qui
2794 4047 2914 4084 eum
2965 4036 3273 4098 ordinavit;
3331 4049 3384 4090 et

1824 4124 2090 4192 quomodo
2123 4125 2341 4190 punitur
2369 4124 2454 4190 qui
2500 4127 2600 4174 hoc
2627 4124 2830 4186 iecerit,
2861 4135 2915 4177 et
2951 4127 3040 4190 qui
3073 4142 3192 4179 etim
3223 4146 3384 4181 etce-

1823 4218 1921 4284 pit,
1952 4217 2181 4268 didicisti
2218 4232 2244 4266 a
2288 4215 2356 4268 13
2389 4227 2441 4266 et
2478 4215 2544 4267 16
2576 4232 2786 4270 canone
2819 4219 3136 4286 apostolicm
3177 4221 3230 4273 Si
3262 4224 3381 4288 quis

1824 4323 2001 4362 autem
2048 4311 2481 4376 interrogaverit,
2510 4310 2621 4362 Cur
2665 4326 2901 4375 praesens
2934 4329 3106 4366 canon
3147 4317 3196 4366 iu
3233 4333 3383 4381 prin-

1824 4401 1963 4466 cipio
2015 4401 2229 4466 quidem
2285 4400 2416 4452 dicit
2479 4401 2639 4467 priori
2692 4403 2937 4456 ecclesia:
2991 4406 3376 4458 restituendum

144 4497 324 4567 ἀρχὰς
353 4495 454 4562 μὲν
514 4491 986 4545 ἀποκαθίστασθαί
1045 4510 1176 4560 φησι
1218 4496 1298 4554 είς
1322 4493 1418 4563 τὴν
1443 4496 1716 4564 προτέραν
1751 4494 1792 4548 D

1706 4515 1716 4544 ι
1751 4494 1792 4548 D
1823 4509 1941 4543 cum
1979 4492 2066 4560 qui
2104 4507 2130 4544 a
2164 4493 2379 4545 civitate
2416 4493 2464 4544 in
2497 4493 2766 4545 civitatem
2806 4494 3142 4558 lransilierit,
3192 4499 3239 4546 in
3279 4500 3380 4549 line

143 4587 446 4656 ἐκκλησίαν
481 4586 571 4638 τὸν
593 4586 698 4638 ἀπὸ
721 4585 927 4648 πόλεως
957 4586 1035 4646 εἰς
1058 4585 1211 4637 πόλιν
1241 4586 1720 4656 μεταπηδήσαντα,

147 4681 291 4732 κατὰ
318 4678 457 4731 δὲτὸ
497 4677 648 4738 τέλος
702 4675 1140 4740 παρακελεύεται
1193 4677 1576 4745 καθαιρεῖσθαι
1631 4681 1720 4732 τὸν

142 4774 342 4826 τούτου
373 4769 728 4841 παραϐάτην;
763 4767 883 4821 είπὲ
902 4770 982 4822 ὅτι
1015 4769 1102 4820 τὸν
1131 4769 1228 4838 μὲν
1260 4771 1721 4839 μεταπηδήσαντα

141 4866 254 4917 ἀπὸ
292 4864 502 4925 πόλεως
549 4867 629 4926 εἰς
685 4861 860 4922 πόλιν,
931 4861 1096 4931 μήπω
1149 4862 1206 4913 δὲ
1260 4861 1609 4930 κληρωθέντα
1644 4867 1721 4928 είς

141 4959 244 5022 τὴν
277 4954 538 5022 δευτέραν
579 4953 902 5021 ἐκκλησίαν,
958 4951 1436 5004 ἀποκαθίστασθαι
1486 4955 1720 5021 διορίζε-

140 5066 234 5101 ται
268 5050 350 5108 εἰς
378 5047 479 5116 τὴν
508 5046 750 5116 πρώτην·
792 5045 886 5095 τὸν
915 5045 970 5095 δὲ
1021 5042 1371 5111 κληρωθέντα
1401 5044 1492 5094 καὶ
1547 5047 1683 5111 ἐγκα
1704 5078 1715 5086 -

140 5142 424 5194 ταστὰντα
477 5141 555 5201 είς
611 5129 1015 5207 τὴνδευτέραν,
1072 5138 1359 5187 ἐκπίπτειν
1388 5136 1480 5187 τοῦ
1512 5140 1713 5190 οἰκείιρυ

1821 4597 1997 4637 autem
2046 4585 2200 4652 jubet
2251 4583 2407 4650 hujus
2453 4595 2908 4653 transgressorem
2989 4587 3231 4652 deponi?
3270 4589 3378 4648 dic,

1822 4677 1959 4744 quod
2005 4691 2123 4728 eum
2173 4677 2259 4740 qui
2309 4692 2336 4728 a
2371 4677 2588 4729 civitate
2624 4677 2675 4728 in
2725 4677 2999 4729 civitatem
3038 4681 3290 4739 transilit,
3327 4683 3376 4730 iu

1820 4772 2049 4824 secunda
2085 4780 2260 4821 autem
2294 4770 2518 4821 ecclesia
2555 4771 2602 4821 in
2636 4769 2838 4820 clerum
2875 4772 3110 4821 nondum
3146 4787 3226 4824 est
3256 4790 3381 4824 CLO-

1821 4873 2018 4928 ptauis,
2069 4861 2255 4928 primae
2294 4857 2442 4926 jubet
2483 4861 2688 4911 restitui
2741 4877 2753 4910 :
2801 4876 2918 4912 eum
2957 4871 3134 4912 autem
3191 4862 3279 4927 qui
3330 4866 3379 4912 in

1819 4952 2049 5003 secunda
2092 4949 2318 5002 ecclesia
2351 4949 2401 5000 in
2438 4949 2638 5001 clerum
2669 4960 2752 5001 est
2783 4960 3062 5016 coOptatus
3099 4961 3146 5001 et
3179 4956 3382 5002 consti-

1827 5053 1969 5094 tutus
2010 5057 2105 5093 suo
2152 5041 2399 5093 excidere
2449 5043 2637 5106 gradu.
2685 5040 2838 5105 Quod
2891 5050 3063 5092 autem
3105 5041 3223 5092 talis
3273 5056 3374 5093 non

1823 5149 1905 5194 est
1928 5136 2118 5191 exinde
2145 5135 2416 5204 depositus
2458 5135 2558 5189 nisi
2596 5144 2714 5203 post.
2758 5136 3244 5200 denuntiationem,
3268 5137 3378 5205 lege

1384 5254 1574 5315 Guill.
1614 5259 1930 5335 Beveregii
1964 5264 2127 5318 notae

217 5366 296 5433 (ὅ)
325 5362 418 5429 Μὴ
445 5360 998 5436 ἐξείναιῌκληρικδν
1025 5359 1094 5412 ἐν
1136 5357 1544 5436 δυσπόλεων.
1581 5355 1721 5436 Idem

145 5427 289 5489 [μέθ’
321 5452 348 5485 a
407 5427 612 5502 synodo
668 5430 882 5485 Nicaeum
935 5432 968 5483 2
1022 5428 1389 5502 constituitur.
1436 5427 1718 5502 ΔΚλζηρικὸς

143 5509 254 5559 απὸ
281 5502 380 5556 τοῦ
406 5496 768 5574 παρόντοςᾲμὴ
799 5498 1225 5574 καταταττέσθω
1254 5500 1311 5549 ἐν
1333 5496 1488 5550 δυσὶν
1522 5500 1718 5563 ἐκκλη-

147 5580 316 5636 σίαις.
357 5572 496 5642 Syri;
522 5573 635 5625 Nic.
661 5572 715 5633 ‘2,
759 5586 879 5624 cau.
908 5572 994 5642 15.

214 5635 295 5712 (by)
333 5635 427 5708 Ὡς
447 5642 670 5712 μείζονι
699 5642 903 5710 δῆθεν.
947 5641 1305 5700 Justiuianus,
1343 5635 1490 5690 Illud
1516 5657 1714 5707 quoque

146 5717 510 5783 adjiciendum
540 5721 644 5778 est,‘
670 5724 721 5765 ut
755 5715 892 5783 quod
917 5712 1166 5764 hactenus
1196 5714 1499 5763 indecenter
1532 5713 1710 5776 fiebat,

148 5781 480 5855 neattaquam
537 5787 592 5839 in
655 5782 920 5848 republica
965 5794 1178 5853 geratur
1229 5799 1247 5835 .'
1297 5783 1347 5834 id
1393 5790 1466 5831 est
1523 5786 1711 5832 inultos

1814 5643 2163 5706 patrocinium
2219 5641 2480 5705 quodlibet
2538 5642 2805 5692 accedere.

1816 5715 2114 5765 omnimodo
2135 5711 2254 5779 ﬁeri
2286 5710 2635 5777 prohibemus.
2672 5709 2863 5761 Justiti.
2899 5712 3032 5764 Nov.
3077 5712 3132 5769 5,
3166 5728 3214 5763 c.
3244 5710 3298 5762 ‘2.

1820 5361 2366 5413 reverendissimorum
2423 5358 2728 5410 clericorum
2775 5358 3052 5425 dedignari
3074 5360 3280 5426 quidem
3321 5361 3374 5412 in

1821 5435 1904 5488 iis,
1938 5431 2122 5498 quibus
2160 5430 2392 5480 ordinati
2422 5441 2562 5486 sunt,
2609 5430 2955 5480 sanctissimis
3012 5433 3258 5491 ccclesiis,
3286 5442 3377 5483 aut

1817 5503 1902 5552 hic
1936 5512 2025 5552 aut
2046 5503 2099 5550 in
2129 5501 2412 5566 prorinciis
2442 5502 2716 5555 deservire.
2751 5505 2816 5549 ad
2849 5501 3230 5552 sanctissimam
3259 5518 3375 5553 vero

1820 5571 2075 5639 majorem
2125 5571 2416 5625 ecclesiam.
2447 5581 2493 5621 et
2526 5571 2866 5622 venerabilem
2898 5571 3092 5621 clerum
3145 5587 3256 5637 ejus
3292 5588 3379 5623 ier

2875 5643 3025 5702 Quod
3067 5643 3131 5692 de
3187 5651 3376 5693 cu'tero
