4238 6464
245 354 348 418 429

1392 351 1470 409 1N
1505 352 1663 412 CAN.
1709 352 1792 410 Xi
1841 351 2045 411 CONC.
2085 351 2443 411 CHALCED.

3365 360 3472 423 430

244 468 392 517 λικδν
420 461 618 514 κανόνα
639 463 728 513 καὶ
754 461 842 512 τὸν
868 461 947 526 λγν
973 475 984 488 ·
1022 459 1054 528 ἢ
1083 458 1209 511 ὅταν
1239 460 1536 527 κατηγορία
1569 462 1707 510 κατὰ
1737 475 1816 508 τι·
1843 465 1890 518 Α

1798 487 1816 496 -
1843 465 1890 518 Α
1925 469 2048 510 tatis
2080 459 2336 524 episcopo
2368 458 2830 514 commendantes.
2860 462 3144 531 Accipiunt
3194 464 3228 518 ii
3263 478 3472 535 quoque

242 573 330 615 νος
374 556 622 623 γένηται,
660 555 753 606 καὶ
786 555 928 621 φανῇ
981 551 1154 608 ἀθῶος
1195 553 1222 600 ὀ
1255 551 1672 618 κατηγορηθεὶς,
1716 552 1807 600 καὶ

241 647 368 716 δοθῇ
418 647 566 714 αὐτῷ
623 645 880 712 ἐπιστολὴ
917 645 1223 696 συνιστῶσα
1275 644 1435 696 αὐτὴν
1472 643 1549 712 τῷ
1578 644 1713 712 πρὸς
1746 644 1806 694 ὃν

241 741 556 808 ἀπεστάλη,
629 743 720 790 καὶ
786 739 1114 790 διδάσκουσα
1177 738 1591 804 συκοφαντικῶς
1646 737 1805 788 αὐτὸν

239 833 707 898 κατηγορηθῆνιι.
770 829 958 890 Οὕτως
1023 828 1260 898 ἐχουσῶν
1330 830 1439 879 τῶν
1501 828 1803 880 ἐπιστολῶν

239 923 472 980 τούτων,
502 925 665 992 φησὶν
709 925 736 974 ὁ
773 923 956 975 κανὼν
1005 925 1117 982 τοῖς
1170 923 1364 989 πένησι
1411 921 1506 972 καὶ
1534 920 1806 988 δεομένοις

243 1015 516 1082 βοηθείας,
547 1015 642 1065 καὶ
682 1015 769 1067 διὰ
803 1012 962 1065 τοῦτο
991 1014 1444 1082 προσερχομένοις
1473 1014 1536 1081 τῇ
1581 1011 1806 1079 Ἐκκλη-

243 1107 356 1175 aiat,
384 1108 667 1176 εἰρηνικὰς
710 1108 819 1158 δεῖν
865 1107 1101 1158 δίδοσθαι
1141 1106 1428 1166 ἐπιστολὰς
1469 1107 1529 1155 ἐκ
1575 1104 1676 1170 τῆς
1717 1106 1804 1156 ἐκ·

242 1197 493 1264 κλησίας,
532 1199 626 1250 καὶ
684 1199 759 1266 μὴ
811 1198 1166 1258 συστατικὰς.
1210 1197 1382 1261 Χρέος
1430 1196 1536 1264 γὰρ
1587 1194 1731 1264 εἶχον
1757 1197 1804 1246 οἱ

240 1290 518 1358 ἀρχιερεῖς
549 1289 1050 1357 ἀντιλαμϐάνεσθαι
1104 1289 1213 1340 τῶν
1253 1288 1708 1356 προσφευγόντων
1737 1291 1803 1356 τῇ

251 1380 552 1450 Ἐκκλησία
583 1381 855 1449 πενήτων,
884 1380 1190 1450 ἣόρφανῶν
1222 1383 1314 1432 καὶ
1349 1380 1532 1449 χηρῶν
1565 1381 1698 1445 (10),
1728 1381 1804 1441 ὡς

239 1472 863 1539 καταδυναστευομένων
912 1472 1064 1533 ἴσως,
1098 1471 1131 1539 ἢ
1176 1472 1580 1540 ἀδικουμένων,
1608 1472 1640 1542 ἢ
1673 1474 1805 1524 ἁπο-

241 1563 618 1632 στερουμένων
644 1563 751 1615 τῶν
780 1562 1095 1632 ἀνηκόντων
1138 1564 1321 1623 αὐτοῖς
1347 1577 1360 1590 ·
1400 1563 1492 1614 καὶ
1529 1562 1802 1626 τοσοῦτον,

237 1651 383 1703 ὥστε
416 1652 749 1721 κωλυόμενοι
773 1655 820 1705 oi
846 1653 1136 1705 ἐπίσκοποι
1160 1653 1383 1705 ἀπιέναι
1423 1653 1553 1722 πρὸς
1582 1653 1804 1721 βασιλέα

236 1745 326 1797 διὰ
358 1745 570 1814 δεήσεις
598 1745 805 1807 οἰκείας
829 1747 924 1797 καὶ
954 1746 1211 1815 ἐνοχλεῖν,
1234 1745 1624 1813 ἐπιτρέπονται
1647 1745 1803 1797 τοῦτο

1916 550 2402 612 commendalitias,
2433 551 2522 616 qui
2555 553 2728 604 vocati
2759 553 2810 604 in
2840 553 3104 618 judicium
3151 571 3210 610 se
3246 572 3275 610 a
3316 559 3470 626 culpa

1923 641 2188 694 immunes
2213 640 2569 701 ostenderint,
2595 643 2790 710 quibus
2832 653 2886 697 ct
2929 647 2977 696 ei
3009 649 3074 699 ad
3111 663 3269 715 quem
3323 649 3472 702 missi

1914 741 2038 784 sunt
2254 736 2506 803 episc0po
2535 737 3000 798 commemlentur,
3043 747 3098 789 et
3149 739 3278 793 falsa
3328 741 3476 794 dela-

1917 823 2058 876 tione
2087 823 2322 891 ipsorum
2346 825 2706 878 innocentiam
2732 835 2991 880 tentatum
3019 826 3184 883 fuisse
3217 841 3472 886 testatum

1917 918 2026 969 liat.
2058 916 2192 971 Cum
2225 919 2335 969 lucc
2369 920 2529 987 igitur
2574 928 2718 972 esset
2764 923 2897 974 ratio
2945 923 3317 991 epistolarum,
3379 929 3472 996 qui

1917 1006 2090 1075 inopia
2116 1008 2305 1073 pressi,
2337 1009 2417 1060 vel
2442 1011 2622 1062 auxilii
2646 1023 2861 1078 quoquo
2877 1017 3036 1066 modo
3063 1013 3384 1084 indigentes,
3407 1020 3474 1070 ab

1917 1097 2158 1151 Ecclesia
2213 1100 2310 1152 subi
2359 1116 2512 1166 opem
2544 1111 2918 1171 exposcerent,
2953 1104 3202 1171 pacificas
3253 1106 3319 1161 iis
3374 1109 3473 1161 lto-

1920 1189 2180 1250 miniltus,
2201 1206 2303 1244 non
2327 1199 2504 1244 autem
2529 1193 3000 1246 commendatitias
3025 1196 3232 1251 litteras
3249 1200 3473 1251 concedi

1915 1293 2090 1332 canon
2122 1290 2372 1346 oportere
2407 1282 2670 1336 decernit.
2711 1284 2835 1336 Fuit
2876 1300 3111 1353 namque
3155 1289 3475 1358 episcopalis-

1915 1370 2073 1424 ollieii
2108 1388 2424 1442 pauperum,
2461 1376 2890 1445 pupillorumque
2927 1392 2990 1431 ac
3035 1379 3334 1446 viduarum,
3383 1384 3474 1434 ad-

1917 1475 2105 1514 versus
2133 1466 2498 1531 potentiorum
2553 1465 2778 1534 injurias
2832 1477 2887 1520 et
2935 1468 3078 1521 illata
3132 1471 3473 1533 detrimenta,

1914 1567 2204 1622 rerumque
2236 1557 2299 1607 ad
2329 1556 2446 1610 illos
2472 1559 2856 1626 pertinentium
2889 1560 3193 1616 ablationes
3231 1563 3474 1617 ecclesia:

1912 1663 2065 1715 opem
2098 1647 2524 1717 implorantium,
2564 1649 2934 1705 defensionem
2967 1653 3280 1721 suscipere:
3338 1655 3472 1708 adeo

1915 1751 1970 1791 ut
2001 1755 2125 1793 cum
2183 1742 2263 1793 sui
2319 1743 2519 1810 negotii
2568 1757 2729 1796 causa
2773 1744 3152 1809 imperatorem
3212 1747 3363 1799 adire
3409 1761 3472 1798 ae

239 1837 418 1886 ποιεῖν
471 1834 558 1885 διὰ
613 1836 738 1896 τους
786 1836 853 1903 τῇ
908 1834 1207 1902 Ἐκκλησία⁸
1269 1835 1738 1903 προσφεύγοντας,
1773 1836 1804 1904 ἢ
1837 1818 1884 1876 Β

1799 1818 1884 1904 ,Β
1915 1829 2258 1896 interpellare
2301 1831 2541 1899 episcopi
2593 1842 2924 1896 vetarentur,
2976 1843 3034 1886 ut
3085 1833 3188 1887 hoc
3233 1835 3473 1889 facerent

239 1925 484 1977 στέλλειν
529 1925 809 1985 διακόνους
846 1927 1009 1988 ίδίους
1050 1928 1130 1989 είς
1176 1928 1499 1995 ἐπικουρίαν
1533 1927 1641 1979 τῶν
1690 1930 1803 1980 δεο-

240 2018 444 2085 μένων,
482 2021 575 2070 καὶ
623 2022 703 2081 είς
753 2020 1103 2088 καταλλαγὴν
1153 2019 1260 2070 τῶν
1321 2021 1412 2072 δια
1463 2022 1803 2089 πταίσματος

237 2111 751 2163 καταδικασθέντων
801 2111 1134 2180 κολασθῆναι
1174 2112 1206 2180 ἢ
1257 2112 1700 2181 περιορισθῆναι,
1730 2116 1804 2174 ὡς

236 2207 266 2256 ὁ
291 2202 336 2266 ζ’
368 2205 462 2255 καὶ
491 2204 520 2255 ὁ
553 2202 602 2272 η’
652 2205 831 2256 κανὼν
862 2204 960 2272 τῆς
991 2205 1047 2255 ὲν
1070 2204 1305 2272 Σαρδικῇ
1339 2203 1555 2256 συνόδου
1582 2205 1807 2272 διαλαμ-

236 2293 417 2350 ϐάνει,
451 2294 574 2356 Τοῖς
605 2295 737 2360 γοῦν
769 2294 892 2345 καθ’
929 2293 1231 2364 οἱονδήτινα
1254 2294 1458 2363 τρόπον
1483 2297 1804 2364 ἐπικουρίας

234 2389 517 2455 δεομένοις
603 2386 933 2455 ἐνεχείριζον
1017 2386 1308 2448 ἐπιστολὰς
1391 2388 1439 2438 οῖ
1513 2389 1803 2440 ἐπίσκοποι

236 2479 540 2547 βοηθοῦσας
566 2479 768 2540 αὐτοῖς,
795 2478 878 2546 ἐφ’
917 2473 1000 2540 οἷς
1044 2477 1274 2540 ἐδέοντο,
1302 2478 1555 2531 κάκεῖναι
1591 2481 1800 2546 εἰρηνι-

236 2572 334 2620 καί
394 2568 708 2630 ἐκαλοῦντο,
756 2569 831 2630 ὠς
877 2570 1102 2638 εἰρήνην
1149 2567 1536 2637 βραϐεύουσαι,
1573 2573 1684 2632 τοῖς
1737 2570 1804 2621 δι’

233 2661 412 2730 ὀργὴν
451 2662 729 2730 ἀρχόντων
780 2661 813 2729 ἢ
856 2661 1292 2713 δυναστευόντων
1339 2661 1526 2715 ἄδικον
1576 2663 1802 2731 γνώμην

233 2758 538 2823 πάσχουσι.
600 2755 866 2823 Παρέχειν
924 2754 979 2806 δὲ
1040 2753 1242 2815 ταύτας
1312 2754 1497 2815 αὐτοῖς
1550 2754 1578 2804 ὁ
1625 2753 1805 2807 κανὼν

231 2849 590 2900 διατάττεται
623 2847 760 2914 μετὰ
810 2845 1156 2915 δοκιμασίας.
1190 2848 1265 2898 Οὐ
1316 2848 1426 2914 γὰρ
1484 2846 1669 2908 ἁπλῶς
1712 2851 1803 2900 καὶ

230 2943 619 3010 ἀδοκιμάστως
653 2942 818 2992 παντὶ
858 2940 1282 3011 προσερχομένῳ
1305 2941 1388 2994 δεῖ
1411 2939 1648 3010 βοηθεῖν,
1670 2941 1802 2994 ἀλλὰ

229 3033 316 3100 τῷ
369 3031 727 3100 ἀδικουμένῳ.
762 3032 822 3083 Ei
868 3035 974 3101 γάρ
1018 3050 1100 3094 τις
1162 3031 1364 3085 ἀδικῶν
1421 3033 1694 3104 προσέλθῃ
1734 3036 1798 3102 τῇ

1911 1920 2122 1974 illorum
2156 1924 2354 1991 gratia.
2390 1925 2482 1991 qui
2518 1924 2584 1976 ad
2631 1925 2926 1979 Ecclesiam
2961 1926 3349 1993 confugissent.
3382 1940 3478 1980 aut

1909 2011 2168 2067 diaconos
2195 2029 2324 2068 suos
2353 2018 2418 2066 ad
2456 2016 2806 2083 indigentium
2835 2018 3116 2078 auxilium,
3166 2028 3220 2072 et
3261 2034 3470 2081 eorum,

1908 2105 1996 2172 qui
2027 2105 2096 2158 ob
2127 2105 2383 2159 delictum
2413 2107 2628 2179 aliquod
2662 2108 2838 2174 plenis
2871 2107 2955 2161 vel
2989 2110 3184 2163 exsilio
3225 2111 3468 2164 damnati

1910 2198 2144 2263 fuerunt,
2175 2197 2565 2260 liberationem,
2596 2200 2870 2255 mitterent
2903 2203 2933 2254 7
2962 2212 3015 2256 et
3062 2203 3094 2256 8
3129 2202 3470 2258 Sardicensis

1908 2291 2098 2357 synodi
2130 2304 2254 2344 can.
2289 2291 2395 2344 illis
2424 2293 2846 2348 concedebatur.
2879 2292 2974 2348 His
3019 2297 3184 2364 igitur
3234 2297 3473 2350 homini-

1909 2381 2032 2446 bus,
2065 2382 2155 2449 qui
2192 2397 2251 2435 se
2284 2383 2591 2436 omnimodo
2639 2385 2756 2451 opis
2809 2384 3021 2452 indiges
3072 2386 3472 2452 profiterentur,

1909 2474 2191 2542 Suppetiis,
2224 2489 2360 2544 quas
2389 2485 2728 2544 optaverant,
2786 2476 3043 2542 ferendis,
3092 2479 3160 2532 al)
3205 2480 3474 2549 episcopis

1908 2565 2107 2618 littera:
2162 2569 2510 2621 tradebantur
2563 2581 2747 2633 eatque
2819 2569 3061 2636 pacifica:
3117 2569 3470 2632 dicebantur,

1908 2674 2089 2724 pacem
2119 2659 2324 2712 scilicet
2358 2659 2488 2722 illis,
2520 2660 2719 2726 quibus
2751 2670 2843 2712 aut
2875 2661 3181 2731 principum
3213 2674 3306 2715 aut
3354 2666 3470 2732 pri-

1909 2762 2110 2804 motutn
2176 2751 2456 2804 iracundia
2528 2766 2742 2805 causam
2823 2753 3040 2820 injustas
3111 2755 3474 2810 damnationis

1908 2842 2209 2904 attulisset,
2278 2841 2584 2898 afferentes.
2640 2843 2874 2898 Litteras
2941 2861 3102 2914 porro
3166 2849 3472 2914 ejusmodi.

1907 2947 2107 2994 Caunii,
2160 2933 2260 2986 nisi
2294 2934 2571 3002 explorata
2628 2936 3008 3002 postulationis
3053 2941 3311 3006 aequitate
3356 2941 3472 2994 cui-

1905 3041 2066 3092 quam
2095 3028 2312 3078 concedi
2344 3037 2509 3080 vetat.
2545 3027 2654 3081 Nec
2686 3030 2829 3082 enim
2855 3031 3157 3086 inconsulte
3185 3050 3249 3088 ac
3274 3045 3473 3090 temere

249 3122 550 3191 Ἐκκλησία
690 3123 1044 3194 κακουργῶν,
1093 3124 1156 3174 οὐ
1211 3123 1316 3191 χρὴ
1370 3126 1481 3184 τοῖς
1538 3124 1869 3219 τοιούτοις(ἶ
1905 3133 1923 3167 ι

1794 3142 1869 3219 _-C
1905 3132 2113 3176 otuues,
2174 3117 2269 3170 sed
2321 3133 2460 3185 quos
2524 3119 2720 3185 injuste
2770 3123 2943 3175 vexati
2999 3137 3334 3193 compertum
3379 3131 3468 3191 sit,

232 3217 572 3281 ἐπικουρεῖν.
605 3215 700 3279 Mij
748 3213 1014 3280 ἐλεήσῃς
1057 3216 1186 3283 γὰρ,
1242 3217 1394 3284 φησὶ,
1446 3216 1683 3282 πτωχὸν
1732 3216 1798 3267 ἐν

231 3308 453 3371 κρίσει.
497 3307 647 3357 Ἐπεὶ
675 3308 784 3376 γὰρ
816 3308 848 3376 ἡ
883 3308 1040 3358 πενία
1070 3308 1205 3376 πρὸς
1229 3303 1410 3359 οἶκτόν
1442 3309 1589 3359 ἐστιν
1628 3308 1795 3360 εὐκα-

227 3401 491 3468 τάφορος,
527 3399 863 3463 Ἀδικοῦντα,
899 3401 1061 3468 φησὶν
1103 3402 1136 3468 ἡ
1184 3399 1395 3469 Γραφὴ,
1450 3400 1524 3467 μὴ
1572 3399 1799 3470 ἐλεήσῃς

228 3495 293 3543 ἐν
329 3493 526 3560 κρίσει,
560 3491 663 3543 κᾶν
694 3491 907 3560 πτωχός
945 3496 1083 3544 ἐστι.
1121 3491 1183 3543 El
1218 3491 1348 3558 γοῦν
1395 3491 1686 3562 χρεωστῶν
1716 3509 1795 3551 τις

230 3587 490 3653 προσρυῇ
545 3586 612 3652 τῇ
668 3583 984 3654 Ἐκκλησία,
1039 3584 1113 3653 μὴ
1170 3583 1368 3646 ἀδίκως
1416 3584 1514 3652 μὲν
1570 3587 1802 3652 ἀπαιτη-

227 3678 396 3743 θῆναί
449 3692 503 3726 τι
544 3675 704 3727 αὑτὸν
752 3675 833 3727 δεῖ
881 3675 968 3726 διὰ
1033 3675 1313 3744 φροντίδος
1370 3675 1642 3728 ποιεῖσθαι
1705 3679 1796 3728 τὸν

226 3771 536 3821 ἐπίσκοπον
560 3783 572 3794 ⁸
619 3767 646 3819 ὃ
673 3767 727 3818 δὲ
760 3765 984 3828 δικαίως
1021 3770 1305 3834 χρεωστεῖ,
1336 3766 1625 3831 ἀποδώσει,
1658 3769 1792 3836 πρὸς

223 3858 394 3911 ’τοῦτο
419 3857 509 3908 τοῦ
538 3857 836 3907 ἐπισκόπου
866 3858 939 3924 μὴ
975 3855 1290 3916 κωλύοντος.
1326 3855 1560 3925 Ὁμοίως
1582 3857 1672 3908 καὶ
1705 3858 1799 3908 ἐπὶ

225 3951 343 4002 τῶν
378 3949 577 4000 λοιπῶν
589 3988 599 4000 .

221 4234 454 4286 ΑΡΙΣΤ.
501 4237 561 4285 Οἱ
589 4233 860 4300 δεόμενοι
908 4234 1255 4300 ἐπικουρίας
1283 4233 1536 4300 πένητες
1563 4235 1798 4286 ἐπιστο-

301 4325 440 4389 λαῖς
469 4325 812 4390 εἰρηνικαῖς,
838 4324 998 4378 ἀλλὰ
1041 4325 1124 4392 μὴ
1158 4325 1554 4388 συστατικαῖς
1594 4326 1794 4378 ὁδευέ-

299 4431 504 4468 τωσαν
527 4431 538 4442 ·
569 4418 626 4468 αὶ
664 4419 772 4482 γὰρ
804 4416 1160 4466 συστατικαὶ
1198 4414 1317 4477 τοῖς
1371 4415 1439 4465 ἐν
1490 4414 1791 4482 ὑπολήψει

291 4507 507 4572 μόνοις
545 4505 926 4572 παρέχονται.

299 4617 566 4688 Εἰρηνικὴ
589 4619 844 4688 ἐπιστολή
865 4620 1011 4671 ἐστιν
1031 4620 1063 4687 ἡ
1083 4617 1205 4670 ἄνευ
1230 4619 1527 4672 σκανδάλου
1555 4623 1695 4685 τ,νδς
1717 4623 1793 4692 τῷ

217 4710 673 4780 ἑπικομιζομένῳ
696 4711 1140 4780 ἐγχειριζομένη·
1161 4714 1457 4779 συστατικὴ
1479 4713 1530 4764 δὲ
1602 4715 1660 4765 τὺ
1676 4716 1796 4766 ἀνε-

219 4804 498 4872 πίληπτον
522 4803 612 4854 τοῦ
633 4804 748 4873 βίου
769 4805 976 4872 καὶτῆς
1014 4806 1304 4873 θρησκείας
1325 4803 1401 4871 τῷ
1419 4808 1792 4874 ἐπιφερομένῳ

216 4896 753 4964 προσξιαρτυροῦσα.
791 4899 852 4948 υἱ
895 4895 1023 4964 γοῦν
1051 4896 1302 4964 δεόμενοι
1333 4897 1584 4964 βοηθείας
1618 4902 1785 4967 πένη-

215 5005 317 5044 τες
398 4990 533 5053 μετά
596 4987 886 5056 εἰρηνικῶν
940 4989 1239 5040 ἐπιστολῶν
1311 4990 1418 5040 τῶν
1476 4992 1789 5042 ἐπισκόπων

214 5079 434 5133 ὁδεύειν
462 5078 788 5146 ὀξείλουσιν,
824 5079 889 5130 ἵν’
921 5080 1176 5131 ἐλεῶνται
1207 5081 1310 5132 ὑπ’,
1338 5080 1443 5131 τῶν
1471 5082 1788 5149 δυναμένων

217 5169 451 5240 βοηθεῖν
509 5170 710 5231 αὐτοῖς.
747 5169 1091 5221 Συστατικῶν
1149 5171 1202 5221 δὲ
1261 5173 1564 5223 ἐπιστολῶν
1599 5173 1788 5241 χρείαν

334 5352 380 5384 ⁸⁸
423 5349 598 5404 Exod.
637 5367 790 5414 χχιιι,
821 5353 874 5406 6.

1904 3209 2104 3260 auxilio
2127 3211 2373 3276 juvandi.
2403 3211 2458 3261 Si
2489 3214 2608 3277 quis
2640 3214 2834 3265 etenim
2868 3214 3062 3280 injuria
3096 3216 3343 3272 alliciens
3374 3231 3467 3272 aut

1903 3300 2102 3351 malum
2170 3311 2488 3369 perpetrans
2549 3305 2614 3353 ad
2669 3302 2964 3357 Ecclesiam
3022 3305 3361 3375 confugerit,
3421 3313 3470 3361 ci

1901 3395 2154 3462 suppetiae
2183 3410 2288 3446 non
2317 3405 2441 3446 sunt
2482 3394 2734 3447 ferendae.
2777 3394 2859 3449 Ne
2900 3398 3220 3463 miserearis,
3275 3400 3466 3468 inquit,

1905 3488 2148 3553 pauperis
2182 3486 2235 3537 in
2259 3485 2550 3554 judicio“.
2585 3484 2719 3538 Nam
2766 3487 2888 3553 quia
2938 3500 3224 3558 paupertas
3273 3492 3472 3546 animis

1903 3581 1969 3632 ad
2003 3580 2429 3633 misericordiam
2463 3580 2766 3634 alliciendis
2796 3584 2985 3636 idonea
3022 3595 3126 3648 est,
3159 3599 3330 3639 sacra:
3354 3587 3470 3641 Lit-

1907 3682 2032 3725 terte
2059 3671 2265 3738 injurii,
2300 3671 2425 3724 licet
2461 3675 2731 3739 pauperis,
2766 3675 2816 3724 in
2855 3674 3060 3741 judicio
3089 3678 3328 3730 misereri
3362 3694 3469 3732 non

1904 3763 2112 3815 sinunt.
2148 3761 2203 3816 Si
2238 3763 2357 3829 quis
2388 3763 2552 3835 igitur
2581 3763 2850 3817 alueratus
2893 3768 2958 3816 ad
2999 3765 3292 3820 Ecclesiam
3339 3784 3470 3822 cou-

1904 3855 2120 3922 l'ugerit,
2159 3870 2224 3907 ne
2264 3855 2391 3921 quid
2429 3856 2658 3922 amplius
2689 3858 2934 3923 exigatur
2966 3859 3032 3912 ab
3081 3873 3146 3911 eo
3178 3875 3336 3926 quam
3381 3861 3469 3926 jus

1905 3947 2160 4015 postulat,
2189 3947 2396 3999 curabit
2429 3948 2751 4015 episcopus;
2789 3963 2908 4016 qua:
2939 3960 3116 4004 autem
3149 3952 3270 4018 jure
3292 3954 3467 4013 debet.

1905 4039 2158 4103 episcopo
2207 4053 2546 4106 nequaquam
2599 4041 2994 4108 interpellante,
3051 4045 3338 4111 persolvet.
3384 4045 3471 4095 Si.

1904 4132 2102 4182 utiliter
2135 4141 2188 4181 et
2215 4129 2268 4181 iu
2299 4132 2540 4198 reliquis.

1904 4243 2128 4297 ARIST.
2158 4244 2425 4309 Pauperes
2471 4247 2675 4298 auxilio
2725 4248 3038 4316 indigentes,
3086 4250 3322 4314 epistolis
3371 4267 3468 4317 pu-

1975 4335 2178 4402 riﬁcis,
2238 4339 2327 4388 sed
2400 4353 2502 4388 non
2564 4341 3030 4404 Commendatitiis,
3066 4343 3166 4393 iter
3224 4342 3464 4399 faciant:

1971 4441 2093 4478 nam
2156 4428 2588 4481 commendhtitiw
2643 4432 2895 4498 suspectis
2948 4441 3154 4483 tantum
3227 4436 3466 4498 personis

1971 4516 2296 4569 exhibentur.

1976 4631 2214 4698 Epistola
2259 4633 2481 4699 pacifica
2514 4643 2596 4685 est
2632 4649 2752 4702 qua:
2785 4634 2899 4686 sine
2931 4635 3037 4686 ullo
3079 4635 3331 4688 scandan
3377 4637 3468 4689 ad-

1903 4720 2114 4772 vclteuti
2161 4721 2431 4784 traditur;
2496 4721 2935 4774 commcndatitia
2995 4733 3171 4776 autem
3225 4742 3340 4792 qua:
3397 4743 3461 4779 tu-

1905 4809 2177 4878 culpatum
2231 4811 2337 4862 \ita
2375 4820 2428 4864 ct
2479 4811 2738 4877 religione
2790 4812 3102 4867 aflcrrcntcm
3155 4824 3461 4875 attestatur.

1902 4899 2002 4964 Qui
2033 4915 2290 4968 pauperes
2325 4901 2506 4968 itaque
2537 4902 2740 4953 auxilio
2793 4906 3048 4972 indigent,
3100 4922 3220 4958 cum
3272 4906 3463 4960 litteris

1892 4992 2261 5060 episcoporum
2315 4994 2548 5060 pacilieis
2603 4993 2703 5045 iter
2758 4993 2936 5048 facere
2991 4999 3212 5059 debent,
3261 5006 3315 5048 ut
3369 5001 3456 5064 qui

1894 5099 2045 5151 opem
2079 5083 2141 5135 iis
2171 5080 2310 5136 ferre
2338 5091 2579 5150 possunt,
2617 5085 2984 5138 misericordia
3017 5087 3066 5137 in
3098 5103 3193 5140 eos
3221 5103 3458 5141 commu-

1897 5185 2143 5228 veantur.
2201 5174 2452 5242 Epistolis
2509 5185 2684 5229 autem
2735 5178 3191 5230 commemlatitiis
3241 5179 3304 5231 iis
3357 5196 3455 5243 non

1449 5468 1635 5527 Guill.
1678 5467 1994 5544 BeVet'egii
2034 5478 2223 5526 tmtte.
2323 5500 2351 5529 ιι

298 5599 416 5668 (10)
455 5597 561 5650 Καὶ
598 5597 813 5664 χηρῶν.
850 5598 969 5650 11τιιιτ
1002 5600 1185 5662 verba,
1220 5613 1386 5667 usque
1437 5601 1502 5651 ad
1551 5599 1781 5668 ἀνηκόν-

213 5671 563 5730 τωναὺτοῐς,
613 5673 662 5720 in
728 5684 827 5720 tus.
884 5670 1312 5720 Anuubacliiano
1367 5670 1776 5730 desiderantur;

213 5742 678 5810 quemadmodum
730 5751 782 5792 et
823 5754 904 5797 ea.
966 5755 1105 5806 qum,
1140 5739 1406 5793 nonnullis
1451 5739 1774 5806 interiectis,

1891 5609 2203 5661 occurrunt;
2241 5598 2574 5676 ibiaipr’jqu
2629 5602 2992 5671 βραδεύουσαι
3048 5607 3159 5666 τοῖς
3187 5604 3254 5655 δι’
3287 5606 3457 5676 ὀργὴν

1891 5673 2162 5739 ἀρχόντων
2213 5672 2244 5737 ἢ
2311 5671 2747 5726 δυναστευόντων
2809 5677 2996 5732 ἄδικον
3057 5676 3283 5752 γνώμην
3322 5671 3452 5731 λιτά·

1893 5758 2100 5809 σχουσι.
