4238 6464
215 417 318 480 433

1306 415 1386 476 ΙΝ
1426 415 1589 475 CAN.
1623 415 1738 474 Xll
1780 415 1972 478 CONC
2028 421 2387 484 CHALCED.

3344 423 3444 486 ιιι

299 531 454 582 Ἐπεὶ
480 531 535 581 δὲ
567 529 707 582 κατὰ
733 528 824 582 τὸν
857 529 1166 598 ’Ᾱπρίλλιον
1193 527 1337 597 μῆνα
1367 530 1463 596 τῆς
1499 534 1565 580 ια’
1597 527 1784 582 ἱνδικτ.
1818 567 1857 618 Α
1960 534 1973 590 4

1770 568 1784 582 .
1818 567 1857 618 Α
1960 531 2227 596 Quoniam
2275 541 2453 586 autem
2501 549 2685 588 mense
2729 537 2916 604 Aprili,
2960 537 3015 588 ll
3067 536 3254 589 indiet.
3303 554 3442 592 anno

214 621 310 674 τοῦ
341 622 493 690 ,ςψα’
536 623 690 685 ἔτους
732 621 1096 683 ἀπολυθέντος
1150 620 1525 691 προσκυνητοῦ
1583 637 1781 688 χρυσο-

214 715 440 767 6ούλλου
470 715 565 767 τοῦ
597 714 921 780 Θεοστεφοῦς
959 699 1254 783 κρατίστου
1302 714 1394 765 καὶ
1437 711 1593 780 ἁγίου
1622 712 1780 781 ἡμῶν

213 805 618 874 αὐτοκράτορος
661 805 854 875 κυρίου
892 806 1164 856 Ἰσαακίου
1214 801 1307 855 τοῦ
1361 801 1644 868 Ἀγγέλου,
1683 804 1780 854 καὶ

211 900 339 960 τοὺς
362 898 834 963 ἀνακαλουμένους
860 896 1258 966 μητροπολίτας
1289 893 1388 956 τὰς
1417 893 1778 960 διαφερούσας

211 989 425 1043 τούτοις
482 989 807 1051 ἐπισκοπάςν
874 991 967 1041 καὶ
1020 991 1098 1050 είς
1151 985 1507 1058 μητροπόλεις
1556 985 1778 1056 ἢάρχι-

211 1081 521 1142 επισκοπάς
575 1080 919 1148 τιμηθείσας,
971 1080 1430 1149 ἐπιστομίζοντος,
1477 1073 1780 1148 ούχγνῆττον

209 1171 267 1222 δὲ
318 1173 412 1223 καὶ
467 1171 591 1233 τοὺς
631 1172 1080 1243 ἐπιχειρήσοντας
1110 1174 1198 1225 ὅτε
1233 1173 1430 1242 δήποτε
1480 1171 1577 1240 τὴν
1629 1169 1782 1239 βασι-

209 1260 370 1328 λικὴν
395 1263 769 1331 ἀποστερῆσαι
794 1264 1076 1333 περιωπήν
1102 1263 1196 1316 τοῦ
1227 1265 1448 1330 ἀνάγειν
1475 1261 1779 1325 ἐπισκοπάς

209 1356 285 1413 εἰς
325 1355 740 1423 μητροπίλειςῆ
768 1356 1204 1424 ἁρχιεπισκοπὲς
1230 1357 1371 1409 κατά
1405 1356 1504 1425 τὴν
1535 1354 1778 1406 δοθεῖσαν

208 1446 398 1506 αὐτοῖς
442 1447 648 1498 ἄνωθεν
692 1447 962 1512 ἐξουσίαν,
1007 1449 1263 1517 ἠρωτήθη
1301 1448 1450 1518 παρά
1482 1462 1670 1498 τινων⁵
1714 1445 1780 1498 Τί

205 1541 327 1591 ἐστι
358 1540 418 1589 τὸ
451 1539 838 1608 περιεχόμενον
871 1539 947 1607 τῷ
978 1542 1159 1592 κανόνι
1182 1543 1340 1610 χάριν
1371 1539 1464 1592 τοῦ
1496 1538 1641 1608 ἔχειν
1680 1540 1780 1600 τὰς

204 1632 536 1697 τιμηθείσας
581 1630 942 1699 μητροπόλεις
990 1633 1160 1701 μόνην
1194 1633 1293 1701 τὴν
1340 1631 1530 1700 τιμὴν,
1563 1631 1639 1693 ὡς
1672 1629 1781 1682 τῶν

203 1725 384 1776 ἄλλων
420 1724 646 1777 δικαίων
677 1726 999 1794 σωζομένων
1028 1726 1093 1792 τῇ
1115 1722 1252 1775 κατά
1283 1722 1542 1791 ἀλήθειαν
1576 1738 1778 1790 μητρο-

203 1817 396 1878 πόλεις
429 1818 610 1884 Φαμὲν
661 1819 740 1868 ὅτι
789 1819 880 1869 καὶ
932 1817 991 1867 τὸ
1044 1816 1173 1882 περὶ
1216 1814 1406 1866 τούτου
1470 1813 1776 1881 ἀμφίῦολον

1885 621 2016 675 6701
2069 624 2212 678 edita
2262 641 2474 680 summa
2519 641 2642 680 cum
2694 630 3046 684 veneratione
3101 631 3442 698 suscipienda

1880 713 2052 767 Aurea
2101 716 2242 770 bulla
2285 732 2314 771 a
2359 717 2467 772 Deo
2515 718 2804 783 coronati,
2851 719 3127 774 fortissimi
3172 731 3225 774 et
3273 722 3444 775 sancti

1883 804 2072 870 imper.
2108 808 2294 869 nostri,
2328 809 2528 864 domini
2560 809 2745 864 lsaacii
2776 809 2982 875 Angeli,
3017 825 3133 878 qua:
3158 819 3211 865 et
3244 822 3446 864 metro-

1882 899 2132 964 politanis
2171 900 2512 970 episcopatus
2553 903 2616 956 ad
2649 917 2708 956 se
2738 904 3106 973 pertinentes.
3158 914 3210 957 et
3240 914 3443 957 metro-

1883 992 2081 1056 potium
2115 991 2192 1044 vel
2227 994 2784 1063 archiepiscopatuum
2829 995 3040 1051 honore
3067 997 3288 1048 donatos
3313 1037 3328 1058 ,
3376 994 3443 1048 ad

1882 1095 1940 1133 se
1981 1082 2382 1148 revocantibus,
2429 1093 2479 1138 et
2529 1084 2594 1138 iis
2633 1085 2811 1138 itidem
2845 1085 2936 1154 qui
2972 1083 3302 1154 imperialem
3338 1086 3445 1137 cir-

1883 1170 2341 1238 cumspectionem
2372 1172 2584 1239 privare
2612 1173 2968 1234 conabuntur,
3003 1188 3070 1228 ne
3105 1173 3447 1242 episcopatus

1883 1257 1935 1310 in
1981 1262 2302 1330 inetropoles
2333 1270 2388 1316 et
2416 1263 2910 1332 archiepiscopatus
2938 1266 3110 1335 erigat
3149 1267 3445 1319 secundum

1881 1350 1981 1402 sibi
2015 1353 2191 1406 datam
2225 1369 2254 1406 a
2277 1355 2487 1422 superis
2518 1365 2856 1424 potestatem,
2876 1371 2938 1408 os
2967 1357 3220 1420 occludit,
3247 1373 3290 1410 ιι
3311 1373 3449 1410 non-

1882 1442 2041 1496 nullis
2078 1446 2357 1512 qttassitum
2389 1456 2490 1510 est,
2520 1445 2655 1511 Quid
2691 1458 2772 1501 est
2795 1448 2936 1517 quod
2967 1463 3171 1503 canone
3202 1465 3448 1518 compre-

1884 1533 2150 1600 lienditur,
2190 1548 2249 1590 ut
2288 1539 2490 1591 honore
2528 1537 2732 1592 atl'ecta:
2773 1541 3099 1610 metropoles
3137 1542 3306 1595 solum
3351 1543 3450 1596 ho-

1883 1642 2064 1680 norem
2099 1630 2350 1692 habeant,
2383 1639 2565 1698 utpote
2604 1631 2721 1686 aliis
2746 1632 2959 1701 jnribus
2990 1648 3128 1688 vere
3167 1635 3446 1702 metropoli

1880 1721 2148 1772 servatis?
2206 1719 2444 1774 Dicimus
2490 1726 2555 1776 de
2603 1738 2667 1777 ea
2723 1739 2780 1777 re
2814 1724 3204 1779 dubitationem
3243 1724 3310 1779 ab
3350 1727 3448 1780 hac

1882 1811 2223 1876 imperatoris
2258 1814 2636 1868 constitutione
2673 1814 2918 1869 dissolvi.
2972 1816 3263 1880 Quaesitum
3300 1816 3443 1868 enim

201 1909 392 1958 λύεται
424 1911 531 1960 ἀπὸ
563 1909 652 1960 τοῦ
678 1909 841 1961 αὑτοῦ
875 1907 1152 1977 βασιλικοῦ
1201 1905 1610 1975 σημειώματος.
1643 1906 1776 1957 Συν-
1812 1909 1852 1963 Β

1772 1936 1776 1947 ι
1812 1909 1852 1963 Β
1881 1915 1988 1964 est,
2016 1910 2069 1955 et
2095 1913 2212 1971 post
2235 1903 2431 1957 multas
2454 1903 2642 1958 allatas
2671 1905 2735 1958 ad
2765 1905 2966 1971 justam
2989 1918 3107 1958 esse
3133 1919 3242 1959 rem
3266 1913 3446 1958 osten-

217 2001 462 2068 εζητήοη
520 2003 648 2071 γὰρ,
707 2005 800 2054 καὶ
869 2000 1006 2070 μετὰ
1057 1999 1256 2061 πολλὰς
1288 1998 1644 2065 δικαιολογίας
1699 1998 1776 2049 δι-

206 2093 527 2161 ελήεςοησαν
573 2095 732 2160 χάριν
776 2093 961 2144 τούτου
994 2093 1163 2144 ταῦτα
1206 2091 1404 2160 ῥητῶς,
1442 2091 1537 2142 καὶ⁵
1567 2090 1648 2142 δτι
1682 2090 1778 2166 μξν

200 2186 483 2253 καθολικῷ
519 2187 661 2253 λόγῳ
694 2185 788 2237 καὶ
830 2184 1123 2251 διαγνώσει
1155 2183 1386 2248 γενικῶς
1417 2181 1777 2249 ὲκτιΘεμένας

199 2279 302 2340 τὰς
355 2282 432 2338 είς
494 2276 1016 2347 ὑπερεαομιώτερον
1061 2275 1250 2344 θρόνον
1297 2272 1777 2340 ἀναϐιϐαζομινας

201 2371 506 2438 ἐκκλησίας
571 2369 868 2438 προστάξει
947 2368 1226 2437 βασιλικῇ,
1291 2367 1383 2417 καὶ
1451 2365 1549 2434 τῆς
1607 2363 1775 2432 τιμῆς

200 2463 490 2527 ἀξιοῦσθαι
519 2461 717 2530 χρεὼν,
746 2462 837 2513 καὶ
876 2461 974 2522 τὰς
1007 2459 1220 2529 ψήφους
1263 2459 1321 2510 ἐν
1351 2456 1505 2525 ἀδείᾳ
1545 2455 1776 2524 προϐαι-

198 2575 316 2607 νειν
353 2555 492 2607 κατά
523 2555 612 2605 τὸν
647 2557 703 2606 ὲν
737 2557 803 2624 τῇ
830 2553 1054 2622 Μεγάλῃ
1084 2549 1385 2618 Ἐκκλησία
1419 2547 1770 2616 παρηκολου-

198 2647 412 2715 θηκότα
450 2647 617 2698 τύπον
652 2646 934 2699 κανονικὸν
963 2645 1070 2698 τῶν
1113 2640 1524 2712 μητροπολιτῶν
1557 2640 1768 2692 συνιόν-

196 2757 334 2802 των,
365 2740 461 2791 καὶ
503 2738 971 2807 ἀρχιεπισκόπους
1022 2737 1115 2787 καὶ
1165 2733 1567 2804 μητροπολίτας
1605 2730 1774 2798 ψηφι-

198 2832 545 2901 ζομένων,ἦ
599 2849 656 2882 τε
706 2830 955 2898 βασιλεία
1035 2846 1136 2898 μου
1190 2827 1541 2891 διαγινώσκει
1598 2826 1690 2876 καὶ
1739 2826 1770 2892 ἡ

199 2924 328 2976 θεία
355 2925 450 2975 καὶ
483 2922 599 2986 ἱερά
628 2922 840 2984 σύνοδος
877 2920 952 2990 τῷ
976 2919 1303 2987 διατάγματι
1333 2918 1521 2984 ἕψεται
1562 2919 1734 2986 τούτῳ
1753 2930 1767 2944 ⁶

195 3017 277 3077 ὡς
337 3016 435 3080 την
483 3013 948 3080 ὲκκλησιαστικὴν
1018 3007 1559 3078 παραφυλαττομένῳ
1613 3007 1774 3075 ἀκρίτ

196 3109 376 3168 δειαν,
410 3107 504 3158 καὶ
531 3107 630 3173 τῆς
659 3106 949 3170 κανονικῆς
986 3102 1283 3170 εὐθύτητος
1307 3100 1382 3168 μὴ
1429 3099 1768 3150 ἐκπίπτοντι.

210 3199 512 3264 ’Λναγνωοι
546 3198 639 3250 οὖν
687 3199 765 3256 είς
820 3194 1022 3254 πλάτος
1060 3193 1119 3243 τὸ
1170 3191 1410 3244 τοιοῦτον
1454 3188 1764 3260 σημείωμα,

193 3293 295 3342 καί
321 3291 440 3342 εἰπὲ
473 3289 605 3358 πρὸς
647 3288 774 3347 τοὺς
803 3286 1060 3350 λέγοντας
1105 3283 1195 3344 ὠς,
1229 3284 1276 3333 εί
1310 3281 1385 3348 μὴ
1421 3283 1477 3330 ὲν
1519 3279 1597 3346 τῷ
1633 3277 1766 3330 ἀνά-

197 3385 400 3448 γεσθαι
451 3383 548 3439 τὴν
591 3376 898 3445 ἐπισκοπὴν
950 3377 1030 3437 εἰς
1082 3373 1416 3442 μητρόπολιν
1451 3372 1480 3440 ἦ
1517 3373 1768 3439 ἀρχιεπι-

196 3476 415 3540 σκοπὴν
442 3473 711 3539 προστεθῇ
754 3472 906 3538 παρὰ
945 3471 1042 3534 τῆς
1090 3467 1372 3534 βασιλικῆς
1420 3463 1664 3525 ἐξουσίας
1709 3463 1768 3514 τὸ

193 3571 299 3630 τὰς
348 3569 560 3634 (ζιήεεους
607 3565 809 3615 τούτων
843 3562 1089 3628 γίνεσθαι
1132 3560 1270 3610 κατὰ
1316 3556 1629 3626 προτροπὴν
1663 3573 1765 3606 πα-

189 3659 544 3727 τριαρχικὴν.
580 3655 606 3704 ὁ
647 3657 766 3706 κατ’
805 3654 1064 3719 ἀλήθειαν
1119 3648 1524 3719 μητροπολίττ,ς
1573 3645 1767 3714 πτοήσει

190 3754 298 3818 τὴν
329 3752 508 3819 ψῆφον
538 3750 719 3801 αὐτῶν
743 3765 757 3777 ·
790 3747 947 3798 τοῦτο
980 3746 1084 3811 γὰρ
1116 3744 1443 3812 φυλάττεται
1479 3742 1572 3791 καὶ
1604 3741 1766 3807 μέχρι

191 3845 294 3895 τοῦ
336 3842 430 3892 νῦν
473 3843 550 3902 εἰς
581 3841 671 3892 τὸν
716 3836 1095 3905 οἱκουμενικὸν
1145 3834 1486 3903 πατριάρχην
1527 3848 1766 3900 χειροτο-

191 3935 460 4003 νούμενον
511 3933 659 3997 παρά
708 3929 800 3981 τοῦ
844 3928 1190 3993 Ἡρακλείας.
1223 3925 1309 3977 διὰ
1360 3924 1419 3976 τὸ
1476 3918 1616 3974 εἶναι
1669 3922 1768 3990 τὴν

194 4023 774 4080 Κιυνσταντινούπολιν
809 4023 926 4090 ἦτοι
966 4019 1264 4080 Βυζάντιόν
1304 4032 1435 4068 ποτε
1469 4014 1562 4066 τοῦ
1602 4012 1769 4081 Ἥρα-

192 4121 386 4173 κλείας
425 4117 731 4183 ἐπισκοπὴν
756 4131 770 4144 ο
798 4115 881 4166 ὅτι
919 4112 1026 4165 ἀπὸ
1050 4113 1151 4163 -τοῦ
1185 4109 1426 4160 τοιούτου
1456 4105 1766 4173 σημειώμα·

191 4231 288 4274 τος
323 4214 472 4264 πᾶσα
525 4208 749 4274 τοιαύτη
793 4205 1134 4270 δικαιολογία
1175 4203 1562 4270 περιαιρεῖται,
1601 4200 1690 4248 καὶ
1739 4200 1767 4249 ὁ

193 4299 828 4358 Κωνσταντινουπὸλεως
875 4297 977 4348 οὐκ
1026 4296 1084 4360 ἐξ
1149 4295 1398 4360 ἀνάγκης
1461 4289 1613 4358 παρὰ
1667 4287 1760 4340 τοῦ

201 4394 538 4464 Ἡρακλείας
565 4391 971 4460 χειροτονεῖται.
1000 4387 1242 4455 Εὕρηται.
1277 4384 1386 4452 γὰρ
1430 4382 1521 4435 καὶ
1561 4382 1767 4446 Στέφαυ

186 4509 284 4551 νος
311 4494 340 4541 ὁ
371 4487 599 4550 ἀδελφὸς
651 4485 743 4535 τοῦ
776 4481 1039 4552 βασιλέως
1081 4479 1251 4547 κυροῦ
1287 4478 1512 4537 Λέοντος
1545 4473 1637 4527 τοῦ
1672 4474 1764 4524 Σο-

1880 1995 2106 2049 dendam
2141 1996 2398 2058 rationes,
2430 1996 2546 2049 hzec
2576 1997 2691 2065 ejus
2718 1999 2791 2050 rei
2815 1998 2986 2066 gratia
3020 2011 3275 2066 expresse
3304 1997 3445 2050 dicta

1881 2097 2028 2150 sunt,
2057 2097 2110 2140 et
2150 2087 2289 2155 quod
2320 2087 2607 2141 universali
2648 2089 2880 2153 ratione,
2910 2101 2964 2141 et
3005 2088 3326 2158 generaliter
3353 2104 3449 2142 ex-

1880 2181 2051 2246 posita
2101 2180 2489 2248 dispositione,
2545 2180 2803 2236 ecclesias
2859 2195 2980 2250 qua:
3037 2181 3281 2249 iussione
3343 2182 3444 2234 im-

1878 2282 2048 2339 perat.
2127 2272 2180 2325 in
2235 2271 2479 2327 altiorem
2539 2273 2788 2327 thronum
2873 2274 3189 2342 eriguntur,
3241 2272 3446 2327 honore

1877 2377 2090 2432 quoque
2118 2363 2307 2434 dignas
2339 2365 2551 2420 censeri
2579 2375 2844 2435 oporteat,
2876 2378 2930 2421 et
2957 2369 3248 2422 electiones
3277 2368 3444 2422 libere

1877 2456 2163 2523 procedere
2201 2471 2266 2510 ex
2313 2456 2484 2510 forma
2524 2459 2801 2519 canonica,
2857 2475 2977 2528 qua:
3015 2458 3067 2512 in
3112 2457 3297 2526 Magna
3341 2460 3444 2513 Ειύ

1876 2548 2039 2602 clesia
2065 2558 2350 2603 consecuta
2379 2557 2480 2613 est,
2509 2551 2938 2618 metropolitanis
2958 2553 3434 2613 (εοιινοιιιειιιιιιιι;,,

1874 2651 1929 2695 et
1989 2641 2421 2712 arehiepiscopos
2486 2658 2550 2697 ac
2607 2644 3045 2711 metropolitanos
3091 2646 3439 2716 eligenliitziw,

1873 2735 2015 2804 quod
2043 2744 2097 2789 et
2127 2737 2253 2806 imp.
2289 2752 2403 2791 mea
2435 2737 2737 2791 sublimitas
2770 2740 3029 2800 decernit,
3061 2750 3116 2793 ct
3143 2742 3282 2794 hanc.
3316 2757 3445 2793 cmi--

1874 2828 2204 2882 stitutionem
2231 2828 2407 2882 divina
2436 2838 2490 2882 et
2519 2840 2704 2883 sancta
2742 2845 2954 2898 quoque
2982 2841 3238 2898 sequetur
3277 2848 3446 2898 synm

1874 2921 2002 2985 dus;
2037 2930 2093 2974 ut
2118 2936 2238 2988 quae
2279 2922 2704 2976 ecclesiasticum
2752 2923 2911 2976 ritum
2943 2939 3204 2976 accurare
3242 2935 3443 2986 servet,

1873 3019 1927 3062 et
1958 3025 1985 3061 a
2020 3012 2278 3063 canonica
2327 3012 2649 3065 rectitudine
2689 3010 3080 3064 non'excidat.
3127 3011 3266 3078 Lege
3311 3028 3444 3079 ergo

1872 3098 2230 3155 diti‘nsebanc
2263 3101 2724 3162 constitutionem,
2777 3111 2830 3156 et
2874 3103 2957 3155 die
2999 3104 3064 3156 iis
3115 3106 3201 3171 qui
3258 3104 3446 3156 dicunt

1874 3192 2034 3258 quod,
2073 3193 2177 3246 nisi
2221 3193 2346 3246 dum
2380 3193 2607 3263 erigitur
2637 3194 2978 3260 episcopatus
3020 3195 3070 3248 in
3100 3195 3438 3262 metropolim

1876 3286 1958 3336 vel
2009 3286 2548 3355 archiepiscopatum,
2610 3289 2675 3340 ab
2709 3289 2975 3356 imperial.
3026 3299 3287 3355 potestate
3339 3292 3435 3342 art-

1871 3373 2070 3442 jectum
2121 3373 2300 3436 fuerit,
2353 3390 2541 3429 eorum
2592 3377 2889 3430 electiones
2918 3380 3262 3444 patriarrhali
3315 3396 3438 3435 sua-

1875 3466 2024 3519 sione
2049 3477 2103 3520 et
2152 3469 2471 3520 auctoritate
2503 3468 2698 3543 debere
2739 3469 2873 3528 fieri,
2929 3485 3086 3524 verus
3127 3475 3438 3540 metropoli--

1876 3566 2029 3609 tanus
2052 3572 2238 3610 eorum
2263 3558 2578 3612 eleCtionem
2609 3560 2789 3615 faciet.
2825 3559 2936 3614 Hoc
2970 3562 3111 3615 enim
3146 3564 3308 3617 etiam
3340 3566 3440 3618 Ιιιιο

1876 3660 2075 3712 cusque
2118 3659 2365 3701 servatur
2406 3649 2456 3700 in
2506 3650 2794 3703 universali
2845 3653 3173 3715 patriarcha,
3223 3657 3308 3722 qu':
3373 3659 3438 3706 an

1878 3735 2144 3790 Heraclea:
2189 3740 2594 3809 archiepiscopo
2643 3742 2940 3804 ordinatur,
2985 3744 3236 3810 quoniam
3283 3746 3438 3797 fuerit

1873 3829 2155 3898 aliquando
2174 3830 2663 3892 Constantinopolis
2697 3833 2812 3886 sive
2840 3833 3148 3902 Byzantium
3170 3835 3436 3891 Heraclea!

1873 3921 2126 3974 antistitis
2155 3921 2492 3988 episcopatus
2526 3942 2539 3978 :
2583 3923 2686 3985 dic,
2721 3923 2956 3991 inquam,
2982 3929 3124 3993 quod
3160 3935 3256 3980 hac
3303 3946 3430 3981 coii-

1873 4012 2150 4064 SIitutione
2182 4012 2357 4064 omnis
2385 4013 2523 4079 juris
2551 4015 2773 4067 cumino
2797 4014 3049 4083 allegatio
3083 4019 3302 4080 tollitur,
3340 4035 3439 4072 nec

1877 4103 2509 4169 Constantinopolitanus
2556 4107 2863 4158 necessario
2898 4108 2966 4159 ab
3010 4108 3276 4162 Heraclea:
3322 4113 3436 4178 epi-

1875 4208 2036 4260 sc0po
2066 4194 2365 4247 ordinatur.
2399 4196 2677 4248 Inventum
2707 4208 2788 4250 est
2833 4201 2975 4251 enim
3005 4206 3164 4253 etiam
3206 4203 3439 4272 Stephav

1874 4301 1997 4338 num
2016 4285 2140 4352 imp.
2163 4287 2364 4340 domini
2389 4286 2579 4342 Leonis
2601 4286 2870 4357 Sapientis
2889 4290 3107 4344 fratrem
3127 4295 3430 4348 ordinatum

1876 4379 2038 4430 fuisse
2067 4377 2604 4443 ConstantinOpoleos
2636 4381 2998 4444 patriarchani
3027 4383 3186 4451 128
3213 4399 3238 4434 ιι
3265 4385 3440 4438 Theo.

1876 4471 2047 4535 pliauc
2086 4470 2494 4536 metmpolitano
2541 4471 2817 4523 (Ia-sarem.
2879 4471 2940 4522 Et
2990 4477 3172 4536 paucis
3243 4478 3437 4528 abhinc

186 4581 298 4645 φιιῦ
329 4577 671 4645 πατριάρχης
694 4572 1092 4644 χειροτονηθεὶς
1117 4566 1759 4625 Κωνσταντινουπίλεως,
1800 4558 1843 4610 ι)

1748 4605 1759 4625 ,
1800 4558 1843 4610 ι)
1873 4561 2025 4611 annis
2053 4559 2313 4613 Leontius
2340 4577 2366 4610 ιι
2405 4560 2674 4612 Demetrio
2706 4563 2961 4614 Grani-eae
2989 4567 3414 4633 metropolitano.

188 4633 347 4742 ξειρά
379 4633 1119 4738 Θεοφάνους’.μητροπολίτου
1161 4659 1515 4726 Καισαρείας,
1579 4657 1670 4709 καὶ
1733 4655 1836 4722 πρὸ
1875 4650 2072 4717 ὀλίγων
2123 4652 2332 4718 χρόνων
2390 4655 2417 4702 ὁ
2468 4653 2716 4708 Λεόντιος
2776 4653 2927 4720 παρᾷ
2982 4656 3294 4721 Δημητρίου
3345 4659 3439 4708 τοῦ

193 4768 560 4837 Καισαρείας.

226 4880 233 4885 ’
268 4861 515 4916 ΖΩΝΑΡ.
573 4854 888 4908 Ἐπίσκοποί
932 4870 1097 4912 τινες,
1130 4850 1216 4902 διὰ
1258 4847 1629 4917 φιλοπρωτίαν
1674 4846 1764 4896 καὶ

190 4956 492 5027 φιλαρχίαν
526 4951 841 5019 προσιόντες
883 4950 992 5008 τοῖς
1058 4947 1336 5014 βασιλεῦσι
1388 4944 1476 4995 διά
1531 4960 1766 5012 προστα-

199 5050 440 5118 γμάτων
470 5044 763 5112 ὲγγράςων
783 5057 799 5071 ο
827 5041 996 5092 ταῦτα
1028 5038 1133 5105 γάρ
1151 5041 1255 5088 εἰσι
1280 5036 1345 5087 τά
1369 5033 1727 5102 πραγματικά
1751 5049 1763 5062 ·

185 5141 422 5213 ᾐτοῦντο
443 5136 540 5198 τάς
565 5138 772 5195 οἰκείας
799 5129 1104 5191 ἐπισκοπὰς
1134 5132 1202 5197 τῇ
1235 5127 1342 5178 τῶν
1376 5143 1452 5195 μη
1465 5125 1767 5195 τροπόλεων

183 5229 498 5298 τιμηθῆναι
555 5225 786 5290 κλήσειο
845 5221 917 5282 ὠς
983 5218 1126 5270 οὕτω
1189 5216 1509 5285 συμὸαίνειν
1560 5218 1638 5273 εἰς
1677 5213 1770 5261 δύο

185 5365 207 5377 -
246 5321 469 5390 ἀρχίας
519 5319 619 5387 τὴν
671 5316 796 5386 μίαν
851 5311 1192 5381 μερίζεσθαι,
1254 5311 1348 5361 καὶ
1404 5309 1463 5358 ὲν
1507 5310 1574 5374 τῇ
1631 5307 1767 5372 αὐτῇ

186 5412 442 5480 ἐπαρχία
477 5409 572 5462 δύο
622 5406 1023 5476 μητροπολίτας
1071 5398 1232 5464 sitat,
1260 5400 1356 5451 καὶ
1391 5398 1533 5448 οὕτω
1586 5398 1770 5460 διαφέ-

187 5504 384 5573 ρεσθαι
414 5500 660 5565 ἀλλήλοις
707 5498 832 5558 τοὺς
861 5498 956 5563 τῆς
985 5493 1254 5562 ἐπαρχίας
1297 5490 1511 5558 ἐκείνης
1547 5490 1766 5540 ἐπισκό-

191 5611 359 5652 πούς.
395 5593 570 5657 Ὅπερ
606 5588 734 5638 ποτὲ
796 5587 887 5637 καὶ
917 5587 972 5635 ὲν
996 5585 1060 5651 τῇ
1111 5579 1490 5635 Καππαδοκῶν
1533 5579 1771 5645 ἐπαρχίᾳ

194 5683 541 5754 συμϐέϐηκε,
571 5682 666 5748 τῆς
705 5678 914 5738 πόλεως
937 5679 1043 5727 τῶν
1071 5675 1293 5726 Tuiva
1330 5671 1453 5731 νέας
1495 5669 1772 5737 μητροπό-

188 5779 335 5836 λεως
384 5775 704 5842 γενομένης,
732 5772 806 5830 ὡς
867 5772 895 5819 ὀ
943 5767 1201 5831 Θεολόγος
1258 5764 1555 5833 Γρηγόριος
1580 5765 1636 5812 ἐν
1697 5761 1774 5829 τῷ

189 5866 476 5936 ἐπιταφίῳ
537 5864 629 5917 τοῦ
684 5860 920 5933 μεγάλου
969 5857 1250 5911 Βασιλείου
1297 5853 1572 5926 φησί.Διᾶ
1599 5854 1769 5906 ταῦτα

1945 4838 2192 4895 ZONAR.
2219 4838 2520 4901 Principem
2551 4839 2824 4903 dignitatis
2857 4853 3026 4889 meum
3052 4841 3285 4907 episcopi
3320 4860 3436 4907 ipti-

1868 4935 1988 4986 (lam
2024 4927 2659 4988 ambitioseall'cCtantes,
2683 4930 3034 4995 iinperatOres
3065 4931 3233 4993 adire,
3268 4943 3430 4998 atque

1872 5036 1929 5076 ut
1970 5023 2145 5075 edicto
2178 5036 2296 5084 suo,
2334 5021 2476 5087 quod
2533 5021 2619 5073 hic
2680 5022 2995 5089 pragmatici
3060 5022 3167 5092 typi
3217 5026 3436 5076 nomine

1872 5119 2183 5171 intellexere
2227 5114 2432 5178 Patres,
2467 5114 2699 5181 ipsorum
2747 5115 3141 5180 episcopatibns
3173 5117 3432 5170 honorem

1876 5208 2230 5275 metropoleos
2270 5211 2603 5267 decerneret,
2636 5205 2888 5273 precibus
2919 5208 2984 5258 ab
3015 5221 3078 5259 eo
3110 5206 3438 5260 contendere

1872 5299 2011 5350 soliti
2041 5306 2186 5349 sunt.
2227 5295 2360 5348 Hinc
2394 5296 2614 5357 factum,
2643 5305 2701 5346 ui.
2732 5295 2783 5348 in
2820 5294 2953 5348 dcas
2983 5296 3287 5362 provincias
3319 5311 3423 5350 una

1873 5392 2219 5449 divideretur,
2251 5388 2487 5454 duosque
2526 5385 2711 5438 eadem
2757 5387 3024 5454 provincia
3060 5387 3431 5454 metropolita-

1875 5496 1987 5540 nos,
2014 5489 2066 5530 et
2086 5479 2296 5546 quidem
2327 5475 2533 5528 crebris
2564 5476 2632 5527 ob
2656 5475 2883 5541 idipsuin
2912 5477 3171 5534 dissidiis.
3207 5489 3432 5530 conten-

1873 5571 2208 5636 tionilmsque
2239 5569 2527 5621 distractos
2556 5568 2800 5620 haberet.
2833 5566 2985 5632 Quod
3034 5577 3087 5619 et
3128 5571 3176 5618 in
3217 5567 3430 5636 Cappa—

1871 5667 2061 5715 docum
2098 5660 2370 5728 provincia
2410 5662 2703 5728 quondam,
2755 5659 3012 5726 G:ego-'io
3052 5659 3322 5727 Theolngo
3374 5665 3425 5714 iu

1871 5756 2142 5823 epitaphio
2166 5753 2340 5821 magni
2371 5751 2548 5804 Basilii
2584 5752 2869 5814 referente,
2897 5767 3017 5804 cum
3045 5753 3257 5817 'l‘yanea
3287 5768 3423 5805 nova

1874 5847 2185 5914 metropolis
2211 5846 2500 5899 constituta
2527 5851 2687 5907 esset,
2720 5842 2916 5896 evenit.
2954 5843 3240 5910 Propterea
3275 5858 3434 5896 cano-
