4238 6464
829 403 927 467 451

832 522 973 573 trbus
1008 535 1021 570 :

829 613 933 664 line
954 610 1174 663 canonis
1202 608 1448 675 dicentis,
1482 624 1638 677 posse
1668 609 2070 677 imperatorem,
2102 609 2151 659 in
2178 608 2240 660 iis
2266 622 2384 674 quae

829 721 856 753 ιι
888 718 946 756 se
978 702 1238 754 innovata:
1292 709 1421 755 sunt
1464 702 1546 755 vel
1596 700 1993 754 innovabantur
2054 699 2384 759 civitatibus,

831 811 926 861 pro
971 792 1368 861 episcopalibus
1420 793 1633 860 juribus
1691 803 1933 849 statuere
1975 808 2093 862 quae
2132 790 2384 845 voluerit.

831 889 965 953 Lege
990 896 1045 938 et
1081 883 1147 937 l2
1177 900 1301 940 ean.
1338 887 1613 953 pr:esentis
1648 900 1764 955 syu.
1796 894 1849 936 ct
1881 884 1949 937 58
1974 899 2092 953 syn.
2126 884 2175 936 in
2203 883 2379 936 Trull.

828 980 977 1039 Quod
1020 988 1198 1030 autem
1250 978 1382 1031 dicit
1440 977 1529 1030 hic
1582 991 1751 1030 canon
1812 977 1918 1030 tale
1964 987 2086 1030 est:
2123 974 2385 1029 Volehant

825 1072 1041 1132 quidam
1072 1084 1165 1122 eos
1192 1081 1450 1129 canones,
1481 1069 1571 1135 qui
1603 1070 1667 1120 de
1714 1068 2019 1137 regionibus
2054 1080 2146 1119 seu
2180 1067 2383 1120 dicace-

826 1161 974 1212 silms
998 1159 1312 1227 loquuntur,
1344 1158 1568 1227 intelligi
1616 1160 1680 1212 de
1723 1160 1998 1211 civitatum
2033 1159 2382 1225 regionibus:

828 1267 932 1303 non
966 1262 1141 1302 autem
1187 1251 1255 1302 de
1299 1250 1500 1305 vilibus
1533 1266 1594 1303 ac
1644 1249 1930 1302 ruralibus.
1979 1249 2263 1302 Decretum
2302 1260 2385 1302 est

826 1360 977 1406 ergo,
1011 1352 1065 1393 ut
1090 1342 1325 1409 episcopi
1354 1343 1486 1395 citra
1523 1342 1946 1393 controversiam
1984 1341 2259 1393 obtineant
2295 1356 2382 1391 re-

826 1437 1013 1498 giones
1044 1446 1071 1481 a
1102 1445 1161 1483 se
1211 1432 1427 1497 triginta
1474 1432 1630 1481 annis
1686 1444 1794 1481 non
1829 1433 1877 1481 vi
1915 1443 2217 1497 possessas,
2267 1430 2383 1481 sive

825 1533 926 1575 sint
968 1522 1174 1574 rurales
1214 1536 1306 1575 seu
1334 1536 1532 1589 parvae.
1581 1536 1697 1589 qum
1750 1523 1913 1574 etiam
1970 1522 2217 1588 μονοίκια
2255 1519 2381 1589 (hoc

822 1624 906 1667 est
938 1629 1098 1667 unam
1133 1625 1338 1667 tantum
1368 1614 1584 1666 donium
1622 1613 1900 1681 habentes)
1928 1614 2177 1665 dicuntur
2214 1629 2227 1664 :
2262 1613 2377 1664 sive

825 1704 931 1757 sint
959 1702 1232 1771 ἐγχώριοι,
1264 1704 1314 1755 id
1348 1714 1456 1762 est,
1491 1702 1686 1755 multos
1726 1702 2059 1756 habitatores
2099 1701 2378 1757 habentes.

825 1796 880 1847 Si
909 1807 1085 1847 autem
1128 1796 1268 1847 intra
1296 1794 1510 1861 triginta
1558 1808 1729 1846 annos
1773 1792 1932 1863 13h
1974 1795 2126 1847 istius
2165 1796 2381 1850 nomine

2072 408 2350 469 THEOD.
2383 411 2473 468 ΒΛ
2484 410 2617 469 LSA
2627 411 2781 469 MON

1063 534 1167 570 non
1219 528 1301 571 est
1332 527 1510 570 autem
1545 518 1646 571 hoc
1672 530 1880 580 verum,
1915 524 1971 569 ut
1994 517 2295 571 ostenditur
2324 531 2389 569 ex
2422 526 2465 578 Α
2496 518 2654 569 τοῦτο
2685 519 2737 569 ἀλ

2378 532 2389 569 t
2422 526 2465 578 Α
2496 518 2654 569 τοῦτο
2685 516 2915 587 ἀληθὲς,
2953 518 3134 579 καθὼς
3158 518 3407 587 δηλοῦται
3441 520 3547 571 ἀπὸ
3596 519 3690 573 τοῦ
3725 522 3911 587 τέλους
3956 526 4052 577 τοῦ

3941 417 4053 480 452

2492 610 2715 671 κανόνος
2771 610 3022 677 λέγοντος
3074 611 3335 663 δύνασθαι
3398 612 3487 664 τὸν
3527 613 3755 682 βασιλέα
3776 617 3872 668 ἐπὶ
3931 620 4055 678 ταῖς

2492 699 2581 751 ὑπ’
2601 701 2763 753 αὑτοῦ
2788 701 3175 764 καινισθείσαις
3208 703 3240 773 ἢ
3270 705 3785 773 καινισθησομέναις
3828 708 4055 760 πόλεσιν

2492 787 2660 840 ὑποτυ
2675 788 2801 840 ποῦν
2839 789 2906 841 τὰ
2961 788 3223 859 βουλητέα
3257 790 3404 859 αὐτῷ
3436 790 3597 860 χάριν
3634 794 3744 846 τῶν
3763 797 4055 847 ἐπισκοπι-

2490 876 2603 928 κῶν
2615 877 2857 932 δικαίων.
2882 880 2992 932 Καὶ
3010 879 3279 946 ἀνάγνωθι
3310 882 3399 932 τὸν
3419 879 3483 949 ιβ’
3507 882 3705 935 κανόνα
3734 883 3831 951 τῆς
3850 886 4056 954 παρούο

2491 983 2589 1031 σης
2618 968 2859 1029 συνόδου,
2895 970 2986 1022 τὸν
3011 969 3092 1039 λη’
3123 973 3228 1039 τῆς
3259 975 3315 1021 ὲν
3352 972 3431 1040 τῷ
3491 973 3748 1045 Τρούλλῳ
3803 976 4047 1030 συνόδου.

2495 1060 2560 1109 ὐ
2610 1058 2666 1111 δὲ
2693 1059 2834 1127 λέγει
2860 1056 2889 1108 ὁ
2923 1059 3110 1129 παρὼν
3144 1064 3323 1113 κανὼν
3369 1063 3612 1116 τοιοῦτόν
3663 1066 3827 1119 ἐστιν.
3884 1066 4054 1118 ’πιθε-

2488 1147 2578 1200 λόν
2609 1166 2753 1213 τινες
2784 1151 3140 1215 ἐξακούεσθαι
3171 1154 3295 1215 τοὺς
3328 1156 3455 1222 περὶ
3494 1155 3603 1207 τῶν
3633 1155 3861 1225 ἐνοριῶν
3895 1158 4057 1209 κανό-

2489 1257 2581 1301 νας
2605 1240 2682 1299 εἰς
2708 1241 2985 1303 πολιτικὰς
3020 1243 3234 1311 ἐνορίας
3260 1285 3275 1308 ,
3296 1245 3357 1295 οὺ
3397 1246 3501 1315 μὴν
3525 1246 3624 1298 καὶ
3677 1250 3756 1309 είς
3814 1248 4054 1312 εὐτελεῖς

2489 1330 2792 1400 ἀγροικίας.
2852 1332 3068 1403 Ὠρίσϐη
3100 1332 3192 1386 οὖν
3217 1336 3468 1405 κατέχειν
3504 1339 3732 1407 ἀμάχως
3773 1342 3900 1401 τοὺς
3929 1342 4054 1391 ἑπι-

2491 1426 2754 1486 σκόπους·
2813 1425 2911 1487 τὰς
2957 1427 3050 1478 ἐπὶ
3079 1429 3495 1500 τριακονταετία
3542 1432 3875 1499 νεμηθείσας
3923 1433 4055 1503 παρ’

2487 1516 2663 1566 αὐτῶν
2684 1517 2893 1583 ἐνορίας
2934 1516 3225 1581 ἁϐιάστως,
3250 1520 3354 1571 κᾶν
3393 1522 3712 1588 ἁγροικικαὶ
3742 1516 3898 1587 ὦσιν,
3934 1525 4054 1594 ἦτοι

2489 1609 2703 1675 μικραὶ,
2730 1607 2786 1659 αἲ
2811 1610 2905 1660 καί⁵
2934 1610 3179 1678 μονοίκια
3195 1615 3461 1678 λέγονται,
3489 1612 3591 1665 κᾶν
3623 1615 3906 1683 ἐγχώριοι,
3930 1618 4053 1683 ἤτοι

2487 1699 2709 1762 πολλοὺς
2728 1703 3013 1764 κατοίκους
3039 1700 3273 1772 ἔχουσαι.
3306 1705 3363 1757 El
3412 1706 3492 1769 δέ,
3547 1709 3733 1775 φησὶν,
3765 1708 3921 1771 ἐντὸς
3944 1712 4053 1761 τῶν

2485 1791 2777 1858 τριάκοντα
2817 1791 2954 1842 ἐτῶν
3013 1792 3253 1861 ὶναγάγῃ
3314 1793 3500 1861 ἕτερος
3529 1797 3827 1859 ἐπίσκοπος
3891 1797 4053 1867 χάριν

822 1887 1089 1940 actionem
1122 1887 1262 1938 alius
1290 1887 1575 1955 episcopus
1617 1885 1934 1947 intendent,
1985 1887 2126 1954 apud
2160 1888 2378 1955 provin-
2414 1888 2454 1944 Β
2483 1898 2496 1930 ἰ

2377 1918 2378 1925 η
2414 1888 2454 1944 Β
2483 1881 2695 1946 τούτου,
2715 1882 2867 1951 παρὰ
2889 1885 2956 1953 τῇ
2989 1883 3192 1954 συνόδῳ
3211 1884 3309 1954 τῆς
3361 1887 3631 1957 ἐπαρχίας
3666 1888 3737 1941 τὰ
3770 1891 3902 1959 περὶ
3924 1892 4051 1942 τού-

823 1981 919 2032 eiae
950 1979 1212 2048 synodum
1254 1980 1382 2046 quid
1419 1979 1483 2031 de
1517 1993 1582 2031 eo
1615 1980 1687 2031 sit
1718 1978 2064 2032 statuendum
2119 1979 2377 2033 observa-

825 2072 987 2127 hitur.
1012 2069 1104 2122 Sin
1142 2080 1317 2121 autem
1350 2070 1796 2137 metropolitanus
1850 2084 2005 2121 suum
2064 2072 2377 2138 episcopum

822 2162 1015 2230 injuria
1034 2160 1250 2225 alliciat,
1266 2163 1403 2227 apud
1421 2160 1664 2212 dimcesis
1680 2162 1994 2222 exarchum,
2020 2160 2100 2212 vel
2122 2162 2260 2228 apud
2286 2176 2376 2229 pa-

822 2254 1111 2304 triareham
1130 2250 1195 2302 de
1220 2249 1626 2316 tinthusjudicio
1647 2249 2019 2302 contendetur.
2042 2250 2172 2315 Quae
2200 2263 2378 2305 autem

822 2342 1317 2409 abitnperatoribus
1343 2354 1435 2408 per
1452 2339 1693 2407 publicas
1722 2340 1920 2394 fortnas
1956 2341 2072 2394 sive
2109 2341 2379 2408 jnssiones

824 2449 949 2501 nnp.
1003 2432 1277 2485 innovatis
1319 2431 1399 2483 vel
1453 2446 1548 2499 pro
1574 2431 1888 2484 innuvandis
1921 2446 1951 2483 a
1985 2449 2043 2486 se
2073 2434 2382 2489 civitatibus

821 2526 1207 2587 decernuntur,
1238 2538 1455 2577 manere
1484 2530 1539 2575 ut
1563 2522 1775 2576 decreta
1798 2521 2216 2592 fuerint,utpote
2238 2527 2379 2594 quod

821 2618 1013 2669 debeat
1046 2616 1281 2668 Ecclesia
1320 2615 1472 2682 sequi
1503 2629 1564 2668 ea
1588 2629 1705 2683 qua:
1728 2614 1806 2667 sic
1838 2616 2215 2670 decernuntur.
2248 2617 2379 2670 Cum

824 2710 938 2761 hace
975 2709 1047 2760 ita
1100 2722 1160 2761 se
1207 2707 1467 2770 habeant,
1511 2720 1577 2759 ne
1624 2706 1823 2761 dixeris
1871 2721 1964 2761 eos
1999 2710 2239 2775 quidem,
2288 2711 2380 2777 qui

822 2800 1040 2868 triginta
1076 2798 1231 2852 annis
1278 2799 1395 2852 sine
1437 2796 1485 2850 vi
1533 2798 1778 2866 regiones
1824 2798 2120 2867 possident,
2178 2802 2378 2854 moveri

825 2906 929 2942 non
971 2905 1165 2957 posse:
1195 2891 1284 2958 qui
1316 2901 1496 2943 autem
1531 2905 1635 2942 non
1668 2898 1794 2942 sunt
1842 2890 1996 2953 tales,
2046 2891 2096 2943 id
2142 2900 2242 2956 est,
2289 2906 2382 2945 eos

820 2985 911 3048 qui
948 2983 994 3032 vi
1027 2982 1323 3049 possident,
1362 2981 1531 3032 etiam
1592 2992 1711 3049 post
1770 2981 2101 3034 tricesimum
2156 2997 2376 3046 annum,

820 3075 1077 3127 adversus
1099 3087 1193 3126 eos
1215 3073 1297 3141 agi
1332 3087 1505 3140 posse.
1536 3071 1640 3125 Sed
1662 3072 1773 3140 lege
1793 3086 2121 3141 postremum
2164 3086 2323 3143 caput
2347 3077 2382 3127 2

822 3173 905 3218 ιιι.
929 3164 1023 3217 lib.
1060 3179 1088 3214 v
1118 3162 1333 3217 Basilic.
1371 3164 1484 3217 sive
1516 3177 1637 3231 cap.
1681 3163 1706 3213 1
1762 3160 1994 3217 Novell:e
2034 3164 2131 3216 111
2178 3166 2256 3219 sic
2298 3171 2378 3220 di-

824 3273 953 3309 cens
990 3274 1003 3286 ·
1034 3257 1221 3310 Omnis
1273 3256 1414 3307 actio
1470 3256 1765 3307 venerabili
1821 3258 1979 3309 domo
2041 3270 2375 3327 competens,

821 3365 935 3399 sive
964 3349 1034 3400 sit
1062 3346 1381 3416 personalts,
1429 3346 1546 3400 sive
1578 3347 1989 3415 hypothccaria,
2018 3351 2377 3418 quadraginta

819 3455 993 3491 anulos
1034 3456 1139 3491 uolt
1170 3440 1384 3491 excedit
1414 3439 1859 3491 convenientibus
1913 3440 2203 3507 unicuique
2251 3441 2377 3494 reli-

818 3530 980 3595 giosa:
1006 3528 1184 3579 domui
1218 3527 1539 3594 opportunis
1569 3527 2090 3595 prtescripttonibus,
2128 3530 2221 3581 sed
2252 3544 2377 3597 pro-

819 3620 934 3683 pria
990 3616 1207 3684 quidem
1273 3627 1512 3682 tempora
1570 3616 1948 3679 servantibus;
2005 3626 2059 3668 et
2102 3601 2375 3686 antiquam

818 3710 983 3774 legem
1008 3722 1126 3774 qua:
1154 3715 1303 3758 extra
1327 3715 1431 3770 est,
1451 3706 1531 3757 sic
1556 3706 1819 3758 dtcentem
1852 3722 1865 3757 :
1896 3703 2141 3761 Prtesens
2163 3707 2378 3775 quidem

816 3795 1034 3850 Novella
1059 3796 1372 3849 constitutio
1420 3794 1664 3849 ecclesiis
1686 3799 1940 3849 adversus
1963 3799 2199 3866 privatos
2218 3815 2380 3868 agen-

824 3895 968 3942 tibus
996 3888 1475 3956 quadragenariam
1499 3902 1761 3941 annorum
1797 3891 2253 3958 praescriptionem
2285 3906 2377 3944 ac-

815 3981 1144 4033 commodat.
1202 3978 1269 4030 17
1321 3991 1500 4031 autem
1569 3994 1739 4033 canon
1786 3981 2039 4036 Chalced.
2095 3984 2283 4053 synodi
2325 3988 2377 4038 in

815 4072 1007 4139 quinto
1040 4086 1158 4139 cap.
1200 4071 1356 4139 primi
1399 4072 1484 4124 tit.
1517 4068 1917 4125 Nomocanonis
1948 4075 2162 4141 positis,
2200 4075 2376 4128 eccle-

816 4166 913 4217 siis
946 4165 1208 4217 adversus
1243 4164 1497 4218 ecclesias
1553 4166 1855 4231 agentibus,
1890 4168 1983 4220 dat
2025 4168 2241 4236 triginta
2283 4183 2379 4222 an-

822 4271 1016 4307 norum
1076 4256 1331 4322 spatium.
1395 4254 1471 4308 Ne
1524 4257 1736 4311 mireris
1798 4266 1974 4311 autem
2023 4258 2172 4314 illud.
2204 4259 2280 4313 Ex
2316 4275 2377 4315 ea

814 4348 958 4398 enim
992 4347 1081 4399 111
1122 4345 1360 4409 Novella,
1390 4355 1445 4399 et
1468 4363 1533 4400 ex
1571 4346 1605 4400 5
1658 4362 1779 4415 cap.
1827 4349 1860 4401 '5
1909 4352 1991 4402 tit.
2035 4349 2127 4404 lib.
2164 4366 2217 4414 ν,
2265 4352 2378 4406 sive

813 4435 1032 4490 Novella
1063 4439 1155 4490 151
1184 4437 1425 4490 ecclesia:
1452 4452 1663 4506 quoque
1704 4440 1903 4492 habent
1928 4440 2030 4493 alia
2066 4443 2367 4511 privilegia.

817 4527 1120 4580 llicitenim
1161 4529 1264 4580 hoc
1302 4538 1459 4596 caput
1493 4545 1505 4580 :
1548 4528 1653 4582 Pro
1693 4528 1834 4597 longi
1892 4541 2072 4584 autem
2124 4534 2375 4601 temporis

816 4620 1308 4687 praescriptionibus
1342 4622 1404 4674 l0
1451 4630 1505 4673 et
1530 4619 1602 4672 20
1639 4631 1690 4675 ct
1743 4622 1812 4675 50
1855 4636 2118 4676 annorum
2175 4624 2376 4679 sanctis

812 4710 1059 4763 ccclesiis
1084 4719 1137 4762 ct
1161 4712 1409 4766 omnibus
1461 4711 1583 4766 aliis
1638 4712 2032 4767 venerabilibus
2084 4712 2235 4776 locis,
2286 4729 2374 4768 so-

813 4802 916 4853 lam
946 4799 1016 4853 40
1045 4816 1305 4855 annorqu
1339 4802 1801 4872 prtcscriptionetn
1850 4802 2045 4870 opponi
2100 4802 2369 4870 jubentus.

813 4893 923 4947 lloc
947 4899 1061 4962 ipso
1093 4896 1258 4948 etiam
1289 4907 1504 4950 servato
1552 4897 1605 4948 in
1653 4895 1951 4962 legatorum
2002 4910 2216 4964 quoque
2261 4897 2375 4965 pios

814 5001 941 5039 usus
968 4989 1148 5041 relicta
1183 4996 1330 5040 sunt.
1368 4986 1729 5053 Quamobrem
1779 4988 2023 5043 ecclesia:
2059 4989 2297 5058 quidem,
2328 4989 2373 5042 si

810 5081 1068 5129 adversus
1098 5078 1374 5146 religiosas
1408 5080 1594 5131 domos
1622 5093 1726 5131 non
1757 5088 1942 5146 agunt,
1982 5078 2100 5132 solo
2140 5081 2373 5148 quadra-

808 5168 954 5237 ginta
983 5184 1244 5221 annorum
1291 5169 1464 5238 Spatio
1505 5169 1884 5225 excluduntur.
1925 5169 2025 5235 Qui
2057 5181 2233 5224 autem
2281 5170 2375 5223 ad-

812 5276 998 5314 versus
1018 5276 1111 5315 eas
1138 5272 1321 5330 agunt,
1366 5278 1461 5331 per
1497 5262 1765 5328 legitimas
1812 5264 2156 5330 exceptiones
2185 5261 2253 5314 ab
2283 5277 2373 5337 ec;

812 5350 990 5403 tlcsiis
1022 5352 1398 5419 extruduntur.
1432 5353 1693 5408 Czeterum
1730 5354 1943 5423 quando
1964 5354 2204 5408 ecclesiae
2231 5353 2373 5409 inter

813 5458 871 5495 se
905 5443 1129 5498 invicem
1160 5454 1345 5515 agunt,
1372 5447 1719 5515 quadraginta
1742 5462 2005 5499 annorum
2038 5447 2369 5515 privilegium

813 5548 915 5586 non
945 5536 1233 5600 habebunt,
1260 5539 1353 5589 Sed
1382 5536 1503 5604 jure
1531 5539 1799 5590 communi
1841 5547 2076 5590 utentur.
2097 5536 2235 5591 Nota
2274 5555 2373 5591 au-

811 5634 917 5678 tem
952 5641 1015 5678 ex
1047 5628 1146 5681 hoc
1191 5643 1420 5689 canone,
1449 5631 1589 5696 quod
1616 5630 1738 5681 licet
1780 5632 1906 5697 imp.
1943 5627 2159 5683 auferre
2193 5629 2369 5683 eccle-

810 5716 1028 5769 siastica
1061 5718 1355 5788 privilegia.
1400 5718 1456 5771 Si
1486 5719 1625 5773 enim
1652 5718 1729 5770 eis
1776 5718 2104 5787 permittitur
2138 5732 2198 5770 ea
2250 5734 2370 5788 quae

810 5809 1073 5863 voluerint
1111 5809 1178 5865 de
1237 5811 1512 5876 regionum
1560 5809 1754 5865 linibus
1807 5811 2058 5866 ordinare
2089 5825 2187 5878 pro
2216 5810 2372 5865 inno-

2476 1984 2576 2026 ’του
2635 1975 3019 2044 τηρηθήσεται.
3054 1977 3178 2029 Ἐὰν
3193 1977 3250 2030 δέ
3282 1979 3683 2050 μητροπολίτης
3714 1981 3875 2052 ἀδικῇ
3910 1984 4048 2035 ἐπί-

2486 2082 2686 2119 σκοπον
2702 2067 2888 2131 αὑτοῦ,
2903 2070 3052 2137 παρὰ
3067 2068 3143 2139 τῷ
3168 2070 3379 2141 ἐξάρχω
3391 2074 3485 2141 τῆς
3499 2072 3815 2141 διοικήσεως
3841 2075 3874 2144 ἤ
3899 2074 4052 2143 παρὰ

2482 2152 2560 2222 τῷ
2590 2154 2899 2223 πατριάρχῃ
2924 2155 2989 2206 τὰ
3014 2156 3142 2223 περὶ
3170 2157 3266 2223 τῆς
3305 2157 3516 2226 ἐνορίας
3553 2159 3904 2228 κριθήσεται.
3958 2158 4043 2212 Τὰ.

2490 2243 2673 2312 μέντοι
2705 2247 2856 2314 παρὰ
2887 2244 2996 2295 τῶν
3068 2244 3335 2315 βασιλέων
3372 2248 3710 2317 διοριζόμενα
3747 2249 3836 2302 διὰ
3883 2250 4053 2319 δημο-

2486 2336 2620 2387 σίων
2644 2335 2825 2389 τύπων
2858 2338 2973 2405 ἤτοι
3024 2336 3315 2405 βασιλικῶν
3353 2340 3812 2409 προσταγμάτων,
3890 2343 4053 2410 χάριν

2488 2427 2641 2498 παρὰ
2664 2426 2871 2479 τούτων
2902 2426 3287 2479 καινισθεισῶν
3331 2428 3363 2497 ἢ
3404 2431 3914 2501 καινισθησομὲνων
3946 2434 4048 2484 πό-

2485 2518 2645 2585 λεων,
2680 2520 2861 2586 μένειν
2889 2518 3068 2581 καθὼς
3097 2519 3432 2589 ῶρίσθησαν,
3470 2522 3543 2584 ῶς
3565 2522 3657 2575 καὶ⁸
3688 2525 3786 2593 τῆς
3815 2525 4053 2592 Ἐκκλη-

2488 2614 2613 2674 σίας
2637 2612 2956 2680 ὀφειλούσης
2982 2613 3299 2666 ἀκολουθεῖν
3322 2617 3432 2674 τοῖς
3452 2614 3595 2666 οὕτω
3621 2616 4046 2683 διοριζομένοις.

2486 2698 2701 2751 Τούτων
2727 2698 2897 2761 οὕτως
2926 2701 3177 2769 ἐχόντων,
3215 2700 3289 2771 μὴ
3312 2703 3474 2771 εἴπῃς
3497 2704 3621 2766 τοὺς
3658 2705 3757 2774 μὲν
3775 2706 4053 2770 ἀδιάστως

2488 2778 2818 2860 κατέχοντας
2867 2791 2960 2845 ἐπὶ
3019 2795 3435 2864 τριακονταετία
3482 2795 3698 2865 ἐνορίαν
3752 2798 4051 2869 ἀπαρασα-

2486 2880 2706 2945 λεύτους
2757 2879 2924 2936 εἶναι’
2963 2886 3086 2946 τοὺς
3123 2884 3180 2936 δὲ
3231 2884 3309 2951 μὴ
3368 2886 3659 2952 τοιούτους,
3706 2889 3871 2958 ἤγουν
3923 2894 4052 2955 τοὺς

2489 2976 2630 3028 κατὰ
2685 2974 2807 3045 βίαν
2852 2977 3200 3045 νεμομένους.
3250 2978 3344 3029 καὶ
3399 2980 3539 3046 μετὰ
3602 2985 4051 3051 τριακονταετίαν

2489 3065 2801 3133 ἐνὰγεσοαι.
2836 3064 2996 3117 Ἀλλὰ
3015 3067 3324 3132 ἀναγνωσον
3347 3067 3408 3118 τὸ
3429 3068 3735 3121 τελευταῖον
3750 3073 4049 3138 κεφάλαιον

2485 3157 2577 3210 τοῦ
2614 3154 2656 3226 β’
2685 3158 2861 3209 τίτλου
2885 3156 2977 3209 τοῦ
3019 3164 3057 3209 ε’
3097 3155 3300 3224 βιϐλίου
3351 3158 3457 3210 τῶν
3512 3160 3834 3225 Βασιλικῶν.
3876 3162 4049 3232 ἤγουν

2407 3239 2449 3297 C
2483 3248 2775 3312 κεφάλαιον
2804 3245 2852 3298 α’
2892 3249 2990 3316 τῆς
3043 3247 3146 3319 ρια¹
3197 3252 3415 3319 νεαρᾶς,
3446 3249 3588 3302 οὕτω
3643 3251 3823 3316 λέγον·
3887 3252 4049 3304 llas;

2480 3340 2674 3408 ἀγωγὴ
2708 3341 3061 3410 προσήκουσα
3113 3342 3294 3411 σεπτῷ
3348 3343 3503 3412 οίκῳ,
3562 3344 3670 3395 εἴτε
3714 3347 4048 3414 προσωπικὴ

2480 3432 2590 3483 εἴτε
2630 3431 2974 3501 ὑποθηκαρία
3007 3434 3172 3497 ἐστὶν,
3212 3437 3311 3505 οὐχ
3341 3435 3660 3506 ὑπερϐαίνει
3710 3438 3776 3489 τὰ
3838 3454 4047 3490 τεσσα-

2483 3525 2719 3592 ράκοντα
2762 3524 2878 3595 ἔτη,
2911 3524 3019 3577 τῶν
3037 3526 3390 3600 ξρμοζουσῶν
3413 3528 3624 3597 ἑκάστῳ
3656 3529 3789 3597 οἴκῳ
3816 3530 4051 3600 τοιούτῳ

2478 3615 2666 3683 εὐαγεί
2715 3615 3075 3688 προσκαίρωίῖ
3094 3619 3493 3687 παραγραφῶν,
3515 3621 3889 3688 φυλαττουσῶν
3916 3625 4051 3692 μὲν-

2479 3722 2626 3773 τςιγε
2657 3707 2781 3770 τοὺς
2810 3708 3041 3768 οἰκείους
3068 3708 3291 3777 χρόνους
3311 3724 3326 3739 ·
3356 3709 3464 3760 καὶ·
3496 3710 3585 3761 τδν
3627 3709 3827 3774 ἔξωθεν
3867 3712 4044 3764 αὑτοῦ

2481 3798 2705 3851 παλαιὸν
2760 3797 2902 3850 οὕτω
2946 3799 3173 3874 λέγοντα
3196 3815 3210 3829 ’
3245 3801 3310 3853 Ἢ
3346 3802 3443 3869 μὲν
3474 3802 3722 3872 παροῦσα
3749 3805 3915 3874 νεαρὰ
3931 3806 4051 3859 διὰ-

2478 3888 2632 3953 ταξις
2675 3890 2817 3943 κατὰ
2876 3890 3099 3943 ἰδιωτῶν
3171 3892 3492 3959 ἐναγούσαις
3548 3898 3667 3957 ταῖς
3722 3896 4050 3965 ἐκκλησίαις

2479 3982 2576 4052 τὴν
2642 3982 3193 4053 τεσσαρακονταετίαν
3255 3984 3525 4052 ὑφαπλοῖ·
3577 3987 3605 4038 ό
3656 3986 3712 4038 δέ
3745 3985 3806 4050 ιζ’
3858 3988 4051 4040 κανὼν

2480 4072 2579 4141 τῆς
2608 4074 2665 4123 ἐν
2712 4074 3017 4141 Χαλκηδόνι
3081 4074 3300 4126 συνόδου
3357 4076 3606 4144 κείμενος
3628 4078 3685 4130 ἐν
3713 4078 3789 4147 τῷ
3841 4077 3881 4131 ε’
3910 4097 4050 4149 κειξ.

2477 4163 2571 4215 τοῦ
2603 4170 2650 4215 α’
2678 4163 2855 4215 τίτλου
2883 4164 2978 4216 τοῦ
3004 4164 3379 4233 Νομοκανονος
3408 4170 3528 4230 ταῖς
3545 4168 3866 4239 ἐκκλησίαις
3887 4178 4046 4223 κατα

2479 4242 2784 4321 ἐκκλησιῶν
2817 4253 3136 4320 ἐναγούσαις
3186 4257 3630 4324 τριακονταετίαν
3679 4258 3884 4311 δίδωσι.
3948 4261 4050 4327 Μὴ

2481 4344 2764 4415 θαυμάσῃς
2814 4347 2869 4399 δὲ
2919 4347 3107 4399 τοῦτο’
3154 4347 3263 4401 ἀπὸ
3316 4350 3426 4418 γὰρ
3476 4350 3577 4418 τῆς
3628 4352 3879 4422 τοιαύτης
3932 4364 4049 4421 pta:

2479 4438 2705 4506 νεαρᾶς,
2738 4439 2831 4491 καὶ
2859 4438 2966 4489 ἀπὸ
3011 4437 3059 4505 γ’
3085 4454 3210 4505 κεφ.
3238 4437 3332 4491 τοῦ
3363 4445 3412 4506 γ’
3433 4440 3614 4493 τίτλου
3642 4442 3737 4493 τοῦ
3762 4442 3804 4494 ε’
3830 4442 4049 4511 βιϐλίου

2466 4528 2599 4605 ,ἦτοι
2629 4527 2727 4595 τῆς
2763 4526 2877 4597 ρλα¹
2922 4530 3117 4596 νεαρᾶς
3168 4529 3260 4581 καὶ
3292 4528 3476 4597 ἕτερον
3510 4531 3799 4600 προνόμιον
3855 4532 3912 4583 αἱ
3955 4536 4051 4585 ὲκ-

2481 4617 2695 4687 κλησίαι
2741 4618 2977 4687 ἔχουσιν.
3019 4618 3156 4688 Φησὶ
3184 4619 3291 4689 γὰρ
3312 4620 3370 4670 τὸ
3401 4619 3639 4672 τοιοῦτον
3682 4638 3842 4689 κείρω
3889 4625 4053 4677 Ἀντὶ

2476 4707 2533 4759 δέ
2562 4709 2787 4776 χρονίων
2814 4709 3187 4779 παραγραφῶν
3209 4709 3339 4763 δέκα
3371 4714 3464 4762 καὶ
3494 4710 3689 4771 εἴκοσι.
3745 4715 3842 4766 καὶ
3881 4717 4049 4782 τριέ-

2478 4815 2643 4851 κοντα
2664 4792 2923 4852 ε’νιαυτῶν
2940 4803 3059 4863 ταῖς
3075 4801 3260 4867 ἁγίαις
3286 4800 3602 4869 ἐκκλησίαις
3619 4801 3834 4865 καὶτοῖς
3855 4803 4048 4867 ἄλλοις

2479 4889 2651 4943 ἅπασι
2676 4892 2992 4959 σεϐασμίοις
3023 4892 3210 4953 τόποις
3245 4892 3413 4962 μόνην
3436 4891 3534 4961 τὴν
3562 4893 3672 4945 τῶν
3696 4898 3751 4962 μ’
3772 4894 4051 4948 ἐνιαυτῶν

2479 4982 2853 5053 παραγραφὴν
2902 4981 3269 5065 ἁγτιτίθεσθαι
3330 4983 3762 5051 προστάττομεν.
3832 4982 4047 5037 Τούτου

2478 5076 2645 5129 αὑτοῦ
2696 5077 3099 5170 φυλαττρμένου
3160 5081 3255 5128 καὶ
3306 5077 3399 5127 ἐπὶ
3453 5079 3519 5146 τῇ
3574 5078 3876 5146 ἀπαιτήσει
3931 5080 4047 5131 τῶν

2476 5168 2752 5237 ληγάτων,
2812 5168 3051 5221 καὶτῶν
3083 5168 3459 5240 κληρονομιῶν
3516 5169 3695 5222 αὐτῶν
3758 5172 3839 5232 είς
3881 5171 4049 5223 εὐσε-

2478 5260 2590 5323 ϐεῖς
2615 5261 2795 5323 αἰτίας
2825 5259 3360 5329 καταλελειμμένων.
3394 5260 3554 5312 Ὥστε
3602 5261 3658 5313 αί
3684 5262 3781 5330 μὲν
3836 5262 4045 5332 ἐκκλη-

2481 5353 2624 5418 σίαι,
2678 5352 2753 5421 μὴ
2788 5351 3154 5418 καταεὺαγῶν
3177 5352 3340 5404 οίκων
3386 5353 3698 5420 ἐνάγουσαι,
3745 5354 3835 5406 διὰ
3870 5358 4045 5424 μόνης

2475 5444 2576 5511 τῆς
2631 5443 3186 5512 τεσσαρακονταετίας
3236 5444 3645 5495 ἀποκλείονται·
3704 5445 3753 5495 οἱ
3794 5443 3853 5496 δέ
3899 5448 4043 5497 κατὰ

2475 5535 2679 5588 τούτων
2716 5535 2999 5601 ἐνάγοντες
3051 5532 3139 5585 διὰ
3189 5535 3299 5585 τῶν
3362 5534 3608 5603 νομίμων
3656 5538 4041 5605 παραγραφῶν

2477 5629 2580 5679 ὑπὸ
2598 5624 2705 5677 τῶν
2735 5626 3038 5695 ἐκκλησιῶν
3066 5624 3603 5689 ἐξωθοῦνται.¹¹οταν
3628 5627 3810 5695 μέντοι
3840 5628 4043 5695 ἐκκλη-

2478 5720 2587 5772 σίαι
2638 5720 2757 5771 κατ’
2782 5717 3026 5787 ἀλλήλων
3061 5718 3319 5786 ἐνάγωσι,
3352 5717 3529 5789 τὸτῆς
3566 5735 4040 5788 τεσσαρακονταε-

2474 5809 2592 5871 cia;
2623 5809 2721 5863 οὐκ
2770 5808 2949 5878 ἔχουσι
2976 5807 3286 5879 προνόμιον,
3313 5808 3449 5861 ἀλλὰ
3471 5810 3579 5872 τοῖς
3616 5812 3819 5872 κοινοῖς
3848 5809 4036 5878 νόμοις
