4238 6464
747 387 844 452 471

2008 391 2208 452 THEC
2220 394 2284 453 D.
2323 395 2411 452 BA
2427 396 2721 454 LSAMON

3899 393 4002 455 47-2.

750 509 912 569 nites,
940 519 1004 558 ex
1041 503 1171 558 urbe
1216 501 1268 556 in
1294 517 1454 571 quam
1487 506 1871 574 immigrarunt
1905 507 2171 558 excedere
2207 506 2318 558 vult
2347 511 2388 564 Α
2417 531 2424 544 ι

2347 511 2388 564 Δ
2417 530 2544 574 τους
2564 513 2658 565 οὖν
2689 510 2839 578 παρὰ
2866 511 2974 563 τῶν
3001 510 3228 562 ἐκδίκων
3251 507 3728 576 ὁπομιμνήκεσθαι
3751 507 4001 575 βούλεται

747 611 921 650 canon
949 613 961 658 ;
1013 605 1367 650 contumaces
1418 612 1547 651 vero
1577 615 1638 651 ac
1673 599 1722 650 in
1755 613 1850 651 sua
1883 598 2313 667 importunitate,

746 687 1109 740 inobcdientia
1142 687 1390 740 videlicet
1422 688 1862 756 impudentiaque
1880 687 2215 751 obfirmatos,
2236 687 2317 738 vel

743 780 1158 836 commissorum
1197 779 1296 832 sibi
1347 779 1510 832 etiam
1561 780 1901 850 negotiorum
1958 779 2314 832 administra-

746 872 947 923 tionem
983 872 1261 926 mordicus
1295 874 1619 935 retinentes,
1674 873 1798 938 ejici
1835 889 1862 925 a
1898 873 2187 926 defensore
2234 872 2314 924 Vel

744 964 962 1027 invitos,
999 973 1160 1031 atque
1200 965 1250 1015 in
1298 979 1445 1016 suam
1491 968 1784 1019 stationem
1839 966 2085 1034 compelli
2138 965 2310 1031 jubet.

745 1053 1052 1122 Eademque
1096 1055 1484 1109 constitutione
1525 1058 1821 1110 monachos
1873 1071 2090 1124 quoque
2143 1055 2310 1110 teneri

742 1145 1015 1196 decretum
1043 1157 1146 1198 est.

743 1234 970 1291 AlllST.
1006 1238 1197 1292 Clerici
1226 1251 1272 1292 el
1299 1240 1538 1293 monac/ti
1560 1241 1650 1307 qui
1678 1239 1905 1305 episcopi
1935 1239 2142 1306 injussu
2171 1238 2310 1294 Catt-

810 1321 1152 1394 stantinopoli
1184 1343 1600 1395 commorantur,
1629 1341 1672 1382 et
1706 1331 1883 1381 turbas
1909 1332 2159 1392 excitant,
2187 1331 2311 1383 urbe

812 1421 1164 1488 expc/lantur.

809 1619 997 1673 Clerici
1055 1627 1147 1670 aut
1203 1621 1450 1672 monachi
1519 1620 1608 1686 qui
1670 1630 1866 1687 praeter
1925 1621 2163 1688 episcopi
2225 1621 2305 1674 sui

739 1711 1064 1765 sententiam
1131 1709 1602 1780 Constantinopoli
1672 1712 2055 1775 inveniuntur,
2122 1719 2177 1763 et
2235 1711 2303 1762 ibi

737 1802 1163 1857 ecclesiasﬁ'cum
1236 1805 1554 1870 perturbant
1630 1814 1869 1866 statum,
1923 1804 1989 1857 ab
2053 1804 2308 1857 Ecclesia:

738 1892 1350 1961 Constantinopolitanaa
1409 1897 1649 1948 exat-cito
1715 1895 1939 1949 civitate
2027 1896 2302 1963 expellan-

740 1992 848 2037 Hll'.

1289 2118 1528 2174 CANON
1571 2121 1759 2176 XXIV.

742 2228 873 2293 Qua:
905 2233 1062 2284 semel
1085 2231 1354 2285 voluntate
1377 2233 1602 2299 episcopi
1636 2245 1945 2288 consecrata
1981 2247 2099 2289 sunt
2129 2253 2314 2290 mona-

810 2327 994 2389 steria,
1022 2337 1268 2392 perpetuo
1290 2345 1499 2381 manere
1532 2331 1880 2392 monasteria,
1906 2341 1952 2382 et
1986 2347 2064 2383 res
2097 2347 2213 2396 qua:
2244 2332 2312 2382 ad

811 2433 874 2470 ca
925 2419 1184 2483 pertinent
1241 2420 1477 2479 seri-ari,
1539 2436 1698 2488 eaque
1756 2436 1859 2473 non
1911 2422 2138 2487 amplius
2197 2423 2316 2489 ﬁeri

808 2510 1092 2561 srrcnlaria
1143 2509 1470 2563 habitacula.
1515 2509 1619 2562 Εοιι
1669 2520 1865 2575 autem,
1918 2513 2007 2580 qui
2056 2515 2151 2566 hoc
2199 2514 2315 2581 ﬁeri

809 2601 1137 2666 permittunt,
1169 2614 1425 2651 canonum
1457 2600 1625 2668 poenis
1657 2600 1871 2667 subjici.

814 2794 1004 2849 BALS.
1037 2796 1282 2849 Praesens
1307 2811 1498 2861 canon,
1549 2797 1638 2864 qui
1679 2798 1871 2850 statuit
1905 2813 2007 2850 non
2052 2798 2162 2852 lieri
2211 2814 2315 2854 sae-

739 2887 944 2941 cularia
1005 2887 1326 2950 diversoria,
1395 2903 1494 2941 nec
1551 2890 1856 2941 communia
1909 2890 2024 2943 ﬁeri
2074 2906 2195 2959 qua:
2252 2895 2316 2945 de

741 2977 985 3048 episcopi
1030 2980 1299 3031 sententia
1334 2988 1652 3032 consecrata
1681 2989 1809 3034 sunt
1838 2983 2188 3044 monasteria,
2222 2996 2316 3036 eas

740 3083 954 3140 quoque
981 3083 1068 3122 res
1091 3069 1318 3133 servari,
1351 3085 1471 3138 quae
1507 3071 1573 3124 ad
1610 3074 1720 3140 ipsa
1755 3074 2051 3139 pertinent,
2082 3086 2139 3127 ut
2168 3084 2220 3128 et
2247 3075 2314 3128 de

2423 604 2450 654 δ
2483 603 2658 656 κανὼν
2679 603 2909 667 ἐξελθεῖν
2925 603 3023 671 τῆς
3040 602 3265 665 πόλεως,
3353 599 3708 667 παροικοῦσιν
3727 613 3743 628 ⁸
3763 601 3812 650 εἰ
3847 598 3903 648 δέ
3931 598 4004 664 μὴ

2423 694 2717 756 πείθοιντο,
2750 695 2859 754 τοῖς
2888 694 3074 750 αὐτοῖς·
3106 691 3160 742 δὲ
3201 691 3522 757 πράγμασιν
3558 689 3896 756 ἐπιμένοιεν,
3933 689 3999 752 τῇ

2420 788 2517 839 dvo
2527 788 2755 857 ποταξίᾳ
2771 787 2970 855 δηλαδὴ
2985 786 3078 837 καὶ
3097 783 3470 850 ἀναισχυντίᾳ,
3485 782 3518 850 ἦ
3534 785 3596 850 τῇ
3611 781 3874 847 διοικήσει
3892 777 4002 829 τῶν

2420 879 2604 940 αὐτοῖς
2657 878 3103 946 ἐγχειρισθέντων
3189 874 3574 940 πραγμάτιον,
3628 870 3999 922 ἐκϐάλλεσθαι

2422 970 2515 1020 καὶ
2543 969 2772 1028 ἄκοντας
2797 969 2822 1018 ὁ
2859 966 3036 1016 κανὼν
3067 964 3410 1016 διατάττεται
3449 961 3601 1030 παρὰ
3633 959 3726 1011 τοῦ
3759 959 4000 1013 ἐκδίκου,

2419 1060 2512 1112 καὶ
2560 1061 2638 1119 εἰς
2667 1061 2792 1116 τοὺς
2829 1059 2988 1119 ἰδίους
3031 1055 3248 1110 ἀπιέναι
3283 1054 3499 1114 τόπους.
3560 1053 3642 1104 Τὰ
3668 1051 3809 1103 αὐτὰ
3911 1049 4004 1100 καὶ

2418 1152 2545 1218 περὶ
2573 1150 2843 1218 μοναχῶν.

2415 1242 2639 1294 ΑΡΙΣΤ.
2702 1244 2764 1292 01
2824 1240 3165 1292 ἐπισκόπου
3221 1237 3360 1304 δίχα
3412 1235 3487 1302 τῇ
3541 1233 4006 1289 Κωνσταντὶνου

2485 1335 2888 1399 διατρίϐοντες
2944 1332 3116 1383 πόλει
3148 1329 3422 1395 κληρικοί
3469 1328 3564 1380 καί
3612 1322 4006 1394 μονάζοντες,

2485 1424 2582 1477 καί
2622 1424 2888 1490 ταραχὰς
2918 1423 3348 1490 arere/portu,
3403 1417 3503 1485 τῆς
3540 1419 3774 1480 πόλεως
3827 1414 4009 1465 ma».

2481 1517 2814 1571 νέσθωσιιν.

2487 1626 2549 1677 Οἱ
2584 1625 2735 1694 παρὰ
2773 1624 3000 1692 γνώμης
3054 1622 3149 1674 τοῦ
3208 1622 3338 1673 ἰδίου
3377 1619 3682 1672 ἐπισκόπου
3740 1612 4006 1684 εὑρισκό-

2417 1735 2566 1787 μενοι
2609 1719 2666 1769 ἐν
2715 1714 3299 1770 Κωνσταντινουπόλει
3351 1712 3607 1778 κληρικοὶ
3669 1708 3766 1760 καὶ
3831 1706 4001 1774 μονά-

2419 1807 2602 1870 ζοντες
2632 1804 2769 1874 (32).
2807 1806 2900 1856 καὶ
2947 1803 3047 1872 τὴν
3105 1801 3575 1869 ἐκκλησιαστικὴν
3637 1796 4006 1866 θορυϐοῦντες

2416 1897 2776 1953 κατάστασιν,
2807 1894 2893 1946 διὰ
2922 1894 3016 1944 τοῦ
3054 1894 3273 1944 ἐκδίκου
3307 1893 3406 1960 τῆς
3437 1891 3580 1943 κατὰ
3640 1890 4001 1941 Κωνσταντιο

2436 1985 2690 2040 νούπολιν
2724 1981 3166 2051 Ἑκκλησίαςτῆς
3183 1983 3384 2043 πόλεως
3415 1979 3853 2032 ἐλαυνέσθωσαν.

3002 2115 3241 2168 ΚΑΝΩΝ
3283 2116 3409 2168 ΚΔ¹.

2423 2235 2499 2289 Τὰ
2533 2232 2694 2295 ἅπαξ
2718 2227 3146 2297 καθιερωθέντα
3168 2229 3550 2295 μοναστήρια
3580 2224 3730 2277 κατὰ
3757 2222 4011 2292 γνώμην

2486 2325 2827 2378 ἐπισκόπου
2853 2321 3060 2388 μένειν
3085 2321 3172 2384 εὶς
3193 2320 3258 2370 τὸ
3293 2317 3571 2383 διηνεκὲς
3605 2315 3997 2384 μοναο-τήρια

2487 2417 2586 2470 καί
2607 2416 2676 2468 τὰ
2689 2414 2996 2482 ἀνήκοντα
3013 2412 3217 2477 αὐτοῖς
3237 2411 3548 2478 ,πράγματα
3570 2408 4007 2478 φυλάττεσθαι,

2487 2511 2584 2563 καί
2612 2509 2819 2580 μηκέτι
2865 2506 3140 2572 τίνεσθαι
3193 2503 3380 2555 ταῦτα
3415 2501 3680 2567 κοσμικὰ
3737 2497 4008 2566 καττιγώο

2489 2617 2609 2667 τια.
2672 2599 2819 2662 Τοὺς
2853 2597 2920 2648 δὲ
2963 2594 3436 2663 συγχωροῦντας
3489 2593 3667 2645 τοῦτο
3730 2593 4008 2658 τίνεσθαι

2491 2694 2847 2747 ὑποκεῖσθαι
2872 2688 2996 2753 τοῖς
3029 2690 3097 2740 ἐκ
3125 2687 3243 2740 τῶν
3275 2688 3550 2738 κανόνων
3576 2685 3918 2751 ἐπιτιμίοις.

2491 2803 2684 2858 ΒΑΛΣ.
2727 2802 2786 2854 Ὀ
2845 2799 3034 2870 παρὼν
3089 2801 3267 2852 κανὼν
3323 2795 3691 2868 διοριζόμενος
3742 2794 3820 2864 μὴ
3861 2795 4016 2861 γίνε-

2421 2895 2547 2948 σθαι
2573 2894 2814 2963 κοσμικὰ
2852 2891 3198 2958 καταγώγια.
3240 2890 3374 2960 μηδὲ
3408 2887 3721 2941 κοινοῦσθαι
3750 2887 3822 2939 τὰ
3863 2885 4012 2937 κατὰ

2420 2988 2649 3058 γνώμην
2686 2988 2779 3039 τοῦ
2817 2987 3120 3040 ἐπισκόπου
3169 2983 3584 3052 καθιερωθέντα
3639 2979 4008 3048 μοναστήρια,

2421 3081 2790 3151 φυλάττεσθαι
2815 3079 2872 3131 δὲ
2908 3097 3004 3131 και
3030 3078 3098 3130 τὰ
3124 3078 3396 3145 ἀνήκοντα
3437 3076 3627 3136 αὐτοῖς
3672 3074 4008 3139 πράγματα,

740 3159 1191 3213 monasteriorum
1216 3161 1574 3215 aediﬁcatione
1601 3165 1763 3218 tacite
1785 3166 2048 3232 prtecipit,
2080 3181 2142 3220 ea
2172 3168 2314 3234 quod
2345 3178 2388 3238 (ς

2345 3178 2388 3238 C
2420 3170 2761 3240 ἀσυμφανῶς
2794 3169 3262 3239 παρακελεύεται,
3305 3166 3404 3220 καὶ
3438 3167 3506 3219 τὰ
3540 3166 3670 3234 περὶ
3711 3164 3811 3231 τῆς
3841 3162 4011 3228 ποιή-

738 3251 872 3305 dicit
905 3251 1141 3319 episcopi
1166 3252 1468 3307 voluntate.
1501 3253 1608 3308 Sed
1642 3257 1910 3323 quomodo
1940 3258 2052 3311 lieri
2086 3260 2316 3313 debeant

741 3344 1094 3407 monasteria,
1143 3359 1171 3396 a
1220 3346 1395 3413 primo
1429 3361 1638 3400 canone
1688 3349 1879 3418 synodi
1932 3365 2050 3418 qua:
2105 3350 2205 3404 fuit
2264 3352 2316 3405 in

741 3436 938 3505 templo
969 3434 1296 3490 Sanctorum
1348 3438 1752 3506 Apostolorum,
1793 3438 1963 3493 fusius
2009 3442 2228 3508 disces;
2264 3451 2320 3496 et

741 3529 906 3580 etiam
945 3543 973 3580 a
1007 3528 1181 3595 primo
1230 3529 1410 3597 capite
1459 3530 1618 3598 ptimi
1666 3531 1751 3585 tit.
1817 3547 1866 3585 tv
1926 3533 2048 3586 libri
2092 3532 2313 3587 Basilio.

741 3617 882 3687 quod
927 3625 1012 3670 est
1063 3633 1181 3686 cap.
1239 3617 1336 3683 52,
1377 3619 1477 3672 125
1531 3618 1824 3674 Justiniani
1887 3621 2144 3688 Novella},
2197 3638 2318 3692 qua:

741 3711 1062 3780 cotnpeudio
1120 3711 1292 3779 posita
1339 3722 1421 3765 est
1453 3712 1558 3764 iul
1611 3727 1730 3780 cap.
1783 3713 1842 3765 ll
1894 3713 1978 3766 tit.
2036 3713 2317 3780 prtesentis

738 3804 936 3872 operis.
974 3801 1394 3870 lnterrogaverit
1427 3812 1605 3855 autem
1632 3805 1920 3872 quispiam,
1943 3820 2062 3858 cum
2083 3819 2314 3872 quanam

739 3895 982 3950 custodia
1035 3909 1122 3948 res
1156 3895 1614 3948 monasteriorum
1661 3896 1868 3948 servari
1895 3894 2081 3961 jubeat
2111 3909 2306 3960 canon,

739 3999 795 4044 et
824 4003 1071 4056 quaenam
1103 4003 1180 4042 ea:
1213 3988 1344 4042 sint.
1393 3988 1469 4040 Ac
1500 3988 1741 4042 nonnulli
1796 3989 2014 4056 quidem
2059 3987 2318 4041 dixerunt

737 4081 918 4135 omnia
949 4081 1405 4134 monasteriorum
1442 4092 1547 4133 tam
1577 4080 1800 4134 mobilia
1823 4094 1986 4148 quam
2019 4079 2312 4132 immobilia

740 4183 796 4225 ut
829 4173 945 4242 ipsa
977 4173 1143 4226 etiam
1176 4154 1509 4225 monasteria
1561 4171 1928 4226 inalienabilia
1969 4172 2312 4225 conservari.

737 4265 866 4318 Mihi
897 4275 1074 4319 autem
1117 4265 1333 4316 videtur
1357 4279 1529 4316 canon
1571 4265 1656 4317 hic
1687 4263 1832 4333 loqui
1872 4266 1938 4317 de
1987 4279 2177 4333 magna
2215 4277 2316 4317 cu-

736 4356 936 4421 stodia,
968 4371 1177 4410 summa
1208 4355 1416 4408 scilicet
1450 4354 1750 4423 diligentia.
1781 4355 2144 4409 lunnobiliutn
2171 4355 2312 4408 enim

735 4447 802 4500 ad
834 4462 896 4499 ea
944 4443 1352 4513 pertinentium,
1398 4453 1451 4497 et
1493 4456 1757 4512 praeterea
1818 4445 1982 4497 etiam
2032 4459 2314 4499 sacrorum

735 4552 990 4592 vasorum
1023 4551 1411 4603 nonnunquam
1448 4534 1705 4587 alienatio
1756 4535 2114 4603 permittitur.
2176 4534 2315 4598 Lege

738 4642 904 4684 totum
937 4630 970 4680 2
1017 4628 1098 4681 tit.
1136 4627 1231 4680 lib.
1273 4643 1300 4674 ν
1342 4625 1558 4682 Basilic.
1589 4627 1870 4680 docentem
1898 4626 2063 4694 justis
2089 4625 2314 4695 quibus-

733 4723 857 4774 dam
890 4721 954 4774 de
981 4720 1183 4784 causis,
1220 4734 1328 4772 non
1356 4717 1532 4772 solum
1574 4718 1689 4770 dari
1723 4716 1954 4785 pignori,
1987 4719 2080 4771 sed
2119 4717 2312 4783 quavis

733 4814 899 4869 etiam
935 4812 1261 4865 alienatione
1296 4811 1519 4863 alienari
1546 4811 1900 4863 ecclesiarum
1937 4808 2233 4863 immobilia
2257 4817 2312 4861 et

734 4922 889 4962 sacra
923 4920 1068 4958 vasa.
1095 4903 1363 4969 Quoniam
1399 4913 1582 4956 autem
1619 4903 1748 4956 dicit
1788 4917 1902 4968 eos,
1957 4905 2048 4972 qui
2083 4902 2310 4972 permit-

738 5009 856 5053 tnut
887 4999 1198 5053 communia
1235 4998 1348 5050 ﬁeri
1399 4999 1748 5059 monasteria,
1806 5012 2078 5050 canonum
2133 4996 2312 5063 ptenis

735 5091 952 5158 subjici,
975 5092 1248 5159 rogaverit
1281 5089 1573 5158 quispiam,
1611 5104 1857 5158 quamam
1888 5105 1966 5143 ea:
1992 5089 2119 5141 sint.
2159 5088 2314 5141 Scias

734 5200 864 5253 ergo
919 5184 1062 5250 quod
1119 5183 1183 5236 l3
1235 5197 1410 5236 canon
1451 5183 1480 5236 7
1513 5197 1632 5250 sytt.
1684 5181 1834 5243 dicit,
1877 5196 1972 5234 eos
2014 5179 2105 5248 qui
2159 5194 2313 5233 sacra

734 5276 1039 5331 conununia
1068 5275 1292 5337 faciunt,
1327 5284 1377 5328 et
1409 5291 1470 5328 ea
1505 5273 1558 5326 itt
1603 5273 1881 5341 antiquam
1927 5270 2156 5322 fortnam
2207 5285 2311 5323 non

734 5369 1046 5434 restituunt,
1071 5367 1116 5423 si
1139 5367 1474 5436 sintquidcm
1509 5362 2055 5424 sacerdotes,debore
2073 5361 2268 5429 deponi
2298 5378 2311 5414 :

2422 3278 2560 3323 σεως
2588 3260 2696 3312 τῶν
2729 3258 3134 3330 μοναστηρίων,
3182 3256 3272 3308 διὰ
3294 3255 3390 3308 τοῦ
3426 3255 3624 3314 εἰπεῖν,
3652 3251 3799 3303 κατὰ
3858 3248 4007 3316 γνώ-

2424 3370 2532 3423 μην
2580 3351 2676 3406 τοῦ
2717 3351 3043 3404 ἐπισκόπου.
3103 3348 3342 3417 Μαθήσῃ
3368 3347 3425 3399 δὲ
3491 3344 3825 3411 πλατύτερον
3885 3341 4008 3401 πῶς

2418 3443 2696 3509 ὀφείλουσι
2723 3443 2974 3510 γίνεσθαι
3032 3443 3100 3494 τὰ
3158 3443 3504 3510 μοναστήρια
3532 3438 3639 3490 ἀπὸ
3684 3437 3780 3488 τοῦ
3807 3433 3854 3488 α’
3898 3451 4004 3485 κα-

2421 3537 2568 3597 νόνος
2601 3538 2700 3603 τῆς
2732 3537 2788 3588 ἐν
2818 3535 2894 3603 τῷ
2915 3534 3029 3602 ναῷ
3059 3535 3167 3585 τῶν
3205 3533 3404 3596 Ἀγίων
3429 3529 3770 3584 Ἀποστὸλων
3801 3527 4011 3579 συστά-

2422 3643 2520 3696 σης
2559 3626 2796 3692 συνᾶδου,
2839 3627 2934 3678 καὶ
2962 3626 3070 3678 ἀπὸ
3107 3624 3201 3677 τοῦ
3220 3622 3268 3677 α’
3297 3641 3420 3690 κεφ.
3457 3621 3550 3674 τοῦ
3576 3627 3622 3674 α’
3647 3621 3823 3672 τίτλου
3841 3617 3942 3670 τοῦ
3970 3614 4010 3669 δ’

2423 3719 2626 3788 βιδλίυυ
2693 3719 2800 3770 τῶν
2847 3717 3156 3771 Βασιλικῶν
3185 3718 3322 3784 ὅπερ
3345 3715 3462 3767 ἐστὶ
3487 3731 3612 3781 κεφ.
3644 3712 3721 3783 νβ’
3746 3713 3842 3780 τῆς
3884 3705 4002 3778 ρκγ¹

2430 3810 2856 3866 Ἰουστινιανείου
2888 3808 3128 3879 Νεαρᾶς,
3155 3805 3476 3873 συνοψισθέν
3507 3807 3584 3865 είς
3613 3804 3672 3856 τὸ
3695 3801 3742 3854 α’
3762 3819 3891 3867 κεφ,
3911 3797 4009 3852 τοῦ

2422 3903 2490 3957 ια’
2543 3904 2723 3957 τίτλου
2777 3901 2872 3954 τοῦ
2924 3901 3190 3971 παρόντος
3243 3899 3640 3966 συντάγματος.
3705 3893 4013 3962 Ἐρωτήσει

2420 3995 2476 4048 δέ
2511 4014 2594 4058 τις
2625 3993 2766 4064 μετὰ
2790 3994 2950 4056 ποίας
2996 3991 3246 4060 φυλακῆς
3285 3992 3357 4043 τὰ
3396 3991 3704 4059 πράγματα
3737 3986 3845 4038 τῶν
3910 4001 4012 4054 μο-

2418 4087 2729 4156 ναστηρίων
2784 4084 3157 4152 φυλάττεσθαι
3216 4086 3244 4136 ὁ
3293 4081 3478 4135 κανὼν
3521 4075 4003 4148 παρακελεύεται,

2420 4179 2516 4232 καὶ
2548 4180 2675 4230 ποία
2714 4177 2889 4230 ταῦτά
2915 4181 3040 4232 είσι.
3067 4177 3174 4230 Καί
3212 4192 3359 4234 τινες
3405 4174 3504 4243 μὲν
3558 4170 3710 4223 εἶπον
3763 4171 4012 4236 ὀφείλειν

2420 4269 2596 4323 πάντα
2635 4268 2704 4320 τὰ
2734 4268 2845 4320 τῶν
2893 4267 3279 4336 μοναστηρίων
3335 4263 3532 4333 κινητὰ
3584 4262 3680 4314 καὶ
3739 4261 4008 4327 ἀκίνητα,

2417 4357 2610 4421 ὡς’καὶ
2625 4359 2762 4411 αὐτὰ
2781 4359 2847 4410 τὰ
2874 4360 3214 4426 μοναστήρια
3235 4353 3624 4423 συντηρεϊσθαι
3641 4353 4009 4422 ἅνεκποίητω

2423 4450 2548 4519 ἐμοὶ
2575 4449 2632 4501 δὲ
2680 4450 2830 4501 δοκεῖ
2869 4450 2951 4501 ὅτι
2979 4450 3007 4500 δ
3045 4447 3223 4500 κανὼν
3255 4446 3494 4500 ἐνταῦθα
3557 4444 3688 4513 περὶ
3752 4444 4013 4513 φυλακῆς

2352 4514 2395 4568 D
2422 4514 2571 4610 λέγει
2605 4540 2871 4610 μεγάλης,
2902 4539 3143 4608 δηλονότι
3177 4537 3354 4608 ἄκρας
3375 4537 3716 4606 ἐπιμελείας.
3742 4536 3865 4589 Τῶν
3889 4536 4011 4605 γὰρ

2424 4635 2791 4702 διαφερόντων
2821 4631 3035 4694 τούτοις
3085 4632 3385 4699 ἀκινήτων,
3438 4630 3574 4700 πρὸς
3601 4630 3659 4682 δέ
3704 4630 3799 4681 καὶ
3836 4629 4012 4681 τινῶν

2427 4725 2589 4792 ίερῶν
2626 4724 2860 4787 σκευῶν,
2911 4721 3061 4774 ἐστιν
3090 4722 3180 4774 ὅτε
3215 4723 3247 4789 ἡ
3279 4720 3567 4790 ἐκποίησις
3618 4719 4008 4786 ἐπιτρέπεται.

2427 4817 2536 4867 Καὶ
2563 4813 2841 4883 ἀνάγνωθι
2873 4813 2964 4865 τὸν
2985 4813 3106 4865 ὅλον
3151 4811 3406 4880 δεύτερον
3470 4810 3644 4862 τίτλον
3681 4809 3775 4861 τοῦ
3812 4807 3850 4860 ι’
3928 4809 4013 4878 βι-

2426 4907 2577 4958 ϐλίου
2605 4907 2712 4958 τῶν
2746 4905 3072 4966 Βασιλικῶν,
3094 4904 3420 4955 διδάσκοντα
3448 4901 3506 4966 ἐξ
3538 4900 3778 4967 εὐλόγων
3807 4902 4011 4954 αἰτιῶν

2422 5016 2609 5062 τινων,
2668 4997 2742 5067 μὴ
2807 4996 2966 5066 μόνον
3039 4993 3395 5046 ὑποτίθεσθαι
3457 4995 3524 5045 τὰ
3545 4993 3654 5044 τῶν
3691 4993 4009 5060 ἐκκλησιῶν

2425 5088 2661 5157 ἀκίνητα
2709 5086 2803 5137 καὶ
2855 5086 2975 5154 ιερὰ
3039 5083 3229 5149 σκεύη,
3296 5082 3434 5134 ἀλλὰ
3513 5082 3608 5134 καὶ
3658 5083 4010 5134 ἐκποιείσθαι

2425 5179 2566 5230 κατὰ
2595 5178 2776 5230 πᾶσαν
2808 5174 3117 5243 ἐκποίησιν.
3162 5173 3318 5225 Ἐπεὶ
3372 5173 3427 5223 δέ
3455 5189 3590 5240 φησι
3618 5175 3742 5230 τοὺς
3789 5190 4012 5240 συγχω-

2428 5270 2652 5338 ροῦντας
2683 5267 2993 5318 κοινοῦσθαι
3018 5265 3086 5316 τὰ
3119 5265 3464 5334 μοναστήρια
3511 5265 3831 5316 ὑποκεῖσθαι
3892 5269 4009 5327 τοῖς

2423 5361 2530 5410 τῶν
2562 5361 2801 5411 κανόνων
2825 5358 3145 5424 ἐπιτιμίοις,
3192 5357 3458 5426 ἐρωτήσει
3529 5373 3615 5416 τις
3645 5357 3774 5408 ποῖα
3828 5355 4011 5409 ταῦτα

1970 5529 2162 5592 Guill.
2201 5527 2528 5605 Bcveregii
2569 5532 2754 5588 notae.

808 5686 917 5744 (δὲ)
951 5687 1243 5752 Κληρικοὶ
1300 5685 1396 5740 καὶ
1424 5683 1817 5751 μονάζοντες..
1862 5684 1918 5736 lu
1973 5681 2074 5735 hac
2129 5678 2301 5731 Alexii

737 5757 994 5814 Aristeui,
1055 5771 1260 5810 necnon
1309 5756 1591 5822 SyuteOuis
1639 5752 1950 5822 Lngouftetm
2009 5752 2302 5822 cpnomen

739 5826 956 5890 3u5tello
1014 5827 1194 5883 edita.
1255 5820 1366 5882 lucc
1399 5826 1558 5880 \et'ba
1597 5820 1786 5879 desunt
1823 5841 1834 5874 ;
1871 5838 1988 5878 ante
2022 5831 2200 5874 tamen
2238 5820 2303 5872 ad

2417 5678 2631 5745 plenum
2689 5689 2980 5739 verumque
3029 5670 3254 5725 canonis
3307 5665 3724 5745 exprimendum
3778 5679 4007 5745 Sensum

2415 5733 2724 5800 necessario
2755 5733 3128 5808 ιιιιῡιὲειειιιίυ
3185 5750 3335 5804 sunt,
3375 5733 3525 5810 juxta
3577 5749 3822 5792 nostrum
3857 5733 4008 5788 ltuut:

2415 5818 2682 5872 Cudttent.
