4238 6464
779 399 887 489 475‘

2041 430 2320 490 TllEOD.
2365 429 2453 491 BA
2469 430 2768 490 LSAMON

3930 397 4039 473 476

783 543 1031 599 rentibus
1050 547 1450 614 susceptionem
1465 557 1560 602 aut
1579 549 2031 608 renuntiationem
2052 564 2195 615 saepe
2214 562 2362 617 quieo
2391 545 2438 604 Δ

2492 549 2852 615 αηφιζομένων
2907 543 3002 596 καὶ
3060 536 3510 608 ὑπερτιθεμένων
3555 533 3653 603 τὴν
3687 527 4048 598 καταδοχὴνή

789 635 944 687 situm
979 635 1080 688 fuit
1122 637 1248 705 quid
1285 639 1398 691 tieri
1439 639 1652 701 debeat,
1684 651 1740 693 et
1774 643 2007 694 nondum
2036 639 2365 696 determine.

787 731 879 776 tur
897 726 1024 792 quid
1049 726 1463 784 sitfacientlum.
1503 730 1633 784 Dico
1673 733 1855 800 itaque
1915 731 2057 800 quod
2093 731 2366 784 trimestre

782 817 1016 883 Spatium
1073 826 1190 886 post
1235 819 1552 875 electionem
1599 823 1770 876 electo
1813 823 2031 876 extendi
2080 823 2238 876 debet
2297 823 2364 876 ad

788 907 1210 974 suscipiendum,
1261 911 1341 964 vel
1379 913 1829 967 renuntiandum:
1888 915 2028 982 quod
2059 915 2220 970 etiam
2254 929 2364 967 rne-

790 997 1116 1066 tropolitano
1168 1002 1236 1054 ad
1287 1002 1520 1070 aliquem
1574 1003 1628 1057 in
1677 1004 2046 1072 episcopatum
2080 1021 2236 1059 suum
2267 1005 2368 1060 eli-

788 1089 1020 1156 gendum
1071 1089 1138 1144 ab
1194 1090 1299 1147 hoc
1353 1106 1561 1148 canone
1609 1097 1941 1153 conceditur.
2023 1096 2089 1151 Et
2128 1097 2171 1149 si
2225 1097 2366 1150 intra

789 1185 898 1230 tres
943 1177 1075 1233 istos
1109 1194 1320 1236 menses
1364 1182 1459 1251 qui
1489 1183 1696 1239 electus
1724 1194 1805 1240 est
1838 1201 1937 1244 nec
1967 1187 2214 1253 suscipit,
2270 1201 2370 1244 nec

783 1269 1078 1331 renuntiat.
1126 1273 1293 1325 altera
1343 1272 1460 1327 ﬁeri
1493 1275 1651 1328 debet
1701 1276 1934 1340 electio;
1966 1277 2068 1330 iste
2108 1293 2236 1332 vero
2272 1277 2364 1345 qui

784 1355 995 1412 distulit
1025 1370 1146 1425 post
1191 1363 1463 1418 trimestre
1504 1366 1736 1432 spatium
1785 1367 2182 1427 ordinationem
2216 1383 2372 1420 revo-

784 1459 913 1500 care
968 1450 1191 1517 nequit,
1253 1454 1347 1509 sed
1410 1455 1589 1521 potius
1637 1457 2004 1514 ecclesiastico
2055 1458 2368 1524 corrigitur,

789 1547 976 1605 utpote
1004 1539 1093 1606 qui
1143 1540 1370 1594 futiliter
1407 1542 1542 1598 ludit
1576 1545 1628 1598 irt
1665 1545 1824 1600 rebus
1859 1547 2081 1605 minime
2125 1548 2370 1614 ludicris,

789 1628 990 1698 Deique
1033 1646 1250 1701 gregem
1296 1633 1491 1699 injuria
1529 1635 1712 1692 allicit.
1794 1638 2036 1694 Electum
2069 1648 2251 1693 autem
2303 1642 2372 1695 ab

787 1733 855 1775 eo
900 1722 997 1790 qui
1060 1723 1225 1791 elegit
1275 1725 1433 1779 citari
1498 1742 1604 1779 non
1658 1737 1892 1795 oportet,
1952 1731 2206 1798 quoniam
2269 1747 2372 1789 nec

789 1811 1238 1876 metropolitanus
1270 1829 1299 1868 a
1331 1817 1640 1881 patriarcha
1688 1819 1754 1871 ad
1796 1820 2099 1885 eligendum
2147 1822 2369 1880 citatur.

787 1898 993 1966 Collige
1041 1914 1223 1958 autem
1273 1906 1412 1960 lianc
1445 1907 1950 1977 interpretationem
1985 1912 2146 1965 etiam
2178 1928 2244 1967 es
2281 1929 2372 1967 ca-

790 1991 886 2056 pit.
914 1990 947 2044 8
975 1993 1111 2044 tituli
1154 1995 1310 2062 primi
1336 2005 1388 2049 et
1411 1997 1501 2052 lib.
1537 2013 1594 2052 ut
1646 1998 1885 2063 Basilio,
1913 2016 2023 2070 quo
2047 2002 2377 2057 examinatio

790 2082 1119 2148 emergentis
1189 2085 1256 2140 de
1310 2087 1482 2142 electo
1543 2093 1930 2146 controversia:
1991 2093 2044 2146 in
2106 2093 2377 2148 trimestre

791 2172 1027 2239 spatium
1084 2177 1447 2232 contrahitur.
1534 2179 1686 2244 Quod
1744 2180 2122 2236 etiam;situm
2185 2191 2267 2237 est
2321 2183 2375 2236 in

793 2264 1241 2336 interpretatione
1263 2271 1428 2340 capit.
1453 2271 1487 2326 8
1515 2272 1654 2328 tituli
1683 2273 1839 2340 primi
1867 2275 2152 2344 praesentis
2173 2275 2375 2350 operis.

795 2355 960 2413 Debet
989 2369 1167 2417 autem
1198 2364 1571 2421 ordinationes
1613 2366 1892 2421 celebrare
1925 2366 2065 2422 intra
2097 2370 2373 2423 trimestre

793 2452 1050 2518 spatium.
1101 2469 1169 2512 ne
1215 2470 1302 2511 res
1343 2457 1718 2526 episcoporum
1769 2475 1834 2514 ex
1867 2473 1930 2514 ea
1963 2473 2022 2513 re
2049 2459 2379 2515 detrimento

794 2541 1118 2610 adiciantur,
1170 2555 1224 2602 et
1268 2548 1452 2617 populi
1501 2549 1745 2604 doctrina
1781 2566 1845 2606 ac
1877 2550 2166 2605 instructio
2206 2551 2378 2622 negli-

796 2645 973 2702 gatur.
1037 2636 1092 2690 Si
1123 2649 1300 2692 autent
1332 2649 1552 2708 propter
1596 2641 1963 2696 inevitabilem
2010 2642 2245 2710 aliquam
2280 2657 2376 2697 ne-

795 2726 1129 2791 cessitatem.
1173 2730 1443 2797 inquiunt,
1497 2733 1732 2801 episcopi
1762 2734 2038 2802 provectio
2067 2734 2381 2804 prohibetur

796 2815 957 2884 (forte
991 2819 1133 2875 enim
1165 2821 1376 2888 civitas,
1427 2839 1547 2891 quae
1575 2833 1657 2878 est
1687 2825 1944 2894 episcopo
1978 2827 2159 2892 vidua,
2192 2843 2219 2880 a
2247 2843 2380 2896 gen-

798 2908 944 2961 tibus
977 2918 1128 2978 cspta
1196 2921 1304 2978 est,
1356 2929 1457 2969 nec
1503 2915 1659 2970 facile
1701 2925 1875 2987 potest
1925 2919 2050 2973 illuc
2095 2921 2378 2990 quisquam

798 3002 1030 3069 venire),
1067 3005 1443 3074 prorogabitur
1485 3010 1706 3062 omnino
1734 3009 2028 3064 ordinatio.
2069 3009 2237 3066 Porro
2265 3012 2382 3079 epi-

798 3102 1048 3162 scopatus
1076 3094 1233 3167 15.2
1295 3098 1505 3153 reditus
1542 3098 1628 3169 ab
1681 3099 1798 3170 ejus
1849 3116 2135 3157 (nconomo
2190 3104 2378 3158 inferri

801 3184 913 3237 vult
950 3200 1146 3250 canon,
1191 3186 1283 3256 qui
1312 3189 1528 3256 quidem
1561 3191 1760 3245 debent
1790 3192 1928 3254 dari.
1963 3209 2066 3246 non
2105 3204 2378 3262 metropo-
2405 3205 2453 3265 ε

797 3273 992 3339 litauo,
1029 3277 1125 3330 sed
1159 3277 1436 3345 episcopo.
1480 3280 1572 3349 qui
1606 3289 1690 3335 est
1715 3282 2018 3352 eligendus.
2067 3285 2276 3339 etiamsi
2312 3286 2377 3340 ad

800 3372 914 3417 tres
936 3379 1152 3421 menses
1207 3366 1486 3422 differatur
1544 3369 1773 3436 electio,
1837 3373 1918 3427 vel
1978 3373 2148 3427 etiam
2213 3376 2378 3430 ultra.

799 3452 1244 3522 Metropolitanus
1261 3467 1464 3522 autem,
1495 3459 1584 3528 qui
1611 3469 1804 3530 praeter
1830 3461 1942 3517 haec
1959 3461 2184 3526 faciunt,
2211 3477 2383 3531 poenae

801 3546 1058 3615 subjicit:
1111 3562 1358 3616 quaenam
1412 3564 1539 3604 vero
1587 3550 1658 3605 sit
1707 3551 1808 3605 ista
1862 3552 2063 3607 nescio.
2119 3553 2383 3609 Existimo

798 3646 980 3693 autem
1031 3653 1151 3693 eam
1205 3653 1326 3696 esse
1367 3655 1488 3709 (ποτε
1537 3655 1566 3695 a
1620 3643 1826 3711 synodo
1873 3643 2182 3701 definietur.
2245 3645 2384 3700 Nota

801 3746 932 3800 ergo
959 3731 1234 3801 quomodo
1266 3731 1580 3802 intelligitur
1610 3733 1759 3798 illud,
1820 3735 2168 3791 inexorabilis
2201 3750 2386 3790 neces-

803 3820 954 3875 sitas.
1053 3819 1237 3890 Neque
1275 3823 1418 3876 euim
1468 3823 1511 3877 si
1565 3823 1907 3893 episcopatus
1958 3824 2150 3894 injuria
2205 3826 2384 3895 aliqua

803 3911 1006 3967 forensi
1054 3925 1298 3979 vexetur,
1343 3926 1436 3969 aut
1483 3917 1662 3985 aliqua
1715 3916 1818 3970 alia
1865 3917 2129 3986 ejusmodi
2179 3919 2387 3974 ratione

804 4002 1061 4074 agitetur,
1113 4005 1165 4061 id
1210 4005 1413 4074 justam
1459 4007 1697 4075 episcopi
1744 4007 2024 4063 electionis
2072 4008 2382 4062 dilationem

806 4096 1220 4165 metropolitano
1267 4099 1533 4153 concedit.
1624 4098 1766 4169 Lege
1810 4102 1972 4154 etiam
2024 4116 2224 4155 nonum
2262 4117 2384 4171 cap.

806 4184 965 4252 primi
1006 4185 1143 4240 tituli
1175 4189 1458 4258 praesentis
1483 4189 1683 4258 operis,
1713 4199 1768 4244 et
1793 4204 1914 4259 qua:
1940 4190 1992 4246 in
2030 4189 2159 4245 illud
2187 4193 2387 4261 scripta

804 4284 953 4335 sunt.

876 4479 1130 4535 ZONAR.
1163 4479 1241 4534 Ne
1278 4482 1670 4550 metropolitani
1719 4497 1854 4551 quos
1911 4497 2076 4551 penes
2109 4486 2390 4554 episcopos

804 4573 1026 4628 creandi
1055 4573 1144 4641 jus
1179 4581 1283 4636 est,
1329 4574 1416 4626 diu
1446 4589 1564 4627 eam
1599 4589 1712 4627 rem
1739 4573 2016 4640 differant,
2049 4575 2149 4628 ltoc
2185 4591 2391 4630 canone

808 4666 1189 4721 constitutum.
1253 4665 1485 4720 Proinde
1541 4675 1753 4733 tempus
1803 4680 2019 4734 quoqne
2072 4666 2207 4720 ultra
2253 4667 2392 4732 quod

809 4762 1138 4813 creationem
1201 4760 1505 4828 ltujusmodi
1566 4759 1866 4814 extendere
1928 4760 2152 4814 minime
2211 4761 2391 4825 licent,

812 4854 976 4906 trium
1041 4853 1291 4908 videlicet
1353 4853 1618 4907 mensium
1681 4853 2062 4917 intervallum,
2129 4853 2393 4907 deﬁnivit.

814 4941 923 5010 Nec
984 4943 1128 4998 enim
1191 4943 1511 4996 commissos
1571 4957 1758 4997 eorum
1820 4957 1964 4997 cura:
2016 4943 2239 5011 populos
2298 4959 2396 4996 suo

811 5037 1065 5106 episeopo
1110 5036 1200 5090 diu
1249 5050 1458 5098 carere,
1511 5049 1575 5089 ac
1625 5036 1861 5090 incertos
1915 5034 2124 5088 censilii
2183 5035 2397 5090 nemine

815 5128 946 5196 ipsis
970 5127 1108 5180 viam
1137 5135 1608 5195 praemonstrante,
1636 5125 1818 5193 vagari
1844 5139 1940 5192 par
1960 5136 2066 5178 est.
2128 5122 2182 5177 Si
2217 5134 2394 5176 tamen

814 5218 1045 5284 interea,
1075 5233 1181 5287 quo
1206 5220 1382 5272 minus
1414 5218 1551 5269 intra
1581 5216 1814 5280 spatium
1840 5217 2112 5269 trimestre
2130 5215 2386 5268 constitui

813 5310 1101 5377 episcopus
1133 5308 1324 5377 possit,
1359 5321 1519 5360 causa
1556 5306 1737 5373 aliqua
1768 5305 2073 5358 necessaria
2110 5304 2398 5373 aliquando

817 5399 1109 5466 impediat;
1170 5409 1227 5451 ut
1291 5397 1336 5451 si
1402 5396 1543 5451 forte
1595 5408 1807 5464 captant
1872 5398 2062 5450 urbem
2129 5396 2400 5448 Barbarus

815 5492 1184 5560 oecupaverit,
1235 5505 1334 5544 nec
1383 5490 1451 5542 ad
1501 5504 1621 5542 eam
1649 5489 1829 5542 aditus
1857 5504 1924 5541 ιιι
1950 5504 2110 5556 quam
2147 5490 2216 5541 ita
2245 5488 2400 5542 facile

816 5592 1042 5650 pateat:
1125 5591 1236 5634 tum
1305 5580 1522 5634 demum
1581 5580 1906 5647 praeﬁnitum
1983 5578 2115 5633 illud
2187 5587 2400 5648 tempus

813 5675 1042 5730 estemli
1085 5684 1141 5729 et
1189 5676 1586 5730 ordinationem
1639 5674 1840 5729 deferri
1899 5675 2065 5730 licere
2123 5675 2398 5740 decernit;

813 5769 905 5833 qui
939 5780 1070 5820 vero
1099 5774 1288 5820 contra
1313 5764 1756 5821 constitutionem
1790 5763 1928 5821 lianc
1965 5763 2173 5830 fecerit,
2227 5765 2401 5820 eccle-

815 5858 1053 5912 siasticis
1135 5860 1310 5927 pomis
1373 5859 1567 5928 subjici
1630 5856 1802 5926 jubet.
1910 5857 2156 5924 Quamliu
2222 5869 2400 5915 autem

2467 637 2565 704 τὴν
2600 635 2952 704 παραίτησιν,
3002 630 3243 700 ἐζητήθη
3292 627 3566 694 διαφόρως
3588 624 3641 675 τί
3675 621 3858 689 μέλλει
3905 619 4052 686 γίνε-

2470 729 2593 780 σθαι
2620 744 2635 758 ο
2671 728 2766 782 καὶ
2809 727 2906 795 οὑχ
2959 724 3168 795 ὡρίσθη
3204 722 3266 774 τὸ
3295 717 3567 790 ποιητέον.
3617 715 3708 774 Διό
3762 731 3907 784 φημι
3965 713 4048 762 ὅτι

2467 818 2731 886 τρίμηνον
2800 814 3002 884 ὀφείλει
3066 813 3203 882 μετὰ
3270 811 3368 882 τὴν
3429 809 3611 879 ψῆφον
3672 803 4052 875 ὑφαπλοῠσθαι

2466 908 2547 978 τῷ
2597 908 2924 978 ψηφισθέντι
2979 906 3141 976 χάριν
3201 905 3296 960 τοῦ
3343 900 3761 970 καταδέξασθαι,
3833 897 3866 964 ἢ
3910 913 4052 963 παρ-

2473 1002 2822 1070 αιτήσασθαι,
2903 1001 3038 1069 ὅπερ
3090 999 3185 1051 καὶ
3243 996 3319 1064 τῷ
3380 991 3754 1064 μητροπολίτῃ
3795 989 3906 1045 άπδ
3959 985 4053 1040 τοῦ

2475 1092 2983 1162 παρόντοςκανόνος
3017 1091 3172 1160 ἐδόθη
3229 1088 3389 1160 χάριν
3414 1085 3510 1140 τοῦ
3559 1081 3909 1152 ψηφίσασθαι
3958 1078 4055 1146 τὴν

2468 1185 2797 1254 ἐπισκοπήν.
2845 1183 2955 1238 Καὶ
2996 1183 3046 1235 εί
3095 1181 3246 1243 ἐντὸς
3297 1177 3478 1231 αὐτῶν
3531 1175 3592 1228 οὑ
3636 1171 4055 1235 καταδέξεταιό

2470 1276 2764 1344 ψηφισθεὶς
2786 1275 2818 1343 ή
2841 1275 2903 1328 οὑ
2931 1274 3354 1343 παραιτήσεται,
3375 1266 3585 1336 ὀφείλει
3608 1263 3772 1330 ἐτέρα
3787 1260 4054 1330 γίνεσθαι

2469 1365 2670 1435 ψῆφος.
2696 1367 2770 1435 μὴ
2798 1363 3100 1433 δυναμένου
3121 1359 3215 1414 τοῦ
3246 1355 3625 1427 ὑπερθεμένου
3651 1349 4052 1406 ἀνακαλεῖσθαι

2471 1456 2571 1524 τὴν
2602 1454 2942 1526 χειροτονίαν
2981 1451 3119 1523 μετὰ
3167 1451 3265 1518 τὴν
3309 1448 3597 1518 τρίμηνον.
3630 1459 3646 1477 ο
3699 1442 3906 1510 μᾶλλον
3964 1439 4059 1507 μὲν

2471 1542 2564 1601 οὖν
2593 1549 2688 1604 καὶ
2716 1545 3077 1614 εὑθυνομένου
3135 1537 3612 1611 ἐκκλησιαστικῶς
3651 1536 3727 1595 ὥς
3762 1533 4054 1597 παίζοντος

2471 1638 2724 1707 διακενῆς
2753 1639 2811 1691 ἐν
2859 1638 2920 1694 οὑ
2951 1640 3208 1697 πιικτοῐς
3245 1635 3340 1689 καὶ
3388 1630 3796 1702 λυμαινομένου
3830 1627 3896 1680 τδ
3935 1624 4056 1677 ποί·

2478 1747 2632 1799 μνιον
2673 1731 2768 1783 τοῦ
2814 1728 2972 1783 Θεοῦ.
3021 1729 3134 1782 Καὶ
3170 1726 3288 1781 οὐδὲ
3327 1724 3536 1794 ὀφείλει
3574 1718 3976 1786 ἐπιφωνεῖσθαι
4035 1719 4062 1769 ὀ

2477 1822 2772 1892 ψηφισθεὶς
2801 1822 2951 1890 παρὰ
2985 1821 3078 1875 τοῦ
3125 1817 3535 1888 ψηφισαμένου,
3571 1814 3706 1867 διότι
3736 1811 3863 1864 οὑδέ
3896 1811 3925 1862 ὀ
3960 1828 4062 1879 μη-

2479 1912 2803 1983 τροπολίτης
2843 1914 3196 1980 ἐπιφωνεῖται
3235 1908 3386 1972 παρὰ
3414 1905 3492 1975 τῷ
3525 1905 3840 1974 πατριάρχῃ
3887 1901 4062 1970 ψηφί-

2481 2006 2697 2059 σασθαι.
2740 2005 3040 2076 Συγκρότει
3069 2003 3125 2056 δὲ
3168 2001 3268 2072 τὴν
3317 1997 3578 2067 τοιαύτην
3627 1995 3942 2066 ἑρμηνείαν
3973 1997 4062 2046 καὶ

2487 2097 2598 2150 ἀπὸ
2636 2095 2730 2150 τοῦ
2780 2095 2829 2164 η’
2861 2113 2986 2164 κεφ.
3029 2094 3122 2148 τοῦ
3152 2100 3202 2160 γ’
3236 2091 3442 2162 βιϐλίου
3482 2090 3590 2143 τῶν
3621 2087 3956 2147 Βασιλικῶν,
3991 2088 4065 2147 είς

2477 2187 2743 2256 τρίμηνον
2776 2182 3239 2255 στενοχωροῢντος
3273 2181 3372 2252 τὴν
3406 2179 3746 2246 δοκιμασίαν
3785 2178 3892 2246 τῆς
3933 2194 4066 2244 συμ-

2479 2278 2652 2346 ϐάσης
2685 2276 2999 2342 ἀντιλογίας
3027 2274 3167 2328 κατὰ
3195 2272 3287 2327 τοῦ
3307 2270 3694 2341 ψηφισθέντος.
3717 2269 3904 2336 Ὅπερ
3932 2285 4064 2320 κατ-

2478 2368 2658 2428 έκειτο
2692 2370 2773 2432 είς
2818 2369 2881 2422 τὺ
2947 2368 3160 2438 σχόλιον
3207 2366 3302 2418 τοῦ
3369 2370 3419 2436 η’
3473 2381 3600 2432 κεφ.
3626 2361 3724 2417 τοῦ
3773 2368 3824 2414 α’
3882 2360 4065 2413 τίτλου

2480 2461 2575 2516 τοῦ
2608 2461 2874 2528 παρόντος
2932 2464 3335 2526 συντάγματος.
3402 2455 3642 2523 Ὀφείλει
3675 2453 3732 2506 δέ
3766 2455 3952 2505 ποιεῖν
3975 2453 4066 2512 τὰς

2480 2551 2811 2626 χειροτονίας
2846 2551 2997 2614 ἐντὸς
3035 2550 3322 2619 τριμήνου,
3349 2549 3435 2602 ἵνα
3460 2548 3535 2617 μὴ
3563 2545 3818 2599 ἐντεῦθεν
3854 2546 3930 2597 τὰ
3965 2545 4067 2596 τῶν

2481 2639 2798 2692 ἐπισκόπων
2849 2639 3242 2705 λυμαίνωνται,
3296 2638 3389 2690 καὶ
3417 2640 3450 2707 ή
3481 2636 3578 2690 τοῦ
3606 2635 3738 2688 λαοῦ
3792 2635 4067 2703 ἁμελῆται

2479 2733 2816 2790 διδασκαλία.
2844 2732 2907 2785 Ei
2935 2731 3012 2798 δὲ,
3045 2732 3197 2798 φασὶ,
3231 2730 3322 2786 διά
3358 2747 3480 2782 τινα
3512 2727 3840 2798 περίστασιν
3883 2729 4066 2800 ἀπαρ-

2479 2823 2700 2893 αίτητον
2762 2821 3030 2875 κωλύεται
3095 2823 3128 2890 ἠ
3209 2819 3302 2873 τοῦ
3343 2820 3659 2875 ἐπισκόπω
3719 2818 4069 2888 προχείρισις

2484 2915 2666 2984 (τυχὸν
2694 2914 2805 2983 γὰρ
2837 2915 2870 2983 ή
2892 2913 3205 2983 χηρεύουσα
3235 2911 3394 2973 πόλις
3418 2910 3719 2963 ἐπισκόπου
3751 2909 3864 2961 ὑπὸ
3900 2908 4069 2961 ἐθνῶν

2483 3007 2646 3069 ἑάλω,
2699 3005 2792 3059 καὶ
2853 3005 2954 3059 οὑκ
2997 3003 3114 3057 ἐστι
3165 3005 3294 3074 ῥᾷον
3350 3002 3608 3056 ἀπελθεῖν
3659 3000 3846 3054 ἐκεῖσέ
3904 3002 4068 3066 τινα),

2485 3100 2707 3163 πάντως
2741 3095 3068 3168 ὑπερτεθείη
3125 3095 3221 3148 καὶ
3267 3095 3302 3163 ή
3353 3092 3682 3164 χειροτονία.
3717 3091 3833 3162 Τὴν
3887 3092 4070 3160 μέντοι

2488 3188 2750 3258 πρόσοδον
2797 3187 2897 3257 τῆς
2940 3185 3248 3254 ἐπισκοπῆς
3300 3187 3452 3254 παρὰ
3480 3184 3573 3236 τοῦ
3609 3183 3906 3249 οἰκονόμου
3935 3180 4067 3234 ταύ-

2484 3298 2584 3352 της
2611 3278 3008 3343 είσοδιάζεσθαι
3038 3278 3180 3330 θέλει
3205 3280 3232 3330 ὀ
3265 3275 3467 3340 κανὼν,
3498 3274 3716 3343 δοδῆναι
3739 3273 4072 3341 ὀφείλουσαν

2485 3377 2546 3430 οὑ
2572 3374 2650 3445 τῷ
2706 3372 3099 3443 μητροπολίτῃ,
3155 3369 3292 3423 ἀλλὰ
3346 3367 3426 3435 τῷ
3489 3366 4074 3437 χειροτονηθησομένῳ

2487 3466 2798 3531 ἐπισκόπῳ,
2826 3462 2933 3516 κᾶν
2963 3463 3057 3514 ἐπὶ⁷
3086 3459 3353 3530 τρίμηνον
3391 3461 3424 3529 ή
3452 3457 3760 3528 χειροτονία
3789 3457 4074 3528 ὑπερτεθῇ

2488 3557 2594 3615 κᾶν
2626 3557 2718 3616 ἐπὶ
2744 3556 2930 3608 πλέον.
2973 3553 3114 3614 Τοὺς
3147 3553 3204 3604 δέ
3236 3550 3387 3621 παρὰ
3411 3548 3590 3602 ταῦτα
3618 3549 3918 3610 ποιοῦντας
3975 3565 4078 3617 μη-

2485 3646 2810 3719 τροπολίτας
2840 3645 3102 3714 ἐπιτιμίῳ
3151 3641 3559 3698 καθυποδάλλει
3587 3657 3603 3673 ·
3661 3633 3777 3700 οἷον
3807 3639 3868 3691 δὲ
3915 3637 4075 3695 τοῦτὸ

2487 3741 2658 3802 ἐστιν,
2690 3738 2792 3790 οὑκ
2838 3731 2978 3790 οἶδα.
3011 3733 3238 3804 Νομίζω
3287 3731 3345 3784 δέ
3386 3730 3448 3784 τὸ
3491 3728 3645 3798 παρὰ
3695 3727 3796 3794 τῆς
3847 3727 4074 3781 συνόδου

2486 3830 2928 3901 ὀρισθησόμενον.
2964 3826 3275 3896 Σημείωσαι
3306 3822 3399 3877 οὖν
3449 3822 3566 3882 πῶς
3613 3821 3815 3874 νοεῖται
3861 3819 3930 3870 τὸ
3975 3820 4076 3887 τῆς

2489 3921 2867 3990 ἀπαραιτήτου
2898 3917 3163 3983 ἀνάγκης.
3199 3915 3272 3967 Τὸ
3299 3914 3408 3983 γὰρ
3432 3909 3836 3982 ἐπηρεάζεσθαι
3867 3909 3941 3962 τὰ
3981 3911 4077 3978 τῆς

2490 4013 2800 4082 ἐπισκοπῆς
2835 4011 2940 4063 ὑπὸ
2981 4007 3358 4078 πρακτορικῆς
3388 4004 3623 4068 ἀδικίας,
3671 4003 3706 4073 ἢ
3768 4001 3969 4071 ἐτερόν
4025 4019 4078 4052 τι

2488 4104 2754 4168 τοιοῦτον,
2805 4100 3074 4169 ἀναϐολὴν
3120 4099 3341 4164 εὔλογον
3369 4095 3708 4165 χειροτονίας
3756 4091 4076 4146 ἐπισκόπου

2488 4198 2569 4268 τῷ
2601 4195 2970 4267 μητροπολίτῃ
3000 4193 3060 4246 οὑ
3090 4192 3326 4244 δίδωσιν.
3368 4186 3667 4255 ’Δνάγνωθι
3697 4186 3794 4241 καὶ
3844 4203 3982 4253 κεφ.
4037 4186 4079 4237 θ’

2489 4292 2585 4347 τοῦ
2613 4291 2660 4344 α’
2704 4289 2886 4342 τίτλου
2936 4286 3030 4340 τοῦ
3072 4286 3340 4354 παρόντος
3371 4282 3754 4351 συντάγματος
3786 4279 3888 4336 καὶ
3921 4279 3993 4332 τὰ
4025 4280 4082 4331 ἐν

2491 4385 2662 4454 αὐτῷ.

2566 4475 2809 4530 ΖΩΝΑΡ.
2843 4474 2953 4535 Τὰς
2982 4471 3091 4526 τῶν
3128 4469 3444 4523 ἐπισκόπων
3482 4463 3816 4537 χειροτονίας
3868 4466 3949 4536 μὴ
3993 4467 4084 4518 ἐπὶ

2497 4568 2636 4619 πολὺ
2669 4565 3062 4636 ὑπερτίθεσθαι
3111 4565 3237 4626 τοὺς
3276 4559 3705 4632 μητροπολίτας,
3737 4553 3820 4620 οἷς
3867 4561 3902 4628 ἠ
3943 4560 4085 4615 ἐκεί-

2497 4680 2603 4716 νων
2634 4664 2824 4732 ἀνήκει
2868 4659 3233 4730 προχείρισις,
3270 4659 3298 4707 ὀ
3334 4654 3526 4724 παρὼν
3559 4651 3740 4708 κανὼν
3759 4652 4083 4720 διορίζεται.

2499 4758 2596 4809 Διὸ
2633 4757 2727 4814 καί
2781 4755 2997 4824 χρόνον,
3023 4747 3084 4806 οὗ
3114 4751 3266 4814 ἐντὸς
3313 4745 3740 4818 χειροτονεῖσθαι
3778 4745 3908 4798 δέον
3961 4746 4085 4805 τοὺς

2498 4848 2854 4909 ἐπισκόπους,
2921 4844 3109 4907 ἔταξεν
3139 4861 3152 4874 ο
3185 4843 3213 4894 ὀ
3239 4843 3283 4893 δ’
3315 4841 3432 4893 ἔστι
3463 4837 3750 4906 τρίμηνον.
3793 4837 3938 4888 Οὐδὲ
3979 4837 4086 4905 γὰρ

2499 4940 2591 4991 ἐπὶ
2626 4938 2758 4989 πολὺ
2809 4938 2915 5006 χρὴ
2947 4937 3072 4996 τοὺς
3106 4933 3197 4985 ὑπ’
3228 4931 3473 4992 ἐκείνους
3501 4928 3666 4990 λαοὺς
3701 4929 4089 4996 ἁνεπισκοπή-

2499 5049 2623 5093 τους
2653 5027 2812 5094 εἶναι,
2865 5029 2956 5081 καὶ
2987 5027 3062 5089 ὡς
3109 5026 3265 5093 ἔτυχε
3309 5021 3594 5091 φέρεσθαι,
3649 5020 3724 5088 μὴ
3775 5019 3943 5081 ὄντος
3996 5018 4087 5069 τοῦ

2500 5124 2923 5193 καταρτίζοντος
2956 5118 3177 5180 αὐτούς.
3218 5118 3278 5169 Ei
3321 5115 3378 5168 δέ
3405 5130 3534 5166 ποτε
3570 5111 3812 5179 συμῦαίη
3845 5110 4090 5179 ἀπαραί·

2499 5217 2662 5285 τηῖός
2713 5232 2797 5277 τις
2855 5212 3004 5266 αίτία
3066 5210 3354 5263 κωλύουσα
3387 5205 3482 5272 τὴν
3527 5204 3616 5257 διὰ
3666 5201 3760 5255 τοῦ
3806 5205 4088 5270 τριμήνου

2501 5308 2863 5374 προχείρισιν,
2924 5302 3341 5370 ἐπιταθήσεται,
3393 5297 3582 5366 φησὶν,
3640 5295 3668 5345 ό
3721 5293 3942 5362 χρόνος,
3996 5295 4092 5345 καὶ

2503 5399 2932 5468 ὑπερτεοήσεται
2985 5391 3368 5463 ήχειροτονία.
3420 5389 3580 5448 Ἴσως
3630 5386 3739 5454 γὰρ
3791 5383 3945 5436 ἑάλω
3981 5385 4091 5436 ora

2506 5492 2803 5561 Βαρϐάρων
2853 5491 2886 5558 ἡ
2949 5488 3103 5548 πόλις
3154 5485 3362 5550 ἐκείνη,
3414 5479 3510 5532 καὶ
3567 5476 3672 5530 οὐκ
3724 5473 3839 5528 ἐστι
3903 5475 4092 5544 ῥᾴδιον

2501 5581 2756 5634 ἀπελθεῖν
2788 5579 2963 5630 ἐκεῖσέ
2993 5593 3140 5628 τινα.
3176 5572 3314 5632 Τοὺς
3341 5570 3396 5622 δὲ
3449 5568 3522 5636 μὴ
3574 5564 3717 5617 οὕτω
3782 5563 4091 5624 ποιοῦντας

2504 5671 2824 5726 ὑποκεῖσθαι
2857 5667 3069 5721 κελεύει
3095 5660 3569 5730 ἐκκλησιαστικοῖς
3597 5655 3925 5724 ἐπιτιμίοις.
3978 5656 4091 5719 Ἐφ’

2502 5767 2627 5817 ὅσον
2660 5764 2715 5816 δὲ
2752 5765 2784 5831 ή
2819 5759 3125 5832 χειροτονία
3161 5755 3254 5808 τοῦ
3289 5749 3599 5805 ἐπισκόπου
3637 5746 3953 5816 ὑπερτεθῇ,
3987 5749 4092 5799 sits

2515 5859 2610 5910 ἐπὶ
2663 5855 2947 5921 τρίμηνον,
2999 5853 3095 5904 εἶτ’
3121 5848 3214 5904 ἐπὶ
3246 5845 3411 5901 πλέον
3442 5840 3692 5898 ἀνάγκης
3721 5839 4092 5908 ἐπικειμένῃ
