4238 6464
215 449 327 507 489

1202 446 1283 506 ΙΝ
1315 445 1482 505 CAN.
1516 444 1771 505 XXVI“
1819 443 2028 502 CONC.
2077 445 2438 508 CHALCED.

3345 441 3446 503 4‘30

214 559 236 609 ὅ
269 559 368 626 τῆς
402 556 754 626 Ἀντιοχείας,
785 558 880 610 καὶ
933 557 1073 626 μετά
1103 557 1311 620 τοῦτον,
1340 559 1368 609 6
1428 557 1531 625 τῆς
1558 556 1785 625 Ἰεροσο·

1891 554 2278 619 Antiochenus,
2312 567 2363 610 et
2393 567 2510 623 post
2542 573 2666 610 eum
2698 553 3238 624 llierosolymitanus.
3299 552 3448 607 Sicut

211 649 474 716 λυμιτῶν.
518 651 603 711 Ὠς
635 651 744 719 γὰρ
774 651 999 703 ἐπὶτῶν
1050 649 1226 704 ἀλλων
1291 648 1497 719 θρόνων
1547 653 1578 719 ή
1630 649 1782 717 μετὰ

211 739 470 804 πρόθεσις
533 741 912 810 ὑποόιῦασμὸν
969 741 1144 811 δηλοῖ,
1221 741 1364 794 οὕτω
1419 741 1517 794 καὶ
1554 742 1645 792 ἐπὶ
1688 739 1782 791 τοῦ

214 831 403 900 θρόνου
434 832 535 900 τῆς
567 833 1195 896 Κωνσταντινουπόλεως
1227 834 1410 903 ἐτέθη.
1473 835 1579 886 Καὶ
1643 831 1783 884 οὕτω

210 925 450 976 νοεῖσθαι
481 923 680 994 χρεών.
721 926 834 980 Καὶ
857 929 883 978 6
914 929 971 979 ἐν
1001 927 1372 997 πατριάρχαις
1432 925 1488 978 δὲ
1541 925 1783 992 ἀοίδιμος

213 1017 523 1086 Νικηφόρος
557 1019 585 1070 6
613 1019 755 1080 θεῖος
786 1021 842 1071 ἐν
873 1019 952 1088 τῷ
982 1016 1048 1086 ιβ’
1072 1019 1183 1070 τῶν
1233 1018 1366 1086 παρ’
1418 1017 1585 1070 αὑτοῦ
1651 1034 1781 1082 συγ-

217 1110 532 1177 τραφέντων
625 1110 940 1176 κεφαλαίων
1013 1111 1157 1164 κατά
1233 1111 1340 1162 τῶν
1409 1110 1777 1177 εἰκονομάχων

217 1201 379 1253 ταῦτά
406 1217 609 1270 φησιν·
655 1203 777 1254 ’Ὁτι
835 1203 890 1254 δὲ
951 1205 1051 1272 τῆς
1099 1203 1396 1270 καθολικῆς
1458 1204 1785 1271 Ἐκκλησίας

213 1293 1004 1364 ἀπερῤιμμένοιείσὶ,¹σαφῶς
1031 1295 1371 1365 μαρτυροῦσι
1398 1296 1493 1346 καὶ
1535 1295 1602 1346 τά
1639 1312 1785 1362 πεμ-

212 1384 415 1452 φθέντα
443 1386 751 1455 γράμματα
791 1387 881 1439 διὰ
903 1386 997 1439 τοῦ
1030 1387 1452 1457 μακαριωτάτου
1484 1388 1788 1457 ἀρχιερέως

215 1476 305 1546 τῆς
339 1478 726 1548 πρεσϐυτέρας
765 1477 1008 1547 Ῥώμης,
1042 1478 1288 1553 τουτέστι
1317 1477 1412 1530 τοῦ
1442 1477 1661 1544 πρώτου
1695 1478 1790 1528 καὶ

211 1567 570 1620 ἀποστολικοῦ
612 1568 827 1638 θρόνου.
857 1569 1045 1622 Ταῦτα
1079 1571 1210 1638 περὶ
1267 1569 1369 1638 τῆς
1416 1568 1623 1634 τάξεως
1694 1565 1790 1622 καὶ

210 1661 380 1728 τομῆς
412 1660 788 1729 διαταξαμένη
820 1663 852 1731 ή
889 1662 1011 1731 ἱερά
1047 1659 1266 1722 σύνοδος
1296 1659 1389 1713 τοῦ
1445 1660 1636 1730 θρόνου
1691 1661 1791 1729 τῆς

205 1751 634 1820 μεγαλοπόλεως
688 1753 891 1823 ταύτης
940 1753 1246 1821 διαλέγεται
1319 1754 1416 1806 καὶ
1485 1755 1614 1822 περὶ
1679 1754 1786 1806 τῶν

210 1845 545 1897 ὑποκεῖσθαι
581 1844 897 1914 μελλουσῶν
926 1848 1065 1916 αὐτῇ
1097 1847 1444 1915 διοικήσεων,
1475 1846 1568 1899 καὶ
1591 1845 1792 1909 ταύτας

1888 643 2072 710 igitur,
2124 645 2210 697 ubi
2259 648 2324 700 de
2373 647 2491 700 aliis
2517 647 2740 699 sedibus
2778 660 2958 700 sermo
2987 653 3090 707 est,
3143 641 3448 696 inferiorem

1887 733 2162 800 dignitatis
2196 735 2416 803 gradum
2465 737 2774 804 praepositio
2808 736 2918 798 illa,
2974 741 3111 803 post,
3167 732 3448 801 signiﬁcet,

1888 828 1959 881 ita
1987 828 2174 892 etiam,
2222 845 2342 884 cum
2376 833 2440 884 de
2469 831 3060 900 Constantinopolitana
3104 830 3228 883 sede
3254 829 3448 896 agitur.

1887 922 2074 973 eodem
2123 922 2279 974 modo
2327 923 2692 990 accipiendam
2722 937 2843 975 esse
2886 922 3038 974 tat-ile
3085 933 3314 976 constat.
3392 921 3457 982 Et

1888 1027 2017 1064 vero
2039 1013 2372 1068 clarissimus
2408 1015 2718 1082 patriarcha
2753 1013 3089 1083 Nicephorus
3120 1014 3330 1066 divinus
3400 1012 3453 1064 in

1888 1104 2206 1159 duodecimo
2229 1107 2549 1172 scriptorum
2592 1122 2808 1160 suorum
2833 1118 3022 1160 contra
3073 1105 3457 1159 lconotnachos

1889 1196 2068 1263 capite
2122 1198 2234 1250 haec
2284 1200 2482 1251 habet:
2541 1196 2670 1251 Esse
2713 1213 2843 1251 vero
2885 1199 3016 1252 i5tos
3050 1197 3492 1267 (lcononiachos‘

1900 1287 2132 1359 scilicet)
2191 1289 2258 1342 ab
2313 1288 2550 1342 Ecclesia
2597 1290 2864 1344 catholica
2925 1304 3148 1356 prorsus
3208 1289 3456 1342 exclusos
3501 1319 3503 1321 ι

1889 1391 2049 1446 atque
2101 1382 2323 1447 cjectos,
2385 1381 2466 1432 vel
2517 1382 2642 1448 ipsae
2687 1380 2880 1435 littera:
2931 1397 3048 1450 qua:
3088 1397 3116 1431 a
3147 1380 3458 1435 beatissimo

1889 1473 2131 1526 antistite
2156 1473 2350 1526 veteris
2389 1472 2594 1536 ROmaa,
2625 1473 2726 1526 hoc
2785 1483 2866 1527 est
2918 1489 2946 1525 a
3003 1476 3175 1541 prima
3224 1483 3278 1534 et
3333 1487 3449 1538 apo-

1891 1563 2076 1616 stolica
2117 1564 2244 1617 sede
2320 1565 2494 1617 missa:
2553 1574 2674 1617 snnt
2730 1565 2862 1618 satis
2921 1579 3185 1632 superque
3250 1572 3452 1616 testan-

1892 1663 1997 1708 tur.
2029 1654 2125 1707 llis
2155 1657 2316 1724 igitur
2370 1659 2435 1710 de
2469 1657 2645 1711 throni
2699 1671 2906 1724 magna:
2953 1655 3175 1724 hujusce
3224 1657 3457 1710 civitatis

1891 1748 2083 1801 ordine
2132 1759 2186 1802 et
2232 1749 2438 1802 honore
2483 1766 2511 1800 a
2564 1765 2715 1802 sacra
2765 1750 2969 1820 synodo
3013 1749 3348 1813 constitutis,
3395 1749 3460 1800 de

1895 1839 2220 1894 dioecesibus
2273 1841 2433 1893 etiam
2490 1841 2564 1893 illi
2625 1841 2752 1894 olim
2812 1842 3162 1909 subjiciendis
3218 1843 3454 1905 disserit,

209 1929 353 1988 εἷναί
394 1953 529 2004 φησι
552 1936 652 2006 τήν
704 1938 994 2007 Ποντικὴν,
1049 1941 1149 2006 τὴν
1216 1937 1490 2006 Ἀσιανὴν,
1541 1939 1636 1990 καὶ
1687 1940 1785 2007 τὴν

1889 1947 2023 2000 quas
2055 1933 2187 1987 dicit
2227 1948 2347 1987 esse
2387 1931 2685 1998 Ponticam,
2737 1936 2988 1988 Asianam
3013 1933 3168 2004 147
3203 1947 3257 1987 et
3289 1933 3451 1987 Thra-

207 2025 496 2097 Θρᾳκικήν
521 2043 536 2057 ·
588 2022 664 2079 ὧν
705 2027 769 2096 δὴ
799 2026 1121 2096 διοικήσεων
1174 2029 1269 2078 καὶ
1315 2030 1413 2088 τὰς
1450 2027 1789 2097 χειροτονίας

207 2118 320 2169 τῶν
357 2118 773 2188 μητροπολιτῶν
809 2118 988 2187 μόνων
1015 2119 1302 2187 ἀνατίθησι
1335 2117 1414 2187 τῷ
1441 2121 1788 2172 Κωνσταντι-

209 2210 534 2272 νουπόλεως.
553 2209 779 2279 Εἴρηται
813 2211 868 2262 δὲ
890 2210 950 2262 τὸ
968 2227 1191 2278 μονων,
1219 2210 1305 2262 ἵνα
1338 2211 1412 2281 μή
1432 2211 1526 2263 καὶ
1551 2210 1648 2271 τὰς
1681 2211 1788 2263 τῶν

207 2300 522 2351 ἐπισκόπων
547 2300 879 2370 χειροτονίας
908 2299 1300 2368 σφετερίσηταί
1346 2316 1430 2360 τις
1491 2299 1600 2350 τῶν
1634 2302 1789 2352 Κων-

210 2395 706 2454 σταντινουπόλεως
728 2395 1064 2445 ἐπισκόπων.
1085 2394 1319 2445 Ἐκεῖναι
1336 2393 1444 2462 γὰρ
1459 2391 1670 2461 ἐκάστῳ
1681 2390 1788 2443 τῶν

208 2484 648 2554 μητροπολιτῶν,
671 2479 751 2550 οἷς
776 2485 1038 2537 ἀνέκαθεν
1064 2499 1069 2504 ·
1102 2485 1323 2552 ἀνῆκον,
1379 2484 1657 2552 εἰάθησαν.
1679 2483 1789 2548 ιΔιὸ

206 2578 610 2646 καὶβπιφέρειό
634 2577 815 2630 κανὼν
832 2579 892 2629 τὸ
912 2577 1113 2647 δηλαδὴ
1133 2578 1362 2630 ἑκάστου
1385 2576 1785 2647 μητροπολίτου

206 2669 644 2738 χειροτονοῦντος
673 2672 801 2733 τοὺς
831 2673 930 2737 τῆς
955 2669 1227 2739 ἐπαρχίας
1256 2670 1590 2730 ἐπισκόπους
1641 2669 1785 2736 μετὰ

205 2762 318 2812 τῶν
349 2763 672 2812 ἐπισκόπων
707 2763 805 2830 τῆς
834 2762 1006 2830 αὐτῆς
1036 2757 1334 2830 ἐπαρχίας.
1377 2759 1696 2827 Ἀνατίθησι
1731 2761 1790 2812 δέ

206 2853 285 2922 τῷ
315 2855 950 2916 Κωνσταντινουπόλεως
984 2855 1075 2906 καὶ
1127 2855 1230 2922 τὴν
1291 2852 1625 2922 χειροτονίαν
1679 2853 1790 2904 τῶν

207 2947 531 2999 ἐπισκόπων
565 2947 675 2998 τῶν
705 2949 764 2998 ἐν
817 2945 934 3008 τοῖς
1006 2944 1364 3015 βαρϐαρικοῖς
1404 2943 1603 3009 ἔθνεσι,
1675 2946 1789 3006 τοῖς

205 3038 360 3092 οῦσιν
390 3040 446 3090 ἐν
480 3042 601 3101 ταῖς
633 3038 915 3107 ῥηθείσαις
943 3039 1300 3107 διοικήσεσιν,
1357 3030 1460 3088 οἷοί
1529 3036 1670 3088 εἰσιν
1737 3037 1787 3087 ot

218 3131 435 3184 Ἀλανοὶ
465 3133 557 3183 καὶ
590 3132 640 3182 οἱ
707 3130 898 3182 Ῥὦσοι
932 3144 944 3159 ·
1015 3131 1064 3182 σί
1124 3129 1224 3197 μὲν
1271 3128 1380 3198 γὰρ
1425 3130 1490 3198 τῇ
1551 3128 1787 3197 Ποντικῇ

203 3223 497 3288 διοικήσει,
531 3226 582 3275 ot
615 3223 672 3273 δὲ
703 3223 982 3292 Ῥῶσοιτῇ
1003 3222 1252 3291 Θρᾳκικῇ
1287 3220 1785 3288 συμπαράκεινται.

209 3317 334 3370 Ἵνα
357 3316 414 3368 δὲ
445 3314 520 3385 μὴ
548 3318 613 3385 τῇ
676 3314 938 3382 αὐθεντία
1013 3313 1106 3365 τοῦ
1153 3313 1787 3375 Κωνσταντινουπόλεως

209 3408 548 3478 νομισθῶσιν
577 3409 626 3459 οξ
647 3409 780 3458 θεῖοι
848 3405 1089 3475 Πατέρες
1142 3407 1337 3458 ἐκεῖνοι
1390 3406 1450 3457 τὸ
1510 3406 1617 3458 πᾶν
1688 3408 1787 3474 τῆς

207 3501 546 3572 χειροτονίας
576 3499 910 3560 ἀνατιθέναι,
933 3497 1074 3548 ὥστε
1110 3499 1283 3548 ποιεῖν
1305 3498 1512 3549 ἐκεῖνον
1546 3498 1638 3548 ἐπὶ
1667 3499 1784 3558 ταῖς

207 3592 573 3666 χειροτονίαις
616 3592 738 3646 κατ’
763 3590 1014 3654 ἐξουσίαν
1060 3589 1096 3643 ἃ.
1136 3589 1406 3659 βούλεται,
1454 3589 1786 3657 προσέθεντο

198 3685 645 3758 χειροτονεῖσθαι
673 3684 803 3753 παρ’
829 3682 1004 3735 αὐτοῦ
1032 3683 1157 3742 τοὺς
1207 3681 1610 3750 μητροπολίτας
1643 3698 1784 3749 συμ-

197 3783 398 3850 φώνων
431 3779 812 3848 ψηφισμάτων
839 3775 1165 3844 γινομένων,
1201 3777 1296 3826 καὶ
1324 3775 1412 3826 ἐπ’
1455 3775 1621 3828 αὑτὸν
1648 3777 1784 3828 ἀνα-

197 3875 524 3944 φερομένων
562 3871 849 3942 μονονουχῖ
871 3869 1034 3922 τοῦτο
1057 3869 1332 3936 λέγοντες,
1388 3869 1471 3921 ὃτι
1522 3868 1634 3937 Οὐχ
1690 3867 1785 3932 οὒς

198 3968 463 4038 βούλεται
491 3967 519 4018 6
563 3963 1202 4024 Κωνσταντινουπόλεως
1263 3963 1635 4030 χειροτονήσει
1682 3979 1785 4032 μη-

195 4057 551 4128 τροπολίτας,
584 4053 699 4108 ἀλλ’
735 4055 769 4125 ή
802 4053 894 4105 ὑπ’
930 4052 1096 4105 αὑτὸν
1147 4052 1365 4113 σύνοδος
1418 4051 1518 4115 τάς
1570 4052 1783 4122 ψήφους

198 4153 521 4221 ποιήσεται·
554 4150 652 4204 καὶ
686 4147 887 4218 ἐφόὓς
917 4148 984 4201 ἂν
1043 4149 1091 4200 οἱ
1141 4145 1510 4217 ψηφιζόμενοι
1555 4163 1785 4216 συμφω-

195 4245 569 4316 νήσουσιν,ἐξ
631 4242 856 4296 ἐκείνων
905 4241 1282 4311 χειροτονήσει
1359 4229 1784 4310 ἀναφερομένων

193 4340 306 4392 τῶν
345 4338 721 4409 ψηφισμάτων
759 4336 894 4407 πρὸς
931 4334 1117 4390 αὐτόν.
1153 4334 1278 4386 Τισὶ
1309 4333 1407 4402 μὲν
1437 4328 1531 4386 οῦν
1593 4333 1655 4385 τὸ
1676 4350 1785 4401 μοι

191 4449 320 4486 νων
370 4434 511 4484 οὓτω
562 4429 1036 4495 νενόηται,καθὼς
1077 4428 1291 4498 εἴρηται
1323 4443 1335 4457 ’
1381 4427 1531 4478 ἄλλοι
1595 4427 1652 4478 δὲ
1706 4427 1787 4489 είς

192 4521 490 4591 διαστολὴν
529 4537 664 4589 φασι
735 4521 959 4588 τεθῆναι
1031 4519 1141 4570 τῶν
1192 4517 1396 4570 λοιπῶν
1433 4517 1781 4587 διοικήσεων,

1889 2027 2098 2079 cicam:
2155 2041 2381 2094 quarum
2413 2027 2628 2096 quidem
2675 2029 2986 2082 dioecesium
3022 2028 3460 2084 metropolitanos

1889 2118 2036 2172 solos
2091 2133 2120 2171 a
2191 2119 2494 2188 patriarcha
2559 2118 3154 2187 Constantinopolitano
3223 2119 3466 2172 ordinant

1885 2209 2057 2277 jubet.
2111 2210 2217 2264 Sed
2281 2212 2424 2264 solos
2475 2210 2679 2279 inquit.
2728 2212 3190 2279 metropolitanos,
3241 2227 3308 2264 ne
3353 2215 3455 2278 epi-

1891 2318 2082 2371 scopos
2114 2319 2326 2371 quoque
2358 2304 2573 2356 creandi
2594 2304 2684 2370 jus
2709 2302 3336 2372 Constantinopolitanus
3360 2303 3457 2355 sibi

1890 2393 2216 2461 quandoque
2260 2395 2490 2447 antistes
2517 2405 2835 2447 assumeret.
2915 2394 3050 2447 Illud
3080 2395 3224 2448 enim
3255 2394 3456 2446 unicui-

1892 2501 1997 2552 que
2026 2487 2618 2554 metropohtano,qnos
2662 2501 2825 2554 penes
2865 2487 3235 2554 olinrqnoque
3265 2486 3455 2539 fuerat.

1893 2591 1974 2630 est
2018 2579 2289 2631 relictum.
2368 2578 2576 2632 Idcirco
2625 2578 2896 2646 subjungit
2944 2595 3152 2643 canon,
3209 2579 3311 2632 hoc
3356 2581 3458 2637 viz.

1896 2686 2214 2741 unoquoque
2244 2674 2660 2740 metrOpolitano
2689 2674 2975 2741 provincia:
3016 2689 3128 2727 sua:
3157 2672 3458 2742 cpisc0pns,

1893 2764 2150 2818 adhibitis
2196 2765 2316 2817 aliis
2355 2764 2597 2832 ejusdem
2650 2764 2938 2831 provincia:
2981 2763 3273 2832 episc0pis,
3322 2762 3457 2818 ordi'

1896 2867 2078 2910 naute.
2135 2856 2519 2924 Episcopnrum
2557 2871 2682 2909 vero
2719 2848 2950 2919 illorum,
2983 2857 3071 2924 qui
3104 2857 3242 2924 apud
3279 2857 3459 2910 barba-

1895 2965 1984 3003 ras
2027 2951 2271 3003 nationes
2324 2949 2377 3002 in
2425 2949 2584 3003 dictis
2632 2949 2962 3004 dimcesibus
3012 2951 3235 3019 degunt,
3280 2950 3460 3018 quales

1894 3044 2047 3098 Alani
2101 3055 2226 3097 sunt
2262 3053 2316 3097 et
2351 3043 2532 3107 ltussi,
2586 3033 2658 3096 illi
2706 3044 2921 3112 quidem
2957 3041 3195 3097 Pontica:
3221 3044 3462 3110 dimcesi,

1896 3138 2138 3200 biqvero
2185 3137 2464 3190 Thraeiczc
2527 3135 2803 3204 adjuncti,
2865 3135 3462 3204 Consmntinopolitano

1895 3232 2058 3284 etiam
2104 3231 2316 3299 praesuli
2350 3229 2746 3282 ordinationem
2779 3228 3090 3281 demandat.
3167 3228 3364 3281 Verum
3404 3243 3464 3282 ne

1891 3339 1920 3376 a
1976 3323 2173 3376 divinis
2214 3321 2488 3384 Pati-ibus,
2528 3336 2648 3388 quae
2691 3321 2758 3374 ad
2793 3322 3124 3374 creationem
3156 3320 3460 3387 metropoli-

1893 3427 2142 3468 tanorum
2203 3415 2512 3492 pertinent,
2573 3414 2825 3468 universa
2881 3411 3466 3480 Constantinopolitani

1891 3509 2200 3563 auctoritati
2230 3522 2488 3562 Concessa
2519 3521 2636 3561 esse
2682 3514 3020 3576 putarentur,
3071 3515 3128 3557 ut
3179 3504 3278 3572 ipsi
3326 3519 3464 3571 quat-

1891 3616 2104 3669 cunque
2156 3601 2454 3654 collibitum
2511 3609 2690 3663 esset,
2755 3614 2850 3667 pro
2912 3606 3176 3667 potestate
3233 3605 3466 3657 statuere

1891 3697 2113 3759 liceret;
2148 3694 2371 3754 idcirco.
2405 3694 2472 3747 ab
2506 3693 2594 3746 illo
2617 3693 2856 3759 quidem,
2891 3691 2983 3744 sed
3007 3689 3466 3746 consentientibus

1894 3799 2072 3842 tamen
2120 3788 2347 3840 aliorum
2396 3783 2704 3854 suffragiis,
2761 3796 2921 3852 atque
2967 3785 3034 3837 ad
3088 3798 3213 3836 eum
3255 3783 3467 3852 delatis,

1891 3881 2342 3951 metropolitanos
2389 3882 2655 3934 creandos
2709 3892 2826 3931 esse
2877 3878 3196 3931 decernunt.
3265 3876 3468 3941 Quibus

1892 3978 2145 4031 nimirum
2184 3975 2362 4028 verbis
2395 3974 2444 4026 id
2483 3984 2666 4037 aperte
2710 3973 2946 4026 iudicare
2986 3972 3302 4034 voluerunt,
3363 3985 3467 4025 nou

1894 4069 1974 4123 fas
2033 4082 2152 4122 esse
2197 4065 2799 4134 Constantinopolitano
2835 4063 3046 4133 praesuli
3096 4061 3469 4130 inetropolitar

1881 4178 2008 4226 .nos,
2060 4161 2325 4214 arbitratu
2365 4173 2463 4212 suo
2507 4173 2642 4226 quos
2674 4156 2924 4218 voluerit,
2965 4157 3332 4213 constituere:
3380 4159 3468 4208 sed

1890 4269 2061 4326 quos,
2114 4252 2382 4321 suﬂ'ragiis
2434 4250 2723 4317 inspectis,
2779 4250 3136 4305 concordibus
3181 4252 3320 4303 votis
3376 4267 3468 4318 ριιιε

1894 4349 2188 4419 subjectam
2227 4348 2489 4417 synodum
2523 4346 2831 4414 designatos
2861 4359 2981 4398 esse
3027 4345 3360 4413 cognoverit,
3407 4360 3470 4397 cx

1893 4461 1958 4499 eo
1992 4458 2214 4497 numero
2240 4441 2471 4510 aliquem
2501 4439 2570 4496 ab
2598 4439 2712 4504 ipso
2741 4437 2952 4492 scilicet
2980 4451 3100 4490 esse
3130 4437 3467 4505 deligendum

1892 4535 2300 4590 existimavere.
2401 4534 2476 4584 Ac
2534 4532 2760 4583 verbum
2822 4528 3036 4598 quidem
3097 4526 3313 4596 (solum)
3369 4527 3471 4580 hoc

193 4601 634 4667 διαστελλόντων
657 4613 767 4664 τῶν
802 4613 1067 4681 Πατέρων
1099 4613 1198 4671 τὰς
1243 4610 1410 4672 ἄλλας
1455 4611 1774 4679 διοικήσεις,

1890 4640 2050 4699 pacto
2078 4626 2320 4682 nonnulli
2349 4624 2752 4691 intelligendum
2785 4621 3185 4676 existimavere.
3250 4619 3378 4681 Alii,
3416 4629 3472 4671 ut

192 4707 292 4757 καὶ
318 4703 421 4764 τὰς
449 4703 750 4773 εἰρημένας
787 4704 973 4774 μόνοις⁹
1013 4699 1425 4770 ἀνατιθεμένων
1475 4701 1552 4770 τῷ
1603 4700 1781 4772 θρόνῳ

189 4801 291 4867 τῆς
346 4779 1002 4856 Κωνσταντινουπόλεως.
1035 4793 1223 4863 Αίγάρ
1239 4793 1425 4846 λοιπαὶ
1459 4793 1778 4862 διοικήσεις,

189 4894 226 4961 ή
265 4891 368 4960 τῆς
405 4889 747 4950 Μακεδονίας
794 4873 996 4957 δηλαδὴ
1057 4888 1154 4941 καὶ
1206 4887 1523 4950 Θετταλίας,
1588 4888 1778 4940 Ἐλλά-

188 4987 361 5047 δοςτε
402 4983 636 5052 καὶτῆς
666 4982 1104 5048 Πελοποννήσου,
1168 4981 1266 5036 καὶ
1323 4985 1422 5051 τῆς
1476 4981 1780 5051 λεγομένης

203 5077 476 5154 ’ῌπείρου
510 5077 728 5130 καὶτοῦ
787 5076 1086 5144 Ἰλλυρικοῦ
1120 5075 1196 5145 τῷ
1273 5074 1492 5144 Ῥώμης
1537 5074 1635 5143 τῆς
1678 5093 1782 5128 πα-

190 5175 358 5235 λαιᾶς
390 5172 679 5242 ἐπισκόπῳ
704 5173 825 5225 τότε
857 5173 1160 5226 ἀνέκειντο.

189 5387 425 5443 ΑΡΙΣΤ.
473 5387 535 5441 Ὀ
579 5387 685 5455 τῆς
712 5387 854 5449 νέας
884 5387 1220 5452 ἐπίσκοπος
1272 5385 1496 5454 Ῥώμης
1544 5385 1623 5449 τῷ
1672 5385 1788 5452 τῆς

252 5481 519 5545 παλαιᾶς
547 5483 830 5549 ὁμότιμος
862 5481 961 5532 διὰ
989 5480 1104 5546 τὴν
1131 5478 1249 5531 τῶν
1302 5478 1629 5549 σκήπτρων
1675 5495 1779 5546 με·

265 5576 520 5629 τάθεσιν
549 5591 562 5602 ·
589 5575 729 5628 ὅθεν
761 5577 816 5628 οὶ
843 5577 1095 5629 Πόντου.
1146 5571 1241 5625 καί
1273 5573 1486 5636 δΑσίιις
1531 5571 1628 5623 καὶ
1673 5570 1784 5637 τῆς

262 5670 503 5739 Θρᾴκης
558 5671 651 5721 καὶ
684 5671 736 5720 οἱ
766 5667 1080 5735 βάρϐαροι,
1118 5664 1198 5730 τῷ
1244 5662 1343 5732 τῆς
1399 5668 1777 5719 Κωνσταντιο

255 5770 611 5829 νουπόλεως
639 5763 1180 5831 κεχειροτόνηνται.

273 5859 545 5926 Ίσότιμος
577 5860 603 5908 6
636 5852 1270 5913 Κωνσταντινουπόλεως
1302 5853 1382 5922 τῷ
1416 5852 1518 5915 τῆς
1554 5848 1774 5917 Ῥώμης

184 5952 660 6022 ἐπισκόπῳ,καὶο
700 5947 808 6002 τῶν
873 5948 1005 5998 ἴσων
1068 5946 1371 5996 ἀπολαύσει
1442 5943 1771 6016 πρεσϐείων,

525 6044 794 6103 ΡΔΊἬΟΙ..
825 6045 940 6103 Gtt.
986 6039 1342 6103 CXXXVII.

1877 4724 2239 4778 ienutnet‘atas
2269 4719 2531 4772 dimceses
2555 4732 2583 4768 a
2618 4714 2842 4782 reliquis
2869 4722 3237 4782 segregarem,
3269 4726 3469 4777 easque

1896 4826 2104 4868 tantum
2169 4807 2784 4878 Ctuistantinopolitanze
2865 4805 3054 4858 ditioni
3136 4804 3471 4871 adjudicatas

1891 4925 2013 4965 esse
2042 4909 2402 4970 declararent,
2450 4904 2500 4958 id
2549 4903 2770 4956 verbum
2805 4915 2833 4952 a
2867 4897 3121 4954 Patrihus
3169 4896 3468 4951 adhibitum

1892 5003 2060 5057 fuisse
2105 5001 2458 5054 arbitrantur.
2546 4995 2679 5048 Nam
2738 4993 2858 5046 alim.
2916 4993 3219 5054 dimceses,
3292 4987 3469 5040 Mace-

1894 5097 2069 5150 doniae
2099 5095 2307 5148 scilicet
2332 5089 3005 5152 ac'l‘hessalim,totiusque
3028 5083 3250 5137 Graecia:
3284 5089 3335 5133 et
3363 5080 3465 5132 Pe-

1892 5189 2156 5260 loponesi,
2188 5197 2241 5240 et
2267 5186 2382 5255 ejus
2401 5198 2524 5252 quae
2553 5181 2744 5251 Epirus
2774 5179 2991 5239 dicitur,
3025 5175 3297 5245 aclllyrici
3318 5182 3471 5227 velte.

1913 5290 1987 5342 ris
2003 5286 2187 5340 Roma?
2205 5285 2457 5352 episcopo
2505 5291 2631 5332 tunc
2672 5275 2928 5345 temporis
2957 5274 3208 5341 ascripta:
3232 5272 3468 5324 fuerunt.

1894 5382 2119 5438 ARIST.
2184 5381 2346 5434 Novit
2371 5376 2550 5430 Roma:
2578 5375 2847 5440 episcopus
2877 5372 3050 5424 eodem
3093 5378 3245 5436 atque
3286 5365 3467 5416 veteris

1964 5478 2159 5527 honore
2178 5471 2413 5540 fruatur,
2433 5455 2644 5535 propter~
2659 5463 2857 5528 imperii
2879 5458 3301 5512 translationem.
3327 5454 3469 5516 Qua-

1966 5578 2176 5639 propter
2223 5563 2403 5627 Ponti,
2458 5561 2616 5614 Asiae.
2671 5557 3007 5623 Thraciu'que
3040 5549 3264 5615 eptswpi
3321 5557 3376 5598 ut
3426 5547 3472 5596 εί

1969 5659 2196 5713 Barbari
2224 5675 2255 5710 a
2284 5651 2871 5718 Constantinopolitano
2903 5645 3229 5698 ordinentur.

1965 5843 2263 5912 Episcomis
2309 5829 2953 5898 Constantinopolitanns
3008 5813 3479 5912 :rqualemnhabet

1887 5905 2136 5992 Romano
2163 5905 2448 5993 honorem,
2491 5936 2543 5983 ct
2581 5924 2878 5999 aequalibus
2906 5917 3116 5973 fruetur
3156 5905 3475 5980 privilegiis.

3066 6006 3135 6076 16
