4238 6464
750 461 856 522 405

2001 454 2279 515 TIIEOD.
2310 454 2706 513 BALSAMON

3884 459 3988 519 496

823 573 1017 628 BALS.
1071 571 1347 640 Scriptum
1389 576 1472 624 est
1508 568 1561 623 in
1593 575 1785 638 quarta
1822 568 2035 622 actione
2058 568 2316 623 Actorum
2348 570 2391 622 Δ
2488 567 2497 617 l

2348 570 2391 622 Α
2488 567 2684 619 ΒΑΛΣ.
2738 566 3050 636 Γέγραπται
3117 567 3177 619 ὲν
3225 569 3291 637 τῇ
3359 567 3595 638 τετάρτῃ
3644 568 3845 639 πράξει
3882 570 3996 622 τῶν

748 669 784 722 4
813 665 1024 737 synodi,
1077 665 1217 729 quod
1265 671 1384 729 post
1434 660 1675 716 Dioscori
1716 660 2054 715 Alexandria:
2083 660 2319 729 episcOpi

750 758 1164 825 depositionetn,
1216 755 1283 809 l3
1313 752 1551 823 Egyptii
1580 754 1818 825 episcopi
1862 769 1925 807 ex
1952 752 2321 808 Alexandrina

748 847 966 903 dioecesi
1004 845 1163 918 159
1183 854 1473 917 praesentes
1504 844 1778 915 Eutychen
1820 853 1876 899 et
1922 842 2040 913 ejus
2075 842 2319 913 dogmata

750 938 1276 993 anathematizarunt
1304 952 1319 988 :
1355 935 1692 990 subscribere
1720 944 1897 989 autem
1928 942 2320 1001 consequenter

745 1029 987 1098 epistolae
1040 1029 1209 1083 sancti
1245 1026 1440 1082 Leonis
1491 1040 1642 1096 papae
1672 1024 1918 1090 Romani,
1971 1038 2132 1094 quam
2174 1022 2318 1077 misit

747 1121 814 1175 ad
864 1120 1175 1175 Flavianum
1240 1118 1601 1186 patriarcltam
1644 1115 2313 1185 Constantinopolitanum,

748 1223 808 1267 ut
835 1213 901 1268 iis
930 1227 1048 1280 quae
1080 1211 1133 1264 in
1160 1224 1223 1265 ea
1250 1219 1406 1265 erant
1452 1209 1832 1270 assentientes,
1888 1224 1995 1262 non
2030 1207 2315 1274 persuade-

747 1307 977 1360 bantur:
1016 1301 1256 1356 dicentes
1284 1315 1407 1355 esse
1435 1300 1753 1353 inusitatum
1786 1298 1838 1351 in
1871 1313 1965 1353 sua
1994 1295 2312 1366 [Egyptiaca

748 1396 969 1452 dimeesi
990 1407 1185 1464 przeter
1207 1393 1554 1449 Alexandrini
1578 1392 1968 1460 archiepisc0pi
1989 1389 2312 1445 sententiam

745 1490 850 1543 tale
886 1489 1017 1558 qttid
1047 1487 1247 1549 facere,
1308 1494 1358 1539 et
1398 1492 1639 1553 petentes
1673 1484 1721 1535 id
1752 1482 1853 1536 sibi
1887 1481 2111 1536 concedi
2146 1482 2314 1536 donec

743 1579 1140 1634 Alexandrinus
1194 1575 1630 1644 archiepiscopus
1676 1574 1848 1628 factus
1878 1574 1967 1627 sit.
2043 1572 2309 1637 Quoniam

744 1686 872 1739 ergo
921 1668 1135 1738 quidam
1190 1682 1285 1723 eos
1329 1668 1408 1721 sic
1467 1667 1707 1720 dicentes
1766 1679 1870 1718 non
1932 1664 2307 1728 admittebant,

744 1762 951 1819 dcliniit
998 1761 1232 1831 synodus
1280 1773 1372 1812 eos
1422 1757 1551 1811 nihil
1585 1756 1713 1810 mali
1749 1756 1855 1822 pati
1885 1765 2161 1824 oportere,
2212 1755 2307 1809 sed

2425 658 2759 728 Πρακτικῶν
2790 660 2888 728 τῆς
2922 660 2965 712 δ’
2982 660 3200 715 συνόδου
3230 660 3313 713 ὅτι
3352 660 3491 730 μετὰ
3514 659 3614 731 τὴν
3660 660 3994 729 καθαίρεσιν

2420 752 2716 821 Διοσκόρου
2782 752 3082 805 ἐπισκόπου
3159 751 3572 822 Ἀλεξανδρείας
3631 751 3995 822 τρισκαίδεκα

2420 841 2719 894 ἐπίσκοποι
2751 844 3049 910 Αἰγύπτίοι
3080 841 3546 911 παρουσιάζοντες
3596 842 3705 895 ἀπὸ
3735 843 3835 912 τῆς
3862 842 3998 895 διοι-

2420 933 2638 1003 κήσεως
2666 933 3083 1006 Ἀλεξανδρείας
3133 934 3225 988 τδν
3300 934 3401 1004 μὲν
3459 935 3709 1005 Εὑτυχέα
3760 936 3861 987 καὶ
3928 935 3997 987 τὰ

2417 1024 2663 1096 δόγματα
2688 1026 2854 1080 αὑτοῦ
2878 1026 3285 1098 ἀνεθεμάτισαν
3315 1043 3331 1060 ·
3389 1027 3711 1095 ὑπογράψαι
3762 1028 3821 1081 δὲ
3859 1027 3994 1080 dxe-

2416 1115 2621 1180 λοὺθως
2635 1120 2727 1171 καὶ
2757 1119 2813 1171 ὲν
2834 1121 2898 1189 τῇ
2930 1118 3185 1187 ἐπιστολῇ
3213 1116 3309 1172 τοῦ
3344 1120 3502 1186 ἀγίου
3527 1118 3753 1181 Λέοντος
3786 1121 3994 1173 πάππα

2430 1204 2673 1279 Ῥώμης,
2714 1209 2781 1280 ἢν
2812 1209 3104 1264 ἀπέστειλε
3134 1209 3212 1280 τῷ
3248 1211 3565 1284 πατριάρχῃ
3632 1212 3994 1266 Κωνσταντι-

2415 1299 2717 1363 νουπόλεως
2747 1300 3053 1372 Φλαδιανῷ,
3087 1302 3163 1364 ὼς
3203 1300 3541 1372 στοιχοῦντες
3575 1305 3685 1365 τοῖς
3723 1305 3782 1354 έν
3826 1303 3990 1371 αὐτῇ.

2421 1392 2520 1444 οὑκ
2565 1392 2862 1455 ἐπείθοντο,
2901 1393 3150 1460 λέγοντες
3208 1394 3482 1464 ἀσύνηθες
3546 1391 3688 1448 εἶναι
3737 1398 3804 1464 τῇ
3856 1396 3982 1447 κατ’

2418 1483 2615 1547 αὐτοὺς
2667 1485 3018 1554 Αἰγυπτιακῇ
3070 1485 3336 1555 διοικήσει
3394 1484 3545 1556 παρά
3624 1484 3849 1555 γνώμην
3898 1485 3991 1537 τοῦ

2414 1577 2715 1630 ἐπισκόπου
2768 1577 3173 1647 Ἀλεξανδρείας
3234 1575 3483 1630 τοιοῦτόν
3528 1595 3582 1630 τι
3647 1581 3843 1639 ποιεῖν,
3894 1580 3993 1630 καί⁵

2410 1667 2855 1736 παρακαλοῦντες
2906 1668 3184 1737 ὲνδοθῆναι
3217 1668 3421 1733 αὐτοῖς,
3455 1668 3650 1738 μέχρις
3698 1667 3765 1721 ἂν
3809 1667 3991 1728 Ἀλεξ-

2410 1760 2657 1828 ανδρείας
2715 1761 3138 1833 ἀρχιεπίσκοπος
3195 1760 3437 1828 γένηται.
3483 1760 3603 1813 Ὀτι
3670 1756 3763 1813 οὖν
3837 1778 3983 1821 τινες

746 1860 799 1911 in
859 1828 1074 1924 proprio
1118 1860 1263 1905 statu
1324 1863 1563 1911 manere,
1615 1858 1670 1901 et
1721 1848 2072 1902 Alexandrini
2126 1848 2308 1902 archi—
2342 1828 2420 1900 Bt

2342 1828 2381 1881 Β
2409 1851 2472 1902 οὑ
2505 1849 2867 1919 παρεδέχοντο
2901 1850 3129 1913 τούτους
3148 1850 3325 1903 ταῦτα
3352 1851 3632 1919 λέγοντας,
3688 1850 3894 1920 ὥρισεν
3949 1853 3982 1921 ἡ

743 1948 974 2017 episcopi
1008 1943 1399 1999 ordinationem
1455 1950 1789 2009 exspectare.
1873 1940 2082 1995 Interea
2129 1951 2307 1995 autem

740 2039 824 2092 vel
852 2038 982 2091 dare
1014 2036 1357 2103 ﬁdeiussores
1387 2032 1455 2088 de
1485 2032 1745 2096 sistendo,
1786 2032 1868 2085 vel
1892 2033 1934 2085 si
1966 2032 2310 2099 lidejussores

739 2125 871 2179 dare
898 2138 1002 2178 non
1031 2131 1273 2192 possunt,
1322 2137 1509 2175 eorum
1540 2122 1896 2191 jurejurando
1925 2119 2084 2175 ﬁdem
2126 2122 2309 2175 haberi

740 2216 950 2287 (Grmce
973 2224 1053 2268 est
1088 2213 1408 2284 ἐξωμοσία).
1447 2212 1542 2267 Est
1562 2223 1743 2265 autem
1774 2212 2066 2281 ἐξωμοσία,
2095 2212 2219 2264 dum
2256 2214 2309 2267 in

737 2317 901 2377 caput
921 2305 1258 2375 imperatoris
1279 2305 1358 2360 vel
1381 2307 1431 2358 in
1457 2306 1726 2375 pI'Opriatn
1747 2304 2131 2373 salutemjurat
2160 2307 2311 2373 quis-

736 2406 899 2471 piam.
936 2400 1135 2453 Dicitur
1179 2410 1356 2453 autem
1408 2398 1697 2466 ἐξωμοσία,
1727 2398 1866 2465 quod
1908 2412 2011 2451 non
2044 2396 2315 2452 reducitur

737 2495 838 2547 hoc
861 2493 1236 2561 jusjurandum
1264 2492 1556 2546 secundum
1596 2490 1936 2559 jurisperitos
1970 2490 2038 2544 ad
2070 2492 2311 2560 quinque

733 2584 1095 2654 jnrisjurandi
1130 2585 1334 2652 species
1360 2583 1475 2650 lege
1505 2590 1755 2644 statutas,
1787 2582 1879 2634 sed
1908 2591 1990 2635 est
2018 2592 2166 2635 extra
2192 2596 2309 2635 eas.

733 2673 877 2743 Lege
905 2674 938 2728 8
963 2675 1127 2728 them.
1164 2672 1235 2728 20
1258 2687 1376 2742 cap.
1405 2673 1439 2725 6
1462 2672 1546 2725 tit.
1601 2686 1673 2725 vn
1720 2670 1813 2725 lib.
1842 2671 2059 2725 Basilic.
2103 2682 2156 2725 et
2191 2686 2311 2740 qua:

736 2776 890 2817 extra
937 2765 1137 2832 scripta
1186 2771 1332 2819 sunt.
1412 2760 1549 2817 Nota
1590 2769 1770 2816 autem
1815 2777 1884 2816 ex
1916 2762 2017 2816 hoc
2059 2763 2308 2830 prmsettti

738 2870 949 2910 canone
979 2857 1250 2925 quomodo
1300 2856 1586 2923 exponitur
1630 2855 1701 2909 20
1743 2854 2306 2922 canon'apostolicns,

734 2948 956 3001 dicens:
1001 2949 1244 3002 Clericus
1266 2946 1562 3016 tidejubens
1584 2947 1918 3018 deponatur:
1968 2958 2022 3000 et
2049 2946 2164 3016 lege
2192 2948 2307 3018 ejus

733 3036 1252 3105 interpretationem.

732 3125 1146 3197 ἑρμηνεύεταιὸ
1207 3127 1558 3189 ἀποστολικδς
1614 3134 1661 3180 κ’

730 3221 828 3291 τὴν
863 3222 1055 3277 τούτου
1087 3224 1408 3292 ἑρμηνείαν.

2415 1942 2630 2003 σύνοδος
2671 1944 2837 2011 μηδὲν
2863 1960 2914 1995 τι
2949 1943 3144 2006 αὐτοὺς
3176 1942 3368 1997 παθεῖν
3411 1946 3601 2009 κακὸν,
3632 1944 3769 1998 ἀλλὰ
3801 1945 3991 2013 μένειν

2415 2022 2623 2101 ἒπίτῆς
2651 2034 2861 2097 οἰκείας
2892 2033 3197 2103 ἐπιτιμίας,
3242 2038 3338 2089 καὶ
3383 2035 3683 2105 ἀναμένειν
3733 2034 3836 2104 τὴν
3896 2035 3992 2086 τοῦ

2429 2124 2837 2194 Ἀλεξανδρείας
2882 2127 3242 2194 χειρθτονίαν.
3286 2127 3375 2180 Ἐν
3405 2126 3484 2197 τῷ
3517 2127 3667 2196 μέσῳ
3715 2127 3837 2197 δὲῆ
3900 2128 3993 2192 ἑγ-

2416 2216 2625 2285 γυητάς
2664 2215 2850 2268 δοῦναι
2907 2218 3332 2287 παραστάσεως,
3389 2218 3422 2287 ἢ
3470 2218 3565 2271 ἐὰν
3626 2217 3700 2287 μὴ
3727 2218 3992 2270 δύνανται

2416 2305 2599 2358 δοῦναι
2688 2307 2981 2378 ἐγγυητὰς,
3069 2308 3345 2379 ἐξωμοσία
3389 2333 3400 2342 ·
3460 2309 3987 2377 καταπιστευθῆναι.

2429 2396 2733 2466 Ἐξωμοσία
2764 2398 2822 2450 δέ
2852 2401 2968 2452 ἐστι
2990 2400 3053 2453 τὸ
3079 2400 3160 2462 εἰς
3185 2400 3285 2468 τὴν
3311 2399 3552 2470 κεφαλὴν
3574 2398 3667 2452 τοῦ
3693 2399 3990 2468 βασιλέως,

2416 2487 2448 2555 ἢ
2488 2489 2567 2551 εἰς
2593 2489 2693 2556 τὴν
2732 2489 2942 2542 οἰκείαν
2971 2489 3247 2560 σωτηρίαν
3270 2489 3473 2556 ὀμόσαι
3530 2490 3678 2544 τινά.
3715 2490 3990 2543 Καλεῖται

2414 2579 2470 2629 δὲ
2502 2578 2795 2648 ἐξωμοσία.
2823 2581 2907 2633 ὅτι
2934 2581 3033 2633 οὑκ
3066 2582 3327 2649 ἀνάγεται
3354 2581 3383 2632 ὁ
3412 2582 3579 2652 ὅρκος
3632 2576 3791 2645 οὗτος
3845 2582 3992 2634 κατά

2412 2674 2542 2734 τοὺς
2582 2671 2918 2741 νομομαθεῖς
2970 2675 3051 2735 εἰς
3105 2674 3231 2736 τοὺς
3317 2673 3742 2744 νενομισμένους
3822 2675 3990 2726 πέντε

2408 2762 2768 2830 ὃρκους,άλλ’
2823 2763 2929 2829 ἔξω
2959 2764 3172 2818 τούτων
3213 2765 3351 2817 ἐστί.
3410 2765 3523 2818 Καὶ
3573 2766 3900 2831 ἀνάγνωσον
3930 2766 3991 2817 τὸ

2413 2852 2464 2925 η’
2488 2853 2632 2922 θέμα
2674 2854 2769 2907 τοῦ
2799 2861 2847 2907 κ’
2880 2872 3008 2925 κεφ.
3033 2854 3127 2907 τοῦ
3192 2853 3246 2919 ς’
3271 2855 3448 2909 τίτλον
3510 2856 3603 2909 τοῦ
3666 2856 3710 2922 ζ’
3779 2856 3988 2926 βιϐλίου

2406 2944 2514 2997 τῶν
2545 2945 2876 3011 Βασιλικῶν,
2898 2948 2992 3001 καὶ
3029 2948 3097 3001 τά
3150 2946 3350 3011 ἔξωθεν
3384 2948 3551 3001 αὑτοῦ
3592 2948 3986 3019 γεγραμμένα.

2404 3039 2721 3107 Σημείωσαι
2770 3040 2826 3091 δὲ
2884 3041 2994 3094 ἀπὺ
3047 3041 3142 3093 τοῦ
3216 3040 3488 3110 παρόντος
3554 3043 3781 3103 κανόνος
3836 3042 3988 3101 ὅπως

1754 3125 1952 3192 κανὼν,
1995 3127 2025 3177 ό
2052 3124 2230 3192 λέγων
2263 3142 2277 3157 ο
2302 3128 2573 3198 Κληρικδς
2601 3131 2801 3199 ἐγγύας
2832 3131 3008 3194 διδοὺς
3056 3130 3459 3203 καθαιρείσθω,
3519 3132 3614 3186 καὶ
3669 3132 3987 3200 ἀνάγνωσον

804 3398 1049 3452 ZONAR.
1089 3396 1143 3451 In
1193 3404 1385 3467 quarta
1422 3395 1626 3465 synodo
1676 3406 1862 3449 contra
1898 3397 2210 3450 Dioscorum
2239 3408 2301 3447 ac
2330 3402 2371 3457 c
2475 3401 2478 3446 Δ

2330 3402 2371 3457 C
2475 3393 2714 3447 ΖΩΝΔΡ.
2753 3393 2839 3444 Ἐν
2866 3396 2930 3464 τῇ
2960 3395 3198 3466 τετάρτῃ
3239 3394 3442 3461 συνόδῳ
3492 3396 3556 3461 τῇ
3588 3396 3646 3447 ὲν
3675 3395 3980 3465 Χαλκηδόνι

734 3490 1082 3561 Eutycltctent
1131 3502 1427 3555 eorumque
1472 3488 1713 3556 gregales
1763 3487 2107 3541 Chalcedone
2155 3486 2295 3539 cele-

732 3585 906 3645 bruta,
960 3581 1190 3651 .Egyptil
1243 3579 1459 3648 quidam
1494 3580 1732 3647 eplSCOpi
1766 3594 1886 3631 cum
1921 3580 2192 3641 adessent,
2245 3588 2300 3630 ut

730 3675 973 3743 ejusdem
1008 3673 1197 3742 synodi
1245 3676 1480 3733 decreta,
1529 3687 1593 3725 ex
1620 3671 1789 3724 sancti
1831 3668 2023 3723 Leonis
2074 3665 2299 3722 Romani

732 3783 880 3835 μιντσ
906 3768 971 3819 ad
1003 3764 1311 3816 l-‘lmiannm
1349 3762 1715 3815 beatissimum
1748 3761 2162 3827 Constantinop.
2210 3772 2300 3809 ar-

728 3860 985 3927 ehaepisc.
1030 3858 1209 3912 missis
1234 3856 1423 3909 litteris
1443 3855 1608 3917 edita,
1642 3853 2004 3921 chirographo
2038 3865 2137 3905 suo
2164 3864 2299 3902 con-

730 3954 1024 4009 lirmarcnt,
1066 3949 1254 4002 nddnci
1291 3963 1394 4000 non
1444 3955 1713 4013 poterant.
1754 3944 1871 3998 Non
1898 3943 2039 4012 quod
2081 3957 2141 3996 ea
2171 3942 2295 4011 qui-

729 4046 872 4103 dem.
906 4052 965 4094 ut
998 4042 1264 4103 ferebant,
1312 4038 1380 4090 illi
1430 4038 1604 4090 minus
1652 4036 1982 4104 probarent:
2029 4034 2121 4088 sed
2153 4034 2295 4101 quod

728 4133 1068 4187 Alexandriae
1131 4131 1574 4197 archiepiscopus
1652 4138 1779 4181 tunc
1839 4127 2054 4195 quidem
2122 4124 2298 4179 nullus

727 4234 876 4287 erat;
921 4221 1295 4290 {Egyptimunt
1326 4220 1699 4288 episcoporum
1734 4216 2145 4271 consuetudinis
2176 4230 2296 4268 esse

727 4315 988 4379 dicentes,
1016 4315 1145 4367 nihil
1178 4312 1478 4366 inconsulto
1500 4308 1868 4365 Alexandrino
1890 4308 2295 4377 archiepiscOpo

727 4410 794 4461 de
845 4408 1007 4460 rebus
1056 4404 1437 4459 ecclesiasticis
1489 4402 1853 4465 constituere;
1893 4400 2096 4453 idcirco
2142 4398 2295 4466 parvi

726 4498 825 4551 sibi
864 4497 1125 4565 temporis
1150 4510 1376 4559 moram,
1413 4494 1579 4546 donec
1609 4493 1653 4546 is
1674 4500 1888 4545 creatus
1920 4492 2127 4552 luisset,
2161 4504 2292 4542 cou-

725 4589 842 4641 cedi
867 4586 1226 4655 postulabant.
1248 4584 1351 4636 Sed
1370 4581 1633 4652 Egyptiis
1649 4580 1916 4649 episc0pis
1935 4580 2075 4647 quod
2109 4593 2292 4630 eorum

726 4692 914 4746 nempe
943 4675 1100 4729 (idem
1130 4684 1435 4744 suspectum
1463 4674 1719 4726 haberent
1745 4710 1761 4735 ,
1795 4681 1955 4739 atque
1984 4669 2102 4723 ideo
2134 4684 2292 4738 syno-

724 4770 841 4822 dice
868 4770 1079 4822 decreta
1107 4767 1218 4820 suis
1246 4764 1730 4825 subscriptionibus
1759 4762 2081 4817 cooﬁrmare
2106 4762 2291 4813 nolue-

725 4867 872 4925 runt,
894 4858 1244 4925 depositionis
1288 4869 1500 4924 ptenatn
1539 4854 1728 4924 synodi
1790 4853 2057 4905 antistites
2084 4853 2289 4919 irroga~

724 4965 868 5002 vere.
914 4948 1013 5013 Qui
1060 4958 1234 4999 tamen
1281 4949 1333 5001 in
1371 4945 1575 5014 synodo
1612 4942 1883 5011 principes
1932 4941 2030 4994 viri
2068 4943 2292 4992 aderant

721 5040 884 5093 simul
916 5054 1036 5092 cum
1066 5048 1282 5099 senatu,
1327 5048 1404 5101 ut,
1435 5036 1777 5089 manentibus
1809 5035 1944 5102 ipsis
1973 5034 2025 5086 in
2072 5032 2288 5101 proprio

719 5134 997 5201 dignitatis
1026 5131 1349 5199 episwpalis
1386 5127 1569 5181 habitu
1593 5163 1609 5189 ,
1641 5125 1987 5180 Alexandrini
2020 5124 2289 5191 archiepi-

713 5225 868 5293 δευρί
902 5230 1231 5277 creationem
1257 5229 1650 5289 exspectarent,
1679 5218 1901 5271 concedi
1922 5228 2171 5284 oportere
2192 5230 2282 5266 ar-

719 5317 1079 5370 bitrabutttur.
1106 5312 1306 5367 Verum
1333 5327 1455 5382 syn.
1502 5310 1773 5364 antistites
1792 5308 2112 5363 delationem
2140 5306 2282 5359 illam

715 5420 1034 5476 prtetextum
1053 5422 1192 5469 esse,
1213 5417 1269 5458 ut
1293 5406 1436 5459 nacti
1463 5403 1763 5456 libertatem
1784 5401 2141 5461 discederent,
2169 5414 2286 5450 sus-

715 5500 897 5568 picati,
929 5503 993 5552 de
1024 5500 1237 5551 illorum
1272 5498 1323 5549 in
1358 5496 1488 5550 urbe
1514 5493 2108 5560 Constantinopolitana
2134 5505 2286 5542 man-

712 5593 862 5644 sione
888 5605 1178 5660 sponsores
1228 5589 1344 5641 dari
1381 5587 1741 5656 postulabant.
1775 5584 1889 5650 Qua
1921 5584 2135 5652 quidem
2188 5597 2283 5649 po-

712 5684 1001 5736 stulattone
1045 5699 1073 5735 a
1107 5681 1433 5750 principibus
1476 5693 1685 5747 quoque
1714 5688 1764 5730 et
1794 5685 1981 5731 senatu
2026 5674 2276 5744 probata,

711 5772 997 5843 ngyptiis,
1033 5785 1090 5827 ut
1133 5776 1210 5827 \‘cl
1244 5774 1589 5842 lidejussores
1623 5771 1833 5833 durent,
1870 5769 1912 5821 si
1941 5782 2075 5837 quos
2107 5769 2271 5821 habe-

709 5878 849 5932 rent,
886 5867 968 5921 vcl
1002 5875 1146 5921 certe
1184 5875 1521 5921 sacramento
1567 5860 1722 5917 [idem
1770 5875 1922 5917 suam
1964 5860 2267 5929 obstringe-

2407 3486 2843 3561 συγκροτηθείσῃ
2870 3489 3013 3539 κατά
3050 3487 3346 3555 Διοσκόρου
3397 3488 3492 3539 καὶ
3558 3488 3833 3557 Εὑτυχοῦς
3888 3492 3983 3541 καὶ

2408 3576 2515 3627 τῶν
2550 3578 2868 3645 ὁμοφρόνων
2900 3577 3084 3640 αὐτοῖς
3130 3576 3385 3646 παρῆσαν
3417 3578 3509 3629 καί
3573 3595 3716 3640 τινες
3767 3580 3879 3631 τῶν
3924 3581 3983 3644 ἐξ

2403 3668 2682 3735 Αἰγύπτου
2706 3670 3020 3733 ἐπίσκοποι,
3059 3670 3110 3722 οἳ
3137 3668 3483 3740 παρῃτοῦντο
3521 3669 3843 3739 ὑπογράψαι
3868 3674 3980 3733 τοῖς

2400 3759 2889 3830 δογματισθείσιτῇ
2918 3761 3050 3830 ἀγίᾳ
3084 3760 3312 3829 συνόδῳ,
3337 3761 3577 3831 ἑπομένῃ
3610 3764 3674 3830 τῇ
3716 3762 3976 3832 ὲπιςτςλῇ

2401 3852 2495 3903 τοῦ
2523 3854 2673 3905 ὁσίου
2700 3852 2929 3915 Λέοντος
2956 3854 3156 3906 πάππα
3185 3852 3425 3922 Ῥώμης,
3456 3854 3521 3923 ἣν
3552 3854 3834 3905 ἐπέστειλε
3898 3855 3976 3923 τῷ

2408 3946 2692 4014 ἁγιωτάτῳ
2722 3946 3136 4015 ἀρχιεπισκόπῳ
3172 3945 3809 4007 Κωνσταντινουπόλεως
3834 3947 3973 3999 Φλα-

2403 4038 2592 4105 6ιανῷ.
2630 4037 2981 4109 Παρῃτοῦντο
3008 4038 3088 4099 δὲ,
3129 4037 3227 4105 οὐχ
3258 4037 3335 4099 ὼς
3364 4037 3809 4105 ἀπαρεσκόμενοι
3862 4040 3973 4100 τοῖς

2397 4130 2577 4193 δόξασι
2599 4132 2663 4197 τῇ
2698 4129 2934 4198 συνόδῳ⁶
2967 4128 3080 4180 ἀλλ’
3114 4130 3194 4181 ὃτι
3236 4127 3633 4195 Ἀλεξανδρείας
3657 4128 3757 4181 οὑκ
3778 4124 3848 4198 ἦν
3880 4147 3979 4198 τη-

2400 4220 2633 4273 νικαῦτα
2663 4221 3117 4289 ἀρχιεπίσκοπος,
3155 4219 3405 4285 λέγοντες
3430 4219 3550 4282 ἔθος
3601 4215 3743 4274 εἶναι
3783 4223 3841 4273 ἐν
3876 4222 3974 4274 Δί-

2400 4312 2610 4381 γὺπτῳ,
2645 4311 2965 4381 ἀρχιερεῦσι
3018 4312 3185 4379 μηδὲν
3206 4327 3257 4364 τι
3284 4310 3546 4382 πράττειν
3571 4311 3970 4382 ἐκκλησιαστι-

2398 4405 2492 4457 κὸν
2513 4404 2664 4471 ποιρά
2694 4404 2918 4472 γνώμην
2938 4402 3031 4455 τοῦ
3070 4403 3967 4474 Ἀλεξινδρείας·ἀρχιεπισκόπου,

2400 4496 2494 4550 καὶ
2523 4496 2800 4561 ἀξιοῦντες
2829 4494 3113 4564 ὲνδοθῆναι
3148 4496 3351 4559 αὐτοῖς,
3388 4495 3583 4565 μέχρις
3614 4496 3681 4547 ἂν
3722 4495 3970 4561 Ἀλεξαν-

2395 4585 2575 4656 δρείας
2618 4583 3046 4653 ἀρχιεπίσκοπος
3078 4583 3326 4651 γένηται.
3353 4584 3416 4635 Oi
3442 4584 3541 4652 μὲν
3561 4580 3654 4636 οὖν
3686 4585 3786 4651 τῆς
3814 4588 3969 4638 συνό-

2396 4676 2486 4728 δου
2552 4677 2849 4746 ἀρχιερεῖς,
2906 4675 3309 4738 ὑποπτεύοντες
3366 4676 3440 4739 ὡς
3476 4675 3888 4745 έτεροδοξοὺσιν
3918 4682 3967 4731 οἰ

2396 4767 2684 4835 Αἰγύπτιοι
2715 4768 3028 4831 ἐπίσκοποι,
3065 4769 3160 4821 καὶ
3196 4767 3286 4820 διὰ
3341 4766 3499 4821 τοῦτο
3557 4768 3618 4820 οὑ
3680 4767 3967 4837 βούλονται

2394 4858 2687 4928 βεῦαιῶσαι
2734 4860 2802 4912 δι’
2834 4858 3223 4929 ὑποσημασίας
3282 4859 3491 4920 οἰκείας
3546 4861 3615 4912 τὰ
3669 4860 3967 4922 συνοδικῶς

2392 4951 2757 5021 ψηφισθέντα,
2793 4953 3113 5020 καθαίρεσιν
3142 4950 3367 5004 ἐκείνων
3399 4951 3859 5019 κατεψηφίζοντο.
3902 4955 3963 5005 Οἱ

2390 5045 2445 5095 δὲ
2486 5043 2869 5112 συμπαρόντες
2891 5045 2957 5112 τῇ
2990 5042 3197 5111 συνόδῳ
3232 5042 3494 5111 ἄρχοντες
3538 5044 3634 5094 καὶ
3659 5044 3690 5111 ή
3715 5042 3964 5113 σύγκληο

2394 5154 2483 5197 τος
2520 5135 2744 5203 διέγνων
2770 5134 2879 5187 δεῖν
2909 5134 3187 5203 ὲνδοθῆναι
3214 5135 3415 5198 αὐτοῖς,
3452 5136 3705 5204 μένουσιν
3731 5137 3824 5188 ἐπὶ
3871 5137 3963 5187 τοῦ

2390 5226 2590 5278 οἰκείου
2619 5225 2893 5293 σχήματος
2926 5225 3025 5293 τῆς
3084 5224 3476 5293 ἀρχιερατικῆς
3510 5222 3705 5287 ἀξίας,
3748 5226 3963 5294 ἀναμέ-

2391 5334 2502 5368 νειν
2530 5316 2629 5384 τὴν
2656 5315 2987 5384 χειροτονίαν
3018 5313 3111 5367 τοῦ
3156 5314 3563 5385 Ἀλεξανδρείας
3599 5316 3964 5385 ἀρχιεπισκό-

2393 5425 2514 5459 που.
2550 5406 2693 5458 Οἰδέ
2734 5424 2796 5475 γε
2846 5405 2946 5474 τῆς
2995 5405 3212 5457 συνόδου
3252 5403 3548 5474 ἀρχιερεῖς,
3603 5407 3809 5475 σκῆψιν
3861 5411 3963 5476 τὴν

2394 5498 2687 5567 ὑπέρθεσιν
2735 5497 3099 5559 ὑπολαϐόντες
3145 5494 3305 5559 εἶναι,
3339 5496 3424 5549 ἵνα
3468 5498 3728 5566 τυχόντες
3775 5498 3962 5561 ἀδείας

2390 5588 2840 5657 ὑποχωρήσωσιν,
2868 5586 3032 5656 ᾔτουν
3061 5585 3264 5653 ἐγγύας
3289 5583 3469 5639 δοῦναι
3493 5586 3689 5649 αὑτοὺς
3712 5588 3962 5655 προσμέο

2385 5696 2495 5732 νειν
2529 5681 2594 5747 τῇ
2626 5678 2856 5746 βασιλίδι
2903 5677 3009 5728 τῶν
3036 5679 3241 5729 πόλεων
3263 5691 3275 5704 ·
3327 5678 3421 5727 καὶ
3443 5676 3492 5728 οἰ
3514 5676 3776 5746 ἄρχοντες
3802 5694 3901 5731 κα.
3925 5680 3957 5748 ἡ

2382 5772 2680 5839 σύγκλητος
2701 5769 3049 5838 ἀπεφήναντο
3067 5768 3097 5837 ἢ
3114 5766 3314 5835 ἐγγύας
3338 5767 3533 5830 αὑτοὺς
3565 5772 3890 5839 παρασχεῖν,
3909 5780 3957 5830 ει

2373 5864 2654 5931 εὐποροῖεν
2685 5861 3052 5932 ὲ·γγυητῶν,ἢ
3100 5860 3373 5930 ἐξωμοσία
3426 5860 3951 5929 καταπιστευυῆναιο
