4238 6464
266 428 367 489 505

1438 438 1520 497 IN
1550 439 1751 500 CUNC.
1816 439 1893 499 [Ν
1930 441 2252 504 TRULLO.

3386 458 3490 524 506

266 564 290 595 ς
331 548 556 615 μεγέθει
602 553 1059 618 συγκαταδάσεὼς
1099 571 1157 607 τε
1209 555 1302 608 καὶ
1348 558 1727 622 ταπεινώσεως
1770 561 1830 612 τὸ
1860 554 1940 610 Αι

1809 561 1830 612 ὸ
1860 554 1905 610 Α
1938 578 1956 611 ι
1988 570 2042 615 et
2083 561 2148 615 ad
2181 576 2239 617 se
2263 564 2535 639 revocavit
2567 580 2629 620 ac
2684 566 2927 631 reduxit,
2978 566 3132 621 nobis
3164 583 3371 635 quoque
3400 590 3483 626 se-

267 656 287 685 σ
328 640 601 710 ἡμέτερον
643 644 800 710 γένος
832 648 1300 716 μεταποιήσαντα,
1333 650 1425 701 καὶ
1459 652 1596 719 πρὸς
1636 652 1827 704 ἑαυτὸν

268 748 286 773 ε
328 731 812 803 ἀνακαλεσάμενον
862 736 955 789 καὶ
996 737 1405 792 ἀναδιδάσαντα
1452 742 1547 793 καὶ
1603 741 1703 811 τὴν
1747 743 1826 806 είς

267 840 285 869 ί
326 824 387 874 τὸ
416 824 476 877 εὖ
508 822 649 879 εἶναι
676 828 861 896 τρίϐον
903 831 1034 898 ἡμῖν
1074 832 1425 895 ὑποδείξαντα
1456 833 1542 886 διὰ
1579 833 1687 885 τῶν
1726 835 1824 903 τῆς

268 935 285 965 ι
342 918 670 987 Ἐκκλησίας
694 920 1032 992 λαμπτήρων
1054 924 1146 975 καὶ
1174 924 1530 989 διδασκάλων,
1560 942 1825 992 φωταγω-

266 1030 283 1058 σ
326 1011 570 1077 γούντων
600 1014 668 1066 τά
696 1015 835 1067 κατὰ
857 1016 989 1067 Θεὸν
1010 1017 1163 1086 ἡμῶν
1186 1018 1520 1086 διαδήματα,
1556 1020 1647 1071 καὶ
1688 1017 1825 1087 πρὸς

264 1123 280 1151 ι
323 1104 384 1155 τὸ
429 1105 760 1174 Εὐαγγέλιον
806 1110 1211 1179 παρορμώντων
1239 1127 1254 1142 θ
1297 1104 1372 1163 ὧν
1430 1112 1521 1164 καὶ
1574 1112 1635 1163 τὸ
1677 1110 1825 1163 πολί-

266 1212 283 1234 ρ
326 1211 504 1263 τευμα
536 1197 594 1247 ἐν
620 1198 867 1265 οὐρανοῖς
892 1199 1124 1269 ὑπάρχει
1150 1202 1291 1255 κατὰ
1311 1202 1403 1255 τὸν
1424 1202 1565 1254 θεῖον
1595 1202 1824 1255 ἀπόστο-

265 1306 279 1325 --
324 1286 418 1337 λον
443 1303 458 1318 ·
485 1288 609 1340 ὅθεν
630 1291 724 1341 καὶ
746 1288 839 1341 νῦν
865 1293 997 1360 ἡμῖν
1021 1293 1113 1344 τὸν
1140 1296 1337 1347 οἰκεῖον
1369 1293 1487 1362 βίον
1512 1293 1821 1361 διεξάγουσι

264 1399 278 1426 ι
325 1382 720 1452 ῥᾳθυμότερον,
752 1379 846 1437 καὶ
878 1387 940 1453 τῇ
980 1385 1087 1436 τῶν
1120 1386 1395 1454 λογισμῶν
1427 1387 1596 1456 ἀργία
1621 1386 1819 1439 καθεύο

260 1493 275 1518 σ
318 1473 524 1537 δουσιν,
556 1475 630 1537 ὡς
655 1476 988 1528 ἐπεισελθεῖν
1028 1478 1360 1547 ἀφυλάκτοις
1402 1479 1495 1531 τὸν
1534 1478 1822 1546 δδοστάτην

262 1589 277 1617 ‹
323 1567 540 1638 ἐχθρὸν,
563 1569 659 1620 καὶ
681 1568 821 1620 κατα
846 1570 1041 1639 μικρὸν
1064 1570 1162 1637 τὴν
1185 1571 1386 1641 ἀρετὴν
1414 1571 1817 1641 ὑποκλέψαντα,

262 1679 280 1709 ι
324 1662 425 1730 τὴν
455 1663 655 1715 κακίαν
686 1664 818 1731 ἡμῖν
851 1664 1280 1732 άνθυπενεγκεῖν
1309 1680 1325 1696 ·
1365 1666 1395 1717 ὁ
1428 1664 1525 1735 τὴν
1558 1665 1820 1735 μεγίστην

259 1776 276 1804 α
324 1756 530 1825 ταύτην
553 1756 648 1809 τοῦ
680 1758 945 1826 παρόντος
977 1759 1178 1826 κόσμου
1209 1759 1580 1829 πηδαλιουχῶν
1622 1759 1819 1813 ὁλκάδα

261 1866 278 1895 ι
322 1843 558 1913 Χριστὸς
591 1848 619 1899 ὀ
649 1846 779 1908 Θεὸς
807 1848 987 1916 ἡμῶν,
1026 1847 1082 1899 σε
1111 1848 1200 1899 τὸν
1233 1848 1396 1915 σοφὸν
1434 1851 1564 1918 ἡμῖν
1619 1848 1817 1920 κυϐερ-

258 1959 275 1988 ι
320 1940 509 2008 νήτην,
563 1941 654 1993 τὸν
711 1941 911 2007 εὐσεεῆ
943 1940 1195 2008 βασιλέα
1226 1982 1240 2005 ,
1298 1944 1608 2012 προστάτην
1659 1944 1825 2007 δντως

325 2032 644 2102 ἀνέστησεν,
711 2034 1100 2103 οἰκονομοῦντα
1140 2037 1260 2096 τοὺς
1301 2036 1490 2104 λόγους
1532 2040 1591 2090 ὲν
1622 2036 1821 2105 κρίσει,

324 2126 666 2192 φυλάσσοντα
725 2128 801 2189 είς
849 2127 939 2177 τὸν
992 2128 1162 2179 αἰῶνα
1215 2130 1516 2198 ἀλήθειαν,
1569 2129 1824 2183 ποιοῦντα

324 2217 497 2284 κρῖμα
524 2217 616 2268 καῖ
647 2218 993 2286 δικαιοσύνην
1037 2222 1095 2272 ἐν
1133 2222 1283 2288 μέσῳ
1324 2221 1422 2290 τῆς
1461 2220 1584 2290 γῆς,
1633 2223 1726 2273 καὶ
1764 2224 1825 2275 ὲν

323 2307 541 2378 ἀμώμῳ
575 2309 678 2376 6δῷ
721 2312 1089 2379 πορευόμενον
1119 2328 1130 2340 ’
1176 2314 1234 2365 ὃν
1274 2316 1306 2381 ἠ
1352 2313 1512 2380 σοφία
1553 2316 1823 2384 κυοφορή-

330 2416 472 2452 τασα
513 2400 605 2451 καὶ
639 2402 967 2468 μαιεὺσασα,
1011 2403 1190 2467 καλῶς
1222 2408 1338 2465 ταῖς
1372 2407 1593 2474 ἀρεταῖς
1626 2408 1825 2477 ἐκθρέ-

264 2512 281 2535 ε
324 2493 477 2559 ψασά
507 2510 564 2544 τε
599 2493 691 2545 καὶ
731 2496 1145 2562 περιστείλασα,
1182 2501 1275 2548 καὶ
1316 2497 1459 2549 θείου
1489 2499 1825 2567 πληρώσασα

257 2605 273 2631 ι
325 2585 661 2653 Πνείῳατος,
708 2587 983 2654 ὀῃθαλμὸν
1029 2589 1352 2655 οἱκουμένητ
1404 2589 1700 2653 ἀπέδειξεν,
1756 2594 1821 2660 τῇ

262 2701 274 2717 ν
323 2675 416 2725 τοῦ
448 2675 539 2727 νοῦ
600 2675 933 2745 καθαρότητι
976 2679 1067 2729 καὶ
1110 2680 1175 2746 τῇ
1216 2679 1558 2747 λαμπρότητι
1602 2680 1824 2747 διαυγάι-

261 2785 276 2812 ι
324 2765 485 2828 ζοντα
537 2770 854 2837 περιφανῶς
907 2770 965 2821 τὸ
1025 2769 1308 2838 ὑπήκοονο
1367 2764 1411 2837 ᾧ
1471 2771 1567 2839 τὴν
1623 2773 1821 2840 ἑαυτῆς

258 2878 275 2907 ι
335 2858 665 2927 Ἐκκλησίαν
697 2860 989 2928 παρέθετο,
1019 2862 1113 2913 καὶ
1148 2862 1239 2915 τὸν
1262 2863 1425 2927 νόμον
1458 2865 1625 2932 αὐτῆς
1659 2862 1819 2932 μελε-

254 2969 275 3000 (
314 2951 417 3020 τᾷν
448 2952 642 3011 νυκτὸς
669 2951 763 3003 καὶ
789 2951 1000 3021 ἡμέρας
1023 2953 1261 3018 ἐδίδαξεν
1290 2954 1428 3022 πρὸς
1448 2956 1820 3023 καταρτισμὸν

252 3059 271 3089 σ
316 3042 411 3092 καὶ
438 3040 725 3108 οἰκοδομὴν
756 3040 863 3093 τῶν
891 3042 994 3092 ὑπὸ
1018 3043 1175 3110 χεῖρα
1198 3041 1343 3095 λαῶν
1368 3058 1381 3071 ·
1414 3043 1494 3106 ὃς,
1522 3044 1601 3112 τῷ
1631 3044 1817 3114 θερμῷ

316 3136 416 3188 τοῦ
464 3137 601 3206 πρὸς
656 3137 786 3191 Θεὸν
831 3139 1001 3191 πόθου
1049 3139 1140 3191 τὸν
1192 3138 1440 3208 ζηλωτὴν
1493 3139 1817 3209 ὑπερϐαλὼν

257 2049 276 2077 ί

258 2144 275 2171 1

261 2236 277 2260 ⁸

261 2328 276 2354 1

258 2418 277 2444 Ι

1936 671 1955 703 ι
1987 654 2193 719 mitam,
2224 665 2284 710 ut
2310 655 2445 711 bene
2477 671 2741 721 essemus,
2790 659 3074 714 ostendere
3107 675 3200 727 per
3234 659 3485 715 Ecclesiae

1934 744 2265 802 «luminaria
2326 763 2391 804 ac
2455 750 2723 815 doctores,
2789 752 2880 820 qui
2931 765 3139 807 nostros
3195 758 3489 809 secundum

1934 856 1952 888 ι
1985 838 2148 893 Deum
2182 854 2400 910 gressus
2429 841 2794 897 illuminantes
2820 842 3076 911 dirigunt,
3130 854 3184 899 et
3209 847 3275 900 ad
3315 845 3489 899 Evan-

1932 947 1950 979 ι
1983 930 2181 997 gelium
2233 931 2505 986 incitant:
2559 948 2790 1001 quorum
2845 933 3009 987 etiam
3061 940 3400 990 conversatio
3433 937 3486 988 in

1933 1041 1951 1073 ς
1983 1022 2133 1077 caelis
2158 1033 2242 1079 est
2268 1025 2333 1089 ”,
2361 1032 2423 1078 ut
2455 1024 2530 1078 ait
2561 1026 2771 1080 divinus
2806 1025 3114 1095 Apostolus.
3136 1027 3291 1081 Unde
3320 1028 3480 1081 etiam

1929 1134 1949 1166 ι
1979 1115 2132 1169 nobis
2159 1115 2321 1169 vitam
2353 1130 2494 1170 nunc
2522 1116 2879 1184 negligentius
2908 1118 3213 1188 agentibus.
3244 1129 3299 1172 et
3323 1120 3492 1173 ratio-

1929 1224 1948 1257 ι
1979 1207 2263 1261 rinationis
2297 1209 2847 1278 considerationisque
2870 1210 2981 1265 otio
3013 1210 3485 1273 indormientibns.

1930 1314 2098 1353 «cum
2150 1300 2307 1354 nobis
2355 1300 2591 1356 incautis
2645 1299 2745 1355 vize
2792 1302 3074 1357 insidiator
3124 1303 3377 1358 inimicus
3430 1319 3489 1358 se

1930 1411 1947 1442 ι
1978 1390 2244 1457 injecerit,
2291 1401 2345 1445 et
2374 1393 2629 1447 virtutem
2662 1394 2919 1463 paulatim
2972 1395 3287 1461 sull‘uratus,
3323 1394 3480 1450 nobis

1931 1502 1949 1535 ι
1976 1484 2090 1553 ejus
2118 1484 2237 1539 loco
2260 1484 2447 1538 vitium
2484 1488 2864 1554 supposuerit:
2917 1487 3009 1555 qui
3064 1502 3307 1555 magnam
3339 1490 3486 1543 hanc

1928 1595 1945 1627 ι
1976 1580 2255 1644 praesentis
2284 1578 2469 1631 mundi
2505 1594 2690 1631 navem
2710 1579 2865 1631 clavo
2897 1579 3142 1632 assidens
3165 1583 3300 1648 regit
3329 1580 3490 1634 Chri-

1927 1686 1945 1719 ι
1974 1677 2086 1721 stus
2114 1668 2371 1723 Dominus
2402 1678 2603 1731 noster.
2638 1679 2690 1724 te
2737 1671 3031 1738 sapientem
3090 1671 3246 1725 nobis
3283 1673 3486 1742 guber«

1928 1768 2255 1824 «natorem,
2330 1762 2472 1828 pimn
2546 1762 2946 1827 imperatorem.
3016 1778 3141 1816 vere
3211 1764 3490 1831 prasidem

1935 1870 1952 1902 ι
1988 1852 2261 1916 excitavit,
2312 1852 2714 1921 dispensantem
2774 1868 3051 1908 sermones
3094 1855 3147 1908 in
3178 1854 3403 1923 judicio,
3436 1856 3490 1909 in

1934 1961 1953 1994 ι
1986 1941 2233 1996 saaculum
2255 1943 2532 1997 veritatem
2562 1954 2888 2011 servantem,
2921 1943 3203 1997 facientem
3226 1944 3487 2012 judicium

1936 2055 1952 2085 ι
1982 2045 2037 2089 et
2065 2034 2335 2103 justitiam
2371 2036 2424 2088 in
2476 2035 2649 2088 medio
2685 2044 2863 2099 teme,
2914 2046 2967 2089 et
3001 2036 3052 2089 in
3099 2037 3180 2088 via
3228 2039 3296 2090 ab
3344 2038 3491 2089 onmi

1934 2149 1953 2181 ι
1982 2130 2398 2198 reprehensione
2450 2129 2605 2199 153
2656 2127 2824 2181 aliena
2873 2129 3278 2194 procedentem;
3328 2143 3488 2195 quem

1936 2245 1953 2271 ε
1983 2238 2103 2276 cum
2136 2221 2397 2291 sapientia
2427 2220 2787 2289 concepisset.
2845 2221 3002 2287 eique
3053 2222 3363 2273 obstetricis
3399 2217 3485 2270 of—

1932 2334 1949 2365 ι
1985 2314 2164 2369 ﬁcium
2200 2314 2557 2384 priestitisset,
2607 2312 2828 2382 pulchre
2878 2312 3167 2365 virtutibus
3193 2312 3487 2364 eumritunt

1934 2424 1950 2455 ι
1981 2415 2035 2459 et
2089 2414 2359 2470 ornatum,
2406 2405 2697 2469 divinoque
2746 2403 2955 2472 Spiritu
3005 2404 3286 2470 repletum,
3336 2401 3487 2456 orbis

1933 2519 1948 2548 ι
1983 2510 2247 2551 terrarum
2289 2496 2506 2552 oculum
2556 2496 2752 2559 cﬂ‘ecit,
2782 2496 2871 2565 qui
2929 2496 3122 2548 mentis
3155 2496 3388 2563 puritate
3433 2504 3489 2547 et

1934 2610 1952 2642 ι
1984 2592 2269 2659 splendore
2320 2591 2595 2659 subjectos
2648 2598 2832 2657 aperte
2867 2589 3157 2650 illuminas,
3212 2590 3298 2641 cui
3333 2602 3487 2642 Suam

1930 2702 1947 2733 ι
1980 2683 2273 2737 Ecclesiam
2342 2682 2759 2745 commendavit,
2825 2690 2879 2734 et
2928 2680 3097 2748 legem
3151 2678 3268 2747 ejus
3327 2688 3486 2731 noctu

1929 2795 1945 2825 ι
1979 2775 2175 2842 diuque
2225 2772 2470 2826 meditari
2507 2772 2707 2838 docuit,
2750 2771 2815 2825 ad
2846 2772 3187 2841 populorum,
3222 2770 3312 2838 qui
3363 2777 3490 2822 sunt

1928 2884 1946 2916 ι
1982 2866 2081 2918 sub
2099 2864 2215 2933 ejus
2236 2864 2502 2925 manibus,
2539 2861 2925 2931 perfectionem
2958 2860 3440 2915 ettedilicatiouem
3467 2874 3483 2921 ;

1928 2975 1946 3006 ι
1974 2956 2063 3024 qui
2095 2968 2186 3009 tuo
2230 2955 2283 3008 itt
2313 2955 2474 3008 Deum
2506 2952 2756 3007 desiderii
2813 2960 3004 3006 ardore
3054 2950 3284 3005 Pbinees
3310 2952 3482 3005 zelum

1926 3067 1942 3097 ι
1973 3060 2215 3114 superas,
2243 3056 2297 3099 et
2327 3046 2545 3114 pietatis
2578 3061 2640 3099 ac
2687 3044 2986 3113 prudentia:
3016 3044 3207 3097 robore
3234 3041 3485 3097 confosso

1926 3160 1943 3190 ι
1976 3148 2214 3208 peccato,
2250 3152 2463 3207 gregem
2492 3150 2705 3205 quoque
2754 3152 2782 3190 a
2817 3136 2947 3189 vitio
2973 3144 3027 3188 et
3060 3136 3226 3189 exitio
3272 3134 3481 3188 subtra-

313 3230 520 3293 Φινεὲς,
566 3231 660 3284 καὶ
692 3229 791 3300 τὴν
832 3232 1105 3299 ἁμαρτίαν
1154 3233 1485 3301 ἐκκεντῆσας
1519 3232 1596 3302 τῷ
1623 3233 1814 3302 κράτει
1843 3226 1885 3284 C
1924 3252 1942 3284 ι
1974 3236 1985 3286 I

1806 3252 1814 3285 ι
1843 3226 1885 3284 C
1924 3252 1942 3284 ι
1974 3236 2098 3286 bere
2142 3230 2381 3285 voluisti.
2417 3229 2713 3299 Oportebat
2756 3230 2900 3282 enim
2933 3243 3076 3293 eum,
3106 3229 3196 3296 qui
3245 3240 3365 3296 post
3388 3244 3480 3301 su-

316 3322 415 3389 τῆς
450 3320 734 3383 εὐσεϐείας
762 3338 821 3373 τε
866 3322 957 3373 καὶ
997 3322 1283 3384 συνέσεως,
1331 3324 1427 3375 καὶ
1459 3322 1518 3374 τὸ
1563 3325 1813 3391 ποίμνιον

307 3414 409 3481 τῆς
444 3415 642 3474 κακίας
671 3429 731 3464 τε
759 3414 850 3465 καὶ
882 3415 1087 3480 φθορᾶς
1117 3415 1490 3480 συνεξελέσθαι
1522 3416 1773 3486 προείλου
1794 3431 1810 3447 ·

310 3507 517 3575 ἔπρεπε
548 3505 656 3575 γὰρ
685 3505 774 3557 τὸν
817 3506 927 3558 τῶν
955 3506 1155 3558 οἰάκων
1194 3508 1332 3575 μετά
1359 3508 1456 3577 τὴν
1504 3507 1617 3560 ἄνω
1640 3508 1811 3577 ῥοπὴν

308 3596 404 3648 τοῦ
430 3596 767 3666 ἀνθρωπείου
802 3596 993 3664 γένους
1022 3598 1421 3667 ἐπειλημμένον
1453 3599 1525 3667 μὴ
1562 3599 1720 3666 μόνον
1751 3600 1811 3650 τὸ

310 3686 437 3739 καθ’
477 3689 643 3740 αὐτὸν
688 3691 931 3752 σκοπεῖν,
976 3691 1070 3741 καὶ
1101 3692 1249 3751 ὅπως
1274 3689 1341 3743 ἂν
1379 3694 1405 3745 ὁ
1430 3693 1625 3753 οἰκεῖος
1664 3690 1811 3759 αὐτῷ

306 3781 638 3833 διευθύνοιτο
683 3781 817 3849 βίος,
853 3781 990 3834 ἀλλὰ
1029 3782 1123 3834 καὶ
1167 3784 1277 3835 πᾶν
1318 3783 1380 3835 τὸ
1417 3783 1715 3851 ἀρχόμενον
1747 3785 1811 3835 ὲκ

306 3875 605 3944 τρικυμίας
636 3874 988 3944 περισώζειν,
1014 3875 1107 3927 καὶ
1152 3875 1250 3942 τῆς
1278 3874 1477 3941 πολλῆς
1510 3874 1619 3927 τῶν
1673 3894 1813 3944 πρα-

307 3969 534 4035 γμάτων
570 3967 883 4036 συγχύσεως
944 3967 1343 4030 ὲπικλυξόντων
1386 3970 1646 4023 πάντοθεν
1699 3969 1810 4021 τῶν

309 4060 635 4125 πνευμάτων
699 4058 800 4127 τῆς
853 4058 1118 4127 πονηρίας
1189 4060 1284 4111 καὶ
1329 4060 1389 4112 τὸ
1440 4060 1597 4127 σῶμα
1651 4062 1805 4128 ἡμῶν

306 4150 759 4221 ἐκταρασσὸντων
800 4153 896 4215 τῆς
943 4150 1343 4212 ταπεινώσεως.
1400 4149 1616 4220 Ἐπειδὴ
1660 4153 1713 4203 δὲ
1751 4153 1803 4204 αἱ

303 4336 404 4405 τὴν
436 4333 683 4401 βασιλίδα
706 4334 800 4386 καὶ¹
822 4334 1182 4402 θεοφύλακτον
1212 4336 1369 4389 πόλιν
1396 4336 1802 4416 συναθροισθεῖ-

302 4443 417 4482 σαι,
460 4426 490 4492 ἡ
525 4425 626 4490 μὲν
664 4426 758 4476 ἐπὶ
784 4425 892 4477 τῶν
922 4426 1130 4495 χρόνων
1168 4427 1551 4480 Ἰουστινιανοῦ
1581 4427 1674 4480 τοῦ
1706 4429 1802 4497 τῆς

1922 3344 1939 3375 ι
1972 3338 2193 3391 pernum
2219 3331 2546 3376 momentum
2576 3320 2795 3374 humani
2815 3320 3031 3389 generis
3053 3320 3476 3389 gubernaculum

1920 3434 1938 3467 ι
1968 3413 2316 3481 suscepisset,
2365 3426 2468 3465 non
2529 3412 2700 3466 solum
2750 3411 2803 3465 id
2851 3415 2990 3481 quod
3043 3414 3109 3463 ad
3159 3426 3220 3466 se
3252 3414 3483 3479 pertinet

1920 3525 1938 3557 ι
1970 3504 2332 3568 considerare,
2366 3512 2420 3556 et
2460 3502 2729 3570 quomodo
2762 3519 2863 3555 sua
2897 3517 2924 3554 a
2953 3517 3011 3556 se
3041 3503 3149 3555 vita
3178 3503 3476 3571 dirigatur;

1918 3619 1937 3652 ι
1969 3601 2062 3653 sed
2090 3607 2143 3653 et
2170 3613 2380 3663 omnes,
2416 3597 2609 3665 quibus
2642 3596 2885 3663 imperat,
2913 3610 2976 3649 cx
3014 3595 3263 3649 maximis
3304 3594 3480 3648 [lucti-

1917 3712 1934 3741 ‹
1968 3693 2066 3747 bus
2125 3706 2363 3753 servare,
2422 3701 2477 3743 et
2532 3704 2561 3741 a
2622 3689 2789 3741 multa
2840 3687 3180 3751 confusione,
3238 3688 3476 3754 undique

1918 3802 1935 3834 ‹
1965 3782 2312 3837 obruentibus
2362 3782 2721 3850 improbitatis
2752 3780 3032 3848 spiritibus
3077 3787 3133 3832 et
3160 3779 3480 3833 humilitatis

1917 3892 1934 3925 ι
1966 3883 2157 3928 nostra:
2197 3888 2393 3943 corpus
2443 3872 2896 3941 perturbantibus,
2928 3872 3161 3940 eripere.
3210 3869 3475 3936 Quoniam

1918 3984 1934 4015 ι
1962 3975 2139 4019 autem
2168 3974 2366 4019 sancta:
2399 3974 2453 4018 et
2489 3962 2821 4017 universales
2878 3962 2995 4015 duas
3049 3962 3240 4030 synodi
3292 3960 3346 4013 in
3378 3961 3479 4014 bac

1915 4076 1931 4106 ι
1965 4058 2089 4125 imp.
2120 4067 2173 4112 et
2208 4056 2299 4110 Dei
2324 4056 2689 4110 observatrice
2717 4054 2936 4107 civitate
2965 4064 3334 4121 congregatzn;
3370 4065 3474 4105 una

1912 4170 1928 4200 ι
1957 4150 2172 4218 quidem
2226 4151 2555 4219 temporibus
2583 4147 2780 4201 divina:
2815 4146 2976 4198 sortis
3024 4143 3348 4209 Justiniani;
3398 4143 3477 4197 al-

1912 4262 1930 4294 (
1967 4253 2080 4295 tera
2114 4256 2240 4294 vero
2265 4241 2364 4294 sub
2394 4242 2493 4310 pia:
2548 4243 2822 4294 memoria:
2852 4241 3177 4309 imperatore
3204 4236 3473 4290 Constan-

1912 4352 1929 4383 ι
1962 4334 2094 4397 tino,
2122 4342 2225 4385 tua:
2253 4331 2679 4385 mansuetudinis
2712 4342 2897 4399 patre;
2950 4334 3015 4385 ad
3045 4338 3264 4399 paterue
3294 4326 3475 4382 decio--

1910 4443 1928 4474 ι
1961 4423 2188 4478 randum
2278 4421 2398 4475 ﬁdei
2425 4425 2737 4491 mysterium
2768 4462 2782 4485 ,
2856 4437 3043 4476 sacros
3094 4434 3328 4475 canones
3384 4432 3467 4471 ne-

304 4517 459 4579 Θείας
493 4516 719 4583 λήξεως,
751 4519 782 4585 ἠ
816 4517 871 4569 δὲ
908 4518 998 4569 ἐπὶ
1027 4518 1118 4570 τοῦ
1149 4520 1207 4569 ὲν
1251 4519 1468 4571 εὐσεϐεῖ
1499 4522 1561 4588 τῇ
1609 4522 1798 4593 μνήμῃ
1832 4553 1875 4607 D
1911 4536 1928 4566 ι
1960 4533 1978 4582 ς

1832 4553 1875 4607 D
1911 4536 1928 4566 ι
1960 4530 2227 4583 quaquam
2286 4514 2747 4583 conscripserunt,
2797 4514 2940 4567 sicut
3000 4513 3218 4581 reliquae
3272 4518 3472 4563 sancta:

297 4608 594 4675 γενομένου
620 4609 773 4677 ἡμῶν
809 4609 1069 4678 βασιλέως
1098 4613 1528 4679 Κωνσταντίνου,
1562 4616 1798 4685 πατέρος

297 4702 397 4767 τῆς
425 4704 523 4769 σῆς
560 4702 914 4770 ἡμερότητος,
951 4704 1011 4755 τὸ
1055 4706 1183 4772 περὶ
1212 4707 1309 4775 τῆς
1335 4706 1570 4769 πίστεως
1598 4726 1795 4776 πατρι-

298 4793 411 4853 κῶς
440 4792 881 4847 διατοανὼσασαι
943 4796 1262 4865 μυστήριον,
1322 4797 1573 4867 οὐδαμῶς
1618 4800 1794 4869 ἱεροὺς

296 4885 531 4945 κανίνας
582 4885 926 4953 ἐνέγραψαν·
979 4888 1229 4957 καθάπερ
1291 4890 1347 4942 ai
1403 4891 1587 4943 λοιπαὶ
1639 4892 1792 4959 ἅγιαι

293 4976 565 5043 τέσσαρες
585 4978 965 5043 οἰκουμενικαὶ
997 4978 1226 5043 σύνοδοι,
1251 4981 1318 5034 δι’
1339 4974 1414 5033 ὧν
1444 4983 1787 5051 ἀποστήσον-

290 5083 385 5116 ται
443 5064 543 5133 μὲν
580 5068 628 5117 oi
661 5066 778 5119 λαοὶ
822 5068 886 5136 τῆ
902 5087 918 5127 _:
969 5067 1206 5137 χείρονος
1251 5073 1345 5124 καὶ
1399 5072 1790 5144 ταπεινοτέρας

290 5157 596 5224 διαγωγῆς,
653 5156 747 5209 ἐπὶ
791 5157 846 5210 δὲ
878 5160 968 5210 τὸν
995 5160 1280 5229 κρείττονα
1312 5163 1408 5215 καὶ
1456 5164 1789 5235 ὑψηλότερον

292 5248 637 5316 μεταθῶνται
664 5248 776 5317 βίον
805 5266 819 5282 ο
856 5250 1107 5305 ἐντεῦθέν
1147 5270 1203 5305 τε
1243 5254 1302 5305 τὸ
1331 5253 1483 5318 ἔθνος
1521 5256 1583 5308 τὸ
1612 5258 1785 5323 ἅγιον,

288 5340 353 5390 τὸ
384 5338 655 5406 βασίλειον
690 5339 1006 5408 ἱεράτευμα,
1032 5339 1173 5410 ὑπὲρ
1214 5334 1277 5395 οὗ
1315 5343 1551 5411 Χριστὸς
1580 5342 1792 5396 ἀπέθα-

219 5456 238 5486 ι
286 5451 399 5494 νεν,
432 5434 537 5486 ὑπὸ
566 5434 774 5487 πολλῶν
803 5434 861 5500 ἐξ
897 5434 1124 5498 ἀταξίας
1175 5434 1364 5486 παθῶν
1406 5435 1784 5505 διασπώμενον

216 5545 239 5576 ι
285 5524 385 5576 καὶ
435 5524 863 5593 ὑποσυρόμενον,
900 5524 993 5576 καὶ
1047 5525 1189 5578 κατὰ
1242 5524 1436 5594 μικρὸν
1488 5525 1586 5594 τῆς
1633 5526 1782 5589 θείας

212 5635 234 5666 σ
283 5613 528 5683 μάνδρας
556 5615 868 5684 ἀπορραγὲν
908 5613 999 5665 καὶ
1031 5614 1345 5683 διατμηθὲν,
1374 5616 1466 5669 καὶ
1500 5618 1563 5686 τῇ
1592 5616 1783 5686 ἀγνοίᾳ

210 5726 236 5761 ‹
279 5707 377 5759 καὶ
404 5705 543 5774 λήθῃ
568 5706 675 5757 τῶν
718 5707 814 5774 τῆς
853 5706 1054 5775 ἀρετῆς
1102 5704 1540 5776 κατορθωμάτων
1579 5708 1768 5761 ἀπολι-

248 3435 265 3463 ϐ

236 4264 255 4291 ι
304 4241 460 4307 ἅγιαι
482 4243 574 4294 καὶ
592 4244 969 4311 οίκουμενικαὶ
989 4241 1083 4296 δύο
1105 4244 1332 4305 σύνοδοι,
1355 4246 1410 4296 ai
1438 4245 1579 4298 κατά
1604 4245 1805 4313 ταύτην

229 4907 247 4935 ι

280 5893 329 5923 ⁸³
360 5892 591 5952 Philioo.
632 5908 709 5957 ιιι,
749 5895 837 5951 ‘20.
918 5900 962 5930 ⁶⁴
998 5899 1015 5952 l
1049 5897 1193 5954 Pelr.
1232 5916 1290 5961 ιι,
1314 5902 1363 5953 9.

1908 4626 1927 4659 ι
1959 4618 2183 4676 quatuor
2211 4606 2542 4660 universales
2576 4605 2790 4677 synodi,
2830 4620 2926 4672 per
2978 4620 3112 4673 quos
3139 4603 3317 4672 populi
3346 4602 3471 4671 qui-

1905 4698 2428 4753 tdemadeteriore
2495 4706 2548 4752 et
2609 4696 2899 4765 abjectiore
2967 4696 3181 4750 vivendi
3260 4696 3471 4747 ratione

1905 4810 1922 4842 ι
1951 4790 2224 4856 recedant,
2252 4790 2320 4843 ad
2371 4788 2649 4843 meliorem
2708 4797 2887 4842 autem
2920 4797 2975 4842 et
3029 4788 3273 4841 altiorem
3306 4787 3469 4838 vitam

1902 4901 1920 4933 c
1950 4898 2007 4935 se
2042 4881 2323 4935 traducant
2349 4882 2394 4941 τε
2416 4888 2473 4933 et
2518 4892 2584 4933 ex
2630 4877 2732 4931 hoc
2761 4891 2893 4947 gens
2939 4888 3146 4941 sancta,
3176 4875 3355 4943 regale
3384 4888 3469 4927 sa-

1902 4994 1921 5026 ι
1948 4974 2262 5037 cerdotium,
2280 4986 2374 5040 pro
2399 4985 2504 5040 quo
2520 4970 2771 5025 Christus
2790 4977 3033 5024 mortuus
3058 4969 3218 5033 est“,
3234 4983 3264 5021 ει
3289 4967 3468 5020 nmltis

1898 5086 1917 5119 ι
1950 5063 2439 5137 perturbationibus
2462 5064 2627 5117 animi
2653 5074 2866 5133 propter
2884 5075 3058 5116 mores
3082 5060 3467 5126 incompositos

1896 5178 1916 5212 ι
1946 5159 2260 5213 distractum
2291 5171 2354 5210 ac
2397 5154 2686 5219 divulsutn,
2724 5166 2782 5209 et
2811 5170 2839 5208 a
2872 5154 3055 5209 divino
3102 5152 3316 5207 stabulo
3346 5165 3466 5219 pro-

1901 5268 1921 5302 ι
1954 5250 2239 5320 pemodum
2294 5247 2582 5317 abruptum
2642 5257 2699 5303 et
2757 5248 3081 5312 abscissum,
3139 5257 3195 5301 et
3245 5254 3465 5315 propter

1899 5361 1918 5394 ι
1950 5342 2313 5409 ignorantiam
2350 5355 2413 5393 ac
2441 5340 2769 5395 oblivionem
2802 5357 2831 5393 τι
2866 5339 3027 5394 bonis
3063 5348 3116 5391 et
3147 5355 3211 5393 ex
3264 5338 3464 5392 virtute

1890 5455 1909 5489 ι
1941 5436 2095 5490 factis
2118 5435 2441 5505 prolapsum,
2468 5444 2522 5488 et
2542 5433 2635 5488 Dei
2665 5433 2819 5499 Filio,
2842 5442 2901 5488 ut
2926 5432 3214 5501 apostolice
3247 5432 3457 5500 loquar,

1890 5527 2283 5589 (conculcata,
2350 5527 2666 5593 sanguinem
2722 5540 2938 5594 quoque
2994 5522 3348 5585 testamenti,
3404 5521 3458 5574 in

1893 5632 2050 5684 «quo
2093 5624 2171 5670 est
2230 5614 2649 5677 sanctiﬁcatum,
2716 5628 3055 5669 communem
3110 5612 3456 5675 arbitratum,

1880 5739 1904 5777 σ
1932 5709 2163 5779 Spiritus
2191 5708 2418 5778 gratiam
2441 5708 2766 5777 contumelia
2796 5704 2994 5760 aﬂ‘ecit.
3031 5703 3205 5771 lianc,
3264 5711 3453 5775 utpote
