4238 6464
778 468 878 531 519

839 578 1022 635 Tertia
1059 588 1236 631 autem
1267 573 1460 643 Ephesi
1497 572 1630 636 fuit,
1663 570 1761 622 sub
1791 568 2095 622 Theodosio
2137 564 2330 617 Minori
2363 573 2408 625 Α

775 679 960 726 contra
991 668 1298 724 Nestorium
1340 665 1576 719 hominis
1606 662 1888 725 cultorem,
1927 660 2019 729 qui
2061 658 2332 712 Christum

775 764 935 832 impie
973 761 1180 823 divisit,
1231 770 1284 812 et
1330 757 1622 817 dissecuit,
1674 767 1905 821 eumque
1953 751 2157 804 nudum
2217 762 2336 802 esse

774 857 1045 910 hominem
1081 853 1214 906 dixit
1246 861 1299 903 et
1335 865 1439 902 non
1491 849 1654 901 Deum
1707 846 2041 898 incarnatum
2066 880 2081 903 ,
2112 850 2167 894 et
2201 840 2337 892 duos

776 949 910 1002 ﬁlios
934 958 985 999 et
1018 948 1150 998 duas
1176 958 1436 1013 personas
1484 942 1535 994 in
1587 955 1689 993 uuo
1717 938 1935 990 Christo
1971 936 2077 988 Deo
2111 932 2333 994 docuit,

775 1039 913 1091 unde
937 1047 987 1088 et
1014 1035 1412 1089 sanctissimam
1445 1031 1714 1096 Virginem
1742 1026 1989 1087 Mariam,
2021 1038 2138 1091 quae
2163 1023 2333 1089 ipsum

779 1129 942 1182 lieum
988 1125 1273 1179 Dominum
1315 1135 1558 1177 nostrum
1597 1120 1781 1173 Jesum
1808 1118 2080 1170 Christum
2109 1112 2333 1182 peperit,

773 1236 877 1274 non
913 1219 1310 1287 Deiparcutem,
1349 1216 1440 1267 sed
1473 1212 1672 1267 Christi
1707 1211 1993 1265 l’arentem
2029 1206 2260 1260 vocavit.

844 1399 1045 1462 Quarta
1080 1411 1206 1446 \cru
1239 1390 1583 1446 Chalcedone
1609 1429 1622 1453 ,
1652 1389 1752 1443 sub
1785 1386 2191 1453 religiosissime
2234 1386 2338 1438 im-

773 1500 1018 1557 peratore
1052 1485 1347 1548 Marciano,
1380 1485 1489 1536 ﬁlio
1534 1481 1754 1534 Gambri
1794 1496 1856 1532 ex
1887 1477 2181 1532 Theodosii
2244 1477 2341 1530 Mi-

777 1585 925 1638 noris
952 1596 1164 1645 sorore,
1206 1591 1390 1632 contra
1437 1579 1750 1631 Dioscorum
1779 1587 1832 1629 et
1874 1574 2170 1643 Eutychem
2202 1613 2214 1636 ,
2249 1572 2336 1640 qui

776 1676 866 1729 Dei
898 1688 950 1729 et
979 1673 1330 1743 Sospitatoris
1357 1672 1520 1724 nostri
1545 1669 1665 1722 Jesu
1696 1668 1896 1722 Christi
1921 1667 2340 1720 incarnationem

776 1769 1160 1838 imaginatione
1202 1776 1406 1820 tantum
1440 1764 1553 1817 ﬂeri
1589 1763 1808 1815 fabulati
1845 1770 1992 1825 sunt,
2029 1774 2259 1827 eumque
2287 1758 2339 1810 in

777 1879 878 1913 una
913 1861 1023 1914 sola
1057 1870 1252 1911 natura
1286 1860 1550 1911 exsistere
1575 1856 1857 1916 dixerunt,
1887 1863 1940 1907 et
1985 1853 2167 1906 deitati
2212 1865 2338 1921 pas-

776 1954 954 2007 siones
986 1951 1373 2004 attribuerunt.

853 2043 1050 2106 Quinta
1085 2051 1264 2095 autem
1296 2040 1395 2093 sub
1415 2038 1723 2092 Iustiniano
1758 2037 1950 2104 Magno
1971 2033 2344 2091 Constantino-

779 2133 888 2201 poli
926 2132 1105 2185 habita
1139 2141 1221 2183 est
1261 2141 1451 2184 contra
1486 2129 1799 2182 delirantem
1847 2126 2131 2196 Origcuem
2158 2164 2173 2187 ,
2210 2123 2344 2175 Eva-

779 2229 954 2293 grium
984 2234 1037 2276 et
1081 2223 1362 2292 Didymum
1389 2263 1404 2287 ,
1439 2221 1527 2290 qui
1563 2220 1874 2274 Graecanica
1916 2219 2236 2287 reﬁngentes
2282 2219 2344 2266 li-

789 2328 1029 2385 guienta,
1071 2327 1122 2369 et
1165 2318 1279 2385 ipsa
1329 2315 1440 2368 haec
1485 2331 1733 2381 corpora,
1798 2314 1992 2380 quibus
2049 2312 2340 2379 cingimur,

784 2411 947 2463 stulte
974 2409 1229 2461 dixerunt
1280 2421 1384 2459 non
1424 2418 1746 2474 resurgere,
1777 2413 1832 2456 et
1880 2403 2187 2471 paradisum
2243 2402 2344 2454 sub

780 2518 993 2554 sensum
1032 2515 1132 2552 nou
1171 2505 1366 2552 cadere
1395 2535 1409 2558 ,
1447 2513 1545 2550 nec
1593 2513 1621 2548 a
1672 2496 1781 2550 Deo
1827 2510 1968 2559 esse,
2009 2504 2061 2547 et
2101 2495 2154 2547 in
2187 2508 2348 2547 carne

783 2611 889 2647 non
922 2595 1212 2645 formatum
1251 2591 1418 2644 fuisse
1458 2590 1722 2642 Adamum
1751 2629 1765 2651 ,
1795 2599 1848 2643 et
1878 2589 2177 2655 punitiOuis
2206 2588 2347 2640 l'utu-

783 2703 900 2740 rum
937 2700 1053 2738 esse
1087 2687 1266 2744 tinem,
1297 2693 1350 2736 et
1379 2682 1677 2735 dazmonttm
1716 2680 1782 2732 ad
1830 2689 2026 2733 statum
2062 2679 2345 2747 pristinum

781 2780 1203 2842 restitutionem,
1235 2788 1286 2831 et
1316 2778 1449 2830 alias
1482 2776 1795 2829 innumeras
1829 2774 2168 2827 delirantium
2199 2774 2349 2828 blas-

786 2873 1046 2940 lihemias.

854 2964 1018 3015 Sexta
1070 2971 1244 3015 autem
1292 2960 1392 3014 sub
1437 2959 1786 3011 Constantino
1830 2956 2102 3024 Pogonato
2165 2960 2350 3012 habita

788 3051 888 3105 fuit
912 3051 1405 3118 ConstantinOpoli,
1441 3057 1632 3100 contra
1663 3049 2005 3100 Theodorum
2041 3049 2348 3117 episcopum

785 3144 1046 3206 Pharani,
1097 3144 1389 3197 llonorium
1453 3142 1669 3204 Romae,
1719 3142 1918 3211 Cyrtun
1975 3141 2348 3204 Alexandriae,

2025 452 2303 512 THEOD.
2340 444 2745 507 BALSAMON

3891 438 3999 501 530

2517 560 2583 612 'H
2615 559 2671 611 δὲ
2701 557 2863 628 τρίτη
2891 560 2949 608 ἐν
2992 555 3199 623 Ἐφέσῳ
3229 553 3322 605 ἐπὶ
3350 552 3630 606 Θεοδοσίου
3667 552 3763 605 τοῦ
3800 554 3999 622 μικροῦ

2437 653 2578 706 κατὰ
2600 651 2896 720 Νεστνορίου
2924 648 3017 700 τοῦ
3048 646 3503 716 ἁνθρωπολάτρου
3530 646 3622 697 τοῦ
3649 646 3739 697 τὸν
3765 645 4004 717 Χριστὸν

2433 742 2709 801 δυσσεϐῶς
2735 738 3070 810 διαιροῦντος
3101 739 3196 790 καὶ
3234 737 3683 803 κατατέμνοντος,
3726 738 3820 788 καί
3847 736 4005 804 ψιλὸν

2436 834 2722 904 ἄνθρωπον
2755 833 2916 886 αὑτὸν
2941 830 3079 884 εἶναι
3114 831 3384 899 λέγοντος,
3413 831 3507 883 καὶ
3537 831 3595 882 οὐ
3627 829 3760 881 Θεὸν
3796 846 3998 899 σεσαρο

2441 925 2687 995 κωμένον
2710 941 2725 956 ο
2757 926 2851 975 καὶ
2881 923 2975 975 δύο
3004 922 3172 984 υἱοὺς,
3201 921 3293 972 καὶ
3316 921 3640 982 ὑποστάσεις
3663 919 3756 971 δύο
3777 922 3871 972 ἐπὶ
3900 919 3998 971 τοῦ

2438 1019 2554 1079 ἑνὸς
2603 1016 2837 1086 Χριστοῦ
2889 1013 2982 1066 τοῦ
3026 1013 3160 1065 Θεοῦ
3205 1012 3655 1082 δογματίζοντος,
3699 1013 3819 1065 ὅθεν
3865 1012 4004 1081 μηδὲ

2439 1109 2720 1172 Θεοτόκον,
2765 1108 2899 1160 ἀλλὰ
2939 1105 3300 1176 Χριστοτὸκον
3320 1105 3677 1174 ὀνομάζοντος
3709 1104 3804 1172 τὴν
3833 1106 4005 1174 ὑπερ-

2439 1202 2602 1266 αγίαν
2650 1201 2921 1268 Παρθένον
2967 1198 3204 1267 Μαρίαν,
3251 1197 3347 1264 τὴν
3392 1196 3658 1248 τεκοῦσαν
3698 1197 3861 1249 αὐτὴν
3913 1197 4006 1248 τὸν

2438 1293 2569 1345 Θεὸν
2595 1293 2684 1344 τὸν
2719 1294 2921 1360 Κύριον
2953 1292 3109 1360 ἡμῶν
3150 1291 3355 1358 Ἰησοῦν
3379 1290 3636 1358 Χριστόν.

2522 1383 2581 1435 'll
2625 1384 2680 1435 δὲ
2721 1387 2952 1452 τετάρτη
2985 1387 3041 1435 ἐν
3082 1381 3382 1449 Χαλκηδόνι
3430 1383 3522 1432 ἐπὶ
3553 1381 3873 1450 Μαρκιανοῦ
3911 1382 4004 1434 τοῦ

2440 1473 2831 1526 εὐσεϐεστάτου
2877 1472 3178 1542 βασιλέως,
3221 1473 3312 1523 τοῦ
3360 1472 3611 1540 γαμϐροῦ
3662 1472 3748 1522 ἐπ’
3798 1472 4005 1542 αδελφῇ

2442 1566 2724 1617 Θεοδοσίου
2755 1565 2848 1616 τοῦ
2885 1564 3080 1632 μικροῦ
3116 1564 3251 1632 (55),
3283 1566 3421 1615 κατά
3457 1564 3744 1632 Διοσκόρου
3775 1564 3870 1613 καὶ
3901 1563 4008 1614 Εὐ-

2441 1659 2658 1728 τυχοῦς,
2692 1660 2799 1710 τῶν
2833 1659 2929 1727 τὴν
2962 1656 3377 1726 ἐνανθρώπησιν
3413 1655 3506 1709 τοῦ
3539 1656 3672 1708 Θεοῦ
3704 1663 3796 1708 καὶ
3824 1658 4012 1725 Σωτῆο

2447 1771 2534 1820 ρος
2561 1752 2719 1821 ἡμῶν
2762 1751 2935 1818 Ἰησοῦ
2964 1750 3202 1821 Χριστοῦ
3231 1751 3288 1802 ὲν
3319 1750 3589 1819 φαντασία
3619 1749 3873 1816 γενέσθαι
3905 1767 4009 1817 μυ-

2446 1845 2876 1912 θολογησάντων,
2907 1844 2997 1894 καὶ
3029 1845 3087 1894 ὲν
3127 1845 3224 1912 μιᾷ
3250 1842 3409 1913 φύσει
3440 1843 3602 1894 αὑτὸν
3633 1842 3900 1909 ὑπάρχειν
3927 1843 4014 1892 λε-

2448 1936 2669 2004 γόντων,
2707 1938 2798 1988 καὶ
2830 1936 3208 2004 προνεμόντων
3241 1937 3303 2003 τῇ
3337 1935 3550 2003 θεότητι
3582 1933 3652 1984 τὰ
3683 1932 4011 2002 παθήματα.

2525 2024 2589 2078 'H
2628 2026 2682 2078 δὲ
2719 2027 2938 2096 πέμπτη
2963 2067 2976 2090 ,
3011 2027 3100 2078 ἐπὶ
3145 2025 3519 2077 Ἰουστινιανοῦ
3549 2026 3643 2078 τοῦ
3673 2026 3929 2093 Μεγάλου
3960 2026 4017 2077 ὲν

2447 2119 3014 2171 Κωνσταντινουπόλει
3033 2118 3171 2170 κατὰ
3192 2117 3283 2171 τοῦ
3309 2120 3658 2187 παράφρονος
3681 2118 4016 2187 Ὧριγένους,

2448 2212 2719 2280 Εύαγρίου
2747 2230 2804 2264 τε
2836 2213 2929 2264 καὶ
2959 2211 3215 2280 Διδύμου,
3245 2210 3354 2262 τῶν
3387 2211 3485 2272 τὰς
3529 2210 3851 2278 Ἑλληνικὰς
3886 2210 4022 2262 ἁνα-

2447 2305 2806 2373 πλασαμένων
2837 2305 3182 2373 μυθοποιίας,
3214 2305 3306 2356 καὶ
3334 2305 3470 2356 αὐτὰ
3504 2304 3569 2356 τά
3603 2302 3831 2372 σώματα
3859 2301 3896 2354 ἃ.
3923 2302 4021 2354 νῦν

2447 2397 2811 2467 περικείμεθα
2844 2397 3087 2461 ἀνοήτως
3117 2397 3382 2448 είπόντων
3419 2396 3495 2465 μὴ
3527 2395 3848 2448 ἀνίστασθαι
3874 2413 3886 2426 ·
3925 2398 4022 2447 καὶ

2449 2492 2775 2560 παράδεισον
2804 2490 3058 2558 αἰσθητὸν
3092 2489 3166 2558 μὴ
3200 2489 3452 2556 γενέσθαι
3484 2492 3548 2541 ὲκ
3578 2490 3672 2541 τοῦ
3703 2489 3836 2541 Θεοῦ
3876 2490 4020 2557 μήτε

2449 2585 2624 2638 εἶναι’
2661 2587 2753 2638 καὶ
2784 2587 2839 2636 ὲν
2881 2587 3042 2652 σαρκὶ
3083 2585 3154 2651 μὴ
3193 2583 3496 2650 πλασθῆναι
3531 2584 3620 2634 τὸν
3672 2584 3844 2653 Ἀδάμ
3868 2602 3881 2614 ·
3923 2587 4022 2636 καὶ

2448 2679 2601 2740 τέλος
2633 2676 2771 2730 εἷναι
2801 2679 2897 2746 τῆς
2927 2678 3201 2737 κολάσεως
3220 2716 3232 2739 ,
3282 2679 3374 2729 καὶ
3405 2676 3671 2742 δαιμόνων
3719 2680 3797 2738 είς
3828 2679 3888 2728 τὸ
3917 2680 4022 2745 ἁρ-

2449 2772 2602 2841 χαῖον
2626 2769 3088 2831 ἀποκατάστασιν,
3113 2770 3206 2820 καὶ
3231 2769 3422 2837 ἑτέρας
3453 2772 3651 2838 μυρίας
3672 2769 4025 2838 βλασφημίας

2450 2864 2518 2933 λη
2527 2864 2668 2931 ρωδη
2679 2864 2906 2916 σάντων.
3052 2935 3056 2940 .

2531 2957 2594 3009 Ἢ
2631 2958 2686 3010 δὲ
2725 2957 2858 3026 ἓκτη
2891 2959 2981 3008 ὲπ¹ι
3012 2958 3416 3011 Κωνσταντίνου
3445 2957 3539 3010 τοῦ
3580 2957 3922 3024 Πωγωνάτου
3970 2959 4030 3009 ὲν

2453 3053 3018 3105 Κωνσταντινουπό).ει
3056 3053 3204 3105 κατὰ
3246 3051 3522 3121 Θεοδώρου
3567 3052 3661 3105 τοῦ
3699 3056 3795 3120 τῆς
3839 3055 4028 3120 Φαρᾶν

2459 3147 2776 3207 ἐπισκόπου,
2821 3145 3074 3213 Ὀνωρίου
3115 3145 3352 3214 Ῥώμης,
3387 3145 3572 3214 Κύρου
3596 3145 4026 3215 Ἀλεξανδρείας,

790 3237 1152 3305 Sergiumque
1199 3245 1253 3286 et
1297 3233 1587 3303 Pyrrhum,
1616 3231 1838 3284 Paulum
1873 3243 1924 3285 et
1965 3231 2203 3296 Petrum,
2255 3232 2341 3298 qui
2379 3239 2464 3308 (μ

2379 3251 2422 3308 (ζ
2452 3238 2679 3305 Σεργίου
2719 3255 2778 3290 τε
2826 3238 2920 3289 καὶ
2966 3236 3201 3308 Πύρρου,
3251 3237 3462 3289 Παύλου
3506 3238 3598 3290 καὶ
3647 3239 3879 3307 Πέτρου,
3921 3239 4031 3290 τῶν

791 3327 1042 3381 Ecclesia:
1079 3324 1691 3392 Constantiuopolitanm
1725 3325 2056 3390 praefuerunt
2083 3361 2097 3378 .
2129 3334 2184 3376 et
2217 3322 2349 3375 alios

785 3420 877 3487 qui
910 3432 1093 3470 eorum
1129 3418 1371 3469 ltzeresim
1409 3425 1757 3468 renovarunt.
1794 3415 1855 3467 lli
1888 3416 2030 3467 enim
2064 3415 2170 3468 Deo
2197 3429 2355 3482 repu-

788 3520 1016 3577 gnantes
1051 3521 1102 3563 et
1134 3508 1476 3576 nequissimi,
1509 3522 1629 3560 cum
1663 3507 1944 3560 Dominum
1994 3517 2234 3561 nostrum
2269 3506 2356 3561 le-

781 3619 902 3655 sum
939 3602 1218 3655 Christum
1250 3601 1412 3653 etiam
1451 3609 1572 3667 post
1600 3600 2030 3652 incarnationem
2068 3616 2226 3652 unam
2258 3616 2354 3651 vo-

787 3693 1044 3744 luntatem
1085 3701 1137 3743 et
1183 3704 1340 3741 unam
1374 3688 1740 3756 operationem
1792 3690 1989 3742 habere
2033 3691 2353 3754 docuerunt,

794 3787 861 3837 ab
886 3784 986 3838 hac
1019 3786 1225 3853 synodo
1251 3783 1594 3836 anathemate
1626 3783 2088 3849 percutiebantur.
2112 3783 2357 3839 Canoues

791 3889 967 3931 autem
1003 3893 1100 3930 nec
1138 3892 1165 3929 a
1204 3878 1389 3946 quinta
1437 3877 1641 3944 synodo
1670 3876 1770 3931 sub
1805 3876 2114 3930 .Iustiuiano
2167 3877 2358 3947 Magno

795 3970 973 4023 habita
1013 3987 1108 4023 nec
1140 3971 1204 4022 ab
1246 3970 1344 4023 hac
1380 3980 1528 4022 sexta
1559 3971 1661 4024 sub
1691 3969 2047 4024 Constantino
2082 3969 2356 4040 Pogonato

790 4072 1117 4129 coiigregata
1148 4063 1275 4114 editi
1303 4061 1688 4114 fuere.Dicitur
1713 4070 1890 4116 autem
1919 4072 1973 4116 et
1999 4064 2084 4116 illa
2106 4066 2204 4117 sub
2222 4063 2360 4116 Cou-

785 4156 1027 4209 etantino
1041 4152 1315 4222 Pogonato
1339 4156 1575 4224 synodus
1591 4163 1762 4220 sexta,
1777 4165 1831 4209 et
1855 4156 1966 4210 hac
1987 4171 2360 4226 przesens,quae

794 4249 895 4299 sub
932 4247 1040 4302 ﬁlio
1092 4249 1209 4316 ejus
1261 4249 1607 4302 lthinotmeto
1655 4247 1860 4312 habita.
1910 4259 2063 4303 sexta
2105 4264 2355 4317 quoque,

793 4341 912 4406 quia
956 4341 1125 4394 auitae
1160 4351 1217 4393 ut
1247 4357 1350 4393 una
1384 4343 1490 4394 visa
1521 4351 1604 4394 est
1631 4341 1867 4412 synodus
1892 4381 1908 4407 ,
1943 4343 2197 4410 quoniam
2245 4344 2359 4396 haec

791 4442 913 4500 post
938 4433 1125 4502 viginti
1160 4443 1360 4500 septem
1397 4449 1565 4487 annos
1597 4435 1776 4486 habita
1811 4433 1930 4498 fuit,
1963 4444 2018 4487 et
2045 4433 2124 4486 vel
2170 4447 2358 4487 omnes

789 4525 1084 4578 verisimile
1140 4534 1223 4577 est
1277 4523 1359 4577 vel
1418 4524 1610 4577 saltem
1670 4523 1929 4593 plurimos
1975 4525 2352 4594 episcoporum

2457 3330 2763 3394 γενομένων
2826 3328 3449 3389 Κωνσταντινουπόλεως
3520 3332 3871 3390 ἐπισκόπων,
3936 3332 4034 3380 καὶ

2457 3421 2660 3489 ἐτέρων
2689 3420 2794 3471 τῶν
2829 3420 2924 3490 τὴν
2950 3421 3158 3487 αἵρεσιν
3187 3421 3367 3472 αὐτῶν
3395 3422 3866 3474 άνακαινισάντων
3889 3436 3904 3449 ·
3939 3417 4031 3475 οὗ·

2457 3527 2538 3562 τοι
2568 3510 2674 3576 γάρ
2701 3512 2749 3561 οί
2779 3509 3034 3579 θεομάχοι
3065 3511 3156 3562 καὶ
3180 3511 3532 3562 άσεὸἐστατοι
3558 3510 3866 3579 ἒνθελημα,
3899 3513 4035 3579 μίαν

2458 3602 2741 3670 ἐνέργειαν
2783 3600 2926 3670 ἔχειν
2960 3602 3049 3653 τὸν
3094 3601 3296 3672 Κύριον
3341 3603 3496 3670 ἡμῶν
3541 3601 3749 3672 Ἰησοῦν
3792 3603 4034 3671 Χριστὸν

2460 3694 2556 3746 καὶ
2588 3693 3005 3762 μετασάρκωσιν
3039 3695 3463 3763 δογματίσαντες
3487 3735 3501 3758 ,
3537 3697 3641 3747 ὑπο
3676 3695 3776 3763 τῆς
3811 3696 4034 3746 συνόδου

2461 3787 2661 3856 ταύτης
2689 3786 3222 3857 ἀναθεματίσθησαν.
3256 3788 3494 3849 Κανόνες
3517 3787 3572 3839 δὲ
3602 3786 3726 3839 οὔτε
3757 3789 3909 3856 παρὰ
3936 3788 4037 3856 τῆς

2462 3880 2717 3949 πέμπτης
2754 3881 2968 3933 συνόδου
2999 3879 3095 3948 τῆς
3121 3879 3214 3932 ἐπὶ
3251 3879 3628 3934 Ἰουστινιανοῦ
3658 3880 3752 3932 τοῦ
3781 3879 4036 3943 Μεγάλου

2463 3972 2781 4042 γενομένης,
2837 3973 2960 4024 οὔτε
3008 3971 3139 4042 παρ’
3189 3973 3358 4040 αὐτῆς
3408 3963 3506 4041 τῆς
3549 3972 3736 4042 ἕκτης,
3792 3974 3893 4040 τῆς
3946 3976 4038 4025 ἐπὶ

2468 4063 2876 4118 Κωνσταντίνου
2901 4063 2993 4114 τοῦ
3020 4065 3358 4131 Πωγωνάτου
3424 4066 3926 4137 συναθροισθείσης,
3955 4068 4038 4131 E5-

2462 4151 2744 4222 ετέθησαν.
2770 4153 3000 4221 Λέγεται
3045 4154 3102 4205 δὲ
3150 4157 3244 4206 καὶ
3279 4157 3309 4223 ή
3359 4156 3449 4207 ἐπὶ
3491 4157 3904 4210 Κωνσταντίνου
3945 4159 4036 4211 τοῦ

2463 4248 2797 4313 Πωγωνάτου
2829 4247 3044 4308 σύνοδος
3067 4247 3222 4314 ἕκτη,
3259 4251 3354 4301 καὶ
3384 4251 3414 4319 ἡ
3447 4251 3719 4320 παροῦσα,
3752 4253 3782 4320 ἡ
3816 4253 3907 4303 ἐπὶ
3943 4253 4036 4305 τοῦ

2463 4337 2577 4388 υἱοῦ
2611 4336 2774 4390 αὐτοῦ
2811 4337 2904 4388 τοῦ
2959 4337 3311 4408 Ῥινοτμήτου
3345 4342 3610 4410 γενομένη
3635 4380 3650 4404 ,
3690 4343 3830 4411 ἕκτη
3851 4361 3864 4373 ·
3905 4345 4039 4396 διότι

2467 4431 2544 4492 ὡς
2581 4429 2676 4499 μία
2708 4429 2892 4496 ἔδοξαν
2927 4429 3142 4492 σύνοδος
3173 4432 3265 4483 καὶ
3300 4433 3644 4503 ἀμφότεραι,
3676 4434 3764 4487 διὰ
3803 4436 3864 4487 τὸ
3901 4440 4041 4505 μετὰ

2465 4520 2780 4571 εἰκοσιεπτά
2810 4519 3036 4588 χρόνους
3071 4519 3279 4590 ταύτην
3329 4522 3620 4586 γενέσθαι,
3655 4525 3908 4588 καὶτοὺς
3944 4529 4041 4579 αὑ-

786 4618 1008 4671 eosdem
1045 4617 1210 4670 fuisse
1253 4616 1345 4685 qui
1378 4615 1465 4669 hic
1517 4625 1573 4670 et
1616 4618 1706 4685 qui
1755 4616 1826 4670 ibi
1863 4626 2255 4685 convenerunt,
2304 4629 2356 4672 et
2391 4600 2435 4657 D

2391 4600 2435 4657 D
2463 4612 2587 4674 τοὺς
2618 4612 2744 4674 ἴσως
2767 4608 2928 4675 εἶναι,
2951 4613 2982 4680 ἢ
3009 4614 3134 4674 τοὺς
3156 4613 3403 4676 πλείονας
3423 4615 3529 4666 τῶν
3551 4617 3892 4682 ἐπισκόπων,
3918 4621 4040 4681 τοὺς

786 4712 933 4779 quod
983 4717 1210 4779 prepter
1249 4709 1464 4762 easdem
1527 4709 1852 4776 quaestiones
1907 4710 2202 4781 eademque
2262 4711 2359 4766 do-

789 4812 966 4871 gmata
992 4801 1300 4871 congregati
1333 4811 1479 4854 sunt.

1323 4982 1484 5055 153
1515 4982 1741 5038 CANON
1789 4985 1831 5039 ιι

791 5113 814 5146 ‹
878 5096 990 5150 Iloc
1037 5113 1252 5166 quoque
1297 5098 1422 5152 huic
1453 5109 1648 5154 sanctae
1669 5103 1872 5171 synodo
1910 5102 2267 5170 pulcherrime
2305 5112 2360 5156 et

864 5206 885 5239 ι
925 5189 1304 5241 honestissime
1363 5191 1602 5259 placuit,
1652 5204 1708 5245 ut
1754 5195 1821 5247 ab
1871 5193 1969 5248 hoc
2023 5211 2164 5249 nunc
2227 5205 2357 5250 tem-

870 5299 888 5328 ε
930 5296 1058 5347 pure
1087 5280 1363 5350 deinceps,
1395 5284 1459 5336 ad
1505 5286 1801 5338 animarum
1851 5285 2108 5340 medelam
2151 5297 2204 5339 ct
2236 5302 2362 5356 per-

867 5391 885 5423 ‹
934 5374 1295 5427 turbationum
1334 5377 1667 5430 curationem
1699 5377 1835 5430 Ιίνιιιὶ
1876 5379 2204 5448 stabilesque
2244 5395 2356 5433 ma-

2463 4702 2700 4756 ὲνταῦθα
2737 4706 2896 4756 κάκεῖ
2926 4702 3446 4772 συναθροισθέντας,
3485 4709 3577 4760 καὶ
3616 4710 3746 4778 περὶ
3781 4711 3892 4763 τῶν
3941 4715 4038 4764 αὑ-

2460 4798 2568 4850 τῶν
2617 4797 2942 4866 ζητημάτων
2998 4813 3055 4850 τε
3104 4799 3198 4850 καὶ
3242 4797 3530 4870 δογμάτων
3575 4801 3674 4873 τὴν
3727 4805 4040 4859 συνέλευσιν

2457 4889 2872 4959 ποιησαμένους.
3223 4955 3232 4964 ,

3063 4987 3305 5041 ΚᾹΝΩΝ
3344 4985 3418 5042 Β⁴.

2467 5117 2486 5151 ι
2529 5085 2712 5164 Ἐοοεε
2752 5097 2806 5152 δε
2858 5111 2951 5153 και
2985 5102 3143 5153 τοῦτο
3174 5105 3237 5171 τῇ
3271 5105 3400 5175 ἁγίᾳ
3446 5106 3620 5180 ταύτῃ
3657 5110 3868 5182 συνόδῳ
3913 5114 4042 5167 κάλ-

2539 5213 2556 5242 ι
2599 5193 2754 5245 λιστά
2783 5211 2838 5245 τε
2863 5193 2956 5247 καὶ
2981 5197 3394 5262 σπουδαιότατα,
3425 5198 3566 5254 ὥστε
3599 5203 3783 5269 μένειν
3809 5208 3907 5258 καὶ
3941 5211 4043 5260 ἀπὸ

2543 5304 2561 5336 ι
2601 5286 2694 5367 τοῦ
2730 5286 2821 5338 νῦν
2857 5286 3103 5354 βεϐαίους
3138 5293 3231 5341 καὶ
3261 5291 3522 5360 ἀσφαλεῖς
3559 5295 3695 5364 πρὸς
3725 5295 3921 5366 ψυχῶν
3957 5299 4039 5352 θε.

2543 5399 2560 5430 ι
2609 5380 2835 5449 ραπείαν
2865 5379 2960 5433 καὶ
3011 5382 3253 5452 ἰατρείαν
3285 5383 3471 5438 παθῶν
3503 5387 3630 5451 τοὺς
3663 5389 3771 5442 ὑπὸ
3799 5391 3912 5444 τῶν
3940 5397 4042 5463 ιςεἎ

2012 5537 2202 5599 Guill.
2237 5537 2566 5616 Beveregii
2607 5515 2798 5598 auiae.

865 5681 976 5751 (55)
1013 5679 1126 5734 Τοῦ
1157 5683 1419 5750 γαμϐροῦ
1468 5683 1559 5734 ἐπ’
1593 5681 1828 5752 ἀδελφῇ
1883 5683 2207 5736 Θεοδοσίου
2261 5682 2368 5734 τοῦ

702 5748 709 5764 ⁵
786 5748 1029 5824 μικροῦ.
1089 5748 1393 5824 Μιιινῑίυιιυε
1424 5748 1967 5823 ΤΙιευάοειὰῄΠιὶοιή
2003 5771 2066 5808 ex
2103 5771 2168 5807 eo
2192 5753 2367 5808 aﬂiuis

794 5824 918 5903 fuit,
957 5823 1099 5892 quod
1133 5824 1500 5906 Pulcheriaui,
1537 5841 1784 5905 sororem
1844 5827 1986 5894 ejus,
2024 5829 2077 5878 in
2121 5826 2363 5893 impera-

793 5906 983 5950 tt‘tcem
1012 5906 1330 5965 assumpsu,
1363 5904 1578 5952 etiamsi
1627 5913 1750 5951 cum
1801 5912 1862 5953 ea
1909 5913 2019 5951 rem
2081 5911 2360 5966 nunquam

2479 5680 2752 5762 habuerit.
2811 5681 3112 5762 Evagrius)
3166 5683 3358 5762 γνωμῃ
3410 5689 3776 5762 -Πουλχερίας,
3830 5697 3898 5762 ἦν
3956 5683 4040 5748 καὶ

2475 5753 2779 5831 ἐσῳκίσατο
2823 5753 2920 5831 μὲν
2952 5753 3022 5815 ὡς
3073 5753 3429 5831 βασιλίὸαξού
3471 5753 3780 5831 μήν’ἕγνω,
3831 5753 4044 5819 ἆείπαι-

2470 5823 2557 5906 ξος
2587 5825 2804 5906 εκείνης
2848 5826 3040 5906 μέχρις
3076 5823 3279 5897 γήρως
3323 5823 3609 5902 μεινάσης.
3654 5823 3866 5906 Ἐνίὶεη
3903 5835 4042 5890 Hist.

2471 5892 2672 5947 Eccita.
2694 5892 2735 5948 l.
2766 5909 2825 5960 ιι,
2852 5909 2972 5963 cap.
3007 5895 3058 5950 1.
