4238 6464
784 376 853 435 53
869 372 886 435 ί

2045 375 2324 435 ἹῊΕΟΙ).
2356 378 2765 439 BALSAMON

3938 376 4053 446 532

779 494 1053 551 quaquam
1105 480 1474 553 promovendi,
1536 482 1630 536 sed
1671 483 1725 536 in
1755 481 1945 537 eodem
1987 496 2096 551 quo
2155 481 2407 544 inventi;

2466 487 2732 556 μηδαμῶς
2766 488 2822 539 δ’)
2877 486 3050 555 ἑτέρῳ
3096 484 3301 555 μείζονι
3364 486 3561 557 βαομῷ
3607 488 4048 556 προκόπτοντες,

779 573 1003 629 fuerunt
1046 572 1238 627 ordine
1268 562 1671 641 permanentes.
1713 573 1776 627 Et
1824 575 1939 630 haec
1968 574 2184 643 quidem
2222 589 2354 628 con-

780 666 1083 718 stituerunt
1110 665 1250 728 ﬁeri,
1277 674 1329 718 et
1358 665 1427 719 ob
1474 660 1869 721 ltuttt:tniiatem
1913 676 1968 721 et
2000 665 2356 722 commisera-

782 756 1005 817 tionetn,
1064 765 1191 809 ante
1230 769 1438 817 eorum,
1498 765 1554 808 ut
1608 755 1811 808 dictum
1859 766 1960 819 est,
2004 765 2353 809 conventum.

780 846 909 901 Post
937 846 1075 901 hanc
1107 855 1284 900 autem
1324 846 1766 901 constitutionem
1809 855 1862 901 et
1897 863 2159 902 canoncm
2220 848 2356 901 nihil

781 937 1051 1002 ejusmodi
1109 938 1223 992 iieri
1281 937 1621 1005 permittunt,
1670 939 1763 992 sed
1800 946 1854 991 et
1895 938 2066 1002 illum,
2091 938 2181 1007 qui
2214 938 2358 993 binis

783 1028 1095 1098 implicatus
1131 1037 1214 1083 est
1244 1029 1468 1095 nuptiis,
1523 1038 1645 1098 post
1688 1029 2041 1097 baptismum,
2075 1040 2168 1085 aut
2206 1030 2359 1100 pellis
2390 1042 2401 1076 ι

782 1134 901 1174 cem
923 1120 1139 1181 retinet,
1170 1130 1262 1172 aut
1288 1118 1527 1181 viduam,
1557 1127 1651 1171 aut
1683 1120 1751 1172 ab
1775 1119 1883 1173 alio
1927 1119 2230 1187 dimissam,
2265 1130 2361 1173 aut

785 1212 1150 1276 meretricem,
1194 1221 1287 1264 aut
1330 1225 1563 1274 servam,
1607 1218 1702 1263 aut
1730 1211 2000 1266 scenicam
2038 1210 2208 1275 ducit,
2253 1226 2356 1264 non

784 1315 945 1369 posse
976 1302 1314 1370 episcopum,
1363 1310 1455 1353 aut
1482 1302 1884 1370 presbyterum,
1919 1311 2013 1355 aut
2037 1301 2357 1366 diaconum,

785 1401 882 1447 aut
909 1392 1337 1463 hypodiaconum
1370 1393 1505 1459 ﬁeri,
1562 1391 1719 1461 juxta
1763 1394 2032 1449 decimum
2068 1395 2359 1464 septimum

784 1494 841 1539 ct
870 1483 1137 1538 decimum
1171 1492 1423 1539 octavum
1468 1485 1839 1555 apostolorum
1885 1502 2126 1542 canones
2168 1487 2360 1543 decer-

787 1587 942 1630 nunt.

1396 1664 1622 1721 CANON
1661 1666 1747 1722 ιν.

795 1773 814 1807 ι
847 1755 903 1810 Si
940 1757 1062 1825 quis
1094 1757 1384 1825 episc0pus
1424 1756 1505 1810 vel
1537 1759 1818 1827 presbyter
1860 1760 1944 1813 vel
1979 1759 2243 1816 diaconus
2278 1759 2358 1813 vel

862 1865 881 1896 ε
926 1845 1291 1901 subdiaconus
1323 1846 1404 1902 vel
1436 1847 1604 1902 lector
1644 1848 1726 1902 vel
1758 1859 1949 1905 cantor
1980 1853 2060 1906 vel
2100 1852 2361 1907 ostiarius

866 1956 884 1986 ι
932 1954 1056 1994 cum
1086 1939 1312 1994 muliere
1354 1939 1465 1994 Deo
1503 1940 1747 1994 dedicata
1792 1943 2006 2007 coierit,
2040 1945 2360 2013 deponatur,

865 2048 883 2078 ι
932 2040 985 2082 ιιι
1016 2030 1106 2097 qui
1137 2030 1338 2084 Christi
1374 2046 1584 2100 sponste
1621 2032 1811 2087 vitium
1839 2034 2078 2089 attulerit
2109 2052 2123 2089 :
2158 2035 2243 2090 sin
2271 2052 2366 2090 au—

869 2140 888 2172 (
934 2129 1039 2175 tem
1076 2120 1267 2187 laicus,
1298 2130 1629 2192 segregetur.
1658 2141 1676 2175 ι

858 2211 1055 2268 BALS.
1091 2214 1228 2268 Ante
1246 2214 1425 2269 omnia
1457 2224 1581 2269 nota
1608 2230 1673 2269 ex
1699 2218 1800 2270 hoc
1826 2219 2075 2286 praesenti
2117 2233 2346 2282 canone,

788 2309 933 2380 quod
964 2309 1091 2363 olim
1127 2319 1409 2362 cantorum
1457 2310 1609 2371 ordo,
1645 2326 1751 2363 non
1785 2326 1848 2364 ex
1873 2311 2140 2366 eunuchis
2165 2310 2363 2377 solum,

792 2406 851 2453 ut
890 2398 1050 2453 hodie
1080 2397 1161 2462 lit,
1210 2398 1660 2464 constituebatur,
1722 2400 1817 2455 sed
1856 2408 1912 2456 et
1937 2416 2005 2455 ex
2034 2402 2098 2455 iis
2137 2401 2227 2470 qui
2261 2416 2363 2454 non

789 2497 947 2545 erant
985 2488 1273 2557 ejusmodi.
1316 2489 1604 2546 Lectorum
1634 2502 1813 2547 autem
1851 2492 2008 2558 ordo,
2036 2508 2145 2547 non
2181 2500 2237 2546 ut
2264 2492 2364 2561 ipsi

791 2590 1097 2646 cantarent,
1130 2584 1461 2638 constitutus
1504 2593 1607 2648 est,
1648 2588 1743 2639 sed
1784 2594 1839 2638 ut
1870 2586 1923 2638 in
1958 2583 2194 2639 amboue
2226 2584 2362 2639 divi-

730 2688 734 2694 ·
790 2686 891 2726 nas
925 2672 1235 2743 Scripturas
1273 2673 1533 2745 legerent,
1571 2684 1689 2743 post
1740 2674 1950 2729 ﬁnitum
1999 2673 2362 2743 Matutinum;

790 2766 933 2821 unde
973 2766 1138 2821 etiam
1184 2768 1415 2825 lectores
1445 2768 1809 2839 appellantur.
1849 2766 2160 2823 Dicitenim
2199 2767 2367 2837 depo-

791 2860 997 2915 nendos
1032 2868 1305 2925 cantores,
1330 2860 1469 2915 sicut
1498 2869 1552 2915 et
1593 2859 1829 2929 reliquos
1854 2858 2103 2926 clericos,
2126 2858 2221 2929 qui
2242 2873 2305 2913 cu
2319 2873 2364 2911 .n

758 2952 1112 3027 _mulieribus
1148 2952 1256 3007 Deo
1290 2953 1625 3008 consecratis
1655 2961 1853 3007 coeunt
1892 2970 1905 3006 :
1954 2960 2007 3006 et
2041 2966 2149 3005 non
2192 2950 2364 3005 solum

790 3044 846 3097 in
901 3056 995 3097 eos
1031 3043 1449 3110 animadvertit,
1518 3043 1611 3097 sed
1665 3043 1834 3097 laicos
1891 3043 2053 3096 etiam
2115 3042 2205 3108 qui
2260 3040 2367 3096 tale

2458 573 2661 648 ἀλλ’ἧς
2720 577 3025 647 εὑρέθησαν
3052 580 3305 646 μένοντες
3336 578 3559 640 τάξεως.
3596 580 3706 632 Καὶ
3745 581 3919 632 ταῦτα
3948 581 4054 649 μὲν

2459 668 2812 738 προσέταξαν
2856 667 3136 736 γενέσθαι,
3172 668 3261 720 διὰ
3308 669 3362 721 δὲ
3397 670 3498 736 τὴν
3536 669 3959 737 φιλανθρωπίαν
3982 688 4047 721 τε

2460 760 2554 811 καὶ
2578 760 2948 827 συμπάθειαν,
2994 762 3099 829 πρὸ
3122 760 3223 828 τῆς
3263 761 3464 823 αὐτῶν,
3498 762 3573 821 ὡς
3598 762 3847 830 εἴρηται,
3887 779 4053 814 σονς-

2460 850 2719 912 λεύσεως.
2759 851 2994 902 Ἐκτοτε
3028 852 3085 903 δὲ
3113 852 3252 920 μετὰ
3283 853 3374 904 τον
3413 854 3541 921 ὅρον
3596 854 3793 905 τοῦτον
3826 856 3923 905 καὶ
3951 855 4052 905 τὶν

2459 942 2681 1004 κανόνα,
2738 944 2891 994 οὐδέν
2946 960 2997 993 τι
3054 943 3298 995 τοιοῦτον
3340 944 3589 1009 γίνεσθαι
3640 945 4046 1013 συγχωροῦσιν,

2460 1033 2597 1086 ἀλλὰ
2632 1033 2725 1085 καὶ
2780 1035 2871 1085 τὸν
2917 1032 3038 1085 δυσὶ
3089 1034 3291 1101 γάμοις
3353 1034 3742 1101 συμπλακέντα
3793 1035 3932 1100 μετά
3989 1035 4053 1085 το

2461 1123 2765 1192 βάπτισμα,
2794 1122 3127 1193 ἠπειλλακὴν
3140 1126 3504 1193 κτησάμενον,
3528 1124 3559 1193 ἢ
3586 1127 3763 1195 χήραν
3783 1126 3918 1177 λαῦό
3951 1142 4047 1185 τα.

2460 1214 2493 1282 ἢ
2529 1215 2658 1282 παρ’
2690 1214 2877 1281 ἐτέρου
2926 1214 3337 1283 ὲκῦεὸλημένην
3366 1214 3399 1285 ἢ
3436 1216 3693 1286 πόρνηνῆ
3748 1217 3977 1277 οἰκέτιν,
4013 1219 4048 1284 ἦ

2460 1305 2567 1358 τῶν
2606 1305 2699 1357 ἐπὶ
2762 1304 2991 1375 σκηνῆς,
3047 1307 3123 1374 μὴ
3156 1305 3422 1359 δύνασθαι
3460 1302 3601 1359 εἶναι
3625 1307 3948 1367 ἐπίσκοπον,
4013 1307 4047 1375 ἦ

2464 1394 2865 1465 πρεσϐύτερον,
2907 1394 2940 1463 ἢ
2973 1394 3298 1464 διάκονον,ἢ
3330 1395 3712 1460 ὐποδιάκονον,
3751 1396 3897 1449 κατά
3916 1396 4051 1455 τοὺς

2462 1485 2857 1546 ἀποστυλικοὺς
2930 1486 3193 1547 κανόνας,
3247 1485 3340 1538 τὸν
3412 1485 3880 1539 ἑπτακαιδέκατον
3953 1486 4053 1538 καὶ

2461 1576 2929 1631 ὀκτωκαιδέκατον
2950 1576 3300 1647 διορίζονται.

3098 1668 3341 1721 ΚΛΝΩΝ
3376 1668 3453 1722 Δ’.

2540 1780 2557 1809 ι
2610 1762 2676 1814 Εἰ
2709 1778 2795 1823 τις
2821 1761 3125 1825 ἐπίσκοπος
3156 1762 3187 1831 ἢ
3220 1761 3592 1832 πρεσϐύτερος
3627 1762 3660 1831 ἢ
3696 1761 3962 1822 διάκονος
4014 1763 4049 1828 ἢ

2545 1871 2563 1902 ι
2621 1854 2982 1916 ὐποδιάκονος
3036 1855 3069 1923 ἢ
3116 1853 3473 1923 ἀναγνώστης
3502 1854 3533 1922 ἢ
3564 1854 3831 1923 ψάλτηςῆ
3865 1858 4049 1924 θυρω-

2543 1968 2559 1995 ι
2617 1947 2729 2017 ρὸς,
2776 1948 2997 2014 γυναικὶ
3028 1948 3383 2017 ἀφιερωμένῃ
3415 1947 3493 2017 τῷ
3515 1946 3633 2016 Θεῷ
3672 1949 3916 2017 μιχθείη,
3948 1964 4052 2001 κα-

2545 2058 2561 2090 ι
2620 2038 2936 2110 θαιρεῑσθω,
2972 2040 3047 2097 ὡς
3077 2038 3176 2108 τὴν
3212 2038 3433 2109 νύμφην
3472 2038 3570 2091 τοῦ
3626 2040 3871 2110 Χριστοῦ
3919 2040 4048 2091 δια-

2544 2149 2562 2181 ι
2610 2129 2862 2199 φθείρας·
2890 2130 2936 2181 εἰ
2972 2128 3027 2181 δὲ
3052 2128 3265 2193 λαῖκὺς,
3301 2128 3669 2196 ἀφοριζέσθω.
3735 2149 3752 2180 ι

2536 2222 2735 2276 ΒΑΛΣ.
2782 2222 2895 2292 Πρὸ
2923 2221 3144 2275 πάντων
3180 2222 3487 2290 σημείωσαι
3513 2221 3621 2273 ἀπὸ
3645 2224 3738 2273 τοῦ
3776 2220 4051 2288 παρόντος

2469 2313 2691 2376 κανόνος
2725 2312 2806 2364 ὅτι
2840 2314 2900 2363 τὸ
2935 2310 3165 2363 παλαιὸν
3194 2311 3291 2363 οὐκ
3321 2312 3417 2363 ἀπ’
3472 2310 3743 2379 εὐνούχων
3775 2312 3938 2377 μόνον
3990 2311 4053 2361 τὸ

2467 2405 2576 2458 τῶν
2608 2402 2830 2473 ψαλτῶν
2880 2403 3067 2470 τάγμα
3131 2402 3441 2463 συνίστατο,
3506 2401 3685 2462 καθὼς
3716 2401 3926 2467 γίνεται
3964 2403 4053 2467 σή⁸

2473 2514 2664 2567 μερον,
2695 2494 2836 2549 ἀλλὰ
2867 2493 2963 2546 καὶ
2991 2493 3096 2545 ἀπὸ
3132 2494 3207 2562 μὴ
3226 2492 3505 2544 τοιούτοιν.
3531 2493 3605 2542 'l'6
3632 2494 3817 2559 τάγμα
3857 2492 3913 2543 δὲ
3934 2492 4051 2541 τῶν

2469 2586 2859 2654 ἀναγνωστῶν,
2900 2583 2962 2635 οὺ
2985 2582 3074 2636 διὰ
3115 2582 3438 2657 τὸεψάλλειν
3483 2584 3700 2645 αὐτοὺς,
3763 2582 4049 2649 ἐτυπὼθτς.

2470 2678 2610 2732 ἀλλὰ
2641 2676 2729 2730 διὰ
2779 2676 2839 2727 τὸ
2874 2673 3269 2742 ἀναγινώσκειν
3311 2674 3398 2726 ἐπ’
3443 2674 3694 2741 ἄμίωνος
3736 2674 3833 2734 τὰς
3891 2674 4051 2734 θείας

2471 2766 2695 2839 Γραφάς
2724 2766 2863 2836 μετά
2890 2766 2989 2837 τὴν
3025 2764 3288 2818 ἀπόλυσιν
3320 2763 3413 2818 τοῦ
3458 2764 3658 2833 ὄρθρου
3681 2777 3693 2789 ·
3746 2764 3802 2828 ἐξ
3842 2758 3901 2815 οὗ
3956 2766 4053 2816 καὶ

2469 2860 2821 2930 ἀναγνῶσται
2860 2857 3176 2912 καλοῦνται.
3204 2858 3341 2925 Φησὶ
3369 2857 3480 2925 γὰρ
3510 2854 3896 2925 καθαιρεῖσθαι
3915 2856 4049 2916 τοὺς

2466 2953 2676 3022 ψάλτας
2726 2952 2914 3021 ὥσπερ
2946 2952 3194 3012 καὶτοὺς
3224 2950 3447 3012 λοιποὺς
3499 2948 3796 3016 κληρικοῦς
3845 2965 4047 3017 μιγνυ-

2472 3049 2669 3116 μένους
2696 3046 2815 3105 ταίς
2842 3044 2917 3113 τῷ
2972 3043 3092 3112 θεῷ
3123 3042 3572 3113 ἀφιερωθείσαις·
3622 3043 3718 3093 καὶ
3767 3042 3831 3093 οὒ
3882 3042 4050 3110 μόνον

789 3133 918 3201 quid
974 3133 1199 3199 faciunt,
1252 3143 1520 3203 segregat.
1556 3132 1673 3194 Non
1719 3142 1805 3188 est
1844 3142 2025 3187 autem
2069 3147 2269 3186 novum
2317 3132 2407 3221 εἰ(

2468 3135 2696 3198 τούτους
2747 3135 2986 3199 κολάζει.
3042 3135 3176 3187 ἀλλὰ
3234 3134 3491 3197 καὶτοὺς
3524 3134 3746 3194 λαῖκοῦς
3795 3132 4053 3184 τοιοῦτόν

790 3227 1023 3283 clericus
1074 3239 1293 3297 propter
1349 3228 1453 3281 tale
1490 3226 1744 3283 delictum
1788 3229 2109 3295 deponatur.
2165 3226 2239 3279 Ex
2291 3224 2365 3279 25

790 3318 937 3373 enim
969 3333 1178 3373 canone
1226 3320 1545 3389 apostolico,
1594 3319 1757 3373 etiam
1808 3319 1900 3386 qui
1934 3316 2365 3386 qualemcunque

790 3410 1073 3466 mulierem
1143 3413 1416 3480 stupravit
1469 3410 1739 3475 clericus,
1793 3410 2130 3476 deponitur:
2196 3410 2366 3463 multo

789 3514 972 3557 autem
1007 3502 1179 3571 magis
1208 3506 1296 3569 qui
1328 3516 1576 3571 sponsam
1599 3502 1801 3557 Christi
1832 3512 1883 3557 et
1910 3517 2003 3555 vas
2023 3500 2130 3554 Deo
2151 3501 2367 3555 dedica-

793 3606 907 3651 tum
944 3596 1152 3666 polluit,
1184 3598 1506 3665 deponelur.
1534 3596 1675 3667 Lege
1707 3610 1761 3651 et
1789 3596 1959 3651 sancti
1983 3594 2165 3649 Basilii
2195 3608 2362 3648 cano-

790 3704 913 3742 nem
937 3688 1025 3751 18,
1058 3688 1127 3742 20
1141 3697 1193 3741 et
1211 3688 1298 3742 60.
1327 3688 1461 3743 Cum
1486 3700 1663 3742 autem
1702 3690 1867 3743 discis
1888 3731 1902 3753 ,
1928 3687 2197 3755 quomodo
2214 3686 2367 3754 puni-

790 3788 881 3833 tur
924 3779 1015 3847 qui
1053 3794 1174 3833 cum
1227 3779 1423 3833 talibus
1485 3779 1803 3833 mulieribus
1863 3793 1978 3831 rem
2034 3778 2256 3842 habent,
2299 3792 2367 3831 ne

790 3870 1196 3939 subdistinguas
1242 3870 1502 3939 virginem
1551 3886 1618 3923 an
1654 3871 1895 3934 viduam,
1948 3853 2041 3922 sed
2090 3868 2158 3922 de
2215 3866 2363 3922 omni

789 3963 1018 4018 muliere
1049 3963 1158 4015 Deo
1192 3972 1504 4017 consecrata
1539 3962 1623 4016 dic
1653 3961 1890 4015 locutum
1933 3974 2052 4015 esse
2079 3973 2362 4013 canonem.

790 4052 944 4110 Scias
970 4066 1150 4109 amem
1183 4057 1325 4122 quod
1360 4053 1548 4118 laicus,
1583 4053 1675 4122 qui
1713 4069 1835 4107 cum
1866 4052 1954 4106 tali
1986 4052 2217 4107 muliere
2248 4067 2362 4106 rem

791 4147 994 4210 habet,
1049 4161 1077 4198 a
1111 4146 1361 4214 praesenti
1410 4146 1626 4211 quidem
1669 4159 1877 4199 canone
1915 4154 2231 4213 scgrcgatur
2266 4160 2281 4198 :
2335 4161 2363 4196 a

789 4252 820 4288 v
844 4248 1024 4290 autem
1054 4251 1172 4305 cap.
1208 4236 1365 4305 primi
1400 4236 1483 4293 tit.
1512 4250 1562 4290 tv
1615 4237 1710 4289 lih.
1762 4235 1983 4290 Basilio.
2012 4250 2106 4290 seu
2130 4234 2236 4291 125
2261 4235 2366 4291 Νο-

792 4330 895 4386 vel.
921 4331 1097 4398 capite
1141 4324 1379 4399 pulitur.
1405 4330 1543 4398 Lege
1575 4340 1628 4384 et
1655 4329 1723 4384 30
1750 4344 1870 4399 cap.
1897 4329 1931 4383 9
1980 4328 2061 4382 tit.
2081 4333 2366 4398 praesentis

786 4438 991 4493 operts.

2467 3244 2521 3280 τι
2552 3226 2841 3287 ποιοῦντας
2892 3223 3162 3294 ἀφορίζει.
3226 3224 3338 3275 Οὐκ
3383 3222 3499 3275 ἔστι
3549 3222 3606 3274 δὲ
3665 3221 3874 3284 καινδν,
3955 3222 4055 3272 εὰν

2469 3314 2806 3383 καθαιρῆται
2841 3314 3100 3385 κληρικδς
3142 3314 3206 3363 ὲκ
3256 3311 3452 3364 τούτου
3485 3311 3576 3364 τοῦ
3618 3313 4052 3381 ἁμαρτήματος.

2482 3407 2612 3462 Ἀπὸ
2635 3407 2743 3478 γάρ
2778 3406 2873 3458 τοῦ
2926 3402 3007 3458 κε’
3054 3402 3419 3460 ἀποστολικοῦ
3481 3404 3704 3464 κανόνος
3736 3405 3830 3455 καὶ
3850 3404 3880 3454 6
3902 3403 4055 3453 οἱα-ι-

2469 3501 2658 3570 δήτινα
2711 3500 3017 3567 πορνεύσας
3053 3500 3288 3564 γυναῖκα
3339 3496 3602 3565 κληρικὸς
3656 3495 4049 3564 καθαιρεῖται·

2471 3592 2655 3661 πολλῷ
2685 3587 2779 3643 οὖν
2801 3590 2965 3642 πλέον
2991 3590 3018 3640 6
3045 3590 3145 3657 τὴν
3194 3589 3415 3659 νύμφην
3456 3589 3553 3641 τοῦ
3586 3588 3827 3657 Χριστοῦ
3859 3587 3958 3640 καὶ
3991 3589 4051 3638 τὸ

2471 3683 2664 3746 σκεῦος
2699 3683 2761 3735 τὸ
2789 3680 3210 3751 ἀνατεθειμένον
3255 3678 3334 3749 τῷ
3386 3680 3506 3749 Θεῴ
3566 3680 3809 3747 μολύνων
3850 3678 4050 3731 καθαι-

2474 3775 2784 3845 ρεθήσεται.
2845 3772 3143 3839 Ἀνάγνωθι
3180 3772 3277 3824 καὶ
3304 3770 3397 3824 τοῦ
3433 3772 3586 3836 ἁγίου
3620 3770 3906 3823 Βασιλείου
3942 3787 4044 3838 3m-

2470 3867 2600 3923 νόνα
2639 3864 2731 3936 ιη’,
2762 3863 2807 3918 κ’
2872 3864 2968 3918 καὶ
3004 3863 3068 3929 ξ’.
3117 3863 3422 3918 Μανθάνων
3482 3863 3667 3932 μέντοι
3701 3863 3822 3923 πῶς
3869 3878 4045 3928 τιμω-

2472 3959 2692 4032 ροῦνται
2740 3961 2788 4011 οἱ
2822 3958 3103 4019 τοιαύταις
3132 3955 3348 4023 γυναιξὶ
3404 3954 3746 4023 μιγνύμενοι,
3781 3952 3861 4022 μὴ
3910 3953 4047 4004 ἀπο-

2468 4055 2776 4126 διαστείλῃς
2838 4051 3138 4122 παρθενέαν
3171 4050 3203 4118 ἢ
3254 4050 3507 4119 χηρείαν,
3532 4049 3669 4102 ἀλλά
3699 4049 3831 4115 περὶ
3863 4047 4043 4114 πᾲσης

2469 4144 2725 4214 γυναικὸς
2778 4141 3181 4213 ἀφιερωθείσης
3217 4141 3295 4207 τῷ
3344 4140 3465 4209 Θεῴ
3525 4139 3649 4206 λέγε
3713 4138 3807 4191 τὸν
3844 4140 4045 4189 κανόνα

2472 4236 2878 4305 ἐκφωιιηθῆναι.
2929 4237 3061 4287 Ἐσο
3088 4235 3143 4286 δὲ
3194 4232 3349 4295 εἰδὼς
3396 4233 3478 4285 ὅτι
3509 4234 3535 4284 6
3564 4231 3793 4300 τοιαύτῃ
3822 4233 4043 4297 γυναικὶ

2473 4331 2804 4400 μιγνύμενος
2835 4329 3020 4390 tam;
3052 4331 3160 4381 ἀπο
3217 4328 3315 4397 μὲν
3353 4327 3447 4379 τοῦ
3482 4326 3755 4394 παρόντος
3819 4324 4043 4383 κανόνος

2470 4421 2813 4493 ἀφορίζεται,
2854 4421 2960 4472 ἀπὸ
3010 4420 3065 4470 δὲ
3133 4419 3227 4471 τοῦ
3286 4417 3328 4471 ε’
3376 4416 3671 4483 κεφαλαίου
3705 4417 3801 4465 τοῦ
3843 4413 3892 4465 α’
3931 4414 4044 4464 τίτ-

788 4515 881 4569 λου
935 4514 1030 4567 τοῦ
1097 4514 1137 4567 δ’
1230 4515 1436 4583 βιϐλίου
1516 4515 1623 4567 τῶν
1700 4515 2032 4580 Βασιλικῶν,
2097 4515 2265 4586 ἤγουν
2323 4517 2419 4585 τῆς
2481 4522 2601 4583 ρκγ¹
2670 4515 2910 4583 Νεαρᾶς,
2954 4510 3267 4580 κεφαλικῶς
3334 4509 3679 4577 τιμωρεῖται.
3742 4505 4042 4571 Ἀνάγνωθι

785 4609 881 4663 καὶ
936 4607 996 4661 τὸ
1023 4606 1068 4659 λ’
1112 4624 1233 4675 κεφ.
1273 4608 1368 4659 τοῦ
1399 4608 1427 4660 θ
1469 4607 1647 4660 τίτλου
1678 4607 1770 4660 τοῦ
1803 4607 2071 4677 παρόντος
2100 4606 2502 4677 συντάγματος.

855 4697 1109 4752 ZONAR.
1147 4700 1213 4754 Ut
1240 4714 1333 4752 vas
1366 4700 1723 4768 quodcunque
1755 4710 1847 4754 aut
1877 4708 2085 4755 vestem
2127 4700 2234 4753 Deo
2276 4700 2357 4752 di-
2397 4707 2435 4759 υ

783 4800 986 4853 catam,
1016 4804 1079 4843 ac
1107 4789 1331 4855 proinde
1364 4802 1631 4852 sanctam,
1663 4791 1728 4844 ad
1766 4805 1824 4845 se
1850 4791 2157 4859 quempiam
2200 4804 2357 4844 aver-

783 4891 918 4946 tere,
976 4879 1149 4947 iisque
1193 4879 1289 4943 ttti,
1325 4881 1549 4934 vetitum
1572 4890 1673 4945 est,
1711 4890 1804 4934 aut
1836 4882 1925 4950 qui
1964 4881 2014 4935 id
2053 4895 2216 4963 ausps
2247 4881 2360 4933 l'ue-

784 4975 855 5029 rit
883 4974 1177 5028 secundtmt
1209 4973 1661 5043 septuagesimum
1698 4973 1856 5044 162
1890 4974 2107 5026 tertium
2145 4984 2359 5027 sancto-

784 5082 903 5121 rum
932 5065 1296 5135 apostolorum
1326 5079 1585 5121 canonem
1626 5076 1943 5136 segregatur
1977 5084 1990 5121 :
2022 5067 2124 5131 sic,
2156 5066 2357 5121 multo-

782 5173 888 5227 que
914 5156 1087 5225 magis
1131 5156 1223 5225 qui
1276 5154 1387 5212 Deo
1415 5164 1683 5211 sacratam
1706 5195 1723 5220 ,
1763 5157 1877 5212 sive
1920 5158 2210 5225 virginem,
2245 5158 2359 5211 sive

781 5250 944 5304 etiam
978 5248 1288 5303 commercii
1318 5248 1489 5303 virilis
1512 5250 1652 5304 haud
1682 5251 2019 5318 inexpertam
2050 5249 2355 5315 mulierem,

781 5340 1085 5406 violaverit,
1120 5354 1225 5394 non
1247 5340 1479 5411 impunis
1497 5341 1665 5395 abibit
1692 5359 1706 5406 ;
1738 5342 1827 5394 sed
1869 5342 1911 5394 si
1946 5341 2119 5395 sacris
2152 5342 2358 5394 ordini-

780 5431 881 5484 bus
924 5430 1167 5485 initiatus
1200 5440 1289 5483 aut
1330 5432 1550 5484 omnino
1601 5432 1653 5485 in
1689 5432 1894 5485 clerum
1940 5440 2227 5500 cooptatus
2260 5431 2353 5493 sit,

780 5534 836 5575 ιιι
868 5522 1165 5591 sacrilegus
1192 5522 1274 5575 vel
1300 5523 1461 5575 etiam
1496 5522 1760 5591 gravioris
1790 5522 1962 5589 culpa:
1989 5537 2132 5585 rens,
2158 5524 2355 5592 quippe

779 5612 873 5679 qui
919 5611 1173 5667 feminam
1239 5613 1346 5667 Deo
1380 5624 1747 5666 consecratam
1795 5613 2225 5680 desponsamque
2273 5629 2357 5664 rt;-

780 5702 922 5767 puit,
957 5698 1287 5771 ileponctur;
1327 5706 1370 5759 si
1408 5720 1536 5759 vero
1575 5704 1744 5758 laicus
1772 5702 1841 5758 sit
1868 5704 1960 5771 qui
1992 5702 2118 5758 talia
2168 5704 2351 5767 audet,

776 5796 1150 5869 segregatione
1196 5798 1535 5853 multabitur.
1609 5796 1716 5853 Sed
1756 5796 1801 5852 si
1863 5794 2119 5851 initiatus
2158 5796 2353 5867 aliquis

2543 4700 2786 4752 ZﬂN-U’.
2816 4699 3030 4764 Ὠσπερ
3077 4695 3268 4755 σκεῦος
3334 4682 3714 4759 οἰονδηποτούν
3769 4690 4041 4761 ῆίόθόντμ

2472 4790 2804 4842 ἀνατεθέντα
2849 4789 2987 4857 Θεῷ,
3028 4787 3323 4840 κάντεῦθεν
3387 4785 3725 4851 ἀγιασθέντα
3788 4786 4045 4853 σφετερῐο

2470 4882 2661 4944 ζεσῦαί
2686 4899 2767 4942 τις
2799 4882 2891 4933 καὶ
2926 4878 3161 4949 χρᾶσθαι
3226 4878 3408 4940 αὐτοῖς
3460 4876 3755 4937 κωλύεται,
3811 4876 3847 4944 ῆ
3889 4875 4044 4927 τοῦτο

2470 4974 2642 5026 ποιῶν
2676 4972 2999 5041 ἀφορίζεται
3061 4969 3204 5021 κατὰ
3257 4969 3351 5021 τὸν
3393 4966 3796 5037 ἑϐδομηκοστὸν
3863 4967 4043 5033 τρίτον

2470 5065 2670 5117 κανόνα
2732 5064 2842 5115 τῶν
2908 5060 3070 5132 ἱερῶν
3121 5058 3455 5112 ἀποστόλων*
3502 5056 3649 5111 οὕτω
3713 5057 3808 5109 καὶ
3866 5056 4046 5123 πολλῷ

2468 5157 2631 5211 πλέον
2657 5156 2755 5225 τὴν
2784 5153 3186 5224 ἀφιερωθεῖσαν
3222 5151 3342 5219 Θεῷ
3376 5149 3612 5220 φθείρων
3632 5166 3740 5213 τις,
3765 5149 3876 5202 κᾶν
3906 5164 4048 5218 παρ-

2466 5248 2620 5310 θένος
2663 5244 2721 5319 ᾖ,
2759 5245 2864 5299 κᾶν
2895 5242 3091 5310 ἀνδρὸς
3141 5244 3199 5295 ὲν
3226 5242 3393 5311 πείρα
3427 5239 3697 5309 πρότερον
3745 5241 4044 5309 γενομένη,

2465 5342 2565 5392 οὐκ
2630 5337 2984 5407 ἀτιμώρητος
3030 5332 3218 5398 ἔσται,
3248 5333 3364 5386 ἀλλ’
3407 5332 3455 5384 εἰ
3488 5332 3586 5400 μὲν
3621 5332 3927 5401 ἱερωμένος
3960 5334 4045 5401 εἴη

2464 5431 2492 5482 6
2525 5430 2681 5483 τοῦτο
2730 5432 2983 5497 ποιήσας,
3020 5427 3053 5495 ἢ
3082 5427 3216 5481 ὅλως
3253 5427 3311 5478 ἐν
3355 5423 3544 5493 κλήρῳ
3596 5424 4045 5493 κατειλεγμένος,

2470 5522 2924 5592 καθαιρεθήσεται
2958 5520 3030 5581 ὼς
3064 5518 3361 5588 ἱερόσυλος,
3414 5515 3447 5571 ἦ
3500 5516 3595 5568 καὶ
3647 5515 3959 5585 βαρύτερόν
3992 5533 4043 5568 τι

2463 5614 2777 5683 τολμήσαςο
2840 5612 2940 5679 τὴν
2994 5610 3104 5679 γὰρ
3155 5611 3231 5678 τῷ
3282 5609 3400 5675 9εῴ
3444 5607 3853 5675 ἀφιερωθείααν
3906 5610 4039 5658 saa-

2462 5706 2650 5775 λησεν’
2680 5707 2727 5756 εἰ
2777 5704 2831 5756 δὲ
2866 5703 3052 5763 λαῖκδ;
3104 5704 3131 5755 6
3172 5701 3470 5770 τολμητίας
3516 5699 3691 5761 ἐστὶν,
3747 5701 4046 5770 ἀφορισμσζ⁹

2464 5797 2927 5869 ὑποϐληθήσεται.
2983 5794 3102 5850 Κάν
3154 5794 3208 5845 δὲ
3275 5793 3347 5862 μὴ
3404 5792 3761 5863 ἀφιερωμὲνῃ
3825 5796 4043 5859 vomu.
