4238 6464
764 395 869 458 535

847 619 868 652 ι
911 603 1243 657 matrimonii
1282 607 1497 664 mulieri
1528 609 1806 680 conjungi,
1845 621 2133 682 antequam
2167 616 2335 685 bypoo

843 712 862 744 ι
910 694 1169 750 diaconus
1202 698 1287 751 vel
1323 699 1584 755 diaconus
1615 701 1697 756 vel
1725 703 2012 773 presbyter
2031 704 2332 771 ordinetur,

837 806 857 838 ι
903 786 1004 842 hoc
1035 787 1215 843 faciat.
1252 809 1271 843 ο

829 874 1024 930 BALS.
1062 874 1361 933 Vicesimus
1400 889 1589 937 sextus
1630 897 1803 939 canon
1847 886 2178 954 apostolicus
2230 890 2326 940 de-

759 967 953 1030 ceruit,
998 976 1055 1020 ut
1100 969 1201 1023 soli
1232 969 1463 1026 lectores
1498 984 1552 1027 et
1589 985 1842 1031 cantores
1868 978 2107 1047 legitima
2143 981 2335 1034 matri-

763 1060 941 1113 monia
1002 1057 1348 1125 contrahant.
1412 1064 1488 1120 De
1538 1068 1657 1122 aliis
1706 1079 1888 1125 autem
1926 1070 2143 1126 clericis
2188 1072 2333 1126 'nibil

761 1150 914 1205 dicit.
948 1152 1014 1207 Et
1048 1161 1333 1223 propterea
1367 1172 1555 1212 eorum
1584 1162 1893 1217 'doctrinam
1930 1165 2101 1218 sancti
2146 1164 2335 1219 Patres

762 1255 1157 1312 consequenter
1203 1248 1577 1317 extendentes,
1614 1253 1702 1309 bic
1753 1255 1967 1324 quidem
2008 1256 2238 1310 lectores
2279 1266 2334 1309 et

758 1345 1012 1391 cantores
1043 1354 1242 1396 uxores
1293 1343 1489 1398 ducere
1540 1360 1700 1412 posse
1744 1348 2040 1401 decernunt
2073 1364 2087 1402 :
2126 1347 2329 1401 nullum

758 1436 938 1484 autem
974 1429 1139 1485 alium
1188 1444 1383 1500 praeter
1431 1436 1550 1498 bos,
1584 1437 1699 1491 sive
1732 1438 2163 1509 bypodiaconum
2214 1440 2333 1495 sive

756 1518 1045 1573 diaconum
1076 1521 1195 1577 sive
1227 1525 1622 1595 presbyterum,
1661 1538 1787 1598 post
1819 1531 2216 1585 ordinationem
2256 1532 2334 1586 le-

758 1612 1001 1681 gitimam
1062 1629 1286 1669 uxoreui
1355 1618 1648 1687 accipere,
1700 1622 1781 1675 vel
1836 1632 2057 1690 propter
2108 1626 2333 1678 canonis

759 1705 1245 1773 transgressionem
1268 1707 1484 1778 deponi.
1512 1708 1792 1775 Quomodo
1819 1724 1998 1769 autem
2028 1712 2083 1768 bi
2107 1713 2330 1782 degunt,

757 1794 851 1861 qui
893 1796 1290 1852 ordinationem
1351 1813 1607 1855 recusant
1658 1814 1713 1857 et
1767 1820 1967 1859 uxores
2017 1806 2326 1875 accipiunt,

757 1883 937 1940 disces
966 1900 1030 1941 ex
1064 1888 1135 1943 79
1184 1890 1524 1960 imperatoris
1559 1894 1758 1950 domini
1809 1896 2007 1954 Leonis
2060 1900 2332 1970 Sapientis

756 1972 1002 2044 Novella,
1038 1979 1153 2035 baac
1182 1982 1378 2049 partim
1402 1998 1663 2055 expresse
1679 1988 1912 2044 dicentis
1940 2005 1955 2042 :
1986 1991 2104 2045 Non
2136 1994 2333 2047 adrui:-

760 2076 934 2122 tentes
988 2072 1261 2134 ergo‘bac
1302 2074 1355 2128 in
1403 2091 1461 2129 re
1504 2085 1740 2133 veterem
1793 2080 2183 2150 legislaturem,
2237 2085 2330 2153 qui

757 2157 871 2211 vult
899 2162 1272 2231 presbyterum
1301 2167 1385 2221 vel
1428 2169 1716 2223 diaconum
1764 2171 1846 2225 vel
1892 2173 2325 2241 subdiaconum,

758 2261 881 2319 post
929 2253 1011 2307 sui
1066 2255 1460 2312 ordinationem
1511 2261 1663 2313 uxori
1716 2261 2094 2331 coniunctum,
2150 2280 2181 2320 a
2234 2268 2329 2322 tali

756 2345 981 2399 omnino
1025 2346 1217 2401 habitu
1274 2352 1548 2418 recedere,
1588 2364 1642 2409 et
1679 2356 1939 2416 ad,vitam
1979 2357 2173 2413 laicam
2205 2373 2333 2413 cou-

755 2437 918 2503 verti,
946 2437 1221 2494 decretum
1247 2440 1587 2500 infirmamus
1612 2462 1629 2498 :
1655 2449 1933 2503 sancimus
1973 2459 2155 2506 autem
2188 2451 2333 2507 sum-

758 2528 990 2583 cientem
1022 2531 1089 2584 iis
1121 2546 1241 2586 esse
1274 2548 1514 2602 poenam,
1552 2536 1597 2592 si
1632 2539 1750 2593 solo
1784 2542 1975 2597 ordine
2019 2555 2242 2599 careant
2274 2549 2328 2600 iu

753 2634 863 2689 quo
891 2632 1015 2677 ante
1050 2625 1452 2681 matrimonium
1478 2630 1935 2699 dignoscebantur
1965 2650 1981 2688 :
2008 2635 2126 2691 Non
2150 2646 2329 2692 autem

754 2729 783 2765 a
825 2713 1063 2769 clericali
1107 2716 1292 2771 babilu
1328 2729 1383 2773 et
1422 2721 1527 2772 alio
1576 2722 1630 2776 in
1683 2724 1932 2781 ecclesiis
1981 2728 2285 2783 ministerio
2311 2771 2325 2794 ,

752 2806 897 2874 quod
931 2814 1151 2876 tangere
1190 2824 1295 2864 non
1326 2820 1409 2865 est
1442 2812 1687 2867 illicitum
1710 2853 1725 2879 ,
1755 2817 1978 2874 omnino
2010 2819 2168 2873 alieni
2209 2836 2332 2876 esse

755 2897 1208 2955 condemnentur.
1247 2903 1343 2956 Est
1381 2912 1563 2960 autem
1605 2905 1688 2960 lex
1727 2922 1847 2976 qua
1880 2911 1948 2965 ab
1979 2910 2080 2967 hac
2113 2910 2330 2967 Novella

754 2988 968 3044 sublata
995 2999 1079 3046 est
1103 3007 1225 3061 cap.
1258 2993 1329 3047 50
1358 2996 1444 3048 tit.
1471 2997 1530 3048 ll
1568 2997 1662 3050 lib.
1691 3012 1755 3053 ιιι
1806 2999 2023 3056 Basilie.
2051 3004 2197 3071 quod
2242 3013 2330 3059 est

754 3078 826 3133 27
857 3094 979 3148 cap.
1011 3080 1247 3139 Novella:
1271 3083 1560 3140 Iustiniani
1591 3088 1681 3141 2'5.

825 3346 1078 3409 ZONAR.
1108 3352 1418 3419 Apostolico
1452 3369 1658 3408 canone
1683 3356 1940 3412 vicesimo
1973 3369 2151 3426 sexto,
2176 3362 2329 3430 cujus

752 3441 859 3496 boc
890 3440 1010 3495 loco
1056 3439 1243 3495 Patres
1278 3446 1657 3499 auctoritatem
1692 3449 1864 3503 secuti
1894 3450 2174 3505 decretum
2225 3455 2329 3509 hoc

753 3531 993 3597 edidere,
1014 3533 1130 3587 haec
1151 3534 1337 3587 eadem
1362 3538 1654 3591 constituta
1690 3540 1947 3608 reperias.
1974 3540 2051 3594 Ne
2073 3543 2326 3612 cuiquam

756 3624 941 3693 igitur,
966 3625 1234 3694 inquiunt,
1265 3628 1350 3681 ubi
1377 3628 1543 3681 semel
1578 3630 1628 3681 in
1659 3630 1863 3684 clerum
1894 3641 1978 3687 est
2007 3643 2316 3702 cooptatus,

756 3728 956 3787 praeter
980 3736 1075 3775 eos
1107 3722 1197 3790 qui
1226 3723 1358 3777 solis
1382 3732 1667 3778 cantorum
1704 3735 1795 3780 aut
1820 3727 2089 3783 lectorum
2116 3733 2325 3787 ordini-

761 3813 865 3868 bus
892 3812 1090 3867 initiati
1120 3818 1280 3880 sunt,
1318 3832 1540 3870 uxorem
1573 3827 1755 3886 postea
1792 3821 1987 3876 ducere
2017 3822 2126 3879 ullo
2173 3826 2330 3881 modo

754 3903 941 3960 liceat.
968 3903 1310 3976 Prcsbyteris
1352 3917 1553 3969 autem,
1589 3909 1837 3966 diaconis
1866 3922 1919 3967 et
1942 3914 2333 3984 bypodiaconis

755 3998 917 4052 etiam
950 3998 1096 4056 nullo
1127 4002 1305 4054 modo.
1339 4001 1409 4055 lis
1438 4001 1583 4054 enim
1615 4012 1740 4056 ante
1764 4004 2162 4062 ordinationem
2195 4025 2331 4063 uxo-

759 4104 847 4146 res
876 4091 1074 4146 ducere
1100 4092 1368 4161 permittit
1400 4108 1574 4147 canon
1595 4135 1610 4159 ,
1644 4104 1767 4163 post
1796 4096 2195 4153 ordinationem
2232 4114 2331 4153 au-

760 4192 867 4237 tem
896 4182 1165 4237 abstinere
1200 4184 1444 4245 mandat,
1471 4183 1553 4237 vel
1585 4186 1652 4238 ad
1683 4186 2091 4242 matrimonium
2122 4203 2181 4242 se
2204 4205 2335 4243 con-

761 4284 1033 4328 vertentes
1066 4275 1287 4342 deponi.
1639 4268 1642 4275 ’

824 4362 1053 4418 ARIST.
1093 4382 1113 4416 ι
1153 4364 1255 4429 Qui
1304 4364 1608 4431 ordinatur,
1656 4366 1699 4420 si
1753 4368 2158 4445 matrimonium
2192 4385 2332 4425 con-

757 4474 777 4506 σ
814 4457 997 4517 trahit,
1036 4457 1323 4525 deponitur
1355 4473 1370 4510 :
1426 4457 1470 4511 si
1500 4457 1644 4511 enim
1678 4459 1827 4523 velit,
1863 4468 2018 4513 a-tea
2055 4461 2334 4516 matrimo-

756 4566 775 4600 ι
818 4550 909 4604 nio
935 4550 1187 4618 conjungi
1220 4550 1393 4604 debet.
1436 4567 1456 4602 ι

819 4636 1073 4692 Decimus
1101 4637 1315 4704 quidem
1366 4639 1556 4706 synodi
1604 4639 1901 4709 Ancyranze
1950 4654 2125 4695 canon
2174 4643 2327 4709 jubet

752 4744 898 4793 eum,
932 4728 1023 4797 qui
1053 4727 1354 4798 presbyteri
1388 4738 1477 4781 aut
1507 4730 1721 4784 diaroni
1768 4733 1992 4799 gradum
2026 4743 2109 4785 est
2141 4750 2325 4787 sust-e-

751 4830 966 4886 pturus,
996 4829 1050 4873 et
1097 4834 1220 4873 cum
1253 4835 1373 4873 eum
1426 4822 1757 4889 susceperit,
1800 4833 1927 4875 ante
1981 4834 2207 4879 testatus
2243 4835 2325 4879 est

752 4926 811 4967 se
836 4927 941 4967 non
975 4925 1136 4981 posse
1184 4912 1469 4981 iunuptum
1504 4927 1741 4979 nutriere,
1776 4916 1869 4967 sed
1914 4914 2049 4969 velle
2102 4931 2321 4969 uxorem

751 5007 991 5068 ducere,
1046 5008 1208 5059 etiam
1274 5015 1393 5073 post
1444 5008 1849 5062 ordinationem
1909 5010 2319 5062 matrimonium

752 5094 911 5159 inire,
947 5105 1004 5148 et
1049 5096 1102 5149 in
1148 5097 1367 5166 preprio
1417 5113 1636 5152 manere
1689 5098 2011 5153 ministerio.
2072 5098 2321 5156 Praesens

2022 409 2296 471 TIIEOD.
2348 412 2642 475 BALQAM
2650 417 2748 477 ON

842 527 859 557 ς
910 523 1054 573 rum,
1083 512 1173 580 qui
1215 512 1370 583 163
1411 514 1463 568 in
1494 515 1698 570 clerum
1723 519 2011 585 accedunt,
2052 522 2183 578 velit
2213 523 2329 592 lege
2365 530 2409 585 Α

2525 546 2543 577 ι
2596 531 2701 582 τῶν
2750 534 2829 593 εἰς
2878 532 3081 604 κλῆρον
3129 542 3550 606 προερχομὲνων
3615 541 3797 610 γάμου
3868 545 4024 614 νόμῳ

2514 642 2529 669 ε
2583 624 2949 677 συνάπτεσθαι
2981 628 3225 694 γυναικὶ,
3253 630 3362 697 πρὸ
3395 631 3493 699 τῆς
3519 632 3611 684 τοῦ
3652 635 4021 688 ὑποδιακόνου

2517 736 2533 765 ι
2586 716 2970 788 ἢδιακόνουῆ
3024 720 3401 792 πρεσϐυτέρου
3459 728 3802 795 χειροτονίας
3858 729 4023 783 τοῦτο

2514 826 2529 855 ι
2590 809 2901 877 πραττέτω.
2935 827 2955 861 ι

2508 898 2704 953 ΒΑΛΣ.
2772 900 2833 952 '0
2894 898 2987 963 κς¹
3064 902 3421 969 ἁποστολικὺς
3480 906 3663 963 κανὼν
3719 912 4023 983 διορίζεται

2439 991 2634 1059 μόνους
2668 991 3022 1060 ἀναγνώστας
3054 996 3147 1049 καὶ
3182 996 3389 1065 ψάλτας
3420 1001 3684 1071 νομίμους
3725 1008 4026 1061 συνάπτειν

2434 1082 2669 1150 γάμους.
2700 1083 2833 1152 Περὶ
2863 1083 2917 1137 δὲ
2946 1085 3054 1137 τῶν
3083 1086 3259 1139 ἄλλων
3289 1088 3568 1159 κληρικῶν
3595 1093 3748 1147 οὐδέν
3776 1097 3831 1148 τί
3861 1115 4019 1167 φησι.

2436 1175 2544 1227 Καὶ
2581 1174 2669 1227 διὰ
2699 1176 2855 1228 τοῦτο
2886 1177 3246 1243 πλατύνοντες
3280 1180 3592 1245 ἀκολούθως
3614 1184 3789 1256 τούτῳ
3818 1187 3918 1259 τὴν
3950 1190 4028 1241 διο

2434 1261 2749 1327 δασκαλίαν,
2773 1264 2821 1316 οἱ
2843 1265 2985 1331 ἅγιοι
3011 1266 3249 1337 Πατέρες
3279 1270 3603 1340 διορίζονται
3627 1276 3864 1329 ἐνταῦθα
3893 1280 4030 1331 ἀνα-

2433 1351 2680 1421 γνώστας
2705 1356 2803 1423 μὲν
2831 1357 2923 1409 καὶ
2946 1358 3153 1425 eam;
3176 1365 3372 1429 γαμεῖν
3393 1380 3409 1396 ο
3431 1363 3517 1417 ἓτε
3527 1383 3618 1435 ρον
3642 1366 3700 1419 δέ
3723 1386 3847 1421 τινα
3872 1372 4027 1439 παρὰ

2433 1444 2679 1509 τούτους,
2719 1448 2890 1517 ἤγουν
2930 1450 3285 1505 ὑποδιάκονον
3314 1453 3347 1524 ἢ
3380 1454 3626 1509 διάκονον
3657 1459 3688 1527 ἦ
3714 1461 4025 1530 πρεσϐύτε-

2438 1553 2550 1606 ρον,
2586 1538 2725 1607 μετὰ
2752 1540 2848 1609 τὴν
2870 1544 3208 1610 χειροτονίαν
3240 1546 3314 1615 μὴ
3339 1546 3638 1615 λαμϐάνειν
3664 1551 3900 1621 νόμιμον
3925 1570 4029 1620 γυ-

2434 1630 2663 1698 ναῖκα,ἣ
2684 1630 2793 1699 μὴν
2813 1633 2876 1686 ἐκ
2898 1634 3246 1703 παραϐασίας
3262 1637 3355 1690 τοῦ
3374 1640 3595 1703 κανόνος
3614 1642 4023 1711 καθαιρεῖσθαι.

2438 1720 2625 1783 Ὅπως
2666 1720 2723 1773 δὲ
2756 1722 3037 1790 διάγουσιν
3069 1721 3215 1780 οὑτοι
3248 1728 3672 1799 παραιτούμενοι
3707 1731 3807 1804 τὴν
3840 1750 4026 1803 χειρο-

2366 1856 2406 1912 Β
2436 1808 2617 1863 τονίαν
2648 1811 2742 1863 καὶ
2777 1816 3041 1878 γυναῖκας
3071 1816 3444 1885 λαμϐάνοντες
3466 1860 3481 1883 ,
3522 1820 3743 1895 μαθήσῃ
3771 1824 3883 1876 ἀπὸ
3920 1829 4020 1894 τῆς

2436 1899 2513 1953 οϐ’
2554 1904 2756 1972 νεαρᾶς
2805 1904 2900 1957 τοῦ
2934 1904 3198 1974 βασιλέως
3233 1908 3401 1978 κυροῦ
3434 1911 3663 1974 Λέοντος
3690 1912 3785 1965 τοῦ
3818 1915 4024 1984 Σοφοῦ,

2434 1991 2701 2063 λεγούσης
2736 1996 2794 2048 ἐν
2831 1996 2985 2065 μέρει
3017 1997 3189 2052 ταῦτα
3221 2000 3403 2069 ῥητῶς
3428 2016 3443 2030 '
3481 2002 3593 2055 Οὐκ
3624 2003 4027 2075 ἀποδεχόμενοι

2434 2086 2527 2139 οὑν
2548 2088 2646 2159 τῆς
2676 2092 3051 2159 προαιρέσεως
3072 2092 3165 2146 τὸν
3197 2093 3427 2147 παλαιὸν
3455 2095 3772 2166 νομοθέτην,
3804 2097 3865 2161 ὃς
3890 2098 4028 2166 βού-

2433 2174 2584 2234 λεται
2629 2183 3000 2254 πρεσϐύτερον
3041 2185 3072 2254 ἦ
3113 2185 3360 2241 διάκονον
3399 2188 3432 2257 ἢ
3481 2189 3835 2243 ὑποδιάκονον
3876 2194 4027 2261 μετὰ

2433 2272 2533 2342 τὴν
2581 2274 2669 2326 ἐπ’
2702 2274 2850 2343 αὑτῷ
2879 2274 3221 2345 χειροθεσίαν
3252 2277 3593 2346 συναφθέντα
3630 2280 3851 2345 γυναικὶ
3879 2297 4027 2332 παν-

2432 2365 2601 2430 τελῶς
2625 2369 2719 2419 τοῦ
2741 2367 2984 2421 τοιούτου
3009 2367 3399 2431 ὑπεξίστασθαι
3422 2369 3721 2438 σχήματος,
3757 2370 3850 2422 καὶ
3879 2371 4028 2437 πρὶς

2433 2458 2525 2511 τὸν
2586 2457 2774 2511 λαῖκὸν
2836 2458 2951 2528 βίον
3008 2460 3540 2529 ἐλπαναστρέφεσθαι,
3598 2459 3915 2530 ὰκυροῦμεν
3964 2462 4029 2512 τ).

2432 2551 2638 2619 δόγμα·
2675 2551 3004 2620 θεσπίζομεν
3056 2551 3112 2604 δὲ
3148 2553 3282 2621 μόνῃ
3315 2554 3380 2622 τῇ
3411 2552 3758 2620 ὑποχωρήσει
3792 2552 3893 2619 τῆς
3925 2552 4029 2603 τά-

2436 2643 2591 2706 ξεως.
2631 2642 2717 2711 ἐφ’
2752 2636 2787 2716 ᾗ
2827 2642 2933 2712 πρὸ
2967 2642 3061 2694 τοῦ
3092 2644 3277 2711 γάμου
3312 2642 3691 2711 ἐγνωρίζοντο,
3724 2643 4027 2709 ἀρκεῖσθαι

2433 2734 2531 2802 τὴν
2557 2733 2713 2801 δίκην
2740 2734 2941 2796 αὐτοῖς.
2974 2732 3079 2785 Τοῦ
3103 2733 3160 2786 δὲ
3190 2732 3455 2801 κληρικοῦ
3488 2734 3766 2802 σχήματος
3790 2732 3887 2785 καὶ
3920 2732 3994 2800 τῆ
4002 2749 4030 2793 ς

2434 2825 2601 2895 ἄλλης
2630 2826 2688 2877 ἐν
2717 2827 2837 2887 ταῖς
2867 2823 3184 2892 ἐκκλησίαις
3214 2823 3542 2893 ὑπηρεσίας,
3573 2818 3641 2893 ἧς
3668 2821 4029 2891 ἐφάπτεσθαι

2432 2921 2533 2973 οὑκ
2564 2919 2842 2987 ἀθέμιτον,
2881 2919 2956 2990 μὴ
2989 2919 3299 2972 παντάπασι
3332 2917 3431 2987 τὴν
3461 2917 3814 2984 ἀλλοτρίωσιν
3845 2930 4034 2970 κατα·-

2430 3012 2770 3075 δικάζεσθαι.
2826 3011 2981 3064 Ἐστι
3026 3012 3081 3063 δὲ
3129 3013 3157 3064 ὁ
3185 3011 3337 3079 παρὰ
3376 3011 3476 3080 τῆς
3506 3010 3760 3078 τοιαύτης
3808 3010 4029 3078 νεαρᾶς

2434 3103 2741 3173 ἀναιρεθεὶς
2781 3103 2943 3172 νόμος
3013 3119 3137 3170 κεφ.
3185 3101 3228 3154 λ’
3284 3102 3379 3154 τοῦ
3440 3108 3511 3155 ια’
3558 3102 3737 3154 τίτλου
3788 3102 3887 3153 τοῦ
3956 3107 4018 3168 γ’

2354 3185 2398 3241 C
2433 3192 2636 3263 βιϐλίου
2666 3192 2775 3244 τῶν
2808 3192 3130 3258 Βασιλικῶν,
3163 3191 3355 3260 κεφάλ.
3386 3190 3469 3255 κζ’
3507 3192 3607 3261 τῆς
3653 3197 3737 3259 κγ’
3795 3192 4038 3243 Ἰουστι·

2427 3289 2657 3341 νιανείου
2691 3284 2929 3353 Νεαρᾶς.

2499 3380 2741 3432 ΖΩΝΑΡ.
2801 3377 2862 3430 Ὀ
2917 3375 3156 3434 εἰκοστὸς
3209 3375 3366 3434 ἕκτος
3415 3373 3776 3435 ἁποστολικὺς
3832 3374 4034 3427 κανὼν

2430 3469 2561 3540 περὶ
2590 3468 2782 3521 τούτου
2810 3465 3152 3536 θεσμοθετεῖ,
3180 3458 3224 3532 ᾧ
3247 3465 3505 3534 ἑπόμενοι
3534 3466 3627 3517 καὶ
3652 3465 3699 3516 oi
3728 3463 3829 3533 τῆς
3860 3466 4033 3517 συνό-

2428 3565 2523 3617 δου
2578 3562 2783 3631 ταύτης
2828 3560 2896 3611 τὰ
2941 3559 3081 3611 αὐτὰ
3127 3557 3527 3621 διατάττονται,
3576 3556 3684 3611 τῶν
3732 3555 4030 3627 κληρικῶν

2433 3657 2570 3726 μετὰ
2601 3654 2699 3725 τὴν
2736 3656 2814 3714 είς
2845 3652 3047 3719 κλῆρον
3092 3649 3405 3718 καταταγὴν
3436 3648 3631 3713 μόνους
3654 3648 4026 3714 ἀναγνώστας

2431 3746 2527 3799 καὶ
2545 3744 2755 3814 ψάλτας
2781 3741 3042 3811 νομίμους
3071 3739 3278 3806 γάμους
3296 3736 3686 3788 συναλλάσσειν
3709 3733 4022 3802 ὁρίζοντες,

2431 3837 2492 3889 οὑ
2528 3837 2710 3905 μέντοι
2740 3832 3148 3900 πρεσϐυτέρους
3182 3827 3213 3897 ἦ
3247 3827 3552 3888 διακόνους,
3588 3825 3707 3877 οὑδὲ
3737 3826 3849 3894 μὴν
3882 3826 4025 3877 ὑπος-

2430 3927 2733 3987 διακόνους.
2762 3924 3000 3984 Τούτους
3029 3921 3135 3989 γὰρ
3170 3920 3279 3989 πρὸ
3308 3919 3406 3985 τῆς
3436 3916 3769 3987 χειροτονίας
3801 3916 4018 3981 λαμϐά-

2432 4035 2545 4073 νειν
2577 4019 2840 4086 γυναῖκας
2882 4014 3100 4082 ἐφίησιν
3134 4013 3161 4063 ό
3195 4009 3399 4073 κανὼν,
3445 4008 3580 4077 μετὰ
3613 4008 3668 4060 δὲ
3701 4010 3799 4076 τὴν
3834 4025 4023 4078 χειροο

2431 4108 2615 4163 τονίαν
2644 4107 2942 4176 σωφρονεῖν
2971 4103 3277 4166 ἐπιτάσσει,
3303 4101 3336 4169 ἦ
3367 4100 3505 4171 πρὸς
3532 4098 3708 4165 γάμον
3730 4100 4022 4164 ἐκκλίναν-

2432 4216 2530 4261 tot;
2569 4194 2975 4265 καθαιρεῖσθαι.

2442 4400 2460 4432 ι
2490 4376 2717 4431 ηΑΡΙΣΤ.
2775 4373 2837 4426 Ὀ
2867 4367 3287 4441 χειροτονηθεὶς,
3311 4367 3361 4420 εί
3389 4365 3702 4431 ζεύγνυται,
3729 4364 4023 4433 καθαιρεῖ-

2546 4488 2565 4521 ι
2608 4482 2731 4521 ταιο
2762 4467 2812 4519 εἱ
2832 4463 2941 4533 γὰρ
2965 4461 3227 4533 βούλοιτο,
3253 4456 3653 4529 προζευχθῆναι
3678 4456 3911 4524 ὀφείλει.
3954 4475 3974 4506 ι

2513 4646 2572 4698 '0
2610 4644 2708 4714 μὲν
2749 4642 2973 4703 δέκατος
3025 4636 3204 4692 κανὼν
3246 4636 3343 4701 τῆς
3384 4636 3443 4688 ἐν
3500 4633 3743 4701 ’Δγκύρᾳ
3789 4634 4019 4686 συνόδου

2433 4736 2763 4807 προστάττει
2828 4733 2919 4786 τὸν
2988 4730 3249 4802 μέλλοντα
3311 4728 3566 4796 γενέσθαι
3635 4724 4018 4794 πρεσϐύτερον

2429 4829 2755 4900 ἢδιάκονον,
2788 4828 2883 4878 καὶ
2923 4823 3479 4895 προμαρτυράμενον,
3522 4821 3579 4872 ἐν
3616 4820 3695 4888 τῷ
3731 4820 4017 4886 γίνεσθαι,

2432 4920 2507 4989 μὴ
2561 4917 2825 4973 δύνασθαι
2877 4917 3062 4985 μένειν
3117 4918 3353 4981 ἄγαμον,
3400 4910 3759 4965 ἀλλὰλλαόεἰν
3808 4910 4018 4963 ἐθέλειν

2427 5016 2660 5080 γυναῖκα
2680 5053 2694 5075 ,
2723 5012 2813 5064 καὶ
2859 5012 2997 5080 μετὰ
3023 5010 3121 5079 τὴν
3150 5012 3484 5079 χειροτονίαν
3531 5008 3609 5069 είς
3636 5005 3815 5073 γάμον
3843 5003 3976 5072 ἐρχε
3994 5030 4019 5041 -

2430 5108 2576 5167 σθαι,
2610 5107 2699 5157 καὶ
2748 5108 2805 5155 ἐν
2832 5106 2898 5170 τῇ
2934 5102 3040 5154 ἰδία
3069 5101 3253 5169 μένειν
3292 5099 3603 5170 ὑπηρεσίᾳ·
3634 5099 3663 5150 ὁ
3706 5096 3763 5148 δὲ
3820 5094 4019 5164 παρὼν

1945 5212 2139 5272 Guill.
2176 5216 2505 5297 Beveregii
2556 5224 2744 5279 noue.

752 5333 977 5402 quipost
1032 5335 1415 5388 Ordinationem
1466 5351 1680 5388 uxorem
1738 5336 1948 5387 duxerit
2008 5336 2327 5402 deponatur.

755 5401 857 5473 Ubi
890 5402 1213 5473 sclioliastes
1241 5405 1304 5455 ad
1342 5410 1560 5456 verbum
1591 5406 1964 5473 καθαιρείσθω
1990 5401 2105 5459 haec
2136 5415 2284 5458 notat
2313 5426 2325 5459 :

758 5472 965 5537 ’Ἡγουν
994 5472 1093 5540 τῆς
1148 5475 1245 5539 μὲν
1299 5474 1595 5541 ἱερωσύνης
1655 5472 2075 5541 μετακινείσθωο
2120 5474 2220 5542 τῆς
2273 5477 2367 5541 δὲ.¹

756 5541 1252 5613 τιμῆςᾼμετεχέτω,
1291 5545 1391 5613 διαὶ,
1412 5545 1509 5609 τῆς
1531 5544 1821 5613 καθέδρας.
1852 5541 2245 5611 Πορνεύσαςίδέ
2272 5545 2305 5613 ἢ

761 5610 1053 5677 μοιχεύσας
1110 5614 1293 5664 τέλεον
1349 5612 1673 5675 ἐξωθείσθω,
1705 5610 1827 5664 ’καὶ
1883 5610 1963 5674 εἰς
2022 5610 2319 5679 μετάνοιαν

758 5680 991 5744 ογὲσθω.
1062 5680 1218 5733 Οὕτω
1282 5686 1389 5749 γὰρ
1421 5682 1478 5732 ἓν
1512 5700 1620 5733 τισι
1673 5682 1781 5734 τῶν
1828 5681 2113 5749 ἐξηγητῶν
2157 5683 2325 5751 εὑρη-

754 5764 867 5817 ται.
901 5749 1013 5801 Hoc
1042 5763 1140 5810 est,
1192 5770 1221 5803 ιι
1267 5753 1560 5804 mret-(lotio
1607 5753 1811 5817 quidem
1863 5764 2185 5816 removetor;
2225 5749 2323 5805 sed

764 5816 976 5877 honoris
1011 5829 1180 5878 tamen
1204 5822 1439 5893 sedisque
1464 5816 1720 5891 particeps
1744 5833 1871 5875 esto.
1906 5822 2010 5888 Qui
2036 5838 2151 5876 vero
2175 5838 2321 5875 scor-

2428 5343 2681 5395 tationem
2710 5341 2787 5394 vel
2815 5340 3140 5392 adulterium
3179 5334 3522 5413 commiserit:
3572 5345 3793 5413 prorsus
3836 5329 4018 5392 expel-

2430 5414 2572 5474 litor,
2607 5423 2653 5463 et
2678 5412 2746 5463 ad
2772 5409 3132 5477 paenitentiam
3166 5409 3418 5476 adigitur.
3440 5402 3555 5477 __S£c
3594 5402 3731 5453 enim
3777 5402 3831 5449 in
3863 5414 4019 5477 ἔστι.

2427 5464 2589 5533 mtllt's
2629 5464 3005 5552 interpretibus
3020 5548 3048 5552 _
3072 5464 3371 5552 inuenitur.
3438 5472 3777 5552 llarntenou.
3797 5464 4014 5552 διερῇ..

2427 5564 2554 5603 can.
2595 5560 2731 5603 sect.
2770 5534 2839 5609 ’2,
2899 5548 2982 5600 tit.
3020 5548 3072 5600 5.
3109 5544 3253 5598 Sane
3287 5545 3400 5597 IKPC
3439 5544 3494 5595 in
3549 5534 3953 5609 interpretibus
3983 5548 4012 5584 ι

2430 5620 2588 5673 nobis
2626 5620 2712 5674 hic
2753 5604 3037 5684 impressis
3080 5630 3189 5667 non
3223 5612 3585 5687 inveniuntur
3616 5626 3639 5687 ί
3670 5604 3824 5687 unde
3847 5604 4014 5687 sebo:

2432 5689 2645 5743 liastrm
2698 5673 2889 5751 istum,
2951 5689 3264 5755 quicunque
3328 5682 3545 5737 demum
3615 5677 3805 5739 fuerit,
3864 5673 4013 5728 alio:

2433 5761 2634 5813 vidisse
2666 5759 2842 5827 palam
2876 5767 2983 5812 est.
