4238 6464
194 409 290 474 5H

1248 402 1326 460 ll‘l
1362 401 1533 462 C\N.
1572 401 1681 460 Vll
1725 401 1929 462 CUNC.
1971 402 2051 460 IN
2082 398 2402 459 'l‘llULlD.

3343 397 3448 460 Si!

193 519 315 579 τοὶις
351 515 624 582 τέσσαρας
660 509 1008 579 πατριάρχας
1037 506 1128 561 καί
1159 524 1310 569 τινας
1343 503 1768 576 μητροπολίτας.

1844 553 1847 562 .
1879 507 2239 574 patriarchas;
2288 505 2424 557 sicut
2467 511 2517 555 et
2547 499 2727 555 czcteri
2763 499 3183 568 legatihscilicet
3218 498 3447 553 Thessa-

207 604 344 658 Ἀλλ’
373 603 448 664 ὡς
480 601 625 652 ἔοικε
658 600 749 652 καὶ
772 599 930 660 αὐτὸς
960 597 1183 664 λεγάτος
1207 591 1273 664 ἦιι
1292 594 1385 647 τοῦ
1415 594 1614 646 πάππα
1635 609 1647 622 ο
1682 593 1774 644 καὶ

195 696 284 749 διὰ
318 694 482 747 τοῦτο
515 693 653 763 μετὰ
679 693 804 750 τοὺς
833 689 1177 758 πατριάρχας
1208 686 1547 754 ὑπέγραψεν,
1581 683 1770 753 ὥσπερ

192 789 284 840 καὶ
316 791 364 838 oi
393 787 568 838 λοιποῖ
603 784 843 850 λεγάτοι,
886 782 1005 850 ἤτοι
1037 784 1062 833 ό
1093 779 1515 844 Θεσσαλονίκης,
1542 777 1568 826 ό
1608 772 1774 844 Ἥρα-

194 878 380 936 κὲ.εία;
409 879 504 927 καὶ
533 875 735 940 ἕτεροι.
770 874 826 924 Ὀ
854 872 907 924 δὲ
934 869 1282 941 χαρτοφὺλαξ
1309 870 1399 937 τῆ;
1434 871 1777 919 Κωνσταντι-

193 967 522 1027 νουπόλεως,
544 967 688 1026 ὅπως
709 963 1046 1032 προκάθηται
1069 961 1174 1013 τῶν
1197 962 1349 1029 ἀρχιε
1363 960 1465 1029 ρίω
1483 979 1518 1021 ),
1537 957 1776 1018 διάκονος

192 1057 288 1122 ὣν,
319 1057 536 1124 εἴρηται
572 1056 627 1104 ὲν
671 1051 749 1120 τῷ
795 1058 860 1120 ιη’
910 1050 1097 1114 κανόν,
1133 1051 1230 1116 τῆς
1273 1051 1494 1116 πρώτης
1538 1046 1775 1098 συνόδου.

193 1146 512 1213 Σημείωσαι
553 1144 608 1195 δὲ
637 1143 726 1193 τὸν
754 1140 953 1193 κανόνα
980 1141 1206 1205 λέγοντα
1239 1138 1523 1206 κρείττονα
1548 1133 1687 1188 εἶναι
1711 1133 1780 1187 τὰ

195 1236 548 1304 πνευματικὰ
574 1235 859 1303 ἀξιώματα
886 1233 994 1285 τῶν
1019 1233 1158 1285 κατὰ
1183 1233 1386 1297 κόσμον
1417 1229 1739 1294 ἀξιωμάτων
1761 1241 1777 1258 ⁶

191 1327 336 1396 πλὴν
373 1326 448 1393 μὴ
499 1326 731 1394 ἑλκύσῃς
773 1323 962 1386 τοῦτο,
1004 1323 1076 1384 ὥς
1106 1339 1248 1382 τινες
1279 1317 1459 1382 εἷπον,
1495 1321 1656 1388 χάριν
1685 1317 1778 1369 τοῦ

194 1420 574 1489 προτιμᾶσθαι
609 1418 677 1468 τά
709 1415 1140 1485 ἐκκλησιαστικὰ
1170 1413 1458 1482 ἀξιώματα
1485 1413 1591 1462 τῶν
1625 1411 1780 1479 βασι-

189 1509 384 1561 λικῶν.
432 1508 803 1577 Ἐρμήνευσον
828 1505 983 1558 τοῦτο
1009 1508 1084 1564 εἰς
1125 1504 1250 1565 τοὺς
1282 1501 1782 1568 καταυθαειαζομὲ-

189 1619 317 1662 νους
342 1601 505 1668 τυχὸν
538 1598 926 1658 ὑποδιακόνους
959 1596 1098 1648 κατὰ
1125 1594 1408 1660 διακόνων,
1444 1592 1475 1662 ἦ
1505 1594 1784 1655 διακόνους

195 1694 344 1746 κατὰ
381 1691 805 1758 πρεσϐυτέρωνσ
834 1689 928 1741 καὶ
967 1688 1087 1740 εἰπὲ
1121 1689 1203 1739 ὅτι
1227 1726 1240 1750 ,
1270 1689 1318 1739 εἰ
1357 1687 1412 1738 ὲν
1443 1688 1553 1747 τοῖς
1584 1702 1782 1751 κοσμι-

191 1785 308 1845 κοϊς
351 1781 659 1848 ἀξιώμασιν
689 1780 789 1833 οὐκ
824 1780 1001 1844 ἔξεστι
1032 1779 1109 1850 τῷ
1139 1780 1322 1849 ἥττονι
1351 1775 1477 1845 ἀξία
1506 1777 1618 1826 ὅντι
1650 1786 1783 1842 προ-

1878 597 2171 653 lonicensis
2223 596 2506 664 cpiscopus
2554 604 2607 647 et
2656 593 3023 645 lleracleauus
3059 605 3110 644 et
3145 591 3261 644 alii.
3310 590 3450 642 Con-

1878 689 2402 756 stantinopolitanus
2454 695 2631 738 autem
2687 684 3112 751 cltartophylax,
3181 681 3451 751 quomodo

1880 796 2000 834 cmn
2034 780 2104 832 sit
2133 778 2414 838 diaconus,
2460 785 2582 827 ante
2617 775 2883 828 antistites
2934 777 3102 837 sedet,
3147 773 3199 825 in
3252 771 3440 839 pritlt'l‘.

1883 869 2071 940 synodi
2106 868 2171 919 18
2199 881 2318 920 can.
2364 867 2564 919 dictum
2596 873 2692 915 est.
2734 862 2863 914 Nota
2898 869 3073 914 autem
3108 871 3161 913 et
3189 874 3449 913 cannuem

1879 962 1972 1031 qui
1999 959 2154 1018 dicit.
2183 957 2488 1026 Spirituales
2531 955 2821 1023 dignitates
2866 968 2986 1007 esse
3042 947 3446 1018 praestantior-es

1882 1055 2230 1110 smcularibus
2259 1051 2628 1119 dignitatibus.
2663 1048 2767 1101 Sed
2799 1063 2863 1098 ne
2892 1048 2992 1098 hoc
3019 1060 3084 1098 eo
3110 1044 3364 1104 traxeris,
3393 1053 3452 1095 ut

1884 1142 2131 1200 nonnulli
2172 1141 2443 1200 dicebant,
2476 1139 2541 1191 ad
2576 1137 2973 1191 ecclesiasticas
3017 1135 3303 1202 dignitates
3356 1134 3424 1186 im

1882 1235 2169 1306 peratoriis
2206 1232 2594 1301 praal‘ereudas.
2624 1229 2984 1296 Interpretare
3008 1235 3192 1278 autem
3226 1227 3336 1278 hoc
3358 1226 3448 1277 ad-

1884 1338 2074 1377 versus
2097 1321 2529 1394 hypodiacouos,
2563 1319 2649 1385 qui
2691 1319 2924 1372 fortasse
2957 1317 3188 1384 superbe
3212 1326 3265 1368 et
3303 1314 3452 1367 inso-

1883 1414 2057 1468 lenter
2080 1431 2138 1468 se
2180 1421 2376 1482 gerunt
2414 1411 2673 1464 adversus
2731 1410 3011 1473 diaconos,
3059 1409 3142 1461 vel
3198 1409 3455 1461 diaconos

1884 1506 1972 1574 qui
2020 1507 2280 1557 adversus
2326 1501 2666 1572 presbyteros
2700 1518 2713 1555 :
2751 1509 2806 1552 et
2833 1499 2920 1553 die
2949 1538 2962 1559 ,
2999 1498 3138 1562 quod
3176 1498 3219 1551 si
3259 1499 3310 1551 in
3344 1513 3449 1552 sa:-

1885 1593 2156 1649 cularibus
2193 1591 2543 1660 dignitatibus
2571 1605 2677 1642 non
2713 1589 2834 1640 licet
2866 1587 2936 1647 ei,
2967 1590 3057 1668 qui
3109 1596 3188 1638 est
3225 1587 3450 1639 minoris

1877 1684 2181 1753 dignitatis,
2217 1683 2507 1751 praesidere
2539 1681 2618 1733 vel
2650 1678 2894 1749 praeferri
2926 1677 2999 1737 ei,
3037 1675 3123 1744 qui
3149 1685 3230 1729 est
3255 1677 3457 1742 majore

1887 1775 2151 1844 dignitate
2181 1776 2504 1834 honoratus,
2542 1771 2712 1823 multo
2743 1767 2913 1836 magis
2950 1782 3053 1820 non
3085 1766 3206 1818 licet
3238 1766 3337 1817 hoc
3373 1764 3451 1817 fa-

188 1875 470 1944 καθῆσθαι
520 1874 552 1942 ἢ
597 1872 969 1942 προτιμᾶσθαι
1019 1871 1112 1922 τοῦ
1159 1869 1366 1940 μείζονι
1413 1867 1777 1936 τετιμημένου

1844 1865 1850 1910 ι
1879 1883 2002 1922 cere
2025 1866 2091 1918 iis
2122 1863 2212 1933 qui
2239 1872 2362 1916 sunt
2383 1860 2764 1915 ecclesiasticis
2785 1857 3138 1926 dignitatibus
3169 1854 3327 1924 165
3357 1855 3450 1907 h0-

187 1967 489 2036 ἁξιώματι,
525 1964 705 2034 πολλῷ
737 1964 896 2016 πλέον
929 1963 1028 2015 οὑκ
1061 1961 1239 2025 ἔξεστι
1271 1960 1426 2012 τοῦτο
1454 1960 1628 2009 ποιεῖν
1660 1959 1777 2019 ταῖς

190 2058 677 2126 ἐκκλησιαστικαῖς
697 2054 876 2120 ἀξίαις
901 2054 1304 2124 τετιμημένοις,
1331 2050 1396 2113 ἃς
1419 2050 1510 2101 καὶ
1539 2066 1781 2115 πνευμα-

189 2149 358 2206 τικὰς
409 2147 662 2212 ἐκάλεσε,
691 2147 780 2199 καὶ
826 2144 1161 2215 χρεωστοῦσι
1212 2143 1393 2194 πᾶσαν
1427 2140 1682 2205 εὐταξίαν
1718 2141 1782 2190 ὲκ

191 2240 291 2292 τοῦ
324 2240 741 2307 ἐπαγγέλματος
772 2237 971 2292 αὐτῶν.
1001 2234 1315 2304 Σημείωσαι
1344 2227 1435 2284 οὖν
1463 2231 1552 2282 τὸν
1583 2230 1784 2282 κανόνα

193 2332 538 2402 ὀνομάζοντα
569 2331 694 2398 περὶ
719 2331 778 2380 τὸ
807 2328 957 2387 τέλος
983 2328 1109 2387 τοὺς
1135 2321 1619 2391 ἐκκλησιαστικοὺς
1653 2319 1782 2388 βαθ-

201 2425 343 2493 μοὺς
394 2423 702 2490 ἀξιώματα.
745 2419 1009 2479 Πολλάκις
1059 2418 1164 2485 γὰρ
1201 2420 1277 2479 εἰς
1329 2421 1388 2469 τὸ
1431 2419 1782 2486 δικαστήριον

196 2513 360 2569 εἶπόν
409 2531 554 2576 τινες
605 2514 740 2581 μήτε
793 2511 920 2574 τοὺς
980 2509 1469 2578 ἐκκλησιαστικοὺς
1517 2509 1782 2577 ἄρχοντας

200 2609 344 2679 μήτε
380 2607 504 2669 τοὺς
541 2605 941 2676 μητροπολίτας
973 2604 1030 2654 ὲν
1059 2601 1432 2670 ἀξιωματικοῦ
1464 2604 1628 2670 μοίρᾳ
1658 2615 1782 2650 συν-

197 2701 516 2764 τάττεσθαι,
579 2700 673 2750 καὶ
723 2698 811 2748 διὰ
861 2696 1018 2749 τοῦτο
1072 2695 1204 2764 μηδὲ
1245 2694 1465 2746 δυνατὸν
1511 2687 1652 2744 εἶναι
1695 2690 1785 2741 τὸν

200 2794 393 2862 στίχον
442 2791 536 2844 τοῦ
573 2788 1029 2858 ὲκκλησιαστικοῦ
1077 2785 1512 2840 κουὸουκλεισίου
1545 2785 1661 2852 ἦτοι
1691 2782 1786 2832 τοῦ

199 2886 511 2938 ἐπισκόπου
531 2924 545 2949 ,
578 2883 714 2938 ἀλλὰ
748 2880 1025 2936 ταπεινόν.
1071 2878 1225 2949 Ἐμοὶ
1251 2878 1307 2931 δὲ
1339 2875 1496 2930 τοῦτο
1525 2875 1584 2927 οὐ
1618 2875 1784 2928 δοκεῖ.

196 2979 317 3031 Καὶ
346 2977 616 3044 ἀνάγνωθι
640 2977 698 3028 τὸ
733 2981 779 3028 α’
813 2975 1106 3042 κεφάλαιον
1137 2971 1228 3024 τοῦ
1245 2977 1296 3039 η’
1322 2969 1502 3021 τίτλου
1530 2965 1620 3018 τοῦ
1648 2982 1754 3034 παρ
1773 2995 1786 3002 -

197 3074 364 3132 ὄντος
421 3071 829 3136 συντάγματος.
907 3067 1002 3118 καὶ
1049 3065 1110 3116 τὸ
1170 3064 1349 3115 ὲκεῖσε
1403 3057 1791 3126 καταστρωθὲν

1878 1957 2074 2022 norati,
2095 1970 2228 2024 quas
2255 1950 2744 2035 etiam,spir.ituales
2774 1947 3091 2019 appellavit;
3123 1948 3212 2015 qui
3242 1945 3455 2013 quidem

1877 2065 1946 2102 ex
1978 2062 2073 2102 sua
2097 2046 2427 2114 professione
2460 2044 2655 2097 debent
2689 2054 2906 2092 onmem
2959 2038 3157 2090 bonum
3212 2038 3456 2091 ordinem

1880 2143 2190 2196 observare.
2225 2135 2359 2190 Nota
2390 2150 2517 2202 ergo
2547 2148 2836 2194 canOuem,
2869 2136 2957 2200 qui
2988 2133 3132 2188 circa
3165 2129 3323 2182 ﬁnem
3360 2145 3460 2181 no-

1886 2233 2054 2287 minat
2113 2227 2513 2284 ecclesiasticos
2569 2225 2768 2295 gradus
2814 2228 3124 2297 dignitates.
3187 2223 3449 2276 Nonnulli

1882 2325 2022 2379 enim
2057 2336 2196 2390 smpe
2227 2323 2277 2372 iu
2307 2319 2513 2388 judicio
2539 2322 2740 2384 dixere,
2772 2335 2870 2374 nec
2899 2318 3298 2374 ecclesiasticos
3325 2330 3455 2384 prae-

1883 2416 2074 2477 fcctos,
2109 2426 2212 2465 nec
2245 2411 2689 2478 metropolitanos
2712 2412 2852 2462 inter
2873 2411 3164 2479 dignitates
3186 2407 3460 2472 collocari,

1882 2514 1935 2559 ct
1968 2511 2251 2573 propterea
2312 2515 2409 2552 nec
2457 2510 2728 2566 potentem
2777 2502 2992 2570 quidem
3034 2515 3156 2553 esse
3193 2497 3461 2551 ecclesia“-

1885 2598 2006 2652 stici
2056 2594 2370 2650 cubicularii
2424 2593 2500 2647 vel
2547 2594 2782 2659 episcopi
2831 2591 3230 2658 ordinempsed
3270 2591 3452 2641 vilem.

1887 2689 2002 2758 Hoc
2030 2697 2206 2741 autem
2244 2687 2374 2740 mihi
2411 2687 2481 2737 ita
2515 2700 2633 2739 esse
2665 2703 2772 2739 non
2822 2687 3054 2739 videtur.
3091 2685 3154 2737 Et
3202 2684 3319 2751 lege
3351 2681 3443 2748 pri-

1891 2795 2035 2834 tnum
2073 2793 2196 2849 cap.
2222 2776 2254 2832 8
2309 2778 2392 2831 tit.
2440 2778 2723 2847 praesentis
2768 2777 2968 2846 operis,
2997 2786 3052 2829 et
3087 2776 3193 2828 illic
3231 2773 3459 2842 positunt

1891 2871 2214 2939 scriptisque
2253 2867 2566 2921 mandatum
2613 2867 2800 2933 sanctif
2845 2865 3186 2921 Constantini
3240 2862 3416 2932 Magni

1893 2962 1985 3029 qui
2021 2968 2106 3014 est
2140 2956 2397 3024 apostolis
2425 2956 2673 3023 aequalis.
2705 2957 3008 3017 decretum,
3036 2963 3092 3008 et
3125 2960 3460 3005 commenta-

1895 3054 2034 3105 rium
2070 3049 2140 3103 '56
2169 3062 2287 3115 cap.
2321 3046 2476 3112 pfimi
2513 3047 2592 3097 tit.
2630 3045 2911 3112 praesentis
2939 3043 3138 3112 operis.
3454 3028 3468 3055 ⁸

198 3130 484 3228 ἔγγραφον
508 3130 784 3224 θέτπισμα
817 3153 910 3206 τοῦ
962 3151 1313 3206 ισαποστόλου
1345 3149 1500 3218 ἁγίου
1545 3147 1777 3216 μεγάλου
1818 3140 2254 3202 Κιυνσταντίνου,
2283 3138 2377 3222 xei.
2403 3135 2461 3187 τδ
2489 3135 2698 3204 σχόλιον
2726 3133 2816 3186 τοῦ
2868 3132 2957 3195 λς’
3018 3130 3310 3200 κεφαλαίου
3369 3132 3471 3186 τοῦ

199 3260 254 3306 α’
279 3252 462 3306 τίτλου
493 3249 586 3302 τοῦ
620 3247 885 3317 παρόντος
916 3245 1321 3314 συντάγματος.

275 3343 526 3398 ΖΩΝΛΡ.
569 3341 630 3392 '0
661 3312 1140 3397 ὀκτωκαιδέκατος.
1165 3333 1343 3386 κανὼν
1371 3332 1471 3399 τῆς
1501 3331 1558 3382 ὲν
1584 3325 1788 3395 Νικαίᾳ

1844 3326 1864 3389 ι
1967 3317 2221 3374 ZONAR.
2255 3315 2331 3370 Ne
2376 3315 2614 3369 medium
2647 3312 2698 3365 in
2742 3319 3180 3381 presbyterorum
3212 3317 3467 3362 consessu

199 3435 440 3505 πρώτης
489 3429 710 3482 συνόδου
758 3427 831 3497 μὴ
879 3427 936 3477 ὲν
985 3425 1133 3492 μέσῳ
1185 3419 1576 3489 πρεσϐυτέρων
1626 3413 1795 3480 καθῆ-

205 3530 338 3581 σθαι
383 3525 509 3587 τοὺς
551 3521 834 3581 διακόνους
883 3515 1133 3578 κελεύει,
1185 3513 1310 3573 τοὺς
1366 3510 1421 3562 δὲ
1465 3509 1538 3578 μὴ
1571 3505 1797 3572 πειθαρ-

206 3620 444 3691 χοῦντις
481 3612 752 3666 παύεσθαι
798 3610 899 3677 τῆς
945 3607 1242 3666 διακονίας.
1301 3602 1359 3653 '0
1388 3602 1442 3652 δὲ
1477 3598 1668 3668 παρὼν
1701 3612 1798 3646 κα-

208 3712 324 3764 νὼν
360 3710 472 3766 τοῖς
524 3703 770 3763 αὐθαδῶς
810 3701 918 3770 πρὸ
950 3699 1058 3751 τῶν
1102 3693 1492 3765 πρεσϐυτέρων
1527 3686 1798 3754 καθῆσθαι

209 3799 660 3867 ἀναιδευομένοις
693 3796 794 3847 οὑκ
826 3794 1103 3846 ἔκπτωσιν
1132 3788 1234 3855 τῆς
1284 3783 1578 3847 διακονίας,
1601 3781 1678 3841 εἰς
1712 3777 1802 3830 x6-

209 3896 378 3946 λασιν
421 3889 519 3956 τῆς
569 3883 857 3944 αὐθαδείας
890 3881 1110 3946 ἐπάγει,
1151 3877 1286 3930 ἀλλὰ
1317 3871 1696 3938 ὑποϐιδασμδν
1737 3870 1801 3920 ἐκ

209 3982 314 4038 τοῦ
351 3981 556 4035 οἰκείου
603 3974 833 4048 βαθμοῦ.
861 3975 923 4026 El.
968 3972 1064 4040 {dp
1097 3968 1257 4038 τυχὸν
1286 3967 1392 4019 τῶν
1421 3965 1595 4019 ἄλλων
1623 3960 1802 4013 διακό-

212 4091 327 4129 νων
363 4067 847 4142 προϐαθμιώτερος
883 4061 950 4135 ἦν
987 4066 1014 4115 ό
1041 4059 1526 4127 ἁναιδευσάμενος,
1561 4055 1655 4104 καὶ
1697 4050 1802 4120 πρὸ

210 4167 330 4220 τῶν
375 4161 766 4234 πρεσϐυτέρων
814 4158 1069 4219 καθίσας,
1104 4149 1564 4219 κατενεχθήσεται
1600 4147 1674 4206 είς
1711 4143 1803 4195 τὸν

213 4258 451 4325 ἔσχατον
477 4253 664 4310 τόπον,
695 4249 791 4300 καὶ
825 4247 979 4299 ἔσται
1011 4245 1228 4298 πάντων
1265 4238 1622 4306 ὑποδάθμιος.
1654 4235 1714 4286 Εἰ
1747 4232 1803 4283 δὲ

215 4350 330 4403 ὕπδ
352 4345 447 4399 τοῦ
478 4345 682 4396 οίκεῖου
718 4339 1062 4408 πατριάρχου
1097 4335 1128 4405 ἦ
1175 4331 1578 4403 μητροπολίτου
1612 4327 1668 4378 ἐν
1699 4341 1805 4376 τινι

217 4439 378 4492 πόλει
423 4435 615 4503 σταλῇ,
657 4435 733 4494 ὠς
763 4433 854 4485 τὸν
897 4430 1061 4482 τόπον
1115 4425 1324 4503 ἐκείνου
1374 4416 1803 4489 ἀναπληρώσων,

216 4532 344 4583 τότε
380 4527 456 4590 ὡς
488 4501 651 4586 αὐτὸς
681 4527 706 4576 ό
738 4522 954 4583 στείλας
992 4519 1153 4572 αὑτὸν
1186 4501 1573 4583 λογισθήσεται
1607 4511 1698 4562 καὶ
1730 4525 1810 4558 τι-

223 4621 557 4693 μηθήσεται.
595 4617 724 4677 Πῶς
757 4613 848 4666 οὖν
878 4615 906 4665 ό
932 4612 1027 4681 μὲν
1057 4610 1164 4661 τῶν
1194 4607 1434 4659 κανόνων
1457 4604 1545 4655 τὸν
1574 4604 1630 4653 ὲν
1660 4601 1808 4666 μέσῳ

221 4711 618 4784 πρεσϐυτέρων
664 4707 966 4759 καθίσαντα
1006 4700 1304 4771 βαρύτερον
1339 4695 1583 4758 κολάζει,
1619 4693 1808 4743 παύων

220 4781 394 4859 αὑτὸν
436 4802 534 4869 τῆς
587 4800 886 4856 διακονίας,
937 4789 1094 4853 οὗτος
1131 4791 1187 4842 δὲ
1242 4785 1582 4854 κουφοτέραν
1617 4781 1813 4848 ἐπάγει

218 4899 328 4965 τὴν
357 4891 632 4963 τιμωρίαν
663 4890 738 4958 τῷ
781 4884 1171 4957 προκαθίσαντι
1205 4876 1608 4948 πρεσϐυτέρου,
1641 4888 1814 4926 κατα-

222 4987 473 5050 ϐιϐάζων
521 4984 682 5036 αὐτὴν
730 4981 807 5042 είς
851 4978 940 5028 τὸν
995 4976 1223 5043 ἔσχατον
1261 4970 1424 5023 τόπον
1464 4966 1556 5019 τοῦ
1611 4964 1814 5016 οἰκείου

224 5078 478 5153 βαθμοῦ;
517 5077 684 5127 Φασὶν
723 5067 814 5125 οὖν
860 5072 941 5123 δτι
973 5071 999 5120 ό
1039 5067 1142 5136 μὲν
1190 5065 1286 5132 τῆς
1330 5060 1557 5131 πρώτης
1597 5056 1814 5110 συνόδου

225 5175 412 5229 κανὼν
445 5168 574 5237 περὶ
594 5166 704 5218 τῶν
739 5165 796 5215 ὲν
830 5162 1033 5232 βήματι
1065 5159 1122 5208 ὲν
1155 5153 1468 5225 ἱερουργίας
1503 5147 1681 5215 καιρῷ
1713 5161 1814 5197 κα-

226 5264 542 5332 θεζομένων
590 5261 647 5310 ὲν
679 5257 826 5327 μέσῳ
864 5251 1257 5322 πρεσϐυτέρων
1288 5248 1476 5317 φησινὶ
1515 5243 1600 5295 ὅτε
1629 5241 1814 5292 διακο-

227 5361 346 5407 νεῖν
385 5351 584 5419 μᾶλλον
630 5347 725 5398 καὶ
780 5343 1076 5411 ὑπηρετεῖν
1116 5341 1227 5397 τοῖς
1269 5333 1506 5404 ἱερεῦσιν
1542 5330 1812 5398 ὀφείλουσι

228 5446 334 5499 καὶ
366 5440 704 5510 παρεστάναι
755 5438 974 5496 αὐτοῖς’
1021 5435 1047 5484 ὁ
1081 5431 1137 5483 δὲ
1189 5429 1289 5496 τῆς
1335 5425 1554 5478 συνόδου
1609 5422 1814 5486 ταύτης

227 5533 366 5600 περὶ
396 5532 500 5583 τῶν
537 5531 688 5591 ἐκτὸς
724 5527 966 5597 βήματος
1000 5523 1054 5574 ὲν
1083 5519 1316 5588 τυλονὲσῃ
1342 5515 1582 5583 καθέδρᾳ
1607 5528 1816 5581 προγα-

228 5626 505 5682 θισάντων
570 5619 984 5688 πρεσϐυτέρων.
1050 5610 1344 5679 Πανταχοῦν
1400 5609 1498 5678 μὲν
1543 5608 1648 5672 γὰρ
1706 5605 1814 5662 τοῖς

230 5717 480 5786 ἱερεῦσιν
507 5717 556 5766 οὶ
596 5712 834 5764 διάκονοι
877 5703 1209 5775 χρεωστοῦσι
1255 5700 1441 5777 τέμὴν,
1495 5696 1731 5766 μάλιστα
1759 5693 1815 5744 δὲ

229 5812 297 5862 ἑν
333 5804 636 5878 ἱερουργίᾳ.
669 5798 930 5870 Ὀφφίκια
960 5797 1013 5850 δὲ
1053 5788 1487 5862 ἐκκλησιαστικό.
1520 5787 1586 5854 τά
1615 5788 1813 5885 άρχον·

1897 3413 2073 3466 locum
2107 3408 2318 3464 diaconi
2344 3415 2634 3474 occupent,
2676 3404 2739 3457 18
2771 3405 2960 3470 prima:
2995 3404 3045 3454 iu
3075 3399 3249 3454 Νίσαια
3277 3399 3466 3467 synodi

1897 3515 2103 3556 canone
2127 3499 2472 3559 interdictum
2501 3505 2603 3557 est,
2626 3505 3080 3559 contumacesque
3109 3507 3136 3542 a
3168 3490 3470 3543 ministerio

1901 3591 2074 3646 arceri
2131 3590 2318 3643 eadem
2384 3586 2777 3640 constitutione
2830 3583 3133 3636 decretum.
3193 3580 3290 3633 Hie
3346 3595 3474 3634 vero

1898 3699 2098 3742 canon.
2127 3682 2219 3750 qui
2259 3678 2630 3733 honestiorem
2678 3674 2899 3729 sedendi
2953 3674 3128 3726 locum
3178 3672 3471 3740 impudenti

1904 3775 2211 3830 temeritate
2243 3770 2621 3825 sacerdotibus
2657 3766 3024 3835 praeripuerit,
3062 3780 3184 3816 eum
3233 3765 3283 3815 in
3317 3775 3473 3815 arro-

1904 3867 2097 3938 gantia:
2122 3879 2230 3916 suae
2262 3877 2471 3930 pmnam
2502 3876 2607 3915 non
2640 3875 2666 3911 a
2693 3858 2988 3913 ministerio
3016 3856 3232 3922 quidem
3269 3853 3474 3922 repelli,

1906 3958 1997 4009 sed
2032 3955 2096 4007 de
2128 3969 2225 4007 suo
2251 3952 2417 4021 gradu
2462 3948 2741 4003 deturbari
2771 3947 2944 4015 jubet.
2998 3941 3232 4003 Proinde
3279 3941 3323 3993 si
3365 3938 3478 4006 pri-

1904 4060 2053 4099 mum
2104 4043 2246 4098 forte
2299 4044 2474 4095 lecuut
2527 4043 2668 4093 inter
2709 4038 2968 4090 diaconos
3013 4033 3342 4106 obtinuerat,
3387 4029 3477 4096 qui

1907 4141 2043 4192 adeo
2068 4136 2405 4204 impudenter
2430 4148 2488 4186 se
2518 4131 2655 4201 gerit
2679 4138 2734 4184 et
2763 4137 2888 4180 ante
2914 4124 3262 4204 pre~byteros
3301 4121 3477 4182 sedet,

1908 4233 1960 4284 in
2004 4240 2339 4297 postremum
2391 4224 2728 4281 detrudelur,
2768 4219 3080 4281 honoreque
3119 4212 3333 4266 carteris
3362 4226 3483 4264 0m-

1910 4320 2066 4372 nibns
2099 4316 2320 4370 inferior
2356 4312 2662 4367 habebitur.
2692 4310 2748 4363 Si
2777 4318 3142 4377 quem-tamen
3169 4304 3478 4363 diaconum,

1907 4410 2152 4464 muneris
2183 4405 2264 4461 sui
2296 4405 2583 4465 vicarium,
2615 4403 2666 4454 iu
2693 4402 2878 4454 urbem
2909 4398 3144 4465 aliquam
3177 4382 3480 4462 patriarcha

1907 4501 1991 4555 vel
2015 4498 2460 4566 metropolitanns
2480 4491 2998 4558 destinarit,debitos
3024 4488 3149 4557 ipsis
3173 4483 3488 4554 praesulibus

1913 4594 2147 4646 honores
2182 4591 2360 4657 legato
2387 4585 2611 4649 deferri,
2643 4585 2941 4649 eodemque
2965 4593 3071 4646 quo
3106 4576 3194 4629 ille
3238 4576 3358 4628 loco
3393 4574 3487 4625 ha-

1844 4657 1886 4711 θ
1916 4684 2031 4737 beri
2086 4682 2284 4750 placet.
2337 4679 2444 4732 Sed
2498 4693 2619 4730 cum
2666 4675 2837 4727 altero
2886 4684 3116 4731 canone,
3145 4667 3245 4735 'qui
3280 4664 3491 4731 medius

1917 4775 2061 4828 inter
2084 4773 2434 4846 presbytergs
2458 4767 2786 4829 consederit,
2815 4763 2885 4816 illi
2919 4758 3242 4815 cessationis
3270 4770 3296 4806 a
3327 4753 3490 4827 mini-

1919 4864 2086 4917 sterio
2114 4876 2271 4930 paena
2297 4844 2517 4929 gravior
2547 4856 2746 4910 inﬂicta
2777 4855 2873 4913 sit,
2905 4866 3008 4918 qna
3042 4850 3251 4902 ratione
3286 4844 3491 4898 factum

1919 4956 2270 5018 arbitremur,
2313 4961 2380 5004 ut
2412 4950 2503 5018 qui
2559 4945 2926 5001 honestiorem
2985 4942 3162 4998 locum
3215 4937 3494 4991 sacerdote

1919 5045 2193 5100 assidente
2224 5041 2526 5110 occuparit,
2574 5053 2695 5090 cum
2745 5049 2810 5089 eo
2860 5033 2947 5086 hic
2975 5045 3147 5084 canon
3205 5023 3492 5081 remissius

1921 5148 2066 5206 agat.
2099 5137 2406 5202 levioreque
2434 5126 2926 5184 animadversionis
2956 5136 3156 5193 genere
3182 5116 3312 5171 nihil
3345 5114 3492 5168 aliud

1921 5245 2080 5300 quam
2116 5239 2446 5297 postremum
2480 5225 2621 5276 inter
2651 5221 2733 5274 sui
2765 5216 2971 5272 ordinis
3002 5213 3251 5266 homines
3272 5207 3496 5277 gradum

1921 5318 2420 5388 obtinerejubeat?
2470 5315 2526 5369 ld
2560 5315 2728 5387 igitur
2776 5312 2848 5364 ita
2896 5305 3141 5362 nonnulli
3203 5301 3501 5369 explicant,

1922 5425 1979 5469 ut
2010 5416 2075 5467 de
2098 5413 2368 5474 diacouis,
2405 5411 2495 5479 qui
2526 5409 2648 5461 dmn
2681 5419 2832 5459 sacra
2861 5399 3118 5470 mys’teria
3149 5401 3501 5462 peraguntur,

1929 5511 1978 5560 iu
2014 5506 2253 5559 sacrario
2291 5503 2450 5556 medii
2481 5502 2623 5554 inter
2664 5496 3013 5566 presbyteros
3048 5487 3367 5566 cottsedere,
3395 5496 3503 5550 quo

1928 5598 2144 5665 quidem
2176 5606 2415 5663 tempore
2445 5607 2538 5644 eos
2572 5588 2803 5640 maxime
2829 5569 3203 5658 sacerdotibus
3235 5571 3499 5627 inservire

1927 5698 2091 5755 atque
2147 5693 2328 5738 astare
2381 5687 2717 5748 oportuerat,
2779 5667 3200 5742 priuuc‘sytmdi
3236 5674 3500 5717 canoncm

1925 5780 2097 5851 accipi
2119 5779 2281 5834 velint
2307 5795 2319 5830 :
2346 5777 2487 5829 hunc
2515 5787 2642 5828 vero
2677 5771 2741 5824 de
2767 5763 2971 5847 iis,.qui
3005 5753 3497 5838 extra_sacrarium,
