4238 6464
754 411 901 504 ω’

2017 442 2293 504 ἿἪΕΟΒ.
2339 440 2743 504 BALSAMON

3937 424 4039 502 ιιι

751 553 861 606 alio
906 565 1233 620 quocunque
1283 565 1566 619 consessu,
1609 553 1907 623 digniorem
1940 553 2041 607 sibi
2072 553 2216 607 inter
2260 565 2344 604 sa-

2450 553 2602 606 τίκια
2648 552 2824 619 λέγει.
2873 551 2946 605 Τὸ
2976 551 3106 606 αὐτὸ
3141 553 3199 606 δῖε
3248 554 3475 621 κρᾶτετν
3515 551 3767 621 βούλεται
3802 554 3832 605 ὁ
3890 553 4042 605 κανὺ

752 644 1003 698 cerdotes
1033 643 1212 698 locum
1243 647 1569 715 arrogariut,
1602 645 2012 713 intelligendum
2042 658 2161 697 esse
2194 642 2340 696 arbi-

756 743 990 787 trentur.
1018 735 1153 790 Cum
1182 737 1326 790 enim
1353 738 1549 806 ubique
1580 738 1893 791 sacerdou-s
1921 735 2095 790 vereri
2126 734 2338 787 diaconi

757 826 1012 887 debeant,
1047 836 1157 879 tum
1200 826 1247 879 id
1280 842 1395 892 eos,
1439 831 1563 880 dum
1603 844 1768 898 opera
1817 827 1896 881 rei
1945 826 2140 880 divina:
2177 825 2342 878 mini—

757 921 927 969 sterio
961 917 1312 984 impenditur,
1344 931 1606 987 pra‘stare
1656 919 1892 974 maxime
1923 917 2105 972 decet.
2153 913 2341 969 Ollieia

755 1023 888 1061 vero
960 1011 1328 1065 ecclesiastica
1378 1013 1698 1084 αρχοντίκια
1744 1022 1924 1068 vocat.
1981 1011 2124 1065 Idem
2178 1023 2343 1078 porro

757 1111 813 1153 ut
848 1102 899 1154 in
932 1102 1054 1155 aliis
1086 1118 1302 1171 quoque
1332 1112 1589 1158 Servetur
1627 1104 1803 1158 sacris
1834 1101 2143 1164 ordinibus,
2181 1113 2339 1161 neve,

756 1196 881 1264 quia
921 1197 1205 1264 profanam
1261 1200 1473 1253 scilicet
1520 1199 1841 1268 dignitatem
1894 1197 2344 1266 magistratumve

755 1288 876 1355 quis
907 1290 1173 1354 obtineat,
1211 1291 1510 1346 insolenter
1561 1291 1765 1357 clTerri,
1829 1306 1893 1345 ac
1948 1292 2001 1344 in
2059 1287 2329 1356 superiori

755 1380 948 1433 ordine
980 1382 1313 1445 constitutis,
1351 1384 1580 1437 diacono
1606 1383 1756 1438 verbi
1804 1398 1970 1438 causa
2006 1380 2343 1450 bypodiaco-

758 1484 882 1533 nus,
917 1481 1008 1525 aut
1035 1472 1159 1527 huic
1193 1472 1365 1528 lector
1394 1475 1656 1529 insultare
1718 1487 1918 1529 temere
1974 1475 2195 1538 audeat,
2243 1471 2345 1523 hac

757 1563 1146 1618 constitutione
1177 1564 1481 1621 decretum.
1536 1568 1630 1622 Est
1668 1567 2039 1622 ecclesiastica
2068 1564 2335 1632 siquidem

754 1652 898 1705 civili
935 1670 1258 1726 quacunque
1296 1660 1554 1727 dignitate
1585 1660 1953 1728 prteslantior.
2009 1658 2178 1726 Cujus
2216 1653 2343 1723 qui-

754 1742 876 1797 dem
905 1749 1208 1816 argumenti
1241 1767 1301 1802 ea
1331 1752 1411 1805 vis
1442 1763 1546 1816 est,
1578 1763 1634 1805 ut
1664 1754 1927 1821 quoniam
1962 1752 2104 1803 inter
2132 1762 2229 1801 eos
2252 1746 2341 1813 qui

752 1837 1012 1906 profanos
1042 1842 1394 1912 magistratus
1422 1856 1641 1915 gerunt,
1690 1855 1767 1913 et,
1796 1846 1884 1915 qui
1941 1841 2215 1898 inferioris
2262 1843 2347 1891 est

2444 644 2540 694 καὶ
2570 642 2662 693 ἐπὶ
2692 641 2800 694 τῶν
2834 640 3012 695 ἄλλων
3048 642 3211 713 ἱερῶν
3238 642 3559 711 ταγμάτων,
3606 642 3751 694 ὥστε
3799 643 3875 712 μή
3919 659 4045 695 τινα

2445 731 2723 801 ἀξιώματι
2774 732 3025 802 κοσμικῷ
3059 732 3371 806 θαρροῦντα
3405 732 3437 803 ἢ
3468 734 3714 802 όφφικίῳ
3776 750 4041 786 καταναι-

2446 824 2702 878 δεύεσθαι
2726 825 2835 879 τῶν
2858 826 3055 888 ἄλλων,
3083 827 3182 879 καὶ
3209 825 3572 896 θρασύνεσθαι
3596 826 3741 878 κατὰ
3768 825 3881 876 τῶν
3906 842 4043 893 προ-

2446 918 2842 989 ϐαθμιωτέρων
2864 919 3054 981 αὐτοῦ,
3079 919 3610 989 ὑποδιάκονοντυχδν
3628 919 3771 973 κατὰ
3782 920 4033 972 διακόνου

2447 1009 2478 1078 ἦ
2504 1010 2858 1079 ἀναγνώστην
2881 1012 3023 1063 κατᾶ
3050 1011 3437 1065 ὑποδιακόνου.
3456 1012 3705 1082 Κρείττω
3730 1015 3864 1081 γὰρ,
3884 1012 4042 1081 φησὶ,

2450 1098 2518 1149 τὰ
2549 1099 2897 1167 πνευματικὰ
2934 1099 3223 1169 ἀξιώματα
3262 1100 3369 1151 τῶν
3404 1099 3710 1166 κοσμικῶν,
3752 1097 4040 1168 μονονουχὶ

2443 1187 2604 1240 τοῦτο
2649 1188 2857 1257 λέγων’
2893 1190 2955 1241 Ei
3000 1190 3056 1241 ὲν
3100 1192 3213 1252 τοῖς
3261 1192 3549 1258 κοσμικοῖς
3599 1187 3912 1257 ἀξιώμασιν
3942 1187 4041 1238 οὐκ

2446 1278 2622 1342 ἔξεστι
2651 1281 2730 1349 τῷ
2760 1281 2982 1350 ἥττονος
3041 1279 3199 1344 ἀξίας
3230 1279 3344 1353 ὄντι
3374 1281 3758 1350 προκαθῆσθαι
3780 1280 3813 1345 ἢ
3844 1296 4042 1347 προτε-

2443 1372 2706 1441 τιμῆσθαι
2731 1372 2824 1425 τοῦ
2852 1372 3062 1441 μείζονι
3120 1377 3492 1444 τετιμημένου
3524 1372 3828 1442 ἀξιώματῆ
3858 1371 4039 1437 πσλλῴ

2447 1463 2609 1517 πλέον
2640 1464 2740 1516 οὐκ
2770 1464 2951 1529 ἔξεστι
2996 1464 3156 1517 τοῦτο
3194 1468 3368 1518 ποιεῖν
3401 1468 3515 1528 τοῖς
3548 1464 4041 1530 ἐκκλησιαστικαῖς

2446 1553 2626 1616 ἀξίαις
2668 1553 3076 1623 τετιμημένοις.
3113 1553 3181 1610 ἃς
3211 1555 3305 1606 καὶ
3345 1553 3726 1623 πνευματικὰς
3756 1552 4042 1613 ἐκάλεσεν,

2446 1644 2519 1708 ὡς
2540 1646 2600 1697 οὐ
2621 1646 2760 1699 κατὰ
2786 1646 3137 1716 ἀνθρωπίνην
3153 1645 3311 1717 χάριν
3331 1665 3404 1697 πα
3413 1646 3532 1716 ρέχε
3546 1646 3667 1698 σθαι
3692 1642 4044 1713 ὀφειὶοῦσας.

2447 1738 2585 1790 ἀλλὰ
2616 1738 2758 1791 κατὰ
2807 1738 2962 1791 θείαν
2996 1739 3159 1809 χάριν
3189 1738 3476 1811 ἐπικλήσει
3525 1738 3623 1791 τοῦ
3671 1738 3821 1791 θείου
3874 1735 4046 1788 [1νεὺ-

2451 1844 2639 1898 ματος.

760 1934 1063 2003 dignitatis,
1134 1939 1454 1994 antesedere
1508 1950 1602 1992 aut
1643 1937 1888 2008 praeferri
1933 1938 2006 2003 ei,
2080 1933 2172 2003 qui
2220 1924 2411 1993 majori
2491 1921 2755 1988 dignitate
2810 1919 3136 1983 honoratur,
3188 1935 3297 1974 non
3343 1920 3503 1985 licet;
3558 1921 3725 1975 multo
3776 1922 3955 1989 magis
3981 1919 4052 1972 iis

756 2025 899 2078 idem
944 2042 1051 2081 non
1116 2029 1298 2096 liceat,
1363 2033 1457 2102 qui
1526 2030 1914 2087 ecclesiasticis
1951 2036 2220 2084 ornantur
2263 2020 2344 2087 dig

2449 2014 2643 2077 atibus,
2692 2028 2827 2081 quas

2924 2013 3090 2068 etiam
3144 2014 3459 2083 spirituales
3522 2023 3699 2068 canon
3760 2013 3866 2067 hoc
3927 2022 4050 2067 loco

756 2117 1023 2184 nominat,
1053 2121 1251 2190 quippe
1276 2101 1395 2192 (ιιιαὲ
1426 2139 1532 2177 non
1563 2123 1864 2187 hominum,
1895 2121 1988 2175 sed
2016 2116 2108 2171 Dei
2144 2110 2339 2186 gratia,
2380 2102 2617 2173 Spiritus
2650 2103 2825 2158 sancti
2859 2104 3224 2169 invocatione,
3257 2101 3496 2157 conferri
3528 2103 3747 2156 debent.

760 2211 990 2269 ARIST.
1031 2233 1049 2265 ι
1090 2215 1360 2272 Diaconns
1399 2220 1560 2273 etiam
1594 2219 1827 2273 ofﬁcium
1880 2225 2185 2278 assecutus,
2230 2205 2335 2263 nisi

2449 2201 2664 2254 ΑΡΙΣΤ.
2702 2219 2723 2251 ι
2763 2203 2874 2253 Καὶ
2932 2200 3189 2268 όφφίκιον
3220 2198 3358 2269 ἔχων
3382 2197 3650 2260 διάκονος,
3689 2196 3737 2249 εἰ
3767 2197 3845 2268 μὴ
3873 2215 4042 2251 τοποο

746 2356 749 2361 .
838 2324 858 2357 ι
899 2307 1223 2373 patriarchae
1255 2309 1334 2363 vel
1370 2311 1609 2380 episc0pi
1646 2313 1823 2365 locum
1863 2315 2069 2371 teneat,
2122 2307 2166 2360 si
2213 2313 2341 2359 ante

840 2418 859 2452 ι
897 2403 1251 2472 presbyteros
1281 2403 1505 2469 sederit,
1539 2407 1782 2459 omnium
1813 2404 1918 2458 erit
1945 2402 2184 2456 intimus.
2207 2416 2227 2450 ι

831 2586 1029 2640 Fastus
1058 2586 1349 2641 smculares
1385 2598 1438 2641 et
1466 2588 1673 2655 primos
1708 2586 1997 2641 accubitus
2045 2586 2231 2640 Patres
2260 2586 2342 2638 di-

764 2676 874 2730 vini
933 2676 1002 2730 ab
1060 2676 1303 2731 Ecclesia
1358 2686 1722 2745 amputantes,
1774 2681 2018 2731 statuunt
2071 2677 2339 2730 neminem

766 2769 1158 2833 diaconorum,
1212 2767 1593 2837 qualecunque
1660 2767 2092 2824 ecclesiasticum
2148 2768 2347 2822 habeat

764 2859 1024 2925 ollicium,
1077 2872 1204 2914 ante
1253 2862 1598 2931 presbyteros
1646 2863 1876 2928 sedere;
1934 2861 2038 2915 nisi
2086 2862 2244 2925 forte,
2290 2871 2350 2914 ut

767 2953 1029 3016 vicarius,
1076 2952 1403 3020 patriarcha:
1452 2954 1535 3008 sui
1586 2963 1679 3007 aut
1736 2952 2131 3023 metropolitani
2172 2953 2346 3004 vicem

762 3056 938 3116 gerat,
967 3045 1020 3099 in
1052 3042 1213 3099 aliam
1250 3046 1527 3100 civitatem
1563 3046 1760 3100 missus
1796 3046 2181 3100 canonicarum
2210 3059 2344 3111 qua-

764 3137 1014 3189 rumdam
1067 3147 1123 3191 et
1157 3136 1655 3191 ecclesiasticarum
1708 3151 1873 3190 causa
1909 3137 2290 3204 quaestionum
2328 3152 2341 3188 :

767 3235 899 3280 tunc
926 3226 1098 3291 enim,
1124 3236 1182 3281 ut
1215 3227 1363 3282 illius
1389 3227 1569 3282 locum
1609 3227 1843 3297 implens
1872 3227 2252 3282 ltouorabitur.
2286 3224 2345 3280 Si

769 3319 893 3386 quis
923 3330 1102 3372 autem
1141 3320 1405 3375 diaconus
1464 3321 1742 3391 tyrannica
1798 3320 2066 3375 adductus
2099 3319 2346 3382 audacia,

770 3411 932 3482 166
954 3411 1114 3465 aliter
1148 3427 1311 3467 ausus
1335 3413 1497 3468 fuerit
1530 3429 1695 3482 supra
1720 3414 2096 3483 presbyterum
2132 3414 2344 3476 sedere,

2526 2310 2546 2342 ‹
2590 2290 2834 2359 τηρητὴς
2863 2289 2954 2360 εἴη
2985 2289 3330 2359 πατριάρχου
3365 2290 3397 2357 ἢ
3434 2292 3754 2354 ἐπισκόπου,
3794 2290 3904 2357 πρὸ
3939 2287 4046 2339 τῶν

2527 2402 2545 2433 ι
2590 2382 2984 2452 πρεσϐυτέρων
3044 2381 3436 2452 καθεζόμενος,
3486 2382 3749 2435 ἁπάντων
3790 2382 4043 2453 ἐσχατὼ-

2455 2494 2474 2526 ι
2520 2492 2674 2544 τερος
2702 2474 2898 2528 ἔσοιτο.
2949 2491 2968 2525 ι

2520 2566 2661 2629 Τοὺς
2693 2568 2993 2635 κοσμικοὺς
3037 2565 3243 2634 τύφους
3279 2567 3372 2619 καὶ
3418 2566 3518 2629 τὰς
3556 2565 3971 2635 πρωτοκλισίας
3995 2566 4046 2617 οι

2451 2658 2586 2710 θεῖοι
2638 2659 2880 2727 Πατέρες
2933 2657 2999 2709 ἐκ
3048 2660 3144 2728 τῆς
3201 2658 3531 2728 Ἐκκλησίας
3587 2658 4044 2727 περιαιροῦντες,

2452 2750 2851 2819 ’προστάττουσι
2885 2750 3091 2822 μηδένα
3134 2750 3243 2803 τῶν
3272 2751 3558 2813 διακόνων,
3592 2751 3697 2802 κᾶν
3723 2749 4046 2819 οἱανδήποτε

2446 2842 2905 2913 ἐκκλησιαστικὸν
2935 2844 3195 2914 όφφίκιον
3230 2843 3350 2915 ἔχῃ,
3382 2843 3491 2895 τῶν
3519 2842 3917 2912 πρεσϐυτέρων
3950 2860 4047 2893 κα-

2449 2935 2704 2998 θέζεσθαι
2744 2937 2968 3001 ἄνωθεν,
3022 2938 3071 2989 εί
3112 2937 3188 3005 μή
3242 2953 3366 2998 που,
3418 2935 3495 2999 ὡς
3530 2933 3936 3003 τοποτηρητὴς.
3982 2933 4050 2985 τδ

2452 3027 2749 3095 πρόσωπον
2779 3027 2967 3096 ἐπέχει
3023 3028 3119 3080 τοῦ
3155 3028 3358 3080 οἰκείου
3388 3025 3732 3097 πατριάρχου
3766 3024 3801 3093 ἢ
3837 3041 4050 3092 μηἰροο

2452 3119 2706 3185 πολίτου,
2751 3121 2809 3171 ἐν
2844 3121 3007 3191 ἑτέρᾳ
3069 3120 3223 3173 πόλει
3273 3118 3489 3181 σταλεὶς
3538 3119 3699 3188 χάριν
3739 3115 4049 3169 κανονικῶν

2452 3213 2546 3265 καὶ
2581 3212 3055 3280 ἐκκλησιαστικῶν
3091 3212 3460 3280 ζητημάτων·
3506 3210 3628 3263 τότε
3664 3209 3796 3277 γὰρ,
3841 3207 3921 3267 ὡς
3955 3207 4051 3257 τδν

2450 3304 2667 3357 ἐκείνου
2695 3306 2861 3358 τόπον
2888 3305 3243 3374 ἀναπληρῶν,
3274 3302 3663 3374 τιμηθήσεται.
3698 3301 3759 3352 Εἰ
3790 3298 3844 3350 δὲ
3868 3298 4054 3358 ἄλλως

2450 3395 2718 3463 τολμήσει
2750 3412 2835 3456 τις
2865 3396 2976 3448 τῶν
3001 3396 3287 3457 διακόνων,
3323 3392 3634 3463 τυραννικῷ
3664 3391 3855 3460 θράσει
3899 3388 4053 3459 χρώ·

765 3480 866 3554 suo
894 3480 1061 3571 gradu
1102 3500 1343 3569 dejectus
1372 3502 1502 3569 erit,
1534 3480 2117 3560 eretur—tiuutultimus
2162 3503 2344 3558 diaco-

2459 3502 2655 3554 μενος,
2694 3487 2805 3540 τῶν
2848 3486 3244 3559 πρεσϐυτέρων
3291 3485 3502 3540 ἄνωθεν
3546 3483 3908 3553 καθεσθῆναι,
3960 3480 4056 3535 τοῦ

766 3609 958 3649 norum
980 3600 1191 3652 evadet.

1356 3802 1590 3859 CANON
1635 3803 1767 3860 VI".

774 3954 795 3990 ι
843 3936 896 3989 In
932 3936 1184 3989 omnibus
1218 3951 1303 4001 ea,
1341 3952 1460 4005 qua:
1494 3953 1523 3991 a
1574 3940 1779 3993 nostris
1833 3939 2039 3995 sanctis
2092 3939 2349 3997 Palribus

846 4049 863 4077 ι
904 4035 1118 4083 decreta
1147 4038 1294 4095 sunt,
1334 4045 1431 4084 nos
1477 4046 1693 4100 quoque
1744 4041 1857 4085 rata
1903 4048 1968 4086 ac
2021 4034 2172 4086 ﬁrma
2227 4049 2348 4089 esse

847 4139 864 4169 ι
910 4121 1173 4181 volentes,
1222 4136 1483 4175 cauouem
1511 4137 1724 4191 quoque
1768 4139 2107 4189 renovamus,
2144 4125 2232 4195 qui
2266 4127 2351 4193 iu-

914 4212 1007 4266 bet
1063 4212 1291 4282 singulis
1338 4214 1494 4266 annis
1557 4213 1981 4284 uniuscujusque
2058 4219 2349 4285 provincia:

913 4306 1289 4374 episcoporum
1324 4306 1565 4377 synodos
1594 4308 1729 4372 tieri,
1766 4308 1856 4362 ubi
1897 4312 2350 4378 metropolitanus

911 4395 1200 4464 episcopus
1234 4398 1404 4450 satius
1426 4413 1549 4452 esse
1582 4402 1824 4456 duxerit.
1852 4402 2119 4468 Quoniam
2168 4417 2348 4460 autem

914 4497 1132 4555 propter
1191 4488 1401 4557 aliquas
1493 4490 1858 4547 Barbarornm
1909 4494 2245 4551 incursiones
2296 4510 2353 4552 et

878 4581 1170 4647 .quasdam
1203 4582 1340 4636 alias
1379 4584 1681 4639 incidentes
1712 4601 1930 4652 causas,
1982 4603 2088 4643 non
2126 4601 2353 4657 possunt

910 4671 999 4739 qui
1022 4670 1267 4727 ecclesiis
1303 4674 1593 4742 praesident
1623 4678 1864 4744 synodos
1898 4678 1979 4731 bis
2016 4680 2067 4732 in
2104 4695 2248 4734 anno
2272 4680 2353 4733 {a-

916 4777 1060 4825 cere,
1097 4765 1271 4817 visum
1302 4776 1405 4830 est,
1440 4775 1498 4819 ut
1520 4768 1743 4821 omnino
1775 4769 1939 4824 semel
1970 4770 2023 4823 in
2050 4786 2193 4826 anno
2230 4788 2355 4840 pro-

913 4964 1018 5018 ρει,
1048 4965 1409 5023 emergentes,
1444 4956 1831 5023 praedictorum
1884 4958 2265 5027 episcoporum
2299 4959 2352 5011 in

916 5062 1239 5114 unaquaque
1288 5048 1564 5116 provincia
1613 5048 1701 5100 fiat
1768 5050 2030 5115 synodus,
2086 5067 2115 5104 α
2164 5060 2356 5106 sancto

914 5140 1133 5193 Pam-ha!
1181 5139 1340 5203 festo,
1390 5149 1446 5193 et
1498 5155 1668 5209 usque
1722 5141 1789 5195 ad
1838 5141 2090 5197 Octobris
2149 5144 2355 5199 mensis

849 5248 868 5281 ι
916 5231 1397 5300 complementum,
1431 5233 1659 5301 singulis
1693 5234 1872 5296 anuis,
1912 5236 1965 5287 in
2009 5236 2128 5290 loco
2168 5252 2353 5304 quem,

852 5340 870 5373 ι
917 5334 974 5377 ut
1027 5325 1341 5392 praedictum
1400 5334 1504 5390 est,
1570 5327 2022 5395 metropolitanus
2071 5330 2359 5398 episcopus

859 5434 875 5462 ‹
924 5417 1188 5485 aptiorem
1220 5417 1545 5483 judicaverit
1577 5435 1591 5470 :
1623 5418 1657 5471 ii
1705 5428 1907 5484 autem,
1957 5421 2047 5489 qui
2094 5436 2197 5475 non
2226 5438 2361 5477 con-

858 5523 877 5557 ι
924 5507 1168 5575 veniunt,
1198 5509 1457 5578 episcopi,
1490 5524 1613 5563 cum
1648 5509 1699 5563 in
1729 5510 1843 5564 suis
1865 5511 2175 5566 civitatibus
2200 5523 2366 5583 agant

916 4864 1036 4923 pter
1061 4857 1460 4912 ecclesiasticas
1517 4860 1871 4929 quaestiones,
1942 4870 2002 4914 ut
2056 4863 2351 4917 verisimile
2385 4854 2430 4909 Ι)

2463 3579 2599 3634 ἰδίου
2632 3578 2845 3651 βαθμοῦ
2881 3578 3457 3650 καταδιδασθὴσεται,
3494 3578 3593 3632 καλ⁵
3631 3578 3852 3631 πάντων
3886 3576 4056 3646 ἔσχα-

2461 3689 2553 3737 τος
2591 3674 2703 3728 τῶν
2732 3674 2998 3728 διακόνων
3020 3674 3331 3745 γενήσεται.

3064 3808 3309 3864 ΚΑΝΩΝ
3358 3807 3443 3861 Η’.

2466 3968 2484 4000 ι
2534 3948 2624 4001 Ἑν
2665 3949 2802 4000 πᾶσι
2829 3946 2899 3999 τὰ
2951 3946 3056 3999 ὑπὸ
3094 3945 3204 3998 τῶν
3254 3944 3427 4013 ἁγίων
3466 3941 3728 4013 Πατέρων
3762 3942 3928 4013 ήμῶν
3977 3942 4062 3995 Oa-

2542 4061 2559 4090 ι
2612 4038 2912 4092 σπισθέντα
2958 4039 3051 4091 καὶ
3078 4039 3241 4107 ἡμεῖς
3271 4038 3494 4105 κρατεῖν
3542 4034 3858 4101 βουλόμενοι
3881 4074 3896 4098 ,
3932 4035 4065 4087 ἀνα-

2538 4152 2555 4181 ι
2603 4130 2834 4200 νεοῦμεν
2867 4132 2965 4182 καὶ
3001 4130 3091 4182 τὸν
3121 4129 3325 4182 κανόνα
3368 4128 3460 4179 τὸν
3493 4128 3890 4198 διαγορεύοντα
3936 4115 4065 4179 καθ’

2536 4245 2551 4272 ι
2601 4225 2835 4277 ἕκαστον
2881 4223 3003 4285 ἔτος
3050 4222 3300 4284 συνόδους
3355 4220 3462 4273 τῶν
3492 4221 3729 4287 ἑκάστης
3781 4219 4066 4288 ἐπαρχίας

2536 4336 2554 4365 ι
2604 4315 2854 4381 γίνεσθαι
2898 4311 3239 4376 ἐπισκόπων,
3290 4311 3417 4364 ἔνθα
3464 4311 3531 4365 ἄν
3572 4313 3601 4363 ὁ
3630 4311 3731 4379 τῆς
3773 4310 4065 4379 μητροπό-

2542 4428 2559 4456 ι
2609 4408 2747 4465 λεως
2781 4404 3055 4473 δοκιμάσῃ
3081 4404 3403 4465 ἐπίσκοπος.
3451 4401 3668 4469 Ἐπειδὴ
3705 4400 3762 4452 δὲ
3791 4400 3884 4454 διὰ
3910 4402 4066 4462 τινάς

2540 4514 2559 4549 ι
2606 4515 2669 4550 τε
2722 4496 2832 4549 τῶν
2896 4495 3190 4565 βαρϐάρων
3237 4493 3561 4562 ἐπιδρομὰς,
3611 4493 3699 4545 διά
3756 4510 3817 4543 τε
3851 4508 4065 4561 προπι-

2539 4612 2554 4637 ι
2606 4588 2847 4647 πτοὺσας
2895 4587 3090 4655 ἐτέρας
3140 4583 3342 4647 αἰτίας,
3381 4583 3658 4645 ἀδυνάτως
3711 4584 3762 4633 οἱ
3806 4583 3926 4634 τῶν
3976 4585 4061 4635 ἐκ·

2541 4700 2561 4732 ι
2610 4678 2852 4745 κλησιῶν
2900 4676 3152 4748 πρόεδροι
3206 4674 3393 4744 ἔχουσι
3428 4674 3510 4735 δὶς
3544 4673 3638 4725 τοῦ
3675 4672 3935 4725 ἐνιαυτοῦ
3971 4674 4066 4733 τὰς

2544 4792 2563 4825 ι
2612 4772 2863 4832 συνόδους
2907 4769 3210 4831 ποιεῖσθαι,
3239 4763 3437 4830 ἔδοξεν,
3470 4765 3610 4817 ὥστε
3657 4766 3850 4835 τρόπῳ
3905 4768 4067 4818 παντὶ

2538 4884 2556 4916 ι
2608 4864 2756 4929 ἅπαξ
2804 4861 2898 4915 τοῦ
2951 4861 3203 4914 ἐνιαυτοῦ
3239 4860 3351 4929 (65)
3401 4859 3499 4928 τὴν
3540 4858 3648 4909 τῶν
3698 4874 4067 4927 προγεγραμ·

2540 4977 2558 5009 ι
2611 4958 2790 5026 μένων
2820 4953 3139 5008 ἐπισκόπων
3180 4952 3273 5004 διὰ
3295 4950 3382 5016 ζτὰ
3416 4950 3492 5011 ὠς
3521 4949 3669 5013 εἰκὸς
3702 4950 4067 5016 ἀναφυόμενα

2540 5071 2559 5102 ι
2609 5046 3042 5118 ἐκκλησιαστικὰ
3064 5044 3338 5113 κεφάλαια
3372 5045 3430 5096 ἐν
3460 5042 3670 5113 ἑκάστῃ
3699 5043 3955 5115 ἐπαρχίᾳ
3986 5042 4067 5111 γί-

2541 5163 2560 5194 ι
2605 5142 2794 5196 νεσθαι
2826 5138 3041 5192 σύνοδον
3062 5138 3169 5190 ἀπὸ
3196 5137 3296 5205 τῆς
3328 5134 3489 5202 ἁγίας
3513 5133 3607 5187 τοῦ
3639 5133 3835 5203 Πάσχα
3869 5136 4069 5205 ἑορτῆς

2542 5254 2561 5285 ι
2610 5234 2702 5286 καὶ
2725 5232 2887 5302 μέχρι
2917 5227 3370 5299 συμπληρώσεως
3393 5224 3487 5277 τοῦ
3527 5224 3867 5292 Ὀκτωὸρίου
3903 5224 4068 5291 μηνὶς

2547 5345 2564 5375 ι
2615 5324 2849 5379 ἑκάστου
2877 5322 3033 5388 ἔτους
3059 5324 3203 5377 κατὰ
3232 5321 3327 5374 τὸν
3360 5320 3546 5383 τόπον,
3572 5316 3631 5369 ὃν
3660 5318 3687 5368 ὁ
3721 5317 3824 5383 τῆς
3867 5331 4069 5383 μητρο-

2549 5438 2567 5467 σ
2617 5418 2850 5481 πόλεως,
2874 5415 3020 5469 καθὰ
3048 5413 3397 5485 προείρηται,
3420 5407 3712 5477 δοκιμάσει
3740 5406 4068 5463 ἐπίσκοπος.

2552 5533 2570 5562 ‹
2617 5510 2756 5574 Τοὺς
2788 5510 2844 5563 δὲ
2875 5510 2950 5581 μὴ
2983 5509 3258 5567 συνιόντας
3290 5501 3663 5564 ἐπισκόπους,
3697 5499 4071 5570 ἐνδημοῦντας

1944 5690 2146 5752 Guill.
2189 5689 2521 5768 Beveregii
2567 5698 2755 5753 nota).

863 5815 978 5883 (63)
1010 5815 1211 5879 ’Λπαξ
1246 5815 1355 5870 τοῦ
1394 5813 1697 5869 ἐνιαυτοῦ.
1731 5814 1856 5867 11ιιιο
1895 5829 2070 5882 usque
2130 5813 2196 5868 ad
2256 5812 2344 5882 γίν

2452 5830 2508 5869 αι
2583 5815 2801 5869 σύνοδον
2871 5812 3144 5868 inclusive
3186 5810 3241 5864 in
3315 5822 3420 5863 ms.
3470 5804 3923 5862 Amcrbacbiano
3968 5820 4069 5860 una

786 5891 910 5947 sine
928 5903 1144 5942 summo
1173 5890 1399 5943 canonis
1432 5887 1761 5943 detrimento
1787 5885 2006 5939 desunt.
