4238 6464
198 437 300 497 515

276 661 288 688 -.
339 656 562 706 γοντας,
593 638 686 689 καὶ
721 636 897 704 πάσης
928 635 1308 704 ἀπαραιτήτου
1349 640 1437 688 καὶ
1473 637 1780 701 ἀναγκαῑας

270 749 287 779 ι
339 729 601 797 ἀσχολίας
662 731 820 789 ὄντας
881 725 1228 795 ἐλευθέρους,
1289 726 1595 795 ἀδελφικῶς
1658 729 1780 778 ὲπι-

269 839 285 868 ι
331 817 687 886 πλήττεσθαι.

264 909 465 961 ΒΑΛΣ.
512 909 653 976 Περὶ
707 908 801 959 τοῦ
855 908 973 970 πῶς
1038 911 1131 962 καὶ
1193 913 1322 961 ποτε
1373 910 1674 977 ὀφείλουσιν
1737 909 1787 962 οἱ

198 1003 496 1052 ἐπίσκοποι
558 1001 710 1069 παρὰ
742 1003 856 1062 τοῖς
902 1002 1139 1071 πρώτοις
1171 1002 1352 1054 αὐτῶν
1406 1002 1784 1073 συνέρχεσθαι,

196 1094 338 1146 ὥστε
374 1094 623 1160 γίνεσθαι
675 1097 949 1154 συνόδους,
998 1095 1090 1144 καὶ
1121 1094 1348 1145 λύεσθαι
1383 1097 1451 1146 τὰ
1489 1095 1784 1160 ἐκκλησια-

195 1187 362 1238 attici
393 1187 715 1255 ζητήματα,
753 1187 972 1254 εἴρηται
1019 1187 1077 1237 ἐν
1120 1185 1398 1254 διαφόροις
1449 1185 1784 1250 προλαϐοῦσι

190 1277 434 1328 κανόσιν.
475 1275 769 1341 ’Δνὰγνωθι
819 1279 911 1327 καὶ
938 1291 1063 1341 κεφ.
1111 1273 1357 1342 η’τίτλου
1394 1273 1446 1342 η’
1495 1276 1588 1328 τοῦ
1634 1293 1782 1346 παρ-

187 1366 342 1427 όντος
404 1367 800 1435 συντάγματος,
848 1365 944 1416 κα)⁸
978 1366 1048 1415 τὰ
1082 1367 1138 1415 ἐν
1177 1363 1347 1433 αὐτῷ.
1388 1364 1448 1416 '0
1489 1365 1543 1417 δὲ
1593 1365 1785 1434 παρὼν

191 1455 381 1506 κανὼν
438 1456 588 1508 οὐδέν
639 1472 688 1525 τι
737 1454 899 1506 πλέον
942 1453 1054 1504 τῶν
1085 1453 1263 1506 ἄλλων
1296 1455 1461 1523 φησὶν
1494 1455 1610 1507 ἀλλ’
1650 1458 1681 1524 ἢ
1727 1457 1786 1509 πὸ

189 1544 448 1610 γίνεσθαι
501 1533 672 1606 ἂπαξ
696 1544 790 1596 τοῦ
846 1542 1099 1595 ἐνιαυτοῦ
1151 1545 1249 1605 τὰς
1300 1545 1572 1606 συνόδους.
1628 1546 1786 1600 Ἀνα-

189 1635 364 1697 γνωΘι
401 1636 496 1686 καὶ
546 1635 646 1702 τῆς
686 1634 728 1686 δ’
790 1635 1012 1686 συνόδου
1063 1635 1266 1686 κανόνα
1306 1632 1394 1696 ιϐ’,
1437 1636 1532 1686 καὶ
1571 1635 1671 1703 τῆς
1737 1643 1786 1688 α’

188 1729 413 1781 συνέεο)
465 1731 662 1780 κανόνα
710 1727 772 1793 ε’,
812 1729 905 1780 καὶ
960 1729 1067 1780 τῶν
1117 1729 1289 1794 ἁγίων
1327 1729 1641 1781 ἀποστόλων
1686 1747 1784 1782 κα-

189 1819 319 1871 νόνα
344 1817 442 1880 λζ’.
479 1820 637 1871 Εἴποι
667 1821 721 1870 δέ
744 1837 825 1881 τις
849 1816 960 1887 (66)
991 1818 1086 1882 ὡς,
1121 1820 1227 1871 τῶν
1260 1820 1575 1872 ἐπισκόπων
1604 1822 1772 1888 ἀναγ-

196 1910 521 1977 καζομένων
553 1910 701 1978 παρὰ
730 1913 842 1971 τοῖς
868 1910 1297 1979 μητροπολίταις
1326 1911 1556 1976 ἐτησίως
1588 1913 1778 1980 συνέρ-

197 1999 420 2065 χεσθαι,
453 2001 500 2051 οἱ
536 2001 936 2070 μητροπολῖται
967 2003 1066 2052 οὐκ
1091 2002 1603 2071 ἀναγκασθήσονται
1627 2005 1776 2072 παρὰ

190 2089 268 2156 τῷ
320 2092 639 2162 πατριάρχῃ
689 2091 988 2145 συνελθεῖν.
1045 2093 1113 2144 Ἦ
1161 2093 1269 2162 γὰρ
1304 2089 1449 2147 οὗτοι
1483 2097 1631 2164 παρὰ
1663 2113 1769 2148 παι

185 2179 429 2247 τριάρχῃ
465 2181 836 2248 συνέρχονται,
885 2182 978 2232 καὶ
1021 2182 1312 2249 συμδαίνει
1341 2182 1437 2242 τὰς
1467 2186 1574 2234 τῶν
1607 2186 1776 2252 ἐπαρ.

190 2270 412 2339 χιωτῶν
438 2272 759 2322 ἐπισκόπων
783 2273 1033 2334 συνόδους
1059 2275 1395 2341 ἀπράκτους,
1423 2275 1455 2344 ἢ
1487 2277 1545 2326 οὐ
1584 2277 1773 2347 συνέρ-

189 2377 406 2428 χονται,
448 2363 541 2414 καὶ
578 2363 634 2414 αἱ
668 2365 1068 2434 πατριαρχικαὶ
1101 2365 1309 2417 σύνοδοι
1340 2367 1400 2418 οὐ
1431 2370 1770 2436 γενήσονται.

184 2454 302 2504 Καὶ
332 2451 508 2505 ταῦτα
540 2452 640 2521 μὲν
670 2456 801 2514 ἴσως
833 2457 946 2523 ἐρεῖ
982 2471 1096 2517 τις·
1137 2456 1201 2507 σὺ
1257 2457 1312 2508 δὲ
1346 2457 1616 2524 ἀνάγνωθι
1655 2461 1774 2510 ἐπι-

195 2544 608 2614 στατικώτερον
675 2546 733 2598 τὸ
786 2544 834 2598 κ’
890 2547 1083 2614 κεφάλ.
1138 2548 1230 2598 τοῦ
1280 2546 1330 2599 α’
1365 2550 1545 2602 τίτλου
1589 2552 1683 2604 τοῦ
1726 2564 1772 2618 γ’

185 2633 400 2690 βιϐλίου
435 2634 592 2701 λέγον
623 2637 678 2687 ἐν
718 2638 874 2705 μέρει
903 2639 1076 2700 οὕτως
1099 2656 1114 2670 ·
1151 2640 1460 2710 Κελεύομεν
1492 2645 1623 2695 πᾶσι
1655 2646 1777 2714 τρό-

183 2739 316 2783 ποις
372 2725 502 2792 μίαν
547 2725 769 2778 σύνοδον
822 2728 1068 2794 γίνεσθαι
1111 2731 1232 2782 καθ’
1281 2731 1512 2784 ἕκαστον
1568 2734 1684 2796 ἔτος
1720 2737 1774 2786 ὲν

179 2816 397 2887 ἑκάστῃ
447 2818 686 2888 ἐπαρχίᾳ
732 2819 763 2886 ἢ
816 2819 893 2888 τῷ
940 2821 1145 2890 Ίουνίῳ
1189 2823 1220 2891 ἢ
1280 2823 1355 2893 τῷ
1415 2827 1773 2896 Σεπτεμόρξῳ

184 2909 349 2974 μηνὶ,
382 2908 478 2959 καὶ
535 2909 772 2961 συνιέναι
828 2911 979 2979 παρὰ
1038 2913 1136 2980 μὲν
1166 2915 1277 2973 τοῖς
1333 2918 1770 2986 μακαριωτάτοις

183 2999 566 3068 πατριάρχαις
600 3001 842 3063 ἐκείνους
887 3003 1016 3064 τοὺς
1059 3003 1188 3073 παρ’
1221 3005 1402 3057 αὐτῶν
1433 3025 1769 3077 χειροτονου-

184 3090 410 3156 μένους,
463 3091 538 3161 μὴ
586 3092 807 3160 ἔχοντας
851 3092 905 3144 δὲ
953 3093 1164 3146 δίκαιον
1208 3095 1402 3158 ἄλλους
1439 3099 1772 3161 ἐπισκόπους

1225 437 1299 492 3X
1335 437 1496 496 CAN.
1534 436 1673 494 Vlll
1718 438 1924 498 CONC.
1959 439 2042 499 IN
2084 443 2404 504 TRULLO.

276 570 294 601 ι
338 550 463 610 ταῖς
497 547 707 601 ἑαυτῶν
758 546 969 607 πόλεσι,
1020 547 1113 598 καὶ
1174 546 1349 599 ταῦτα
1382 550 1438 600 ἐν
1475 549 1632 617 ὑγεία
1662 549 1778 600 διὰ·
1813 559 1852 609 Α

3365 452 3465 512 Sili

1962 571 1978 602 ι
2022 565 2074 608 ct
2108 557 2222 608 sani
2251 560 2380 618 sint,
2402 568 2454 609 et
2483 557 2549 608 ali
2577 560 2722 612 omni
2753 560 3044 615 inevitaliili
3071 572 3122 615 ct
3155 568 3462 619 necessario

1969 662 1985 692 ι
2031 646 2244 714 negotio
2275 646 2452 710 lit-eri,
2489 647 2724 702 fraterne
2755 652 3138 718 corripiantur.
3187 671 3205 703 ›

1964 911 2154 966 BALS.
2180 912 2460 977 Quomodo
2491 922 2539 963 et
2571 913 2786 976 quando
2825 914 3082 966 ’debeant'
3111 918 3346 986 episcopi
3394 922 3458 970 τιιι

1896 1019 2024 1058 suos
2053 1004 2258 1072 primos
2281 1003 2595 1065 convenire,
2629 1011 2679 1053 ut
2705 1003 2895 1068 synodi
2929 1003 3247 1066 habeantur,
3289 1016 3341 1058 et
3369 1023 3458 1060 ρι’-

1887 1096 2204 1149 clesiasticze
2238 1095 2562 1162 quaestiones
2587 1094 2881 1154 solvantur,
2918 1096 2968 1144 iu
2996 1095 3223 1147 diversis
3256 1111 3458 1163 praecl--

1888 1187 2142 1240 dentibus
2167 1186 2464 1237 canonihus
2498 1185 2694 1237 dictum
2728 1196 2832 1235 e~t.
2874 1185 3010 1254 Lege
3035 1195 3087 1238 et
3113 1197 3272 1253 caput
3301 1197 3456 1240 octa-

1885 1293 2008 1329 vum
2046 1275 2180 1330 tituli
2222 1277 2396 1329 octavi
2431 1275 2713 1344 praesentis
2743 1278 2942 1342 operis,
2976 1285 3026 1328 ct
3071 1293 3191 1345 qua:
3218 1277 3288 1329 ibi
3322 1281 3460 1330 scri-

1885 1377 1972 1435 pta
2009 1377 2155 1421 sunt.
2185 1366 2432 1420 Praesens
2465 1374 2646 1418 autem
2670 1381 2842 1417 canon
2872 1365 3004 1417 nihil
3035 1367 3149 1434 plus
3176 1382 3335 1433 quam
3366 1369 3455 1420 alii

1887 1459 2040 1522 dicit,
2073 1469 2434 1526 prteterquam
2465 1466 2519 1508 ιιι
2571 1457 2737 1510 semel
2772 1456 2901 1509 fiant
2950 1458 3002 1510 in
3044 1474 3185 1511 anno
3241 1460 3457 1527 synodi.

1887 1551 2026 1617 Lege
2060 1559 2113 1602 et
2148 1559 2356 1618 quarta:
2411 1549 2600 1616 synodi
2658 1563 2852 1602 canon.
2907 1549 3173 1601 decimum
3231 1565 3454 1612 nonum,

1884 1653 1934 1696 et
1965 1643 2149 1710 prima:
2182 1641 2374 1708 synodi
2419 1654 2681 1691 canonem
2730 1640 2999 1702 quintum,
3044 1651 3096 1692 et
3147 1633 3456 1694 sanctorum

1887 1734 2246 1800 apostolorum
2278 1745 2542 1784 canonetn
2591 1731 2925 1784 tricesimum
2959 1732 3268 1800 septimum.
3306 1731 3458 1785 Dicat

1889 1834 2067 1876 autem
2118 1838 2225 1876 non
2271 1835 2450 1883 nemo,
2509 1821 2648 1885 quod
2703 1835 2825 1872 cum
2879 1820 3115 1888 episcopi
3161 1824 3456 1888 quotannis

1883 1918 2020 1984 apud
2055 1914 2498 1984 metmpolitanos
2531 1913 2826 1967 convenire
2858 1921 3142 1978 cogantur,
3177 1923 3452 1980 metropo-

1879 2008 2030 2062 litani
2080 2008 2221 2074 apud
2261 2006 2624 2073 patriarcham
2675 2003 2968 2057 convenire
3020 2018 3122 2055 non
3166 1991 3450 2073 cogentur.

1878 2097 1976 2152 Vel
2006 2097 2151 2151 enim
2190 2097 2263 2150 illi
2301 2095 2442 2165 apud
2477 2095 2841 2164 patriarcham
2873 2095 3218 2159 conveniunt,
3248 2107 3452 2164 etpro-

1878 2190 2186 2243 vincialium
2223 2188 2599 2256 episcoporum
2625 2187 2861 2254 synodos
2892 2201 3112 2240 cessare
3147 2202 3244 2240 usu
3280 2187 3446 2250 venit,

1878 2282 1960 2333 vel
1989 2296 2090 2333 non
2121 2281 2469 2340 conveniunt,
2499 2286 2551 2329 et
2584 2276 2904 2344 patriarchae
2929 2277 3118 2344 synodi
3150 2293 3253 2329 non
3299 2279 3447 2332 (ient.

1878 2375 1944 2428 Et
1973 2373 2084 2426 haec
2109 2371 2324 2439 quidem
2359 2369 2506 2422 dicat
2531 2368 2750 2434 aliquis,
2788 2368 3076 2421 verisimile
3107 2377 3208 2420 est.
3242 2369 3319 2421 Tu
3355 2386 3450 2421 au-

1879 2459 2470 2530 temdiligeulius‘lege
2497 2469 2662 2526 caput
2718 2460 3035 2510 vicesimum
3095 2461 3232 2512 tituli
3289 2460 3446 2528 primi

1880 2553 1970 2606 lib.
2026 2552 2190 2614 tertii,
2230 2550 2345 2603 hac
2380 2565 2443 2602 ex
2479 2558 2630 2616 parte
2683 2547 2890 2603 dicens.
2918 2547 3244 2601 Omnimodo
3289 2567 3447 2603 unan:

1878 2644 2142 2712 synodum
2168 2640 2457 2708 quotannis
2487 2638 2748 2691 celebrari
2781 2639 3098 2693 mandamus
3132 2641 3184 2693 in
3213 2657 3452 2710 unaqua-

1877 2749 1980 2804 que
2013 2732 2315 2801 provincia,
2350 2731 2430 2783 vel
2476 2729 2637 2782 .Iunio
2672 2729 2753 2781 vel
2790 2729 3091 2795 Septembri
3142 2749 3348 2796 mense,
3397 2747 3450 2786 et

1879 2840 1971 2878 eos
2002 2824 2091 2889 qui
2132 2823 2198 2874 ab
2230 2819 2335 2872 illis
2367 2818 2711 2878 ordinantur,
2765 2818 2904 2871 alios
2946 2830 3125 2872 autem
3161 2822 3449 2892 epierpos

1875 2912 2163 2968 ordinandi
2187 2911 2275 2979 jus
2307 2925 2411 2962 non
2447 2909 2644 2961 habent
2668 2915 2807 2974 apud
2844 2911 3182 2965 beatissimos
3213 2915 3444 2981 patriar-

1876 3009 2009 3060 chas
2038 3004 2350 3057 convenire.
2386 3001 2539 3067 Apud
2573 3000 3014 3066 religiosissimos
3044 3013 3221 3056 autem
3250 3015 3448 3059 metro-

1881 3100 2150 3169 politanos
2197 3095 2457 3160 cuiusque
2505 3093 2794 3160 provincia!
2840 3094 2928 3160 qui
2981 3095 3047 3146 ab
3099 3096 3162 3149 iis
3209 3098 3444 3151 ordinati

179 3184 519 3250 χειροτονεῖν
546 3181 692 3252 (67)·
751 3184 897 3254 παρὰ
942 3185 995 3237 δὲ
1040 3188 1153 3248 τοῖς
1202 3188 1520 3251 όσιωτάτοις
1562 3206 1768 3260 μητρο-
1799 3208 1842 3265 ρ

1799 3208 1842 3265 α
1877 3201 2021 3247 sunt.
2053 3189 2189 3243 Nota
2223 3188 2384 3256 igitur
2408 3201 2473 3238 ex
2503 3188 2602 3238 hac
2632 3183 2854 3238 Novella
2884 3200 3044 3253 quam
3077 3189 3145 3240 ob
3179 3204 3289 3242 rem
3321 3204 3447 3259 pro.

1387 3300 1595 3364 Guill.
1641 3304 1973 3382 Beveregii
2006 3310 2196 3363 notae.

262 3408 376 3475 (66)
399 3407 569 3457 Εἶποι
604 3403 670 3456 δέ
699 3421 809 3468 τις.
844 3404 966 3457 llaec
993 3421 1166 3472 usque
1189 3407 1253 3459 ad
1281 3406 1438 3458 linem
1488 3408 1646 3476 hujus
1683 3413 1768 3463 in-

185 3477 607 3548 terprctatiottis
640 3476 1055 3548 nuncin-imum
1112 3492 1176 3527 ex
1212 3492 1316 3548 nis.
1364 3476 1661 3530 Bodleiano
1717 3484 1768 3532 in

181 3543 374 3603 lucem
409 3544 598 3599 Grtece
630 3543 1181 3613 emittitnusaGrmcc
1211 3545 1455 3610 inquam,
1502 3550 1646 3613 nam‘,
1671 3548 1771 3600 La.

176 3622 305 3672 tine
326 3617 559 3668 antehac
594 3613 647 3664 in
666 3611 915 3664 Gulielmi
945 3611 1148 3666 Morelii
1176 3614 1412 3666 editione
1435 3617 1578 3667 edita
1614 3611 1764 3671 sunt.

181 3685 506 3753 Quinetiam
542 3685 595 3735 in
633 3696 734 3734 ms.
767 3683 1200 3734 Amerbauhiano
1257 3683 1531 3751 leguntur,
1575 3695 1766 3738 eodem

185 3758 378 3817 n-otlo,
407 3769 512 3821 quo
536 3755 586 3803 in
617 3762 844 3816 nostro;
878 3753 982 3804 uisi
1011 3755 1154 3820 quod
1191 3768 1288 3821 pro
1332 3754 1652 3822 ἀπράκτους
1689 3758 1761 3809 ibi

183 3828 412 3895 legatur
463 3822 787 3895 ᾴπρακτεῖν.

260 3887 375 3963 ζῧἹ)
411 3893 503 3955 Μὴ
537 3887 906 3963 ἔχοντας’-δὲ
952 3889 1188 3963 aleator
1239 3889 1470 3956 ἄλλους
1524 3893 1765 3946 ἐπισκό-⁷

185 3957 758 4028 ποὺςχειροτονεῖν.
794 3958 1015 4012 Etiamsi
1048 3960 1161 4011 haec
1211 3970 1473 4014 constans
1525 3964 1596 4016 sit
1657 3963 1761 4017 loci

185 4035 427 4102 hujusce
460 4030 646 4089 lectio,
681 4043 786 4080 non
825 4029 988 4102 modo
1019 4028 1362 4102 inomnibus
1415 4031 1754 4102 Balsamonis

183 4096 474 4157 codicibus
512 4113 646 4151 mss.
676 4112 861 4150 verum
895 4099 1056 4166 etiam
1089 4098 1140 4149 in
1177 4099 1293 4166 ipsa
1323 4096 1621 4152 Justiniani
1653 4116 1754 4155 no-

189 4173 336 4225 vella
362 4169 462 4223 157
498 4181 622 4235 cap.
653 4165 708 4228 4,
735 4169 874 4219 unde
895 4165 950 4218 in
985 4164 1216 4220 Basilica
1246 4182 1274 4218 a
1317 4166 1642 4222 Balsatnone
1684 4172 1761 4222 ci-

185 4252 308 4294 tata
344 4245 554 4292 relatus
581 4247 664 4288 est
686 4235 801 4304 (sed
835 4236 995 4289 hodie
1014 4236 1085 4287 ibi
1115 4251 1221 4288 non
1249 4240 1471 4304 exstat),
1511 4239 1760 4304 suspicor

188 4321 380 4363 tamen
413 4309 671 4361 mendum
700 4307 751 4358 in
774 4321 894 4359 eum
928 4305 1232 4372 irrepsisse.
1264 4304 1424 4358 Juxta
1452 4311 1591 4359 hanc
1613 4309 1757 4360 enim

191 4379 491 4432 lectionem
524 4375 737 4442 iussum
770 4383 852 4444 est
879 4373 946 4426 ab
980 4374 1331 4441 imperatore,
1396 4384 1454 4427 ut
1497 4377 1637 4442 apud
1666 4392 1759 4444 pa-

193 4449 471 4501 triarchas
497 4443 762 4513 cujusque
791 4443 1092 4513 dimceseos
1123 4443 1366 4511 episcopi
1420 4445 1487 4497 ab
1518 4446 1585 4499 iis
1613 4443 1761 4498 ordi-

1877 3408 2129 3476 κέφαλοι,
2165 3414 2304 3457 utex
2339 3403 2451 3470 ipsa
2481 3404 2896 3476 episcopatunm
2929 3407 3119 3458 notitia
3171 3417 3386 3464 constat
3429 3431 3440 3467 :

1878 3474 1971 3544 qui
2006 3477 2235 3545 proinde
2268 3487 2366 3526 nec
2399 3489 2426 3524 a
2453 3474 2760 3545 patriarcha
2791 3475 2978 3541 aliquo
3019 3478 3259 3530 ordinati
3290 3489 3442 3537 sunt.

1879 3542 2084 3601 Vel-eor
2105 3545 2310 3612 itaque,
2337 3557 2404 3594 ne
2434 3543 2505 3617 μὴ
2533 3542 2634 3594 hoc
2664 3543 2782 3596 Ιοου
2813 3559 2909 3617 pro
2937 3546 3030 3595 καὶ
3059 3547 3318 3617 mendose
3349 3564 3445 3617 po.

1877 3628 2075 3679 natur;
2107 3624 2164 3664 tit
2210 3626 2406 3687 sensus
2437 3612 2526 3673 sit,
2567 3627 2662 3665 eos
2685 3615 2833 3687 apud
2865 3616 3200 3687 patrijtrehas
3253 3618 3306 3671 in
3349 3612 3442 3687 'sy-

1876 3687 2021 3740 nodo
2049 3682 2696 3754 quotanniscougrcgari
2723 3683 2953 3754 tlcherer
2984 3684 3293 3752 Episcopos.
3347 3682 3441 3754 qiu'

1875 3758 1940 3807 ab
1974 3757 2101 3820 ipsis
2137 3752 2530 3824 ordinatisunt,
2569 3760 2615 3802 et
2675 3753 2834 3824 alios?
2862 3753 3146 3805 ordinandi
3173 3752 3442 3824 episcopos

1865 3827 1957 3892 jus
1990 3825 2202 3895 habent,
2244 3821 2494 3895 _l_ioc_est,
2549 3823 3132 3895 metropolita_tios,qui
3186 3834 3239 3878 et
3267 3841 3296 3878 a
3349 3821 3444 3895 'pa-

1874 3894 2132 3947 triarchis
2160 3890 2396 3960 ordinati
2424 3898 2591 3960 sunt,
2618 3898 2671 3943 et
2705 3893 2805 3958 ipsi
2841 3892 2975 3945 alios
2999 3896 3291 3960 episcopos
3335 3890 3430 3949 or-

1871 3964 2153 4016 dinarunt.
2185 3959 2276 4030 Sic
2305 3957 2792 4030 quidemPhotius
2822 3957 3045 4029 legisse'
3081 3957 3314 4030 videtur,
3359 3977 3427 4018 eo

1867 4033 2012 4101 quod
2043 4033 2184 4083 hanc
2206 4029 2370 4082 etiam
2398 4029 2663 4101 novellam
2700 4033 2962 4101 producat
2993 4031 3060 4084 ad
3098 4029 3438 4100 probandum

1863 4097 2411 4172 metropolitanorum
2452 4097 2694 4172 synodos
2729 4100 2871 4166 apud
2904 4097 3300 4172 patriar-ctiam,
3328 4105 3438 4172 epi-

1862 4165 2154 4239 scoporum
2190 4165 2332 4239 apud
2366 4165 2822 4239 metropolitaan
2855 4165 3199 4237 peragendas
3258 4165 3384 4226 esse
3420 4189 3436 4236 ;

1860 4235 2110 4305 γίνέσθαι
2141 4235 2388 4310 συνόδους
2418 4235 2830 4310 μημτροπολιτῷν
2855 4235 3015 4306 παρέί
3030 4241 3141 4300 τοῖς
3171 4235 3430 4310 πατριὰρέ

1861 4325 2002 4377 χαις,
2035 4310 2132 4377 καὶ
2167 4306 2275 4357 τῶν
2303 4305 2618 4377 ἐπισκόπων
2652 4307 2803 4377 παρα
2832 4305 2943 4377 τοῖς
2981 4305 3435 4375 μητροπολίταις.

1865 4374 2028 4430 Phot.
2060 4376 2361 4445 Nomocan.
2399 4375 2480 4426 tit.
2514 4374 2566 4433 8.
2595 4389 2730 4445 cap.
2769 4376 2822 4428 8.
2867 4374 3078 4429 Sedne
3102 4374 3238 4445 quid
3269 4379 3436 4432 dissi-

1869 4451 2165 4506 mutemus,
2205 4444 2308 4496 hoc
2335 4448 2526 4513 saltem
2557 4459 2655 4510 pro
2686 4444 2855 4496 altera
2881 4454 2933 4497 et
2958 4444 3166 4513 vulgari
3204 4448 3440 4502 lectione

194 4516 430 4591 natitet
464 4511 691 4591 qui'non
721 4513 921 4565 habent
943 4512 1031 4591 jus
1059 4515 1211 4591 alios
1270 4515 1558 4591 epist-opes
1611 4515 1761 4591 ordif
1795 4533 1842 4591 ι)
1869 4517 1976 4591 dici
2006 4524 2202 4591 potest,
2257 4511 2403 4591 quod
2431 4511 2584 4591 juxta
2613 4528 2733 4591 eam
2787 4515 3025 4591 episcopi
3058 4511 3436 4591 'suliraganci,

197 4585 388 4646 nandi,
414 4585 709 4652 quotannis
743 4584 1070 4652 conveniant
1091 4599 1106 4645 ;
1126 4584 1368 4649 ep.scopi
1394 4595 1576 4634 autem
1618 4585 1759 4652 apud

197 4668 340 4708 suos
369 4651 843 4719 metropolitanos.
879 4651 1169 4703 Enimvero
1201 4654 1420 4718 quinam
1451 4654 1524 4705 illi
1550 4651 1762 4720 episco-

197 4726 254 4792 pi
297 4737 419 4776 esse
447 4729 696 4790 possunt,
725 4723 818 4788 qui
849 4737 874 4771 a
929 4721 1283 4792 patriarclnsr
1315 4723 1550 4792 ordinati
1607 4735 1760 4787 sunt,

197 4790 255 4845 et
280 4801 462 4844 tamen
483 4791 919 4858 aliuscpiscopos
951 4790 1239 4842 ordinandi
1270 4791 1358 4858 jus
1385 4806 1492 4842 non
1525 4791 1727 4844 habent

202 4863 272 4914 Et
309 4871 566 4928 praetcrea
599 4862 821 4925 quinam
853 4875 918 4911 ex
953 4859 1087 4924 lege,
1131 4871 1236 4910 tam
1295 4860 1557 4912 canonica
1599 4877 1760 4926 quam

199 4931 375 4991 civili.
411 4929 553 4999 apud
600 4930 940 4999 patriarchas
977 4943 1272 4981 convenire
1304 4930 1526 4991 debent,
1567 4940 1762 4995 praeter

203 4997 708 5068 nietropotitanos?
750 4998 820 5049 At
843 5012 1033 5049 omnes
1081 4999 1510 5065 metropolitani,
1545 5013 1612 5050 eo
1645 5000 1762 5066 ipso

204 5071 449 5129 nomine,
484 5069 626 5136 quod
661 5077 790 5120 sunt
820 5068 1249 5136 metropolitani.
1275 5069 1414 5119 alios
1467 5069 1761 5136 episcopos

202 5133 841 5206 ordinandi'potestatem
879 5139 1097 5187 habent.
1144 5133 1260 5188 Non
1303 5152 1388 5187 me
1423 5133 1576 5200 latet,
1620 5133 1758 5190 ncn-

201 5209 393 5262 nullos
424 5206 1063 5273 luisse'at'cliitipiscopos
1093 5213 1147 5257 et
1169 5207 1639 5272 tnetropolitanos,
1669 5209 1760 5274 qui

203 5283 392 5332 nullos
419 5277 520 5330 sibi
555 5278 830 5344 subjectos
847 5289 1141 5342 episcopos
1182 5276 1527 5344 habuerunt;
1575 5291 1761 5328 verum

197 5347 530 5408 Justiniani,
562 5360 592 5397 a
614 5360 722 5414 quo
747 5350 832 5396 est
875 5344 989 5395 Ι]ωο
1021 5343 1251 5407 novella,
1287 5346 1621 5408 temporibus
1656 5345 1764 5396 hu-

191 5417 449 5485 jusmodi
499 5416 1035 5485 arcliiespicoporum
1092 5422 1159 5485 et,
1196 5414 1762 5485 metropolitanorum,

201 5483 414 5554 quibus
442 5484 575 5538 nulli
611 5486 876 5537 suberant
923 5484 1166 5554 episcopi
1221 5483 1479 5554 dignitas,
1518 5484 1760 5536 nondum

203 5552 464 5609 instituta
492 5561 632 5614 erat,
669 5555 761 5606 sed
791 5565 820 5602 a
873 5552 1268 5619 posterioribus
1339 5552 1764 5619 imperatoribus

201 5628 522 5678 introducta
561 5632 666 5676 est.
715 5621 961 5689 Episcopi
1017 5631 1199 5673 autem
1247 5621 1422 5682 Derci,
1475 5621 1762 5685 Messenae,

206 5694 559 5762 Paiii,Apri,
627 5708 656 5743 a
704 5692 1023 5745 Balsamone
1077 5691 1145 5742 ad
1193 5705 1346 5743 suam
1411 5692 1761 5745 astruendam

203 5764 522 5832 opinionem
569 5762 998 5822 commemorati,
1033 5774 1132 5832 nec
1189 5762 1586 5829 archiepiscOpi
1640 5775 1765 5827 pro-

207 5831 262 5900 pi
282 5834 330 5886 ie
361 5842 538 5896 erant,
565 5846 664 5886 nec
691 5831 1119 5899 metropolitani,
1148 5832 1242 5884 scd
1293 5833 1532 5901 episcopi
1603 5833 1763 5881 αὺτο-

1868 4586 1985 4638 sive
2027 4583 2398 4653 provinciales
2430 4582 2754 4653 patriarcha:
2788 4586 3044 4651 alicujus,
3079 4582 3279 4653 quibus
3327 4601 3433 4639 ηοιι

1868 4655 1971 4708 sub
2000 4651 2326 4722 patriarcha:
2356 4651 2449 4722 sed
2484 4653 2887 4722 metropolitani
2941 4651 3158 4707 nomine
3217 4666 3436 4721 praeest,

1866 4719 2157 4792 apudeutn
2195 4719 2492 4774 cenvenire
2521 4720 2716 4792 debent
2753 4739 2764 4772 :
2801 4722 2853 4773 hi
2885 4723 3029 4774 enim
3073 4726 3140 4775 ab
3179 4719 3244 4775 eo
3309 4729 3433 4791 qui-

1866 4790 1990 4845 dem
2030 4801 2290 4857 tanquam
2320 4802 2349 4839 a
2383 4790 2803 4856 metropolitano
2847 4792 3081 4844 ordinati
3132 4802 3282 4855 sunt,
3331 4790 3434 4847 ised

1868 4863 2004 4914 alios
2034 4871 2214 4913 tamen
2267 4857 2574 4925 episcopos,
2633 4861 3178 4928 metropolitanorum
3255 4877 3434 4924 more,

1866 4928 2157 4983 ordinandi
2197 4935 2520 4997 potestatem
2551 4943 2656 4979 non
2709 4930 2928 4982 habent.
2984 4931 3046 4981 Et
3072 4931 3186 4996 ipse
3209 4932 3428 4997 quidem

1865 4999 2207 5052 Justinianus
2237 4996 2362 5049 huic
2393 4997 2826 5064 interpretationi
2859 4999 3043 5051 favere
3077 4996 3313 5059 videtur,
3342 5001 3434 5052 ubi

1866 5068 1922 5122 in
1953 5071 2122 5121 altera
2146 5066 2356 5118 novella
2380 5065 2529 5130 jubet
2561 5082 2972 5134 unumquemque
2990 5068 3196 5120 beatum
3229 5071 3432 5120 archie-

1864 5140 2133 5208 piscopum
2163 5146 2211 5188 et
2245 5136 2628 5208 patriam/tam,
2667 5148 2712 5208 et
2741 5137 3130 5203 metropolitani
3158 5144 3437 5190 sanctissi-

1869 5204 1978 5260 inos
2010 5222 2274 5274 episcopos
2311 5204 2404 5255 sub
2443 5221 2496 5254 se
2532 5207 2843 5256 constitutos
2867 5209 2918 5257 in
2949 5209 3128 5258 cadent
3162 5209 3434 5272 provincia

1873 5279 2029 5330 semel
2063 5285 2153 5327 aut
2191 5275 2419 5342 secundo
2447 5289 2538 5338 per
2567 5277 2803 5342 singulos
2836 5292 3003 5326 annos
3037 5275 3104 5326 ad
3135 5292 3189 5328 se
3239 5292 3432 5329 convo-

1868 5361 2011 5402 sure.
2041 5343 2242 5399 Justiti.
2266 5341 2454 5396 Novel.
2482 5343 2603 5405 125,
2627 5341 2748 5410 cap.
2776 5345 2862 5396 10.
2893 5344 3172 5408 Hicenim,
3204 5355 3262 5398 ut
3289 5345 3440 5398 vide-

1870 5431 1927 5468 re
1959 5425 2066 5477 est,
2095 5429 2204 5466 non
2260 5416 2442 5466 solum
2499 5414 2891 5482 archiepiscopi
2945 5424 2997 5467 et
3056 5415 3438 5482 metropohta,

1867 5487 1964 5538 scd
1991 5498 2040 5538 et
2072 5485 2396 5551 patriarchae
2426 5481 2707 5548 episcopos
2729 5484 2930 5536 habent
2951 5482 3053 5536 sub
3075 5498 3133 5535 se
3165 5485 3217 5535 in
3242 5481 3437 5536 eadem

1870 5553 2150 5618 provincia
2189 5554 2545 5614 constitutos,
2577 5567 2718 5620 quos
2748 5552 2812 5604 ad
2837 5553 3101 5621 synodum
3135 5566 3442 5605 convocare

1868 5626 2086 5677 debent.
2127 5621 2193 5674 Et
2226 5623 2308 5675 sic
2337 5621 2554 5688 quidem
2591 5621 2895 5682 Romanus,
2937 5621 3335 5682 Antiochenns,
3385 5629 3441 5672 et

1866 5693 2275 5746 Alexandrinus
2306 5691 2658 5754 habuerunt;
2697 5693 2790 5744 sed
2823 5706 2929 5744 non
2964 5692 3090 5743 item
3118 5690 3443 5744 Constanti-

1867 5764 2217 5830 nopolitanus
2271 5773 2324 5813 et
2351 5757 2901 5830 Hierosolymitanus.
2938 5759 3016 5811 Illi
3048 5763 3194 5812 enim
3236 5768 3441 5812 metro-

1869 5829 2092 5900 politani
2122 5831 2441 5900 priusquam
2492 5829 2818 5898 patriarchae
2876 5829 3096 5883 fuerunt
3127 5848 3138 5883 :
3170 5830 3221 5883 hi
3251 5839 3431 5883 autem
