  <div class='ocr_page' id='page_1' title='image "/cluster/home/n/w/nwhite01/storage/ocr_20150623/137/nnc1.0046979786/302.png"; bbox 0 0 4240 6442; ppageno 0'>
   <div class='ocr_carea' id='block_1_1' title="bbox 177 391 276 456">
    <p class='ocr_par' dir='ltr' id='par_1_1' title="bbox 177 391 276 456">
     <span class='ocr_line' id='line_1_1' title="bbox 177 391 276 456; baseline 0 -1"><span class='ocrx_word' id='word_1_1' title='bbox 177 391 276 456; x_wconf 70' lang='grc'><strong>519</strong></span> 
     </span>
    </p>
   </div>
   <div class='ocr_carea' id='block_1_2' title="bbox 250 586 1764 664">
    <p class='ocr_par' dir='ltr' id='par_1_2' title="bbox 250 586 1764 664">
     <span class='ocr_line' id='line_1_2' title="bbox 250 586 1764 664; baseline -0.008 -17"><span class='ocrx_word' id='word_1_2' title='bbox 250 619 266 647; x_wconf 73' lang='grc' dir='ltr'><strong>ι</strong></span> <span class='ocrx_word' id='word_1_3' title='bbox 306 597 521 664; x_wconf 81' lang='grc' dir='ltr'>πηλείῳ</span> <span class='ocrx_word' id='word_1_4' title='bbox 552 595 652 646; x_wconf 76' lang='grc' dir='ltr'>οὐκ</span> <span class='ocrx_word' id='word_1_5' title='bbox 706 593 1127 655; x_wconf 63' lang='grc' dir='ltr'><strong>ἐπιτέτραπται,</strong></span> <span class='ocrx_word' id='word_1_6' title='bbox 1164 589 1313 657; x_wconf 83' lang='grc' dir='ltr'>πόσῳ</span> <span class='ocrx_word' id='word_1_7' title='bbox 1362 588 1560 656; x_wconf 79' lang='grc' dir='ltr'>μᾶλλον</span> <span class='ocrx_word' id='word_1_8' title='bbox 1590 586 1764 646; x_wconf 76' lang='grc' dir='ltr'>ἄλλοις</span> 
     </span>
    </p>
   </div>
   <div class='ocr_carea' id='block_1_3' title="bbox 249 675 1767 748">
    <p class='ocr_par' dir='ltr' id='par_1_3' title="bbox 249 675 1767 748">
     <span class='ocr_line' id='line_1_3' title="bbox 249 675 1767 748; baseline -0.005 -14"><span class='ocrx_word' id='word_1_9' title='bbox 249 706 265 734; x_wconf 77' lang='grc' dir='ltr'><strong>ι</strong></span> <span class='ocrx_word' id='word_1_10' title='bbox 307 686 362 733; x_wconf 79' lang='grc' dir='ltr'><strong>ἐν</strong></span> <span class='ocrx_word' id='word_1_11' title='bbox 418 683 594 748; x_wconf 79' lang='grc' dir='ltr'>τούτῳ</span> <span class='ocrx_word' id='word_1_12' title='bbox 645 679 1052 738; x_wconf 79' lang='grc' dir='ltr'>διακονεῖσθαι,</span> <span class='ocrx_word' id='word_1_13' title='bbox 1106 675 1255 730; x_wconf 73' lang='grc' dir='ltr'>καὶᾶ</span> <span class='ocrx_word' id='word_1_14' title='bbox 1294 677 1367 745; x_wconf 86' lang='grc' dir='ltr'>μὴ</span> <span class='ocrx_word' id='word_1_15' title='bbox 1419 677 1574 742; x_wconf 75' lang='grc' dir='ltr'>θέμις</span> <span class='ocrx_word' id='word_1_16' title='bbox 1621 677 1767 745; x_wconf 72' lang='grc' dir='ltr'>αὐτῷ</span> 
     </span>
    </p>
   </div>
   <div class='ocr_carea' id='block_1_4' title="bbox 250 768 1766 841">
    <p class='ocr_par' dir='ltr' id='par_1_4' title="bbox 250 768 1766 841">
     <span class='ocr_line' id='line_1_4' title="bbox 250 768 1766 841; baseline -0.003 -18"><span class='ocrx_word' id='word_1_17' title='bbox 250 795 264 823; x_wconf 77' lang='grc' dir='ltr'><strong>ι</strong></span> <span class='ocrx_word' id='word_1_18' title='bbox 296 776 570 841; x_wconf 75' lang='grc' dir='ltr'><strong>ἐγχειρεῖν</strong></span> <span class='ocrx_word' id='word_1_19' title='bbox 599 789 612 831; x_wconf 91' lang='grc'>;</span> <span class='ocrx_word' id='word_1_20' title='bbox 647 773 705 824; x_wconf 81' lang='lat' dir='ltr'><strong>Ei</strong></span> <span class='ocrx_word' id='word_1_21' title='bbox 730 774 784 824; x_wconf 78' lang='grc' dir='ltr'><strong>δέ</strong></span> <span class='ocrx_word' id='word_1_22' title='bbox 807 789 858 823; x_wconf 88' lang='grc' dir='ltr'><strong>τι</strong></span> <span class='ocrx_word' id='word_1_23' title='bbox 892 770 1130 823; x_wconf 81' lang='grc' dir='ltr'>τοιοῦτον</span> <span class='ocrx_word' id='word_1_24' title='bbox 1156 770 1528 840; x_wconf 78' lang='grc' dir='ltr'>διαπραξοιτο,</span> <span class='ocrx_word' id='word_1_25' title='bbox 1567 768 1598 837; x_wconf 81' lang='grc' dir='ltr'><strong>ἦ</strong></span> <span class='ocrx_word' id='word_1_26' title='bbox 1629 785 1766 820; x_wconf 88' lang='grc' dir='ltr'>παυ-</span> 
     </span>
    </p>
   </div>
   <div class='ocr_carea' id='block_1_5' title="bbox 250 863 1054 932">
    <p class='ocr_par' dir='ltr' id='par_1_5' title="bbox 250 863 1054 932">
     <span class='ocr_line' id='line_1_5' title="bbox 250 863 1054 932; baseline -0.002 -18"><span class='ocrx_word' id='word_1_27' title='bbox 250 886 266 914; x_wconf 72' lang='grc' dir='ltr'><strong>ι</strong></span> <span class='ocrx_word' id='word_1_28' title='bbox 312 866 520 928; x_wconf 74' lang='grc' dir='ltr'>σάςθω,</span> <span class='ocrx_word' id='word_1_29' title='bbox 551 863 991 932; x_wconf 67' lang='grc' dir='ltr'>ἢκαθαιρείαθω.</span> <span class='ocrx_word' id='word_1_30' title='bbox 1037 882 1054 912; x_wconf 76' lang='grc' dir='ltr'><strong>ι</strong></span> 
     </span>
    </p>
   </div>
   <div class='ocr_carea' id='block_1_6' title="bbox 249 953 1767 1024">
    <p class='ocr_par' dir='ltr' id='par_1_6' title="bbox 249 953 1767 1024">
     <span class='ocr_line' id='line_1_6' title="bbox 249 953 1767 1024; baseline -0.003 -15"><span class='ocrx_word' id='word_1_31' title='bbox 249 959 448 1009; x_wconf 55' lang='grc' dir='ltr'><strong>ΒΧΛΣ.</strong></span> <span class='ocrx_word' id='word_1_32' title='bbox 497 957 556 1005; x_wconf 86' lang='lat' dir='ltr'><strong>&#39;t)</strong></span> <span class='ocrx_word' id='word_1_33' title='bbox 620 956 718 1024; x_wconf 83' lang='grc' dir='ltr'><strong>μέν</strong></span> <span class='ocrx_word' id='word_1_34' title='bbox 752 954 824 1007; x_wconf 84' lang='grc' dir='ltr'>νδ¹</span> <span class='ocrx_word' id='word_1_35' title='bbox 881 953 1062 1007; x_wconf 66' lang='grc' dir='ltr'>κανιὶιν</span> <span class='ocrx_word' id='word_1_36' title='bbox 1097 954 1202 1006; x_wconf 82' lang='grc' dir='ltr'><strong>τῶν</strong></span> <span class='ocrx_word' id='word_1_37' title='bbox 1251 953 1420 1019; x_wconf 80' lang='grc' dir='ltr'>ἁγίων</span> <span class='ocrx_word' id='word_1_38' title='bbox 1454 953 1767 1004; x_wconf 67' lang='grc' dir='ltr'>ἀποστόλων</span> 
     </span>
    </p>
   </div>
   <div class='ocr_carea' id='block_1_7' title="bbox 176 1045 1770 1118">
    <p class='ocr_par' dir='ltr' id='par_1_7' title="bbox 176 1045 1770 1118">
     <span class='ocr_line' id='line_1_7' title="bbox 176 1045 1770 1118; baseline -0.006 -18"><span class='ocrx_word' id='word_1_39' title='bbox 176 1049 534 1118; x_wconf 58' lang='grc' dir='ltr'>ὰςορίζῖσοαι</span> <span class='ocrx_word' id='word_1_40' title='bbox 579 1048 723 1115; x_wconf 82' lang='grc' dir='ltr'>λέγει</span> <span class='ocrx_word' id='word_1_41' title='bbox 759 1049 880 1109; x_wconf 71' lang='grc' dir='ltr'>τοὺς</span> <span class='ocrx_word' id='word_1_42' title='bbox 913 1047 1191 1108; x_wconf 81' lang='grc' dir='ltr'>ἐσθίοντας</span> <span class='ocrx_word' id='word_1_43' title='bbox 1237 1047 1293 1097; x_wconf 85' lang='grc' dir='ltr'><strong>ἐν</strong></span> <span class='ocrx_word' id='word_1_44' title='bbox 1328 1045 1604 1112; x_wconf 55' lang='grc' dir='ltr'>καπηῖείῳ</span> <span class='ocrx_word' id='word_1_45' title='bbox 1642 1046 1770 1112; x_wconf 82' lang='grc' dir='ltr'>κλη-</span> 
     </span>
    </p>
   </div>
   <div class='ocr_carea' id='block_1_8' title="bbox 180 1135 1769 1209">
    <p class='ocr_par' dir='ltr' id='par_1_8' title="bbox 180 1135 1769 1209">
     <span class='ocr_line' id='line_1_8' title="bbox 180 1135 1769 1209; baseline -0.003 -21"><span class='ocrx_word' id='word_1_46' title='bbox 180 1141 398 1209; x_wconf 67' lang='grc' dir='ltr'>ρικούς·</span> <span class='ocrx_word' id='word_1_47' title='bbox 435 1141 461 1190; x_wconf 81' lang='grc' dir='ltr'>ὁ</span> <span class='ocrx_word' id='word_1_48' title='bbox 515 1139 568 1189; x_wconf 79' lang='grc' dir='ltr'><strong>δέ</strong></span> <span class='ocrx_word' id='word_1_49' title='bbox 615 1136 803 1206; x_wconf 85' lang='grc' dir='ltr'>παρὼν</span> <span class='ocrx_word' id='word_1_50' title='bbox 834 1139 1131 1205; x_wconf 70' lang='grc' dir='ltr'><strong>διορίζεται</strong></span> <span class='ocrx_word' id='word_1_51' title='bbox 1186 1136 1260 1204; x_wconf 83' lang='grc' dir='ltr'>μὴ</span> <span class='ocrx_word' id='word_1_52' title='bbox 1319 1135 1464 1202; x_wconf 77' lang='grc' dir='ltr'>ἐχειν</span> <span class='ocrx_word' id='word_1_53' title='bbox 1513 1136 1769 1204; x_wconf 69' lang='grc' dir='ltr'>κληρικὸν</span> 
     </span>
    </p>
   </div>
   <div class='ocr_carea' id='block_1_9' title="bbox 179 1225 1768 1299">
    <p class='ocr_par' dir='ltr' id='par_1_9' title="bbox 179 1225 1768 1299">
     <span class='ocr_line' id='line_1_9' title="bbox 179 1225 1768 1299; baseline -0.005 -16"><span class='ocrx_word' id='word_1_54' title='bbox 179 1232 487 1299; x_wconf 68' lang='grc' dir='ltr'>καπηλικὸν</span> <span class='ocrx_word' id='word_1_55' title='bbox 522 1232 905 1299; x_wconf 69' lang='grc' dir='ltr'>ἐργασιήριον,</span> <span class='ocrx_word' id='word_1_56' title='bbox 937 1231 1100 1298; x_wconf 74' lang='grc' dir='ltr'>ἤγουν</span> <span class='ocrx_word' id='word_1_57' title='bbox 1126 1229 1199 1298; x_wconf 81' lang='grc' dir='ltr'>μὴ</span> <span class='ocrx_word' id='word_1_58' title='bbox 1232 1231 1474 1296; x_wconf 75' lang='grc' dir='ltr'><strong>ἐνεργεῖν</strong></span> <span class='ocrx_word' id='word_1_59' title='bbox 1496 1225 1768 1294; x_wconf 86' lang='grc' dir='ltr'>ἐμπορίαν</span> 
     </span>
    </p>
   </div>
   <div class='ocr_carea' id='block_1_10' title="bbox 179 1321 1768 1394">
    <p class='ocr_par' dir='ltr' id='par_1_10' title="bbox 179 1321 1768 1394">
     <span class='ocr_line' id='line_1_10' title="bbox 179 1321 1768 1394; baseline 0 -22"><span class='ocrx_word' id='word_1_60' title='bbox 179 1325 518 1394; x_wconf 80' lang='grc' dir='ltr'>καπηλικήν.</span> <span class='ocrx_word' id='word_1_61' title='bbox 563 1326 620 1376; x_wconf 77' lang='lat' dir='ltr'><strong>Ei</strong></span> <span class='ocrx_word' id='word_1_62' title='bbox 655 1327 760 1393; x_wconf 71' lang='grc' dir='ltr'><strong>γὰρ</strong></span> <span class='ocrx_word' id='word_1_63' title='bbox 791 1325 929 1375; x_wconf 74' lang='grc' dir='ltr'>κατα</span> <span class='ocrx_word' id='word_1_64' title='bbox 964 1325 1286 1389; x_wconf 77' lang='grc' dir='ltr'>δεσποτείαν</span> <span class='ocrx_word' id='word_1_65' title='bbox 1320 1325 1430 1391; x_wconf 78' lang='grc' dir='ltr'>ἔχει</span> <span class='ocrx_word' id='word_1_66' title='bbox 1461 1321 1768 1389; x_wconf 76' lang='grc' dir='ltr'>καπηλικὸν</span> 
     </span>
    </p>
   </div>
   <div class='ocr_carea' id='block_1_11' title="bbox 179 1414 1767 1482">
    <p class='ocr_par' dir='ltr' id='par_1_11' title="bbox 179 1414 1767 1482">
     <span class='ocr_line' id='line_1_11' title="bbox 179 1414 1767 1482; baseline -0.001 -19"><span class='ocrx_word' id='word_1_67' title='bbox 179 1414 568 1482; x_wconf 68' lang='grc' dir='ltr'>ἐργαστήριον,</span> <span class='ocrx_word' id='word_1_68' title='bbox 613 1415 705 1465; x_wconf 75' lang='grc' dir='ltr'>καὶ</span> <span class='ocrx_word' id='word_1_69' title='bbox 737 1416 871 1482; x_wconf 86' lang='grc' dir='ltr'>πρ“ς</span> <span class='ocrx_word' id='word_1_70' title='bbox 900 1414 1121 1482; x_wconf 87' lang='grc' dir='ltr'>ἑτέρους</span> <span class='ocrx_word' id='word_1_71' title='bbox 1153 1414 1311 1466; x_wconf 71' lang='grc' dir='ltr'>τοῦτο</span> <span class='ocrx_word' id='word_1_72' title='bbox 1340 1414 1607 1472; x_wconf 81' lang='grc' dir='ltr'>ἐκδίδωσι,</span> <span class='ocrx_word' id='word_1_73' title='bbox 1646 1429 1767 1465; x_wconf 89' lang='grc' dir='ltr'>και-</span> 
     </span>
    </p>
   </div>
   <div class='ocr_carea' id='block_1_12' title="bbox 183 1501 1769 1573">
    <p class='ocr_par' dir='ltr' id='par_1_12' title="bbox 183 1501 1769 1573">
     <span class='ocr_line' id='line_1_12' title="bbox 183 1501 1769 1573; baseline 0.001 -22"><span class='ocrx_word' id='word_1_74' title='bbox 183 1504 269 1552; x_wconf 67' lang='grc' dir='ltr'>νὶν</span> <span class='ocrx_word' id='word_1_75' title='bbox 296 1503 397 1554; x_wconf 69' lang='grc' dir='ltr'>οὐκ</span> <span class='ocrx_word' id='word_1_76' title='bbox 443 1505 576 1556; x_wconf 78' lang='grc' dir='ltr'>ἐστι.</span> <span class='ocrx_word' id='word_1_77' title='bbox 612 1505 782 1555; x_wconf 73' lang='grc' dir='ltr'>Τοὖτο</span> <span class='ocrx_word' id='word_1_78' title='bbox 807 1506 912 1573; x_wconf 70' lang='grc' dir='ltr'><strong>γὰρ</strong></span> <span class='ocrx_word' id='word_1_79' title='bbox 940 1506 1032 1558; x_wconf 77' lang='grc' dir='ltr'>καὶ</span> <span class='ocrx_word' id='word_1_80' title='bbox 1079 1503 1230 1571; x_wconf 76' lang='grc' dir='ltr'>παρὰ</span> <span class='ocrx_word' id='word_1_81' title='bbox 1260 1501 1638 1573; x_wconf 86' lang='grc' dir='ltr'>μοναστηρίων</span> <span class='ocrx_word' id='word_1_82' title='bbox 1674 1501 1769 1555; x_wconf 73' lang='grc' dir='ltr'>καὶ</span> 
     </span>
    </p>
   </div>
   <div class='ocr_carea' id='block_1_13' title="bbox 180 1594 1768 1664">
    <p class='ocr_par' dir='ltr' id='par_1_13' title="bbox 180 1594 1768 1664">
     <span class='ocr_line' id='line_1_13' title="bbox 180 1594 1768 1664; baseline 0.001 -20"><span class='ocrx_word' id='word_1_83' title='bbox 180 1594 492 1662; x_wconf 71' lang='grc' dir='ltr'><strong>ἐκκλησιῶν</strong></span> <span class='ocrx_word' id='word_1_84' title='bbox 524 1595 796 1662; x_wconf 61' lang='grc' dir='ltr'>διαφόρων</span> <span class='ocrx_word' id='word_1_85' title='bbox 812 1595 1018 1659; x_wconf 85' lang='grc' dir='ltr'>γίνεται</span> <span class='ocrx_word' id='word_1_86' title='bbox 1045 1611 1057 1624; x_wconf 92' lang='grc'><strong>·</strong></span> <span class='ocrx_word' id='word_1_87' title='bbox 1097 1595 1233 1648; x_wconf 76' lang='grc' dir='ltr'>ὥστε</span> <span class='ocrx_word' id='word_1_88' title='bbox 1267 1597 1325 1647; x_wconf 73' lang='grc' dir='ltr'>τδ</span> <span class='ocrx_word' id='word_1_89' title='bbox 1357 1595 1501 1664; x_wconf 79' lang='grc' dir='ltr'>ἔχειν</span> <span class='ocrx_word' id='word_1_90' title='bbox 1535 1594 1768 1646; x_wconf 83' lang='grc' dir='ltr'>ἐνταῦθα</span> 
     </span>
    </p>
   </div>
   <div class='ocr_carea' id='block_1_14' title="bbox 776 1685 1768 1754">
    <p class='ocr_par' dir='ltr' id='par_1_14' title="bbox 776 1685 1768 1754">
     <span class='ocr_line' id='line_1_14' title="bbox 776 1685 1768 1754; baseline 0 -18"><span class='ocrx_word' id='word_1_91' title='bbox 776 1685 1105 1754; x_wconf 77' lang='grc' dir='ltr'>ἐκλάμὸανε.</span> <span class='ocrx_word' id='word_1_92' title='bbox 1155 1687 1305 1737; x_wconf 75' lang='grc' dir='ltr'>Ἐπεὶ</span> <span class='ocrx_word' id='word_1_93' title='bbox 1355 1685 1410 1736; x_wconf 81' lang='grc' dir='ltr'>δὲ</span> <span class='ocrx_word' id='word_1_94' title='bbox 1441 1685 1627 1753; x_wconf 77' lang='grc' dir='ltr'>ἕτερόν</span> <span class='ocrx_word' id='word_1_95' title='bbox 1653 1687 1768 1736; x_wconf 83' lang='grc' dir='ltr'>ἐστι</span> 
     </span>
    </p>
   </div>
   <div class='ocr_carea' id='block_1_15' title="bbox 182 1772 1766 1844">
    <p class='ocr_par' dir='ltr' id='par_1_15' title="bbox 182 1772 1766 1844">
     <span class='ocr_line' id='line_1_15' title="bbox 182 1772 1766 1844; baseline 0.001 -22"><span class='ocrx_word' id='word_1_96' title='bbox 182 1772 242 1822; x_wconf 67' lang='grc' dir='ltr'><strong>τὸ</strong></span> <span class='ocrx_word' id='word_1_97' title='bbox 276 1773 619 1842; x_wconf 79' lang='grc' dir='ltr'>εἰσέρχεσθαι</span> <span class='ocrx_word' id='word_1_98' title='bbox 676 1775 731 1825; x_wconf 84' lang='grc' dir='ltr'><strong>ἐν</strong></span> <span class='ocrx_word' id='word_1_99' title='bbox 772 1775 1052 1844; x_wconf 88' lang='grc' dir='ltr'>καπηλείῳ</span> <span class='ocrx_word' id='word_1_100' title='bbox 1108 1775 1374 1844; x_wconf 74' lang='grc' dir='ltr'>ἀλλοτρίῳ</span> <span class='ocrx_word' id='word_1_101' title='bbox 1409 1775 1499 1825; x_wconf 74' lang='grc' dir='ltr'>καὶ</span> <span class='ocrx_word' id='word_1_102' title='bbox 1542 1773 1766 1837; x_wconf 77' lang='grc' dir='ltr'>ἐσθίειν,</span> 
     </span>
    </p>
   </div>
   <div class='ocr_carea' id='block_1_16' title="bbox 179 1684 706 1752">
    <p class='ocr_par' dir='ltr' id='par_1_16' title="bbox 179 1684 706 1752">
     <span class='ocr_line' id='line_1_16' title="bbox 179 1684 706 1752; baseline 0.008 -20"><span class='ocrx_word' id='word_1_103' title='bbox 179 1685 301 1734; x_wconf 69' lang='grc' dir='ltr'>ἀντὶ</span> <span class='ocrx_word' id='word_1_104' title='bbox 332 1702 361 1734; x_wconf 89' lang='grc' dir='ltr'><strong>τ</strong></span> <span class='ocrx_word' id='word_1_105' title='bbox 382 1684 427 1736; x_wconf 83' lang='grc' dir='ltr'>,ὖ</span> <span class='ocrx_word' id='word_1_106' title='bbox 459 1686 542 1735; x_wconf 93' lang='grc' dir='ltr'><strong>ἐνε</strong></span> <span class='ocrx_word' id='word_1_107' title='bbox 555 1687 706 1752; x_wconf 81' lang='grc' dir='ltr'><strong>ργείν</strong></span> 
     </span>
    </p>
   </div>
   <div class='ocr_carea' id='block_1_17' title="bbox 1209 383 2342 446">
    <p class='ocr_par' dir='ltr' id='par_1_17' title="bbox 1209 383 2342 446">
     <span class='ocr_line' id='line_1_17' title="bbox 1209 383 2342 446; baseline 0.001 -3"><span class='ocrx_word' id='word_1_108' title='bbox 1209 386 1284 446; x_wconf 81' lang='lat' dir='ltr'>1N</span> <span class='ocrx_word' id='word_1_109' title='bbox 1313 383 1472 443; x_wconf 69' lang='lat' dir='ltr'><strong>CAN.</strong></span> <span class='ocrx_word' id='word_1_110' title='bbox 1520 383 1596 441; x_wconf 84' lang='lat' dir='ltr'><strong>1X</strong></span> <span class='ocrx_word' id='word_1_111' title='bbox 1639 383 1849 443; x_wconf 68' lang='lat' dir='ltr'><strong>CONC.</strong></span> <span class='ocrx_word' id='word_1_112' title='bbox 1897 383 1968 441; x_wconf 83' lang='lat' dir='ltr'><strong>IN</strong></span> <span class='ocrx_word' id='word_1_113' title='bbox 2018 384 2342 445; x_wconf 72' lang='lat' dir='ltr'><strong>’l‘RULLO.</strong></span> 
     </span>
    </p>
   </div>
   <div class='ocr_carea' id='block_1_18' title="bbox 247 497 1839 573">
    <p class='ocr_par' dir='ltr' id='par_1_18' title="bbox 247 497 1839 573">
     <span class='ocr_line' id='line_1_18' title="bbox 247 497 1839 573; baseline -0.008 -17"><span class='ocrx_word' id='word_1_114' title='bbox 247 526 262 556; x_wconf 80' lang='grc' dir='ltr'><strong>ι</strong></span> <span class='ocrx_word' id='word_1_115' title='bbox 298 520 419 573; x_wconf 88' lang='grc' dir='ltr'>ριον</span> <span class='ocrx_word' id='word_1_116' title='bbox 459 502 626 571; x_wconf 77' lang='grc' dir='ltr'>ἔχειν.</span> <span class='ocrx_word' id='word_1_117' title='bbox 681 501 742 552; x_wconf 78' lang='lat' dir='ltr'><strong>Ei</strong></span> <span class='ocrx_word' id='word_1_118' title='bbox 778 498 884 567; x_wconf 71' lang='grc' dir='ltr'>γὰρ</span> <span class='ocrx_word' id='word_1_119' title='bbox 940 498 1013 566; x_wconf 75' lang='grc' dir='ltr'>τῷ</span> <span class='ocrx_word' id='word_1_120' title='bbox 1047 499 1273 564; x_wconf 76' lang='grc' dir='ltr'>τοιούτῳ</span> <span class='ocrx_word' id='word_1_121' title='bbox 1309 497 1533 546; x_wconf 73' lang='grc' dir='ltr'>εἰσιέναι</span> <span class='ocrx_word' id='word_1_122' title='bbox 1580 497 1636 544; x_wconf 83' lang='grc' dir='ltr'><strong>ἐν</strong></span> <span class='ocrx_word' id='word_1_123' title='bbox 1673 513 1760 544; x_wconf 86' lang='grc' dir='ltr'>κα-</span> <span class='ocrx_word' id='word_1_124' title='bbox 1797 499 1839 556; x_wconf 80' lang='grc' dir='ltr'><strong>Λ</strong></span> 
     </span>
    </p>
   </div>
   <div class='ocr_carea' id='block_1_19' title="bbox 3332 393 3440 456">
    <p class='ocr_par' dir='ltr' id='par_1_19' title="bbox 3332 393 3440 456">
     <span class='ocr_line' id='line_1_19' title="bbox 3332 393 3440 456; baseline 0.019 -3"><span class='ocrx_word' id='word_1_125' title='bbox 3332 393 3440 456; x_wconf 77' lang='grc' dir='ltr'>οῖιθ</span> 
     </span>
    </p>
   </div>
   <div class='ocr_carea' id='block_1_20' title="bbox 1947 495 3445 566">
    <p class='ocr_par' dir='ltr' id='par_1_20' title="bbox 1947 495 3445 566">
     <span class='ocr_line' id='line_1_20' title="bbox 1947 495 3445 566; baseline 0.007 -21"><span class='ocrx_word' id='word_1_126' title='bbox 1947 514 1963 545; x_wconf 75' lang='grc' dir='ltr'><strong>ι</strong></span> <span class='ocrx_word' id='word_1_127' title='bbox 2004 495 2056 547; x_wconf 89' lang='lat' dir='ltr'><strong>Si</strong></span> <span class='ocrx_word' id='word_1_128' title='bbox 2095 497 2143 548; x_wconf 88' lang='lat' dir='ltr'><strong>ei</strong></span> <span class='ocrx_word' id='word_1_129' title='bbox 2177 497 2321 547; x_wconf 91' lang='lat' dir='ltr'><strong>enim</strong></span> <span class='ocrx_word' id='word_1_130' title='bbox 2353 495 2402 546; x_wconf 91' lang='lat' dir='ltr'><strong>iu</strong></span> <span class='ocrx_word' id='word_1_131' title='bbox 2430 510 2731 563; x_wconf 82' lang='lat' dir='ltr'><strong>cauponam</strong></span> <span class='ocrx_word' id='word_1_132' title='bbox 2772 497 2979 566; x_wconf 80' lang='lat' dir='ltr'><strong>ingredi</strong></span> <span class='ocrx_word' id='word_1_133' title='bbox 3037 514 3142 552; x_wconf 91' lang='lat' dir='ltr'><strong>nou</strong></span> <span class='ocrx_word' id='word_1_134' title='bbox 3198 510 3282 554; x_wconf 88' lang='lat' dir='ltr'><strong>est</strong></span> <span class='ocrx_word' id='word_1_135' title='bbox 3327 517 3445 565; x_wconf 60' lang='lat' dir='ltr'><strong>perc</strong></span> 
     </span>
    </p>
   </div>
   <div class='ocr_carea' id='block_1_21' title="bbox 1952 587 3449 654">
    <p class='ocr_par' dir='ltr' id='par_1_21' title="bbox 1952 587 3449 654">
     <span class='ocr_line' id='line_1_21' title="bbox 1952 587 3449 654; baseline 0.007 -19"><span class='ocrx_word' id='word_1_136' title='bbox 1952 604 1969 635; x_wconf 77' lang='grc' dir='ltr'><strong>ι</strong></span> <span class='ocrx_word' id='word_1_137' title='bbox 2012 588 2261 650; x_wconf 89' lang='lat' dir='ltr'><strong>missum,</strong></span> <span class='ocrx_word' id='word_1_138' title='bbox 2289 602 2489 654; x_wconf 82' lang='lat' dir='ltr'><strong>quanto</strong></span> <span class='ocrx_word' id='word_1_139' title='bbox 2525 587 2695 653; x_wconf 83' lang='lat' dir='ltr'><strong>magis</strong></span> <span class='ocrx_word' id='word_1_140' title='bbox 2722 597 2774 640; x_wconf 91' lang='lat' dir='ltr'><strong>et</strong></span> <span class='ocrx_word' id='word_1_141' title='bbox 2804 590 2921 642; x_wconf 86' lang='lat' dir='ltr'><strong>aliis</strong></span> <span class='ocrx_word' id='word_1_142' title='bbox 2951 591 3001 643; x_wconf 93' lang='lat' dir='ltr'><strong>iu</strong></span> <span class='ocrx_word' id='word_1_143' title='bbox 3029 607 3090 643; x_wconf 87' lang='lat' dir='ltr'><strong>ca</strong></span> <span class='ocrx_word' id='word_1_144' title='bbox 3123 592 3449 653; x_wconf 83' lang='lat' dir='ltr'><strong>ministrare.</strong></span> 
     </span>
    </p>
   </div>
   <div class='ocr_carea' id='block_1_22' title="bbox 1951 677 3450 751">
    <p class='ocr_par' dir='ltr' id='par_1_22' title="bbox 1951 677 3450 751">
     <span class='ocr_line' id='line_1_22' title="bbox 1951 677 3450 751; baseline 0.006 -23"><span class='ocrx_word' id='word_1_145' title='bbox 1951 697 1967 728; x_wconf 79' lang='grc' dir='ltr'><strong>ι</strong></span> <span class='ocrx_word' id='word_1_146' title='bbox 2009 694 2096 743; x_wconf 82' lang='lat' dir='ltr'><strong>ea,</strong></span> <span class='ocrx_word' id='word_1_147' title='bbox 2125 695 2243 746; x_wconf 72' lang='lat' dir='ltr'><strong>qua:</strong></span> <span class='ocrx_word' id='word_1_148' title='bbox 2279 693 2382 730; x_wconf 92' lang='lat' dir='ltr'><strong>non</strong></span> <span class='ocrx_word' id='word_1_149' title='bbox 2413 677 2534 731; x_wconf 86' lang='lat' dir='ltr'><strong>licet</strong></span> <span class='ocrx_word' id='word_1_150' title='bbox 2564 679 2663 747; x_wconf 82' lang='lat' dir='ltr'><strong>ipsi</strong></span> <span class='ocrx_word' id='word_1_151' title='bbox 2704 682 2976 734; x_wconf 84' lang='lat' dir='ltr'><strong>tractare?</strong></span> <span class='ocrx_word' id='word_1_152' title='bbox 3004 683 3057 736; x_wconf 85' lang='lat' dir='ltr'><strong>Si</strong></span> <span class='ocrx_word' id='word_1_153' title='bbox 3094 684 3223 751; x_wconf 84' lang='lat' dir='ltr'><strong>quid</strong></span> <span class='ocrx_word' id='word_1_154' title='bbox 3273 694 3450 738; x_wconf 89' lang='lat' dir='ltr'><strong>autem</strong></span> 
     </span>
    </p>
   </div>
   <div class='ocr_carea' id='block_1_23' title="bbox 1953 771 3234 839">
    <p class='ocr_par' dir='ltr' id='par_1_23' title="bbox 1953 771 3234 839">
     <span class='ocr_line' id='line_1_23' title="bbox 1953 771 3234 839; baseline 0.005 -17"><span class='ocrx_word' id='word_1_155' title='bbox 1953 790 1969 822; x_wconf 81' lang='grc' dir='ltr'><strong>ι</strong></span> <span class='ocrx_word' id='word_1_156' title='bbox 2012 771 2116 824; x_wconf 88' lang='lat' dir='ltr'><strong>tale</strong></span> <span class='ocrx_word' id='word_1_157' title='bbox 2151 771 2358 834; x_wconf 84' lang='lat' dir='ltr'><strong>fecerit,</strong></span> <span class='ocrx_word' id='word_1_158' title='bbox 2395 771 2473 824; x_wconf 75' lang='lat' dir='ltr'><strong>vel</strong></span> <span class='ocrx_word' id='word_1_159' title='bbox 2503 781 2696 834; x_wconf 82' lang='lat' dir='ltr'><strong>cesset,</strong></span> <span class='ocrx_word' id='word_1_160' title='bbox 2743 772 2824 824; x_wconf 87' lang='lat' dir='ltr'><strong>vel</strong></span> <span class='ocrx_word' id='word_1_161' title='bbox 2863 773 3177 839; x_wconf 74' lang='lat' dir='ltr'><strong>deponatur.</strong></span> <span class='ocrx_word' id='word_1_162' title='bbox 3217 795 3234 828; x_wconf 74' lang='grc' dir='ltr'><strong>ι</strong></span> 
     </span>
    </p>
   </div>
   <div class='ocr_carea' id='block_1_24' title="bbox 1945 949 3450 1020">
    <p class='ocr_par' dir='ltr' id='par_1_24' title="bbox 1945 949 3450 1020">
     <span class='ocr_line' id='line_1_24' title="bbox 1945 949 3450 1020; baseline 0.003 -18"><span class='ocrx_word' id='word_1_163' title='bbox 1945 949 2140 1003; x_wconf 80' lang='lat' dir='ltr'><strong>B.\l.S.</strong></span> <span class='ocrx_word' id='word_1_164' title='bbox 2217 950 2705 1018; x_wconf 73' lang='lat' dir='ltr'><strong>Quinquagesitnus</strong></span> <span class='ocrx_word' id='word_1_165' title='bbox 2785 963 3012 1020; x_wconf 88' lang='lat' dir='ltr'><strong>quartus</strong></span> <span class='ocrx_word' id='word_1_166' title='bbox 3086 955 3450 1019; x_wconf 78' lang='lat' dir='ltr'><strong>apostolorum</strong></span> 
     </span>
    </p>
   </div>
   <div class='ocr_carea' id='block_1_25' title="bbox 1877 1043 3452 1114">
    <p class='ocr_par' dir='ltr' id='par_1_25' title="bbox 1877 1043 3452 1114">
     <span class='ocr_line' id='line_1_25' title="bbox 1877 1043 3452 1114; baseline 0.001 -18"><span class='ocrx_word' id='word_1_167' title='bbox 1877 1060 2047 1096; x_wconf 86' lang='lat' dir='ltr'><strong>canon</strong></span> <span class='ocrx_word' id='word_1_168' title='bbox 2080 1043 2304 1095; x_wconf 82' lang='lat' dir='ltr'><strong>clericos</strong></span> <span class='ocrx_word' id='word_1_169' title='bbox 2338 1045 2606 1114; x_wconf 70' lang='lat' dir='ltr'><strong>segregari</strong></span> <span class='ocrx_word' id='word_1_170' title='bbox 2648 1043 2818 1108; x_wconf 84' lang='lat' dir='ltr'><strong>jubet,</strong></span> <span class='ocrx_word' id='word_1_171' title='bbox 2855 1045 2946 1112; x_wconf 82' lang='lat' dir='ltr'><strong>qui</strong></span> <span class='ocrx_word' id='word_1_172' title='bbox 2995 1045 3045 1097; x_wconf 87' lang='lat' dir='ltr'><strong>iu</strong></span> <span class='ocrx_word' id='word_1_173' title='bbox 3094 1060 3333 1112; x_wconf 90' lang='lat' dir='ltr'><strong>caupona</strong></span> <span class='ocrx_word' id='word_1_174' title='bbox 3361 1062 3452 1098; x_wconf 83' lang='lat' dir='ltr'><strong>co-</strong></span> 
     </span>
    </p>
   </div>
   <div class='ocr_carea' id='block_1_26' title="bbox 1879 1133 3456 1202">
    <p class='ocr_par' dir='ltr' id='par_1_26' title="bbox 1879 1133 3456 1202">
     <span class='ocr_line' id='line_1_26' title="bbox 1879 1133 3456 1202; baseline 0.004 -18"><span class='ocrx_word' id='word_1_175' title='bbox 1879 1135 2117 1189; x_wconf 86' lang='lat' dir='ltr'><strong>medunt.</strong></span> <span class='ocrx_word' id='word_1_176' title='bbox 2152 1133 2399 1186; x_wconf 82' lang='lat' dir='ltr'><strong>Dcceruit</strong></span> <span class='ocrx_word' id='word_1_177' title='bbox 2434 1148 2612 1188; x_wconf 86' lang='lat' dir='ltr'><strong>autem</strong></span> <span class='ocrx_word' id='word_1_178' title='bbox 2646 1152 2881 1202; x_wconf 63' lang='lat' dir='ltr'><strong>pratscus</strong></span> <span class='ocrx_word' id='word_1_179' title='bbox 2917 1152 3116 1200; x_wconf 91' lang='lat' dir='ltr'><strong>canon,</strong></span> <span class='ocrx_word' id='word_1_180' title='bbox 3175 1152 3240 1190; x_wconf 90' lang='lat' dir='ltr'><strong>ue</strong></span> <span class='ocrx_word' id='word_1_181' title='bbox 3297 1138 3456 1190; x_wconf 81' lang='lat' dir='ltr'><strong>cleri-</strong></span> 
     </span>
    </p>
   </div>
   <div class='ocr_carea' id='block_1_27' title="bbox 1877 1226 3455 1296">
    <p class='ocr_par' dir='ltr' id='par_1_27' title="bbox 1877 1226 3455 1296">
     <span class='ocr_line' id='line_1_27' title="bbox 1877 1226 3455 1296; baseline 0.002 -19"><span class='ocrx_word' id='word_1_182' title='bbox 1877 1241 1972 1277; x_wconf 82' lang='lat' dir='ltr'><strong>cus</strong></span> <span class='ocrx_word' id='word_1_183' title='bbox 2006 1226 2204 1278; x_wconf 85' lang='lat' dir='ltr'><strong>habeat</strong></span> <span class='ocrx_word' id='word_1_184' title='bbox 2233 1228 2554 1293; x_wconf 88' lang='lat' dir='ltr'><strong>cauponiam</strong></span> <span class='ocrx_word' id='word_1_185' title='bbox 2581 1226 2877 1288; x_wconf 87' lang='lat' dir='ltr'><strong>ollicinam,</strong></span> <span class='ocrx_word' id='word_1_186' title='bbox 2910 1230 3020 1280; x_wconf 86' lang='lat' dir='ltr'><strong>sive</strong></span> <span class='ocrx_word' id='word_1_187' title='bbox 3047 1244 3112 1280; x_wconf 92' lang='lat' dir='ltr'><strong>ne</strong></span> <span class='ocrx_word' id='word_1_188' title='bbox 3135 1231 3455 1296; x_wconf 85' lang='lat' dir='ltr'><strong>caupOuiam</strong></span> 
     </span>
    </p>
   </div>
   <div class='ocr_carea' id='block_1_28' title="bbox 1879 1318 3457 1385">
    <p class='ocr_par' dir='ltr' id='par_1_28' title="bbox 1879 1318 3457 1385">
     <span class='ocr_line' id='line_1_28' title="bbox 1879 1318 3457 1385; baseline 0.004 -20"><span class='ocrx_word' id='word_1_189' title='bbox 1879 1330 2236 1370; x_wconf 82' lang='lat' dir='ltr'><strong>mercaturam</strong></span> <span class='ocrx_word' id='word_1_190' title='bbox 2275 1328 2546 1372; x_wconf 80' lang='lat' dir='ltr'><strong>exerceat.</strong></span> <span class='ocrx_word' id='word_1_191' title='bbox 2578 1318 2632 1370; x_wconf 91' lang='lat' dir='ltr'><strong>Si</strong></span> <span class='ocrx_word' id='word_1_192' title='bbox 2666 1320 2807 1371; x_wconf 90' lang='lat' dir='ltr'><strong>enim</strong></span> <span class='ocrx_word' id='word_1_193' title='bbox 2844 1322 3164 1385; x_wconf 86' lang='lat' dir='ltr'><strong>caupouiam</strong></span> <span class='ocrx_word' id='word_1_194' title='bbox 3193 1319 3457 1373; x_wconf 88' lang='lat' dir='ltr'><strong>ollicinam</strong></span> 
     </span>
    </p>
   </div>
   <div class='ocr_carea' id='block_1_29' title="bbox 1878 1407 3450 1474">
    <p class='ocr_par' dir='ltr' id='par_1_29' title="bbox 1878 1407 3450 1474">
     <span class='ocr_line' id='line_1_29' title="bbox 1878 1407 3450 1474; baseline 0.004 -16"><span class='ocrx_word' id='word_1_195' title='bbox 1878 1408 1929 1458; x_wconf 91' lang='lat' dir='ltr'><strong>in</strong></span> <span class='ocrx_word' id='word_1_196' title='bbox 1962 1408 2199 1460; x_wconf 89' lang='lat' dir='ltr'><strong>dominio</strong></span> <span class='ocrx_word' id='word_1_197' title='bbox 2229 1407 2410 1469; x_wconf 87' lang='lat' dir='ltr'><strong>habet,</strong></span> <span class='ocrx_word' id='word_1_198' title='bbox 2443 1418 2495 1461; x_wconf 91' lang='lat' dir='ltr'><strong>et</strong></span> <span class='ocrx_word' id='word_1_199' title='bbox 2525 1424 2643 1462; x_wconf 84' lang='lat' dir='ltr'><strong>eam</strong></span> <span class='ocrx_word' id='word_1_200' title='bbox 2683 1411 2804 1463; x_wconf 86' lang='lat' dir='ltr'><strong>aliis</strong></span> <span class='ocrx_word' id='word_1_201' title='bbox 2848 1411 3045 1474; x_wconf 82' lang='lat' dir='ltr'><strong>elocat,</strong></span> <span class='ocrx_word' id='word_1_202' title='bbox 3095 1427 3290 1463; x_wconf 90' lang='lat' dir='ltr'><strong>novum</strong></span> <span class='ocrx_word' id='word_1_203' title='bbox 3344 1428 3450 1464; x_wconf 89' lang='lat' dir='ltr'><strong>non</strong></span> 
     </span>
    </p>
   </div>
   <div class='ocr_carea' id='block_1_30' title="bbox 1878 1497 3457 1566">
    <p class='ocr_par' dir='ltr' id='par_1_30' title="bbox 1878 1497 3457 1566">
     <span class='ocr_line' id='line_1_30' title="bbox 1878 1497 3457 1566; baseline 0 -14"><span class='ocrx_word' id='word_1_204' title='bbox 1878 1510 1976 1552; x_wconf 86' lang='lat' dir='ltr'><strong>est.</strong></span> <span class='ocrx_word' id='word_1_205' title='bbox 2014 1497 2124 1552; x_wconf 90' lang='lat' dir='ltr'><strong>lloc</strong></span> <span class='ocrx_word' id='word_1_206' title='bbox 2153 1500 2294 1551; x_wconf 90' lang='lat' dir='ltr'><strong>enim</strong></span> <span class='ocrx_word' id='word_1_207' title='bbox 2327 1499 2488 1550; x_wconf 79' lang='lat' dir='ltr'><strong>etiam</strong></span> <span class='ocrx_word' id='word_1_208' title='bbox 2543 1502 2679 1566; x_wconf 89' lang='lat' dir='ltr'><strong>apud</strong></span> <span class='ocrx_word' id='word_1_209' title='bbox 2735 1503 3060 1554; x_wconf 85' lang='lat' dir='ltr'><strong>monasteria</strong></span> <span class='ocrx_word' id='word_1_210' title='bbox 3111 1511 3163 1556; x_wconf 91' lang='lat' dir='ltr'><strong>et</strong></span> <span class='ocrx_word' id='word_1_211' title='bbox 3212 1503 3457 1555; x_wconf 77' lang='lat' dir='ltr'><strong>diversas</strong></span> 
     </span>
    </p>
   </div>
   <div class='ocr_carea' id='block_1_31' title="bbox 1880 1588 3457 1660">
    <p class='ocr_par' dir='ltr' id='par_1_31' title="bbox 1880 1588 3457 1660">
     <span class='ocr_line' id='line_1_31' title="bbox 1880 1588 3457 1660; baseline 0.003 -19"><span class='ocrx_word' id='word_1_212' title='bbox 1880 1590 1935 1641; x_wconf 88' lang='lat' dir='ltr'><strong>lit</strong></span> <span class='ocrx_word' id='word_1_213' title='bbox 1966 1589 2249 1642; x_wconf 79' lang='lat' dir='ltr'><strong>ecclesias.</strong></span> <span class='ocrx_word' id='word_1_214' title='bbox 2281 1588 2665 1655; x_wconf 84' lang='lat' dir='ltr'><strong>Quamobrem,</strong></span> <span class='ocrx_word' id='word_1_215' title='bbox 2699 1590 2900 1643; x_wconf 82' lang='lat' dir='ltr'><strong>habere</strong></span> <span class='ocrx_word' id='word_1_216' title='bbox 2941 1593 3048 1655; x_wconf 92' lang='lat' dir='ltr'><strong>hic,</strong></span> <span class='ocrx_word' id='word_1_217' title='bbox 3094 1608 3189 1659; x_wconf 91' lang='lat' dir='ltr'><strong>pro</strong></span> <span class='ocrx_word' id='word_1_218' title='bbox 3218 1607 3283 1647; x_wconf 90' lang='lat' dir='ltr'><strong>eo</strong></span> <span class='ocrx_word' id='word_1_219' title='bbox 3315 1594 3457 1660; x_wconf 87' lang='lat' dir='ltr'><strong>quod</strong></span> 
     </span>
    </p>
   </div>
   <div class='ocr_carea' id='block_1_32' title="bbox 1877 1685 3455 1750">
    <p class='ocr_par' dir='ltr' id='par_1_32' title="bbox 1877 1685 3455 1750">
     <span class='ocr_line' id='line_1_32' title="bbox 1877 1685 3455 1750; baseline 0.005 -17"><span class='ocrx_word' id='word_1_220' title='bbox 1877 1694 1956 1734; x_wconf 77' lang='lat' dir='ltr'><strong>est</strong></span> <span class='ocrx_word' id='word_1_221' title='bbox 1988 1697 2265 1742; x_wconf 79' lang='lat' dir='ltr'><strong>exercere.</strong></span> <span class='ocrx_word' id='word_1_222' title='bbox 2303 1685 2509 1750; x_wconf 81' lang='lat' dir='ltr'><strong>accipe.</strong></span> <span class='ocrx_word' id='word_1_223' title='bbox 2572 1685 2836 1749; x_wconf 86' lang='lat' dir='ltr'><strong>Quoniam</strong></span> <span class='ocrx_word' id='word_1_224' title='bbox 2875 1695 3052 1738; x_wconf 87' lang='lat' dir='ltr'><strong>autem</strong></span> <span class='ocrx_word' id='word_1_225' title='bbox 3092 1687 3234 1742; x_wconf 84' lang='lat' dir='ltr'><strong>aliud</strong></span> <span class='ocrx_word' id='word_1_226' title='bbox 3270 1699 3353 1742; x_wconf 79' lang='lat' dir='ltr'><strong>est</strong></span> <span class='ocrx_word' id='word_1_227' title='bbox 3403 1689 3455 1741; x_wconf 91' lang='lat' dir='ltr'><strong>in</strong></span> 
     </span>
    </p>
   </div>
   <div class='ocr_carea' id='block_1_33' title="bbox 1880 1773 3459 1842">
    <p class='ocr_par' dir='ltr' id='par_1_33' title="bbox 1880 1773 3459 1842">
     <span class='ocr_line' id='line_1_33' title="bbox 1880 1773 3459 1842; baseline 0.007 -21"><span class='ocrx_word' id='word_1_228' title='bbox 1880 1773 2107 1825; x_wconf 88' lang='lat' dir='ltr'><strong>alienam</strong></span> <span class='ocrx_word' id='word_1_229' title='bbox 2166 1789 2469 1842; x_wconf 85' lang='lat' dir='ltr'><strong>cauponam</strong></span> <span class='ocrx_word' id='word_1_230' title='bbox 2522 1775 2725 1841; x_wconf 76' lang='lat' dir='ltr'><strong>ingredi</strong></span> <span class='ocrx_word' id='word_1_231' title='bbox 2765 1787 2817 1829; x_wconf 90' lang='lat' dir='ltr'><strong>et</strong></span> <span class='ocrx_word' id='word_1_232' title='bbox 2862 1779 3168 1840; x_wconf 72' lang='lat' dir='ltr'><strong>comedere,</strong></span> <span class='ocrx_word' id='word_1_233' title='bbox 3227 1788 3278 1832; x_wconf 90' lang='lat' dir='ltr'><strong>et</strong></span> <span class='ocrx_word' id='word_1_234' title='bbox 3314 1780 3459 1833; x_wconf 88' lang='lat' dir='ltr'><strong>aliud</strong></span> 
     </span>
    </p>
   </div>
   <div class='ocr_carea' id='block_1_34' title="bbox 184 1860 1858 1939">
    <p class='ocr_par' dir='ltr' id='par_1_34' title="bbox 184 1860 1848 1934">
     <span class='ocr_line' id='line_1_34' title="bbox 184 1860 1848 1934; baseline 0.003 -21"><span class='ocrx_word' id='word_1_235' title='bbox 184 1864 279 1913; x_wconf 76' lang='grc' dir='ltr'>καὶ</span> <span class='ocrx_word' id='word_1_236' title='bbox 315 1865 503 1931; x_wconf 74' lang='grc' dir='ltr'>ἕτερον</span> <span class='ocrx_word' id='word_1_237' title='bbox 538 1864 597 1916; x_wconf 80' lang='grc' dir='ltr'>τὸ</span> <span class='ocrx_word' id='word_1_238' title='bbox 627 1864 1029 1932; x_wconf 77' lang='grc' dir='ltr'>ἐμπορεύεσθαι</span> <span class='ocrx_word' id='word_1_239' title='bbox 1082 1865 1392 1932; x_wconf 80' lang='grc' dir='ltr'>καπηλικὴν</span> <span class='ocrx_word' id='word_1_240' title='bbox 1442 1867 1657 1934; x_wconf 80' lang='grc' dir='ltr'>τέχνην,</span> <span class='ocrx_word' id='word_1_241' title='bbox 1716 1867 1772 1914; x_wconf 86' lang='grc' dir='ltr'><strong>ἐν</strong></span> <span class='ocrx_word' id='word_1_242' title='bbox 1807 1860 1848 1918; x_wconf 83' lang='grc' dir='ltr'>Β</span> 
     </span>
    </p>
   </div>
   <div class='ocr_carea' id='block_1_35' title="bbox 1784 1860 3458 1939">
    <p class='ocr_par' dir='ltr' id='par_1_35' title="bbox 1807 1860 3458 1939">
     <span class='ocr_line' id='line_1_35' title="bbox 1807 1860 3458 1939; baseline 0.007 -26"><span class='ocrx_word' id='word_1_243' title='bbox 1807 1860 1848 1918; x_wconf 83' lang='grc' dir='ltr'>Β</span> <span class='ocrx_word' id='word_1_244' title='bbox 1877 1866 2256 1930; x_wconf 87' lang='lat' dir='ltr'><strong>cauponariam</strong></span> <span class='ocrx_word' id='word_1_245' title='bbox 2291 1881 2603 1918; x_wconf 75' lang='lat' dir='ltr'><strong>exercere‘:</strong></span> <span class='ocrx_word' id='word_1_246' title='bbox 2644 1866 2695 1918; x_wconf 95' lang='lat' dir='ltr'><strong>iu</strong></span> <span class='ocrx_word' id='word_1_247' title='bbox 2741 1882 2948 1920; x_wconf 90' lang='lat' dir='ltr'><strong>canone</strong></span> <span class='ocrx_word' id='word_1_248' title='bbox 2979 1869 3194 1935; x_wconf 87' lang='lat' dir='ltr'><strong>quidem</strong></span> <span class='ocrx_word' id='word_1_249' title='bbox 3239 1880 3458 1939; x_wconf 86' lang='lat' dir='ltr'><strong>aposto-</strong></span> 
     </span>
    </p>
   </div>
   <div class='ocr_carea' id='block_1_36' title="bbox 187 1956 1769 2024">
    <p class='ocr_par' dir='ltr' id='par_1_36' title="bbox 187 1956 1769 2024">
     <span class='ocr_line' id='line_1_36' title="bbox 187 1956 1769 2024; baseline 0 -19"><span class='ocrx_word' id='word_1_250' title='bbox 187 1956 287 2022; x_wconf 83' lang='grc' dir='ltr'><strong>μέν</strong></span> <span class='ocrx_word' id='word_1_251' title='bbox 322 1956 398 2023; x_wconf 79' lang='grc' dir='ltr'><strong>τῷ</strong></span> <span class='ocrx_word' id='word_1_252' title='bbox 435 1957 780 2023; x_wconf 69' lang='grc' dir='ltr'>ἀπῖστολικῷ</span> <span class='ocrx_word' id='word_1_253' title='bbox 841 1958 1023 2008; x_wconf 89' lang='grc' dir='ltr'>κανόνι</span> <span class='ocrx_word' id='word_1_254' title='bbox 1079 1956 1435 2024; x_wconf 68' lang='grc' dir='ltr'>ἀφορίζεσθαι</span> <span class='ocrx_word' id='word_1_255' title='bbox 1496 1973 1629 2023; x_wconf 86' lang='grc' dir='ltr'>φησι</span> <span class='ocrx_word' id='word_1_256' title='bbox 1681 1957 1769 2006; x_wconf 64' lang='grc' dir='ltr'>τὸν</span> 
     </span>
    </p>
   </div>
   <div class='ocr_carea' id='block_1_37' title="bbox 185 2047 1768 2116">
    <p class='ocr_par' dir='ltr' id='par_1_37' title="bbox 185 2047 1768 2116">
     <span class='ocr_line' id='line_1_37' title="bbox 185 2047 1768 2116; baseline -0.001 -19"><span class='ocrx_word' id='word_1_257' title='bbox 185 2048 440 2098; x_wconf 62' lang='grc' dir='ltr'>ἐσθίοντα</span> <span class='ocrx_word' id='word_1_258' title='bbox 472 2049 528 2098; x_wconf 86' lang='grc' dir='ltr'><strong>ἐν</strong></span> <span class='ocrx_word' id='word_1_259' title='bbox 560 2048 843 2116; x_wconf 77' lang='grc' dir='ltr'>καπηλείῳ</span> <span class='ocrx_word' id='word_1_260' title='bbox 879 2047 1138 2116; x_wconf 82' lang='grc' dir='ltr'>κληρικὸν</span> <span class='ocrx_word' id='word_1_261' title='bbox 1164 2087 1178 2108; x_wconf 92' lang='grc'><strong>,</strong></span> <span class='ocrx_word' id='word_1_262' title='bbox 1243 2047 1334 2098; x_wconf 79' lang='grc' dir='ltr'>καὶ</span> <span class='ocrx_word' id='word_1_263' title='bbox 1372 2047 1508 2114; x_wconf 70' lang='grc' dir='ltr'>μετὰ</span> <span class='ocrx_word' id='word_1_264' title='bbox 1554 2063 1768 2114; x_wconf 85' lang='grc' dir='ltr'>παραγ-</span> 
     </span>
    </p>
   </div>
   <div class='ocr_carea' id='block_1_38' title="bbox 187 2137 1768 2208">
    <p class='ocr_par' dir='ltr' id='par_1_38' title="bbox 187 2137 1768 2208">
     <span class='ocr_line' id='line_1_38' title="bbox 187 2137 1768 2208; baseline 0.001 -19"><span class='ocrx_word' id='word_1_265' title='bbox 187 2139 375 2204; x_wconf 74' lang='grc' dir='ltr'>γελίαν</span> <span class='ocrx_word' id='word_1_266' title='bbox 412 2137 485 2207; x_wconf 83' lang='grc' dir='ltr'>μὴ</span> <span class='ocrx_word' id='word_1_267' title='bbox 520 2139 927 2206; x_wconf 73' lang='grc' dir='ltr'><strong>διορθούμενον,</strong></span> <span class='ocrx_word' id='word_1_268' title='bbox 947 2137 1159 2200; x_wconf 82' lang='grc' dir='ltr'>πάντως</span> <span class='ocrx_word' id='word_1_269' title='bbox 1193 2139 1278 2190; x_wconf 75' lang='grc' dir='ltr'><strong>διὰ</strong></span> <span class='ocrx_word' id='word_1_270' title='bbox 1313 2141 1370 2190; x_wconf 77' lang='grc' dir='ltr'>τὸ</span> <span class='ocrx_word' id='word_1_271' title='bbox 1400 2139 1768 2208; x_wconf 79' lang='grc' dir='ltr'>μετριώτερον</span> 
     </span>
    </p>
   </div>
   <div class='ocr_carea' id='block_1_39' title="bbox 185 2230 1768 2300">
    <p class='ocr_par' dir='ltr' id='par_1_39' title="bbox 185 2230 1768 2300">
     <span class='ocr_line' id='line_1_39' title="bbox 185 2230 1768 2300; baseline 0.002 -19"><span class='ocrx_word' id='word_1_272' title='bbox 185 2231 282 2282; x_wconf 71' lang='grc' dir='ltr'>τοῦ</span> <span class='ocrx_word' id='word_1_273' title='bbox 316 2231 750 2298; x_wconf 71' lang='grc' dir='ltr'><strong>ἁμαρτήματος·</strong></span> <span class='ocrx_word' id='word_1_274' title='bbox 786 2230 874 2282; x_wconf 79' lang='grc' dir='ltr'><strong>τὸν</strong></span> <span class='ocrx_word' id='word_1_275' title='bbox 900 2231 953 2282; x_wconf 77' lang='grc' dir='ltr'>δὲ</span> <span class='ocrx_word' id='word_1_276' title='bbox 1006 2231 1331 2300; x_wconf 74' lang='grc' dir='ltr'>ἐνεργοῦντα</span> <span class='ocrx_word' id='word_1_277' title='bbox 1379 2232 1638 2300; x_wconf 79' lang='grc' dir='ltr'>κληρικδν</span> <span class='ocrx_word' id='word_1_278' title='bbox 1671 2251 1768 2284; x_wconf 84' lang='grc' dir='ltr'>κα-</span> 
     </span>
    </p>
   </div>
   <div class='ocr_carea' id='block_1_40' title="bbox 187 2315 1774 2392">
    <p class='ocr_par' dir='ltr' id='par_1_40' title="bbox 187 2315 1774 2392">
     <span class='ocr_line' id='line_1_40' title="bbox 187 2315 1774 2392; baseline 0.001 -20"><span class='ocrx_word' id='word_1_279' title='bbox 187 2322 427 2388; x_wconf 71' lang='grc' dir='ltr'>πηλικὸν</span> <span class='ocrx_word' id='word_1_280' title='bbox 454 2322 836 2389; x_wconf 68' lang='grc' dir='ltr'>ἐργαστήριον,</span> <span class='ocrx_word' id='word_1_281' title='bbox 865 2322 936 2388; x_wconf 80' lang='grc' dir='ltr'>μὴ</span> <span class='ocrx_word' id='word_1_282' title='bbox 977 2321 1357 2389; x_wconf 74' lang='grc' dir='ltr'>διορθούμενον</span> <span class='ocrx_word' id='word_1_283' title='bbox 1390 2315 1524 2391; x_wconf 74' lang='grc' dir='ltr'>μετὰ</span> <span class='ocrx_word' id='word_1_284' title='bbox 1561 2341 1774 2392; x_wconf 87' lang='grc' dir='ltr'>παραγ-</span> 
     </span>
    </p>
   </div>
   <div class='ocr_carea' id='block_1_41' title="bbox 199 2411 1772 2481">
    <p class='ocr_par' dir='ltr' id='par_1_41' title="bbox 199 2411 1772 2481">
     <span class='ocr_line' id='line_1_41' title="bbox 199 2411 1772 2481; baseline 0.001 -18"><span class='ocrx_word' id='word_1_285' title='bbox 199 2414 398 2479; x_wconf 69' lang='grc' dir='ltr'>τελῖαν,</span> <span class='ocrx_word' id='word_1_286' title='bbox 435 2411 817 2480; x_wconf 82' lang='grc' dir='ltr'>καθαιρεῖσθαὶ</span> <span class='ocrx_word' id='word_1_287' title='bbox 850 2430 1014 2480; x_wconf 88' lang='grc' dir='ltr'>φησιν</span> <span class='ocrx_word' id='word_1_288' title='bbox 1038 2415 1065 2463; x_wconf 86' lang='grc' dir='ltr'>ὁ</span> <span class='ocrx_word' id='word_1_289' title='bbox 1099 2414 1294 2481; x_wconf 78' lang='grc' dir='ltr'>παρὼν</span> <span class='ocrx_word' id='word_1_290' title='bbox 1317 2414 1513 2479; x_wconf 76' lang='grc' dir='ltr'>κανὼν,</span> <span class='ocrx_word' id='word_1_291' title='bbox 1557 2416 1772 2475; x_wconf 77' lang='grc' dir='ltr'>πάντως</span> 
     </span>
    </p>
   </div>
   <div class='ocr_carea' id='block_1_42' title="bbox 190 2504 1776 2574">
    <p class='ocr_par' dir='ltr' id='par_1_42' title="bbox 190 2504 1776 2574">
     <span class='ocr_line' id='line_1_42' title="bbox 190 2504 1776 2574; baseline 0.002 -18"><span class='ocrx_word' id='word_1_292' title='bbox 190 2505 283 2556; x_wconf 77' lang='grc' dir='ltr'>διὰ.</span> <span class='ocrx_word' id='word_1_293' title='bbox 304 2507 365 2554; x_wconf 70' lang='grc' dir='ltr'>τὸ</span> <span class='ocrx_word' id='word_1_294' title='bbox 403 2505 702 2572; x_wconf 83' lang='grc' dir='ltr'>βαρύτερον</span> <span class='ocrx_word' id='word_1_295' title='bbox 753 2504 844 2555; x_wconf 75' lang='grc' dir='ltr'>τοῦ</span> <span class='ocrx_word' id='word_1_296' title='bbox 878 2505 1292 2574; x_wconf 78' lang='grc' dir='ltr'>ἁμαρτήματος.</span> <span class='ocrx_word' id='word_1_297' title='bbox 1353 2507 1651 2571; x_wconf 75' lang='grc' dir='ltr'>’Λναγνωθι</span> <span class='ocrx_word' id='word_1_298' title='bbox 1708 2508 1776 2560; x_wconf 75' lang='grc' dir='ltr'>τὰ</span> 
     </span>
    </p>
   </div>
   <div class='ocr_carea' id='block_1_43' title="bbox 193 2596 1776 2666">
    <p class='ocr_par' dir='ltr' id='par_1_43' title="bbox 193 2596 1776 2666">
     <span class='ocr_line' id='line_1_43' title="bbox 193 2596 1776 2666; baseline 0.002 -19"><span class='ocrx_word' id='word_1_299' title='bbox 193 2596 630 2665; x_wconf 81' lang='grc' dir='ltr'>παραγραφέντα</span> <span class='ocrx_word' id='word_1_300' title='bbox 666 2599 722 2648; x_wconf 89' lang='grc' dir='ltr'><strong>ἐν</strong></span> <span class='ocrx_word' id='word_1_301' title='bbox 776 2596 852 2664; x_wconf 81' lang='grc' dir='ltr'>τῷ</span> <span class='ocrx_word' id='word_1_302' title='bbox 885 2596 1104 2666; x_wconf 78' lang='grc' dir='ltr'>ῥηθέντι</span> <span class='ocrx_word' id='word_1_303' title='bbox 1159 2597 1230 2649; x_wconf 83' lang='grc' dir='ltr'>νδ¹</span> <span class='ocrx_word' id='word_1_304' title='bbox 1276 2598 1620 2666; x_wconf 82' lang='grc' dir='ltr'>ἀποστολικῷ</span> <span class='ocrx_word' id='word_1_305' title='bbox 1677 2617 1776 2650; x_wconf 85' lang='grc' dir='ltr'>κα-</span> 
     </span>
    </p>
   </div>
   <div class='ocr_carea' id='block_1_44' title="bbox 192 2686 1776 2752">
    <p class='ocr_par' dir='ltr' id='par_1_44' title="bbox 192 2686 1776 2752">
     <span class='ocr_line' id='line_1_44' title="bbox 192 2686 1776 2752; baseline 0.002 -12"><span class='ocrx_word' id='word_1_306' title='bbox 192 2690 334 2751; x_wconf 86' lang='grc' dir='ltr'>νόνι,</span> <span class='ocrx_word' id='word_1_307' title='bbox 367 2689 460 2738; x_wconf 73' lang='grc' dir='ltr'>καὶ</span> <span class='ocrx_word' id='word_1_308' title='bbox 519 2688 737 2739; x_wconf 79' lang='grc' dir='ltr'>συνόδου</span> <span class='ocrx_word' id='word_1_309' title='bbox 799 2686 1115 2751; x_wconf 80' lang='grc' dir='ltr'>Λαοδικείας</span> <span class='ocrx_word' id='word_1_310' title='bbox 1178 2689 1379 2740; x_wconf 81' lang='grc' dir='ltr'>κανόνα</span> <span class='ocrx_word' id='word_1_311' title='bbox 1412 2686 1510 2752; x_wconf 80' lang='grc' dir='ltr'>κδ’,</span> <span class='ocrx_word' id='word_1_312' title='bbox 1559 2691 1776 2743; x_wconf 83' lang='grc' dir='ltr'>συνόδου</span> 
     </span>
    </p>
   </div>
   <div class='ocr_carea' id='block_1_45' title="bbox 196 2777 1779 2849">
    <p class='ocr_par' dir='ltr' id='par_1_45' title="bbox 196 2777 1779 2849">
     <span class='ocr_line' id='line_1_45' title="bbox 196 2777 1779 2849; baseline 0.002 -19"><span class='ocrx_word' id='word_1_313' title='bbox 196 2778 564 2847; x_wconf 74' lang='grc' dir='ltr'>Καρθαγένης</span> <span class='ocrx_word' id='word_1_314' title='bbox 599 2782 798 2831; x_wconf 81' lang='grc' dir='ltr'>κανόνα</span> <span class='ocrx_word' id='word_1_315' title='bbox 839 2777 914 2846; x_wconf 88' lang='grc' dir='ltr'>μ’,</span> <span class='ocrx_word' id='word_1_316' title='bbox 966 2779 1058 2830; x_wconf 74' lang='grc' dir='ltr'><strong>καὶ</strong></span> <span class='ocrx_word' id='word_1_317' title='bbox 1094 2780 1299 2849; x_wconf 77' lang='grc' dir='ltr'>βιϐλίου</span> <span class='ocrx_word' id='word_1_318' title='bbox 1334 2778 1376 2830; x_wconf 90' lang='grc' dir='ltr'>δ’</span> <span class='ocrx_word' id='word_1_319' title='bbox 1429 2782 1534 2832; x_wconf 82' lang='grc' dir='ltr'>τῶν</span> <span class='ocrx_word' id='word_1_320' title='bbox 1567 2780 1779 2833; x_wconf 77' lang='grc' dir='ltr'>Βασιλι-</span> 
     </span>
    </p>
   </div>
   <div class='ocr_carea' id='block_1_46' title="bbox 198 2869 1778 2940">
    <p class='ocr_par' dir='ltr' id='par_1_46' title="bbox 198 2869 1778 2940">
     <span class='ocr_line' id='line_1_46' title="bbox 198 2869 1778 2940; baseline 0.001 -20"><span class='ocrx_word' id='word_1_321' title='bbox 198 2871 313 2920; x_wconf 81' lang='grc' dir='ltr'>κῶν</span> <span class='ocrx_word' id='word_1_322' title='bbox 340 2871 518 2920; x_wconf 86' lang='grc' dir='ltr'>τίτλου</span> <span class='ocrx_word' id='word_1_323' title='bbox 569 2875 617 2918; x_wconf 91' lang='grc' dir='ltr'>α’</span> <span class='ocrx_word' id='word_1_324' title='bbox 659 2885 786 2934; x_wconf 85' lang='grc' dir='ltr'>κεφ.</span> <span class='ocrx_word' id='word_1_325' title='bbox 842 2869 1185 2940; x_wconf 67' lang='grc' dir='ltr'>τελευταῖον,</span> <span class='ocrx_word' id='word_1_326' title='bbox 1237 2870 1373 2940; x_wconf 87' lang='grc' dir='ltr'>ὅπερ</span> <span class='ocrx_word' id='word_1_327' title='bbox 1427 2870 1778 2939; x_wconf 74' lang='grc' dir='ltr'>κατεστρώθη</span> 
     </span>
    </p>
   </div>
   <div class='ocr_carea' id='block_1_47' title="bbox 194 2939 1782 3030">
    <p class='ocr_par' dir='ltr' id='par_1_47' title="bbox 194 2956 1782 3030">
     <span class='ocr_line' id='line_1_47' title="bbox 194 2956 1782 3030; baseline 0.001 -18"><span class='ocrx_word' id='word_1_328' title='bbox 194 2961 398 3024; x_wconf 79' lang='grc' dir='ltr'>ἔξωθεν</span> <span class='ocrx_word' id='word_1_329' title='bbox 429 2958 522 3010; x_wconf 81' lang='grc' dir='ltr'>τοῦ</span> <span class='ocrx_word' id='word_1_330' title='bbox 567 2956 639 3009; x_wconf 85' lang='grc' dir='ltr'>λε’</span> <span class='ocrx_word' id='word_1_331' title='bbox 666 2975 789 3028; x_wconf 82' lang='grc' dir='ltr'>κεφ.</span> <span class='ocrx_word' id='word_1_332' title='bbox 822 2958 914 3011; x_wconf 78' lang='grc' dir='ltr'>τοῦ</span> <span class='ocrx_word' id='word_1_333' title='bbox 939 2958 981 3013; x_wconf 85' lang='grc' dir='ltr'>θ’</span> <span class='ocrx_word' id='word_1_334' title='bbox 1036 2960 1211 3012; x_wconf 79' lang='grc' dir='ltr'>τίτλον</span> <span class='ocrx_word' id='word_1_335' title='bbox 1238 2961 1328 3013; x_wconf 81' lang='grc' dir='ltr'>τοῦ</span> <span class='ocrx_word' id='word_1_336' title='bbox 1363 2962 1626 3030; x_wconf 68' lang='grc' dir='ltr'>παρόντος</span> <span class='ocrx_word' id='word_1_337' title='bbox 1660 2978 1782 3013; x_wconf 83' lang='grc' dir='ltr'>συν-</span> 
     </span>
    </p>
   </div>
   <div class='ocr_carea' id='block_1_48' title="bbox 193 3053 1759 3117">
    <p class='ocr_par' dir='ltr' id='par_1_48' title="bbox 193 3053 1759 3117">
     <span class='ocr_line' id='line_1_48' title="bbox 193 3053 1759 3117; baseline 0.001 -16"><span class='ocrx_word' id='word_1_338' title='bbox 193 3053 304 3116; x_wconf 83' lang='grc' dir='ltr'><strong>ταγ</strong></span> <span class='ocrx_word' id='word_1_339' title='bbox 314 3067 506 3117; x_wconf 86' lang='grc' dir='ltr'>ματος.</span> <span class='ocrx_word' id='word_1_340' title='bbox 1757 3057 1759 3060; x_wconf 80' lang='grc'><em>’</em></span> 
     </span>
    </p>
   </div>
   <div class='ocr_carea' id='block_1_49' title="bbox 272 3139 1782 3214">
    <p class='ocr_par' dir='ltr' id='par_1_49' title="bbox 272 3139 1782 3214">
     <span class='ocr_line' id='line_1_49' title="bbox 272 3139 1782 3214; baseline 0.002 -22"><span class='ocrx_word' id='word_1_341' title='bbox 272 3142 521 3193; x_wconf 79' lang='grc' dir='ltr'><strong>ΖΩΝΑΡ.</strong></span> <span class='ocrx_word' id='word_1_342' title='bbox 556 3141 628 3192; x_wconf 87' lang='grc' dir='ltr'><strong>Τὸ</strong></span> <span class='ocrx_word' id='word_1_343' title='bbox 657 3139 800 3209; x_wconf 83' lang='grc' dir='ltr'>ἐχειν</span> <span class='ocrx_word' id='word_1_344' title='bbox 851 3141 1154 3210; x_wconf 80' lang='grc' dir='ltr'>καπηλικὸν</span> <span class='ocrx_word' id='word_1_345' title='bbox 1199 3143 1560 3212; x_wconf 77' lang='grc' dir='ltr'>ἐργαστήριον</span> <span class='ocrx_word' id='word_1_346' title='bbox 1592 3144 1782 3214; x_wconf 82' lang='grc' dir='ltr'>κληρι-</span> 
     </span>
    </p>
   </div>
   <div class='ocr_carea' id='block_1_50' title="bbox 195 3233 1780 3305">
    <p class='ocr_par' dir='ltr' id='par_1_50' title="bbox 195 3233 1780 3305">
     <span class='ocr_line' id='line_1_50' title="bbox 195 3233 1780 3305; baseline -0.001 -19"><span class='ocrx_word' id='word_1_347' title='bbox 195 3236 298 3286; x_wconf 67' lang='grc' dir='ltr'><strong>κον</strong></span> <span class='ocrx_word' id='word_1_348' title='bbox 333 3234 554 3302; x_wconf 84' lang='grc' dir='ltr'>νοητέον</span> <span class='ocrx_word' id='word_1_349' title='bbox 596 3235 655 3285; x_wconf 86' lang='grc' dir='ltr'>τὸ</span> <span class='ocrx_word' id='word_1_350' title='bbox 690 3234 755 3284; x_wconf 80' lang='grc' dir='ltr'>δι’</span> <span class='ocrx_word' id='word_1_351' title='bbox 787 3233 982 3285; x_wconf 79' lang='grc' dir='ltr'>ἑαυτοῦ</span> <span class='ocrx_word' id='word_1_352' title='bbox 1037 3235 1280 3302; x_wconf 82' lang='grc' dir='ltr'>ἐνεργεῖν</span> <span class='ocrx_word' id='word_1_353' title='bbox 1327 3235 1492 3286; x_wconf 76' lang='grc' dir='ltr'>αὑτὸν</span> <span class='ocrx_word' id='word_1_354' title='bbox 1527 3237 1584 3286; x_wconf 90' lang='grc' dir='ltr'><strong>ἐν</strong></span> <span class='ocrx_word' id='word_1_355' title='bbox 1629 3236 1780 3305; x_wconf 83' lang='grc' dir='ltr'><strong>αὺτῷ</strong></span> 
     </span>
    </p>
   </div>
   <div class='ocr_carea' id='block_1_51' title="bbox 197 3325 1780 3395">
    <p class='ocr_par' dir='ltr' id='par_1_51' title="bbox 197 3325 1780 3395">
     <span class='ocr_line' id='line_1_51' title="bbox 197 3325 1780 3395; baseline 0.001 -17"><span class='ocrx_word' id='word_1_356' title='bbox 197 3331 296 3378; x_wconf 67' lang='grc' dir='ltr'>καὶ</span> <span class='ocrx_word' id='word_1_357' title='bbox 326 3328 641 3395; x_wconf 85' lang='grc' dir='ltr'>ὑπηρετεῖν,</span> <span class='ocrx_word' id='word_1_358' title='bbox 702 3328 774 3377; x_wconf 82' lang='grc' dir='ltr'><strong>Οὐ</strong></span> <span class='ocrx_word' id='word_1_359' title='bbox 827 3327 934 3394; x_wconf 79' lang='grc' dir='ltr'><strong>γὰρ</strong></span> <span class='ocrx_word' id='word_1_360' title='bbox 964 3325 1278 3394; x_wconf 78' lang='grc' dir='ltr'>εὔσχημον,</span> <span class='ocrx_word' id='word_1_361' title='bbox 1331 3327 1465 3378; x_wconf 81' lang='grc' dir='ltr'>ἀλλὰ</span> <span class='ocrx_word' id='word_1_362' title='bbox 1513 3328 1602 3378; x_wconf 80' lang='grc' dir='ltr'>καὶ</span> <span class='ocrx_word' id='word_1_363' title='bbox 1660 3328 1780 3381; x_wconf 84' lang='grc' dir='ltr'>λίαν</span> 
     </span>
    </p>
   </div>
   <div class='ocr_carea' id='block_1_52' title="bbox 197 3415 1777 3486">
    <p class='ocr_par' dir='ltr' id='par_1_52' title="bbox 197 3415 1777 3486">
     <span class='ocr_line' id='line_1_52' title="bbox 197 3415 1777 3486; baseline 0.001 -17"><span class='ocrx_word' id='word_1_364' title='bbox 197 3420 351 3469; x_wconf 84' lang='grc' dir='ltr'>ἐστὶν</span> <span class='ocrx_word' id='word_1_365' title='bbox 383 3418 630 3485; x_wconf 80' lang='grc' dir='ltr'>ἀπρεπὲς</span> <span class='ocrx_word' id='word_1_366' title='bbox 663 3419 722 3467; x_wconf 77' lang='grc' dir='ltr'><strong>τὸ</strong></span> <span class='ocrx_word' id='word_1_367' title='bbox 757 3416 1058 3485; x_wconf 81' lang='grc' dir='ltr'>καπηλείου</span> <span class='ocrx_word' id='word_1_368' title='bbox 1102 3417 1469 3484; x_wconf 76' lang='grc' dir='ltr'>προΐστασθαι</span> <span class='ocrx_word' id='word_1_369' title='bbox 1501 3415 1777 3486; x_wconf 70' lang='grc' dir='ltr'>κληρικδν,</span> 
     </span>
    </p>
   </div>
   <div class='ocr_carea' id='block_1_53' title="bbox 198 3505 1779 3574">
    <p class='ocr_par' dir='ltr' id='par_1_53' title="bbox 198 3505 1779 3574">
     <span class='ocr_line' id='line_1_53' title="bbox 198 3505 1779 3574; baseline 0.001 -17"><span class='ocrx_word' id='word_1_370' title='bbox 198 3509 295 3559; x_wconf 69' lang='grc' dir='ltr'>καὶ</span> <span class='ocrx_word' id='word_1_371' title='bbox 327 3510 452 3567; x_wconf 61' lang='grc' dir='ltr'>τοὺς</span> <span class='ocrx_word' id='word_1_372' title='bbox 491 3509 569 3568; x_wconf 76' lang='grc' dir='ltr'><strong>είς</strong></span> <span class='ocrx_word' id='word_1_373' title='bbox 599 3507 730 3558; x_wconf 75' lang='grc' dir='ltr'>αὐτὸ</span> <span class='ocrx_word' id='word_1_374' title='bbox 761 3507 1027 3566; x_wconf 73' lang='grc' dir='ltr'>εἰσιόντας</span> <span class='ocrx_word' id='word_1_375' title='bbox 1082 3506 1458 3574; x_wconf 79' lang='grc' dir='ltr'>ὑποδέχεσθαι,</span> <span class='ocrx_word' id='word_1_376' title='bbox 1502 3507 1596 3556; x_wconf 76' lang='grc' dir='ltr'><strong>καὶ</strong></span> <span class='ocrx_word' id='word_1_377' title='bbox 1635 3505 1779 3574; x_wconf 77' lang='grc' dir='ltr'>βρώ-</span> 
     </span>
    </p>
   </div>
   <div class='ocr_carea' id='block_1_54' title="bbox 200 3589 1782 3667">
    <p class='ocr_par' dir='ltr' id='par_1_54' title="bbox 200 3589 1782 3667">
     <span class='ocr_line' id='line_1_54' title="bbox 200 3589 1782 3667; baseline -0.002 -17"><span class='ocrx_word' id='word_1_378' title='bbox 200 3617 352 3667; x_wconf 86' lang='grc' dir='ltr'>ματα</span> <span class='ocrx_word' id='word_1_379' title='bbox 388 3597 739 3665; x_wconf 72' lang='grc' dir='ltr'>παρατιθέναι</span> <span class='ocrx_word' id='word_1_380' title='bbox 765 3598 964 3658; x_wconf 79' lang='grc' dir='ltr'>αὐτοῖς,</span> <span class='ocrx_word' id='word_1_381' title='bbox 1005 3597 1096 3649; x_wconf 80' lang='grc' dir='ltr'>καὶ</span> <span class='ocrx_word' id='word_1_382' title='bbox 1125 3592 1266 3647; x_wconf 76' lang='grc' dir='ltr'>οἶνον</span> <span class='ocrx_word' id='word_1_383' title='bbox 1298 3597 1538 3663; x_wconf 83' lang='grc' dir='ltr'>ἐγχέειν.</span> <span class='ocrx_word' id='word_1_384' title='bbox 1570 3589 1640 3666; x_wconf 73' lang='grc' dir='ltr'><strong>⁷ῼ</strong></span> <span class='ocrx_word' id='word_1_385' title='bbox 1674 3598 1782 3664; x_wconf 76' lang='grc' dir='ltr'>γὰρ</span> 
     </span>
    </p>
   </div>
   <div class='ocr_carea' id='block_1_55' title="bbox 197 3687 1785 3761">
    <p class='ocr_par' dir='ltr' id='par_1_55' title="bbox 197 3687 1785 3761">
     <span class='ocr_line' id='line_1_55' title="bbox 197 3687 1785 3761; baseline -0.003 -19"><span class='ocrx_word' id='word_1_386' title='bbox 197 3691 584 3761; x_wconf 79' lang='grc' dir='ltr'>ἀπηγόρευται</span> <span class='ocrx_word' id='word_1_387' title='bbox 613 3691 669 3739; x_wconf 70' lang='grc' dir='ltr'>τὸ</span> <span class='ocrx_word' id='word_1_388' title='bbox 688 3689 822 3750; x_wconf 75' lang='grc' dir='ltr'>ὅλως</span> <span class='ocrx_word' id='word_1_389' title='bbox 853 3691 929 3748; x_wconf 85' lang='grc' dir='ltr'><strong>είς</strong></span> <span class='ocrx_word' id='word_1_390' title='bbox 963 3687 1253 3757; x_wconf 86' lang='grc' dir='ltr'>καπηλεῖον</span> <span class='ocrx_word' id='word_1_391' title='bbox 1272 3688 1613 3754; x_wconf 78' lang='grc' dir='ltr'>εἰσέρχεσθαι</span> <span class='ocrx_word' id='word_1_392' title='bbox 1647 3688 1785 3738; x_wconf 79' lang='grc' dir='ltr'>κατα</span> 
     </span>
    </p>
   </div>
   <div class='ocr_carea' id='block_1_56' title="bbox 197 3772 1785 3844">
    <p class='ocr_par' dir='ltr' id='par_1_56' title="bbox 197 3772 1785 3844">
     <span class='ocr_line' id='line_1_56' title="bbox 197 3772 1785 3844; baseline -0.003 -13"><span class='ocrx_word' id='word_1_393' title='bbox 197 3783 292 3831; x_wconf 73' lang='grc' dir='ltr'><strong>τὸν</strong></span> <span class='ocrx_word' id='word_1_394' title='bbox 326 3781 396 3831; x_wconf 83' lang='grc' dir='ltr'>νδ⁹</span> <span class='ocrx_word' id='word_1_395' title='bbox 432 3780 628 3833; x_wconf 85' lang='grc' dir='ltr'>κανόνα</span> <span class='ocrx_word' id='word_1_396' title='bbox 673 3779 781 3829; x_wconf 81' lang='grc' dir='ltr'>τῶν</span> <span class='ocrx_word' id='word_1_397' title='bbox 810 3778 978 3844; x_wconf 84' lang='grc' dir='ltr'>ἁγίων</span> <span class='ocrx_word' id='word_1_398' title='bbox 1010 3778 1345 3839; x_wconf 84' lang='grc' dir='ltr'>ἀποστόλων,</span> <span class='ocrx_word' id='word_1_399' title='bbox 1404 3779 1518 3839; x_wconf 81' lang='grc' dir='ltr'>πῶς</span> <span class='ocrx_word' id='word_1_400' title='bbox 1543 3772 1696 3837; x_wconf 77' lang='grc' dir='ltr'>οὗτος</span> <span class='ocrx_word' id='word_1_401' title='bbox 1730 3781 1785 3826; x_wconf 75' lang='grc' dir='ltr'><strong>ἐν</strong></span> 
     </span>
    </p>
   </div>
   <div class='ocr_carea' id='block_1_57' title="bbox 199 3867 1783 3939">
    <p class='ocr_par' dir='ltr' id='par_1_57' title="bbox 199 3867 1783 3939">
     <span class='ocr_line' id='line_1_57' title="bbox 199 3867 1783 3939; baseline -0.005 -15"><span class='ocrx_word' id='word_1_402' title='bbox 199 3872 356 3939; x_wconf 83' lang='grc' dir='ltr'><strong>αὑτῷ</strong></span> <span class='ocrx_word' id='word_1_403' title='bbox 384 3871 645 3938; x_wconf 72' lang='grc' dir='ltr'>διηνεκῶς</span> <span class='ocrx_word' id='word_1_404' title='bbox 677 3871 826 3921; x_wconf 79' lang='grc' dir='ltr'>ἔσται</span> <span class='ocrx_word' id='word_1_405' title='bbox 849 3869 1316 3935; x_wconf 81' lang='grc' dir='ltr'>ἀναστρεφόμενος</span> <span class='ocrx_word' id='word_1_406' title='bbox 1342 3883 1355 3930; x_wconf 89' lang='grc'><strong>;</strong></span> <span class='ocrx_word' id='word_1_407' title='bbox 1387 3867 1489 3918; x_wconf 87' lang='grc' dir='ltr'>Τόν</span> <span class='ocrx_word' id='word_1_408' title='bbox 1537 3884 1594 3918; x_wconf 88' lang='grc' dir='ltr'><strong>τε</strong></span> <span class='ocrx_word' id='word_1_409' title='bbox 1629 3867 1783 3918; x_wconf 72' lang='grc' dir='ltr'>τοῦτο</span> 
     </span>
    </p>
   </div>
   <div class='ocr_carea' id='block_1_58' title="bbox 201 3958 1782 4029">
    <p class='ocr_par' dir='ltr' id='par_1_58' title="bbox 201 3958 1782 4029">
     <span class='ocr_line' id='line_1_58' title="bbox 201 3958 1782 4029; baseline -0.003 -16"><span class='ocrx_word' id='word_1_410' title='bbox 201 3962 466 4014; x_wconf 78' lang='grc' dir='ltr'>ποιοῦντα</span> <span class='ocrx_word' id='word_1_411' title='bbox 495 3961 527 4029; x_wconf 83' lang='grc' dir='ltr'>ἢ</span> <span class='ocrx_word' id='word_1_412' title='bbox 561 3960 828 4013; x_wconf 83' lang='grc' dir='ltr'>παύεσθαι</span> <span class='ocrx_word' id='word_1_413' title='bbox 867 3959 1109 4028; x_wconf 84' lang='grc' dir='ltr'>βούλεται</span> <span class='ocrx_word' id='word_1_414' title='bbox 1141 3962 1167 4010; x_wconf 88' lang='grc' dir='ltr'><strong>ό</strong></span> <span class='ocrx_word' id='word_1_415' title='bbox 1206 3958 1385 4009; x_wconf 85' lang='grc' dir='ltr'>κανὼν</span> <span class='ocrx_word' id='word_1_416' title='bbox 1417 3960 1446 4026; x_wconf 83' lang='grc' dir='ltr'>ἢ</span> <span class='ocrx_word' id='word_1_417' title='bbox 1503 3959 1782 4026; x_wconf 72' lang='grc' dir='ltr'>καθαιρεῖ-</span> 
     </span>
    </p>
   </div>
   <div class='ocr_carea' id='block_1_59' title="bbox 204 4053 1780 4121">
    <p class='ocr_par' dir='ltr' id='par_1_59' title="bbox 204 4053 1780 4121">
     <span class='ocr_line' id='line_1_59' title="bbox 204 4053 1780 4121; baseline -0.003 -13"><span class='ocrx_word' id='word_1_418' title='bbox 204 4057 355 4109; x_wconf 82' lang='grc' dir='ltr'>σθαι.</span> <span class='ocrx_word' id='word_1_419' title='bbox 391 4055 450 4105; x_wconf 86' lang='lat' dir='ltr'><strong>El</strong></span> <span class='ocrx_word' id='word_1_420' title='bbox 480 4055 536 4106; x_wconf 85' lang='grc' dir='ltr'><strong>δέ</strong></span> <span class='ocrx_word' id='word_1_421' title='bbox 568 4071 649 4112; x_wconf 89' lang='grc' dir='ltr'><strong>τις</strong></span> <span class='ocrx_word' id='word_1_422' title='bbox 694 4053 950 4121; x_wconf 80' lang='grc' dir='ltr'>κληρικὸς</span> <span class='ocrx_word' id='word_1_423' title='bbox 981 4054 1188 4104; x_wconf 78' lang='grc' dir='ltr'>τοιοῦτο</span> <span class='ocrx_word' id='word_1_424' title='bbox 1243 4053 1605 4119; x_wconf 78' lang='grc' dir='ltr'>ἐργαστήριον</span> <span class='ocrx_word' id='word_1_425' title='bbox 1641 4053 1780 4120; x_wconf 75' lang='grc' dir='ltr'>ἔχων</span> 
     </span>
    </p>
   </div>
   <div class='ocr_carea' id='block_1_60' title="bbox 201 4143 1776 4214">
    <p class='ocr_par' dir='ltr' id='par_1_60' title="bbox 201 4143 1776 4214">
     <span class='ocr_line' id='line_1_60' title="bbox 201 4143 1776 4214; baseline -0.004 -16"><span class='ocrx_word' id='word_1_426' title='bbox 201 4148 385 4214; x_wconf 88' lang='grc' dir='ltr'>ἐτέρῳ</span> <span class='ocrx_word' id='word_1_427' title='bbox 419 4144 548 4198; x_wconf 68' lang='grc' dir='ltr'>αὐτὸ</span> <span class='ocrx_word' id='word_1_428' title='bbox 580 4143 932 4212; x_wconf 76' lang='grc' dir='ltr'>ἐκμισθώσει,</span> <span class='ocrx_word' id='word_1_429' title='bbox 967 4144 1094 4212; x_wconf 67' lang='grc' dir='ltr'>περὶ</span> <span class='ocrx_word' id='word_1_430' title='bbox 1120 4143 1217 4212; x_wconf 81' lang='grc' dir='ltr'>τὴν</span> <span class='ocrx_word' id='word_1_431' title='bbox 1267 4143 1471 4195; x_wconf 75' lang='grc' dir='ltr'>οἰκείαν</span> <span class='ocrx_word' id='word_1_432' title='bbox 1504 4143 1776 4193; x_wconf 76' lang='grc' dir='ltr'>καταστα-</span> 
     </span>
    </p>
   </div>
   <div class='ocr_carea' id='block_1_61' title="bbox 202 4237 770 4306">
    <p class='ocr_par' dir='ltr' id='par_1_61' title="bbox 202 4237 770 4306">
     <span class='ocr_line' id='line_1_61' title="bbox 202 4237 770 4306; baseline -0.007 -14"><span class='ocrx_word' id='word_1_433' title='bbox 202 4257 293 4292; x_wconf 90' lang='grc' dir='ltr'><strong>σιν</strong></span> <span class='ocrx_word' id='word_1_434' title='bbox 329 4239 388 4290; x_wconf 76' lang='grc' dir='ltr'>οὐ</span> <span class='ocrx_word' id='word_1_435' title='bbox 423 4237 770 4306; x_wconf 76' lang='grc' dir='ltr'>βλαϐήσεται.</span> 
     </span>
    </p>
   </div>
   <div class='ocr_carea' id='block_1_62' title="bbox 1876 1953 3458 2026">
    <p class='ocr_par' dir='ltr' id='par_1_62' title="bbox 1876 1953 3458 2026">
     <span class='ocr_line' id='line_1_62' title="bbox 1876 1953 3458 2026; baseline 0.008 -22"><span class='ocrx_word' id='word_1_436' title='bbox 1876 1953 1978 2005; x_wconf 85' lang='lat' dir='ltr'><strong>lico</strong></span> <span class='ocrx_word' id='word_1_437' title='bbox 2009 1955 2287 2015; x_wconf 73' lang='lat' dir='ltr'><strong>clericum,</strong></span> <span class='ocrx_word' id='word_1_438' title='bbox 2318 1957 2406 2023; x_wconf 82' lang='lat' dir='ltr'><strong>qui</strong></span> <span class='ocrx_word' id='word_1_439' title='bbox 2437 1957 2488 2008; x_wconf 88' lang='lat' dir='ltr'><strong>in</strong></span> <span class='ocrx_word' id='word_1_440' title='bbox 2516 1972 2763 2022; x_wconf 86' lang='lat' dir='ltr'><strong>caupona</strong></span> <span class='ocrx_word' id='word_1_441' title='bbox 2810 1961 3060 2021; x_wconf 88' lang='lat' dir='ltr'><strong>comedit,</strong></span> <span class='ocrx_word' id='word_1_442' title='bbox 3120 1973 3170 2012; x_wconf 92' lang='lat' dir='ltr'><strong>et</strong></span> <span class='ocrx_word' id='word_1_443' title='bbox 3207 1972 3328 2026; x_wconf 85' lang='lat' dir='ltr'><strong>post</strong></span> <span class='ocrx_word' id='word_1_444' title='bbox 3361 1962 3458 2016; x_wconf 89' lang='lat' dir='ltr'><strong>de—</strong></span> 
     </span>
    </p>
   </div>
   <div class='ocr_carea' id='block_1_63' title="bbox 1876 2044 3453 2121">
    <p class='ocr_par' dir='ltr' id='par_1_63' title="bbox 1876 2044 3453 2121">
     <span class='ocr_line' id='line_1_63' title="bbox 1876 2044 3453 2121; baseline 0.006 -27"><span class='ocrx_word' id='word_1_445' title='bbox 1876 2044 2268 2097; x_wconf 88' lang='lat' dir='ltr'><strong>nuntiationem</strong></span> <span class='ocrx_word' id='word_1_446' title='bbox 2341 2062 2442 2097; x_wconf 92' lang='lat' dir='ltr'><strong>non</strong></span> <span class='ocrx_word' id='word_1_447' title='bbox 2514 2049 2846 2114; x_wconf 76' lang='lat' dir='ltr'><strong>corrigitur,</strong></span> <span class='ocrx_word' id='word_1_448' title='bbox 2907 2067 2974 2102; x_wconf 89' lang='lat' dir='ltr'><strong>eo</strong></span> <span class='ocrx_word' id='word_1_449' title='bbox 3037 2053 3258 2104; x_wconf 85' lang='lat' dir='ltr'><strong>omnino</strong></span> <span class='ocrx_word' id='word_1_450' title='bbox 3309 2056 3453 2121; x_wconf 88' lang='lat' dir='ltr'><strong>quod</strong></span> 
     </span>
    </p>
   </div>
   <div class='ocr_carea' id='block_1_64' title="bbox 1877 2135 3448 2203">
    <p class='ocr_par' dir='ltr' id='par_1_64' title="bbox 1877 2135 3448 2203">
     <span class='ocr_line' id='line_1_64' title="bbox 1877 2135 3448 2203; baseline 0.008 -24"><span class='ocrx_word' id='word_1_451' title='bbox 1877 2143 2150 2198; x_wconf 75' lang='lat' dir='ltr'><strong>peccatum</strong></span> <span class='ocrx_word' id='word_1_452' title='bbox 2200 2135 2266 2186; x_wconf 88' lang='lat' dir='ltr'><strong>sit</strong></span> <span class='ocrx_word' id='word_1_453' title='bbox 2300 2135 2486 2196; x_wconf 78' lang='lat' dir='ltr'><strong>levius,</strong></span> <span class='ocrx_word' id='word_1_454' title='bbox 2526 2139 2919 2203; x_wconf 69' lang='lat' dir='ltr'><strong>segregandam</strong></span> <span class='ocrx_word' id='word_1_455' title='bbox 2973 2141 3120 2192; x_wconf 90' lang='lat' dir='ltr'><strong>dicit.</strong></span> <span class='ocrx_word' id='word_1_456' title='bbox 3175 2140 3448 2195; x_wconf 86' lang='lat' dir='ltr'><strong>Clericqu</strong></span> 
     </span>
    </p>
   </div>
   <div class='ocr_carea' id='block_1_65' title="bbox 1877 2222 3460 2294">
    <p class='ocr_par' dir='ltr' id='par_1_65' title="bbox 1877 2222 3460 2294">
     <span class='ocr_line' id='line_1_65' title="bbox 1877 2222 3460 2294; baseline 0.006 -24"><span class='ocrx_word' id='word_1_457' title='bbox 1877 2231 2057 2272; x_wconf 89' lang='lat' dir='ltr'><strong>autem</strong></span> <span class='ocrx_word' id='word_1_458' title='bbox 2119 2222 2208 2287; x_wconf 85' lang='lat' dir='ltr'><strong>qui</strong></span> <span class='ocrx_word' id='word_1_459' title='bbox 2235 2223 2552 2288; x_wconf 89' lang='lat' dir='ltr'><strong>caupouiam</strong></span> <span class='ocrx_word' id='word_1_460' title='bbox 2593 2224 2874 2276; x_wconf 87' lang='lat' dir='ltr'><strong>tabernam</strong></span> <span class='ocrx_word' id='word_1_461' title='bbox 2911 2235 3152 2291; x_wconf 79' lang='lat' dir='ltr'><strong>exercet,</strong></span> <span class='ocrx_word' id='word_1_462' title='bbox 3185 2241 3284 2281; x_wconf 87' lang='lat' dir='ltr'><strong>nec</strong></span> <span class='ocrx_word' id='word_1_463' title='bbox 3337 2238 3460 2294; x_wconf 85' lang='lat' dir='ltr'><strong>post</strong></span> 
     </span>
    </p>
   </div>
   <div class='ocr_carea' id='block_1_66' title="bbox 1878 2313 3455 2386">
    <p class='ocr_par' dir='ltr' id='par_1_66' title="bbox 1878 2313 3455 2386">
     <span class='ocr_line' id='line_1_66' title="bbox 1878 2313 3455 2386; baseline 0.004 -23"><span class='ocrx_word' id='word_1_464' title='bbox 1878 2313 2336 2365; x_wconf 85' lang='lat' dir='ltr'><strong>denuntiationem</strong></span> <span class='ocrx_word' id='word_1_465' title='bbox 2375 2315 2684 2384; x_wconf 79' lang='lat' dir='ltr'><strong>corrigitur,</strong></span> <span class='ocrx_word' id='word_1_466' title='bbox 2718 2331 2954 2382; x_wconf 67' lang='lat' dir='ltr'><strong>praesens</strong></span> <span class='ocrx_word' id='word_1_467' title='bbox 2979 2332 3175 2382; x_wconf 89' lang='lat' dir='ltr'><strong>canon,</strong></span> <span class='ocrx_word' id='word_1_468' title='bbox 3201 2320 3455 2386; x_wconf 88' lang='lat' dir='ltr'><strong>quoniam</strong></span> 
     </span>
    </p>
   </div>
   <div class='ocr_carea' id='block_1_67' title="bbox 1879 2404 3465 2478">
    <p class='ocr_par' dir='ltr' id='par_1_67' title="bbox 1879 2404 3465 2478">
     <span class='ocr_line' id='line_1_67' title="bbox 1879 2404 3465 2478; baseline 0.008 -25"><span class='ocrx_word' id='word_1_469' title='bbox 1879 2404 2095 2471; x_wconf 79' lang='lat' dir='ltr'><strong>gravius</strong></span> <span class='ocrx_word' id='word_1_470' title='bbox 2125 2405 2343 2459; x_wconf 88' lang='lat' dir='ltr'><strong>omnino</strong></span> <span class='ocrx_word' id='word_1_471' title='bbox 2373 2417 2656 2474; x_wconf 89' lang='lat' dir='ltr'><strong>peccatum</strong></span> <span class='ocrx_word' id='word_1_472' title='bbox 2697 2419 2798 2472; x_wconf 77' lang='lat' dir='ltr'><strong>est,</strong></span> <span class='ocrx_word' id='word_1_473' title='bbox 2854 2410 2984 2462; x_wconf 83' lang='lat' dir='ltr'><strong>dicit</strong></span> <span class='ocrx_word' id='word_1_474' title='bbox 3027 2426 3148 2464; x_wconf 87' lang='lat' dir='ltr'><strong>esse</strong></span> <span class='ocrx_word' id='word_1_475' title='bbox 3188 2412 3465 2478; x_wconf 86' lang='lat' dir='ltr'><strong>deponcn-</strong></span> 
     </span>
    </p>
   </div>
   <div class='ocr_carea' id='block_1_68' title="bbox 1880 2494 3465 2572">
    <p class='ocr_par' dir='ltr' id='par_1_68' title="bbox 1880 2494 3465 2572">
     <span class='ocr_line' id='line_1_68' title="bbox 1880 2494 3465 2572; baseline 0.008 -26"><span class='ocrx_word' id='word_1_476' title='bbox 1880 2494 2026 2548; x_wconf 91' lang='lat' dir='ltr'><strong>dum.</strong></span> <span class='ocrx_word' id='word_1_477' title='bbox 2065 2496 2204 2564; x_wconf 83' lang='lat' dir='ltr'><strong>Lege</strong></span> <span class='ocrx_word' id='word_1_478' title='bbox 2238 2513 2355 2564; x_wconf 75' lang='lat' dir='ltr'><strong>qua:</strong></span> <span class='ocrx_word' id='word_1_479' title='bbox 2406 2499 2634 2566; x_wconf 87' lang='lat' dir='ltr'><strong>ascripta</strong></span> <span class='ocrx_word' id='word_1_480' title='bbox 2696 2511 2824 2554; x_wconf 86' lang='lat' dir='ltr'><strong>sunt</strong></span> <span class='ocrx_word' id='word_1_481' title='bbox 2860 2502 2909 2554; x_wconf 94' lang='lat' dir='ltr'><strong>in</strong></span> <span class='ocrx_word' id='word_1_482' title='bbox 2944 2503 3088 2556; x_wconf 86' lang='lat' dir='ltr'><strong>dicto</strong></span> <span class='ocrx_word' id='word_1_483' title='bbox 3129 2504 3465 2572; x_wconf 79' lang='lat' dir='ltr'><strong>quinquage-</strong></span> 
     </span>
    </p>
   </div>
   <div class='ocr_carea' id='block_1_69' title="bbox 1881 2586 3455 2663">
    <p class='ocr_par' dir='ltr' id='par_1_69' title="bbox 1881 2586 3455 2663">
     <span class='ocr_line' id='line_1_69' title="bbox 1881 2586 3455 2663; baseline 0.008 -26"><span class='ocrx_word' id='word_1_484' title='bbox 1881 2586 2017 2638; x_wconf 89' lang='lat' dir='ltr'><strong>simo</strong></span> <span class='ocrx_word' id='word_1_485' title='bbox 2053 2597 2246 2656; x_wconf 86' lang='lat' dir='ltr'><strong>quarto</strong></span> <span class='ocrx_word' id='word_1_486' title='bbox 2287 2604 2496 2642; x_wconf 89' lang='lat' dir='ltr'><strong>canone</strong></span> <span class='ocrx_word' id='word_1_487' title='bbox 2530 2593 2852 2659; x_wconf 81' lang='lat' dir='ltr'><strong>apostolico,</strong></span> <span class='ocrx_word' id='word_1_488' title='bbox 2891 2604 2943 2646; x_wconf 90' lang='lat' dir='ltr'><strong>et</strong></span> <span class='ocrx_word' id='word_1_489' title='bbox 2993 2597 3178 2663; x_wconf 82' lang='lat' dir='ltr'><strong>synodi</strong></span> <span class='ocrx_word' id='word_1_490' title='bbox 3232 2595 3455 2650; x_wconf 87' lang='lat' dir='ltr'><strong>Laodic.</strong></span> 
     </span>
    </p>
   </div>
   <div class='ocr_carea' id='block_1_70' title="bbox 1881 2677 3460 2746">
    <p class='ocr_par' dir='ltr' id='par_1_70' title="bbox 1881 2677 3460 2746">
     <span class='ocr_line' id='line_1_70' title="bbox 1881 2677 3460 2746; baseline 0.006 -19"><span class='ocrx_word' id='word_1_491' title='bbox 1881 2692 2004 2728; x_wconf 77' lang='lat' dir='ltr'><strong>Can.</strong></span> <span class='ocrx_word' id='word_1_492' title='bbox 2039 2677 2107 2729; x_wconf 65' lang='grc' dir='ltr'><strong>Ἡ»</strong></span> <span class='ocrx_word' id='word_1_493' title='bbox 2139 2679 2325 2746; x_wconf 71' lang='lat' dir='ltr'><strong>synod.</strong></span> <span class='ocrx_word' id='word_1_494' title='bbox 2360 2681 2544 2733; x_wconf 83' lang='lat' dir='ltr'><strong>Carlh.</strong></span> <span class='ocrx_word' id='word_1_495' title='bbox 2585 2698 2789 2738; x_wconf 85' lang='lat' dir='ltr'><strong>canone</strong></span> <span class='ocrx_word' id='word_1_496' title='bbox 2823 2685 2890 2738; x_wconf 74' lang='grc'><strong>40</strong></span> <span class='ocrx_word' id='word_1_497' title='bbox 2925 2695 2977 2738; x_wconf 89' lang='lat' dir='ltr'><strong>et</strong></span> <span class='ocrx_word' id='word_1_498' title='bbox 3025 2687 3056 2740; x_wconf 76' lang='grc'>4</span> <span class='ocrx_word' id='word_1_499' title='bbox 3089 2685 3207 2738; x_wconf 88' lang='lat' dir='ltr'><strong>libri</strong></span> <span class='ocrx_word' id='word_1_500' title='bbox 3243 2685 3460 2739; x_wconf 72' lang='lat' dir='ltr'><strong>Basilio.</strong></span> 
     </span>
    </p>
   </div>
   <div class='ocr_carea' id='block_1_71' title="bbox 1885 2768 3442 2844">
    <p class='ocr_par' dir='ltr' id='par_1_71' title="bbox 1885 2768 3442 2844">
     <span class='ocr_line' id='line_1_71' title="bbox 1885 2768 3442 2844; baseline 0.008 -26"><span class='ocrx_word' id='word_1_501' title='bbox 1885 2768 1966 2820; x_wconf 92' lang='lat' dir='ltr'><strong>til.</strong></span> <span class='ocrx_word' id='word_1_502' title='bbox 2007 2770 2160 2836; x_wconf 90' lang='lat' dir='ltr'><strong>primi</strong></span> <span class='ocrx_word' id='word_1_503' title='bbox 2198 2785 2318 2836; x_wconf 90' lang='lat' dir='ltr'><strong>cap.</strong></span> <span class='ocrx_word' id='word_1_504' title='bbox 2358 2772 2599 2824; x_wconf 88' lang='lat' dir='ltr'><strong>ultimum</strong></span> <span class='ocrx_word' id='word_1_505' title='bbox 2633 2776 2772 2842; x_wconf 85' lang='lat' dir='ltr'><strong>quod</strong></span> <span class='ocrx_word' id='word_1_506' title='bbox 2808 2788 2960 2828; x_wconf 83' lang='lat' dir='ltr'><strong>extra</strong></span> <span class='ocrx_word' id='word_1_507' title='bbox 2998 2778 3065 2829; x_wconf 73' lang='lat'><strong>35</strong></span> <span class='ocrx_word' id='word_1_508' title='bbox 3108 2791 3228 2844; x_wconf 84' lang='lat' dir='ltr'><strong>cap.</strong></span> <span class='ocrx_word' id='word_1_509' title='bbox 3263 2778 3295 2830; x_wconf 88' lang='lat'><strong>9</strong></span> <span class='ocrx_word' id='word_1_510' title='bbox 3358 2779 3442 2831; x_wconf 91' lang='lat' dir='ltr'><strong>tit.</strong></span> 
     </span>
    </p>
   </div>
   <div class='ocr_carea' id='block_1_72' title="bbox 1885 2860 2783 2929">
    <p class='ocr_par' dir='ltr' id='par_1_72' title="bbox 1885 2860 2783 2929">
     <span class='ocr_line' id='line_1_72' title="bbox 1885 2860 2783 2929; baseline 0.013 -23"><span class='ocrx_word' id='word_1_511' title='bbox 1885 2860 2162 2924; x_wconf 74' lang='lat' dir='ltr'><strong>praesentis</strong></span> <span class='ocrx_word' id='word_1_512' title='bbox 2185 2860 2383 2928; x_wconf 89' lang='lat' dir='ltr'><strong>operis,</strong></span> <span class='ocrx_word' id='word_1_513' title='bbox 2419 2864 2652 2929; x_wconf 91' lang='lat' dir='ltr'><strong>positum</strong></span> <span class='ocrx_word' id='word_1_514' title='bbox 2685 2877 2783 2918; x_wconf 84' lang='lat' dir='ltr'><strong>cst.</strong></span> 
     </span>
    </p>
   </div>
   <div class='ocr_carea' id='block_1_73' title="bbox 1956 3143 3460 3212">
    <p class='ocr_par' dir='ltr' id='par_1_73' title="bbox 1956 3143 3460 3212">
     <span class='ocr_line' id='line_1_73' title="bbox 1956 3143 3460 3212; baseline 0.005 -16"><span class='ocrx_word' id='word_1_515' title='bbox 1956 3143 2207 3196; x_wconf 74' lang='lat' dir='ltr'><strong>ZONAR.</strong></span> <span class='ocrx_word' id='word_1_516' title='bbox 2244 3143 2395 3208; x_wconf 86' lang='lat' dir='ltr'><strong>Quod</strong></span> <span class='ocrx_word' id='word_1_517' title='bbox 2426 3143 2744 3212; x_wconf 84' lang='lat' dir='ltr'><strong>cauponiam</strong></span> <span class='ocrx_word' id='word_1_518' title='bbox 2777 3144 2992 3197; x_wconf 80' lang='lat' dir='ltr'><strong>domum</strong></span> <span class='ocrx_word' id='word_1_519' title='bbox 3032 3145 3230 3200; x_wconf 85' lang='lat' dir='ltr'><strong>habere</strong></span> <span class='ocrx_word' id='word_1_520' title='bbox 3275 3148 3460 3204; x_wconf 78' lang='lat' dir='ltr'><strong>clerici</strong></span> 
     </span>
    </p>
   </div>
   <div class='ocr_carea' id='block_1_74' title="bbox 1891 3233 3466 3302">
    <p class='ocr_par' dir='ltr' id='par_1_74' title="bbox 1891 3233 3466 3302">
     <span class='ocr_line' id='line_1_74' title="bbox 1891 3233 3466 3302; baseline 0.002 -16"><span class='ocrx_word' id='word_1_521' title='bbox 1891 3235 1988 3287; x_wconf 88' lang='lat' dir='ltr'><strong>hoc</strong></span> <span class='ocrx_word' id='word_1_522' title='bbox 2019 3248 2225 3286; x_wconf 89' lang='lat' dir='ltr'><strong>canone</strong></span> <span class='ocrx_word' id='word_1_523' title='bbox 2257 3233 2627 3299; x_wconf 88' lang='lat' dir='ltr'><strong>prohibentur,</strong></span> <span class='ocrx_word' id='word_1_524' title='bbox 2663 3233 2713 3286; x_wconf 89' lang='lat' dir='ltr'><strong>id</strong></span> <span class='ocrx_word' id='word_1_525' title='bbox 2748 3234 2820 3285; x_wconf 89' lang='lat' dir='ltr'><strong>ita</strong></span> <span class='ocrx_word' id='word_1_526' title='bbox 2852 3235 3230 3302; x_wconf 80' lang='lat' dir='ltr'><strong>accipiendum</strong></span> <span class='ocrx_word' id='word_1_527' title='bbox 3257 3247 3358 3301; x_wconf 89' lang='lat' dir='ltr'><strong>est,</strong></span> <span class='ocrx_word' id='word_1_528' title='bbox 3409 3249 3466 3289; x_wconf 91' lang='lat' dir='ltr'><strong>ut</strong></span> 
     </span>
    </p>
   </div>
   <div class='ocr_carea' id='block_1_75' title="bbox 1886 3322 3465 3392">
    <p class='ocr_par' dir='ltr' id='par_1_75' title="bbox 1886 3322 3465 3392">
     <span class='ocr_line' id='line_1_75' title="bbox 1886 3322 3465 3392; baseline -0.001 -16"><span class='ocrx_word' id='word_1_529' title='bbox 1886 3323 1964 3376; x_wconf 89' lang='lat' dir='ltr'><strong>eis</strong></span> <span class='ocrx_word' id='word_1_530' title='bbox 1995 3322 2238 3375; x_wconf 85' lang='lat' dir='ltr'><strong>videlicet</strong></span> <span class='ocrx_word' id='word_1_531' title='bbox 2265 3337 2458 3390; x_wconf 88' lang='lat' dir='ltr'><strong>operas</strong></span> <span class='ocrx_word' id='word_1_532' title='bbox 2491 3323 2541 3372; x_wconf 92' lang='lat' dir='ltr'><strong>in</strong></span> <span class='ocrx_word' id='word_1_533' title='bbox 2575 3337 2818 3389; x_wconf 90' lang='lat' dir='ltr'><strong>caupona</strong></span> <span class='ocrx_word' id='word_1_534' title='bbox 2872 3323 3067 3380; x_wconf 85' lang='lat' dir='ltr'><strong>lnearc.</strong></span> <span class='ocrx_word' id='word_1_535' title='bbox 3099 3323 3321 3392; x_wconf 88' lang='lat' dir='ltr'><strong>ejusque</strong></span> <span class='ocrx_word' id='word_1_536' title='bbox 3364 3329 3465 3377; x_wconf 88' lang='lat' dir='ltr'><strong>tui-</strong></span> 
     </span>
    </p>
   </div>
   <div class='ocr_carea' id='block_1_76' title="bbox 1888 3409 3466 3483">
    <p class='ocr_par' dir='ltr' id='par_1_76' title="bbox 1888 3409 3466 3483">
     <span class='ocr_line' id='line_1_76' title="bbox 1888 3409 3466 3483; baseline -0.002 -18"><span class='ocrx_word' id='word_1_537' title='bbox 1888 3412 2127 3465; x_wconf 89' lang='lat' dir='ltr'><strong>nisteriis</strong></span> <span class='ocrx_word' id='word_1_538' title='bbox 2156 3411 2427 3464; x_wconf 81' lang='lat' dir='ltr'><strong>inservire</strong></span> <span class='ocrx_word' id='word_1_539' title='bbox 2453 3428 2517 3464; x_wconf 92' lang='lat' dir='ltr'><strong>ne</strong></span> <span class='ocrx_word' id='word_1_540' title='bbox 2550 3412 2726 3465; x_wconf 83' lang='lat' dir='ltr'><strong>liccat.</strong></span> <span class='ocrx_word' id='word_1_541' title='bbox 2767 3409 2945 3480; x_wconf 80' lang='lat' dir='ltr'><strong>Turpe</strong></span> <span class='ocrx_word' id='word_1_542' title='bbox 2987 3414 3269 3480; x_wconf 73' lang='lat' dir='ltr'><strong>siquidem,</strong></span> <span class='ocrx_word' id='word_1_543' title='bbox 3305 3424 3466 3483; x_wconf 81' lang='lat' dir='ltr'><strong>atque</strong></span> 
     </span>
    </p>
   </div>
   <div class='ocr_carea' id='block_1_77' title="bbox 1884 3501 3464 3570">
    <p class='ocr_par' dir='ltr' id='par_1_77' title="bbox 1884 3501 3464 3570">
     <span class='ocr_line' id='line_1_77' title="bbox 1884 3501 3464 3570; baseline 0.004 -18"><span class='ocrx_word' id='word_1_544' title='bbox 1884 3503 1949 3552; x_wconf 87' lang='lat' dir='ltr'><strong>ab</strong></span> <span class='ocrx_word' id='word_1_545' title='bbox 1983 3501 2189 3553; x_wconf 86' lang='lat' dir='ltr'><strong>Ordinis</strong></span> <span class='ocrx_word' id='word_1_546' title='bbox 2215 3502 2474 3570; x_wconf 74' lang='lat' dir='ltr'><strong>dignitate</strong></span> <span class='ocrx_word' id='word_1_547' title='bbox 2503 3503 2846 3555; x_wconf 83' lang='lat' dir='ltr'><strong>vehementer</strong></span> <span class='ocrx_word' id='word_1_548' title='bbox 2868 3505 3124 3566; x_wconf 90' lang='lat' dir='ltr'><strong>alienum,</strong></span> <span class='ocrx_word' id='word_1_549' title='bbox 3149 3509 3464 3559; x_wconf 68' lang='lat' dir='ltr'><strong>exercendae</strong></span> 
     </span>
    </p>
   </div>
   <div class='ocr_carea' id='block_1_78' title="bbox 1883 3593 3464 3661">
    <p class='ocr_par' dir='ltr' id='par_1_78' title="bbox 1883 3593 3464 3661">
     <span class='ocr_line' id='line_1_78' title="bbox 1883 3593 3464 3661; baseline 0.002 -16"><span class='ocrx_word' id='word_1_550' title='bbox 1883 3608 2141 3660; x_wconf 71' lang='lat' dir='ltr'><strong>Caupouae</strong></span> <span class='ocrx_word' id='word_1_551' title='bbox 2185 3593 2442 3646; x_wconf 85' lang='lat' dir='ltr'><strong>clericum</strong></span> <span class='ocrx_word' id='word_1_552' title='bbox 2478 3593 2792 3661; x_wconf 69' lang='lat' dir='ltr'><strong>prresidere,</strong></span> <span class='ocrx_word' id='word_1_553' title='bbox 2849 3596 3180 3661; x_wconf 76' lang='lat' dir='ltr'><strong>excipleudis</strong></span> <span class='ocrx_word' id='word_1_554' title='bbox 3231 3598 3464 3649; x_wconf 85' lang='lat' dir='ltr'><strong>homini-</strong></span> 
     </span>
    </p>
   </div>
   <div class='ocr_carea' id='block_1_79' title="bbox 1886 3685 3464 3757">
    <p class='ocr_par' dir='ltr' id='par_1_79' title="bbox 1886 3685 3464 3757">
     <span class='ocr_line' id='line_1_79' title="bbox 1886 3685 3464 3757; baseline 0.004 -21"><span class='ocrx_word' id='word_1_555' title='bbox 1886 3687 2005 3748; x_wconf 83' lang='lat' dir='ltr'><strong>lHIS,</strong></span> <span class='ocrx_word' id='word_1_556' title='bbox 2040 3685 2371 3752; x_wconf 87' lang='lat' dir='ltr'><strong>apponendis</strong></span> <span class='ocrx_word' id='word_1_557' title='bbox 2407 3685 2626 3739; x_wconf 83' lang='lat' dir='ltr'><strong>ferculis</strong></span> <span class='ocrx_word' id='word_1_558' title='bbox 2671 3696 2866 3755; x_wconf 79' lang='lat' dir='ltr'><strong>przesto</strong></span> <span class='ocrx_word' id='word_1_559' title='bbox 2911 3703 3048 3748; x_wconf 80' lang='lat' dir='ltr'><strong>esse,</strong></span> <span class='ocrx_word' id='word_1_560' title='bbox 3089 3689 3464 3757; x_wconf 67' lang='lat' dir='ltr'><strong>pincernatqne</strong></span> 
     </span>
    </p>
   </div>
   <div class='ocr_carea' id='block_1_80' title="bbox 1887 3777 3462 3846">
    <p class='ocr_par' dir='ltr' id='par_1_80' title="bbox 1887 3777 3462 3846">
     <span class='ocr_line' id='line_1_80' title="bbox 1887 3777 3462 3846; baseline 0.004 -18"><span class='ocrx_word' id='word_1_561' title='bbox 1887 3777 2286 3844; x_wconf 81' lang='lat' dir='ltr'><strong>quodammodo</strong></span> <span class='ocrx_word' id='word_1_562' title='bbox 2317 3792 2536 3845; x_wconf 89' lang='lat' dir='ltr'><strong>operam</strong></span> <span class='ocrx_word' id='word_1_563' title='bbox 2580 3793 2641 3830; x_wconf 90' lang='lat' dir='ltr'><strong>ac</strong></span> <span class='ocrx_word' id='word_1_564' title='bbox 2684 3778 2978 3831; x_wconf 84' lang='lat' dir='ltr'><strong>ministeria</strong></span> <span class='ocrx_word' id='word_1_565' title='bbox 3025 3779 3324 3846; x_wconf 84' lang='lat' dir='ltr'><strong>hospitibus</strong></span> <span class='ocrx_word' id='word_1_566' title='bbox 3360 3797 3462 3834; x_wconf 83' lang='lat' dir='ltr'><strong>ex-</strong></span> 
     </span>
    </p>
   </div>
   <div class='ocr_carea' id='block_1_81' title="bbox 1894 3867 3460 3939">
    <p class='ocr_par' dir='ltr' id='par_1_81' title="bbox 1894 3867 3460 3939">
     <span class='ocr_line' id='line_1_81' title="bbox 1894 3867 3460 3939; baseline 0.003 -21"><span class='ocrx_word' id='word_1_567' title='bbox 1894 3870 2097 3919; x_wconf 75' lang='lat' dir='ltr'><strong>hibere.</strong></span> <span class='ocrx_word' id='word_1_568' title='bbox 2132 3868 2227 3919; x_wconf 88' lang='lat' dir='ltr'><strong>Cui</strong></span> <span class='ocrx_word' id='word_1_569' title='bbox 2261 3868 2403 3920; x_wconf 87' lang='lat' dir='ltr'><strong>enim</strong></span> <span class='ocrx_word' id='word_1_570' title='bbox 2440 3877 2495 3919; x_wconf 87' lang='lat' dir='ltr'><strong>ut</strong></span> <span class='ocrx_word' id='word_1_571' title='bbox 2538 3867 2834 3935; x_wconf 86' lang='lat' dir='ltr'><strong>apostolico</strong></span> <span class='ocrx_word' id='word_1_572' title='bbox 2879 3884 3088 3921; x_wconf 85' lang='lat' dir='ltr'><strong>canone</strong></span> <span class='ocrx_word' id='word_1_573' title='bbox 3127 3872 3460 3939; x_wconf 77' lang='lat' dir='ltr'><strong>quinquage-</strong></span> 
     </span>
    </p>
   </div>
   <div class='ocr_carea' id='block_1_82' title="bbox 1889 3957 3465 4026">
    <p class='ocr_par' dir='ltr' id='par_1_82' title="bbox 1889 3957 3465 4026">
     <span class='ocr_line' id='line_1_82' title="bbox 1889 3957 3465 4026; baseline 0.001 -19"><span class='ocrx_word' id='word_1_574' title='bbox 1889 3959 2028 4009; x_wconf 88' lang='lat' dir='ltr'><strong>simo</strong></span> <span class='ocrx_word' id='word_1_575' title='bbox 2076 3968 2272 4024; x_wconf 80' lang='lat' dir='ltr'><strong>quarto</strong></span> <span class='ocrx_word' id='word_1_576' title='bbox 2323 3957 2503 4010; x_wconf 86' lang='lat' dir='ltr'><strong>vitlcre</strong></span> <span class='ocrx_word' id='word_1_577' title='bbox 2556 3966 2662 4023; x_wconf 88' lang='lat' dir='ltr'><strong>est,</strong></span> <span class='ocrx_word' id='word_1_578' title='bbox 2722 3959 2785 4010; x_wconf 80' lang='lat' dir='ltr'><strong>ad</strong></span> <span class='ocrx_word' id='word_1_579' title='bbox 2846 3975 3148 4026; x_wconf 82' lang='lat' dir='ltr'><strong>Cattponam</strong></span> <span class='ocrx_word' id='word_1_580' title='bbox 3203 3960 3465 4013; x_wconf 80' lang='lat' dir='ltr'><strong>divertere</strong></span> 
     </span>
    </p>
   </div>
   <div class='ocr_carea' id='block_1_83' title="bbox 1888 4047 3464 4117">
    <p class='ocr_par' dir='ltr' id='par_1_83' title="bbox 1888 4047 3464 4117">
     <span class='ocr_line' id='line_1_83' title="bbox 1888 4047 3464 4117; baseline 0.001 -18"><span class='ocrx_word' id='word_1_581' title='bbox 1888 4050 2112 4102; x_wconf 89' lang='lat' dir='ltr'><strong>omnino</strong></span> <span class='ocrx_word' id='word_1_582' title='bbox 2150 4062 2253 4101; x_wconf 92' lang='lat' dir='ltr'><strong>non</strong></span> <span class='ocrx_word' id='word_1_583' title='bbox 2289 4047 2634 4116; x_wconf 84' lang='lat' dir='ltr'><strong>permissum,</strong></span> <span class='ocrx_word' id='word_1_584' title='bbox 2673 4064 2779 4116; x_wconf 91' lang='lat' dir='ltr'><strong>quo</strong></span> <span class='ocrx_word' id='word_1_585' title='bbox 2811 4059 2965 4115; x_wconf 80' lang='lat' dir='ltr'><strong>pacto</strong></span> <span class='ocrx_word' id='word_1_586' title='bbox 2997 4049 3114 4102; x_wconf 82' lang='lat' dir='ltr'><strong>talis</strong></span> <span class='ocrx_word' id='word_1_587' title='bbox 3169 4050 3218 4102; x_wconf 94' lang='lat' dir='ltr'><strong>iu</strong></span> <span class='ocrx_word' id='word_1_588' title='bbox 3253 4065 3316 4102; x_wconf 92' lang='lat' dir='ltr'><strong>eo</strong></span> <span class='ocrx_word' id='word_1_589' title='bbox 3343 4065 3464 4117; x_wconf 90' lang='lat' dir='ltr'><strong>per-</strong></span> 
     </span>
    </p>
   </div>
   <div class='ocr_carea' id='block_1_84' title="bbox 1887 4140 3464 4208">
    <p class='ocr_par' dir='ltr' id='par_1_84' title="bbox 1887 4140 3464 4208">
     <span class='ocr_line' id='line_1_84' title="bbox 1887 4140 3464 4208; baseline 0.005 -21"><span class='ocrx_word' id='word_1_590' title='bbox 1887 4150 2045 4208; x_wconf 80' lang='lat' dir='ltr'><strong>petuo</strong></span> <span class='ocrx_word' id='word_1_591' title='bbox 2106 4140 2443 4191; x_wconf 73' lang='lat' dir='ltr'><strong>versabitur?</strong></span> <span class='ocrx_word' id='word_1_592' title='bbox 2503 4141 2600 4204; x_wconf 82' lang='lat' dir='ltr'><strong>Qui</strong></span> <span class='ocrx_word' id='word_1_593' title='bbox 2658 4141 2818 4208; x_wconf 79' lang='lat' dir='ltr'><strong>igitur</strong></span> <span class='ocrx_word' id='word_1_594' title='bbox 2865 4142 2915 4192; x_wconf 92' lang='lat' dir='ltr'><strong>id</strong></span> <span class='ocrx_word' id='word_1_595' title='bbox 2969 4142 3179 4204; x_wconf 80' lang='lat' dir='ltr'><strong>fecerit,</strong></span> <span class='ocrx_word' id='word_1_596' title='bbox 3242 4155 3331 4196; x_wconf 88' lang='lat' dir='ltr'><strong>aut</strong></span> <span class='ocrx_word' id='word_1_597' title='bbox 3398 4147 3464 4195; x_wconf 75' lang='grc' dir='ltr'>ιιΙι</span> 
     </span>
    </p>
   </div>
   <div class='ocr_carea' id='block_1_85' title="bbox 1883 4232 3462 4296">
    <p class='ocr_par' dir='ltr' id='par_1_85' title="bbox 1883 4232 3462 4296">
     <span class='ocr_line' id='line_1_85' title="bbox 1883 4232 3462 4296; baseline 0.002 -13"><span class='ocrx_word' id='word_1_598' title='bbox 1883 4245 1947 4283; x_wconf 87' lang='lat' dir='ltr'><strong>co</strong></span> <span class='ocrx_word' id='word_1_599' title='bbox 1982 4232 2226 4283; x_wconf 90' lang='lat' dir='ltr'><strong>instituto</strong></span> <span class='ocrx_word' id='word_1_600' title='bbox 2263 4245 2498 4292; x_wconf 79' lang='lat' dir='ltr'><strong>cessare,</strong></span> <span class='ocrx_word' id='word_1_601' title='bbox 2530 4242 2620 4283; x_wconf 89' lang='lat' dir='ltr'><strong>aut</strong></span> <span class='ocrx_word' id='word_1_602' title='bbox 2649 4232 2986 4296; x_wconf 78' lang='lat' dir='ltr'><strong>depositione</strong></span> <span class='ocrx_word' id='word_1_603' title='bbox 3022 4234 3235 4286; x_wconf 86' lang='lat' dir='ltr'><strong>multari</strong></span> <span class='ocrx_word' id='word_1_604' title='bbox 3291 4249 3462 4286; x_wconf 83' lang='lat' dir='ltr'><strong>canon</strong></span> 
     </span>
    </p>
   </div>
   <div class='ocr_carea' id='block_1_86' title="bbox 194 4326 3459 4399">
    <p class='ocr_par' dir='ltr' id='par_1_86' title="bbox 194 4326 3459 4399">
     <span class='ocr_line' id='line_1_86' title="bbox 194 4326 3459 4399; baseline -0.002 -15"><span class='ocrx_word' id='word_1_605' title='bbox 194 4333 377 4399; x_wconf 89' lang='lat' dir='ltr'><strong>jubet.</strong></span> <span class='ocrx_word' id='word_1_606' title='bbox 417 4332 637 4384; x_wconf 89' lang='lat' dir='ltr'><strong>Domum</strong></span> <span class='ocrx_word' id='word_1_607' title='bbox 673 4339 845 4384; x_wconf 91' lang='lat' dir='ltr'><strong>tamen</strong></span> <span class='ocrx_word' id='word_1_608' title='bbox 927 4329 1186 4395; x_wconf 83' lang='lat' dir='ltr'><strong>ejusmodi</strong></span> <span class='ocrx_word' id='word_1_609' title='bbox 1247 4329 1462 4393; x_wconf 80' lang='lat' dir='ltr'><strong>habere,</strong></span> <span class='ocrx_word' id='word_1_610' title='bbox 1514 4343 1576 4380; x_wconf 90' lang='lat' dir='ltr'><strong>ac</strong></span> <span class='ocrx_word' id='word_1_611' title='bbox 1661 4327 1837 4379; x_wconf 77' lang='lat' dir='ltr'><strong>loc.ire</strong></span> <span class='ocrx_word' id='word_1_612' title='bbox 1875 4327 2048 4387; x_wconf 89' lang='lat' dir='ltr'><strong>alteri,</strong></span> <span class='ocrx_word' id='word_1_613' title='bbox 2093 4326 2304 4378; x_wconf 86' lang='lat' dir='ltr'><strong>clericis</strong></span> <span class='ocrx_word' id='word_1_614' title='bbox 2348 4340 2560 4392; x_wconf 81' lang='lat' dir='ltr'><strong>quoque</strong></span> <span class='ocrx_word' id='word_1_615' title='bbox 2598 4326 2711 4379; x_wconf 90' lang='lat' dir='ltr'><strong>sine</strong></span> <span class='ocrx_word' id='word_1_616' title='bbox 2759 4326 2862 4377; x_wconf 73' lang='lat' dir='ltr'><strong>ulla</strong></span> <span class='ocrx_word' id='word_1_617' title='bbox 2919 4327 3201 4394; x_wconf 75' lang='lat' dir='ltr'><strong>digmtatis</strong></span> <span class='ocrx_word' id='word_1_618' title='bbox 3249 4329 3459 4397; x_wconf 72' lang='lat' dir='ltr'><strong>jactura</strong></span> 
     </span>
    </p>
   </div>
   <div class='ocr_carea' id='block_1_87' title="bbox 197 4429 656 4479">
    <p class='ocr_par' dir='ltr' id='par_1_87' title="bbox 197 4429 656 4479">
     <span class='ocr_line' id='line_1_87' title="bbox 197 4429 656 4479; baseline -0.011 0"><span class='ocrx_word' id='word_1_619' title='bbox 197 4438 522 4479; x_wconf 78' lang='lat' dir='ltr'><strong>concessum</strong></span> <span class='ocrx_word' id='word_1_620' title='bbox 553 4429 656 4474; x_wconf 87' lang='lat' dir='ltr'><strong>est.</strong></span> 
     </span>
    </p>
   </div>
   <div class='ocr_carea' id='block_1_88' title="bbox 201 4507 1875 4578">
    <p class='ocr_par' dir='ltr' id='par_1_88' title="bbox 201 4509 1875 4578">
     <span class='ocr_line' id='line_1_88' title="bbox 201 4509 1875 4578; baseline -0.01 -4"><span class='ocrx_word' id='word_1_621' title='bbox 201 4519 431 4574; x_wconf 84' lang='grc' dir='ltr'><strong>ΑΡΙΣΤ.</strong></span> <span class='ocrx_word' id='word_1_622' title='bbox 495 4535 514 4567; x_wconf 72' lang='grc' dir='ltr'><strong>ε</strong></span> <span class='ocrx_word' id='word_1_623' title='bbox 558 4515 618 4566; x_wconf 80' lang='lat' dir='ltr'><strong>El</strong></span> <span class='ocrx_word' id='word_1_624' title='bbox 651 4512 948 4566; x_wconf 82' lang='grc' dir='ltr'>είσιέναιέν</span> <span class='ocrx_word' id='word_1_625' title='bbox 975 4509 1252 4578; x_wconf 83' lang='grc' dir='ltr'>καπηλείῳ</span> <span class='ocrx_word' id='word_1_626' title='bbox 1281 4509 1582 4562; x_wconf 84' lang='grc' dir='ltr'>κεκώλυται</span> <span class='ocrx_word' id='word_1_627' title='bbox 1613 4509 1799 4578; x_wconf 88' lang='grc' dir='ltr'>κληρι-</span> <span class='ocrx_word' id='word_1_628' title='bbox 1828 4514 1875 4572; x_wconf 82' lang='lat' dir='ltr'><strong>D</strong></span> 
     </span>
    </p>
   </div>
   <div class='ocr_carea' id='block_1_89' title="bbox 1793 4507 3467 4578">
    <p class='ocr_par' dir='ltr' id='par_1_89' title="bbox 1793 4507 3467 4577">
     <span class='ocr_line' id='line_1_89' title="bbox 1793 4507 3467 4577; baseline 0.004 -17"><span class='ocrx_word' id='word_1_629' title='bbox 1793 4514 1879 4572; x_wconf 86' lang='lat' dir='ltr'><strong>-D</strong></span> <span class='ocrx_word' id='word_1_630' title='bbox 1907 4509 2127 4563; x_wconf 81' lang='lat' dir='ltr'><strong>ARIST.</strong></span> <span class='ocrx_word' id='word_1_631' title='bbox 2192 4527 2208 4559; x_wconf 82' lang='grc' dir='ltr'><strong>ι</strong></span> <span class='ocrx_word' id='word_1_632' title='bbox 2254 4508 2309 4562; x_wconf 86' lang='lat' dir='ltr'><strong>Si</strong></span> <span class='ocrx_word' id='word_1_633' title='bbox 2355 4523 2650 4576; x_wconf 87' lang='lat' dir='ltr'><strong>cauponam</strong></span> <span class='ocrx_word' id='word_1_634' title='bbox 2697 4507 2899 4577; x_wconf 81' lang='lat' dir='ltr'><strong>ingredi</strong></span> <span class='ocrx_word' id='word_1_635' title='bbox 2959 4512 3272 4577; x_wconf 81' lang='lat' dir='ltr'><strong>prohibetur</strong></span> <span class='ocrx_word' id='word_1_636' title='bbox 3312 4513 3467 4566; x_wconf 74' lang='lat' dir='ltr'><strong>cleri-</strong></span> 
     </span>
    </p>
   </div>
   <div class='ocr_carea' id='block_1_90' title="bbox 282 4601 1780 4673">
    <p class='ocr_par' dir='ltr' id='par_1_90' title="bbox 282 4601 1780 4673">
     <span class='ocr_line' id='line_1_90' title="bbox 282 4601 1780 4673; baseline -0.014 -11"><span class='ocrx_word' id='word_1_637' title='bbox 282 4630 300 4661; x_wconf 75' lang='grc' dir='ltr'><strong>ι</strong></span> <span class='ocrx_word' id='word_1_638' title='bbox 346 4611 460 4671; x_wconf 76' lang='grc' dir='ltr'>κὸς,</span> <span class='ocrx_word' id='word_1_639' title='bbox 516 4609 607 4658; x_wconf 71' lang='grc' dir='ltr'>καὶ</span> <span class='ocrx_word' id='word_1_640' title='bbox 637 4605 782 4673; x_wconf 81' lang='grc' dir='ltr'>ἔχειν</span> <span class='ocrx_word' id='word_1_641' title='bbox 831 4601 1206 4671; x_wconf 81' lang='grc' dir='ltr'>κωλυθήσεται</span> <span class='ocrx_word' id='word_1_642' title='bbox 1256 4601 1457 4668; x_wconf 79' lang='grc' dir='ltr'>μᾶλλον</span> <span class='ocrx_word' id='word_1_643' title='bbox 1483 4617 1494 4631; x_wconf 87' lang='grc'><strong>·</strong></span> <span class='ocrx_word' id='word_1_644' title='bbox 1534 4601 1566 4669; x_wconf 80' lang='grc' dir='ltr'>ἦ</span> <span class='ocrx_word' id='word_1_645' title='bbox 1600 4601 1780 4652; x_wconf 76' lang='grc' dir='ltr'>τοίνυν</span> 
     </span>
    </p>
   </div>
   <div class='ocr_carea' id='block_1_91' title="bbox 285 4691 1399 4766">
    <p class='ocr_par' dir='ltr' id='par_1_91' title="bbox 285 4691 1399 4766">
     <span class='ocr_line' id='line_1_91' title="bbox 285 4691 1399 4766; baseline -0.013 -11"><span class='ocrx_word' id='word_1_646' title='bbox 285 4722 306 4755; x_wconf 75' lang='grc' dir='ltr'>ι</span> <span class='ocrx_word' id='word_1_647' title='bbox 349 4700 735 4766; x_wconf 80' lang='grc' dir='ltr'>παυθήσονται,</span> <span class='ocrx_word' id='word_1_648' title='bbox 762 4695 793 4764; x_wconf 80' lang='grc' dir='ltr'>ἢ</span> <span class='ocrx_word' id='word_1_649' title='bbox 822 4691 1334 4762; x_wconf 84' lang='grc' dir='ltr'>καθαιρεθήσονται.</span> <span class='ocrx_word' id='word_1_650' title='bbox 1381 4709 1399 4740; x_wconf 70' lang='grc' dir='ltr'><strong>ι</strong></span> 
     </span>
    </p>
   </div>
   <div class='ocr_carea' id='block_1_92' title="bbox 275 4782 1774 4856">
    <p class='ocr_par' dir='ltr' id='par_1_92' title="bbox 275 4782 1774 4856">
     <span class='ocr_line' id='line_1_92' title="bbox 275 4782 1774 4856; baseline -0.011 -10"><span class='ocrx_word' id='word_1_651' title='bbox 275 4793 393 4847; x_wconf 80' lang='grc' dir='ltr'><strong>Οὐκ</strong></span> <span class='ocrx_word' id='word_1_652' title='bbox 417 4789 590 4853; x_wconf 72' lang='grc' dir='ltr'>ἔξεστι</span> <span class='ocrx_word' id='word_1_653' title='bbox 614 4787 873 4856; x_wconf 76' lang='grc' dir='ltr'>κληρικδν</span> <span class='ocrx_word' id='word_1_654' title='bbox 902 4784 1205 4854; x_wconf 69' lang='grc' dir='ltr'>καπηλικὸν</span> <span class='ocrx_word' id='word_1_655' title='bbox 1229 4785 1590 4852; x_wconf 76' lang='grc' dir='ltr'>ἐργαστήριον</span> <span class='ocrx_word' id='word_1_656' title='bbox 1610 4782 1774 4852; x_wconf 81' lang='grc' dir='ltr'>ἔχειν,</span> 
     </span>
    </p>
   </div>
   <div class='ocr_carea' id='block_1_93' title="bbox 200 4863 1780 4952">
    <p class='ocr_par' dir='ltr' id='par_1_93' title="bbox 200 4863 1780 4952">
     <span class='ocr_line' id='line_1_93' title="bbox 200 4863 1780 4952; baseline -0.009 -14"><span class='ocrx_word' id='word_1_657' title='bbox 200 4889 301 4939; x_wconf 67' lang='grc' dir='ltr'><strong>καὶ</strong></span> <span class='ocrx_word' id='word_1_658' title='bbox 331 4884 572 4952; x_wconf 85' lang='grc' dir='ltr'>ἐνεργεῖν</span> <span class='ocrx_word' id='word_1_659' title='bbox 602 4880 658 4931; x_wconf 89' lang='grc' dir='ltr'><strong>ἐν</strong></span> <span class='ocrx_word' id='word_1_660' title='bbox 710 4878 893 4945; x_wconf 81' lang='grc' dir='ltr'>αὐτῷ’</span> <span class='ocrx_word' id='word_1_661' title='bbox 945 4877 994 4927; x_wconf 76' lang='grc' dir='ltr'>εἰ</span> <span class='ocrx_word' id='word_1_662' title='bbox 1043 4875 1148 4944; x_wconf 79' lang='grc' dir='ltr'><strong>γὰρ</strong></span> <span class='ocrx_word' id='word_1_663' title='bbox 1182 4863 1485 4926; x_wconf 81' lang='grc' dir='ltr'>κεκώλυται</span> <span class='ocrx_word' id='word_1_664' title='bbox 1533 4876 1589 4924; x_wconf 86' lang='grc' dir='ltr'><strong>ἐν</strong></span> <span class='ocrx_word' id='word_1_665' title='bbox 1626 4874 1780 4925; x_wconf 66' lang='grc' dir='ltr'>ἀλλος</span> 
     </span>
    </p>
   </div>
   <div class='ocr_carea' id='block_1_94' title="bbox 201 4964 1780 5048">
    <p class='ocr_par' dir='ltr' id='par_1_94' title="bbox 201 4964 1780 5048">
     <span class='ocr_line' id='line_1_94' title="bbox 201 4964 1780 5048; baseline -0.009 -19"><span class='ocrx_word' id='word_1_666' title='bbox 201 4977 343 5048; x_wconf 81' lang='grc' dir='ltr'>τρίῳ</span> <span class='ocrx_word' id='word_1_667' title='bbox 363 4971 642 5041; x_wconf 84' lang='grc' dir='ltr'>καπηλείῳ</span> <span class='ocrx_word' id='word_1_668' title='bbox 680 4966 1043 5037; x_wconf 72' lang='grc' dir='ltr'>εἰσέρχεσθαι,</span> <span class='ocrx_word' id='word_1_669' title='bbox 1075 4968 1122 5016; x_wconf 87' lang='grc' dir='ltr'><strong>εί</strong></span> <span class='ocrx_word' id='word_1_670' title='bbox 1161 4965 1236 5034; x_wconf 82' lang='grc' dir='ltr'>μὴ</span> <span class='ocrx_word' id='word_1_671' title='bbox 1265 4964 1330 5016; x_wconf 87' lang='grc' dir='ltr'><strong>δι’</strong></span> <span class='ocrx_word' id='word_1_672' title='bbox 1354 4965 1598 5033; x_wconf 80' lang='grc' dir='ltr'>ἀνάγκην</span> <span class='ocrx_word' id='word_1_673' title='bbox 1623 4965 1780 5016; x_wconf 75' lang='grc' dir='ltr'>τοῦτο</span> 
     </span>
    </p>
   </div>
   <div class='ocr_carea' id='block_1_95' title="bbox 203 5057 1780 5137">
    <p class='ocr_par' dir='ltr' id='par_1_95' title="bbox 203 5057 1780 5137">
     <span class='ocr_line' id='line_1_95' title="bbox 203 5057 1780 5137; baseline -0.016 -15"><span class='ocrx_word' id='word_1_674' title='bbox 203 5071 447 5137; x_wconf 78' lang='grc' dir='ltr'>ποιήσει,</span> <span class='ocrx_word' id='word_1_675' title='bbox 484 5062 660 5130; x_wconf 86' lang='grc' dir='ltr'>πολλῴ</span> <span class='ocrx_word' id='word_1_676' title='bbox 695 5062 854 5112; x_wconf 84' lang='grc' dir='ltr'>πλέον</span> <span class='ocrx_word' id='word_1_677' title='bbox 876 5059 1018 5128; x_wconf 80' lang='grc' dir='ltr'>ἔχειν</span> <span class='ocrx_word' id='word_1_678' title='bbox 1041 5059 1202 5110; x_wconf 74' lang='grc' dir='ltr'>αὑτὸν</span> <span class='ocrx_word' id='word_1_679' title='bbox 1225 5057 1513 5125; x_wconf 86' lang='grc' dir='ltr'>καπηλεῖον</span> <span class='ocrx_word' id='word_1_680' title='bbox 1537 5058 1597 5108; x_wconf 87' lang='grc' dir='ltr'>οὑ</span> <span class='ocrx_word' id='word_1_681' title='bbox 1655 5059 1780 5126; x_wconf 69' lang='grc' dir='ltr'><strong>χρὴ⁹</strong></span> 
     </span>
    </p>
   </div>
   <div class='ocr_carea' id='block_1_96' title="bbox 203 5149 1778 5225">
    <p class='ocr_par' dir='ltr' id='par_1_96' title="bbox 203 5149 1778 5225">
     <span class='ocr_line' id='line_1_96' title="bbox 203 5149 1778 5225; baseline -0.011 -8"><span class='ocrx_word' id='word_1_682' title='bbox 203 5164 305 5217; x_wconf 71' lang='grc' dir='ltr'>καὶ</span> <span class='ocrx_word' id='word_1_683' title='bbox 335 5161 516 5220; x_wconf 71' lang='grc' dir='ltr'>ἄλλοις</span> <span class='ocrx_word' id='word_1_684' title='bbox 549 5159 604 5209; x_wconf 89' lang='grc' dir='ltr'><strong>ἐν</strong></span> <span class='ocrx_word' id='word_1_685' title='bbox 646 5155 820 5225; x_wconf 80' lang='grc' dir='ltr'>τούτῳ</span> <span class='ocrx_word' id='word_1_686' title='bbox 853 5155 1138 5207; x_wconf 84' lang='grc' dir='ltr'>διακονεῖν.</span> <span class='ocrx_word' id='word_1_687' title='bbox 1189 5152 1246 5203; x_wconf 83' lang='grc' dir='ltr'>Ὀ</span> <span class='ocrx_word' id='word_1_688' title='bbox 1275 5152 1330 5204; x_wconf 78' lang='grc' dir='ltr'>δὲ</span> <span class='ocrx_word' id='word_1_689' title='bbox 1359 5150 1573 5218; x_wconf 85' lang='grc' dir='ltr'>τολμῶν</span> <span class='ocrx_word' id='word_1_690' title='bbox 1623 5149 1778 5202; x_wconf 85' lang='grc' dir='ltr'>τοῦτο</span> 
     </span>
    </p>
   </div>
   <div class='ocr_carea' id='block_1_97' title="bbox 1968 4600 3465 4674">
    <p class='ocr_par' dir='ltr' id='par_1_97' title="bbox 1968 4600 3465 4674">
     <span class='ocr_line' id='line_1_97' title="bbox 1968 4600 3465 4674; baseline 0.003 -22"><span class='ocrx_word' id='word_1_691' title='bbox 1968 4621 1984 4652; x_wconf 77' lang='grc' dir='ltr'><strong>ι</strong></span> <span class='ocrx_word' id='word_1_692' title='bbox 2026 4617 2141 4661; x_wconf 82' lang='lat' dir='ltr'><strong>rus,</strong></span> <span class='ocrx_word' id='word_1_693' title='bbox 2174 4611 2226 4654; x_wconf 88' lang='lat' dir='ltr'><strong>et</strong></span> <span class='ocrx_word' id='word_1_694' title='bbox 2258 4601 2455 4654; x_wconf 89' lang='lat' dir='ltr'><strong>habere</strong></span> <span class='ocrx_word' id='word_1_695' title='bbox 2493 4601 2661 4667; x_wconf 79' lang='lat' dir='ltr'><strong>magis</strong></span> <span class='ocrx_word' id='word_1_696' title='bbox 2707 4600 3078 4667; x_wconf 86' lang='lat' dir='ltr'><strong>prohibebitur</strong></span> <span class='ocrx_word' id='word_1_697' title='bbox 3112 4621 3124 4654; x_wconf 92' lang='lat'>:</span> <span class='ocrx_word' id='word_1_698' title='bbox 3157 4604 3238 4657; x_wconf 87' lang='lat' dir='ltr'><strong>vel</strong></span> <span class='ocrx_word' id='word_1_699' title='bbox 3285 4605 3465 4674; x_wconf 85' lang='lat' dir='ltr'><strong>itaque</strong></span> 
     </span>
    </p>
   </div>
   <div class='ocr_carea' id='block_1_98' title="bbox 1970 4690 2814 4759">
    <p class='ocr_par' dir='ltr' id='par_1_98' title="bbox 1970 4690 2814 4759">
     <span class='ocr_line' id='line_1_98' title="bbox 1970 4690 2814 4759; baseline 0 -16"><span class='ocrx_word' id='word_1_700' title='bbox 1970 4711 1987 4743; x_wconf 84' lang='grc'><strong><em>‹</em></strong></span> <span class='ocrx_word' id='word_1_701' title='bbox 2025 4693 2307 4755; x_wconf 86' lang='lat' dir='ltr'><strong>desistant,</strong></span> <span class='ocrx_word' id='word_1_702' title='bbox 2343 4690 2426 4743; x_wconf 87' lang='lat' dir='ltr'><strong>vel</strong></span> <span class='ocrx_word' id='word_1_703' title='bbox 2459 4693 2814 4759; x_wconf 84' lang='lat' dir='ltr'><strong>deponantur.</strong></span> 
     </span>
    </p>
   </div>
   <div class='ocr_carea' id='block_1_99' title="bbox 1963 4781 3463 4850">
    <p class='ocr_par' dir='ltr' id='par_1_99' title="bbox 1963 4781 3463 4850">
     <span class='ocr_line' id='line_1_99' title="bbox 1963 4781 3463 4850; baseline 0.002 -15"><span class='ocrx_word' id='word_1_704' title='bbox 1963 4783 2076 4835; x_wconf 81' lang='lat' dir='ltr'><strong>Non</strong></span> <span class='ocrx_word' id='word_1_705' title='bbox 2111 4783 2230 4835; x_wconf 86' lang='lat' dir='ltr'><strong>licet</strong></span> <span class='ocrx_word' id='word_1_706' title='bbox 2257 4781 2455 4836; x_wconf 89' lang='lat' dir='ltr'><strong>clerico</strong></span> <span class='ocrx_word' id='word_1_707' title='bbox 2491 4782 2872 4848; x_wconf 87' lang='lat' dir='ltr'><strong>cauponariam</strong></span> <span class='ocrx_word' id='word_1_708' title='bbox 2920 4784 3116 4846; x_wconf 75' lang='lat' dir='ltr'><strong>habere</strong></span> <span class='ocrx_word' id='word_1_709' title='bbox 3170 4784 3463 4850; x_wconf 81' lang='lat' dir='ltr'><strong>ollicinam,</strong></span> 
     </span>
    </p>
   </div>
   <div class='ocr_carea' id='block_1_100' title="bbox 1889 4872 3464 4943">
    <p class='ocr_par' dir='ltr' id='par_1_100' title="bbox 1889 4872 3464 4943">
     <span class='ocr_line' id='line_1_100' title="bbox 1889 4872 3464 4943; baseline 0.002 -15"><span class='ocrx_word' id='word_1_710' title='bbox 1889 4887 1942 4928; x_wconf 88' lang='lat' dir='ltr'><strong>et</strong></span> <span class='ocrx_word' id='word_1_711' title='bbox 1972 4877 2024 4927; x_wconf 88' lang='lat' dir='ltr'><strong>in</strong></span> <span class='ocrx_word' id='word_1_712' title='bbox 2056 4891 2116 4926; x_wconf 89' lang='lat' dir='ltr'><strong>ea</strong></span> <span class='ocrx_word' id='word_1_713' title='bbox 2155 4874 2392 4941; x_wconf 90' lang='lat' dir='ltr'><strong>operari.</strong></span> <span class='ocrx_word' id='word_1_714' title='bbox 2451 4872 2506 4926; x_wconf 89' lang='lat' dir='ltr'><strong>Si</strong></span> <span class='ocrx_word' id='word_1_715' title='bbox 2560 4875 2702 4926; x_wconf 90' lang='lat' dir='ltr'><strong>enim</strong></span> <span class='ocrx_word' id='word_1_716' title='bbox 2752 4875 2977 4926; x_wconf 80' lang='lat' dir='ltr'><strong>alterius</strong></span> <span class='ocrx_word' id='word_1_717' title='bbox 3040 4891 3338 4943; x_wconf 82' lang='lat' dir='ltr'><strong>cauponam</strong></span> <span class='ocrx_word' id='word_1_718' title='bbox 3383 4881 3464 4932; x_wconf 82' lang='lat' dir='ltr'><strong>iu-</strong></span> 
     </span>
    </p>
   </div>
   <div class='ocr_carea' id='block_1_101' title="bbox 1889 4963 3463 5035">
    <p class='ocr_par' dir='ltr' id='par_1_101' title="bbox 1889 4963 3463 5035">
     <span class='ocr_line' id='line_1_101' title="bbox 1889 4963 3463 5035; baseline 0.004 -18"><span class='ocrx_word' id='word_1_719' title='bbox 1889 4967 2032 5035; x_wconf 78' lang='lat' dir='ltr'><strong>gredi</strong></span> <span class='ocrx_word' id='word_1_720' title='bbox 2067 4965 2399 5034; x_wconf 85' lang='lat' dir='ltr'><strong>prohibetur,</strong></span> <span class='ocrx_word' id='word_1_721' title='bbox 2433 4965 2531 5016; x_wconf 84' lang='lat' dir='ltr'><strong>uisi</strong></span> <span class='ocrx_word' id='word_1_722' title='bbox 2572 4963 2795 5016; x_wconf 76' lang='lat' dir='ltr'><strong>forsitan</strong></span> <span class='ocrx_word' id='word_1_723' title='bbox 2833 4965 2899 5016; x_wconf 84' lang='lat' dir='ltr'><strong>ob</strong></span> <span class='ocrx_word' id='word_1_724' title='bbox 2934 4970 3304 5024; x_wconf 81' lang='lat' dir='ltr'><strong>necessitatem</strong></span> <span class='ocrx_word' id='word_1_725' title='bbox 3335 4971 3463 5024; x_wconf 91' lang='lat' dir='ltr'><strong>illud</strong></span> 
     </span>
    </p>
   </div>
   <div class='ocr_carea' id='block_1_102' title="bbox 1893 5055 3465 5125">
    <p class='ocr_par' dir='ltr' id='par_1_102' title="bbox 1893 5055 3465 5125">
     <span class='ocr_line' id='line_1_102' title="bbox 1893 5055 3465 5125; baseline -0.016 -15"><span class='ocrx_word' id='word_1_726' title='bbox 1893 5058 2130 5110; x_wconf 79' lang='lat' dir='ltr'><strong>fecerit:</strong></span> <span class='ocrx_word' id='word_1_727' title='bbox 2204 5055 2370 5107; x_wconf 89' lang='lat' dir='ltr'><strong>multo</strong></span> <span class='ocrx_word' id='word_1_728' title='bbox 2430 5055 2598 5122; x_wconf 77' lang='lat' dir='ltr'><strong>magis</strong></span> <span class='ocrx_word' id='word_1_729' title='bbox 2672 5071 2792 5107; x_wconf 87' lang='lat' dir='ltr'><strong>eum</strong></span> <span class='ocrx_word' id='word_1_730' title='bbox 2850 5057 3009 5125; x_wconf 72' lang='lat'><strong>168</strong></span> <span class='ocrx_word' id='word_1_731' title='bbox 3075 5060 3270 5113; x_wconf 63' lang='lat' dir='ltr'><strong>habere</strong></span> <span class='ocrx_word' id='word_1_732' title='bbox 3337 5076 3465 5113; x_wconf 54' lang='grc' dir='ltr'><strong>(δυ,</strong></span> 
     </span>
    </p>
   </div>
   <div class='ocr_carea' id='block_1_103' title="bbox 1888 5145 3463 5219">
    <p class='ocr_par' dir='ltr' id='par_1_103' title="bbox 1888 5145 3463 5219">
     <span class='ocr_line' id='line_1_103' title="bbox 1888 5145 3463 5219; baseline 0.003 -18"><span class='ocrx_word' id='word_1_733' title='bbox 1888 5163 2076 5216; x_wconf 87' lang='lat' dir='ltr'><strong>ponam</strong></span> <span class='ocrx_word' id='word_1_734' title='bbox 2115 5158 2168 5200; x_wconf 85' lang='lat' dir='ltr'><strong>et</strong></span> <span class='ocrx_word' id='word_1_735' title='bbox 2209 5145 2329 5199; x_wconf 86' lang='lat' dir='ltr'><strong>aliis</strong></span> <span class='ocrx_word' id='word_1_736' title='bbox 2371 5151 2422 5197; x_wconf 90' lang='lat' dir='ltr'><strong>iu</strong></span> <span class='ocrx_word' id='word_1_737' title='bbox 2472 5161 2534 5197; x_wconf 88' lang='lat' dir='ltr'><strong>ea</strong></span> <span class='ocrx_word' id='word_1_738' title='bbox 2572 5147 2878 5201; x_wconf 85' lang='lat' dir='ltr'><strong>ministrare</strong></span> <span class='ocrx_word' id='word_1_739' title='bbox 2924 5165 3026 5200; x_wconf 89' lang='lat' dir='ltr'><strong>non</strong></span> <span class='ocrx_word' id='word_1_740' title='bbox 3092 5163 3327 5218; x_wconf 87' lang='lat' dir='ltr'><strong>Oportet.</strong></span> <span class='ocrx_word' id='word_1_741' title='bbox 3362 5153 3463 5219; x_wconf 85' lang='lat' dir='ltr'><strong>Qui</strong></span> 
     </span>
    </p>
   </div>
   <div class='ocr_carea' id='block_1_104' title="bbox 1408 5289 2209 5367">
    <p class='ocr_par' dir='ltr' id='par_1_104' title="bbox 1408 5289 2209 5367">
     <span class='ocr_line' id='line_1_104' title="bbox 1408 5289 2209 5367; baseline -0.009 -13"><span class='ocrx_word' id='word_1_742' title='bbox 1408 5294 1609 5355; x_wconf 77' lang='lat' dir='ltr'><strong>Guill.</strong></span> <span class='ocrx_word' id='word_1_743' title='bbox 1653 5289 1986 5367; x_wconf 84' lang='lat' dir='ltr'><strong>Beveregii</strong></span> <span class='ocrx_word' id='word_1_744' title='bbox 2024 5295 2209 5349; x_wconf 81' lang='lat' dir='ltr'><strong>notae.</strong></span> 
     </span>
    </p>
   </div>
   <div class='ocr_carea' id='block_1_105' title="bbox 195 5424 1762 5506">
    <p class='ocr_par' dir='ltr' id='par_1_105' title="bbox 195 5424 1762 5506">
     <span class='ocr_line' id='line_1_105' title="bbox 195 5424 1762 5506; baseline -0.011 -19"><span class='ocrx_word' id='word_1_745' title='bbox 195 5435 454 5501; x_wconf 63' lang='grc' dir='ltr'>όφφίκια,</span> <span class='ocrx_word' id='word_1_746' title='bbox 491 5430 522 5496; x_wconf 84' lang='grc' dir='ltr'>ἢ</span> <span class='ocrx_word' id='word_1_747' title='bbox 550 5427 922 5506; x_wconf 35' lang='grc' dir='ltr'>πρακτιορικας</span> <span class='ocrx_word' id='word_1_748' title='bbox 955 5424 1253 5506; x_wconf 57' lang='grc' dir='ltr'>ἐνεργείας,</span> <span class='ocrx_word' id='word_1_749' title='bbox 1284 5424 1312 5489; x_wconf 83' lang='grc' dir='ltr'>ἢ</span> <span class='ocrx_word' id='word_1_750' title='bbox 1347 5439 1762 5506; x_wconf 54' lang='grc' dir='ltr'>κονρατωρειας</span> 
     </span>
    </p>
   </div>
   <div class='ocr_carea' id='block_1_106' title="bbox 199 5494 1764 5570">
    <p class='ocr_par' dir='ltr' id='par_1_106' title="bbox 199 5494 1764 5570">
     <span class='ocr_line' id='line_1_106' title="bbox 199 5494 1764 5570; baseline 0.001 -26"><span class='ocrx_word' id='word_1_751' title='bbox 199 5494 331 5562; x_wconf 54' lang='grc' dir='ltr'><strong>τόςᾷς</strong></span> <span class='ocrx_word' id='word_1_752' title='bbox 378 5494 671 5565; x_wconf 78' lang='grc' dir='ltr'>κληρικους</span> <span class='ocrx_word' id='word_1_753' title='bbox 718 5497 1047 5570; x_wconf 68' lang='grc' dir='ltr'>ἐπισκῂπτει</span> <span class='ocrx_word' id='word_1_754' title='bbox 1101 5494 1187 5544; x_wconf 75' lang='grc' dir='ltr'><strong>δια</strong></span> <span class='ocrx_word' id='word_1_755' title='bbox 1247 5494 1632 5570; x_wconf 65' lang='grc' dir='ltr'>σημειώματος</span> <span class='ocrx_word' id='word_1_756' title='bbox 1690 5494 1764 5567; x_wconf 78' lang='grc' dir='ltr'>μὴ</span> 
     </span>
    </p>
   </div>
   <div class='ocr_carea' id='block_1_107' title="bbox 200 5562 1765 5637">
    <p class='ocr_par' dir='ltr' id='par_1_107' title="bbox 200 5562 1765 5637">
     <span class='ocr_line' id='line_1_107' title="bbox 200 5562 1765 5637; baseline -0.008 -12"><span class='ocrx_word' id='word_1_757' title='bbox 200 5562 585 5637; x_wconf 70' lang='grc' dir='ltr'>ἀναδέχεσθαι.</span> <span class='ocrx_word' id='word_1_758' title='bbox 623 5565 948 5637; x_wconf 80' lang='lat' dir='ltr'><strong>Patriarclm</strong></span> <span class='ocrx_word' id='word_1_759' title='bbox 1014 5563 1182 5637; x_wconf 74' lang='lat' dir='ltr'><strong>Lucas</strong></span> <span class='ocrx_word' id='word_1_760' title='bbox 1231 5562 1765 5637; x_wconf 60' lang='lat' dir='ltr'><strong>etianrseplasinrias</strong></span> 
     </span>
    </p>
   </div>
   <div class='ocr_carea' id='block_1_108' title="bbox 200 5632 1772 5710">
    <p class='ocr_par' dir='ltr' id='par_1_108' title="bbox 200 5632 1772 5710">
     <span class='ocr_line' id='line_1_108' title="bbox 200 5632 1772 5710; baseline -0.008 -17"><span class='ocrx_word' id='word_1_761' title='bbox 200 5632 466 5710; x_wconf 70' lang='lat' dir='ltr'><strong>ofﬁcinas,</strong></span> <span class='ocrx_word' id='word_1_762' title='bbox 492 5646 582 5687; x_wconf 85' lang='lat' dir='ltr'><strong>aut</strong></span> <span class='ocrx_word' id='word_1_763' title='bbox 613 5635 910 5710; x_wconf 54' lang='lat' dir='ltr'><strong>(falnearias</strong></span> <span class='ocrx_word' id='word_1_764' title='bbox 937 5653 964 5684; x_wconf 79' lang='grc' dir='ltr'><strong>ιι</strong></span> <span class='ocrx_word' id='word_1_765' title='bbox 989 5632 1410 5710; x_wconf 40' lang='lat' dir='ltr'><strong>clericis-curari</strong></span> <span class='ocrx_word' id='word_1_766' title='bbox 1454 5647 1544 5692; x_wconf 65' lang='lat' dir='ltr'><strong>per</strong></span> <span class='ocrx_word' id='word_1_767' title='bbox 1599 5632 1772 5710; x_wconf 71' lang='lat' dir='ltr'><strong>adno-</strong></span> 
     </span>
    </p>
   </div>
   <div class='ocr_carea' id='block_1_109' title="bbox 203 5701 1767 5770">
    <p class='ocr_par' dir='ltr' id='par_1_109' title="bbox 203 5701 1767 5770">
     <span class='ocr_line' id='line_1_109' title="bbox 203 5701 1767 5770; baseline -0.011 -6"><span class='ocrx_word' id='word_1_768' title='bbox 203 5701 460 5765; x_wconf 67' lang='lat' dir='ltr'><strong>tiittonem</strong></span> <span class='ocrx_word' id='word_1_769' title='bbox 497 5705 695 5758; x_wconf 77' lang='lat' dir='ltr'><strong>vetuit:</strong></span> <span class='ocrx_word' id='word_1_770' title='bbox 730 5705 886 5756; x_wconf 75' lang='lat' dir='ltr'><strong>veluti</strong></span> <span class='ocrx_word' id='word_1_771' title='bbox 924 5719 1038 5770; x_wconf 76' lang='lat' dir='ltr'><strong>qua:</strong></span> <span class='ocrx_word' id='word_1_772' title='bbox 1077 5702 1217 5768; x_wconf 80' lang='lat' dir='ltr'><strong>turpi</strong></span> <span class='ocrx_word' id='word_1_773' title='bbox 1245 5702 1390 5752; x_wconf 86' lang='lat' dir='ltr'><strong>lucro</strong></span> <span class='ocrx_word' id='word_1_774' title='bbox 1416 5710 1462 5752; x_wconf 86' lang='lat' dir='ltr'><strong>et</strong></span> <span class='ocrx_word' id='word_1_775' title='bbox 1498 5701 1767 5750; x_wconf 78' lang='lat' dir='ltr'><strong>ntcndacto</strong></span> 
     </span>
    </p>
   </div>
   <div class='ocr_carea' id='block_1_110' title="bbox 207 5771 1774 5842">
    <p class='ocr_par' dir='ltr' id='par_1_110' title="bbox 207 5771 1774 5842">
     <span class='ocr_line' id='line_1_110' title="bbox 207 5771 1774 5842; baseline -0.008 -11"><span class='ocrx_word' id='word_1_776' title='bbox 207 5782 536 5834; x_wconf 78' lang='lat' dir='ltr'><strong>occasionem</strong></span> <span class='ocrx_word' id='word_1_777' title='bbox 568 5777 816 5842; x_wconf 73' lang='lat' dir='ltr'><strong>prwbent.</strong></span> <span class='ocrx_word' id='word_1_778' title='bbox 872 5771 1148 5824; x_wconf 78' lang='lat' dir='ltr'><strong>lnterdicit</strong></span> <span class='ocrx_word' id='word_1_779' title='bbox 1201 5773 1354 5822; x_wconf 69' lang='lat' dir='ltr'><strong>etiam</strong></span> <span class='ocrx_word' id='word_1_780' title='bbox 1393 5772 1652 5828; x_wconf 67' lang='lat' dir='ltr'><strong>draconis,</strong></span> <span class='ocrx_word' id='word_1_781' title='bbox 1714 5784 1774 5818; x_wconf 83' lang='lat' dir='ltr'><strong>ne</strong></span> 
     </span>
    </p>
   </div>
   <div class='ocr_carea' id='block_1_111' title="bbox 1875 5417 3460 5485">
    <p class='ocr_par' dir='ltr' id='par_1_111' title="bbox 1875 5417 3460 5485">
     <span class='ocr_line' id='line_1_111' title="bbox 1875 5417 3460 5485; baseline 0.003 -15"><span class='ocrx_word' id='word_1_782' title='bbox 1875 5418 2187 5470; x_wconf 82' lang='lat' dir='ltr'><strong>medicinam</strong></span> <span class='ocrx_word' id='word_1_783' title='bbox 2222 5417 2421 5483; x_wconf 77' lang='lat' dir='ltr'><strong>faciant</strong></span> <span class='ocrx_word' id='word_1_784' title='bbox 2449 5433 2464 5472; x_wconf 89' lang='lat'><strong><em>:</em></strong></span> <span class='ocrx_word' id='word_1_785' title='bbox 2495 5428 2543 5470; x_wconf 83' lang='lat' dir='ltr'><strong>et</strong></span> <span class='ocrx_word' id='word_1_786' title='bbox 2574 5420 2917 5484; x_wconf 74' lang='lat' dir='ltr'><strong>segregatiom</strong></span> <span class='ocrx_word' id='word_1_787' title='bbox 2985 5420 3197 5485; x_wconf 81' lang='lat' dir='ltr'><strong>subjicit</strong></span> <span class='ocrx_word' id='word_1_788' title='bbox 3240 5420 3460 5475; x_wconf 69' lang='lat' dir='ltr'><strong>clericos</strong></span> 
     </span>
    </p>
   </div>
   <div class='ocr_carea' id='block_1_112' title="bbox 1876 5487 3462 5555">
    <p class='ocr_par' dir='ltr' id='par_1_112' title="bbox 1876 5487 3462 5555">
     <span class='ocr_line' id='line_1_112' title="bbox 1876 5487 3462 5555; baseline 0.004 -17"><span class='ocrx_word' id='word_1_789' title='bbox 1876 5491 1966 5555; x_wconf 82' lang='lat' dir='ltr'><strong>qui</strong></span> <span class='ocrx_word' id='word_1_790' title='bbox 2004 5489 2275 5539; x_wconf 86' lang='lat' dir='ltr'><strong>mundana</strong></span> <span class='ocrx_word' id='word_1_791' title='bbox 2310 5487 2622 5553; x_wconf 83' lang='lat' dir='ltr'><strong>publicaque</strong></span> <span class='ocrx_word' id='word_1_792' title='bbox 2688 5490 2895 5554; x_wconf 77' lang='lat' dir='ltr'><strong>negotia</strong></span> <span class='ocrx_word' id='word_1_793' title='bbox 2958 5499 3209 5542; x_wconf 84' lang='lat' dir='ltr'><strong>tractant.</strong></span> <span class='ocrx_word' id='word_1_794' title='bbox 3271 5489 3462 5544; x_wconf 82' lang='lat' dir='ltr'><strong>Itidem</strong></span> 
     </span>
    </p>
   </div>
   <div class='ocr_carea' id='block_1_113' title="bbox 1878 5555 3459 5624">
    <p class='ocr_par' dir='ltr' id='par_1_113' title="bbox 1878 5555 3459 5624">
     <span class='ocr_line' id='line_1_113' title="bbox 1878 5555 3459 5624; baseline 0.003 -16"><span class='ocrx_word' id='word_1_795' title='bbox 1878 5559 2187 5624; x_wconf 82' lang='lat' dir='ltr'><strong>patriarcha</strong></span> <span class='ocrx_word' id='word_1_796' title='bbox 2227 5555 2446 5608; x_wconf 80' lang='lat' dir='ltr'><strong>Michael</strong></span> <span class='ocrx_word' id='word_1_797' title='bbox 2508 5558 2859 5608; x_wconf 82' lang='lat' dir='ltr'><strong>Anchialmus</strong></span> <span class='ocrx_word' id='word_1_798' title='bbox 2923 5575 3010 5619; x_wconf 78' lang='lat' dir='ltr'><strong>per</strong></span> <span class='ocrx_word' id='word_1_799' title='bbox 3059 5558 3459 5613; x_wconf 82' lang='lat' dir='ltr'><strong>adnotationem</strong></span> 
     </span>
    </p>
   </div>
   <div class='ocr_carea' id='block_1_114' title="bbox 1891 5627 3459 5692">
    <p class='ocr_par' dir='ltr' id='par_1_114' title="bbox 1891 5627 3459 5692">
     <span class='ocr_line' id='line_1_114' title="bbox 1891 5627 3459 5692; baseline 0.002 -14"><span class='ocrx_word' id='word_1_800' title='bbox 1891 5630 2131 5689; x_wconf 84' lang='lat' dir='ltr'><strong>mandat,</strong></span> <span class='ocrx_word' id='word_1_801' title='bbox 2163 5637 2216 5676; x_wconf 86' lang='lat' dir='ltr'><strong>ut</strong></span> <span class='ocrx_word' id='word_1_802' title='bbox 2250 5627 2427 5678; x_wconf 83' lang='lat' dir='ltr'><strong>clerici</strong></span> <span class='ocrx_word' id='word_1_803' title='bbox 2453 5627 2617 5692; x_wconf 72' lang='lat' dir='ltr'><strong>ofﬁcia</strong></span> <span class='ocrx_word' id='word_1_804' title='bbox 2683 5628 2984 5685; x_wconf 73' lang='lat' dir='ltr'><strong>swcularia,</strong></span> <span class='ocrx_word' id='word_1_805' title='bbox 3024 5629 3099 5680; x_wconf 78' lang='lat' dir='ltr'><strong>vel</strong></span> <span class='ocrx_word' id='word_1_806' title='bbox 3152 5639 3459 5681; x_wconf 68' lang='lat' dir='ltr'><strong>exat-torum</strong></span> 
     </span>
    </p>
   </div>
   <div class='ocr_carea' id='block_1_115' title="bbox 1891 5696 3458 5768">
    <p class='ocr_par' dir='ltr' id='par_1_115' title="bbox 1891 5696 3458 5768">
     <span class='ocr_line' id='line_1_115' title="bbox 1891 5696 3458 5768; baseline 0.004 -23"><span class='ocrx_word' id='word_1_807' title='bbox 1891 5697 2092 5756; x_wconf 86' lang='lat' dir='ltr'><strong>munia,</strong></span> <span class='ocrx_word' id='word_1_808' title='bbox 2132 5696 2544 5768; x_wconf 67' lang='lat' dir='ltr'><strong>relcuratgrum</strong></span> <span class='ocrx_word' id='word_1_809' title='bbox 2609 5712 2710 5768; x_wconf 72' lang='lat' dir='ltr'><strong>non</strong></span> <span class='ocrx_word' id='word_1_810' title='bbox 2769 5698 3083 5762; x_wconf 77' lang='lat' dir='ltr'><strong>suscipiant.</strong></span> <span class='ocrx_word' id='word_1_811' title='bbox 3127 5699 3458 5768; x_wconf 82' lang='lat' dir='ltr'><strong>Harntequ.</strong></span> 
     </span>
    </p>
   </div>
   <div class='ocr_carea' id='block_1_116' title="bbox 1890 5765 2647 5833">
    <p class='ocr_par' dir='ltr' id='par_1_116' title="bbox 1890 5765 2647 5833">
     <span class='ocr_line' id='line_1_116' title="bbox 1890 5765 2647 5833; baseline -0.001 -17"><span class='ocrx_word' id='word_1_812' title='bbox 1890 5766 2032 5833; x_wconf 71' lang='lat' dir='ltr'><strong>Epit.</strong></span> <span class='ocrx_word' id='word_1_813' title='bbox 2068 5781 2188 5816; x_wconf 79' lang='lat' dir='ltr'><strong>can.</strong></span> <span class='ocrx_word' id='word_1_814' title='bbox 2225 5774 2357 5817; x_wconf 72' lang='lat' dir='ltr'><strong>scit.</strong></span> <span class='ocrx_word' id='word_1_815' title='bbox 2395 5765 2425 5816; x_wconf 76' lang='grc'>5</span> <span class='ocrx_word' id='word_1_816' title='bbox 2491 5767 2572 5817; x_wconf 82' lang='lat' dir='ltr'><strong>tit.</strong></span> <span class='ocrx_word' id='word_1_817' title='bbox 2601 5766 2647 5816; x_wconf 72' lang='grc' dir='ltr'><strong>ΕΞ.</strong></span> 
     </span>
    </p>
   </div>
  </div>
