4240 6442
269 433 370 494 557

1319 433 1398 492 ΙΝ
1431 433 1594 492 CAN.
1643 431 1757 492 XIl
1799 430 2006 492 CONC.
2037 433 2116 491 IN
2150 432 2471 492 TRULLO.

3405 423 3508 483 558

264 546 605 616 χειροτονίαν
665 546 936 598 συνοικεῖν
975 547 1094 608 ταῖς
1127 545 1234 614 πρὸ
1269 545 1366 612 τῆς
1402 545 1702 614 ἱερωσύνης
1739 561 1869 611 γυο,

1899 558 2070 606 ινειυο
2121 557 2361 606 canone,
2407 542 2498 594 ubi
2555 537 2891 591 renuntiatus
2955 533 3152 603 aliquis
3224 533 3510 601 episcopus

267 639 439 702 ναιξὶν
479 640 677 702 αὐτῶν,
741 638 833 690 καί
874 654 1036 704 φασιν
1085 638 1134 688 oi
1179 635 1368 689 τοῦτον
1434 635 1719 705 ὲκθέμενοι
1751 635 1841 687 τὸν

264 733 470 784 κανόνα
523 732 607 783 ὅτι
662 730 775 782 Οὐκ
837 729 1234 796 ἀνατρέποντες
1269 729 1338 782 τὰ
1371 728 1845 798 νενομοθετημένα

265 822 383 882 τοῖς
429 818 753 880 ἀποστόλοις
797 817 890 870 καὶ
953 817 1496 888 ἀντινομοθετοῖωτες
1557 818 1842 888 κωλύομεν

263 912 381 971 τοῖς
433 909 759 970 ἐπισκόποις
800 909 901 976 τὴν
950 907 1090 976 μετά
1118 908 1228 960 τῶν
1259 908 1543 977 προτέρων
1578 908 1828 977 συμϐίων

265 999 451 1052 αὐτῶν
506 1000 844 1068 συνοίκησιν,
905 998 1044 1052 ἀλλὰ
1100 998 1348 1062 θέλοντες
1406 1001 1507 1068 τὴν
1561 1001 1840 1068 σωτηρίαν

264 1089 379 1140 τῶν
399 1087 564 1152 λαῶν,
597 1088 690 1140 καὶ
711 1089 810 1158 τὴν
839 1087 934 1139 ἐπὶ
958 1087 1020 1138 τὸ
1042 1090 1291 1159 κρεῖττον
1320 1091 1503 1142 αὐτῶν
1533 1091 1841 1158 προκοπὴν,

267 1182 368 1233 καὶ
401 1180 542 1232 ὥστε
575 1182 650 1249 μή
682 1197 804 1234 τινα
843 1180 1035 1250 μῶμον
1079 1182 1142 1232 ἐκ
1178 1181 1372 1233 τούτου
1409 1180 1840 1250 προστρίϐεσθαι

267 1275 340 1340 τῇ
388 1271 682 1341 ἱερωσύνῃ,
712 1273 999 1342 μονονουχὶ
1030 1271 1188 1324 τοῦτο
1218 1272 1487 1338 λέγοντες,
1517 1274 1599 1325 ὅτι
1631 1275 1679 1326 oi
1740 1274 1843 1342 μὲν

272 1365 410 1414 θεῖοι
444 1364 760 1427 ἀπόστολοι,
794 1364 972 1434 ἀρχὴν
1019 1364 1248 1434 ἐχούσης
1291 1370 1391 1436 τῆς
1443 1367 1698 1431 πίστεως,
1750 1369 1843 1420 καὶ

265 1453 363 1504 τοῦ
383 1452 530 1505 θείου
552 1453 905 1523 κηρύγματος
929 1453 1080 1507 οὔπω
1100 1455 1522 1519 πλατυνθὲντοε,
1555 1473 1835 1524 συγκατα-

264 1545 635 1614 6ατικώτερον
662 1544 951 1600 διετίθεντο
983 1545 1118 1615 πρδς
1153 1546 1278 1607 τοὺς
1303 1550 1367 1617 τῇ
1396 1550 1574 1600 πίστει
1603 1565 1844 1618 προτερ-

265 1639 556 1706 χομένους,
613 1640 707 1691 καὶ
751 1640 929 1709 πάντη
1001 1638 1245 1709 ἀπῄτουν
1309 1642 1371 1691 τὸ
1424 1640 1648 1707 τέλειον,
1724 1643 1841 1695 ἀλλ’

266 1728 536 1780 ἐνεδίδουν
591 1732 658 1797 τῇ
708 1727 969 1799 ἀσθενείᾳ
1009 1728 1187 1782 αὐτῶν
1222 1731 1315 1782 καὶ
1372 1733 1485 1793 τοῖς
1524 1730 1672 1782 ἔθεσι
1731 1734 1842 1794 τοῖς

265 1819 503 1880 ὲΟνικοίς
543 1820 636 1870 κα)¹
686 1817 1040 1881 Ἰουδαϊκοῖς·
1077 1820 1130 1871 οἵ
1176 1836 1234 1871 τε
1279 1819 1388 1888 γὰρ
1427 1821 1534 1872 τῶν
1574 1821 1841 1874 Ἰουδαίων

267 1910 554 1981 ἀρχιερεῖς
601 1911 817 1977 γυναιξὶ
857 1913 1127 1963 συνοικεῖν
1159 1915 1650 1981 συγκεχωρημένον
1698 1909 1842 1982 εἶχον

267 2003 336 2054 ὲκ
366 2003 462 2054 τοῦ
509 2004 698 2071 νόμον,
755 2005 851 2056 καὶ
906 2007 1019 2065 τοῖς
1083 2002 1356 2071 Ἐλλήνων
1403 2004 1753 2071 ἀρχιερεῦσιν
1813 2008 1840 2058 ὁ

264 2096 447 2163 γάμος
469 2095 746 2159 ἀκώλυτος
774 2092 839 2166 ἦν
864 2111 877 2125 ⁸
914 2096 1039 2165 ἀρτι
1069 2095 1128 2147 δὲ
1151 2096 1246 2150 τοῦ
1299 2096 1656 2165 κηρύγματος
1707 2098 1844 2150 πλα-

262 2184 556 2245 τυνθέντος
611 2185 706 2236 καὶ
747 2187 829 2247 εἰς
881 2186 1118 2255 κρείττω
1156 2186 1508 2238 ’κατάστασιν
1559 2190 1654 2239 καὶ
1691 2186 1844 2251 τάξιν

265 2272 377 2324 τῶν
408 2272 618 2326 πιστῶν
643 2275 1004 2345 ἐληλυθότων,
1036 2275 1135 2329 καὶ
1157 2275 1258 2345 τῆς
1288 2275 1654 2344 εὐαγγελικῆς
1687 2277 1841 2330 πολι-

272 2365 431 2426 τείας
458 2366 823 2437 ὲπιδιδούσης,
859 2367 1058 2437 χρῆναί
1095 2384 1227 2435 φασι
1258 2370 1356 2420 καὶ
1402 2370 1529 2430 τοὺς
1563 2370 1844 2439 ἀρχιερεῖς

267 2459 364 2508 τὸν
394 2460 591 2511 οἰκεῖον
629 2458 741 2528 βίον
776 2461 912 2529 πρὸς
944 2461 1148 2529 ἀκριϐῆ
1201 2459 1558 2531 σωφροσύνην
1593 2459 1840 2512 ἀπευθύ-
1875 2503 1884 2512 .

269 2565 411 2612 νειν,
445 2548 522 2612 ὡς
554 2550 628 2618 μὴ
657 2548 819 2619 μόνον
853 2551 1156 2621 ἀλλοτρίων
1188 2551 1493 2621 ἀπέχεσθαι
1529 2552 1835 2620 γυναικῶν,

268 2639 410 2691 ἀλλά
444 2644 536 2692 καὶ
565 2641 672 2692 τῶν
713 2643 975 2711 πρότερον
1005 2643 1188 2705 αὐτοῖς
1213 2643 1714 2712 συνευναζομένων,
1745 2647 1839 2695 καὶ

273 2732 350 2799 μὴ
389 2731 549 2800 μόνον
577 2733 738 2801 εὐνῆς
770 2736 958 2795 αὑταῖς
986 2735 1063 2804 μὴ
1108 2737 1408 2797 κοινωνεῖν,
1449 2736 1585 2804 μηδὲ
1615 2735 1838 2804 μίξεως,

271 2823 413 2876 ἀ).λά
452 2827 585 2894 μηδὲ
617 2830 883 2880 συνοικεῖν
929 2829 1137 2894 αὑταῖς,
1193 2832 1285 2881 καὶ
1331 2830 1388 2881 ὲν
1437 2830 1502 2898 τῇ
1535 2828 1673 2898 αὐτῇ
1709 2845 1843 2880 κατ-

269 2917 423 2985 οικία
449 2919 718 2989 συζῇν.·οί
746 2922 844 2988 μὲν
870 2921 976 2990 γάρ
999 2921 1127 2985 ἴσως
1145 2925 1239 2975 καὶ
1276 2922 1369 2975 τοῦ
1403 2923 1693 2992 σωφρόνως
1722 2921 1836 2991 (75)

272 3010 554 3080 ξήσονται,
589 3011 767 3075 ἄλλοις
801 3014 856 3065 δὲ
889 3015 1226 3084 πρόσκομμα
1251 3017 1345 3067 καὶ
1374 3015 1672 3068 σκάνδαλον
1697 3013 1850 3066 ἔσον-

274 3120 390 3155 ται.
429 3105 538 3157 Καὶ
573 3105 920 3173 παράγουσιν
970 3108 1018 3158 οί
1070 3108 1210 3176 ἱεροὶ
1247 3109 1490 3176 Πατέρες
1521 3109 1716 3159 ἐκεῖνοι
1752 3105 1845 3156 καὶ

272 3197 372 3248 τὸν
403 3197 576 3264 μέγαν
609 3198 820 3250 Παῦλον
850 3200 1077 3265 λέγοντα
1100 3216 1112 3229 ο
1163 3200 1558 3265 Ἀπρόσκοποι
1613 3198 1849 3265 γίνεσθε

272 3289 377 3341 καὶ
412 3289 716 3355 Ἰουδαίοις
752 3292 849 3343 καί
880 3292 1144 3359 ’Ἕλλησι
1171 3293 1267 3343 καί
1300 3290 1373 3359 τῇ
1393 3289 1725 3358 Ἐκκλησία
1746 3288 1855 3342 τοῦ

207 3451 212 3454 Ι
278 3383 455 3448 Θεόῦ,
483 3383 675 3448 καθὼς
711 3383 872 3454 κάγὼ
905 3386 1101 3436 πάντα
1125 3382 1316 3440 πᾶσιν
1358 3383 1614 3450 ἀρέσκω,
1639 3382 1725 3450 μὴ
1760 3380 1855 3448 ζη-

272 3475 396 3529 τῶν
419 3477 487 3528 τὸ
515 3477 772 3545 ἐμαυτοῦ
797 3475 1129 3544 συμφέρον,
1190 3477 1349 3530 ἀλλὰ
1371 3477 1437 3528 τὸ
1455 3474 1573 3528 τῶν
1590 3477 1856 3541 πολλῶν,

277 3572 381 3621 ἵνα
423 3569 682 3623 σωθῶσι.
729 3570 988 3635 Μιμηταί
1004 3586 1121 3634 μου
1165 3569 1424 3637 γίνεσθε,
1467 3565 1660 3630 καθὼς
1705 3567 1865 3636 κάγὼ

272 3661 559 3726 Χριστοῦ.
590 3657 718 3712 Εἶτα
748 3664 857 3724 τοῖς
891 3662 964 3743 μὴ
994 3663 1086 3714 τὸν
1115 3661 1320 3713 κανόνα
1341 3660 1533 3712 τοῦτον
1561 3659 1861 3726 φυλάττου-

277 3771 364 3816 σιν
399 3755 695 3820 ἐπάγουσιν
723 3755 1003 3824 ἐπιτίμιον
1033 3757 1131 3822 τὴν
1167 3754 1509 3823 καθαίρεσιν.

1944 633 2129 695 fuerit,
2164 646 2406 694 uxorem,
2460 631 2504 683 si
2556 645 2676 697 qua:
2731 627 2963 679 nondum
3019 624 3191 678 sacris
3225 622 3510 676 ordinibus

1943 724 2156 777 initiato
2211 724 2370 776 ducta
2417 720 2578 783 foret,
2619 720 2720 772 sub
2757 719 2946 771 eodem
2988 723 3129 769 tecto
3179 730 3245 767 ne
3289 712 3509 778 habeat,

1943 816 2318 870 constitutum.
2354 813 2418 867 Et
2447 827 2578 866 vero
2613 827 2716 865 non
2746 824 2804 863 se
2834 810 3014 864 studio
3053 807 3358 862 evertenda:
3387 822 3512 860 con-

1945 907 2130 961 trariis
2181 905 2560 960 sanctionibus
2599 903 2828 972 apostol.
2889 899 3292 955 constitutionis
3343 899 3513 952 addu-

1943 1009 2080 1064 ctos,
2127 999 2223 1054 sed
2274 998 2597 1067 populorum
2643 995 2838 1056 saluti,
2894 1003 3059 1062 atque
3113 991 3165 1044 in
3223 991 3514 1042 virtutibus

1942 1090 2306 1162 progressioni
2357 1087 2722 1148 consulentes,
2779 1099 2843 1137 ac
2895 1099 2961 1136 ne
3021 1095 3124 1150 qua
3189 1079 3313 1132 inde
3357 1093 3514 1132 sacro

1944 1184 2121 1238 ordini
2182 1183 2396 1236 macula
2455 1183 2764 1235 inureretur
2817 1176 3186 1246 providentes,
3245 1172 3515 1242 episcopis

1949 1293 2172 1331 uxorum
2201 1317 2216 1341 ,
2251 1290 2385 1344 quas
2421 1284 2576 1328 antea
2606 1275 2890 1334 duxerant,
2941 1267 3266 1322 commercio
3294 1276 3349 1320 et
3392 1280 3520 1318 con-

1943 1372 2228 1424 suetudine
2255 1366 2680 1420 interdicemlmn
2721 1362 3020 1422 censuisse,
3059 1369 3305 1413 auctores
3351 1371 3516 1411 catio-

1945 1463 2028 1515 nis
2113 1459 2366 1514 addidere
2415 1457 2616 1526 :quasi
2675 1455 2882 1507 divinos
2949 1453 3154 1506 scilicet
3225 1447 3515 1517 apostolos,

1945 1565 2200 1610 nascente
2253 1568 2316 1606 ac
2353 1557 2660 1620 emergente
2709 1559 2821 1601 tum
2865 1546 3100 1616 primum
3157 1543 3279 1605 fide,
3346 1556 3521 1607 neque

1944 1646 2121 1699 adhuc
2174 1645 2353 1698 sonitu
2386 1643 2578 1696 divina:
2624 1637 3021 1709 praedicationis
3067 1636 3230 1688 latius
3269 1634 3520 1702 evulgato

1945 1739 2127 1792 tuitius
2158 1753 2277 1792 cum
2315 1735 2401 1798 iis,
2433 1736 2521 1803 qui
2577 1733 2735 1786 fidem
2785 1730 3272 1801 aniplemerentur,
3317 1742 3378 1780 ac
3433 1740 3518 1779 re-

1945 1830 2164 1885 missius
2190 1829 2386 1898 egisse,
2417 1842 2517 1879 nec
2550 1827 2615 1878 ab
2645 1827 2722 1877 eis
2770 1837 2959 1876 omnes
3018 1819 3364 1888 perfectionis
3422 1833 3492 1869 nu
3512 1845 3525 1856 -

1873 1899 1916 1954 Β
1947 1938 2127 1978 meros
2163 1922 2463 1988 exigentes,
2489 1915 2691 1986 aliquid
2719 1924 2828 1968 tum
2863 1913 3221 1966 imbecillitati
3253 1911 3520 1978 ipsorum,

1945 2025 2056 2070 tum
2117 2015 2424 2068 inveteratae
2481 2010 2617 2078 apud
2670 2021 2858 2061 omnes
2898 2015 3124 2075 gentes,
3175 2015 3333 2071 atque
3385 2001 3523 2053 adeo

1944 2105 2084 2175 apud
2135 2106 2279 2175 ipsos
2335 2102 2570 2164 Judmos,
2625 2099 3009 2155 consuetudini
3045 2096 3336 2151 indulsisse
3375 2094 3520 2146 aflir-

1947 2207 2116 2253 ment.
2184 2196 2316 2249 Nam
2359 2205 2415 2248 et
2475 2194 2703 2248 summis
2779 2189 3090 2245 Judteorum
3152 2187 3525 2242 sacerdotibus

1947 2303 2148 2341 uxores
2205 2288 2402 2340 habere
2461 2299 2558 2354 per
2609 2284 2754 2351 leges
2809 2281 3027 2344 licebat,
3078 2295 3252 2348 neque
3297 2278 3348 2331 id
3394 2292 3522 2330 vero

1946 2381 2256 2435 Graecorum
2284 2377 2606 2432 sacrificulis
2627 2377 2731 2430 ulla
2758 2375 3146 2429 constitutione
3173 2374 3518 2426 interdictum

1945 2474 2066 2526 fuit.
2113 2470 2267 2525 Nunc
2293 2487 2422 2524 vero
2458 2470 2614 2537 longe
2646 2468 2862 2535 lateque
2910 2474 3204 2535 propagata
3241 2463 3523 2530 religione.

1950 2582 2012 2621 ac
2062 2564 2371 2634 diligentius
2424 2577 2546 2631 quae
2611 2561 2676 2613 ad
2729 2558 3060 2613 sanctiorem
3111 2557 3235 2610 vita:
3278 2572 3522 2610 normam

1948 2659 2218 2727 pertinent
2247 2654 2572 2716 constitutis,
2627 2657 2957 2719 augescente
3008 2648 3178 2702 indies
3211 2646 3528 2715 evangelico

1948 2749 2118 2810 cultu,
2153 2743 2550 2807 Severioribus,
2580 2743 2845 2812 inquiunt,
2869 2741 3031 2794 vitam
3063 2754 3212 2791 suam
3243 2741 3530 2792 continen-

1951 2843 2035 2893 tiae
2068 2839 2278 2908 legibus
2317 2837 2619 2904 astringere
2653 2835 2752 2903 ipsi
2785 2845 2996 2901 quoque
3041 2831 3284 2900 episcolii
3313 2832 3528 2889 debent.

1951 2939 2007 2981 ut
2038 2944 2142 2982 non
2175 2928 2333 2981 modo
2365 2929 2432 2979 ab
2464 2926 2653 2979 alienis
2681 2923 2940 2977 uxoribus
2969 2925 3300 2985 abstineant,
3333 2924 3424 2977 sed
3455 2925 3520 2976 ah

1951 3021 2017 3075 iis
2061 3034 2296 3087 quoque,
2347 3033 2481 3084 quas
2532 3018 2634 3069 tori
2681 3025 2965 3068 consortes
3023 3015 3263 3069 habuere
3300 3032 3313 3067 :
3353 3031 3527 3082 neque

1952 3110 2124 3164 solum
2174 3111 2292 3162 lecti
2342 3110 2517 3162 socias
2579 3123 2684 3158 non
2747 3107 3061 3169 admittant,
3115 3107 3209 3160 sed
3277 3121 3375 3160 nec
3432 3113 3530 3159 sub

1955 3203 2142 3257 eodem
2175 3212 2317 3255 tecto
2347 3210 2440 3253 aut
2488 3200 2674 3252 iisdem
2731 3200 2934 3253 aedibus
2992 3199 3186 3267 degere
3237 3199 3529 3266 patiantur.

1962 3297 2096 3352 Nam
2127 3300 2226 3352 etsi
2254 3298 2366 3350 fieri
2397 3305 2593 3364 potest,
2626 3305 2682 3347 ut
2706 3306 2884 3348 castos
2909 3311 2968 3349 se
2992 3296 3342 3349 nihilominus
3366 3306 3525 3362 atque

1965 3391 2203 3459 integros
2235 3399 2474 3452 servent,
2511 3387 2630 3440 aliis
2664 3395 2842 3440 tamen
2888 3385 3214 3440 offendicqu
3265 3397 3318 3439 et
3371 3402 3531 3439 Scan-

1967 3482 2089 3534 dalo
2138 3491 2318 3534 erunt.
2375 3479 2491 3544 Quo
2553 3479 2672 3532 loco
2723 3494 2975 3546 magnum
3037 3468 3251 3546 quoque
3309 3478 3530 3531 Paulum

1964 3574 2138 3627 sancti
2179 3573 2368 3625 Patres
2399 3571 2724 3642 producunt,
2756 3569 3021 3623 dicentem
3052 3587 3064 3623 :
3097 3568 3221 3624 Sine
3250 3571 3533 3638 o/icnsionc

1969 3675 2132 3719 estote
2186 3675 2232 3718 et
2263 3665 2465 3718 Juda’is
2496 3671 2543 3716 ct
2585 3662 2809 3727 Graecis,
2858 3674 2903 3715 et
2946 3661 3196 3716 Ecclesia:
3227 3663 3338 3726 Dei,
3363 3681 3538 3727 quom-

1959 3758 2245 3809 mlmodunt
2299 3767 2347 3809 et
2404 3772 2495 3825 ego
2548 3756 2867 3808 omnibusin
2905 3755 3144 3808 omnibus
3188 3759 3389 3824 placeo,
3432 3772 3535 3807 non

273 3863 446 3899 meam
478 3848 755 3901 utilitatem
781 3847 1153 3915 qnwrens,scd
1193 3845 1495 3908 multorum,
1541 3856 1594 3898 ut
1640 3845 1997 3900 solventur".
2031 3847 2337 3901 lmitatores
2376 3848 2477 3900 mei
2541 3855 2725 3914 estote,
2794 3846 2928 3900 sicut
2996 3857 3045 3899 et
3093 3863 3185 3914 ego
3251 3845 3532 3901 Christi?“

278 3943 563 3994 Postremo
613 3942 698 4007 qui
759 3943 886 3995 huic
935 3941 1128 3995 canoni
1185 3955 1288 3992 non
1337 3941 1851 4009 obtemperaverint,
1893 3941 1971 3996 eis
2008 3942 2361 4009 depositionis
2394 3939 2616 3994 multam
2669 3939 2896 4007 irrogari
2933 3939 3142 4007 jubent.

274 4036 502 4090 ΑΡΙΣΤ.
548 4054 566 4086 ι
601 4036 659 4086 Εἰ
699 4035 792 4086 καὶ
845 4033 1097 4088 λέλεκται
1129 4034 1202 4104 μὴ
1236 4033 1523 4085 ἐκϐάλλειν
1567 4035 1854 4100 γυναῖκας,

358 4145 377 4178 ι
428 4127 563 4179 ἀλλὰ
592 4129 691 4195 τῆς
724 4125 814 4178 ἐπὶ
841 4125 900 4177 τὸ
932 4127 1181 4195 κρεῖττον
1216 4125 1500 4194 προκοπῆς
1534 4124 1852 4194 προμηθού-

355 4238 378 4271 σ
430 4235 604 4288 μενοι,
662 4216 740 4286 τῷ
792 4216 1258 4287 χειροτονουμένῳ
1331 4216 1583 4285 προέδρῳ
1654 4215 1855 4285 μηκέτι

359 4329 378 4362 ι
429 4311 700 4362 συνοικεῖν
725 4311 949 4376 γυναικὶ
981 4306 1463 4377 παραγγέλλομεν.
1514 4325 1532 4357 ι

364 4403 425 4454 Ὀ
452 4401 550 4468 μὲν
581 4398 936 4461 ἁποστολικὺς
968 4399 1218 4467 πέμπτος
1263 4397 1444 4451 κανὼν
1478 4399 1603 4451 οὔτε
1643 4401 1865 4454 ἐπίσκο-

286 4511 417 4559 πον,
447 4493 571 4544 οὔτε
601 4491 992 4563 πρεσὸίτερον,
1027 4491 1060 4561 ἢ
1092 4491 1343 4544 διάκονον
1383 4491 1482 4561 τὴν
1527 4493 1724 4545 ἑαυτοῦ
1768 4511 1865 4561 γυ-

1966 4033 2191 4087 ARIST.
2234 4053 2251 4084 ι
2297 4034 2518 4088 Etiamsi
2551 4033 2748 4086 dictum
2780 4034 2848 4086 sit
2880 4047 3079 4086 uxores
3111 4047 3214 4084 non
3247 4011 3538 4099 ejiciendus

2043 4147 2060 4177 ι
2102 4143 2243 4189 esse,
2273 4127 2623 4180 nihilmninus
2663 4125 2728 4179 ad
2776 4126 2964 4178 melius
3010 4124 3373 4194 progressioiii
3404 4141 3538 4176 con-

2039 4239 2056 4270 ι
2101 4220 2360 4283 sulcntes,
2399 4218 2614 4289 prazsuli
2644 4219 2916 4284 ordinato,
2955 4233 3077 4272 cum
3112 4230 3281 4269 uxore
3311 4217 3541 4286 amplius

2044 4330 2060 4361 ι
2107 4328 2173 4366 ne
2197 4312 2493 4376 cohabitet,
2528 4313 2579 4365 in
2610 4311 2878 4364 mandatis
2918 4311 3127 4364 (lamus.
3169 4327 3186 4359 ι

2039 4405 2270 4471 Quintus
2306 4418 2438 4458 sane
2481 4417 2657 4458 eanon
2708 4402 3036 4470 apostolicus
3084 4415 3181 4455 nec
3230 4400 3541 4468 episcopum

1969 4512 2064 4551 nec
2109 4497 2480 4565 presbyterum
2525 4509 2624 4548 nec
2665 4494 2950 4548 diaconum
2988 4507 3209 4545 uxorem
3255 4507 3404 4545 suam
3457 4507 3541 4545 re-

279 4589 448 4641 ναῖκα
527 4585 797 4655 προφάσει
887 4583 1173 4645 εὐλαϐείας
1243 4582 1527 4635 ἐκϐάλλειν
1577 4583 1857 4652 βούλεται⁴

1899 4618 1938 4674 D
1971 4587 2183 4654 ligionis
2237 4594 2494 4651 praetextu
2549 4583 2745 4652 ejicere
2801 4583 2959 4647 vult;
3010 4583 3103 4635 sed
3155 4591 3208 4635 et
3260 4584 3326 4634 ab
3360 4596 3422 4634 eo
3451 4581 3542 4649 qui

281 4678 422 4731 ἀλλὰ
455 4677 552 4730 καὶ
582 4677 672 4728 τὸν
703 4675 862 4728 τοῦτο
897 4675 1159 4728 ποιοῦντα
1190 4675 1445 4745 ἐπιτιμᾷ,
1472 4680 1567 4729 καὶ
1595 4676 1862 4746 ἀδιόρθω-

282 4792 381 4826 τον
413 4773 645 4841 μένοντα
672 4771 929 4842 καθαιρεῖ
957 4787 972 4803 ο
1011 4765 1168 4833 οὗτος
1212 4770 1272 4824 δὲ
1332 4773 1360 4823 ὁ
1391 4771 1576 4824 κανὼν
1623 4775 1683 4825 οὐ
1729 4791 1865 4842 συγ-

283 4869 458 4935 χωρεῖ
496 4867 609 4927 τοῖς
671 4865 991 4926 ἐπισκόποις
1025 4863 1167 4932 μετά
1205 4862 1306 4934 τὴν
1340 4864 1434 4916 ἐπὶ
1492 4866 1678 4928 αὐτοῖς
1729 4883 1863 4937 προ-

286 4955 554 5009 ελθοῦσαν
606 4957 704 5023 τῆς
779 4954 1091 5023 ἐπισκοπῆς
1140 4956 1485 5026 χειροτονίαν
1529 4960 1649 5020 ταῖς
1704 4958 1865 5023 ίδίαις

289 5049 569 5102 συνοικεῖν
601 5049 896 5115 γαμεταῖς,
928 5047 1028 5099 οὐκ
1059 5047 1146 5100 ἐπ’
1175 5047 1431 5118 ἀθετήσει
1459 5050 1554 5100 καὶ
1579 5052 1862 5120 ἀνατροπῇ

287 5140 402 5193 τῶν
457 5138 832 5192 ἀποστολικῶν
886 5137 1408 5208 νενομοθετημένων
1462 5140 1626 5193 τοῦτο
1674 5143 1869 5210 ποιῶν,

291 5234 434 5286 ἀ).λά
467 5233 565 5300 τῆς
596 5232 872 5302 σωτηρίας
903 5232 999 5284 κοιλ⁴
1029 5232 1130 5300 τῆς
1171 5231 1264 5282 ἐπὶ
1296 5230 1358 5283 τὸ
1385 5234 1638 5301 κρεῖττον
1673 5250 1873 5302 προκο-

293 5328 408 5395 πῆς
430 5326 522 5378 τοῦ
581 5325 710 5377 λαοῦ
757 5323 1231 5394 προμηθούμενος,
1273 5324 1368 5376 καὶ
1417 5324 1510 5377 τοῦ
1561 5325 1636 5396 μὴ
1685 5326 1868 5378 δοῦναι

295 5419 491 5486 μώμάν
511 5435 629 5470 τινα
653 5416 789 5470 κιτά
808 5417 907 5486 τῆς
935 5418 975 5468 ίε
989 5417 1214 5486 ρατικῆς
1233 5418 1642 5483 καταστάσεως.
1671 5421 1872 5474 Πάντα

371 5558 463 5612 ⁷³1
505 5557 632 5610 Cor.
671 5573 725 5618 x,
762 5555 953 5609 ’ὀί-55.
1029 5557 1077 5586 ’δ
1109 5556 1124 5608 1
1155 5557 1283 5610 Cor.
1319 5574 1391 5619 iV,
1425 5557 1508 5610 ιο.

1969 4681 2071 4734 hoc
2108 4678 2302 4732 fecerit
2348 4690 2538 4745 ptenas
2590 4677 2761 4744 petit;
2801 4689 3035 4743 eumque
3093 4675 3136 4726 si
3192 4674 3386 4743 corrigi
3439 4688 3543 4726 non

1970 4784 2168 4845 potest,
2209 4773 2452 4841 deponit.
2491 4771 2589 4825 Hic
2628 4779 2807 4822 autem
2848 4782 3023 4822 canon
3071 4766 3357 4836 episcopis,
3401 4777 3541 4834 post-

1925 4875 1928 4877 ’
1971 4882 2131 4936 quam
2159 4867 2224 4921 ad
2256 4866 2620 4934 episcopatum
2663 4861 2902 4915 ordinati
2931 4869 3078 4924 sunt,
3125 4875 3228 4913 una
3265 4876 3385 4912 eum
3434 4860 3546 4912 suis

1973 4958 2288 5014 cohabitare
2327 4957 2586 5011 uxoribus
2615 4969 2721 5009 non
2756 4954 3061 5024 permittit;
3113 4969 3215 5006 non
3262 4953 3312 5004 in
3359 4968 3544 5005 eorum

1976 5068 2096 5121 qua:
2156 5050 2452 5120 apostolice
2519 5059 2645 5102 sunt
2701 5048 2997 5102 constituta
3069 5056 3434 5111 contemptum
3496 5057 3548 5096 et.

1974 5143 2308 5197 eversionem
2344 5141 2474 5196 illud
2506 5141 2732 5206 faciens,
2781 5141 2874 5195 sed
2918 5141 3097 5210 populi
3147 5138 3338 5192 salutis
3385 5148 3438 5190 et
3483 5139 3547 5190 ad

1978 5236 2200 5289 meliora
2239 5234 2639 5304 progressionis
2672 5248 2860 5287 curam
2910 5247 3124 5300 gerens,
3172 5240 3226 5284 et
3268 5246 3331 5283 ne
3377 5239 3550 5282 status

1979 5327 2332 5381 sacerdotalis
2362 5327 2560 5394 probro
2595 5327 2776 5396 aliquo
2805 5324 3128 5379 afﬁceretur.
3165 5321 3357 5374 Omnia
3389 5321 3547 5380 enim,

1981 5421 2156 5488 inquit
2206 5420 2422 5474 divinus
2480 5419 2792 5490 Apostolus,
2850 5419 2917 5471 ad
2952 5419 3042 5471 Dei
3087 5415 3312 5486 gloriam
3366 5413 3547 5477 facile,

1451 5670 1624 5730 (inill
1645 5717 1658 5728 .
1700 5669 2030 5744 Bcveregii
2069 5682 2255 5731 notae.

370 5798 483 5868 (75)
543 5802 603 5851 Ol
630 5798 745 5867 μὲν
779 5795 889 5864 γὰρ
931 5812 1076 5869 ισως
1108 5813 1208 5848 και
1239 5798 1342 5851 τοῦ
1375 5796 1718 5864 σωφρόνως.
1763 5791 1869 5849 Rcc

1904 5791 1988 5851 ius
2058 5799 2108 5852 in
2184 5796 2372 5852 codice
2440 5798 2875 5854 Amerbachiano
2925 5798 3141 5868 legitur,
3187 5800 3236 5852 οί
3297 5799 3399 5869 μὲν
3443 5799 3552 5869 γὰρ

300 5874 398 5926 καὶ
429 5869 599 5932 οὕτως
632 5871 923 5937 σωφρόνως
953 5868 1229 5936 ζήσονται,
