4240 6442
762 444 863 504 55³9

1994 436 2265 530 ΤΠΕΟΓ).
2313 433 2705 494 ιιιιιςΑιιον

3858 411 3959 479 550

752 552 863 604 sine
889 550 1197 619 offendicula
1232 558 1394 602 estote
1424 558 1469 601 et
1493 547 1694 602 Jurltcis
1741 557 1787 600 et
1813 515 2052 609 ⁸(Σιωοὶς,
2107 559 2154 600 et
2192 547 2292 600 Ec-
2323 548 2370 606 Λ
2398 565 2426 615 γ

2288 548 2370 606 ιΛ
2398 547 2528 615 γὰρ,
2572 545 2736 614 φησὶν
2784 543 2812 593 ὁ
2852 540 2991 601 θεῖος
3046 535 3386 597 Ἀπόστολος,
3436 532 3522 596 είς
3578 527 3766 592 δόξαν
3814 523 3962 581 Θεοῦ

755 646 927 707 desire
963 645 1073 707 Dei,
1101 641 1531 709 quemadmodum
1581 648 1629 693 et
1676 656 1766 708 ego
1797 656 1886 707 per
1929 642 2103 691 omnia
2139 642 2308 692 omni-

755 737 849 787 bus
876 737 1073 800 placeo,
1110 752 1209 787 non
1245 752 1409 788 meam
1439 750 1672 802 quwrens
1704 732 2016 794 utilitatem,
2055 732 2143 784 sed
2179 731 2312 783 mul-

762 836 950 887 torum,
1008 837 1061 878 ut
1127 836 1411 878 serventur.
1445 826 1596 894 171
1631 825 1930 880 lmitatores
1992 825 2091 875 mei
2128 833 2309 884 estote,

761 929 896 971 sicut
957 935 1046 988 ego
1101 912 1216 970 sum
1277 917 1494 972 Christi.
1529 915 1842 985 Episcopum
1863 926 2066 974 autem,
2098 913 2312 982 quihoe

764 1012 973 1074 iecerit,
1028 1021 1082 1064 et
1123 1021 1241 1080 post
1273 1010 1662 1064 ordinationem
1694 1010 1757 1061 ad
1787 1009 2146 1076 episc0patutn
2191 1019 2310 1057 cum

761 1121 855 1157 sua
901 1105 1224 1157 habitaverit
1255 1117 1441 1164 uxore,
1471 1102 1659 1169 ἁθροιιὶ
1687 1101 1854 1169 jubet.

1334 1355 1561 1412 CANON
1597 1354 1737 1410 XIII.

826 1450 1086 1516 Quoniam
1118 1449 1367 1503 Romam:
1396 1426 1644 1500 Ecclesia:
1689 1461 1784 1513 pro
1809 1460 2013 1500 canone
2048 1447 2302 1499 traditum

839 1563 855 1593 ι
893 1557 1020 1597 esse
1048 1541 1414 1608 cognovimus,
1447 1550 1502 1591 ut
1529 1539 1737 1590 diaconi
1769 1538 1853 1613 vel
1884 1536 2203 1606 presbyteri,
2223 1537 2311 1604 qui

839 1652 857 1682 ι
897 1642 956 1685 ιιι
980 1632 1294 1685 ordinentur
1328 1629 1468 1694 digni
1495 1628 2002 1690 existimandi-sunt,
2031 1629 2314 1696 proﬁtean-

840 1741 858 1770 ‹
898 1730 983 1774 tur
1026 1736 1087 1775 se
1115 1735 1222 1774 non
1254 1716 1481 1787 amp‘lius
1532 1717 1647 1770 suis
1679 1719 1936 1770 uxoribus
1981 1718 2312 1787 coniungen-

840 1833 856 1862 ι
902 1813 999 1866 dos
1042 1828 1054 1864 :
1090 1824 1187 1864 nos
1218 1810 1493 1877 antiquum
1527 1823 1786 1862 canonem
1838 1810 2141 1878 apostolicae
2192 1827 2313 1879 per-

838 1899 1139 1955 electionis
1192 1899 1501 1967 ordinisque
1554 1911 1871 1962 servantes,
1931 1901 2204 1954 hominum
2260 1902 2312 1954 in
2344 1885 2386 1944 Β

841 2013 857 2043 ι
900 1992 1070 2047 sacris
1099 1991 1379 2044 ordinibus
1417 1990 1648 2060 legitima
1681 1992 1927 2061 conjugia
1969 1994 2224 2063 deinceps
2249 2010 2313 2048 ex

842 2105 859 2134 ι
901 2085 999 2138 hoc
1030 2085 1284 2152 temporis
1313 2093 1580 2137 momento
1632 2084 1783 2136 ﬁrma
1842 2097 1896 2138 et
1937 2086 2150 2139 stabilia
2197 2101 2316 2140 esse

846 2195 862 2224 ε
903 2176 1168 2240 volumus,
1201 2189 1536 2242 nequaquam
1558 2191 1740 2229 eorum
1768 2190 1886 2228 cum
1917 2175 2172 2231 uxoribus
2192 2192 2318 2230 con-

843 2284 861 2312 t
897 2265 1230 2334 junctiouem
1256 2265 1623 2328 dissolventes,
1655 2265 1733 2317 vel
1752 2280 1844 2319 eos
1870 2274 2053 2319 mutua
2081 2277 2318 2334 tempore

842 2375 860 2406 ι
898 2355 1230 2409 convcnienti
1297 2358 1680 2410 consuetudine
1747 2359 2038 2425 privantes.
2121 2359 2318 2424 Quam-

847 2466 864 2496 ι
905 2446 1090 2498 obrem
1118 2446 1160 2499 si
1191 2446 1311 2514 quis
1331 2448 1516 2514 dignus
1543 2448 1792 2501 inventus
1823 2447 2002 2513 fuerit,
2033 2450 2124 2516 qui
2153 2451 2318 2518 hypo-

843 2555 862 2588 ο
899 2537 1152 2591 diaconus
1180 2539 1262 2591 vel
1293 2540 1550 2592 diaconus
1574 2539 1655 2592 vel
1686 2542 1970 2610 presbyter
2017 2542 2313 2610 ordinetur,

755 2663 758 2666 λ
847 2646 864 2675 ι
908 2628 951 2678 is
986 2628 1047 2679 ad
1083 2627 1240 2681 talem
1280 2632 1501 2696 gradum
1532 2631 1730 2684 assumi
1764 2646 2098 2700 nequaquam
2142 2617 2319 2700 ptiobi-

846 2739 862 2768 ι
903 2719 1114 2784 beatur,
1163 2720 1208 2773 si
1236 2736 1355 2774 cum
1388 2721 1622 2793 legitima
1655 2737 1823 2793 uxore
1861 2723 2152 2778 cohabitet.
2214 2722 2318 2777 Sed

847 2830 862 2859 t
905 2825 1078 2880 neque
1105 2812 1462 2866 ordinationis
1511 2822 1752 2880 tempore
1774 2783 1854 2868 lib
1902 2829 1966 2868 eo
2001 2815 2319 2883 postuletur,

849 2921 864 2950 I
907 2913 962 2954 ut
987 2902 1303 2971 proﬁteatur
1329 2918 1388 2957 se
1424 2919 1456 2957 a
1489 2904 1721 2973 legitima
1752 2919 1871 2958 cum
1900 2921 2066 2960 uxore
2095 2921 2324 2961 consue-

845 3012 864 3041 ι
910 2995 1090 3048 tudine
1110 2994 1475 3053 abstentt'rutn
1511 3015 1523 3048 :
1555 3009 1625 3048 ne
1655 3010 1720 3048 ex
1747 3009 1810 3048 eo
1837 3011 1867 3048 a
1907 2997 2013 3050 Deo
2058 3001 2320 3052 constitu-

780 3115 782 3117 ›
850 3105 864 3133 ‹
913 3096 993 3136 tas
1025 3097 1077 3138 et
1106 3102 1197 3138 sua
1225 3087 1526 3155 praestantia
1561 3088 1870 3141 benedictas
1900 3089 2320 3159 nuptiasinjuria

855 3195 872 3226 ι
917 3175 1125 3230 afﬁcere
1160 3194 1438 3245 cogamur,
1470 3179 1785 3248 Evangelica
1815 3195 1944 3234 voce
1969 3183 2319 3244 exelatnante,

849 3289 866 3316 ιι
910 3265 1039 3330 Qua:
1089 3265 1224 3319 Deus
1268 3268 1564 3333 coniunxit,
1609 3274 1761 3321 Itomo
1817 3285 1878 3322 ne
1924 3282 2123 3337 separet
2158 3271 2236 3327 7‘:
2269 3285 2324 3325 et

855 3377 871 3404 c
915 3359 1169 3424 Apostolo
1200 3363 1443 3425 docente,
1484 3360 1832 3428 llonorabiles
1862 3363 2093 3428 nuptias,
2134 3373 2181 3414 et
2242 3374 2324 3418 to—

851 3467 868 3497 t
911 3465 1024 3499 rum
1054 3450 1445 3502 immaculatum
1476 3450 1522 3480 ⁷⁸
1547 3468 1563 3518 ;
1593 3459 1667 3514 et,
1697 3451 1956 3519 Alligatus
1981 3468 2033 3504 es
2067 3468 2236 3519 uxori,
2266 3471 2326 3507 ne

851 3558 868 3588 ι
912 3555 1084 3608 ᾳιιωτε
1113 3537 1415 3593 solutionem
1437 3540 1505 3593 ⁷⁷.
1534 3541 1743 3595 Scimus
1765 3554 1968 3606 autem,
1999 3554 2140 3598 suout
2162 3554 2212 3597 et
2236 3546 2325 3612 qui

857 3649 871 3678 I
914 3630 1236 3698 Carthagine
1286 3642 1682 3696 convenerunt,
1732 3634 2101 3686 ministrorum
2152 3635 2327 3702 gravi-

850 3739 868 3770 ι
912 3721 1035 3774 tatis
1063 3721 1466 3789 honestatisque
1505 3734 1689 3800 curam
1735 3733 2006 3790 gerentes,
2054 3724 2325 3790 dixerunt,

854 3832 870 3861 ι
915 3823 970 3865 ιιι
1000 3812 1337 3876 subdiaconi,
1376 3813 1467 3881 qui
1498 3811 1652 3866 sacra
1687 3815 1936 3883 mysteria
1972 3825 2328 3878 contrectant,

861 3923 879 3954 ι
922 3915 975 3957 ct
1025 3905 1234 3958 diaconi
1282 3914 1338 3958 et
1388 3905 1709 3974 presbyteri,
1744 3907 1977 3975 propriis
2031 3909 2330 3963 tertninisa

856 4017 872 4046 ι
911 3997 1250 4050 consortibus
1286 3998 1612 4050 abstineant.
1648 3995 1716 4051 Ut
1745 4007 1799 4050 et
1837 3999 1976 4065 quod
2000 4012 2092 4068 per
2124 4011 2334 4067 aposto-

857 4109 874 4138 t
918 4090 993 4141 los
1030 4089 1277 4154 traditum
1304 4099 1409 4155 est,
1442 4100 1496 4143 et
1524 4091 1589 4144 ab
1630 4091 1746 4159 ipsa
1793 4106 1967 4159 usque
2015 4093 2337 4162 antiquitate

863 4198 881 4228 ι
924 4190 1226 4243 servatum,
1285 4194 1381 4233 nos
1437 4195 1649 4247 quoque
1711 4180 1958 4234 similiter
2020 4196 2333 4246 servemus,

858 4291 874 4317 ι
915 4283 1123 4337 tempus
1152 4271 1203 4321 in
1236 4271 1378 4322 omni
1409 4286 1465 4324 re
1497 4271 1752 4334 scientes,
1783 4282 1838 4324 et
1880 4273 2109 4326 maxime
2163 4273 2212 4324 in
2258 4272 2338 4339 je-

861 4381 878 4410 ι
915 4362 1066 4427 junio
1088 4371 1134 4413 et
1168 4363 1424 4414 oratione.
1461 4359 1685 4429 Oportet
1716 4362 1857 4414 enim
1895 4376 1988 4416 eos
2023 4363 2111 4430 qui
2159 4363 2338 4416 divino

859 4471 875 4499 ι
922 4451 1075 4502 altari
1134 4451 1408 4513 assident,
1461 4450 1515 4502 iu
1573 4460 1883 4504 sanctorum
1939 4451 2338 4504 tractandorum

860 4566 876 4594 ι
917 4553 1161 4612 tempore
1191 4557 1311 4596 esse
1344 4541 1566 4594 omnim)
1612 4542 1975 4607 continentes,
2029 4553 2084 4594 ut
2133 4545 2339 4610 pos-sint
2369 4545 2416 4602 Ι)

859 4655 876 4686 ι
916 4636 988 4697 id,
1018 4635 1161 4702 quod
1209 4651 1237 4685 a
1285 4631 1392 4686 Deo
1437 4632 1757 4699 simpliciter
1803 4642 2012 4702 petunt,
2070 4635 2336 4692 obtinere.

862 4745 878 4775 t
923 4727 981 4778 Si
1015 4729 1136 4793 quis
1160 4740 1288 4791 ergo
1315 4733 1508 4790 praeter
1540 4724 1860 4791 apostolicos
1903 4739 2158 4786 canones,
2208 4707 2342 4776 ιιῗει-

861 4836 879 4868 ι
922 4828 1063 4869 tatus
1107 4818 1177 4868 sit
1227 4816 1462 4879 aliquem
1515 4830 1698 4868 eorum
1747 4817 1838 4884 qui
1869 4825 1994 4869 sunt
2045 4817 2097 4868 in
2147 4818 2341 4879 Sacris,

869 4928 887 4960 ι
925 4909 1387 4977 presbyterorum,
1431 4909 1725 4975 inquimus,
1761 4908 1842 4960 vel
1870 4907 2217 4961 diaconorunt
2260 4908 2343 4961 vel

861 5018 879 5049 ι
925 4999 1419 5067 hypodiaconorutn
1471 4999 1852 5065 conjunctione
1913 5013 2035 5052 cum
2105 4991 2356 5067 legitima'

864 5111 882 5142 ι
921 5106 1086 5144 uxore
1113 5102 1167 5144 et
1199 5091 1589 5144 consuetudine
1621 5092 1856 5158 privare,
1886 5091 2209 5159 deponatur.
2258 5090 2344 5142 Si-

868 5203 884 5234 ι
926 5183 1129 5237 mililer
1158 5194 1210 5236 et
1246 5185 1291 5236 si
1327 5181 1448 5249 quis
1479 5183 1757 5250 presbyter
1801 5180 1883 5233 vel
1914 5181 2169 5234 diaconus
2198 5195 2346 5232 suam

863 5293 880 5324 ι
917 5288 1136 5328 uxorem
1169 5273 1386 5341 pietatis
1422 5282 1683 5341 praetextu
1716 5270 1958 5339 ejecerit,
1996 5277 2304 5338 segregetur
2333 5285 2346 5320 :

865 5383 883 5415 ι
922 5378 976 5418 et
1007 5366 1050 5419 si
1086 5374 1414 5431 perseveret,
1448 5367 1763 5432 deponatur.
1800 5380 1818 5412 ι
2278 5365 2285 5379 ⁸

872 5817 919 5848 ’⁸
952 5817 1135 5872 Matth.
1183 5834 1297 5884 nx,
1330 5821 1380 5872 θ.
1460 5822 1501 5853 ⁷⁸
1535 5818 1696 5876 Ichr.
1733 5838 1847 5889 xm,
1878 5822 1927 5874 4.

2415 640 2649 699 ποιεῖτε,
2700 635 3073 702 ἀπρόσκοποι
3109 632 3349 698 γίνεσθε
3376 625 3472 678 καὶ
3504 622 3807 683 Ἰουδαίοις
3861 619 3957 669 καί

2413 732 2676 795 Ἕλλησι
2700 729 2794 781 καὶ
2824 724 2897 794 τῇ
2947 722 3270 787 Ἐκκλησία
3303 718 3407 771 τοῦ
3442 715 3608 777 Θεοῦ,
3637 710 3830 775 καθὼς
3853 709 3967 776 ἐγὼ

2412 819 2607 902 πάντα
2657 816 2843 870 πᾶσιν
2912 813 3167 882 ἀρέσκω.
3224 811 3307 902 μὴ
3363 806 3548 874 ζητῶν
3705 801 3966 902 eguerat)

2412 896 2749 978 συμφέρον,
2768 907 2924 961 ἀλλὰ
2945 902 3061 958 τῶν
3086 901 3349 964 πολλῶν,
3378 901 3476 952 ἵνα
3498 896 3752 951 σωθῶσι.
3777 897 3936 960 Mign
3952 921 3967 931 -

2412 1003 2507 1054 ταί
2520 1018 2638 1069 μου
2659 1002 2918 1067 γίνεσθε,
2949 997 3143 1059 καθὼς
3163 995 3277 1063 ἐγὼ
3301 989 3581 1060 Χριστοῦ.
3600 989 3700 1040 Ἰδν
3729 987 3786 1039 δὲ
3814 983 3971 1036 τοῦτο

2412 1093 2725 1162 πράσσοντα
2752 1091 3070 1152 ἐπίσκοπον,
3104 1089 3198 1140 καὶ
3222 1086 3358 1155 μετά
3386 1083 3485 1151 τὴν
3511 1079 3845 1150 χειροτονίαν
3873 1075 3972 1142 τῆς

2412 1184 2721 1251 ἐπισκοπῆς
2755 1185 2819 1251 τῇ
2866 1183 2975 1252 ίδίᾳ
3023 1182 3234 1250 γαμετῇ
3265 1175 3634 1238 συνοικοῦντα,
3684 1173 3972 1243 καθαιρεῖ-

2416 1277 2544 1330 σθαι
2568 1277 2915 1345 προστάττει.

3003 1364 3236 1417 ιιΑΝιιΝ
3284 1361 3380 1416 ιιν.
3458 1346 3468 1355 ’

2419 1479 2435 1512 ι
2491 1458 2706 1528 Ἐπειδὴ
2735 1461 2791 1510 ὲν
2833 1461 2898 1526 τῇ
2937 1457 3221 1526 Ῥωμαίων
3265 1455 3558 1524 Ἐκκλησία
3590 1455 3647 1506 ὲν
3678 1453 3830 1516 τάξει
3874 1468 3974 1503 κα-

2488 1569 2506 1600 (
2551 1551 2698 1610 νόνος
2738 1549 3134 1618 παραδεδόσθαι
3185 1548 3484 1615 διέγνωμεν
3525 1546 3648 1607 τοὺς
3683 1546 3975 1612 μέλλοντας

2490 1661 2508 1692 ι
2556 1643 2806 1694 διακόνου
2843 1641 2873 1707 ἢ
2911 1641 3278 1710 πρεσϐυτέρου
3319 1637 3652 1709 χειροτονίας
3690 1635 3975 1701 ἀξιοῦσθαι

2490 1750 2508 1782 ι
2558 1731 2945 1799 καθομολογεῖν
2975 1731 3048 1793 ὼς
3081 1730 3262 1784 οὐκέτι
3307 1732 3425 1790 ταῖς
3456 1727 3636 1782 αὐτῶν
3673 1727 3975 1778 συνάπτον-

2492 1843 2509 1872 ι
2555 1841 2644 1876 ται
2700 1825 3000 1893 γαμεταῖς’
3053 1825 3215 1891 ἡμεῖς
3270 1821 3346 1892 τῷ
3398 1820 3611 1890 ἀρχαίῳ
3690 1818 3978 1883 ἐξακολουο

2493 1935 2509 1965 ι
2563 1915 2782 1979 θοῦντες
2812 1915 2999 1967 κανόνι
3043 1915 3139 1984 τῆς
3166 1912 3525 1981 ἀποστολικῆς
3568 1909 3856 1980 ἀκριδείας
3886 1908 3980 1960 καὶ

2496 2026 2514 2056 ι
2569 2005 2775 2072 τάξεως
2837 2007 2906 2060 τὰ
2963 2006 3069 2059 τῶν
3118 2005 3282 2076 ἱερῶν
3333 2003 3543 2074 ἀνδρῶν
3589 2001 3729 2054 κατὰ
3783 1999 3980 2068 νόμους

2493 2117 2509 2148 ι
2562 2098 2870 2151 συνοικέσια
2920 2098 3013 2150 καὶΙ
3058 2097 3164 2149 ἀπὸ
3215 2095 3306 2147 τοῦ
3339 2094 3433 2146 νῦν
3481 2090 3759 2163 ἐρρῶσθαι
3799 2088 3982 2158 βουλό-

2498 2205 2515 2236 t
2564 2186 2727 2252 μεθα,
2762 2186 3026 2257 μηδαμῶς
3051 2185 3230 2238 αῦτῶν
3256 2185 3352 2254 τὴν
3395 2183 3529 2253 πρὸς
3569 2183 3820 2250 γαμετὰς
3859 2197 3980 2254 ςυν-

2495 2299 2511 2330 ι
2560 2279 2754 2346 ἀφειαν
2788 2278 3114 2343 διαλύοντες,
3146 2279 3179 2346 ἢ
3210 2274 3632 2345 ἀποστεροῦντες
3661 2273 3857 2334 αὐτοὺς
3885 2272 3980 2337 τῆς

2497 2393 2514 2423 ι
2562 2373 2696 2444 πρὸς
2746 2372 3006 2441 ἀλλήλους
3057 2371 3200 2423 κατὰ
3252 2368 3443 2436 καιρὸν
3490 2368 3582 2418 τὸν
3635 2366 3983 2433 προσήκοντα

2495 2484 2512 2515 ι
2557 2465 2770 2534 ὁμιλίας
2792 2481 2804 2493 ⁸
2825 2463 2986 2526 ὥστε,
3005 2463 3056 2514 εἴ
3083 2480 3166 2525 τις
3199 2461 3344 2524 ἄξιος
3371 2459 3618 2528 εὑρεθείη
3640 2457 3778 2526 πρὸς
3804 2472 3983 2523 χειρο-

2495 2576 2512 2608 ι
2558 2558 2739 2610 τονίαν
2780 2555 3127 2608 ύποδιακόνου
3157 2554 3190 2623 ἢ
3224 2551 3471 2605 διακόνου
3501 2550 3533 2620 ἣ
3575 2548 3980 2618 πρεσϐυτέρου,

2496 2667 2513 2698 ι
2557 2644 2710 2709 οὗτος
2754 2648 3016 2717 μηδαμῶς
3056 2644 3346 2698 κωλυέσθω
3386 2645 3478 2695 ἐπὶ
3508 2641 3748 2694 τοιοῦτον
3780 2638 3984 2707 βαθμὸν

2499 2761 2516 2792 ι
2561 2739 2972 2808 ὲμδιϐἁξεσθαι,
3007 2741 3217 2808 γαμετῇ
3252 2726 3510 2789 συνοίκῶν
3561 2732 3811 2800 νομίμῳ·
3851 2733 3984 2797 μήτε

2497 2853 2514 2883 ι
2567 2835 2675 2902 μὴν
2706 2836 2762 2884 ὲν
2801 2833 2878 2903 τῷ
2920 2834 3018 2900 τῆς
3065 2830 3394 2900 χειροτονίας
3425 2825 3602 2895 καιρῷ
3651 2820 3986 2876 ἀπαιτείσθω

2499 2943 2518 2972 ιι
2562 2915 2871 2991 ὁμολλογεῖν
2889 2924 2962 2984 ὡς
2978 2911 3344 2991 ἀποστήσεται
3361 2920 3467 2972 ἀπὸ
3487 2919 3585 2986 τῆς
3603 2915 3834 2984 νομίμου
3857 2914 3988 2979 πρὸς

2501 3034 2518 3065 ι
2567 3014 2667 3083 τὴν
2697 3014 2914 3070 οἰκείαν1
2947 3012 3193 3082 γαμετὴν
3229 3010 3473 3080 ὁμιλίαςο
3516 3009 3601 3060 ἵνα
3633 3011 3706 3076 μὴ
3741 3006 3988 3058 ἐντεῦθεν

2510 3124 2522 3157 ι
2573 3105 2658 3157 τὸν
2685 3107 2748 3156 ἐκ
2780 3103 2916 3155 Θεοῦ
2959 3101 3425 3172 νομοθετηθέντα,
3487 3100 3582 3152 καὶ
3629 3097 3990 3165 εὐλογηθέντα

2504 3214 2522 3246 ι
2567 3198 2630 3265 τῇ
2663 3194 2825 3248 αὑτοῦ
2873 3194 3143 3263 παρουσία
3187 3195 3380 3262 γάμον,
3427 3190 3773 3257 καθυδρίζειν
3805 3188 3992 3254 ἐκδιη-

2500 3302 2517 3334 ι
2566 3285 2822 3354 σθῶμεν,
2874 3287 2972 3355 τῆς
3023 3284 3117 3338 τοῦ
3157 3284 3488 3352 Εὑαγγελίου
3533 3281 3716 3368 ξωνῆς
3762 3279 3989 3368 ﬁctum?

2503 3391 2522 3425 ε
2574 3377 2635 3431 Ἀ
2669 3379 2702 3428 ὀ
2743 3376 2884 3458 Θειξς
2915 3372 3175 3438 ἔζευξεν,
3212 3373 3523 3440 ἄνθρωπος
3550 3367 3642 3440 fuit
3692 3367 3989 3437 χωριζέτω.

2503 3488 2522 3521 ι
2566 3470 2674 3523 Καὶ
2694 3468 2788 3520 τοῦ
2815 3468 3136 3521 Ἀποστόλου
3158 3467 3520 3526 διδάσκοντος⁸
3552 3466 3748 3532 Τίμιον
3769 3466 3866 3514 τὸν
3896 3461 3994 3526 τά·

2503 3579 2521 3611 ι
2562 3577 2698 3630 μον,
2737 3561 2833 3613 καὶ
2869 3560 2981 3624 τὴν
3009 3560 3216 3625 κοίτην
3238 3559 3528 3627 ἀμίαντον
3554 3572 3568 3586 °
3604 3557 3698 3608 καὶ
3751 3555 3991 3606 Δέδεσαι

2503 3673 2520 3705 ι
2564 3653 2820 3722 γυναικὶ,
2856 3654 2941 3722 μὴ
2975 3651 3127 3717 ζήτει
3178 3653 3383 3705 λύσιν.
3445 3652 3631 3719 Ἴσμεν
3675 3651 3752 3712 δὲ,
3811 3648 3996 3713 ῶσπερ

2507 3764 2523 3795 ι
2571 3747 2663 3797 καὶ
2711 3745 2759 3796 0i
2805 3747 2859 3795 ἐν
2899 3743 3225 3813 Καρθαγένῃ
3268 3741 3642 3804 συνελθόντες,
3677 3742 3773 3808 τῆς
3808 3742 3864 3791 ἐν
3902 3741 3997 3806 βίῳ

2509 3854 2526 3885 ι
2575 3837 2900 3904 σεμνότητος
2919 3835 3027 3885 τῶν
3056 3833 3390 3902 λειτουργῶν
3413 3832 3684 3899 τιθέμενοι
3719 3833 3996 3899 πρόνοιαν,

2509 3943 2525 3973 ι
2573 3923 2803 3991 ἔφασαν,
2845 3923 2984 3974 ὥστε
3018 3924 3144 3983 τοὺς
3185 3921 3592 3985 ὑποδιακόνους,
3623 3921 3748 3980 τοὺς
3780 3922 3848 3972 τὰ
3886 3922 4002 3986 ἱερὰ.

2510 4037 2526 4066 ι
2577 4017 2848 4084 μυστήρια
2875 4015 3265 4084 ψηλαφῶντας,
3301 4015 3394 4066 καὶ
3427 4014 3551 4075 τοὺς
3585 4013 3874 4074 διακόνους
3912 4017 4003 4062 καὶ

2511 4127 2528 4157 ι
2576 4107 3001 4177 πρεσδυτέρους,
3020 4106 3296 4171 statui-iob;
3321 4105 3483 4183 ἰδίους
3497 4106 3680 4173 ὅρους,
3699 4107 3795 4156 καὶ
3815 4106 3877 4155 ὲκ
3899 4105 4004 4155 τῶν

2510 4220 2526 4248 t
2587 4201 2828 4268 συμείων
2876 4199 3333 4270 ὲγκρατεύεσθαιο
3391 4198 3476 4250 ἵνα
3531 4198 3620 4249 καὶ
3665 4197 3723 4248 τὸ
3759 4197 3847 4249 διὰ
3898 4197 4005 4261 τῶγ

2516 4311 2533 4342 ι
2578 4290 2894 4342 ἀποστόλων
2940 4290 3240 4358 παραδοθὲν
3299 4288 3391 4340 κα)⁸
3442 4287 3502 4351 ἐξ
3551 4286 3720 4353 αὐτῆς
3771 4287 3872 4353 τῆς
3913 4288 4006 4354 dp-

2517 4402 2534 4433 ι
2580 4383 2862 4452 χαιότητος
2906 4381 3176 4451 κρατηθὲν
3211 4380 3305 4433 καὶ
3346 4382 3508 4448 ἡμεῖς
3527 4379 3730 4446 ’ὁμοίως
3762 4378 4007 4445 φυλάξω-

2517 4493 2533 4524 ι
2584 4492 2704 4542 μεν,
2748 4475 2935 4544 καιρὸν
2982 4475 3073 4526 ἐπὶ
3121 4472 3323 4534 παντὸς
3358 4473 3710 4539 ἐπιστάμενοι
3747 4472 4033 4546 πρᾶγμα-ί

2517 4582 2536 4614 ι
2581 4581 2701 4624 τος,
2762 4565 2857 4614 καὶ
2915 4562 3145 4630 μάλιστα
3203 4561 3458 4628 νηστείας
3509 4561 3622 4612 ’καὶ
3673 4564 4006 4629 προσευχῆς.

2517 4674 2534 4704 ι
2582 4655 2700 4723 Χρὴ
2729 4656 2836 4724 γὰρ
2857 4654 2994 4723 ,τοὺς
3027 4653 3103 4721 τῷ
3148 4652 3515 4720 θυσιαστηρίῳ
3547 4651 4008 4720 προσεδρεύοντας

2515 4765 2532 4796 ι
2581 4748 2638 4798 ὲν
2681 4746 2759 4815 τῷ
2813 4746 2989 4816 καιρῷ
3036 4746 3134 4814 τῆς
3179 4745 3286 4797 τῶν
3333 4745 3528 4814 Ἀγίων
3577 4746 4010 4813 μεταχειρίσεως

2520 4855 2538 4888 ι
2589 4837 2875 4906 ἐγκρατεῖς
2915 4832 3055 4888 εἶναι
3092 4838 3148 4888 ὲν
3204 4837 3390 4900 πᾶσιν,
3426 4837 3574 4898 ὅπως
3624 4837 3956 4905 δυνηθῶσιν,
3990 4837 4012 4887 δ

2516 4948 2539 4981 ί
2573 4922 2739 4998 ’παρά
2780 4927 2875 4982 τοῦ
2915 4928 3050 4981 Θεοῦ
3083 4929 3267 4992 ἁπλῶς
3301 4930 3566 4991 αἰτοῦσιν,
3616 4931 3920 4999 ἐπιτυχεῖν.
3960 4932 4018 4984 ΕΞ

2523 5040 2541 5072 ι
2586 5038 2668 5083 τις
2716 5021 2807 5074 οὖν
2843 5022 3126 5090 τολμήσοι,
3159 5024 3307 5091 παρά
3346 5015 3472 5084 τοὺς
3495 5025 3892 5086 ἀποστολικοίις
3925 5043 4016 5076 κα-

2523 5130 2540 5162 ι
2588 5111 2743 5174 νόνας
2773 5111 3109 5181 κινούμενος,
3156 5114 3307 5175 τινας
3345 5114 3450 5164 τῶν
3494 5116 3830 5182 ἱερωμένων,
3887 5123 4014 5186 π’ρε-

2525 5225 2542 5256 t
2589 5206 2888 5275 σϐυτέρων,
2924 5207 3124 5274 φαμὲν,
3254 5207 3575 5277 διακόνωνῆ
3625 5207 4014 5275 ύποδιακόνων,

2527 5317 2545 5348 ι
2590 5299 2911 5366 ἀποστερεῖν
2941 5298 3036 5365 τῆς
3065 5297 3199 5368 πρὸς
3232 5300 3330 5366 τὴν
3364 5299 3594 5368 νόμιμον
3621 5303 3858 5366 γυναῖκα
3899 5317 4017 5352 συν·

2534 5408 2552 5439 ι
2604 5389 2800 5456 αφείας
2834 5405 2890 5440 τε
2925 5390 3018 5439 καὶ
3058 5389 3363 5451 κοινωνίας,
3403 5391 3809 5458 καθαιρείσθω·
3842 5393 4019 5445 ὡσαύ-

2532 5499 2551 5532 ι
2597 5497 2704 5543 τως
2755 5481 2846 5532 καὶ
2901 5482 2952 5532 εἴ
2999 5496 3080 5540 τις
3126 5480 3489 5548 πρεσϐύτερος
3544 5482 3576 5551 ἣ
3631 5483 3883 5548 διάκονος
3927 5485 4018 5555 τὴν

2533 5589 2550 5621 t
2594 5569 2787 5622 ἑαυτοῦ
2833 5573 3063 5637 γυναῖκα
3098 5573 3368 5639 προφάσει
3411 5573 3696 5636 εὐλαδείας
3729 5576 4015 5640 ἐκϐάλλει,

2534 5680 2552 5712 ι
2601 5661 2964 5731 ἀφοριςὲσθω·
3002 5663 3274 5731 ἐπιμένων
3307 5663 3384 5726 δὲ,
3417 5664 3808 5734 καθαιρείσθω.

2473 4180 2494 4207 δ

2007 5823 2049 5853 "7
2095 5822 2256 5876 ICor.
2293 5837 2382 5885 vn,
2420 5819 2510 5873 27.
