4240 6442
781 442 884 505 563

2026 428 2298 492 THEOD.
2329 429 2728 489 BALSAMON

3900 413 4000 476 564

781 560 953 615 ratus,
1006 557 1095 606 aut
1147 551 1479 612 diaconatus,
1529 553 1621 600 aut
1668 544 2094 601 subdiaconatus
2141 542 2404 600 ordineA

2395 576 2404 599 ι
2430 540 2796 612 πρεσϐυτέρου
2819 539 3152 612 ῆδιακόνουῆ
3173 537 3524 594 ὑποδιακόνου
3545 533 3685 604 εχων
3695 529 3930 600 γυναῖκα
3941 530 4002 578 οὐ

780 644 999 714 dignum
1040 643 1296 714 pmbeat,
1357 641 1501 711 eligi,
1553 640 1797 709 quamvis
1846 638 1998 693 uxori
2030 637 2326 706 alligatum,

779 735 928 790 nulla
967 751 1028 789 ex
1059 749 1123 788 eo
1154 733 1369 788 divortii
1409 732 1656 800 imposita
1693 731 2016 786 necessitate
2060 727 2329 783 hominem

774 827 965 880 licebit
994 843 1007 878 :
1049 841 1114 879 ne
1141 825 1338 894 alioqui
1381 823 1617 892 nuptias,
1651 837 1785 893 quas
1836 829 1892 877 et
1927 837 2023 876 suo
2055 821 2167 890 ipse
2196 833 2331 872 con-

783 926 969 987 spectu
1030 916 1290 970 Dominus
1346 915 1670 976 honestavit,
1719 926 1774 968 et
1808 912 2082 968 miraculis
2133 911 2332 965 ibidem

780 1011 939 1064 editis
990 1009 1352 1071 consecravit,
1399 1008 1704 1076 improbare
1749 1006 2046 1060 videamur.
2093 1004 2332 1071 Quarum

788 1103 1004 1170 quidem
1037 1103 1196 1155 etiam
1226 1102 1595 1164 sanctitatem,
1631 1098 1751 1154 aliis
1792 1113 2009 1169 quoque
2058 1112 2334 1152 sacrarum

787 1193 1112 1246 Litterarum
1159 1191 1494 1254 testimoniis,
1530 1204 1768 1244 asserere
1819 1190 2084 1243 nituntur.
2135 1186 2338 1243 Deinde

784 1285 930 1354 quod
984 1284 1036 1336 in
1076 1282 1379 1336 connubiali
1436 1280 1623 1351 copula
1654 1280 1926 1359 _temporis
1971 1279 2234 1333 rationem
2272 1280 2340 1334 ab

785 1377 1010 1430 initiatis
1039 1376 1337 1442 habendam
1371 1388 1491 1428 esse
1523 1382 1680 1426 antea
1713 1373 1918 1428 dictum
1953 1380 2052 1436 est,
2081 1372 2133 1426 id
2174 1388 2338 1435 nunc,

787 1466 950 1518 allato
979 1459 1168 1534 syno'di
1195 1459 1644 1534 Cartha'ginensis
1674 1465 1912 1527 decreto,
1943 1461 2102 1530 quale
2142 1464 2213 1515 sit
2241 1475 2339 1516 ex-

787 1557 1034 1627 plicant:
1075 1573 1182 1629 quo
1214 1557 1423 1612 scilicet
1469 1559 1664 1626 quibus
1706 1558 2111 1611 tractandarum
2162 1569 2341 1609 rerum

787 1665 1065 1705 sacrarum
1119 1666 1249 1705 cura
1310 1651 1635 1706 demandata
1684 1658 1790 1714 est,
1851 1663 1946 1720 per
1995 1649 2143 1704 vices
2193 1662 2342 1709 suas,

785 1746 1186 1813 constitutaque
1215 1744 1351 1815 ipsis
1386 1743 1548 1797 divini
1578 1743 1862 1798 ministerii
1886 1750 2148 1810 tempora,
2177 1740 2345 1794 absti-

793 1851 920 1889 nere
952 1835 1019 1888 ab
1060 1850 1288 1889 uxorum
1330 1835 1654 1905 contagione
1692 1833 1977 1902 jubentur.
2006 1831 2155 1897 Quod
2200 1830 2341 1884 idem

791 1926 1145 1980 Alexandrini
1179 1941 1395 1997 quoque
1426 1925 1816 1994 archiepiscopi
1850 1923 2090 1993 Dionysii
2139 1937 2344 1977 canone

790 2019 951 2072 tertio
1000 2019 1265 2074 sancitum
1326 2028 1431 2073 est.
1483 2018 1634 2084 Quod
1685 2017 1730 2071 si
1779 2016 1869 2086 qui
1901 2015 2247 2069 nihilominus
2277 2013 2344 2068 ab

791 2112 975 2165 uxoris
1007 2112 1262 2180 legitimas
1301 2111 1732 2175 consociatione,
1777 2119 1828 2164 et
1871 2109 2218 2170 commercio,
2253 2123 2343 2161 sa-

787 2204 1062 2268 cerdotes,
1097 2213 1188 2256 aut
1216 2203 1496 2268 diaconos,
1539 2213 1631 2256 aut
1670 2202 2068 2270 hypodiaconos
2117 2209 2346 2256 conetur

789 2296 1081 2359 abducere,
1121 2296 1494 2365 depositionis,
1525 2311 1642 2362 qua)
1694 2294 1927 2347 maxima
1977 2308 2097 2348 esse
2145 2303 2343 2361 potest,

789 2389 992 2443 homini
1026 2405 1237 2459 poenam
1271 2389 1459 2443 Patres
1506 2389 1847 2443 denuntiant.
1897 2387 2004 2441 Sed
2049 2400 2145 2441 nec
2176 2386 2346 2441 sacris

789 2481 1068 2536 ordinibus
1101 2481 1347 2544 initiatis,
1376 2496 1512 2550 quos
1546 2479 1805 2544 diximus,
1845 2492 2040 2533 uxores
2072 2493 2198 2532 suas
2227 2477 2348 2532 reli-

789 2573 963 2638 gionis
1009 2573 1234 2627 obtentu
1293 2573 1578 2642 repudiare
1622 2572 1965 2641 permissum,
1996 2568 2126 2636 quin
2165 2581 2346 2634 segre-

788 2665 902 2730 gari
955 2664 1129 2730 primo
1161 2705 1175 2726 ,
1226 2665 1272 2718 si
1309 2663 1359 2717 id
1398 2663 1655 2727 fecerint,
1686 2675 1749 2715 ac
1779 2660 1877 2715 nisi
1911 2669 2094 2730 postea
2144 2666 2346 2710 mutata

793 2755 1064 2808 sententia
1095 2753 1306 2808 easdem
1350 2753 1684 2817 reduxerim,
1718 2765 1810 2807 eos
1841 2750 2034 2820 deponi
2088 2756 2345 2816 pneterea

783 2845 995 2913 jttbent.

789 2936 1013 2991 ARIST.
1056 2955 1074 2987 ι
1115 2937 1334 2992 Etiamsi
1370 2936 1595 2990 Romani
1630 2952 1775 2999 eum,
1813 2937 1899 3002 qui
1951 2921 2209 2990 diaconus
2265 2932 2348 2986 vel

868 3047 886 3078 ι
934 3030 1216 3099 presbyter
1244 3030 1521 3084 ordinatus
1550 3039 1652 3092 est,
1687 3042 1910 3082 uxorem
1962 3042 2113 3082 suam
2169 3024 2352 3078 dimit-

868 3138 888 3170 ι
931 3130 1042 3174 tere
1060 3122 1242 3186 velint,
1265 3137 1359 3175 nos
1381 3131 1555 3175 tamen
1575 3120 1919 3175 diaconorum
1937 3128 1988 3173 et
2008 3116 2349 3187 presbytero-

867 3231 885 3262 ι
929 3229 1044 3266 rum
1077 3213 1320 3281 conjugia
1342 3213 1751 3281 rata,ﬁrmaque
1774 3224 1988 3264 manere
2011 3209 2276 3266 volumus,
2322 3223 2341 3256 ι
2371 3215 2417 3276 C

866 3303 932 3356 Et
964 3304 1006 3356 si
1035 3303 1088 3356 in
1144 3303 1383 3356 Ecclesia
1427 3301 1584 3354 Rom.
1621 3312 1676 3353 ut
1730 3301 1781 3354 in
1829 3317 1953 3355 can.
2013 3299 2203 3353 ordine
2248 3298 2349 3351 hoc

792 3394 1052 3456 obtinuit,
1083 3404 1142 3448 ut
1167 3397 1255 3463 qui
1295 3396 1360 3447 ad
1397 3395 1834 3463 presbyteratum
1864 3401 1956 3445 aut
2006 3391 2347 3442 diaconatutn
2385 3401 2418 3419 θ’

2395 3401 2418 3419 ν’
2451 3383 2706 3445 κανόνος,
2734 3379 2921 3448 κρατεῖ
2947 3377 3005 3427 τδ
3035 3373 3127 3425 τὸν
3161 3370 3425 3441 μέλλοντα

791 3499 875 3541 est
905 3489 1299 3555 promovendus
1328 3495 1453 3542 ante
1480 3487 1881 3539 ordinationem
1918 3481 2256 3545 conﬁteatur,
2292 3495 2351 3535 se

793 3594 898 3632 non
928 3579 1158 3645 amplius
1189 3580 1339 3632 uxori
1386 3594 1494 3632 suae
1526 3577 1808 3645 conjungi,
1859 3573 1953 3627 sed
1984 3586 2197 3626 omnem
2230 3585 2350 3623 cum

792 3687 854 3722 ea
890 3673 1325 3739 congressionem
1362 3669 1653 3723 dissolvere
1687 3686 1699 3721 :
1741 3675 1940 3727 tamen,
1969 3673 2027 3717 ut
2055 3677 2246 3730 evang.
2301 3671 2355 3714 et

796 3766 970 3830 apost'.
1021 3780 1164 3818 cura:
1213 3764 1568 3824 contrarium,
1602 3762 1669 3814 ab
1707 3760 1808 3812 hoc
1838 3773 1961 3812 can.
2011 3771 2116 3809 non
2158 3753 2354 3807 admit-

794 3858 942 3919 titur,
983 3856 1071 3922 qui
1103 3856 1318 3923 quidem
1350 3853 1598 3909 decernit
1636 3852 1982 3921 presbyteros
2023 3859 2076 3903 et
2103 3849 2356 3902 diaconos

795 3950 1046 4017 coniugia
1074 3964 1167 4003 sua
1210 3950 1448 4018 legitime
1495 3948 1627 4002 inita
1671 3959 2009 4014 nequaquam
2040 3943 2354 4003 dissolvere,

799 4037 955 4106 173
972 4037 1062 4092 sed
1076 4053 1194 4091 cum
1211 4038 1466 4091 uxoribus
1482 4037 1591 4090 suis
1603 4035 2030 4104 coniunctionem
2046 4032 2355 4094 observare,

797 4145 827 4183 a
851 4131 1242 4185 consuetudine
1259 4141 1435 4184 autem
1463 4145 1585 4184 cum
1604 4130 1669 4182 iis
1687 4128 1958 4182 abstinere
1980 4137 2218 4194 tempore
2233 4139 2361 4177 con-

803 4220 1057 4281 reuienti,
1079 4220 1178 4272 hoc
1206 4227 1306 4282 est,
1325 4217 1573 4286 injejunii
1594 4225 1936 4271 etsacrorum
1959 4212 2358 4266 tractandorum

801 4323 1061 4377 tempore;
1083 4310 1362 4377 ut'possint
1384 4309 1609 4378 id,qund
1634 4324 1662 4361 a
1684 4308 1791 4362 Deo
1812 4305 2128 4372 simpliciter
2154 4312 2361 4373 petunt,

797 4401 1064 4454 obtinere.
1087 4401 1136 4455 ls
1151 4411 1329 4456 autem
1347 4403 1436 4470 qui
1461 4401 1676 4470 pietatis
1691 4391 1888 4468 prar‘tex
1901 4407 1952 4449 tu
1971 4411 2194 4451 uxorem
2211 4409 2362 4448 suam

797 4492 994 4558 ejicere
1023 4507 1303 4561 aggressus
1320 4501 1423 4553 est,
1441 4498 1753 4559 segregatur
1773 4530 1787 4553 ,
1806 4497 1858 4540 et
1885 4488 1930 4541 si
1951 4481 2362 4540 inemendabilis

2433 633 2801 703 κωλυθήσεται
2829 635 2926 703 τῆς
2957 629 3585 704 τοιαύτης-χειροτονίας,
3615 624 3739 678 οὔτε
3767 623 4002 683 ἀπαιτη-

2434 724 2657 792 οήσεται
2684 725 3012 794 ὁμολογῆσαι
3031 724 3106 786 ὡς
3142 724 3508 793 ἀποστήσεται
3532 720 3626 786 τῆς
3643 715 3779 784 πρὸς
3798 713 3896 780 τὴν
3929 712 4002 762 οἰ-

2433 818 2585 870 κείαν
2606 816 2846 888 γαμετὴν
2867 817 3102 886 ὁμιλίαςο
3117 816 3192 878 ὡς
3216 816 3284 869 ἂν
3305 817 3381 884 μὴ
3403 811 3650 867 ἐντεῦθεν
3666 804 3999 860 διαϐάλλοιτο

2433 910 2462 961 ὁ
2483 909 2680 978 γάμος,
2707 909 2766 962 ὂν
2793 911 2821 963 ὁ
2843 909 3046 980 Κύριος
3068 907 3462 978 παρουσιάσας,
3499 903 3593 955 καὶ
3619 903 3676 954 ὲν
3696 896 3845 964 αὐτῷ
3872 895 4000 947 θαυ-

2439 1002 2845 1073 ματουργήσας,
2879 1001 3156 1070 εὐλόγησε.
3201 1000 3309 1053 Καὶ
3342 996 3556 1064 ἑτέραις
3585 991 3642 1044 δὲ
3699 986 4000 1059 Γραφικαῖς

2440 1092 2669 1162 κρήσεσι
2717 1093 3012 1164 κέχρηνται
3057 1091 3185 1160 περὶ
3237 1091 3332 1144 τοῦ
3366 1089 3566 1157 γάμου.
3619 1078 3752 1135 Εἶτα
3791 1076 3822 1130 δ
3853 1075 4004 1130 εἷπον

2439 1183 2692 1253 ἀνωτέρω
2715 1185 2843 1254 περὶ
2872 1182 2966 1236 τοῦ
2999 1182 3141 1236 κατὰ
3165 1182 3258 1235 τὸν
3287 1179 3634 1250 προσήκοντα
3662 1169 3854 1240 καιρὸν
3885 1168 4006 1234 opt-

2439 1278 2550 1334 λεῑν
2601 1278 2722 1340 ταῖς
2765 1279 3036 1348 γαμεταῖς
3079 1278 3206 1338 τοὺς
3247 1271 3574 1344 ίερωμένους
3616 1261 4004 1334 σαφηνίξουσυ

2441 1371 2533 1424 καὶ
2572 1370 2876 1440 μέμνηνται
2920 1369 3020 1438 τῆς
3071 1369 3134 1421 ὲν
3178 1363 3506 1436 Καρθαγένῃ
3553 1357 3772 1411 συνόδου
3824 1353 4008 1404 διατα-

2445 1462 2681 1531 ξαμένης
2712 1461 2840 1524 τοὺς
2871 1462 2940 1515 τὰ
2968 1460 3092 1531 ἱερὰ
3134 1457 3505 1529 ψηλαφῶντας
3547 1453 3669 1522 ἢτοι
3702 1458 4012 1516 μεταχειρι-

2445 1553 2701 1623 ζομένους
2746 1553 2887 1607 κατὰ
2913 1553 3041 1614 τοὺς
3092 1553 3254 1614 ἰδίους
3296 1550 3479 1617 ὄρους,
3528 1545 3701 1613 ἤγουν
3751 1535 3894 1607 μετὰ
3918 1533 4012 1594 τὰς

2445 1644 2748 1714 ἐφημερίας
2775 1642 2954 1698 αὐτῶν
2979 1644 3073 1696 καὶ
3097 1643 3226 1704 τοὺς
3270 1638 3495 1709 καιροὺς
3527 1632 3650 1686 καθ’
3675 1628 3770 1690 οὓς
3803 1628 4012 1693 ἱερουρ-

2445 1736 2653 1804 γοῦσιν,
2689 1738 2766 1790 ὲκ
2796 1736 2904 1788 τῶν
2942 1733 3187 1805 συμϐίων
3217 1725 3667 1801 ὲγκρατεύεσθαι.
3701 1720 3814 1773 Καὶ
3843 1718 3872 1768 ὀ
3899 1720 4015 1782 τρί-

2446 1847 2534 1893 τος
2565 1829 2621 1882 δὲ
2650 1829 2831 1881 κανὼν
2860 1827 2953 1882 τοῦ
2994 1822 3424 1895 ἀρχιεπισκόπου
3458 1811 3867 1881 Ἀλεξανδρείας
3900 1808 4015 1858 Ato-

2446 1923 2628 1975 νυσίου
2653 1923 2721 1973 τὰ
2751 1921 2891 1974 αὐτὰ
2915 1918 3277 1973 διατάττεται.
3317 1913 3425 1967 Καὶ
3455 1910 3551 1964 ἐπὶ
3594 1903 3809 1963 τούτοις
3856 1900 4011 1952 ἀπει-

2418 2014 2626 2087 ,λοῦσιν
2647 2014 2695 2066 οί
2715 2015 2805 2066 τὸν
2831 2014 3035 2066 κανόνα
3054 2009 3272 2077 θέμενοι
3299 2005 3536 2073 Πατέρες
3560 2003 3673 2060 τοῖς
3693 1993 4014 2087 ἀποστερεῖν

2446 2105 2780 2178 ἐπιχειροῦσι
2823 2101 3223 2173 πρεσϐυτέρους
3271 2097 3303 2166 ἢ
3343 2093 3624 2153 διακόνους
3657 2089 3692 2156 ἢ
3727 2081 4015 2178 ὑποδιακό-

2447 2172 2570 2266 νους
2600 2172 2699 2272 si};
2743 2199 2878 2270 πρὸς
2912 2198 3014 2266 τὴν
3055 2193 3286 2262 νόμιμον
3311 2188 3548 2255 γυναῖκα
3597 2176 3903 2272 συναφείας
3941 2172 4017 2229 εἰς

2448 2297 2508 2348 τὸ
2549 2263 2813 2352 παντελὲς
2851 2263 3191 2356 καθαίρεσιν.
3236 2279 3377 2334 Ἀλλ’
3407 2275 3527 2329 οὐδὲ
3569 2272 3680 2332 τοῖς
3706 2263 4016 2356 εἰρημένοις

2372 2368 2389 2386 ἢ
2453 2383 2767 2454 ἱερωμένοις
2792 2354 3064 2450 συγχωρεῖ
3085 2377 3181 2438 τὰς
3207 2371 3412 2433 οἰκείας
3443 2367 3710 2432 γυναῖκας
3734 2354 4017 2454 ὲκϐἀξλειν

2449 2445 2724 2544 προιράσει
2757 2445 3078 2530 εὐλαϐείαςο
3135 2461 3388 2533 ἀφορίζει
3417 2459 3524 2526 γὰρ
3569 2454 3696 2514 τοὺς
3743 2445 4018 2544 τοιουτους

2453 2537 2646 2635 μέχρις
2672 2565 2738 2617 ἂν
2769 2558 3182 2630 προσλάϐωνται
3210 2551 3366 2616 αὖθις
3390 2551 3487 2614 τὰς
3509 2546 3718 2607 οἰκείας
3735 2537 4014 2610 συμϐίους,

2452 2657 2802 2726 ἐπιμένοντας
2828 2653 2884 2705 δὲ
2913 2651 3183 2722 καθαιρεῖ.

2454 2923 2671 2978 ΑΡΙΣΤ.
2715 2939 2733 2972 ι
2769 2918 2899 2982 Κᾶνζ
2929 2917 2978 2969 οἱ
3014 2914 3279 2982 Ῥωμαῖοι
3307 2909 3400 2962 τὸν
3448 2907 3527 2968 είς
3553 2897 3854 2967 διάκονονῆ
3887 2911 4015 2962 πρε-

2530 3034 2549 3067 (
2597 3013 2857 3080 σϐύτερον
2888 3007 3264 3079 προαγόμενον
3290 3001 3508 3069 ἀφεῖναι
3538 2998 3636 3063 τὴν
3661 2992 3901 3060 γυναῖκα
3927 2987 4015 3080 βεέ

2530 3126 2547 3157 ι
2593 3078 3130 3170 ϐούληνταιονήμεῖς
3178 3091 3454 3164 ὲρρὦθαι
3511 3089 3580 3141 τὰ
3613 3084 3878 3139 διακόνων
3931 3078 4021 3130 καὶ

2520 3219 2538 3251 ι
2585 3193 2968 3266 πρεσϐυτέρων
2998 3186 3298 3260 βουλόμεθα
3335 3182 3668 3235 συνοικέσια.
3697 3196 3715 3228 ι

2520 3292 2583 3344 Εἰ
2614 3290 2708 3343 καὶ
2741 3290 2797 3340 ὲν
2832 3289 2897 3356 τῇ
2941 3281 3228 3352 Ῥωμαίων
3287 3273 3605 3343 Ἐκκλησία,
3650 3271 3729 3333 ὡς
3761 3271 3822 3322 ὲν
3866 3267 4019 3331 τάξει

3475 3362 3728 3431 γενέσθαι
3784 3359 4023 3428 «9556-3--

2451 3493 2608 3546 τερον
2639 3473 2672 3543 ἢ
2710 3471 2957 3524 διάκονον
3001 3463 3110 3535 πρὸ
3149 3463 3247 3532 τῆς
3277 3457 3608 3530 χειροτονίας
3654 3452 3941 3523 ὁμολογεῖν
3967 3449 4027 3500 τὸ

2456 3542 3058 3640 μηκέτισυνάπτεσθαι
3106 3558 3172 3626 τῇ
3224 3552 3390 3608 αὐτοῦ
3447 3551 3696 3640 γαμετῇἒ
3741 3544 3887 3640 ἀξλὰ⁸
3930 3542 4030 3610 τὴν

2454 3662 2588 3731 πρὸς
2642 3658 2812 3727 αὐτὴν
2853 3652 3151 3720 συνάφειαν
3184 3645 3422 3701 διαλύειν
3444 3659 3471 3674 ·’
3493 3641 3609 3695 ἀλλ’
3635 3633 3729 3692 οὖν
3762 3637 3838 3700 ὡς
3873 3636 4028 3688 ἐνανο

2454 3726 2740 3817 τιούμενον
2771 3726 2879 3797 Dxa).
2925 3743 2993 3811 τῇ
3043 3737 3377 3805 εὐαγγελικῇ
3430 3733 3524 3786 καὶ
3580 3732 3646 3800 τῇ
3692 3726 4025 3794 ἀποστολικῆ

2455 3841 2729 3910 ἀκριϐείᾳ,
2761 3836 2983 3891 ἄδεκτόν
3028 3836 3141 3885 ὲστι
3181 3831 3274 3883 καὶ
3305 3828 3385 3895 τῷ
3415 3824 3643 3893 παρόντι
3673 3821 3897 3874 κανόνι·
3936 3818 4030 3868 καὶ

2457 3933 2751 4004 διορίζεται
2783 3928 3045 3999 μηδαμῶς
3091 3925 3217 3986 τοὺς
3260 3917 3664 3991 πρεσϐυτέρους
3700 3912 3794 3965 καὶ
3842 3910 4030 3963 διακό-

2459 4043 2582 4087 νους
2613 4024 2682 4076 τὰ
2709 4022 2849 4075 κατὰ
2885 4021 3084 4088 νόμους
3112 4015 3381 4069 συστάντα
3412 4010 3723 4064 συνοικέσια
3762 4004 4030 4059 διαλύειν·

2459 4115 2594 4170 ἀλλὰ
2636 4113 2732 4183 τὴν
2788 4110 2924 4181 πρὸς
2956 4108 3054 4170 τὰς
3100 4103 3346 4173 γαμετὰς
3389 4099 3567 4151 αὐτῶν
3597 4094 3890 4162 συνάφειαν
3917 4091 4036 4153 δια-

2460 4208 2668 4276 τηρεῖν,
2697 4201 2998 4272 ἁπὲχεσθαι
3029 4198 3085 4251 δὲ
3127 4197 3227 4265 τῆς
3278 4194 3411 4261 πρὸς
3439 4190 3607 4252 αὑτὰς
3634 4186 3844 4258 ὁμιλίας
3889 4184 4036 4276 κατα

2463 4299 2552 4350 τὶν
2571 4295 2764 4365 ὅιαιρὸν
2790 4293 2880 4345 τὸν
2913 4290 3275 4361 προσήκοντα,
3309 4283 3454 4338 τοῦτ’
3484 4281 3630 4334 ἔστιν
3659 4280 3716 4336 ἐν
3743 4277 3817 4346 τῷ
3847 4273 4038 4341 καιρῷ

2463 4389 2561 4456 τῆς
2603 4385 2859 4456 νηστείας
2913 4380 3133 4448 καὶτῆς
3180 4377 3287 4429 τῶν
3337 4374 3538 4441 ’Λγίων
3571 4366 4038 4441 μεταχειρίσεως·

2465 4482 2609 4541 ὅπως
2657 4475 2955 4545 δυνηθῶσιν
2999 4473 3028 4526 δ
3070 4471 3220 4541 παρὰ
3253 4467 3348 4521 τοῦ
3380 4463 3515 4519 Θεοῦ
3567 4460 3806 4515 αἰτοῦσιν
3843 4456 4041 4517 ἁπλῶς

800 4583 1501 4652 maueat,deponitur,juxta
1516 4583 1760 4650 quintum
1777 4596 1974 4634 canon.
1990 4575 2364 4646 apostolicum.
2398 4563 2418 4618 Ῑ

2398 4563 2442 4618 D
2470 4570 2767 4638 ἐπιτυχεῖν.
2796 4565 2902 4620 Τὸν
2925 4565 2981 4617 δὲ
3004 4561 3430 4631 ἐπιχειρήσαντα
3454 4554 3719 4623 προφάσει
3746 4547 4041 4606 εὐλαϐείας

799 4677 897 4744 τῆν
935 4674 1125 4727 ἑαυτοῦ
1155 4675 1402 4727 ἐκϐαλεῖν
1436 4675 1672 4741 γυναῖκα
1703 4669 2090 4742 ἀφορίζεσθαι·
2124 4665 2241 4719 εἶτα
2269 4667 2362 4719 καὶ
2400 4662 2726 4731 ἀδιόρθωτον
2758 4660 3004 4728 μένοντα,
3036 4649 3413 4721 καθαιρεῖσθαι
3446 4647 3589 4702 κατὰ
3650 4643 3740 4696 τὸν
3800 4642 4043 4694 ἀποπο-

799 4769 947 4820 λικὸν
981 4769 1223 4836 πέμπτον
1252 4769 1471 4819 κανόνα.

1381 4859 1603 4914 CANON
1641 4857 1773 4912 XIV.

806 4974 824 5005 ι
859 4955 1173 5007 Sanctorum
1207 4954 1615 5021 divrnorutnque
1642 4951 1861 5004 Patrum
1917 4959 2218 5003 nostrorum
2265 4961 2361 4997 ca-

876 5063 893 5094 ι
933 5060 1033 5096 non
1077 5045 1127 5096 in
1158 5045 1238 5096 his
1270 5059 1482 5113 quoque
1511 5043 1704 5103 valeat,
1735 5052 1790 5094 ut
1813 5042 2095 5109 presbyter
2142 5046 2268 5089 ante
2295 5035 2363 5088 30

877 5157 895 5187 ι
931 5152 1101 5190 annos
1135 5153 1236 5191 non
1271 5138 1572 5197 ordinetur,
1616 5135 1827 5189 etiamsi
1888 5135 1956 5186 sit
2007 5133 2166 5185 homo
2214 5131 2364 5182 Valde

879 5248 894 5276 ι
930 5229 1140 5298 dignus,
1196 5230 1288 5281 sed
1337 5237 1658 5281 reservetur.
1715 5225 1972 5279 Dominus
2015 5225 2156 5278 enim
2209 5221 2368 5274 Jesus

879 5340 894 5367 ι
935 5320 1179 5373 Christus
1211 5321 1482 5374 tricesimo
1526 5335 1665 5373 anno
1695 5320 1996 5386 baptizatus
2034 5327 2136 5381 est,
2168 5329 2220 5370 et
2258 5330 2370 5367 etr-

883 5435 898 5462 ι
939 5412 1012 5477 pit
1035 5411 1249 5466 docere.
1277 5412 1536 5467 Similiter
1566 5428 1664 5465 nec
1693 5413 1951 5466 diaconus
1983 5421 2108 5464 ante
2165 5411 2236 5462 ‘25
2276 5425 2366 5477 an-

881 5523 897 5554 ι
937 5521 1053 5569 nos,
1086 5520 1185 5559 nec
1220 5504 1524 5558 diaconissa
1559 5512 1685 5556 ante
1709 5504 1777 5558 40
1803 5521 1972 5557 annus
1999 5504 2298 5556 ordinetur.

1395 5770 1622 5826 CANON
1663 5771 1775 5824 XV.

815 5885 832 5920 ι
869 5866 1232 5923 Subdmmntts
1285 5882 1349 5919 ne
1390 5867 1561 5918 minor
1628 5865 1696 5915 ‘20
1744 5865 1897 5916 annis
1957 5861 2254 5916 ordinetur.
2311 5863 2363 5913 St

3067 4831 3303 4886 KANQN
3337 4827 3433 4882 LV.

2469 4956 2486 4986 ι
2545 4937 2605 4987 Ὀ
2640 4934 2747 4984 τῶν
2778 4932 2951 4997 ἁγίων
2978 4928 3074 4979 καὶ
3109 4923 3389 4992 θεοφόρων
3411 4919 3569 4988 ἡμῶν
3600 4913 3855 4982 Πατέρων
3893 4928 4041 4980 κρα-

2539 5046 2556 5077 ι
2605 5025 2768 5076 τείτω
2797 5021 2977 5074 κανὼν
3010 5019 3103 5072 καὶ
3133 5019 3190 5070 ἐν
3221 5015 3454 5076 τούτοις,
3484 5011 3624 5062 ὥστε
3654 5004 4040 5077 πρεσϐύτερον

2542 5139 2560 5170 ι
2609 5117 2714 5186 πρὸ
2757 5115 2870 5167 τῶν
2909 5114 3202 5184 τριάκοντα
3250 5107 3390 5160 ὲτῶν
3447 5105 3524 5173 μὴ
3578 5097 4041 5172 χειροτονεῖσθαι,

2545 5231 2562 5262 ι
2611 5210 2714 5262 κᾶν
2755 5208 2894 5261 πάνυ
3025 5207 3054 5257 ὁ
3082 5203 3376 5270 ἄνθρωπος
3437 5197 3609 5260 ἄξιος,
3639 5191 3752 5246 ἀλλ’
3804 5192 4043 5256 ἀποτη-

2543 5322 2560 5353 ι
2612 5299 2844 5370 ρεῖτθαι.
2882 5298 2942 5350 Ὀ
2978 5297 3086 5364 γὰρ
3115 5294 3318 5361 Κύριος
3355 5289 3562 5360 Ἰησοῦς
3594 5283 3830 5355 Χριστὸς
3864 5283 3932 5333 ὲν
3961 5281 4042 5350 τῷ

2545 5414 2562 5444 ι
2609 5389 2915 5460 τριακοστῷ
2961 5387 3071 5439 ἔτει
3121 5381 3445 5450 ἐϐαπτίσθη,
3481 5381 3575 5432 καὶ
3631 5375 3833 5446 ἡρξατο
3882 5371 4038 5425 διδά-

2555 5506 2570 5534 ι
2619 5501 2769 5535 σκειν
2793 5498 2806 5510 ο
2853 5479 3052 5548 ὁμοίως
3089 5478 3224 5544 μήτε
3269 5475 3517 5526 διάκονον
3562 5469 3668 5537 πρὸ
3694 5465 3804 5518 τῶν
3831 5464 4043 5517 εἰκοσι-

2547 5599 2564 5630 ι
2615 5579 2774 5629 πέντε
2817 5575 3024 5644 χρόνων
3062 5572 3093 5638 ἢ
3139 5568 3486 5620 διακόνισσαν
3532 5561 3637 5631 πρὸ
3682 5560 3791 5612 τῶν
3839 5574 4044 5610 τεσσα-

2548 5691 2566 5722 ι
2620 5671 2851 5758 ρὰκρντα
2881 5664 3018 5717 ἑτῶν
3049 5657 3494 5733 χειροτονεῖσθαι.
3547 5674 3563 5705 ι

3074 5754 3306 5808 ΚΔΝΩΝ
3345 5751 3442 5804 IE'.
3865 5807 3867 5810 I

2482 5878 2497 5909 ι
2559 5857 2939 5914 ’Υποδτάκονος
2971 5849 3045 5920 μὴ
3077 5843 3237 5920 ἦττον
3279 5846 3382 5899 τῶν
3412 5845 3582 5896 εἴκοσι
3625 5839 3832 5910 γρόνων
3861 5853 4046 5907 χειρο-
