4240 6442
233 371 328 432 5ξό

301 603 318 632 ι
365 586 696 638 καταστάσει
732 588 880 655 παρὰ
930 591 1054 651 τοὺς
1105 593 1423 660 ὁρισθέντας
1468 615 1782 669 χειροτονη-

297 692 316 724 σ
363 676 480 744 θείη
519 677 765 744 χρόνους,
793 680 1185 749 καθαιρείσθω.
1229 703 1247 735 ι

297 766 490 823 ΒΑΛΣ.
542 771 858 838 Σημείωσαι
907 775 988 826 ὅτι
1039 778 1146 829 άπὸ
1197 777 1305 829 τῶν
1353 781 1634 850 παρόντων
1691 784 1784 837 δύο

226 859 460 912 κανόνων
500 861 820 930 καθαιρέσει
850 866 1358 922 καθυποϐάλλονται
1392 873 1441 923 o!
1475 874 1626 942 παρὰ
1654 877 1782 938 τοὺς

222 950 532 1016 ὁριτθέντας
584 955 696 1016 τοῖς
724 956 910 1008 κανόσι
935 961 1156 1027 χρόνους
1195 964 1682 1033 χειροτονούμενοι.
1719 969 1783 1020 Oi

225 1044 484 1109 παρὸντες
516 1044 610 1098 δύο
643 1049 888 1114 κανόνες,
922 1055 948 1103 ό
979 1053 1037 1104 ιδ’
1067 1054 1160 1105 καὶ
1194 1056 1222 1107 ό
1261 1064 1342 1118 ιε’,
1385 1061 1512 1121 τοὺς
1553 1062 1781 1129 χρόνους

224 1137 553 1191 ιῦποτυποῦσι
603 1140 713 1193 τῶν
762 1144 819 1196 ἑν
872 1144 950 1214 τῷ
1002 1145 1206 1214 βήματι
1266 1150 1775 1220 ἑξυπηρετούντων,

223 1230 386 1294 ἤγουν
438 1232 653 1301 ἱερέων,
701 1235 987 1304 διακόνων,
1027 1241 1421 1306 ὑποδιακόνων,
1457 1246 1552 1297 καὶ
1598 1245 1780 1300 διακο-

220 1323 415 1375 νισσῶν
437 1341 452 1356 ·
486 1326 580 1376 καὶ
625 1327 954 1396 διορίζονται
986 1332 1077 1384 τὸν
1125 1336 1499 1405 πρεσϐύτερον
1524 1355 1780 1404 τριακον-

219 1419 379 1487 ταετῆ
427 1421 692 1486 γεγονότα
741 1426 1201 1490 χειροτονεῖσθαισ
1259 1429 1350 1481 τὸν
1397 1431 1643 1484 διάκονον
1705 1432 1782 1485 κε’

223 1509 427 1577 χρόνων
448 1527 463 1542 ο
495 1512 588 1564 τὸν
623 1514 983 1570 ὐποδιάκονον
1030 1519 1360 1590 εἰκοσαετῆ·
1413 1524 1505 1575 καὶ
1538 1525 1636 1590 τὴν
1669 1525 1786 1577 δια-

220 1600 475 1653 νόνισσαν
501 1610 1012 1678 τεσσαρακονταετῆ
1040 1626 1054 1641 ο
1088 1612 1214 1674 τοὺς
1239 1613 1295 1664 δὲ
1327 1613 1402 1684 μὴ
1433 1614 1780 1684 ὑπερϐάντας

217 1697 338 1755 τοὺς
384 1695 671 1761 τοσούτους
709 1701 936 1769 χρόνους
982 1705 1074 1756 καὶ
1111 1711 1618 1777 χειροτονουμένους
1649 1711 1783 1764 καθ-

226 1788 515 1851 αιρεῖσθαι.
543 1790 654 1842 Καὶ
713 1791 884 1844 ταῦτα
917 1795 1017 1861 μὲν
1044 1797 1169 1864 περὶ
1203 1798 1300 1863 τῆς
1349 1797 1457 1850 τῶν
1499 1800 1782 1867 τεσσάρων

217 1878 418 1930 τούτων
448 1879 671 1950 βαθμῶν
703 1887 1053 1952 χειροτονίας.
1082 1887 1153 1940 Τὸ
1190 1889 1246 1941 δὲ
1305 1897 1390 1957 κη’
1445 1909 1566 1961 κεφ.
1617 1893 1709 1944 τοῦ
1740 1893 1786 1945 α’

217 1969 393 2021 τέτλου
425 1971 519 2023 τοῦ
577 1981 624 2040 γ’
665 1973 870 2042 βιϐλίου
901 1977 1010 2030 τῶν
1049 1979 1354 2031 Βασιλικῶν
1394 1984 1524 2050 περὶ
1563 1983 1782 2050 κληρώ-

220 2079 355 2124 seu);
409 2065 757 2130 ἀναγνώστου
817 2069 1069 2123 διδάσκον
1123 2073 1420 2143 διορίζεται
1497 2074 1571 2142 μὴ
1631 2070 1774 2127 εἶναι

212 2153 402 2206 τοῦτον
441 2157 640 2224 ἥττονα
692 2160 802 2213 τῶν
847 2163 1128 2216 δεκαοκτὼ
1176 2165 1462 2220 ἐνιαυτῶν.
1502 2167 1612 2218 Καὶ
1641 2167 1774 2220 ἀνά-

217 2250 385 2314 γνωθι
449 2251 508 2302 τὸ
561 2260 646 2321 κη’
693 2270 818 2320 κεφ.
875 2255 969 2309 τοῦ
1019 2264 1065 2311 α’
1113 2260 1291 2312 τίτλου
1368 2261 1460 2314 τοῦ
1515 2262 1781 2331 παρόντος

218 2344 614 2413 συντάγματος,
638 2351 733 2398 καὶ
760 2349 826 2400 τὰ
858 2351 917 2403 ὲν
945 2351 1095 2421 αὐτῷ
1118 2365 1133 2380 ·
1161 2353 1431 2420 ἀνάγνωθι
1459 2356 1552 2407 καὶ
1579 2355 1676 2420 τὴν
1711 2350 1784 2414 ις’

219 2435 437 2504 Νεαράν
471 2437 566 2489 τοῦ
616 2438 880 2506 βασιλέως
927 2444 1111 2510 Κυροῦ
1155 2445 1380 2507 Λέοντος
1418 2445 1513 2497 τοῦ
1553 2445 1776 2497 Φιλοσό-

1259 385 1339 442 I.‘i
1367 388 1529 449 CAN.
1575 391 1701 450 Χιτι
1736 390 1942 456 (ΖΟΧίΣ.
1978 399 2053 457 ΙΝ
2085 400 2410 460 TRUI.LO.

305 509 322 540 ι
369 489 655 544 τονείσθω.
703 493 764 546 ΕΞ
817 494 871 546 δέ
926 514 1008 558 τις
1058 498 1166 549 τῶν
1217 501 1274 550 ἐν
1317 502 1501 571 οίαοῦν
1545 506 1794 578 ίερατικῇ
1828 516 1870 568 Α

3358 395 3464 458 566

1977 533 1993 562 ε
2034 515 2151 578 quis
2184 527 2359 566 autem
2392 527 2602 572 eorum,
2644 510 2731 577 qui
2766 519 2886 563 sunt
2932 509 2986 563 in
3028 515 3171 562 statu
3203 510 3459 561 sacerdo-

1965 625 1981 654 ‹
2024 607 2132 668 In“,
2159 617 2350 671 prmtcr
2378 604 2634 672 praeﬁnita
2683 611 2920 668 tempora
2965 602 3249 653 ordinatus
3279 595 3459 663 luerit,

1965 715 1982 744 ι
2029 700 2347 762 deponatur.

1959 787 2149 840 ΒΗΑ
2183 787 2316 852 Nota
2348 801 2413 839 ex
2443 787 2526 840 his
2555 787 2763 838 duobus
2794 783 3093 836 canonibus
3131 781 3458 851 depositioni

1887 880 2150 932 olmoxios
2185 878 2332 930 reddi
2379 892 2472 928 eos
2526 881 2614 943 qui
2663 888 2813 930 extra
2873 886 3112 942 tempora
3165 873 3461 926 canonibus

1886 973 2150 1038 assignata
2177 971 2514 1022 ordinantur.
2565 968 2860 1022 Praesenti-5
2916 967 3022 1018 duo
3079 978 3335 1024 canones.
3393 963 3460 1016 Μ

1885 1072 1939 1114 et
1986 1062 2054 1115 15
2091 1077 2276 1114 eormn
2333 1071 2574 1126 tempora
2622 1061 2928 1110 describunt
2983 1055 3072 1123 qui
3155 1055 3208 1107 in
3270 1069 3457 1107 sacra-

1887 1155 1967 1208 rio
2034 1156 2295 1217 serviunt,
2360 1153 2568 1206 scilicet
2639 1151 3004 1212 sacerdotum,
3082 1149 3457 1205 diaconornm,

1885 1247 2339 1300 Suhdiacouorum
2418 1257 2470 1299 et
2561 1243 3030 1303 diacouissarum;
3097 1249 3151 1293 et
3215 1247 3461 1291 statuunt

1885 1341 2217 1395 sacerdotem
2253 1336 2632 1397 ordinamlum,
2662 1335 2751 1403 qui
2784 1333 2940 1384 fuerit
2968 1329 3037 1384 '50
3083 1343 3251 1382 annos
3276 1337 3456 1384 natus.

1886 1437 2167 1486 diaconum
2193 1430 2282 1497 qui
2313 1430 2403 1491 9.5,
2429 1428 2816 1481 snbdiaconum
2848 1423 2936 1490 qui
2974 1422 3065 1481 20,
3100 1429 3153 1472 et
3193 1418 3462 1471 diacouis-

1886 1542 2021 1586 sam.
2055 1539 2174 1594 qua?
2205 1523 2313 1584 40;
2368 1535 2463 1574 cos
2501 1528 2678 1571 autem
2735 1517 2825 1586 qui
2891 1517 3003 1567 lucc
3056 1523 3296 1579 tempora
3352 1526 3457 1564 non

1885 1618 2216 1673 excesserint
2247 1625 2301 1667 et
2322 1611 2558 1665 ordinati
2589 1609 2808 1671 fuerint,
2837 1607 3199 1674 deponendos.
3249 1601 3311 1653 Et
3344 1603 3457 1653 haec

1884 1709 2104 1780 quidem
2132 1707 2198 1761 de
2248 1707 2437 1758 horum
2484 1709 2719 1771 quatuor
2769 1697 3027 1767 graduum
3091 1695 3453 1748 ordinatione.-

1884 1803 1954 1856 28
1999 1809 2177 1854 autem
2234 1809 2388 1863 caput
2450 1795 2604 1862 primi
2693 1791 2830 1843 tituli
2892 1789 2956 1842 lll
3006 1787 3125 1839 libri
3177 1785 3455 1838 Basilicor.

1892 1897 2091 1948 docens
2122 1891 2188 1943 de
2250 1888 2459 1943 lectoris
2487 1888 2538 1940 in
2574 1887 2783 1937 clerum
2822 1880 3186 1943 cooptatione,
3215 1876 3459 1929 decernit

1889 2004 2011 2040 eum
2039 2000 2145 2038 non
2177 1985 2370 2038 debere
2399 1995 2519 2033 esse
2549 1981 2808 2030 minorem
2841 1975 2903 2027 l8
2927 1973 3102 2026 annis.
3133 1970 3271 2038 Lege
3295 1969 3456 2020 etiam

1888 2090 2004 2143 cap.
2029 2073 2098 2126 28
2129 2074 2283 2142 primi
2318 2070 2451 2124 tituli
2494 2067 2774 2134 prmsentis
2832 2066 3032 2131 operis,
3059 2074 3110 2114 ct.
3140 2075 3256 2128 qua:
3297 2059 3349 2111 in
3394 2074 3459 2108 eo

1887 2175 2029 2221 sunt.
2059 2165 2121 2217 Et
2164 2166 2278 2232 lege
2339 2165 2501 2216 etiam
2564 2159 2630 2213 16
2721 2158 2992 2210 Novellam
3068 2155 3197 2220 imp.
3256 2152 3456 2203 domini

1890 2256 2085 2311 Leonis
2134 2255 2465 2322 Philosophi,
2521 2268 2638 2320 qua:
2701 2247 2950 2318 [διαδεδειηί
3021 2244 3213 2300 canoni
3268 2258 3458 2296 conse-

1892 2361 2119 2417 qimnter
2151 2349 2360 2411 Statuit,
2393 2349 2603 2399 demum
2645 2343 2759 2397 ﬁeri
2790 2341 3176 2395 subdiacmmm
3208 2345 3460 2405 oportere

1891 2443 1979 2509 qui
2025 2442 2333 2492 vicesimum
2373 2455 2569 2490 annum
2603 2432 2978 2502 compleverit.

216 2549 342 2600 9"”-
393 2533 767 2604 διοριζομένην
797 2537 1103 2599 ἀκολούθως
1151 2539 1226 2609 τῷ
1259 2541 1486 2610 παρόντι
1526 2539 1710 2591 κανόνι
1747 2534 1992 2603 γίνεσθαι
2035 2534 2386 2585 ὑποδιάκονον
2420 2533 2510 2583 τὸν
2561 2529 2928 2600 πληρώσαντα
2969 2524 3038 2579 τὰ
3090 2524 3294 2576 εἴκοσιν
3338 2523 3457 2593 ἐτη,

288 2629 528 2682 ΖΩΝΑΡ.
565 2632 627 2683 Οἱ
686 2631 912 2695 κανόνες
979 2626 1124 2686 οὗτοι
1178 2636 1303 2697 τοὺς
1365 2639 1588 2704 χρόνους
1649 2634 1777 2686 τάσ-

219 2740 372 2774 τουσι
399 2725 508 2775 τῶν
541 2729 1055 2795 χειροτονουμένων,
1090 2729 1183 2781 καὶ
1219 2729 1310 2780 τὸν
1341 2729 1442 2798 μὲν
1483 2731 1778 2800 πρεσϐύτε-

218 2832 311 2871 ρον
355 2817 749 2882 τριακονταετῆ
799 2819 1230 2886 χειροτονεῖσθαι
1281 2820 1547 2887 ὁρίζουσι,
1583 2823 1673 2872 τὸν
1716 2824 1774 2875 δὲ

215 2903 462 2954 διάκονον
518 2903 592 2956 κε’
646 2907 908 2973 γεγονότα
955 2907 1113 2971 ὲτῶν,
1152 2910 1251 2981 τὴν
1305 2911 1362 2964 δὲ
1425 2914 1774 2966 διακόνισσαν

216 3001 653 3061 τεσσαρακοστὸν
721 2998 998 3053 άνύσασαν
1053 3002 1341 3069 ἐνιαυτὸν,
1399 3005 1504 3074 πρὸ
1567 3007 1622 3059 δὲ
1665 3007 1774 3058 τῶν

215 3085 426 3150 χρόνων
453 3087 658 3139 τούτων
692 3089 765 3157 μὴ
798 3093 1223 3160 χειροτονεῖσθαι
1254 3095 1474 3159 αὐτοὺς,
1499 3098 1600 3148 κᾶν
1632 3099 1775 3149 πάνυ

213 3178 440 3240 δόξωσιν
471 3179 612 3243 ἄξιοι
640 3182 740 3250 τῆς
784 3184 1142 3252 χειροτονίας,
1185 3187 1304 3238 ἀλλ’
1352 3189 1774 3259 ἀποτηρεῖσθαι,

215 3271 581 3337 φυλάττεσθαι
627 3274 848 3342 δηλαδὴ,
883 3277 1248 3344 ἀναμένοντας
1288 3281 1380 3331 καὶ
1410 3280 1506 3349 τὴν
1543 3282 1650 3334 ἀπο
1681 3282 1777 3334 τοῦ

212 3364 410 3431 χρόνου
441 3364 715 3417 τελείωσιν
738 3382 752 3396 ’
784 3367 1130 3420 ὐποὸιάκονον
1173 3370 1228 3422 δὲ
1267 3371 1555 3438 εἰκοσαετῆ
1596 3390 1778 3442 χειρο-

210 3452 507 3507 τονεῖσθαι.
541 3453 600 3507 Εἰ
654 3455 711 3506 δέ
773 3473 858 3518 τις
920 3457 1028 3524 πρὸ
1076 3459 1184 3512 τῶν
1245 3461 1519 3529 ῥηθέντων
1569 3467 1776 3531 χρόνων

208 3544 639 3614 χειροτονηθείη,
657 3546 756 3613 τῆς
786 3547 894 3599 τῶν
919 3549 1161 3601 κανόνων
1195 3553 1562 3620 παραϐάσεως
1587 3556 1775 3622 ὑφέξει

207 3636 310 3701 τὴν
336 3635 676 3705 καθαίρεσιν.
709 3639 815 3691 Καὶ
861 3641 889 3692 ό
936 3639 998 3692 ιε’
1031 3640 1087 3693 δὲ
1126 3642 1223 3711 τῆς
1255 3647 1520 3714 τετάρτης
1553 3649 1774 3700 συνόδου

210 3729 395 3778 κανὼν
433 3729 632 3796 ὁμοίως
671 3731 796 3800 περὶ
821 3731 915 3784 τοῦ
941 3732 1134 3802 χρόνου
1157 3735 1266 3786 τῶν
1290 3736 1643 3788 διακονισσῶν
1668 3737 1774 3790 δια-

208 3835 493 3872 ταττεται.

206 3909 435 3963 ΑΡΙΣΤ.
502 3911 667 3964 ΚΑΝ.
703 3912 801 3967 ΙΔ⁹.
845 3933 864 3965 ι
912 3914 1286 3985 Πρεσϐύτερος
1331 3919 1778 3987 τριακονταετίας

290 4018 312 4052 ι
356 4001 588 4066 ἐνδέων,
639 4005 733 4057 καὶ
793 4004 1037 4067 διάκονος
1095 4007 1626 4074 είκοσιπενταετίας,
1682 4011 1779 4064 καὶ

288 4111 312 4144 ς
359 4095 672 4149 διακόνισσα
701 4099 1277 4165 τεσσαρακονταετίας.
1319 4119 1338 4151 ι

207 4185 433 4241 ΑΡΙΣΤ.
519 4205 536 4238 ι
589 4188 698 4240 Καὶ
747 4188 1086 4248 είκοσαετίας
1132 4190 1474 4245 ὑποδιάκονοι
1526 4192 1779 4248 εὖκαθαί-

854 4296 872 4328 ι
916 4295 1079 4344 ρετοι.
1126 4298 1144 4329 ι

1955 2629 2203 2682 ZONAB.
2260 2627 2646 2680 lnitiaudorum
2697 2624 2867 2677 sacris
2938 2620 3218 2675 ordinibus
3275 2628 3459 2672 aetates

1883 2739 2056 2776 canon
2079 2723 2162 2774 hic
2193 2731 2415 2789 uterque
2442 2717 2721 2780 describit,
2752 2732 2811 2767 ae
2844 2717 2893 2767 in
2920 2713 3202 2768 sacerdote
3223 2713 3456 2765 creando

1883 2815 2252 2875 tricesimum,
2311 2813 2362 2865 in
2412 2811 2635 2864 diacono
2694 2808 3009 2860 vicesimum
3078 2791 3347 2872 quintum,
3402 2803 3452 2854 in

1882 2909 2181 2962 diaconissa
2214 2902 2608 2974 quadragesimi
2638 2899 2762 2953 anni
2797 2900 2954 2952 linem
2980 2893 3456 2964 exspectarijuhet

1883 3013 2057 3068 neque
2094 2999 2184 3066 qui
2220 2996 2395 3050 minor
2421 2995 2510 3057 sit,
2541 2991 2787 3062 quamvis
2813 3004 2868 3043 se
2898 2989 3116 3058 dignum
3151 2987 3192 3040 is
3220 2985 3454 3038 maxime

1881 3091 2197 3151 ostemlerit,
2236 3101 2557 3155 quemquam
2593 3083 2658 3136 ad
2712 3083 2926 3135 ordines
2968 3079 3213 3134 admitti:
3263 3092 3449 3131 verum

1881 3185 2063 3244 seponi
2122 3182 2416 3244 hominem,
2478 3178 2577 3230 hoc
2638 3185 2743 3238 est,
2799 3174 2926 3227 dmn
2983 3173 3047 3224 ad
3099 3180 3290 3224 cmtera
3334 3169 3452 3236 ejus

1878 3275 2070 3328 merita
2099 3273 2271 3326 aetatis
2325 3285 2540 3339 quoque
2572 3267 2853 3320 maturitas
2887 3263 3195 3325 accesserit,
3226 3275 3451 3328 exspec-

1881 3368 1980 3419 tari
2041 3365 2250 3434 placet;
2317 3361 2747 3432 hypodiaconum
2804 3365 2982 3411 autem
3047 3354 3232 3424 viginti
3294 3353 3450 3404 annis

1882 3469 2063 3512 natum
2115 3456 2375 3509 ordinari.
2444 3454 2498 3508 Si
2568 3453 2688 3520 quis
2760 3466 2887 3504 vero
2950 3457 3072 3501 ante
3139 3446 3446 3514 prmdictam

1880 3559 2092 3603 :etatem
2153 3546 2433 3601 ordinibus
2497 3544 2741 3597 initiatus
2809 3540 2899 3600 sit,
2979 3538 3159 3590 violati
3227 3536 3451 3589 canonis

1881 3655 2069 3709 pmnas
2102 3639 2438 3707 depositione
2477 3637 2606 3688 luet.
2653 3633 2849 3686 Eadem
2901 3630 2966 3683 de
3017 3629 3445 3682 diaconissarnm

1879 3742 2036 3786 artate
2068 3741 2272 3799 quarta:
2299 3743 2507 3796 quoquc
2531 3724 2722 3796 synodi
2767 3723 2975 3776 decimo
3025 3721 3212 3790 quinto
3239 3736 3448 3774 canone

1880 3823 2175 3877 constituta
2208 3833 2350 3873 sunt.

1879 3915 2108 3969 ARIST.
2166 3913 2322 3968 CAN.
2394 3911 2534 3965 XIV.
2583 3929 2601 3961 ι
2639 3909 2928 3979 Presbyter
2983 3921 3154 3960 annos
3203 3906 3441 3973 triginta,

1954 4028 1972 4058 ι
2007 4009 2266 4062 diaconus
2295 4006 2481 4073 viginti
2509 4005 2766 4072 quinque,
2795 4001 3167 4056 'etdiaconissa
3201 4000 3436 4068 quadra-

1955 4118 1972 4148 α
2001 4098 2142 4167 ginta
2165 4107 2306 4156 nata.
2340 4097 2628 4148 ordinatur.
2687 4113 2705 4144 ι

1883 4190 2040 4261 174
2067 4188 2290 4242 AlllST.
2331 4206 2348 4237 ι
2383 4186 2445 4239 Ει
2473 4187 2824 4254 hypodiaconi
2871 4174 3056 4256 viginti
3110 4199 3278 4238 annos
3334 4184 3442 4236 nati

1956 4301 1973 4330 ι
2009 4281 2298 4349 eliguntur.
2345 4298 2363 4328 ι

283 4369 408 4422 Κᾶν
451 4369 592 4434 ἄγαν
641 4367 788 4431 τινὲς
841 4369 1206 4434 εὐρίσκωνται
1245 4371 1405 4435 ἄξιοι,
1437 4372 1553 4424 ἀλλ’
1603 4375 1776 4438 οὐδεὶς
1810 4391 1852 4446 υ
1950 4381 1957 4420 t

1766 4391 1852 4446 ξι)
1950 4373 2202 4438 Quamvis
2247 4371 2487 4424 nonnulli
2543 4371 2832 4423 admodum
2881 4369 3024 4439 digni
3074 4369 3440 4429 inveniantur,

207 4462 368 4521 ἐντὸς
397 4458 504 4510 τῶν
559 4459 889 4527 όρισθέντων
915 4462 1001 4528 ἐφ’
1035 4461 1249 4532 ἑκάστῳ
1298 4463 1541 4532 τάγματι
1570 4467 1776 4536 χρόνων

205 4552 308 4603 τοῦ
349 4547 558 4619 βαθμοῦ
593 4549 765 4620 τύχῃ·
815 4550 932 4603 ἀλλ’
973 4552 1123 4614 ὅστις
1166 4553 1198 4622 ἢ
1253 4557 1618 4625 πρεσϐύτερος
1669 4559 1776 4628 πρὸ

204 4643 512 4712 τριάκοντα
574 4641 733 4707 ἑτῶν,
791 4642 825 4711 ἢ
888 4643 1132 4706 διάκονος
1185 4647 1290 4717 πρὸ
1348 4649 1772 4720 εἱκοσιπέντε,ῆ

203 4733 572 4795 ύποδιάκονος
645 4732 753 4800 πρὸ
822 4734 932 4786 τῶν
1010 4735 1219 4800 είκοσι,
1278 4739 1772 4808 καθαιρεθήσεται*

203 4827 405 4894 ὥσπερ
438 4823 533 4877 καὶ
569 4823 911 4890 διακόνισσα,
952 4827 1000 4878 εί
1052 4826 1160 4897 πρὸ
1187 4831 1600 4898 τεσσαράκοντα
1640 4831 1774 4883 ἐτῶν

200 4917 461 4985 γένηται.

791 5009 1032 5063 ΚΑΝΩΝ
1067 5008 1179 5077 ις’.

206 5122 227 5154 ι
289 5101 580 5173 Ἐπειδὴῆ
633 5101 740 5156 τῶν
778 5103 1038 5169 Πράξεων
1085 5103 1262 5172 βίϐλος
1311 5106 1448 5158 ἑπτά
1495 5106 1773 5169 διακιενους

288 5210 312 5243 ε
359 5192 465 5244 ὑπὸ
492 5192 599 5244 τῶν
644 5193 956 5246 ἀποστόλων
994 5195 1334 5262 καταστῆναι
1365 5197 1729 5263 παραδίδωσιν
1756 5214 1769 5226 ·

289 5305 309 5335 ι
353 5286 386 5354 ἡ
418 5284 473 5336 δὲ
497 5284 635 5338 κατὰ
665 5283 1100 5349 Νεοκαισάρειαν
1127 5283 1543 5369 σύνοδοςτοῦτως
1578 5289 1634 5339 ὲν
1660 5289 1771 5350 τοῖς

289 5394 312 5426 ε
359 5374 631 5427 ἐκτεθείσι
662 5374 996 5445 παράὒτῶν
1045 5379 1230 5429 κανόσι
1273 5377 1458 5443 σαφῶς
1495 5379 1773 5448 διεξῆλθον

288 5486 308 5514 ι
357 5465 442 5517 ὅτι
489 5462 723 5518 διάκονοι
752 5465 892 5520 ἑπτὰ
946 5465 1255 5532 ὀφείλουσιν
1313 5462 1452 5518 εἶναι
1495 5468 1637 5520 κατά
1682 5468 1774 5520 τὸν

290 5573 311 5602 ε
355 5555 584 5618 κανόνα,
608 5554 707 5607 κᾶν
730 5555 874 5608 πάνυ
911 5555 1122 5626 μεγάλη
1156 5558 1189 5626 ἡ
1225 5557 1378 5633 πόλις
1460 5574 1474 5588 ο
1500 5559 1774 5629 πεισθήσῃ

289 5665 311 5696 ‹
358 5645 418 5697 δὲ
456 5646 519 5696 ἐκ
575 5645 673 5713 τῆς
724 5645 906 5715 βίϐλου
967 5646 1076 5699 τῶν
1139 5647 1436 5717 Πράξεων’
1491 5650 1650 5716 ἡμεῖς
1694 5649 1771 5718 τῷ

291 5762 310 5784 ι
358 5739 696 5809 άποστολικῷ
745 5740 893 5811 ῥητῷ
925 5741 1014 5794 τὸν
1062 5742 1185 5794 νοῦν
1220 5741 1629 5813 ἐφαρμόσαντες
1667 5745 1774 5795 τῶν

295 5855 311 5882 1
365 5831 646 5899 ιιατέρων,
677 5831 909 5903 εὕρομεν
936 5832 1010 5898 ὡς
1052 5835 1080 5885 ὁ
1124 5834 1277 5900 λόγος
1319 5836 1497 5898 αὐτοῖς
1537 5837 1596 5888 ού
1645 5837 1772 5904 περὶ

1881 4479 2036 4519 nemo
2065 4474 2240 4516 tamen
2273 4463 2413 4515 intra
2443 4461 2705 4530 prmﬁuita
2739 4461 2931 4528 cuique
2978 4459 3152 4512 ordini
3198 4469 3438 4524 tempma

1880 4557 1932 4612 in
1981 4557 2202 4626 gradum
2252 4554 2483 4622 aliquem
2542 4551 2889 4621 provehatur.
2951 4551 3055 4605 Sed
3108 4551 3436 4619 quicunque.

1879 4649 1992 4702 sive
2023 4646 2300 4714 presbyter
2342 4653 2467 4697 ante
2515 4658 2682 4696 annos
2728 4642 2970 4711 triginta.
3016 4643 3130 4696 sive
3183 4641 3440 4695 diaconus

1878 4749 2001 4793 ante
2070 4739 2254 4806 viginti
2338 4738 2594 4806 quinque,
2675 4736 2788 4789 sive
2842 4735 3252 4804 hypodiaconus
3316 4745 3440 4787 ante

1877 4833 2059 4892 viginti
2094 4832 2186 4892 sit,
2221 4830 2536 4898 deponetttr.
2589 4828 2677 4883 Sic
2729 4838 2783 4882 et
2831 4827 3135 4882 diaconissa
3204 4827 3248 4880 si
3312 4839 3438 4879 ante

1880 4922 2231 4994 quadraginta
2255 4937 2425 4975 annos
2462 4923 2569 4974 lict.

2445 5010 2674 5067 CANON
2737 5011 2876 5065 XVI.

1885 5123 1903 5156 ι
1950 5104 2209 5169 Quoniam
2271 5105 2494 5154 Actnum
2558 5103 2693 5155 Iihct‘
2769 5114 2973 5173 septem
3039 5103 3293 5155 diaconos
3366 5105 3434 5150 ab

1955 5213 1973 5245 ι
2013 5193 2267 5263 apostolis
2284 5194 2601 5248 constitutos
2623 5210 2742 5248 esse
2763 5196 2924 5248 tradit
2947 5234 2962 5259 ,
2985 5194 3433 5248 Neocmsaricnsis

1956 5305 1975 5338 ι
2015 5295 2192 5340 autem
2219 5286 2458 5356 synodus
2493 5287 2574 5340 sic
2618 5285 2669 5339 in
2721 5303 2749 5337 a
2811 5300 2870 5339 se
2931 5285 3087 5339 editis
3138 5285 3432 5337 canoniqu

1953 5395 1973 5429 α
2010 5387 2192 5443 aperte
2245 5377 2535 5440 disseruit,
2597 5377 2739 5446 quod
2795 5387 3000 5444 septem
3064 5375 3260 5428 debent
3311 5390 3433 5427 es~e

1956 5487 1974 5520 ι
2008 5467 2216 5523 diaconi
2270 5483 2331 5521 ex
2364 5483 2593 5531 canone,
2675 5468 2886 5521 etiamsi
2931 5470 3001 5522 sit
3066 5482 3255 5537 magna
3301 5467 3434 5518 civi-

1957 5580 1974 5610 ι
2010 5568 2095 5614 tas
2155 5578 2168 5613 :
2215 5575 2279 5615 ex
2334 5559 2472 5614 libro
2522 5574 2680 5629 porro
2700 5561 2928 5614 Aetuum
2977 5558 3428 5627 persuadebcris:

1954 5671 1973 5701 ε
2023 5667 2118 5704 nos
2169 5667 2291 5706 cum
2348 5651 2492 5705 dicto
2563 5652 2857 5719 apostolico
2913 5650 3134 5705 Patrum
3202 5659 3433 5704 mentem

1958 5762 1976 5794 ι
2009 5746 2436 5813 adaptassemus,
2469 5743 2770 5796 invenimus
2797 5757 2890 5797 eos
2913 5756 3035 5796 esse
3067 5741 3293 5803 locutos,
3325 5754 3432 5792 non

1956 5852 1973 5885 ι
2014 5834 2078 5887 de
2112 5835 2238 5890 viris
2262 5835 2353 5904 qui
2379 5833 2686 5889 ministrant
2714 5833 3002 5902 mysteriis,
3027 5833 3122 5892 sed
3159 5831 3226 5888 de
3278 5831 3434 5885 mini-
