4240 6442
727 439 823 504 5⁸11
1969 420 2066 479 T1]
2084 420 2139 475 Et
2157 416 2240 473 ll).
2287 408 2685 468 BALSAMO‘I
3852 386 3954 448 57?.

726 548 952 611 ARIST.
993 564 1012 597 ι
1057 545 1158 611 Qui
1190 554 1393 612 septem
1432 554 1550 595 esse.
1580 540 1851 597 diaconos,
1880 533 2028 600 juxta
2065 525 2203 595 quod
2238 526 2291 575 in
2324 528 2364 581 Α
2398 521 2504 573 APl

802 659 825 694 ι
859 641 1085 696 Actibus
1123 637 1317 690 dictum
1349 643 1452 696 est,
1481 633 1727 694 aﬂirmat,
1775 628 1930 686 sciat,
1983 621 2121 689 quod
2186 633 2291 671 non

806 754 825 789 t
867 738 930 790 de
961 730 1219 791 diacouis,
1253 727 1342 797 qui
1386 724 1672 797 mysteriis,
1704 723 1796 776 sed
1830 718 1920 787 qui
1949 713 2148 770 mensis
2194 711 2293 766 mi-

809 848 829 881 t
865 828 1122 886 nistrant,
1151 820 1341 874 ibidem
1370 833 1545 873 sermo
1568 817 1810 869 habetur.
1850 832 1868 865 ι

807 921 1052 976 Decimus
1074 925 1300 986 quartus
1324 910 1511 982 synodi
1536 906 1988 962 Neoctcsariensis
2010 918 2180 958 canon
2226 915 2293 955 ex

739 1022 963 1072 Actuttm
988 1011 1237 1065 videlicet
1271 1006 1405 1059 libro
1443 1004 1657 1064 ductus,
1714 1010 1915 1069 septem
1956 998 2209 1051 diaconos
2238 993 2294 1046 in

739 1122 1061 1177 unaquaque
1090 1101 1329 1164 civitate,
1360 1096 1605 1165 quamvis
1655 1092 1940 1147 admodum
1977 1103 2169 1156 magna
2202 1086 2292 1151 sit,

736 1200 989 1253 constitui
1014 1194 1275 1253 decrevit.
1306 1190 1578 1261 mysteriis
1598 1186 1919 1240 servientes.
1945 1182 2013 1235 At
2060 1191 2297 1249 prtcsens

739 1304 908 1340 canon
940 1286 1012 1339 ait
1042 1282 1303 1352 synodum
1326 1262 1494 1335 illam
1522 1291 1625 1330 non
1659 1284 1806 1328 recte
1856 1270 2148 1338 intelligere
2184 1281 2299 1320 ser-

744 1394 951 1432 monem
980 1379 1045 1430 de
1068 1385 1271 1444 septem
1301 1370 1541 1427 (iiaCOIIiS
1573 1368 1626 1422 in
1672 1366 1900 1421 Acutum
1958 1361 2095 1414 libro
2146 1358 2295 1427 posi-

744 1485 877 1527 tum.
911 1470 1024 1524 Non
1065 1469 1206 1524 enim
1231 1467 1294 1519 de
1343 1461 1674 1520 hominibus.
1718 1456 1914 1524 inquit,
1969 1454 2058 1522 qui
2087 1449 2298 1505 ldivinis

743 1564 1047 1616 ministrant
1087 1556 1355 1629 mysteriis
1395 1551 1721 1621 intelligendi
1750 1556 1875 1603 sunt
1908 1543 2157 1613 apostoli,
2202 1541 2296 1596 sed

742 1653 807 1703 de
834 1653 898 1704 iis
928 1653 1016 1717 qui
1055 1652 1103 1700 itt
1138 1647 1339 1700 mensis
1373 1641 1758 1705 subservittnt;
1814 1646 1868 1693 et
1921 1637 2117 1706 quibus
2171 1646 2299 1686 cou-

744 1743 945 1797 t-redita
974 1752 1055 1796 est
1079 1739 1409 1805 dispensatio
1436 1749 1646 1794 eorum,
1692 1746 1810 1800 qute
1858 1726 2129 1783 communi
2178 1724 2299 1778 usui

749 1846 875 1888 tunc
901 1833 1123 1887 collecta
1149 1832 1381 1885 luerunt.
1405 1827 1693 1895 Propterea
1715 1824 1781 1876 ab
1806 1815 2045 1876 ecclesiis
2062 1834 2165 1872 non
2186 1818 2301 1871 cxi-

747 1935 898 1988 getttr
939 1923 1229 1977 secundum
1263 1920 1410 1972 illttm
1453 1929 1735 1977 eanonem,
1767 1922 1826 1966 ιιι
1857 1910 2077 1978 singulae
2099 1917 2301 1976 septem

750 2013 979 2066 habeant
1009 2014 1261 2064 diaconos
1290 2010 1353 2060 ad
1403 2006 1703 2060 divinorum
1760 2003 2139 2073 mysteriorum
2192 1999 2293 2051 mi—

750 2105 1055 2157 nisterium.
1082 2101 1184 2154 Sed
1207 2112 1451 2166 qumque,
1490 2095 1785 2149 secundum
1828 2093 2033 2146 reditus
2071 2105 2220 2151 suos,
2253 2098 2309 2143 ct

753 2195 1186 2262 presbyterorum
1221 2189 1643 2243 etdiaconorum
1686 2197 1740 2240 et
1784 2185 2111 2253 reliquorum
2150 2180 2310 2235 cleri-

752 2302 935 2339 eorum
961 2299 1242 2338 numerum
1274 2280 1509 2341 habebit,

1230 2553 1390 2623 1'76
1425 2547 1651 2605 CANON
1687 2546 1849 2601 XVII.

765 2665 783 2695 ι
825 2644 1086 2711 Quoniam
1147 2644 1478 2696 diversarum
1539 2639 1891 2694 ecclesiarum
1941 2634 2149 2695 clerici.
2189 2648 2314 2703 pro-

833 2754 851 2785 ι
893 2737 1047 2805 priis,
1085 2735 1133 2787 itt
1162 2734 1358 2801 quibus
1390 2741 1515 2784 sunt
1531 2729 1786 2791 ordinati,
1816 2727 2018 2780 relictis
2049 2724 2315 2788 ecclesiis,

840 2849 856 2878 ι
894 2828 959 2881 ad
1017 2826 1152 2879 alios
1214 2826 1496 2894 episcopos
1559 2836 1616 2877 se
1675 2821 2041 2882 contulerunt,
2100 2825 2153 2872 et
2205 2818 2319 2873 siue

838 2939 855 2969 ι
890 2919 1088 2987 prOpI'ii
1122 2918 1357 2988 episcopi
1390 2915 1657 2971 sententia
1715 2914 1767 2967 iu
1830 2911 2025 2966 alienis
2077 2909 2321 2964 ecclesiis

846 3033 863 3063 ι
904 3013 1181 3068 constituti
1215 3020 1360 3074 sunt,
1388 3018 1443 3063 et
1470 3024 1534 3061 ex
1563 3024 1627 3061 eo
1667 3009 1811 3074 ipsos
1861 3004 2009 3059 reddi
2033 3002 2322 3057 insolentes

841 3123 860 3157 t
896 3107 1079 3159 evenit
1110 3122 1123 3155 :
1156 3104 1461 3172 statuimus.
1497 3109 1555 3153 ttt
1593 3114 1620 3151 a
1653 3097 1903 3167 praesenti
1934 3109 2119 3149 mense
2149 3093 2321 3148 Janu-

2512 519 2616 571 ΣΤ.
2668 537 2685 568 ι
2732 515 3046 568 Γινωσκέτω
3084 512 3111 563 ό
3151 506 3329 576 λέγων
3382 504 3521 559 ἑπτὰ
3560 501 3847 564 διακόνους
3876 501 3952 554 ε’-

2468 631 2487 662 ι
2532 628 2621 663 ναι
2656 611 2797 664 κατὰ
2846 608 2905 660 τὸ
2938 603 3229 675 εἰρημένον
3265 603 3385 663 ταῖς
3429 596 3733 667 Πράξεσιν,
3772 595 3853 646 ὅτι
3891 595 3951 645 οὐ

2473 723 2491 753 ι
2543 704 2672 771 περὶ
2722 700 2831 753 τῶν
2864 699 3129 752 διακόνων
3191 696 3303 758 τοῖς
3339 690 3661 762 μυστηρίοις
3694 690 3723 741 ό
3768 684 3949 753 λόγος,

2468 814 2487 846 ι
2535 795 2671 848 ἀλλὰ
2701 792 2830 862 περὶ
2859 793 2967 845 τῶν
2995 788 3303 862 τραπέζαις
3333 782 3785 855 ὑπηρετούντων.
3822 798 3842 831 ι

2475 887 2535 939 Ὀ
2566 884 3127 955 τεσσαρακαιὸέκατος
3183 878 3362 935 κανὼν
3398 878 3497 947 τῆς
3553 880 3608 930 ἐν
3644 876 3953 927 Νεοκαισα-

2398 979 2521 1051 ρείᾳ
2552 979 2793 1038 συνόδου,
2820 977 2926 1029 ἀπὸ
2964 977 3062 1040 τῆς
3099 974 3283 1045 βίϐλου
3335 971 3444 1027 τῶν
3481 968 3741 1039 Πράξεων
3792 965 3955 1033 δῆθεν

2395 1072 2679 1142 ὁρμηθεὶς.
2712 1070 2851 1124 ἑπτὰ
2894 1070 3174 1130 διακόνους
3238 1067 3321 1133 ἐφ’
3362 1063 3569 1131 ἑκάστῃ
3639 1061 3817 1122 eam,
3849 1060 3957 1109 xiv

2402 1163 2542 1215 πάνυ
2597 1162 2810 1232 μεγάλη
2850 1161 2986 1224 ἐστὶ,
3036 1156 3395 1212 καθίστασθαι
3432 1155 3621 1222 ὥρισε,
3674 1154 3788 1211 τοῖς
3852 1167 3954 1215 μυ-

2399 1253 2643 1322 στηρίοις
2699 1251 3169 1322 ὑπηρετήσοντας.
3223 1247 3283 1300 'O
3314 1246 3370 1300 δὲ
3416 1243 3607 1314 παρὼν
3666 1240 3845 1294 κανὼν
3881 1238 3953 1306 μὴ

2399 1345 2580 1407 καλῶς
2610 1344 2808 1412 φάσκει
2836 1343 3023 1412 νοῆσαι
3052 1341 3154 1412 τὴν
3170 1338 3463 1408 τοσιαύτην
3486 1335 3703 1389 σύνοδον
3727 1334 3789 1386 τὸ
3811 1334 3868 1384 ἐν
3890 1335 3953 1399 τῇ

2399 1436 2568 1507 βίϐλῳ
2595 1437 2704 1489 τῶν
2744 1435 3008 1505 Πράξεων
3035 1434 3167 1499 napi.
3217 1432 3325 1486 τῶν
3358 1430 3499 1484 ἑπτά
3533 1428 3803 1481 διακόνων
3841 1424 3956 1477 κεί-

2405 1546 2568 1601 μενον
2631 1528 2815 1601 ῥητόν.
2869 1527 2944 1581 Οὐ
2995 1518 3113 1599 ’γὰρ
3172 1523 3447 1594 περὶτῶν
3491 1518 3955 1586 διακονουμένων,

2407 1621 2564 1691 φησὶ,
2604 1622 2717 1683 τοῖς
2751 1621 2915 1683 θείοις
2947 1618 3269 1689 μυστηρίοις
3315 1614 3524 1684 ἀνδρῶν
3566 1608 3635 1682 ἦν
3668 1613 3701 1679 ἡ
3739 1608 3959 1678 φροντὶς

2397 1713 2458 1765 τὸ
2481 1714 2603 1766 τότε
2626 1714 2738 1775 τοῖς
2767 1710 3102 1775 ἀποστόλοις,
3128 1708 3263 1762 ἀλλὰ
3297 1707 3423 1777 περὶ
3455 1704 3567 1757 τῶν
3622 1700 3961 1771 ὑπουργούν-

2399 1821 2510 1857 των
2539 1807 2597 1857 ἐν
2627 1806 2747 1867 ταῖς
2779 1803 3093 1874 τραπέζαις,
3136 1803 3232 1855 καὶ
3260 1800 3358 1869 τὴν
3384 1796 3699 1867 οἰκονομίαν
3726 1798 3959 1862 ἐμπεπι-

2407 1913 2531 1947 στευ
2540 1894 2715 1965 μένων
2734 1898 2834 1964 τῆς
2857 1895 3042 1964 κοινῆς
3058 1893 3245 1963 χρείας
3272 1891 3381 1944 τῶν
3411 1889 3533 1942 τότε
3564 1887 3730 1958 συνηθ
3740 1884 3962 1957 ροισμέ-

2405 2002 2531 2038 νων.
2573 1986 2672 2039 Διὰ
2696 1985 2853 2039 τοῦτο
2874 1985 3003 2054 γοῦν
3029 1987 3082 2038 αί
3110 1984 3396 2055 ἐκκλησίαι
3416 1982 3514 2034 οὐκ
3547 1978 3962 2050 ἀπαιτηθήσον-

2408 2079 2663 2131 ταικατά
2706 2079 2796 2132 τὸν
2826 2079 3027 2131 κανόνα
3068 2078 3274 2130 ἐκεῖνον
3319 2074 3422 2129 ἀνὰ
3489 2072 3626 2126 ἐπτά
3678 2070 3963 2131 διακόνους

2409 2168 2552 2237 ἔχειν
2578 2170 2656 2231 είς
2684 2170 2782 2238 τὴν
2817 2168 2927 2221 τῶν
2955 2168 3115 2222 θείων
3142 2167 3457 2237 μυστηρίων
3484 2165 3758 2219 διακονίαν
3784 2179 3800 2193 ’
3830 2161 3967 2214 ἀλλὰ

2410 2261 2615 2330 ἑκάστη
2652 2260 2793 2328 πρὸς
2824 2261 2923 2322 τὰς
2947 2260 3184 2321 εἰσόδους
3226 2258 3394 2328 αὐτῆς
3430 2257 3542 2324 ἕξει
3564 2256 3657 2309 καὶ
3686 2256 3750 2307 τὸ
3802 2255 3969 2306 ποσὸν

2410 2352 2520 2405 τῶν
2545 2352 2928 2422 πρεσϐυτέρων
2959 2350 3053 2405 καὶ
3080 2350 3346 2404 διακόνων
3370 2347 3593 2404 καὶτῶν
3617 2346 3817 2400 λοιπῶν
3842 2344 3971 2415 κλη-

2416 2462 2605 2514 ρικων.

3002 2533 3234 2591 ΚΛΝΩΝ
3285 2536 3384 2589 IZ'.
3682 2590 3683 2593 η

2422 2647 2439 2679 ι
2498 2626 2824 2699 Ἐπειδήπερ
2876 2629 3148 2699 διαφόρων
3194 2625 3503 2697 ἐκκλησιῶν
3538 2624 3814 2695 κληρικοὶ,
3872 2622 3969 2684 τὰς

2493 2737 2511 2770 ι
2562 2719 2719 2784 ἰδίας,
2750 2721 2808 2772 ἐν
2844 2714 2932 2781 αἷς
2952 2717 3457 2788 ἐχειροτονήθησαν,
3483 2715 3775 2783 ἐκκλησίας
3804 2728 3981 2764 κατα·-

2496 2829 2516 2863 ι
2560 2811 2831 2875 λιπόντες,
2867 2811 2999 2880 πρὸς
3028 2810 3246 2879 ἐτέρους
3271 2805 3976 2877 συνέδραμονέπισκόπους,

2501 2926 2519 2959 ι
2564 2907 2659 2959 καὶ
2697 2907 2921 2975 γνώμης
2951 2904 3071 2973 δίχα
3095 2902 3190 2955 τοῦ
3222 2901 3425 2955 οίκείου
3458 2900 3757 2953 ἐπισκόπου
3784 2899 3841 2950 ἐν
3857 2897 3981 2960 ταῖς

2503 3018 2523 3051 ι
2569 2997 2876 3069 ἀλλοτρίαις
2909 2997 3290 3065 κατετάγησαν
3318 2991 3657 3061 ἐκκλησίαις,
3688 2992 3753 3043 ἐκ
3790 2988 3983 3040 τούτου

2501 3109 2519 3142 ι
2564 3106 2624 3141 τε
2670 3088 2866 3156 συνέϐη
2913 3085 3318 3146 ἀνυποτάκτους
3369 3083 3567 3145 αὐτοὺς
3602 3078 3980 3145 καταστῆναι·

840 3217 858 3246 ι
894 3200 1007 3250 ario
1032 3195 1315 3265 prmteritte
1343 3202 1548 3261 quarta:
1602 3189 1928 3250 iudietionis,
1974 3185 2154 3240 nullus
2205 3200 2324 3238 om-
2349 3205 2395 3268 ς
2478 3199 2514 3234 ηι

2307 3205 2395 3268 .c
2478 3199 2521 3235 η(
2564 3179 2817 3249 ὁρίζομεν
2844 3177 2984 3230 ὥστε
3029 3176 3136 3228 ἀπὸ
3183 3174 3276 3228 τοῦ
3318 3175 3583 3242 παρόντος
3649 3167 3981 3237 Ἰανουαρίου

842 3308 861 3340 ι
900 3289 1025 3342 nino
1053 3287 1299 3351 clericus,
1337 3286 1391 3338 in
1422 3296 1742 3353 quocunque
1790 3282 1859 3335 sit
1893 3279 2059 3351 gradu
2088 3286 2325 3347 potesta-

847 3400 865 3430 ι
908 3390 1013 3434 tem
1074 3378 1270 3432 habeat
1344 3375 1460 3429 sine
1548 3374 1746 3443 proprii
1828 3373 2061 3441 episcopi
2127 3371 2325 3438 scripta

846 3490 865 3522 ι
909 3470 1208 3524 dimissoria
1232 3470 1285 3522 in
1316 3466 1503 3521 alienae
1525 3466 1768 3520 ecclesia:
1790 3464 2088 3534 catalognm
2114 3463 2324 3517 referri.

851 3583 869 3614 ι
908 3562 1006 3627 Qui
1059 3561 1201 3615 enim
1242 3576 1270 3611 a
1311 3558 1563 3629 praesenti
1614 3572 1757 3610 nunc
1796 3565 2033 3625 tempore
2077 3557 2177 3609 lmc
2223 3569 2326 3607 non

856 3674 874 3704 ι
912 3663 1108 3714 servat,
1134 3652 1224 3705 sed
1256 3653 1400 3719 qttod
1430 3651 1480 3703 in
1523 3665 1581 3703 se
1613 3659 1697 3703 est
1720 3664 1865 3708 eum,
1903 3649 1991 3715 qtti
2028 3647 2104 3700 illi
2136 3661 2327 3700 manus

851 3764 869 3792 ι
917 3743 1189 3812 imposuit,
1229 3740 1486 3794 dedecore
1515 3737 1694 3803 allicit,
1745 3739 2043 3805 deponatur
2091 3745 2146 3791 et
2195 3737 2328 3806 ipse,

850 3858 867 3887 ι
901 3846 955 3890 et
980 3836 1067 3905 qtti
1099 3849 1219 3887 etnn
1257 3842 1449 3902 [ιι-αξιοι·
1483 3832 1738 3884 rationem
1765 3831 2013 3899 suscepit.
2041 3848 2060 3881 ι

860 4099 1057 4155 BALS.
1092 4097 1295 4165 Smpius
1329 4096 1580 4155 diximus.
1616 4093 1756 4161 quod
1809 4092 1951 4145 omni
1999 4091 2215 4155 clerico,
2248 4090 2335 4160 qui

784 4194 912 4247 foris
937 4191 1210 4245 Ordinatus
1236 4198 1333 4249 est,
1368 4187 1499 4239 duas
1530 4187 1819 4251 scripturas
1861 4182 2058 4237 afferre
2090 4198 2225 4249 opus
2255 4192 2335 4237 est

783 4285 899 4353 ejus
930 4282 1018 4351 qui
1046 4297 1165 4333 eum
1189 4278 1476 4335 ordinavit.
1508 4275 2003 4329 commendatitiam
2044 4274 2249 4327 scilicet
2286 4282 2342 4328 et

785 4374 1164 4437 dimissoriam,
1201 4382 1258 4423 ttt
1298 4370 1382 4422 illa
1418 4369 1628 4437 quidem
1682 4374 1862 4419 utatur
1912 4366 1977 4417 ad
2024 4364 2342 4433 comproba-

791 4464 988 4515 tionem
1024 4461 1165 4513 illius
1200 4461 1394 4526 gradus
1418 4458 1504 4523 qui
1536 4458 1583 4510 ei
1616 4457 1793 4511 inesse
1827 4455 2175 4509 dicitur:lt;tc
2199 4470 2340 4520 vero,

2502 3290 2520 3324 t
2570 3272 2737 3341 μηνὸς
2763 3269 2861 3335 τῆς
2886 3265 3260 3336 παρελθούσης
3306 3265 3568 3334 τετάρτης
3606 3257 3986 3327 ἐπινεμήσξως

2422 3398 2427 3403 η
2504 3383 2521 3416 ι
2573 3361 2774 3434 μηδένα
2798 3359 2907 3413 τῶν
2933 3358 3190 3412 ἁπάντων
3219 3353 3523 3426 κληρικῶν,
3552 3352 3659 3404 κᾶν
3694 3349 3755 3401 ἐν
3787 3345 3988 3416 οἱφδή·

2505 3476 2525 3510 ι
2571 3472 2700 3508 ποτε
2740 3452 2982 3521 τυγχάνῃ
3019 3448 3233 3518 βαθμῷ,
3284 3448 3470 3502 ἄδειαν
3501 3444 3648 3513 ἔχειν
3682 3439 3841 3500 ἐκτὸς
3889 3438 3987 3503 τῆς

2503 3569 2523 3601 ι
2567 3547 2662 3601 τοῦ
2692 3546 2890 3599 οἰκείου
2912 3542 3211 3596 ἐπισκόπου
3252 3537 3583 3604 άπολυτικῆς
3614 3533 3901 3601 ἐγγράφου
3931 3532 3990 3579 ἐν

2502 3657 2521 3691 ι
2570 3637 2732 3707 ἑτέρᾳ
2778 3631 3204 3687 κατατάττεσθαι
3261 3626 3545 3695 ἐκκλησίᾳ.
3614 3623 3771 3675 Ἐπεὶ
3819 3620 3850 3671 δ
3912 3621 3989 3687 μὴ

2506 3751 2525 3783 ι
2568 3728 2727 3783 τοῦτο
2747 3727 2852 3779 ἀπὸ
2866 3723 2956 3777 τοῦ
2982 3723 3075 3777 νῦν
3104 3718 3671 3791 παραφυλαττόμενος,
3693 3712 3829 3764 ἀλλά
3854 3726 3959 3762 κατ
3976 3738 3991 3748 -

2508 3841 2528 3875 ι
2578 3819 2845 3890 αισχύνων
2896 3817 2957 3869 τό
3004 3832 3067 3881 γε
3097 3814 3185 3865 ἐπ’
3220 3811 3382 3863 αὑτὸν
3406 3809 3496 3861 τὸν
3524 3807 3621 3874 τὴν
3654 3802 3995 3874 χειροτονίαν

2510 3935 2529 3968 ι
2574 3912 2722 3981 αὐτῷ
2751 3907 3144 3969 ἐπιτεθεικότα,
3173 3901 3540 3971 καθαιρείσθω
3562 3896 3658 3951 καὶ
3681 3895 3869 3959 αὐτὸς,
3904 3894 3998 3945 καὶ

2515 4026 2533 4058 ι
2579 4007 2608 4057 ό
2642 3999 2972 4070 παραλόγως
2999 3996 3161 4049 αὐτὸν
3199 3989 3649 4062 προσδεξάμενος.
3688 4004 3707 4036 ι

2507 4094 2702 4150 ΒΔΛΣ.
2745 4089 3017 4148 Πολλάκις
3047 4087 3272 4152 εἴπομεν
3323 4084 3405 4135 δτι
3448 4079 3607 4151 χρεία
3667 4077 3783 4129 ἐστὶ
3835 4076 4003 4129 παντὶ

2443 4181 2692 4252 κληρικῷ
2715 4178 3179 4249 ἐξωχειροτονήτῳ
3201 4172 3384 4236 διττὰς
3404 4169 3618 4240 γραφάς
3642 4166 4004 4236 ἐπιφέρεσθαι

2441 4276 2532 4329 τοῦ
2598 4274 3068 4344 χειροτονήσαντος
3132 4268 3292 4320 αὖτδν
3316 4306 3331 4330 ,
3399 4260 3726 4327 συστατικὴν
3797 4259 4002 4325 δηλαδὴ

2445 4368 2537 4420 καὶ
2568 4364 2923 4433 άπολυτικὴν,
2963 4362 3038 4424 ὡς
3070 4361 3134 4414 ἂν
3162 4362 3228 4428 τῇ
3262 4358 3360 4428 μὲν
3391 4357 3659 4426 χρήσηται
3690 4355 3772 4413 είς
3812 4350 4005 4401 ὲπισύ-

2448 4475 2635 4512 στασιν
2664 4456 2758 4509 τοῦ
2787 4456 3079 4523 λεγομένου
3125 4451 3407 4521 προσεῖναι
3458 4444 3605 4513 αὑτῷ
3640 4441 3857 4512 βαθμοῦ
3889 4456 3905 4472 ο
3938 4442 4001 4507 τῇ

790 4566 847 4607 ιιι
883 4554 1014 4606 citra
1042 4552 1206 4605 ullum
1240 4551 1678 4620 impedimentum
1731 4550 1799 4602 ab
1857 4550 1958 4603 alia
2008 4547 2234 4602 ecclesia
2289 4548 2341 4600 in
2375 4537 2464 4603 De

2330 4563 2341 4599 I
2375 4537 2418 4591 ί)
2444 4552 2499 4603 δὲ
2526 4552 2604 4611 είς
2618 4549 2678 4601 τὸ
2690 4545 3173 4616 ἀπαρεμποδίστως
3194 4542 3276 4611 ἐφ’
3299 4543 3487 4609 ἐτέρας
3505 4534 3800 4601 ἐκκλησίας
3816 4532 4004 4601 κλήρῳ

789 4647 988 4700 elerum
1016 4652 1312 4711 cooptetur.
1345 4641 1477 4694 Nota
1521 4656 1648 4709 ergo
1709 4649 2029 4708 prmscntem
2084 4654 2343 4693 canoncm
2449 4663 2463 4696 ε

2334 4654 2343 4690 I
2449 4640 2936 4711 συγκαταλεγῆναι.
2974 4636 3285 4705 Σημείωσαι
3306 4632 3399 4685 οὖν
3424 4632 3512 4684 τὸν
3535 4628 3776 4696 παρόντα
3805 4624 4008 4677 κανόνα

795 4736 1027 4790 maxime
1056 4733 1419 4787 necessarium
1462 4748 1602 4793 esse,
1672 4740 1726 4785 et
1775 4732 2030 4785 clericum
2086 4730 2176 4798 qtti
2236 4745 2343 4783 non
2448 4738 2469 4789 ἀ

2333 4746 2343 4783 |
2448 4734 2872 4802 ἀναγκαιότατον
2909 4727 3068 4794 εἶναι,
3092 4728 3185 4781 καὶ
3214 4726 3580 4797 διοριζόμενον
3616 4718 4007 4786 καθαιρεῖσθαι

797 4830 943 4882 illius
974 4830 1171 4881 virtute
1200 4836 1447 4896 receptus
1477 4834 1578 4890 est,
1614 4834 1669 4879 et
1716 4824 2023 4892 episc0pum
2079 4824 2166 4890 qui
2225 4838 2349 4877 euut
2448 4849 2471 4885 τ

2336 4839 2349 4877 ι
2448 4831 2540 4885 τὸν
2568 4828 2718 4898 παρὰ
2745 4828 2842 4896 τὴν
2870 4828 3059 4877 τούτου
3094 4822 3320 4890 δύναμιν
3343 4818 3596 4886 δεχθέντα
3626 4814 3893 4881 κληρικδν
3917 4810 4010 4860 καὶ

802 4920 1013 4989 recepit
1044 4918 1157 4971 sine
1198 4916 1500 4972 dimissoria
1543 4915 1657 4984 ejus
1706 4915 1797 4984 qui
1860 4914 2006 4967 illum
2062 4912 2349 4979 ordinavit,
2451 4943 2476 4977 τ

2338 4956 2349 4979 ι
2451 4927 2540 4977 τὸν
2575 4921 2965 4988 ἀναδεξάμενον
3005 4916 3164 4970 αὑτὸν
3189 4915 3488 4965 ἐπισκοπον
3527 4906 3697 4976 χωρὶς
3750 4900 4012 4955 ἀπολυτι-

798 5011 988 5079 deponi
1049 5009 1257 5079 jubere.
1296 5009 1425 5061 Cum
1468 5008 1571 5063 hoc
1607 5009 1748 5061 enim
1798 5023 1938 5073 εει-νο
1990 5008 2243 5077 synodice
2270 5007 2345 5060 di-
2455 5036 2472 5070 δ

2339 5035 2345 5046 ’
2455 5019 2554 5087 κῆς
2583 5015 2677 5068 τοῦ
2722 5009 3196 5082 χειροτονήσαντος
3226 5003 3406 5057 αὐτόν.
3438 4997 3704 5057 Πολλάκις
3731 4994 3845 5063 γάρ
3886 4991 4013 5044 τού-

801 5114 948 5156 etum
981 5112 1142 5161 esset,
1174 5100 1419 5154 dixerunt
1440 5099 1677 5167 quidam,
1710 5113 1867 5150 unam
1903 5097 1983 5150 vel
2016 5097 2183 5150 solam
2217 5098 2355 5149 seri-
2454 5128 2475 5162 τ

2340 5126 2355 5137 ’
2454 5081 2543 5162 του
2575 5081 2901 5175 λαληθέντος
2928 5097 3241 5160 συνοδικῶς,
3271 5093 3417 5155 τινὲς
3437 5086 3589 5144 εἷπον
3616 5089 3746 5157 μίαν
3788 5085 3891 5137 καὶ
3924 5081 4014 5151 μό-

804 5207 1016 5261 pturam
1049 5191 1182 5245 satis
1208 5207 1327 5247 esse
1362 5191 1410 5244 ei
1440 5191 1529 5257 qui
1558 5200 1639 5245 est
1666 5190 1799 5244 foris
1832 5188 2129 5252 ordinatus,
2150 5187 2355 5243 scilicet
2457 5221 2478 5253 ν

2340 5197 2355 5241 ι
2457 5219 2553 5269 νην
2586 5172 2801 5269 yet:qu
2830 5193 2907 5261 τῷ
2940 5185 3406 5260 ἐξωχειροτονήτῳ
3429 5182 3640 5251 ἀρκεῖν,
3680 5172 4014 5240 συστατικὴν

804 5282 1314 5337 t-ommeudatitiam.
1370 5280 1566 5350 Excipe
1629 5280 1755 5333 milii
1820 5277 2359 5348 Coustantinopolila-
2456 5293 2478 5345 ε

2340 5308 2359 5318 ·
2456 5253 2683 5361 δηλαδσίῖ.
2710 5253 2993 5347 ’Ὑπέέελέ
3011 5253 3098 5350 μοι
3138 5253 3230 5331 τὸν
3261 5253 3899 5330 κωνσταντινουπόλεως
3928 5264 4014 5317 καὶ

805 5392 930 5429 num
967 5384 1021 5429 et
1045 5372 1525 5442 Cartltagineusem
1558 5373 1895 5443 episcopum.
1934 5369 1970 5423 li
2030 5370 2172 5422 enim
2234 5369 2355 5430 soli,
2460 5399 2479 5433 ιι

2343 5408 2355 5430 ι
2460 5355 2551 5433 τδν
2578 5355 2940 5449 Κάρχηδόνος.
2978 5369 3136 5426 Οὗτοι
3156 5369 3263 5438 γὰρ
3293 5365 3441 5437 μόνοι
3474 5364 3751 5422 δύνανται,
3784 5359 3866 5419 ὠς
3895 5355 4017 5407 πολ-

808 5479 866 5521 ut
926 5482 1069 5535 smpe
1133 5467 1333 5520 dictum
1400 5475 1504 5527 est,
1570 5473 1791 5532 possunt
1864 5461 2068 5514 alienos
2132 5458 2358 5513 clericos
2459 5471 2482 5522 λ

2340 5473 2358 5511 3
2459 5470 2613 5532 λάκις
2644 5444 2880 5538 είρτηται,
2917 5461 3228 5532 ἀλλοτρίους
3260 5454 3551 5525 κληρικοὺς
3583 5451 3839 5520 δέχεσθαι
3869 5444 4014 5516 παρὰ

810 5559 1079 5627 suscipere
1156 5568 1354 5627 prteter
1419 5557 1744 5610 voluntatem
1810 5569 1994 5609 eorum
2068 5554 2155 5623 qui
2216 5554 2361 5622 ipsos
2465 5578 2484 5629 π

1915 5569 1994 5607 ¹¹¹η
2068 5554 2155 5623 (ιυί
2216 5554 2361 5622 ίνεοε
2465 5544 2688 5630 γνῷμην
2725 5558 2836 5611 τῶν
2862 5551 3351 5626 χειροτονησάντων
3376 5544 3589 5606 αὑτούς.

808 5653 1144 5704 ordinarunt.

883 5739 1131 5798 ZONAR.
1164 5742 1308 5797 Multi
1336 5744 1386 5795 in
1420 5741 1563 5796 lianc
1613 5740 1928 5795 sententiam
1990 5739 2077 5793 alii
2132 5753 2365 5794 canones

813 5837 940 5893 editi
978 5846 1117 5892 sunt.
1145 5836 1240 5891 llic
1268 5849 1479 5905 qtto1ue
1510 5826 1763 5888 clericum
1793 5833 1843 5884 iu
1879 5832 2034 5885 aliam
2056 5831 2337 5888 ecclesiam

2537 5737 2781 5791 ZQNAP.
2822 5735 2957 5798 Περὶ
3012 5730 3200 5782 τούτου
3235 5725 3419 5778 πολλοὶ
3468 5721 3692 5782 κανόνες
3734 5716 4017 5788 διαγορεύ-

2468 5846 2603 5884 ουσι.
2636 5828 2743 5881 Καὶ
2802 5821 2962 5885 οὗτος
3015 5822 3071 5874 δὲ
3116 5820 3175 5872 οὗ
3218 5817 3488 5885 συγχωρεῖ
3515 5814 3644 5865 ἄνευ
3678 5811 3900 5881 γραφῆς
3931 5808 4015 5859 ιιςῦ
