4240 6442
203 400 289 457 573
1190 398 1267 457 1N
1304 400 1466 460 CAN.
1512 400 1742 461 ΧνΙιιε

1837 401 1942 463 NC.
1986 403 2067 463 IN
2105 406 2428 467 TRULLO.

3296 405 3399 475 57L

202 511 381 563 οἰκείου
415 510 711 562 ἐπισκόπου
765 508 1143 577 μετατίθεσθαί
1188 526 1307 561 τινα
1335 546 1339 553 ς
1369 510 1628 578 κληρικδν
1654 510 1734 572 είς

1837 512 2041 578 absque
2066 514 2345 582 impetrata
2407 516 2603 582 scripta
2684 519 2751 570 ab
2802 519 3055 585 episcopo
3118 520 3393 576 facultate.

203 604 372 671 ἐτέραν
404 601 721 671 ἐκκλησίαν.
742 600 817 661 ὼς
844 598 1269 667 καταισχύνοντα
1295 600 1416 651 ὅσον
1444 600 1503 651 τὸ
1529 602 1609 661 είς
1637 599 1733 652 αὒ-

200 694 282 745 τδν
311 691 396 745 τὸν
426 692 875 762 χειροτονήσαντα
915 690 1096 742 αὐτόν.
1134 690 1225 750 El;
1259 689 1365 756 γὰρ
1388 690 1731 758 καταφρόνη-

202 800 277 835 σιν
304 783 506 835 ἐκείνου
534 784 628 835 καὶ
651 782 874 850 ἀτιμίαν
914 781 1029 833 ἐστὶ¹
1086 781 1145 833 τὸ
1200 780 1434 849 ἀλλαχοῦ
1474 780 1732 833 ἀπελθεῖν

201 873 506 943 ἐκείνου-μὴ
539 872 944 942 ἐπιτρέψαντος.
1006 870 1095 924 Διὸ
1124 873 1216 924 καὶ
1261 870 1571 941 καθαιρέσει
1599 872 1736 924 ὑπάο

199 981 277 1027 γει
310 963 397 1017 τόν
421 981 479 1015 τε
513 962 877 1033 προσελθόντα
910 962 1194 1033 ἐπισκόπῳ
1237 962 1407 1033 ἑτέρῳ
1450 963 1543 1015 καὶ
1572 964 1732 1016 αὑτὸν

200 1056 278 1105 τὸν
302 1055 615 1125 δεξάμενον.

197 1261 402 1313 ΑΡΙΣΤ.
472 1281 489 1313 ι
550 1263 609 1312 '0
662 1261 1086 1331 προσδεχόμενος
1140 1259 1285 1324 ξένον
1336 1259 1614 1328 κληρικὸν,
1644 1261 1736 1313 καὶ

261 1371 277 1402 ι
319 1352 656 1421 χειροτονῶν,
684 1352 781 1403 σὺν
808 1352 885 1421 τῷ
920 1352 1103 1417 κακῶς
1146 1351 1575 1421 χειροτονηθέντι
1598 1348 1732 1403 καθ-

268 1463 283 1493 ι
322 1444 543 1513 ῄρηται.
580 1463 597 1496 ι

255 1538 434 1599 Οὐδεὶς
499 1537 606 1590 τῶν
667 1536 946 1607 κληρικῶν
1000 1537 1127 1592 ἄνευ
1178 1534 1402 1607 γνώμης
1452 1535 1547 1589 τοῦ
1598 1536 1728 1589 ίδίου

189 1628 477 1680 ἐπισκόπου
520 1630 577 1680 ἐν
634 1630 794 1701 ἑτέρᾳ
830 1628 1093 1697 ἐκκλησίᾳ
1121 1627 1552 1681 κατατάττεσθαι
1602 1644 1734 1695 συγ-

188 1718 508 1788 κεχώρηται.
546 1718 605 1772 Εἰ
629 1720 684 1773 δέ
706 1736 787 1781 τις
816 1720 1110 1780 ἐπίσκοπος
1143 1721 1234 1771 τὸν
1259 1718 1537 1787 ἀλλότριον
1568 1736 1734 1784 προσ·-

1840 605 2091 667 transire,
2129 616 2383 673 tanquam
2433 624 2495 659 eo
2541 609 2916 663 contumeliam
2962 611 3217 679 episcopo
3275 626 3394 673 suo.

1838 704 2096 762 quantum
2127 695 2178 749 in
2204 696 2321 764 ipso
2350 710 2452 762 est,
2486 698 2827 761 inferentem,
2878 716 2979 753 non
3011 703 3159 755 sinit.
3188 700 3323 755 Nam
3354 705 3400 757 is

1841 797 1993 845 certe
2049 793 2422 844 auctoritatem
2486 792 2724 862 episcopi
2784 794 3206 863 dignitatemque
3254 811 3396 851 con-

1837 881 2049 947 temnit,
2093 884 2397 952 quicunque
2442 886 2583 948 alio,
2636 885 2778 938 nulla
2812 885 3163 953 'tttigrationis
3215 891 3283 940 ali
3332 904 3399 942 eo

1838 971 1975 1025 facta
2023 984 2300 1041 potestate,
2350 977 2730 1043 proﬁciscitur.
2790 977 3022 1032 Proinde
3081 990 3388 1046 utrumque,

1839 1069 1949 1110 tum
1976 1061 2067 1128 qui
2110 1062 2437 1125 discesserit,
2469 1073 2578 1117 tum
2611 1066 2918 1137 episcOpum
2944 1068 3116 1135 ipsum
3152 1082 3180 1120 a
3205 1083 3314 1136 quo
3352 1071 3398 1122 is

1838 1162 2095 1216 exceptus
2120 1151 2302 1215 fuerit,
2326 1152 2520 1220 deponi
2540 1154 2712 1221 jubet.

1838 1237 2065 1292 ARIST.
2104 1259 2120 1289 ι
2157 1242 2258 1307 Qui
2290 1244 2540 1295 clericum
2584 1245 2923 1312 peregrinum
2976 1246 3196 1313 excipit,
3250 1248 3397 1299 ordi-

1917 1349 1934 1380 ι
1976 1338 2190 1399 natque,
2225 1348 2326 1386 una
2358 1348 2477 1387 cum
2523 1334 2723 1390 clerico
2768 1336 2905 1389 male
2938 1338 3183 1400 ordinato
3233 1339 3391 1407 depo-

1914 1440 1932 1474 C
1972 1435 2094 1478 netu
2105 1441 2147 1477 1⁵.
2185 1442 2204 1477 θ

1906 1513 2116 1567 Nemini
2148 1515 2465 1569 clericorum
2490 1518 2625 1570 citra
2656 1518 2739 1571 sui
2785 1517 3021 1586 episcopi
3065 1517 3395 1571 voluntatem

1839 1603 1890 1657 itt
1928 1608 2025 1658 alia
2054 1607 2279 1659 ecclesia
2308 1608 2559 1661 constitui
2586 1610 2934 1675 permittitur.
2980 1609 3034 1663 Si
3059 1613 3180 1679 quis
3212 1620 3394 1662 atttem

1820 1694 2120 1764 ‘episcOpus
2155 1697 2388 1751 alienmu
2418 1699 2697 1753 admiserit
2722 1699 2977 1753 clericum
3027 1702 3142 1754 siue
3198 1701 3396 1754 litteris

185 1810 385 1873 δέξεται
450 1810 705 1879 κληρικὸν
750 1810 878 1863 ἄνευ
929 1812 1204 1879 ἐγγράφου
1256 1808 1587 1862 ἀπολυτικοῦ
1638 1806 1732 1858 τοῦ

1837 1789 1953 1855 ejus
1982 1788 2220 1855 episcopi
2252 1788 2587 1849 dimissoriis.
2618 1799 2672 1845 et
2717 1792 2766 1842 in
2801 1805 2895 1843 sua
2946 1791 3177 1845 ecclesia
3233 1791 3395 1843 collo-

193 1903 486 1955 ἐπισκόπου
514 1873 700 1963 aii-:06,
725 1901 821 1953 καὶ
864 1904 928 1971 τῇ
1116 1873 1399 1970 ’ἐκκλησίᾳ
1428 1898 1734 1967 ἐγκατατά-

1839 1879 2063 1940 caverit,
2090 1877 2209 1931 licet
2238 1878 2287 1931 in
2330 1880 2517 1932 eadem
2562 1879 2828 1946 dignitate
2889 1889 3121 1944 maneat,
3177 1880 3288 1933 sive
3332 1881 3395 1931 ait

184 1993 281 2058 ξει,
313 1993 414 2047 κάν
439 1994 531 2047 ἐπὶ
555 1994 652 2062 τῆς
675 1993 843 2055 αὐτῆς
864 1992 1017 2056 ἀξίας
1041 1992 1202 2045 αὑτὸν
1225 1991 1454 2064 φυλάξῃ,
1485 1990 1588 2042 κᾶν
1640 1990 1737 2042 καὶ

182 2088 257 2149 εἰς
326 2086 546 2153 μείζονα
576 2087 926 2156 χειροτονήσῃ
986 2086 1230 2153 βαθμὸν,
1294 2083 1725 2151 καθαιρεθήσον-

182 2197 269 2232 ται
306 2178 401 2234 καὶ
426 2179 752 2249 ἀμφότεροι.

767 2271 1011 2324 ΚΑΝΩΝ
1042 2272 1148 2325 lH'.

190 2384 206 2413 -.
257 2338 400 2425 Teii?
426 2362 699 2430 προφάσει
746 2362 1087 2431 βαρϐαρικῆς
1123 2360 1446 2430 ἐπιδρομῆς,
1497 2360 1735 2430 ἢάλλως

252 2468 271 2500 ι
320 2466 434 2511 πως
491 2451 555 2502 ἐκ
608 2449 987 2519 περιστάσεως
1049 2450 1389 2517 μετανάστας
1443 2448 1735 2515 γεγονότας

254 2561 273 2593 ι
319 2540 636 2610 κληρικοὺς,
682 2542 847 2610 ἡνίκα
880 2542 924 2594 δ’
950 2541 1017 2594 ἂν
1054 2543 1081 2593 ὁ
1124 2542 1319 2610 τρόπος
1366 2541 1546 2601 αὐτοῖς
1593 2541 1732 2594 dato-

252 2652 271 2683 ‹
316 2634 613 2702 παύσηται,
646 2631 678 2703 ἢ
707 2636 762 2686 al
816 2633 922 2686 τῶν
964 2632 1265 2702 Βαρϐάρων
1315 2631 1628 2700 ἐπιδρομαὶ,
1663 2633 1729 2685 δι’

250 2743 268 2774 ι
316 2723 383 2786 ἀς
418 2723 517 2793 τὴν
538 2724 888 2793 ἀναχώρησιν
936 2724 1281 2792 ἐποιήσαντο,
1321 2721 1475 2784 αὖθις
1508 2723 1566 2774 ἐν
1613 2725 1732 2782 ταῖς

250 2836 269 2865 ε
314 2816 544 2878 οἰκείαις
572 2815 897 2884 ἐκκλησίαις
932 2816 1352 2886 προστάσσομεν
1375 2812 1727 2884 ἀνέρχεσθαι,

250 2929 267 2958 ι
315 2910 412 2962 καὶ
443 2908 519 2978 μὴ
568 2907 663 2960 ἐπὶ
697 2907 832 2961 πολὺ
878 2908 1082 2970 ταύτας
1122 2906 1541 2976 ἀπροφασίστως
1568 2921 1733 2959 κατα-

245 3020 265 3051 (
312 2999 628 3068 λιμπάνειν.
653 2999 716 3053 Ei
742 2997 799 3051 δέ
832 3016 915 3061 τις
942 2998 1186 3068 μὴκατά
1216 2997 1312 3051 τὸν
1341 2995 1587 3066 παρόντα
1613 2995 1730 3049 δια-

248 3111 266 3141 ι
313 3090 537 3159 γένηται
588 3088 811 3151 κανόνα,
852 3087 1216 3159 ἀφοριζέσθω,
1269 3086 1463 3157 μέχρις
1496 3085 1563 3138 ἂν
1595 3085 1731 3154 πρὸς

250 3202 268 3234 ι
315 3183 416 3250 τὴν
441 3182 647 3235 οίκείαν
696 3180 995 3251 ἐκκλησίαν
1042 3179 1437 3255 ἐπαναδράμοι.
1494 3176 1567 3230 Τὸ
1600 3178 1729 3232 αὐτὸ
1757 3215 1800 3275 C

244 3293 264 3324 ‹
315 3274 375 3326 δέ
414 3272 571 3326 τοῦτο
596 3273 689 3325 καὶ
716 3272 808 3326 ἐπὶ
831 3271 909 3343 τῷ
938 3273 1223 3341 κατέχοντι
1249 3271 1410 3324 αὐτὸν
1445 3271 1728 3339 ἑπισκόπῳ

246 3386 263 3417 t
313 3365 570 3433 γινέσθω.
606 3384 625 3417 ι

238 3458 441 3512 ΒΑΛΣ.
471 3456 739 3525 Μεγάλων
759 3456 895 3509 είσὶν
916 3454 1204 3525 ἐγκωμίων
1228 3454 1367 3521 ἄξιοι
1396 3454 1446 3507 οἱ
1470 3453 1725 3523 Πατέρες.

163 3551 279 3616 Τῆς
311 3550 421 3619 γὰρ
446 3548 907 3618 ἐκκλησιαστικῆς
957 3546 1212 3610 εὐταξίας
1264 3550 1359 3600 καὶ
1410 3549 1507 3615 τῆς
1562 3547 1729 3616 τιμῆς

163 3639 404 3692 ἑκάστου
445 3638 551 3690 τῶν
583 3636 899 3690 ἐπισκόπων
924 3637 1323 3706 φροντίζοντες,
1368 3635 1572 3707 ὥρισαν
1604 3636 1730 3695 τοὺς

160 3732 255 3783 διά
282 3747 437 3793 τινας
468 3730 723 3797 εὐλόγους
760 3729 938 3797 αέτίας
968 3728 1406 3797 μεταναστάντας
1436 3726 1730 3795 κληρικοὺς

164 3822 343 3894 χωρὶς
374 3820 709 3888 ἀπολυτικῆς
738 3820 957 3888 γραφῆς
981 3819 1088 3872 τῶν
1112 3817 1606 3887 χειροτονησάντων
1633 3816 1730 3867 αὐ-

159 3916 293 3977 τοὺς
320 3914 488 3968 πάλιν
526 3914 757 3982 δραμεῖν
781 3914 859 3973 εἰς
884 3912 977 3963 τὸν
1022 3912 1222 3963 οἰκεῖον
1254 3909 1476 3977 κλῆρον,
1532 3909 1731 3977 παρελ-

169 4009 376 4079 θούσης
406 4008 508 4078 τῆς
529 4007 903 4077 περιστάσεως
931 4003 1000 4057 δι’
1023 4005 1088 4074 ἥν
1110 4002 1460 4072 ἀνεχώρησαν
1483 4016 1497 4030 ⁸
1527 4000 1622 4051 καὶ
1655 4000 1729 4068 μὴ

164 4102 318 4173 ἔχειν
343 4100 432 4154 ἐπ’
466 4101 654 4162 ἀδείας
689 4100 770 4161 είς
816 4097 1010 4166 ἐτέρας
1068 4095 1365 4164 ἐκκλησίας
1404 4090 1732 4145 κατατάττε-

162 4194 321 4247 σθαι.
353 4192 459 4243 Τὸν
490 4191 547 4242 δέ
606 4188 680 4259 μὴ
719 4185 1039 4255 πειθόμενον
1071 4183 1429 4252 ὑποστρέψαι,
1467 4181 1602 4234 ἀλλά
1637 4181 1731 4233 καὶ

160 4283 333 4337 αὐτὸν
374 4281 466 4335 τὸν
502 4279 800 4349 κατέχοντα
828 4276 1017 4329 τοῦτον
1038 4275 1331 4328 ἐπίσκοπον
1354 4260 1729 4341 ἀφορίζεσθαι.

161 4377 332 4429 Εῐποι
362 4374 421 4427 δέ
447 4390 532 4434 τις
557 4372 655 4435 ὡς,
697 4372 746 4423 εί
789 4370 887 4438 μὲν
917 4368 1213 4428 ἐπίσκοπος
1259 4365 1498 4417 τοιοῦτόν
1537 4380 1589 4416 τι
1615 4379 1732 4414 ποι-

157 4473 313 4538 ήσει,
344 4466 498 4536 παρά
520 4465 616 4518 τοῦ
642 4460 1039 4533 μητροπολίτου
1058 4457 1489 4526 ἀφορισθήσεται
1510 4470 1525 4485 ο
1556 4454 1734 4507 ὡσαύ-

155 4576 299 4622 τως,
337 4557 434 4610 καὶ
468 4557 562 4609 ἐάν
598 4553 999 4625 μητροπολίτης
1035 4549 1424 4619 καταφρονήσῃ
1442 4546 1541 4600 τοῦ
1576 4546 1731 4599 κανό-
1764 4568 1804 4623 ι)

155 4664 283 4711 νος,
324 4646 482 4715 παρά
535 4643 632 4697 τοῦ
694 4641 1036 4713 πατριάρχου
1086 4638 1509 4707 κολασθήσεται.
1560 4637 1620 4689 Εἰ
1676 4635 1733 4687 δὲ

153 4736 544 4807 αὐτοκέφαλος
596 4734 1023 4805 άρχιεπίσκοπος
1087 4730 1122 4801 ἢ
1165 4731 1508 4801 πατριάρχης
1560 4725 1732 4796 χωρὶς

150 4833 260 4885 τοῦ
299 4826 937 4888 Κωνσταντινουπόλεως
994 4817 1169 4893 (οὗτος
1206 4822 1315 4889 γὰρ
1353 4818 1548 4873 ἐλαϐεν
1576 4817 1730 4882 ἐξου-

154 4926 293 4978 σίαν
331 4923 454 4977 οἷαν
479 4919 748 4989 είπομεν),
776 4918 880 4972 ὑπὸ
900 4916 995 4969 τοῦ
1018 4916 1238 4978 κανόνος
1266 4911 1567 4974 ἁλίσκεται,
1585 4909 1735 4978 παρὰ

152 5015 314 5076 τίνος
346 5009 821 5081 ἀφορισθήσεταις
862 5008 1060 5077 Οίομαι
1107 5000 1201 5059 οὖν
1236 5003 1387 5074 παρὰ
1411 5000 1505 5055 τοῦ
1551 4999 1735 5071 μείζο-

148 5123 250 5169 νος
280 5103 612 5176 ἀρχιερέως.
1692 5119 1697 5124 ·

225 5273 486 5329 ΖΩΝΔΡ.
527 5272 682 5337 Τινὲς
715 5271 964 5344 κληρικοὶ
997 5272 1084 5325 διά
1133 5269 1436 5340 Βαρϐάρων
1490 5267 1729 5335 ἐφόδους,

143 5368 178 5437 ἦ
216 5367 547 5437 φορολόγων
574 5365 989 5436 ἀπανθρωπίας,
1028 5364 1061 5433 ἢ
1103 5363 1259 5432 λιμὸν
1308 5363 1439 5423 ἴσως
1479 5363 1545 5431 τῇ
1581 5360 1734 5429 χώρᾳ

142 5459 353 5513 αὐτῶν
395 5458 797 5528 ἐπισυμϐάντα,
838 5457 869 5527 ἢ
904 5457 1000 5509 καὶ
1031 5454 1102 5509 δι’
1138 5454 1328 5523 ἐτέρας
1350 5452 1532 5515 αίτίας
1570 5469 1733 5521 μετα-

140 5552 531 5613 ναστεύοντες
561 5553 639 5613 είς
662 5552 845 5621 χώρας
868 5549 1035 5612 ἄλλας
1066 5546 1289 5600 ἀπίασι.
1320 5546 1459 5607 Τοὺς
1501 5540 1597 5597 οὖν
1620 5562 1733 5596 τοι-

138 5646 365 5706 ούτους
410 5642 661 5713 βούλεται
700 5643 730 5694 ό
757 5641 955 5704 κανὼν,
992 5641 1089 5709 τῆς
1141 5638 1319 5699 αἰτίας
1364 5636 1729 5704 διαλυθείσης,

134 5736 217 5791 δι’
263 5738 341 5808 ἥν
380 5736 715 5805 μετανάσται
744 5737 852 5786 τῶν
893 5734 1038 5785 ἰδίων
1085 5730 1340 5797 γεγόνασι
1400 5726 1603 5780 πόλεων
1638 5729 1731 5779 καὶ

142 5830 512 5899 ἐκκλησιῶν,
544 5830 623 5892 είς
667 5826 833 5897 αὐτάς
877 5824 1258 5894 ὑποστρέφειν,
1292 5821 1383 5873 καὶ
1439 5822 1512 5890 μὴ
1543 5820 1732 5889 ἐπιμέ-

1847 1971 2099 2037 majorem
2140 1972 2360 2041 gradum
2408 1971 2754 2041 provehatur,
2808 1974 2966 2027 ambo
3020 1976 3182 2028 etiam
3221 1974 3398 2041 ,depo-

1844 2076 2054 2159 nentur.
2493 2057 2504 2063 ’

2383 2201 2605 2294 CANON
2644 2239 2829 2296 xvut.

1840 2330 1943 2385 Eos
1974 2331 2063 2401 qui
2097 2330 2391 2401 barbarica:
2422 2332 2743 2386 inet.rsi0nis
2778 2341 3060 2399 praetextu,
3090 2332 3173 2386 vel
3214 2333 3394 2402 aliqua

1913 2444 1931 2475 ι
1966 2424 2069 2477 alio
2088 2426 2241 2477 modo
2265 2432 2479 2489 propter
2509 2424 2738 2491 aliquam
2766 2424 3226 2479 circumstantiam
3261 2426 3393 2478 emi-

1910 2535 1929 2568 ι
1967 2526 2206 2585 grarunt,
2237 2516 2482 2579 clericos,
2508 2526 2783 2584 postquam
2817 2516 3003 2571 modus
3035 2517 3124 2570 ille
3176 2532 3237 2569 ac
3284 2519 3390 2573 cir-

1910 2625 1929 2658 ι
1956 2605 2271 2661 cumstantia
2304 2605 2549 2668 cessarit,
2583 2603 2665 2659 vel
2702 2604 2995 2659 barbaricae
3042 2606 3393 2668 incursiones,

1910 2717 1928 2749 ι
1962 2706 2178 2766 propter
2199 2711 2334 2765 quas
2356 2704 2710 2759 secesserant,
2747 2711 2928 2750 rursus
2960 2697 3012 2751 in
3061 2712 3185 2751 suas
3230 2697 3388 2765 julle~

1910 2808 1929 2844 t
1970 2804 2087 2844 mus
2110 2787 2369 2842 ecclesias
2394 2787 2609 2853 reverti,
2641 2802 2737 2841 nec
2763 2802 2855 2841 eas
2898 2788 2985 2841 diu
3032 2789 3233 2856 absque
3280 2788 3384 2840 tilla

1908 2900 1927 2933 ι
1964 2881 2245 2937 occasione
2280 2880 2603 2951 relinquere.
2641 2879 2697 2933 Si
2729 2881 2850 2947 quis
2898 2891 3100 2946 autem,
3161 2895 3263 2934 non
3331 2892 3389 2931 ut

1909 2991 1929 3026 ι
1976 2987 2211 3043 prmsens
2273 2972 2384 3025 vult
2451 2986 2643 3037 canon,
2725 2970 2976 3034 abfuerit,
3060 2980 3389 3042 segregetur,

1916 3085 1935 3119 ι
1967 3068 2134 3120 donec
2164 3066 2228 3117 ad
2281 3079 2432 3118 suam
2483 3063 2765 3117 ecclesiam
2821 3064 3024 3117 redeat.
3063 3063 3175 3116 Hoc
3221 3063 3391 3131 ipsmu

1910 3177 1929 3211 ι
1965 3169 2142 3211 autem
2172 3157 2334 3212 etiam
2363 3154 2416 3211 in
2448 3170 2513 3212 eo
2539 3156 2628 3210 ﬁat
2665 3158 2935 3227 episcopo,
2971 3158 3059 3225 qui
3094 3156 3240 3208 illum
3280 3156 3375 3210 de-

1910 3271 1929 3303 t
1975 3262 2127 3306 ltnet.

1902 3431 2095 3487 BALS.
2136 3429 2340 3499 Magnis
2370 3428 2614 3487 laudibus
2639 3426 2781 3498 digni
2812 3436 2936 3481 sunt
2967 3427 3172 3481 Patres.
3222 3428 3403 3481 Eccle.

1833 3524 2037 3579 siastici
2090 3521 2230 3574 enim
2316 3520 2520 3574 ordinis
2571 3529 2625 3573 et
2677 3518 3094 3589 uniuscujusque
3158 3520 3397 3587 episcotii‘

1835 3616 2053 3671 honoris
2097 3628 2280 3667 curam
2337 3622 2600 3679 gerentes,
2659 3621 2959 3666 statuerunt
3004 3612 3249 3675 clericos,
3300 3613 3391 3681 qui

1836 3706 2244 3778 propterjustas
2273 3705 2479 3773 aliquas
2540 3720 2601 3758 ac
2651 3705 2953 3771 probabiles
3003 3720 3219 3767 causas.
3278 3705 3403 3758 sine

1836 3815 2017 3852 eorum
2052 3814 2078 3849 a
2122 3798 2314 3867 quibus
2343 3796 2571 3850 ordinati
2604 3796 2759 3866 177
2791 3804 2912 3848 sttut
2946 3795 3261 3849 ditnissoriis
3304 3794 3397 3846 lir—
3466 3806 3473 3811 '

1839 3892 1986 3952 teris,
2024 3891 2374 3957 emigrarunt,
2399 3888 2462 3940 ad
2494 3902 2646 3940 suum
2677 3888 2878 3941 clerum
2911 3888 3125 3950 reverti,
3153 3900 3275 3940 cum
3301 3886 3395 3940 illa
3444 3941 3451 3945 _

1837 3982 2152 4051 praeterierit
2178 3978 2583 4038 circumstantia
2612 3986 2828 4046 propter
2846 3993 3005 4045 quam
3022 3986 3395 4041 secesserunt;
3467 4002 3471 4015 ο

1838 4090 1932 4129 nec
1982 4075 2060 4130 eis
2094 4075 2254 4128 licere
2306 4075 2361 4126 in
2414 4072 2637 4124 aliarum
2691 4072 3043 4125 ecclesiarum
3084 4070 3385 4132 catalogum

1837 4166 2025 4222 referri
2057 4185 2071 4221 :
2108 4182 2227 4221 eum
2266 4174 2467 4224 autem,
2504 4163 2587 4217 cui
2619 4161 2932 4230 persuaderi
2976 4176 3081 4213 non
3123 4169 3298 4228 potest
3334 4168 3391 4212 ut

1839 4259 2037 4321 redeat,
2073 4258 2365 4329 quinetiam
2397 4265 2449 4310 et
2472 4255 2779 4323 episcOpum
2811 4254 2900 4318 qui
2945 4251 3117 4323 ipsum
3171 4251 3395 4308 detinet.

1838 4349 2125 4420 segregari.
2159 4346 2363 4399 Dixerit
2427 4355 2604 4397 autem
2660 4341 2946 4411 quispiam,
2982 4341 3139 4410 {quod
3196 4342 3241 4393 si
3279 4341 3395 4407 epi-

1840 4456 2035 4510 scopus
2062 4440 2274 4509 quidem
2329 4436 2431 4489 tale
2480 4435 2606 4503 quid
2664 4434 2922 4495 fecerit,a
2986 4432 3402 4498 metropolitano

1838 4530 2384 4589 excommunicabitur
2412 4546 2423 4579 :
2452 4526 2698 4580 similiter
2739 4536 2796 4579 et
2852 4525 2899 4578 si
2940 4523 3390 4593 metropolitauus

1838 4639 2095 4680 canonem
2127 4621 2523 4688 contempserit,
2584 4633 2612 4671 a
2663 4617 2971 4688 patriarcha
3030 4617 3298 4686 punietur.
3335 4617 3395 4669 Si
3487 4689 3489 4693 ἢ

1836 4730 2011 4772 autem
2045 4713 2504 4782 archiepiscOptts,
2530 4710 2621 4777 qui
2647 4719 2728 4764 est
2760 4709 2961 4776 primas
2990 4715 3044 4762 et
3078 4717 3258 4774 caput,
3305 4708 3388 4759 vei

1836 4808 2377 4878 patriarcha,pra:ter
2419 4802 3065 4869 Coostantinopolitanum
3126 4802 3194 4868 (is
3250 4801 3391 4855 enim

1836 4901 1996 4954 habet
2028 4900 2143 4952 eain
2180 4912 2338 4965 quam
2382 4896 2617 4951 diximus
2669 4892 2998 4963 facultatem)
3037 4894 3176 4960 quod
3236 4907 3395 4945 cauo-

1836 5008 1954 5047 nem
1992 5000 2357 5059 transgressus
2394 4988 2482 5052 sit,
2525 4987 2901 5051 convincatur,
2951 5002 2981 5039 a
3025 5000 3131 5054 quo
3176 4999 3393 5039 excom-

1836 5081 2244 5139 municabitur?
2274 5080 2532 5135 Existimo
2559 5092 2707 5144 ergo,
2750 5078 2889 5147 quod
2940 5091 2970 5131 a
3018 5076 3224 5145 majore
3264 5090 3392 5144 pon-

1835 5178 2156 5323 υηΞῖίΝΑῐζ.
2188 5265 2287 5321 Vel
2318 5263 2710 5319 incursionibus
2733 5260 3114 5322 Barbarorum,
3136 5256 3218 5312 vel
3240 5270 3393 5313 acer-

1833 5359 1999 5413 bitate
2024 5358 2233 5411 illorum
2267 5356 2354 5424 qui
2394 5354 2594 5407 tributa
2622 5353 2867 5419 exigunt,
2892 5349 2976 5404 vel
3004 5348 3227 5402 fortasse
3245 5346 3388 5401 fame

1834 5450 2105 5520 regionem
2135 5455 2457 5512 occupante,
2487 5446 2568 5499 vel
2598 5446 2667 5499 ob
2700 5443 2834 5495 alias
2876 5440 3137 5511 ejusmodi
3197 5454 3413 5495 causas

1834 5540 2120 5612 aliquando
2154 5540 2330 5600 ﬁebat,
2365 5547 2424 5591 ut
2481 5539 2529 5591 in
2592 5537 2794 5589 alienas
2853 5546 3041 5599 terras,
3093 5533 3386 5587 domestica

1834 5638 1959 5692 sede
2010 5636 2216 5697 relicta,
2264 5632 2496 5700 migrare
2543 5630 2725 5684 clerici
2772 5628 2988 5696 quidam
3042 5633 3381 5693 cogerentur.

1834 5727 1937 5780 Eos
1966 5726 2149 5794 igitur,
2182 5724 2267 5776 ubi
2299 5722 2527 5787 primum
2576 5734 2734 5773 causa
2790 5717 2897 5780 illa,
2962 5724 3177 5784 propter
3223 5729 3381 5783 quam

1836 5833 1953 5873 sesc
1985 5819 2051 5871 ab
2078 5816 2296 5870 urbibus
2327 5812 2672 5880 ecclesiisque
2698 5810 2807 5863 suis
2837 5807 3148 5889 abjutuere,
3174 5807 3383 5862 sublata
