4240 6442
809 394 915 454 575
2054 395 2331 458 ΤΗΕΟΙ).
2368 393 2459 452 ΒΑ
2471 394 2776 458 LSAMON
3956 400 4045 459 .376

814 511 996 571 fuerit,
1029 509 1214 562 adeas
1269 510 1491 571 reverti,
1549 525 1722 579 neque
1786 512 1987 564 diutius
2048 512 2100 564 in
2155 518 2375 563 externa
2407 503 2488 558 A~

2373 503 2594 562 ιΑνειν
2619 514 2682 581 τῇ
2722 511 2899 583 χώρᾳ,
3039 511 3489 584 προσεληλύθασι,
3541 512 3642 581 τῆς
3699 512 4047 582 προφάσεως,

817 603 1032 670 regione
1061 603 1127 652 ad
1173 616 1334 667 quam
1398 613 1761 666 accesserunt,
1816 615 2074 668 pra'icxtn
2135 610 2387 656 cessante

818 690 1150 760 peregrinari
1183 705 1353 744 canon
1381 692 1553 758 jubet.
1594 692 1837 746 Clericos
1887 705 2086 754 autem,
2135 695 2222 760 qni
2278 708 2384 746 non

816 783 1062 844 redeunt,
1097 791 1152 833 ut
1184 783 1442 837 ecclesias
1467 783 1520 836 in
1556 783 1751 852 quibus
1780 783 2013 837 ordinati
2063 777 2222 846 sunt,
2264 785 2386 837 sine

818 890 981 928 causa
1057 874 1444 943 relinquentes,
1507 885 1562 929 et
1626 877 1745 928 aliis
1816 888 2068 932 vacantes
2115 877 2384 948 segregari

811 968 983 1033 jubet,
1019 984 1187 1037 usque
1217 969 1342 1020 dum
1376 968 1440 1021 ad
1471 969 1778 1032 ecclesiam,
1812 986 1841 1021 c
1869 987 1974 1038 qua
2023 969 2381 1038 etuigrabant,

817 1071 1200 1114 revertantur:
1238 1063 1411 1128 ipsum
1439 1076 1601 1130 porro
1633 1062 1944 1130 episcopum
1991 1066 2080 1132 qui
2141 1078 2235 1115 eos
2292 1063 2388 1117 ad-

815 1153 962 1205 misit
993 1163 1044 1205 et
1076 1153 1298 1216 detinet,
1341 1156 1704 1225 segregationi
1735 1155 1978 1222 subjicit,
2015 1157 2253 1224 quandiu
2291 1171 2386 1212 eos

817 1249 1041 1301 (Iulium.

813 1380 1041 1435 ARIST.
1111 1400 1128 1432 ι
1180 1382 1281 1448 Qui
1348 1384 1680 1438 barbaricam
1731 1397 1949 1455 propter
2019 1387 2384 1441 incursionem

893 1495 910 1524 σ
972 1476 1254 1538 ctttigravit
1300 1487 1549 1530 cessante
1600 1477 1927 1542 incursione,
1983 1480 2050 1532 ad
2097 1479 2384 1535 ecclesiam

889 1586 906 1616 ι
974 1568 1028 1619 in
1083 1568 1236 1635 cujus
1301 1567 1503 1621 clerum
1564 1580 1846 1637 cooptatus
1893 1580 1975 1624 est
2059 1583 2381 1625 revertatur.

893 1677 910 1710 ι
978 1656 1071 1712 Sin
1108 1660 1307 1722 mimis,
1342 1675 1444 1713 una
1488 1676 1612 1714 cum
1645 1676 1730 1722 eo,
1789 1663 1855 1714 ad
1922 1678 2080 1732 quem
2131 1664 2380 1728 accessit,

887 1767 905 1799 ι
967 1762 1298 1818 segregatur.
1345 1769 1362 1800 ι

882 1880 1144 1946 Clericus,
1197 1883 1286 1949 qui
1334 1883 1452 1935 sine
1503 1898 1663 1937 causa
1718 1884 1898 1954 aliqua
1967 1887 2268 1943 necessaria
2314 1893 2382 1948 ab

809 1971 1039 2025 ecclesia
1077 1971 1129 2024 in
1167 1987 1266 2040 qna
1298 1975 1349 2024 in
1372 1976 1574 2029 clerum
1601 1986 1881 2044 cooptatus
1913 1977 2034 2043 fuit,
2069 1983 2291 2043 recedit.
2327 1992 2382 2039 et

815 2063 971 2114 aliam
1011 2065 1120 2116 adit
1151 2065 1458 2127 ecclesiam,
1503 2077 1555 2119 ct
1613 2068 1681 2122 ab
1721 2069 1976 2138 episcopo
2019 2074 2107 2140 qui
2175 2073 2245 2128 ibi
2297 2083 2381 2129 est

811 2154 1136 2219 admittitur,
1163 2168 1216 2208 et
1247 2157 1384 2210 inter
1410 2158 1640 2212 clericos
1673 2160 1791 2228 ejus
1841 2175 2176 2228 recensctur,
2214 2168 2380 2234 depo-

820 2248 988 2309 nitur,
1025 2263 1130 2300 una
1161 2263 1280 2302 cum
1313 2265 1377 2303 co
1413 2250 1504 2320 qui
1533 2269 1652 2306 enm
1679 2254 1895 2309 admisit
1925 2264 1982 2308 ut
2027 2271 2197 2310 canon
2235 2258 2380 2312 deci-

817 2352 931 2388 mus
962 2341 1225 2408 septimus
1257 2352 1381 2396 ante
1410 2343 1646 2412 scriptus
1667 2345 1928 2402 decernit.
1964 2346 2063 2412 Qui
2091 2361 2271 2404 autent
2313 2351 2384 2406 ob

814 2425 1169 2483 liarbarorum
1201 2431 1562 2487 incursionem
1590 2444 1683 2489 aut
1717 2438 1876 2490 aliam
1912 2439 2377 2494 circumstantiam

813 2533 1099 2574 causamve
1121 2520 1326 2589 justam
1361 2524 1587 2579 ecclesia
1615 2542 1711 2580 sua
1743 2528 1971 2596 emigrat
2014 2530 2267 2596 clericus,
2313 2532 2380 2597 si,

813 2627 972 2665 caiisa
1005 2612 1090 2666 illa
1116 2617 1184 2668 ob
1207 2630 1367 2683 quam
1403 2618 1657 2686 migravit
1681 2633 1952 2682 cessante,
1981 2625 2045 2680 ad
2090 2625 2379 2680 ecclesiam

817 2720 990 2768 suam,
1028 2707 1210 2775 inqua
1245 2710 1295 2762 in
1334 2709 1538 2765 clerum
1595 2725 1876 2782 cooptatus
1926 2715 2049 2781 fuit,
2111 2732 2213 2772 non
2271 2721 2384 2775 vult

818 2796 1016 2860 redire,
1052 2808 1382 2871 segregatnr,
1417 2819 1519 2856 una
1548 2819 1668 2859 cum
1697 2807 1946 2876 episcopo
1975 2826 2063 2879 qttl
2096 2826 2217 2865 eum
2255 2815 2382 2874 rcti-

817 2895 1276 2957 net,usqnednm
1329 2895 1392 2948 ad
1443 2911 1561 2950 eam
1617 2911 1882 2956 recurrat.
1940 2901 2114 2956 Causa
2179 2913 2378 2971 autem,

819 2981 1223 3051 propterquam
1254 2986 1339 3041 hic
1394 2990 1612 3057 quidem
1675 3006 2014 3062 scgregatnr,
2056 2996 2145 3050 ille
2201 3008 2378 3052 autem

817 3076 1118 3140 cli-ponitur,
1149 3081 1289 3145 justa
1328 3095 1426 3135 cst.
1457 3082 1562 3137 Nec
1591 3085 1733 3138 enim
1784 3101 1838 3138 ιιι
1873 3088 1980 3148 ille,
2041 3091 2117 3144 sic
2159 3093 2264 3154 hic,
2313 3094 2378 3146 al,

2493 603 2898 673 παρελθούσης·
2930 606 3057 667 τοὺς
3094 604 3150 656 δὲ
3183 603 3258 672 μὴ
3287 603 3606 662 ἐπανιόντας
3643 603 3963 672 κληρικοῦς.
3985 603 4053 666 ὼς

2488 695 2914 764 ἀπροφασίστως
2941 700 3040 760 τὰς
3078 697 3369 765 ἐκκλησίας
3425 697 3966 764 καταλιμπάνοντας.
4000 695 4051 746 ἐν

2489 781 2577 846 αἷς
2606 787 3038 857 κατετάχθησαν,
3075 789 3169 840 καὶ
3203 789 3414 856 ἑτέραις
3449 787 3831 856 σχολάζοντας.
3862 788 4054 853 acopi-

2488 880 2674 944 ζεσθαι
2715 882 2944 944 κελεύει,
2988 885 3091 944 ἕως
3139 883 3204 935 ἂν
3269 883 3605 936 ἐπανέλθωσι
3647 882 3782 951 πρὸς
3823 881 3923 949 τὴν
3964 884 4048 932 ἐκ-

2487 974 2720 1045 κλησίαν
2767 974 2825 1040 ἐξ
2853 972 2921 1046 ἦς
2954 975 3354 1046 ὑπεχώρησαν·
3401 977 3495 1028 καὶ
3534 975 3625 1028 τὸν
3669 975 3975 1027 ἐπίσκοπον
4001 974 4047 1024 δὲ

2487 1067 2579 1118 τὸν
2626 1067 2921 1137 δεξάμενον
2985 1071 3079 1122 καὶ
3139 1070 3440 1137 κατέχοντα
3505 1067 3704 1130 αὐτοὺς
3758 1065 4049 1134 ἀφορισμῷ

2488 1159 2800 1231 ὑποτίθησι,
2846 1162 3040 1231 μέχρις
3079 1160 3148 1214 ἂν
3170 1162 3376 1231 κατέχῃ
3411 1158 3632 1222 αὑτούς.

2488 1386 2706 1440 ΔΡΙΣΤ.
2755 1405 2774 1436 ι
2822 1385 2878 1438 '0
2917 1385 3002 1438 διὰ
3049 1385 3395 1456 βαρϐαρικὴν
3459 1387 3762 1456 ἐπιδρομὴν
3806 1388 4052 1454 μετανέ-

2561 1497 2580 1530 ι
2631 1495 2781 1547 στης,
2807 1481 3163 1547 παυσαμένης
3188 1479 3286 1547 τῆς
3313 1479 3634 1548 ἐπιδρομῆς,
3664 1479 4049 1533 παλινοττείτω

2561 1588 2581 1622 ε
2629 1569 2763 1639 πρὸς
2793 1571 2894 1640 τὴν
2926 1571 3225 1640 ἐκκλησίαν
3351 1572 3700 1640 κεκλήρωται
3726 1588 3740 1601 ⁸
3780 1572 3912 1625 είδὲ
3956 1573 4052 1641 μὴ,

2559 1678 2578 1711 ι
2629 1662 2768 1731 μετὰ
2801 1661 2895 1714 τοῦ
2939 1661 3366 1731 προσειληφότας
3395 1663 3746 1733 ἀφορίζεται.
3785 1681 3804 1713 ι

2565 1877 2626 1929 '0
2659 1876 2758 1946 μὲν
2788 1875 2862 1946 μὴ
2887 1876 2975 1930 διά
3007 1893 3130 1930 τινα
3169 1874 3493 1947 περίστασιν
3536 1876 3901 1948 ἀναχωρήσας
3927 1878 4052 1948 κληο

2489 1969 2642 2038 ρικδς
2667 1969 2766 2039 τῆς
2798 1969 3099 2040 ἐκκλησίας
3135 1964 3171 2041 ἦ
3201 1968 3514 2040 ἐκληρώθη,
3549 1969 3645 2024 καὶ
3683 1971 3822 2039 πρὸς
3858 1971 4052 2042 ἑτέραν

2485 2060 2740 2114 ἀπελθὼν
2765 2063 3090 2131 ἐκκλησίαν,
3124 2061 3220 2116 καὶ
3265 2061 3417 2131 παρὰ
3464 2061 3562 2115 τοῦ
3609 2063 3795 2116 ἐκεῖσε
3832 2063 4050 2116 ἐπισκό·

2488 2173 2590 2206 που
2617 2154 2988 2223 προσδεχθεὶς,
3015 2154 3110 2207 καὶ
3136 2155 3249 2218 τοῖς
3271 2153 3552 2223 κληρικοῖς
3577 2152 3743 2207 αὐτοῦ
3778 2172 4052 2222 συγκαταμ-

2487 2246 2688 2312 λεγεὶς,
2749 2244 3092 2314 καθαιρεῖται
3139 2245 3236 2298 σὺν
3289 2244 3368 2314 τῷ
3406 2244 3833 2314 προσδεξαμένῳ
3867 2246 4046 2308 αὑτὸν,

2488 2339 2672 2402 καθὼς
2697 2341 2724 2392 ὁ
2756 2340 3098 2410 προγραφεὶς
3138 2339 3605 2402 ἑπτακαιδέκατος
3631 2341 3804 2409 ὁρίζει
3849 2339 4047 2394 κανὼν.

2495 2432 2554 2484 Ὀ
2584 2432 2641 2485 δὲ
2675 2431 2746 2485 δι’
2771 2432 3074 2503 ἐπιδρομὴν
3116 2432 3415 2501 Βαρϐάρων
3449 2431 3479 2501 ἢ
3526 2430 3852 2500 περίστασιν
3883 2430 4048 2500 ἄλλην

2490 2524 2833 2594 μετανάστης
2869 2527 2973 2593 τῆς
3010 2525 3147 2588 ίδίας
3187 2524 3487 2593 ἐκκλησίας
3531 2525 3826 2592 γενόμενος
3865 2523 4052 2590 κληρι-

2487 2619 2606 2683 κὸς,
2641 2618 2759 2683 ἐὰν,
2785 2617 2878 2671 τοῦ
2905 2617 3080 2671 αίτίου
3107 2618 3178 2672 δι’
3208 2617 3236 2669 ὂ
3259 2618 3619 2688 ὑπεχώρησεν
3644 2616 4048 2685 ἐπιλείψαντος,

2485 2713 2547 2766 οὑ
2571 2713 2789 2778 θελήσει
2813 2712 2975 2765 πάλιν
2993 2709 3312 2765 ἐπανελθεῖν
3327 2713 3409 2773 εἰς
3437 2710 3538 2779 τὴν
3563 2710 3865 2778 ἐκκλησίαν
3887 2708 4047 2760 αὑτοῦ

2485 2805 2545 2857 ἐν
2641 2803 2949 2875 ἐκληρώθη,
2981 2802 3300 2870 ἀφορίζεται
3336 2804 3431 2855 σὺν
3459 2801 3538 2871 τῷ
3571 2801 3856 2869 κατέχοντι
3890 2799 4053 2851 αὑτὸν

2486 2895 2792 2965 ἐπισκόπῳ,
2833 2895 3030 2964 μέχρις
3064 2895 3131 2948 ἂν
3183 2893 3322 2964 πρὸς
3343 2891 3514 2962 αὑτὴν
3561 2889 3945 2963 ἐπαναδράμῃ.
3987 2889 4052 2940 Ἥ

2485 2988 2543 3041 δὲ
2577 2989 2747 3049 αἰτία.
2791 2987 2954 3058 δι’ἢν
3009 2989 3110 3056 μὲν
3147 2981 3304 3049 οὗτος
3357 2984 3700 3056 ἀφορίζεται,
3736 2985 3950 3045 ἐκεῖνος
3997 2982 4054 3034 δέ

2488 3082 2855 3144 καθαιρεῖται,
2903 3079 3127 3147 εὔλογος
3153 3095 3170 3111 ·
3219 3073 3356 3132 οὑδέ
3387 3077 3521 3147 γὰρ,
3573 3076 3648 3139 ὡς
3693 3078 3922 3137 ἐκεῖνος,
3960 3075 4054 3127 καὶ

821 3165 972 3220 initio
1013 3170 1131 3221 sine
1164 3171 1307 3236 jnsta
1336 3187 1496 3228 causa
1531 3178 1770 3232 recessit.
1809 3179 2252 3250 Qnawloqnidem
2285 3185 2371 3237 ille
2411 3172 2455 3230 (ἶ
2487 3194 2495 3224 ε

2411 3172 2455 3230 C
2487 3169 2642 3235 οὗτος
2677 3173 2734 3237 ἐξ
2784 3174 2961 3242 ἀρχῆς
2999 3171 3356 3239 ὑπεχώρησεν
3394 3170 3526 3222 ἄνευ
3581 3167 3807 3234 εὐλόγου
3850 3165 4051 3225 αἰτίας.

819 3271 962 3318 cuiu,
997 3260 1086 3327 qui
1127 3264 1521 3321 ordinationem
1549 3269 1647 3337 ipsi
1693 3271 1964 3331 imposuit,
2015 3285 2273 3343 quantum
2324 3277 2378 3330 in

819 3365 883 3401 co
911 3347 1030 3409 fuit.
1063 3353 1252 3421 injuria
1281 3370 1330 3410 et
1357 3362 1551 3426 probro
1581 3377 1687 3415 non
1718 3363 1893 3418 ati‘ecit
1940 3368 2032 3418 sed
2079 3371 2383 3423 necessario

822 3453 923 3495 noc
954 3441 1099 3498 fecit.

1400 3585 1627 3644 CANON
1654 3589 1794 3645 XIX.

824 3726 845 3760 ι
889 3711 1039 3777 Quod
1065 3727 1275 3783 oportet
1303 3734 1394 3775 cos
1429 3724 1519 3790 qui
1550 3740 1788 3795 praesunt
1817 3731 2080 3797 ecclesiis,
2114 3735 2166 3788 in
2211 3737 2387 3790 omni-

895 3822 914 3854 ι
952 3805 1050 3860 bus
1077 3808 1292 3874 quidem
1339 3811 1549 3879 diebus,
1604 3819 1697 3872 sed
1756 3837 2021 3890 praecipue
2073 3824 2386 3897 Dominicis,

892 3914 910 3946 ι
943 3911 1156 3953 omnem
1184 3901 1385 3956 clerum
1417 3915 1470 3958 et
1515 3910 1770 3977 populum
1821 3913 2020 3970 docere
2065 3918 2280 3986 pietatis
2333 3933 2387 3979 et

890 4002 912 4038 ι
949 3997 1110 4042 rectm
1163 3990 1437 4059 religionis
1479 3995 1715 4066 eloquia,
1766 4016 1829 4055 ex
1885 4003 2063 4060 divina
2108 4007 2383 4077 Scriptura

893 4093 914 4127 ι
945 4077 1664 4158 colligentesintelligentias
1707 4101 1761 4143 et
1795 4090 1998 4160 judicia
2033 4097 2294 4163 veritatis,
2332 4110 2387 4156 et

891 4182 914 4218 ι
948 4181 1051 4222 non
1079 4173 1526 4242 transgredientis
1551 4177 1662 4246 jam
1710 4183 1915 4248 positos
1963 4186 2244 4256 terminos,
2304 4192 2389 4247 vel

893 4273 913 4308 ι
949 4257 1248 4314 divinorum
1276 4260 1497 4318 Patrum
1546 4268 1932 4325 traditionem:
1997 4276 2088 4328 sed
2121 4285 2176 4328 et
2227 4277 2270 4332 si
2319 4280 2387 4335 ad

894 4371 912 4404 ι
955 4353 1292 4422 Scripturam
1328 4361 1606 4428 pertinens
1629 4368 2000 4421 controversia
2026 4369 2204 4440 aliqua
2234 4375 2384 4431 exci-

893 4465 912 4498 ι
951 4457 1056 4501 tata
1088 4447 1266 4517 fuerit,
1299 4467 1364 4506 ne
1399 4468 1517 4508 eam
1544 4456 1716 4523 aliter_
1734 4458 2182 4531 interpretentur,
2225 4483 2383 4537 quam

895 4553 913 4587 ι
958 4547 1016 4591 ut
1045 4537 1299 4594 Ecclesia:
1328 4541 1614 4598 luminaria
1645 4556 1700 4600 et
1727 4551 1977 4605 doctores
2023 4555 2140 4609 suis
2171 4558 2384 4627 scriptis

893 4649 911 4681 σ
943 4645 1344 4701 exposuerunt;
1371 4646 1427 4690 et
1461 4637 1717 4703 majorem
1746 4657 1811 4696 ex
1862 4645 1925 4698 iis
1974 4646 2184 4702 tandem
2232 4665 2385 4706 asse-

895 4741 913 4774 ι
952 4735 1204 4793 quantur,
1230 4742 1386 4793 qnam
1412 4729 1458 4783 si
1532 4735 1777 4802 proprios
1845 4753 2120 4793 sermones
2162 4755 2384 4813 compo-

891 4834 908 4866 ι
946 4826 1094 4880 nant,
1161 4834 1228 4872 ne
1255 4817 1380 4872 dum
1427 4824 1746 4894 quandoque
1770 4829 1906 4883 adid
1948 4831 2214 4899 lues-itaut,
2238 4836 2387 4892 abeo

894 4926 911 4958 ι
946 4906 1086 4974 quod
1135 4913 1424 4979 convenit,
1465 4917 1738 4972 excidant.
1793 4919 1892 4973 l’cr
1943 4924 2207 4980 dictorum
2244 4930 2382 4983 enim

895 5018 911 5048 ε
957 4999 1171 5053 Patrum
1206 5002 1531 5070 doctrinam,
1560 5011 1762 5079 populi,
1787 5013 1853 5067 ad
1877 5030 2060 5071 eorum
2101 5033 2219 5088 quzc
2257 5033 2383 5078 sunt

894 5108 913 5142 ι
958 5094 1093 5145 bona
1128 5102 1182 5147 et
1223 5101 1542 5165 expetenda,
1588 5112 1642 5155 et
1680 5104 1889 5160 inutilia
1945 5124 2008 5162 ac
2064 5111 2380 5180 rejicienda,

893 5203 911 5235 ι
955 5186 1317 5256 cognitionem
1350 5191 1642 5252 venientes.
1677 5196 1838 5251 vitam
1865 5200 1916 5254 in
1951 5202 2143 5257 melius
2168 5220 2384 5270 compo-

897 5295 913 5328 ι
947 5289 1099 5343 nunt,
1137 5294 1237 5335 nec
1265 5281 1580 5350 ignorantia:
1612 5286 1774 5358 178
1806 5292 1919 5345 vitii
1961 5296 2382 5364 convincuntur,

894 5387 914 5421 ι
947 5373 1040 5424 sed
1070 5368 1330 5427 doctrinae
1363 5386 1594 5433 mentem
1650 5380 1993 5450 adhibentes,
2050 5387 2258 5458 scipsos
2319 5389 2384 5442 ad

895 5480 917 5517 ι
955 5462 1031 5530 id,
1057 5479 1124 5521 ne
1157 5465 1282 5521 mali
1309 5469 1435 5538 quid
1468 5471 1547 5527 eis
1585 5475 1815 5541 accidat,
1866 5480 2125 5548 excitant,
2180 5493 2234 5537 et
2282 5482 2386 5538 im-

2493 3265 2604 3317 Καὶ
2647 3264 2771 3317 ὅσον
2805 3267 2866 3315 τὸ
2905 3262 2992 3315 ἐπ’
3033 3261 3182 3330 αὑτῷ
3230 3261 3322 3314 τὸν
3383 3259 3483 3328 τὴν
3534 3259 3872 3328 χειροτονίαν
3909 3256 4053 3324 αὑτῷ

2488 3357 2867 3410 ἐπιτεθεικότα
2895 3359 2957 3409 οὑ
2998 3354 3322 3428 περιύϐρισε
3377 3352 3475 3407 καὶ
3512 3352 3879 3424 κατῄσχυνεν,
3921 3349 4051 3404 ἀλλὰ

2488 3450 2556 3503 δι’
2588 3451 2840 3520 ἀνάγκην
2866 3447 3024 3501 τοῦτο
3054 3449 3346 3516 πεποίηκε.

3085 3585 3322 3639 ΚΑΝΩΝ
3358 3583 3458 3640 ΙΘ’.

2495 3740 2516 3775 ι
2562 3722 2686 3776 Ὀτι
2720 3722 2802 3774 δεῖ
2831 3720 2959 3782 τοὺς
2979 3718 3088 3774 τῶν
3121 3717 3426 3789 ἐκκλησιῶν
3448 3716 3798 3787 προεστῶτας
3821 3717 3883 3769 ἐν
3911 3716 4050 3788 πάσῃ

2567 3829 2605 3864 ι.
2635 3813 2733 3884 μὲν
2790 3813 2999 3883 ἡμέρᾳ,
3065 3810 3362 3880 ἐξαιρέτως
3432 3808 3490 3862 δὲ
3549 3810 3670 3871 ταῖς
3727 3809 4051 3876 Κυριακαὶς,

2567 3927 2586 3960 ι
2636 3908 2812 3962 πάντα
2845 3905 2938 3960 τὸν
2961 3904 3164 3977 κλῆρον
3186 3904 3283 3959 καὶ
3311 3905 3404 3958 τὸν
3429 3901 3558 3956 λαδν
3574 3901 3920 3956 ἐκδιδάσκειν
3940 3901 4054 3961 τοὺς

2565 4019 2584 4054 ι
2630 3999 2730 4069 τῆς
2769 3997 3054 4062 εὐσεϐείας
3111 3998 3325 4064 λόγους,
3382 3998 3448 4049 ἐκ
3501 3994 3604 4062 τῆς
3645 3993 3800 4054 θείας
3834 3992 4052 4063 Γραφῆς

2565 4111 2583 4144 ι
2633 4090 3069 4160 ἁναλεγομένους
3085 4090 3152 4143 τὰ
3175 4090 3274 4160 τῆς
3302 4087 3560 4158 ἀληθείας
3587 4085 3842 4155 νοήματά
3875 4103 3942 4137 τε
3969 4085 4053 4138 καὶ

2562 4204 2582 4237 ι
2632 4185 2897 4256 κρίματα,
2941 4183 3035 4237 καὶ
3065 4182 3138 4252 μὴ
3174 4181 3614 4250 παρασαίνοντας
3665 4179 3793 4241 τοὺς
3822 4178 3927 4248 ἤδη
3975 4193 4055 4229 τε-

2567 4294 2586 4327 (
2631 4275 2824 4337 θέντας
2853 4275 3013 4344 ὄρους
3041 4274 3072 4342 ἢ
3108 4274 3206 4342 τὴν
3233 4274 3296 4324 ἐκ
3329 4272 3439 4326 τῶν
3484 4270 3764 4341 θεοφόρων
3798 4272 4053 4339 Πατέρων

2565 4387 2585 4420 ι
2631 4369 2930 4438 παράδοσιν
2955 4383 2970 4398 ·
2999 4365 3139 4422 ἀλλὰ
3168 4365 3257 4419 καὶ
3285 4367 3334 4418 εί
3383 4365 3652 4435 γραφικὸς
3699 4364 4052 4430 ἀνακινηθεὶη

2569 4478 2589 4513 ι
2634 4460 2815 4528 λόγος,
2874 4460 2948 4529 μὴ
2982 4458 3160 4520 ἄλλως
3205 4458 3395 4510 τοῦτον
3433 4456 3894 4525 ἐρμηνευέτωσαν
3923 4455 3956 4523 ἢ
3987 4456 4052 4515 ὡς

2570 4573 2589 4607 σ
2633 4555 2699 4608 ἂν
2730 4554 2780 4606 oi
2814 4554 2911 4622 τῆς
2962 4551 3290 4620 Ἐκκλησίας
3322 4547 3611 4618 φωστῆρες
3671 4549 3764 4598 καὶ
3798 4547 4052 4599 διδάσκα-

2565 4666 2583 4698 ι
2631 4647 2711 4700 λοι
2745 4645 2832 4699 διὰ
2864 4645 2974 4698 τῶν
2999 4643 3220 4696 οίκείων
3253 4640 3707 4710 συγγραμμάτων
3729 4639 4050 4709 παρέθεντο·

2565 4757 2584 4790 ι
2631 4737 2726 4791 καὶ
2771 4736 2971 4807 μᾶλλον
2991 4737 3050 4790 ἐν
3071 4734 3282 4796 τούτοις
3311 4732 3781 4800 εὑδοκιμείτωσαν
3805 4731 3840 4801 ἦ
3872 4733 4053 4799 λόγους

2563 4849 2582 4882 ι
2628 4829 2859 4892 οἰκείους
2895 4827 3307 4891 συντάττοντες,
3338 4824 3426 4877 ἵνα
3461 4824 3536 4895 μὴ
3587 4823 3738 4875 ἐστιν
3772 4824 3867 4875 ὅτε
3929 4825 4053 4893 πρὸς

2561 4944 2580 4977 ι
2627 4924 2782 4977 τοῦτο
2808 4923 3030 4991 ἀπόρως
3059 4920 3276 4991 ἔχοντες
3316 4917 3684 4970 ἀποπίπτοιεν
3715 4914 3813 4969 τοῦ
3857 4919 4054 4985 προσή-

2564 5035 2582 5067 :
2629 5032 2836 5072 κοντος.
2871 5013 2970 5067 Διὰ
3006 5012 3113 5083 γὰρ
3148 5011 3245 5081 τῆς
3281 5010 3392 5062 τῶν
3445 5007 3764 5078 είρημένων
3795 5008 4051 5076 Πατέρων

2565 5129 2584 5162 ι
2631 5109 2982 5170 διδασκαλίας
3010 5107 3058 5159 οἱ
3088 5105 3230 5168 λαοὶ,
3255 5106 3314 5158 ἐν
3337 5102 3534 5172 γνώσει
3557 5101 3840 5171 γινόμενοι
3868 5101 3979 5154 τῶν
4002 5115 4052 5151 τε

2569 5223 2587 5255 ι
2634 5202 2942 5257 σπουδαίων
2989 5199 3082 5253 καὶ
3139 5196 3374 5267 αἱρετῶν
3427 5197 3519 5249 καὶ
3558 5193 3668 5247 τῶν
3719 5195 4053 5265 ἀσυμφόρων

2567 5318 2585 5351 ι
2634 5298 2726 5352 καὶ
2745 5294 3086 5365 ἀποϐλήτων,
3118 5290 3208 5344 τὸν
3237 5289 3354 5358 βίον
3385 5284 3906 5358 μεταρρυθμίζουσι
3932 5287 4060 5355 apo;

2569 5411 2587 5444 ι
2632 5391 2694 5443 τὸ
2730 5389 2956 5459 βέλτιον,
2993 5383 3186 5452 καὶτῷ
3212 5382 3309 5450 τῆς
3338 5378 3559 5448 ἀγνοίας
3603 5379 3705 5449 οὑχ
3745 5378 4059 5432 ἁλίσκονται

2569 5501 2588 5536 ι
2637 5484 2825 5549 πάθει,
2861 5477 2996 5534 ἀλλὰ
3048 5473 3418 5544 προσήκοντες
3444 5471 3510 5540 τῇ
3562 5468 3895 5540 διδασκαλίᾳ
3930 5469 4059 5538 (80),

2042 5687 2240 5750 Guill.
2281 5687 2613 5770 Beveregii
2651 5695 2837 5750 thlIP.

896 5808 1008 5887 (80)
1053 5807 1229 5887 Ἀλῃρ
1295 5809 1712 5880 προσήκοντες
1771 5810 1845 5881 τῇ
1897 5811 2283 5886 διδασκαλίᾳ.
2356 5815 2568 5887 Legem!

2381 5817 2665 5887 .egcndum
2730 5815 2880 5885 juxta
2949 5828 3050 5866 lltS.
3113 5809 3635 5876 Amcrbachianun',
3704 5814 4055 5884 προσέχοντες

826 5885 892 5953 τῇ
922 5881 1260 5951 διδασκαλία.
