4240 6442
819 393 924 455 ἕΊίὶ

2072 390 2349 452 THEOD.
2398 390 2489 449 BA
2501 389 2804 450 LSAMON

3955 396 4069 457 530

826 510 1099 574 ecclesiis,
1160 519 1381 580 propter
1439 521 1574 577 quas
1625 516 1990 570 secesserunt,
2039 503 2222 557 statim
2272 508 2390 570 post

2505 499 2658 552 σίτου
2701 498 2917 566 μοδίους
2946 500 3300 572 πεντήκοντα,
3332 501 3427 555 καὶ
3471 501 3848 575 διοριζομένης
3879 507 3941 559 ἐν
3974 509 4066 576 μὲ-

816 603 1069 658 oﬂiciales
1122 602 1351 669 proximi
1403 598 1723 669 patriarchae
1778 597 2073 661 assideant,
2121 604 2374 660 tanquam

815 696 933 765 ejus
964 709 1244 762 personam
1289 700 1762 761 reprtesentantess
1804 687 1869 741 Et
1918 688 2167 739 audimus
2221 684 2392 748 enim,

814 787 958 853 quod
984 785 1073 854 qui
1129 782 1395 851 pontificis
1438 781 1617 836 locum
1663 788 1830 841 tenet,
1889 772 2396 829 maximum'habet

817 878 1102 940 honorem,
1129 883 1182 928 et
1218 875 1342 928 huic
1394 873 1467 927 rei
1498 886 1656 926 nemo
1684 869 1879 940 poterit
1904 866 2296 923 contradicere.
2331 863 2395 917 Et

818 983 1040 1022 rursum
1072 970 1162 1035 qui
1220 979 1399 1019 autem
1452 974 1507 1019 et
1556 966 1720 1019 verbo
1771 973 1825 1019 et
1866 973 2030 1031 opere
2078 955 2227 1025 digni
2265 964 2392 1009 sunt

808 1078 1043 1131 quorum
1080 1061 1220 1113 ratio
1269 1059 1550 1124 habeatur,
1606 1058 1672 1111 ad
1721 1056 1982 1111 doctrinae
2026 1046 2389 1106 ministerium

814 1153 1251 1217 introducantur,
1283 1164 1337 1204 et
1370 1165 1466 1220 per
1511 1148 1740 1204 docendi
1798 1158 2027 1201 munera
2088 1140 2156 1195 ad
2211 1137 2385 1194 officia

815 1246 1207 1313 provehantur.
1238 1242 1526 1313 Propterea
1561 1242 1727 1305 enim,
1760 1246 1971 1292 mortuo
1996 1234 2086 1304 qui
2117 1245 2213 1303 pro
2245 1239 2385 1285 tem-

818 1351 945 1403 pore
977 1318 1305 1405 patriarcha,
1338 1349 1434 1389 nec
1461 1334 1559 1401 ipsi
1590 1333 1783 1386 docere
1814 1337 2061 1400 possunt.

2511 609 2595 662 ρει
2622 592 2795 645 ταῦτα
2826 594 3026 663 ῥητῶς.
3072 596 3253 648 Ἔστω
3281 595 3375 647 καὶ
3396 595 3533 665 αὕτη
3554 599 3667 659 τοῖς
3705 598 4067 661 διδασκάλοις,

2502 684 2573 735 δι’
2604 682 2668 747 ἃς
2690 683 2786 753 τήν
2819 686 3169 756 ἀναχώρησιν
3192 688 3543 757 ἐποιήσαντο,
3570 688 3726 751 αὖθις
3754 692 3814 743 ἐν
3844 693 3964 753 rei;
3990 695 4065 744 ol-

2500 776 2680 837 κείαις
2721 776 3045 844 ἐκκλησίαις
3071 779 3526 850 ἀπονενεμημένη
3579 781 3740 849 τιμὴ,
3795 781 3857 833 τὸ
3914 770 4069 846 εὐθὺς

2497 864 2641 935 μετά
2698 869 2826 929 τοὺς
2864 868 3133 938 ἄρχοντας
3189 870 3467 933 ἵστασθαι,
3502 870 3581 941 τῷ
3634 866 3925 941 ἁγιωτάτῳ
3974 890 4071 925 πα-

2497 958 2737 1030 τριάρχη
2759 962 3226 1031 παρισταμένους,
3258 963 3334 1027 ὡς
3368 965 3867 1034 ἐκπροσωποῦντας
3899 966 4067 1034 αὐτῷ.

2498 1048 2609 1102 Καὶ
2638 1050 2907 1120 ἀκούομεν
2937 1052 3047 1124 γάρ
3070 1054 3163 1107 τὸν
3192 1055 3503 1127 πληροῦντα
3532 1056 3625 1109 τὸν
3651 1056 3745 1109 τοῦ
3768 1057 4067 1127 ἀρχιερέως

2497 1140 2664 1194 τόπον
2700 1144 2966 1216 μεγίστην
3006 1146 3152 1217 ἔχειν
3180 1147 3269 1201 ἀεί⁵
3317 1149 3524 1218 τιμήν·
3570 1150 3667 1202 καὶ
3720 1150 3900 1211 οὐδεὶς
3936 1152 4069 1221 πρὸς

2495 1232 2658 1286 τοῦτο
2688 1235 2977 1306 δυνήσεται
3007 1239 3306 1293 ἀντειπεῖν.
3354 1240 3466 1295 Καὶ
3503 1240 3667 1296 πάλιν
3692 1256 3709 1273 ·
3739 1244 3807 1295 Oi
3836 1242 3896 1295 δὲ
3924 1240 4066 1307 ἀξιὸδ

2497 1320 2648 1391 λογοι
2680 1328 2821 1381 κατά
2853 1346 2913 1381 τε
2951 1329 3109 1399 λόγον
3143 1331 3239 1385 καὶ
3297 1332 3497 1403 πρᾶξιν
3546 1332 3961 1403 είσηγέσθωσαν
3991 1335 4069 1396 εἰς

820 1432 916 1498 τὴν
940 1431 1036 1500 τῆς
1061 1428 1409 1491 διδασκαλίας
1441 1427 1735 1489 διακονίαν,
1763 1423 1966 1479 καὶδιά
1995 1421 2104 1475 τῶν
2165 1410 2585 1471 διδασκαλικίων
2649 1422 3096 1489 πῳϐαινέτωσαν
3150 1426 3229 1486 είς
3263 1423 3332 1477 τὰ
3401 1424 3740 1495 ἀρχοντίκια.
3807 1428 3910 1480 Διά
3962 1427 4065 1498 γάρ

817 1523 996 1585 τοῦτο,
1029 1521 1123 1574 καὶ
1152 1522 1573 1588 τελευτήσαντος
1611 1519 1703 1572 τοῦ
1753 1518 1892 1571 κατὰ
1923 1514 2147 1584 καιροὺς
2180 1506 2544 1578 πατριάρχου,
2577 1510 2697 1565 οὐδὲ
2731 1514 2886 1568 αὐτοὶ
2910 1514 3167 1569 δύνανται
3191 1516 3488 1570 διδάσκειν.

887 1613 1142 1670 ZONAR.
1208 1614 1273 1665 Et
1338 1612 1632 1682 apostolico
1687 1608 2138 1681 quinquagesimo
2200 1612 2393 1658 octavo

814 1726 1022 1767 canone
1080 1714 1131 1763 in
1188 1710 1525 1779 cpiscoimm,
1592 1709 1680 1776 qui
1740 1706 1868 1761 cleri
1930 1702 2221 1775 pOpulique
2284 1697 2386 1753 sibi

812 1803 1090 1856 commissi
1122 1815 1307 1854 curam
1332 1799 1504 1861 obire,
1540 1811 1741 1879 eosque
1773 1794 2037 1862 religiosa:
2081 1792 2204 1843 vitze
2249 1802 2388 1858 prte-

815 1895 988 1962 ceptis
1032 1892 1247 1947 erudire
1290 1889 1604 1959 neglexerit,
1667 1885 1969 1958 segregatio
2023 1884 2278 1952 primum,
2328 1893 2392 1933 ac

819 1988 922 2039 nisi
967 1994 1152 2055 postea
1187 1983 1499 2038 socordiam
1523 1981 1754 2043 exuerit,
1789 1974 2141 2044 depositioiiis
2180 1985 2393 2040 quoque

814 2091 974 2145 pmna
1030 2075 1322 2130 constituta
1357 2084 1456 2127 est.
1492 2072 1558 2126 Et
1598 2085 1819 2139 magnus
1871 2078 2123 2137 praeterea
2172 2063 2389 2128 Paulus,

820 2170 946 2222 dum
977 2170 1029 2220 in
1060 2183 1119 2220 ea
1154 2182 1272 2236 quae
1307 2176 1389 2220 est
1416 2166 1481 2218 ad
1512 2162 1859 2217 Timotheum
1906 2159 2129 2228 epistola
2159 2156 2389 2211 formam

814 2260 1265 2327 conditionesque
1299 2257 1537 2326 episc0pi
1587 2254 1859 2316 describit,
1904 2249 2138 2305 docendi
2175 2262 2389 2318 quoque

818 2355 1071 2407 lacultate
1137 2351 1419 2421 praeditum
1494 2364 1611 2405 esse
1668 2357 1917 2416 Oportere
1966 2340 2385 2397 demonstrat".

816 2449 895 2499 Ad
926 2445 1104 2499 Titum
1134 2458 1351 2513 quoque
1375 2443 1651 2507 scribens;
1681 2441 1917 2506 Oportet,
1964 2436 2158 2505 inquit,
2192 2434 2390 2501 episco-

810 2556 932 2605 pum
964 2537 1200 2599 antplecti
1230 2553 1366 2599 eum,
1403 2537 1489 2604 qui
1510 2536 1791 2588 secundum
1819 2531 2112 2585 doctrinam
2142 2526 2389 2595 cndida—

815 2633 915 2680 Iem
944 2642 1255 2691 sermonem,
1285 2635 1341 2679 ut
1375 2636 1561 2695 potens
1615 2624 1683 2677 ait
1734 2620 2003 2675 exhortari
2050 2618 2101 2671 in
2143 2616 2385 2670 doctrina

798 2738 968 2793 .sana,
1003 2731 1053 2773 et
1095 2736 1181 2773 eos
1224 2721 1312 2789 qui
1372 2718 1732 2771 contradicunt
1801 2712 2103 2783 arguere”.
2160 2708 2286 2764 Haec
2333 2718 2390 2764 et

812 2813 1000 2883 synodi
1054 2811 1281 2881 hujusce
1340 2810 1528 2865 Patres
1572 2808 1762 2864 secuti.
1813 2808 1913 2862 hoc
1964 2806 2109 2861 edito
2156 2818 2383 2867 canone,

812 2919 930 2955 cum
966 2903 1084 2956 aliis
1112 2917 1346 2971 quoque,
1380 2913 1489 2954 tum
1525 2898 1821 2954 Dominicis
1850 2899 2148 2964 praisertim
2171 2895 2383 2957 diebus,

809 2978 1047 3064 episcopi
1074 2994 1318 3048 oratione
1342 2993 1599 3062 populum
1632 2990 1697 3044 ad
1740 2991 1823 3060 pia
1882 2987 2160 3058 religionis
2206 2984 2383 3041 studia

2572 1603 2818 1660 ZONAP.
2877 1608 2988 1661 Καὶ
3026 1610 3055 1661 ό
3091 1609 3457 1675 πεντηκοστὸς
3507 1609 3696 1677 ὄγδοος
3741 1610 3853 1662 τῶν
3902 1609 4068 1677 ἁγίων

2497 1696 2821 1751 ἀποστόλων
2850 1699 3034 1753 κανὼν
3069 1701 3162 1753 τὸν
3190 1700 3497 1770 ἀμελοῦντα
3529 1702 3832 1755 ἐπίσκοπον
3864 1702 3961 1754 τοῦ
3994 1703 4068 1753 οἰ-

2502 1790 2649 1843 κείου
2680 1793 2882 1862 κλήρου
2916 1794 2949 1861 ἢ
2976 1793 3069 1846 τοῦ
3102 1794 3255 1858 λαοῦ,
3297 1797 3389 1847 καὶ
3432 1796 3507 1866 μὴ
3543 1795 3937 1848 ἐκπαιδεύοντα
3976 1795 4069 1847 αύο

2498 1888 2612 1947 τοῖς
2636 1884 2737 1954 τὴν
2783 1885 3069 1939 εὐσέϐειαν
3096 1887 3369 1956 ἀφορίζει,
3398 1887 3730 1956 ἐπιμένοντα
3768 1886 3825 1940 δὲ
3864 1890 3930 1957 τῇ
3974 1891 4071 1956 pg.-

2497 1974 2669 2048 θυμία
2707 1978 2799 2031 καὶ
2833 1978 3104 2050 καθαιρεῖ.
3140 1979 3251 2032 Καὶ
3276 1982 3304 2032 ό
3350 1979 3525 2048 μέγας
3564 1980 3777 2042 Παῦλος
3819 1982 4068 2052 Τιμοθέῳ

2503 2071 2603 2138 μὲν
2631 2072 2986 2137 ἐπιστέλλων,
3032 2072 3129 2126 καὶ
3161 2067 3274 2126 οἷον
3304 2073 3389 2126 δεῖ
3439 2074 3533 2127 τὸν
3570 2075 3876 2129 ἐπίσκοπον
3925 2070 4067 2128 εἶναι

2496 2164 2935 2234 διαταττόμενος,
2967 2170 3063 2219 καὶ
3096 2164 3399 2219 διδακτικὸν
3446 2168 3613 2220 αὑτὸν
3641 2169 3936 2237 τυγχάνειν
3960 2184 4066 2221 πα-

2501 2255 2883 2322 ρακελεύεται.
2913 2257 3005 2326 Τῷ
3028 2257 3085 2309 δέ
3116 2275 3177 2326 γε
3219 2258 3366 2329 Τίτῳ
3393 2260 3645 2328 γράφων,
3692 2259 4067 2329 Ἀντέχεσθαι

2496 2346 2628 2399 δεῖν
2656 2365 2791 2418 φησι
2825 2351 2935 2403 τὸν
2962 2350 3300 2403 ἐπίσκοπον
3331 2350 3437 2404 τοῦ
3475 2352 3627 2404 κατὰ
3678 2351 3939 2421 διδαχὴν
3976 2367 4067 2405 an-

2495 2439 2648 2493 ατοῦ
2686 2441 2899 2508 λόγου,
2931 2442 3033 2495 ἵνα
3078 2443 3337 2508 δυνατὸς
3380 2438 3422 2513 ᾖ
3452 2443 3551 2496 καὶ
3596 2444 3975 2510 παρακαλεῖν
4002 2444 4069 2494 ἐν·

2494 2530 2569 2598 τῇ
2600 2530 2989 2599 διδασκαλίᾳ,
3027 2532 3101 2600 τῇ
3132 2534 3518 2602 ὑγιαινούσῃ,
3550 2533 3648 2587 καί
3671 2534 3815 2599 τοὺς
3833 2536 4068 2589 ἀντιλέ-

2495 2640 2716 2692 γοντας
2750 2623 3049 2693 ἐλέγχειν.
3081 2626 3309 2691 Τούτοις
3335 2628 3431 2681 καὶ
3458 2628 3508 2679 oi
3553 2626 3654 2695 τῆς
3693 2628 3916 2681 συνόδου
3938 2627 4069 2681 ταύο

2490 2731 2591 2785 της
2630 2717 2887 2787 ἑπόμενοι
2911 2716 3004 2770 τὸν
3030 2718 3273 2788 παρόντα
3310 2720 3513 2773 κανόνα
3553 2717 3819 2784 ἐξέθεντο,
3851 2718 3939 2771 tisi.
3966 2718 4067 2787 μέν

2493 2808 2606 2861 δεῖν
2645 2807 2897 2878 λέγοντες
2929 2812 3057 2874 τοὺς
3106 2811 3442 2874 ἐπισκόπους
3482 2811 3761 2864 διδάσκειν
3814 2810 3910 2862 τὸν
3938 2809 4069 2863 λαὸν

2491 2902 2621 2963 τοὺς
2642 2900 2744 2968 τῆς
2775 2901 3059 2966 εὐσεϐείας
3087 2901 3305 2972 λόγους.
3348 2902 3588 2972 μάλιστα
3608 2902 3667 2955 δέ
3696 2904 3758 2955 ἐν
3784 2904 3910 2965 ταῖς
3950 2904 4061 2955 Κυ-

2494 2993 2734 3060 ριακαῖς.
2782 2991 2872 3045 Ἐν
2902 2992 3013 3063 γὰρ
3044 2993 3237 3055 αὑταῖς
3274 2991 3628 3062 σχολάζοντες
3665 2992 3731 3044 ἐκ
3764 2992 3876 3045 τῶν
3905 2992 4040 3061 ἐργο

812 3087 1115 3149 informari,
1148 3100 1209 3139 ac
1247 3085 1452 3138 institui
1482 3084 1693 3153 jubent.
1722 3080 1826 3135 Per
1847 3095 1939 3135 eos
1962 3079 2105 3133 enim
2135 3080 2247 3133 dies
2288 3094 2381 3132 va-

2494 3081 2693 3153 χείρων
2720 3081 2900 3135 αὐτῶν
2928 3083 2977 3135 oi
3007 3081 3288 3153 ἄνθρωποι
3343 3082 3699 3154 συνέρχονται
3726 3085 3809 3147 είς
3842 3085 3943 3145 τάς
3973 3086 4065 3135 ἐκ·

810 3180 1076 3233 rationem
1108 3177 1435 3231 alaboribus
1499 3176 1643 3229 nacti
1699 3174 1944 3228 homines
1990 3172 2044 3227 in
2094 3169 2379 3226 ecclesiam

810 3268 1165 3332 conveniunt,
1206 3279 1260 3321 et
1291 3268 1503 3320 divinas
1557 3264 1871 3333 Scripturas
1922 3262 2173 3317 audiunt.
2231 3260 2381 3328 Quo-

808 3363 951 3415 circa
980 3361 1022 3415 si
1051 3362 1167 3414 istis
1221 3359 1521 3428 prtesertim
1578 3357 1769 3412 diebus
1823 3357 2071 3419 doceant,
2124 3354 2379 3425 majorem

808 3453 999 3507 exinde
1033 3452 1266 3505 fructum
1303 3450 1529 3520 populus
1558 3449 1712 3504 feret.
1756 3447 1884 3513 Quae
1922 3462 2082 3517 porro
2129 3446 2380 3512 doceant,

808 3561 912 3599 non
946 3546 1011 3598 ah
1042 3546 1170 3613 ipsis
1198 3544 1432 3605 inventa,
1466 3547 1557 3596 sed
1586 3556 1651 3594 ex
1678 3540 1850 3595 sacris
1886 3538 2105 3593 Litteris
2155 3537 2381 3607 repetita

810 3636 1038 3703 proferri
1074 3636 1279 3699 volunt,
1318 3650 1547 3703 quarum
1580 3634 1795 3703 quidem
1847 3632 2263 3700 explicationem
2314 3643 2377 3683 ex

804 3739 1119 3781 smtctorum
1157 3727 1375 3780 Patrum
1405 3725 1641 3780 fontibus
1668 3725 1946 3789 hauriant,
2001 3739 2107 3779 non
2142 3724 2246 3794 ipsi
2278 3726 2381 3781 sibi

802 3835 872 3871 ex
914 3819 1131 3887 ingenio
1154 3834 1255 3873 suo
1289 3818 1621 3885 arbitrioque
1669 3817 2000 3887 confingant.
2036 3818 2092 3871 Si
2125 3819 2269 3873 enim
2295 3817 2384 3889 ju-

812 3910 953 3962 dicio
993 3912 1044 3962 in
1093 3923 1156 3962 ea
1209 3924 1268 3962 re
1318 3924 1417 3963 suo
1476 3918 1778 3971 uterentur,
1832 3910 2109 3964 haerebunt
2159 3908 2383 3965 forsitan

806 4018 1191 4072 nonnunquam
1215 4010 1269 4055 et
1293 4016 1323 4054 ιι
1355 4016 1483 4055 vero
1519 4000 1870 4055 aberrabunt.
1904 4000 2227 4057 Sanctorum
2258 4019 2386 4076 vero

807 4094 1025 4148 Patrum
1068 4095 1352 4163 prazceptis
1383 4094 1631 4164 instituta
1650 4101 1810 4161 atque
1843 4095 2044 4147 imbuta
2073 4095 2384 4164 multitudo,

802 4188 930 4251 quid
958 4188 1295 4257 potissimum
1328 4187 1479 4255 sequi
1502 4184 1662 4255 179
1680 4186 1875 4255 quidve
1909 4185 2094 4254 fugere
2114 4198 2383 4255 oporteat,

800 4282 920 4334 sine
983 4281 1353 4335 controversia
1409 4281 1748 4347 diiudicare,
1790 4296 2077 4351 moresque
2128 4298 2253 4339 suos
2317 4286 2384 4339 ad

803 4370 1013 4421 Virtutis
1058 4384 1299 4422 normam
1353 4369 1692 4423 conformare
1750 4368 1907 4423 facile
1954 4372 2178 4439 poterit,
2212 4390 2386 4445 neque

2493 3173 2743 3245 κλησίας.
2778 3174 2873 3229 καὶ
2910 3174 3223 3245 ἀκροῶνται
3257 3174 3368 3227 τῶν
3392 3174 3556 3228 θείων
3584 3174 3839 3245 Γραφῶν.
3878 3174 3940 3227 Ei
3975 3175 4064 3227 οὖν

2482 3269 2543 3319 ἐν
2570 3266 2799 3328 ταύταις
2832 3266 3033 3335 μᾶλλον
3079 3266 3422 3329 διδάσκουσι,
3464 3265 3668 3319 πλείων
3696 3264 3855 3318 ἐσται
3897 3268 3997 3319 καὶ
4033 3268 4065 3335 ἠ

2480 3361 2717 3430 ὠφέλεια
2754 3357 2850 3412 τοῦ
2881 3358 3035 3413 λαοῦ.
3077 3358 3358 3412 Διδάσκειν
3406 3357 3464 3410 δὲ
3529 3358 3729 3421 αὐτοὺς
3776 3357 4059 3428 βούλονται

2486 3455 2561 3524 μὴ
2585 3452 2822 3515 οῐκοθεν,
2855 3452 2976 3505 ἀλλ’
3001 3452 3067 3505 ἐκ
3101 3453 3201 3523 τῆς
3234 3450 3389 3512 θείας
3429 3450 3676 3521 Γραφῆς,
3723 3451 3823 3504 καὶ
3851 3452 4059 3520 ταύτην

2482 3545 2813 3617 ἑρμηνεύειν
2839 3544 2983 3599 κατὰ
3020 3544 3119 3614 τὴν
3141 3543 3252 3597 τῶν
3278 3542 3442 3598 θείων
3472 3543 3735 3615 Πατέρων
3763 3544 4053 3614 ἐξήγησιν,

2482 3639 2618 3693 ἀλλά
2659 3639 2733 3710 μὴ
2755 3638 2815 3704 ἐξ
2847 3637 3066 3689 οἰκείων
3093 3636 3383 3705 νοημάτων
3407 3635 3503 3688 καὶ
3530 3633 3829 3703 λογισμῶν.
3868 3634 3931 3686 El
3953 3633 4059 3703 γὰρ

2482 3733 2597 3793 τοῖς
2624 3730 2870 3791 οἰκείοις,
2929 3729 3084 3798 φασὶ,
3138 3728 3378 3799 χρῶνται
3423 3728 3731 3797 λογισμοῖς,
3788 3726 3927 3789 ἴσως
3972 3729 4063 3779 καί

2485 3824 2828 3893 ἀπορήσουσί
2851 3839 3004 3883 ποτε,
3031 3823 3126 3876 καὶ
3148 3819 3510 3874 ἐκπεσοῦνται
3536 3818 3632 3872 τοῦ
3665 3820 4059 3890 προσήκοντος·

2485 3916 2550 3968 ἐκ
2581 3914 2639 3968 δέ
2668 3914 2767 3984 τῆς
2792 3914 2903 3966 τῶν
2934 3912 3096 3967 θείων
3133 3910 3393 3979 Πατέρων
3422 3910 3778 3971 διδασκαλίας
3820 3910 4065 3977 γνῶσιν-

2486 4025 2577 4060 ται
2613 4010 2662 4060 οί
2691 4005 2815 4059 λαοὶ
2852 4005 2975 4059 τίνα
3009 4005 3106 4072 μὲν
3136 4003 3216 4055 δεῖ
3244 4002 3543 4073 αἱρεῖσθαι,
3571 4003 3696 4055 τίνα
3736 4002 3794 4053 δέ
3828 4002 4065 4071 ἀποτρέ-

2487 4101 2709 4162 πεσθαι,
2748 4100 2845 4154 καὶ
2869 4099 2970 4169 τὴν
3030 4097 3239 4151 οἰκείαν
3295 4096 3440 4166 ζωὴν
3497 4094 3872 4150 ἀπευθυνοῦσι
3930 4097 4063 4164 πρὸς

2487 4193 2710 4265 ἀρετὴν,
2741 4193 3104 4258 ἐκφεύγοντες
3127 4189 3190 4243 τὸ
3218 4188 3277 4254 ἐξ
3307 4187 3535 4255 ἀγνοίας
3577 4186 3687 4238 τῶν
3713 4186 3882 4239 θείων
3916 4188 4061 4238 ἐντο-

2489 4284 2599 4337 λῶν
2652 4280 2981 4334 όλισθαίνειν
3032 4282 3111 4344 είς
3167 4278 3569 4350 ἁμαρτήματα,
3620 4277 3713 4330 καὶ
3752 4278 3911 4347 φόϐῳ
3960 4280 4061 4330 τοῖιν

2496 4375 2805 4450 μελλουσῶν
2842 4375 3117 4428 κολάσεων
3143 4374 3208 4426 ἐκ
3233 4373 3332 4442 τῆς
3352 4374 3555 4437 κακίας
3584 4370 4057 4440 ἀναστελλόμενοι.

812 4471 1175 4515 transversam
1206 4460 1373 4515 divini
1400 4460 1610 4531 imperii
1643 4460 1911 4531 ignoratio
1938 4472 2079 4533 aget,
2112 4478 2278 4535 seque
2303 4472 2371 4527 ab
2386 4473 2637 4529 omnibus
2670 4469 2923 4524 vitiorum
2956 4466 3182 4521 maculis
3196 4466 3362 4520 futuri
3396 4467 3641 4535 supplicii
3683 4467 4060 4522 recordatione

802 4569 985 4622 puram
1019 4553 1391 4623 integramque
1414 4554 1777 4609 conservabit.

799 4643 1031 4699 AltlST.
1073 4662 1092 4694 ι
1158 4644 1360 4700 Przesul
1412 4645 1671 4700 Ecclesiae
1720 4645 2019 4705 Dominicis
2074 4652 2372 4720 praesertim

2506 4647 2729 4704 API'ST.
2768 4667 2787 4699 ι
2836 4646 2898 4700 '0
2934 4644 3217 4716 προεστὼς
3263 4644 3597 4716 Ἐκκλησίας
3628 4645 3751 4699 κατ’
3780 4645 4059 4719 ἐξαίρετον

875 4753 896 4785 ε
940 4733 1127 4789 diebus
1159 4734 1409 4803 dogmata
1439 4735 1649 4801 doceat,
1679 4743 1735 4789 et
1783 4732 2195 4803 interpretetur,
2264 4756 2373 4795 non

865 4915 915 4945 "
948 4915 965 4968 Ι
1005 4915 1147 4969 Tim.
1184 4930 1263 4980 ιιι,
1290 4912 1397 4969 ﬁet
1422 4929 1577 4986 seqq.
1649 4914 1695 4948 ⁸ο
1727 4918 1835 4972 Tit.
1878 4932 1919 4983 ι,
1951 4914 2007 4981 8,
2042 4917 2098 4973 9.

2558 4757 2579 4792 ι
2625 4740 2747 4801 ταῖς
2798 4737 3109 4807 Κυριακαῖς
3166 4735 3473 4791 διδασκέτω
3517 4734 3586 4791 τά
3637 4735 3931 4805 δόγματα*
3973 4740 4059 4790 καὶ

2028 5035 2229 5098 Guill.
2265 5035 2601 5117 Beveregii
2641 5038 2834 5095 notae.

800 5159 1019 5215 Graecos
1050 5156 1367 5228 scriptores.
1401 5159 1620 5213 Interim
1660 5175 1787 5215 cum
1821 5162 1879 5215 in
1920 5161 2131 5217 (ἑταιρία
2173 5164 2372 5217 etiam-

804 5250 929 5285 num
970 5232 1021 5283 in
1052 5246 1151 5284 usu
1183 5244 1305 5283 esse
1334 5240 1703 5284 memorentur
1728 5234 1925 5298 asperi,
1980 5248 2061 5287 sc.
2122 5234 2331 5287 nummi
2359 5273 2373 5296 ,

802 5306 883 5355 vel
912 5316 1097 5367 aspera
1134 5300 1487 5363 nomismata,
1519 5310 1573 5353 et.
1600 5304 1712 5355 hate
1743 5319 1843 5355 vox
1881 5302 2073 5356 Latina
2105 5305 2197 5365 sit,
2240 5305 2376 5357 veri-

802 5375 979 5426 simile
1005 5384 1088 5424 est
1121 5386 1149 5423 a
1183 5367 1385 5441 (Ἀρι-είς
1411 5371 1648 5438 τριχέας
1682 5388 1708 5424 a
1746 5372 1951 5441 τραχύς
1985 5374 2187 5427 dictos.
2228 5372 2379 5427 liac-

804 5456 963 5496 tcuus
1021 5442 1093 5495 cl.
1155 5456 1205 5492 ν.
1258 5438 1618 5494 Wetstenius.
1680 5438 1816 5496 Cum
1856 5438 2046 5496 autem
2086 5444 2212 5497 alibi
2272 5460 2377 5497 non

802 5522 1043 5575 constet,
1094 5509 1314 5583 aliquod
1379 5512 1586 5583 nummi
1651 5529 1818 5581 genus
1876 5513 2062 5583 Graece
2137 5516 2375 5583 τραχὲας

800 5587 1030 5642 dictum.
1063 5580 1349 5635 commode
1400 5582 1621 5646 accidit,
1660 5580 1745 5636 ’ut
1795 5594 1916 5651 post
1987 5580 2361 5637 Enimund'um

804 5655 1165 5723 L’oneliilittm,
1189 5652 1293 5723 qui
1328 5652 1429 5703 ἀνά
1456 5653 1709 5723 τραχέων
1740 5654 1899 5723 legit,
1955 5656 2366 5709 eruditissimus

802 5727 884 5777 \ir
912 5722 1151 5777 Joannes
1184 5722 1549 5777 Lennelavius
1576 5722 1675 5779 Jus
1723 5722 2251 5779 Graeco-Romanum
2298 5740 2365 5778 ex

802 5798 969 5849 variis
1000 5794 1230 5864 Europze
1268 5792 1521 5862 Asiaeque
1583 5794 1927 5850 bibliothecis
1987 5800 2214 5860 eruerit,
2276 5796 2368 5848 tthi

802 5870 943 5923 inter
967 5866 1135 5935 alios,
1176 5866 1317 5921 hunc
1356 5864 1533 5934 ipsum
1569 5864 1909 5922 Balsamonis
1948 5864 2125 5923 locum
2151 5882 2203 5937 p.
2242 5866 2367 5931 145,

2474 5161 2673 5239 edidit,
2704 5158 2967 5239 legitque‘
2990 5156 3110 5239 dvo“
3135 5159 3511 5239 .νομισμάτων
3576 5160 3770 5239 λίτρας
3791 5168 3970 5235 τρεῖς,
4011 5179 4052 5218 ει

2476 5248 2597 5304 cum
2631 5225 2885 5304 Latinam
2928 5225 3532 5304 BonefldiiLversionem
3585 5225 3907 5300 retinuerit,
3930 5225 4052 5304 ⁷(ιιιηι

2476 5302 2688 5363 habuit,
2716 5311 2820 5352 tres
2851 5312 3159 5365 asperorum
3185 5300 3374 5366 libras,
3406 5300 3461 5355 in
3505 5304 3753 5371 margine
3802 5300 4052 5361 observat
4154 5322 4155 5371 1

2476 5389 2599 5424 eum
2627 5386 2725 5440 pro
2781 5384 3088 5440 asperorum
3163 5379 3376 5440 vertere
3433 5371 3692 5426 debuisse
3746 5392 4051 5431 aureorum.

2479 5438 2641 5516 Quod
2664 5440 2883 5516 quidem
2923 5438 3012 5516 ille
3054 5453 3161 5516 non
3196 5439 3516 5516 fecisset,si
3554 5443 3932 5516 Veli‘cpaxémv
3988 5453 4032 5501 le

2479 5515 2669 5581 gissel,
2716 5510 2795 5563 vel
2830 5524 2937 5582 non
2967 5509 3186 5582 legisset
3218 5512 3594 5582 νομισμάτων.
3647 5509 3720 5568 Εἰ
3771 5509 3909 5572 hinc
3956 5530 4053 5573 est.

2471 5579 2616 5652 quod
2648 5595 2749 5634 nos
2775 5579 3213 5652 abbreviatnram
3277 5579 3437 5635 istain
3490 5585 3828 5641 numismata
3888 5592 4047 5644 dena.

2472 5650 2589 5728 tare
2623 5652 2891 5728 certiores
2936 5650 3092 5728 facti,
3125 5665 3223 5719 pro
3256 5653 3423 5728 priori
3459 5652 3720 5728 let-tione,
3772 5661 3883 5713 ἀνά
3915 5679 4056 5728 νομε-

2472 5724 2697 5790 σμάτων
2716 5720 2901 5790 λίτρας
2929 5722 3081 5788 τρεῖς
3110 5738 3234 5773 cum
3266 5721 3598 5776 Lettnclavio
3632 5720 4048 5783 substituimus.

2475 5796 2607 5859 Quae
2642 5793 2807 5846 etiam
2850 5793 3012 5843 lectio
3054 5804 3083 5842 a
3115 5791 3307 5845 codice
3333 5809 3437 5846 ms.
3470 5792 3785 5852 (Ettnnensi
3830 5803 4048 5855 indubia

2473 5865 2741 5930 redditur,
2776 5862 2974 5932 quippe
3010 5877 3037 5916 τι
3066 5876 3175 5931 quo
3207 5864 3409 5918 diserte
3441 5865 3695 5919 usitatur.

4160 5064 4161 5111 1

4158 5158 4159 5201 1

4156 5234 4157 5291 1

4154 5322 4155 5379 1

4150 5504 4151 5559 1

4148 5588 4149 5647 1

4146 5672 4147 5737 1

4143 5754 4145 5827 1
