  <div class='ocr_page' id='page_1' title='image "/cluster/home/n/w/nwhite01/storage/ocr_20150623/137/nnc1.0046979786/319.png"; bbox 0 0 4240 6442; ppageno 0'>
   <div class='ocr_carea' id='block_1_1' title="bbox 778 422 957 487">
    <p class='ocr_par' dir='ltr' id='par_1_1' title="bbox 778 422 957 487">
     <span class='ocr_line' id='line_1_1' title="bbox 778 422 957 487; baseline -0.028 0"><span class='ocrx_word' id='word_1_1' title='bbox 778 422 885 487; x_wconf 77' lang='lat' dir='ltr'><strong>5S3</strong></span> <span class='ocrx_word' id='word_1_2' title='bbox 954 454 957 455; x_wconf 53' lang='grc' dir='ltr'><strong>ν</strong></span> 
     </span>
    </p>
   </div>
   <div class='ocr_carea' id='block_1_2' title="bbox 2031 410 2745 474">
    <p class='ocr_par' dir='ltr' id='par_1_2' title="bbox 2031 410 2745 474">
     <span class='ocr_line' id='line_1_2' title="bbox 2031 410 2745 474; baseline -0.006 -1"><span class='ocrx_word' id='word_1_3' title='bbox 2031 412 2304 474; x_wconf 83' lang='lat' dir='ltr'><strong>THEOD.</strong></span> <span class='ocrx_word' id='word_1_4' title='bbox 2344 412 2430 470; x_wconf 80' lang='grc' dir='ltr'><strong>ΒΑ</strong></span> <span class='ocrx_word' id='word_1_5' title='bbox 2441 410 2745 470; x_wconf 80' lang='lat' dir='ltr'><strong>LSAMON</strong></span> 
     </span>
    </p>
   </div>
   <div class='ocr_carea' id='block_1_3' title="bbox 3912 404 4087 471">
    <p class='ocr_par' dir='ltr' id='par_1_3' title="bbox 3912 404 4087 471">
     <span class='ocr_line' id='line_1_3' title="bbox 3912 404 4087 471; baseline 0.023 -4"><span class='ocrx_word' id='word_1_6' title='bbox 3912 404 4018 467; x_wconf 66' lang='lat'><strong>534</strong></span> <span class='ocrx_word' id='word_1_7' title='bbox 4079 437 4087 471; x_wconf 77' lang='grc' dir='ltr'><strong>ί</strong></span> 
     </span>
    </p>
   </div>
   <div class='ocr_carea' id='block_1_4' title="bbox 775 512 2449 605">
    <p class='ocr_par' dir='ltr' id='par_1_4' title="bbox 775 522 2449 605">
     <span class='ocr_line' id='line_1_4' title="bbox 775 522 2449 605; baseline -0.013 -16"><span class='ocrx_word' id='word_1_8' title='bbox 775 547 1015 605; x_wconf 65' lang='lat' dir='ltr'><strong>praesens</strong></span> <span class='ocrx_word' id='word_1_9' title='bbox 1047 538 1225 584; x_wconf 84' lang='lat' dir='ltr'><strong>autem</strong></span> <span class='ocrx_word' id='word_1_10' title='bbox 1258 542 1427 582; x_wconf 89' lang='lat' dir='ltr'><strong>canon</strong></span> <span class='ocrx_word' id='word_1_11' title='bbox 1461 526 1623 581; x_wconf 92' lang='lat' dir='ltr'><strong>dicit:</strong></span> <span class='ocrx_word' id='word_1_12' title='bbox 1646 523 1700 579; x_wconf 90' lang='lat' dir='ltr'><strong>Si</strong></span> <span class='ocrx_word' id='word_1_13' title='bbox 1726 525 1848 593; x_wconf 86' lang='lat' dir='ltr'><strong>quis</strong></span> <span class='ocrx_word' id='word_1_14' title='bbox 1905 524 2006 577; x_wconf 86' lang='lat' dir='ltr'><strong>hoc</strong></span> <span class='ocrx_word' id='word_1_15' title='bbox 2037 524 2214 578; x_wconf 79' lang='lat' dir='ltr'><strong>facere</strong></span> <span class='ocrx_word' id='word_1_16' title='bbox 2253 522 2341 574; x_wconf 82' lang='lat' dir='ltr'><strong>de-</strong></span> <span class='ocrx_word' id='word_1_17' title='bbox 2371 525 2416 579; x_wconf 79' lang='grc' dir='ltr'>Α</span> <span class='ocrx_word' id='word_1_18' title='bbox 2445 540 2449 567; x_wconf 75' lang='grc' dir='ltr'><strong>ι</strong></span> 
     </span>
    </p>
   </div>
   <div class='ocr_carea' id='block_1_5' title="bbox 2343 512 4017 605">
    <p class='ocr_par' dir='ltr' id='par_1_5' title="bbox 2371 512 4017 591">
     <span class='ocr_line' id='line_1_5' title="bbox 2371 512 4017 591; baseline -0.005 -20"><span class='ocrx_word' id='word_1_19' title='bbox 2371 525 2416 579; x_wconf 81' lang='grc' dir='ltr'>Α</span> <span class='ocrx_word' id='word_1_20' title='bbox 2445 523 2527 582; x_wconf 87' lang='grc' dir='ltr'>εἰς</span> <span class='ocrx_word' id='word_1_21' title='bbox 2559 520 2930 591; x_wconf 79' lang='grc' dir='ltr'>πρεσϐυτέρου</span> <span class='ocrx_word' id='word_1_22' title='bbox 2961 518 3115 582; x_wconf 80' lang='grc' dir='ltr'>ἀξίαν</span> <span class='ocrx_word' id='word_1_23' title='bbox 3158 516 3491 583; x_wconf 80' lang='grc' dir='ltr'>καταγαγεῖν</span> <span class='ocrx_word' id='word_1_24' title='bbox 3528 512 3807 582; x_wconf 76' lang='grc' dir='ltr'><strong>ἱεροσυλία</strong></span> <span class='ocrx_word' id='word_1_25' title='bbox 3838 514 4017 566; x_wconf 86' lang='grc' dir='ltr'>ἐστίν·</span> 
     </span>
    </p>
   </div>
   <div class='ocr_carea' id='block_1_6' title="bbox 780 614 2340 697">
    <p class='ocr_par' dir='ltr' id='par_1_6' title="bbox 780 614 2340 697">
     <span class='ocr_line' id='line_1_6' title="bbox 780 614 2340 697; baseline -0.009 -17"><span class='ocrx_word' id='word_1_26' title='bbox 780 629 1079 697; x_wconf 85' lang='lat' dir='ltr'><strong>prehensus</strong></span> <span class='ocrx_word' id='word_1_27' title='bbox 1108 623 1289 685; x_wconf 78' lang='lat' dir='ltr'><strong>fuerit,</strong></span> <span class='ocrx_word' id='word_1_28' title='bbox 1319 622 1387 675; x_wconf 86' lang='lat' dir='ltr'><strong>ab</strong></span> <span class='ocrx_word' id='word_1_29' title='bbox 1432 621 1746 688; x_wconf 82' lang='lat' dir='ltr'><strong>episcopatu</strong></span> <span class='ocrx_word' id='word_1_30' title='bbox 1789 627 1986 680; x_wconf 77' lang='lat' dir='ltr'><strong>cesset,</strong></span> <span class='ocrx_word' id='word_1_31' title='bbox 2040 614 2340 684; x_wconf 75' lang='lat' dir='ltr'><strong>presbyteri</strong></span> 
     </span>
    </p>
   </div>
   <div class='ocr_carea' id='block_1_7' title="bbox 780 708 2341 780">
    <p class='ocr_par' dir='ltr' id='par_1_7' title="bbox 780 708 2341 780">
     <span class='ocr_line' id='line_1_7' title="bbox 780 708 2341 780; baseline -0.012 -6"><span class='ocrx_word' id='word_1_32' title='bbox 780 730 961 775; x_wconf 84' lang='lat' dir='ltr'><strong>autem</strong></span> <span class='ocrx_word' id='word_1_33' title='bbox 999 732 1222 771; x_wconf 88' lang='lat' dir='ltr'><strong>munere</strong></span> <span class='ocrx_word' id='word_1_34' title='bbox 1251 714 1548 780; x_wconf 71' lang='lat' dir='ltr'><strong>fungatur;</strong></span> <span class='ocrx_word' id='word_1_35' title='bbox 1577 711 1779 772; x_wconf 84' lang='lat' dir='ltr'><strong>audiet,</strong></span> <span class='ocrx_word' id='word_1_36' title='bbox 1815 711 1955 779; x_wconf 86' lang='lat' dir='ltr'><strong>quod</strong></span> <span class='ocrx_word' id='word_1_37' title='bbox 1990 709 2098 760; x_wconf 62' lang='lat' dir='ltr'><strong>illic</strong></span> <span class='ocrx_word' id='word_1_38' title='bbox 2127 708 2341 775; x_wconf 82' lang='lat' dir='ltr'><strong>quidem</strong></span> 
     </span>
    </p>
   </div>
   <div class='ocr_carea' id='block_1_8' title="bbox 786 796 2347 875">
    <p class='ocr_par' dir='ltr' id='par_1_8' title="bbox 786 796 2347 875">
     <span class='ocr_line' id='line_1_8' title="bbox 786 796 2347 875; baseline -0.014 -9"><span class='ocrx_word' id='word_1_39' title='bbox 786 811 1004 869; x_wconf 83' lang='lat' dir='ltr'><strong>dicitde</strong></span> <span class='ocrx_word' id='word_1_40' title='bbox 1042 806 1377 875; x_wconf 76' lang='lat' dir='ltr'><strong>depositione</strong></span> <span class='ocrx_word' id='word_1_41' title='bbox 1422 804 1564 872; x_wconf 73' lang='lat' dir='ltr'><strong>iusta</strong></span> <span class='ocrx_word' id='word_1_42' title='bbox 1633 803 1715 855; x_wconf 87' lang='lat' dir='ltr'><strong>vel</strong></span> <span class='ocrx_word' id='word_1_43' title='bbox 1770 801 2003 868; x_wconf 69' lang='lat' dir='ltr'><strong>iniusta;</strong></span> <span class='ocrx_word' id='word_1_44' title='bbox 2063 797 2145 851; x_wconf 85' lang='lat' dir='ltr'><strong>vel</strong></span> <span class='ocrx_word' id='word_1_45' title='bbox 2197 796 2347 849; x_wconf 79' lang='lat' dir='ltr'><strong>‘enim</strong></span> 
     </span>
    </p>
   </div>
   <div class='ocr_carea' id='block_1_9' title="bbox 783 890 2350 973">
    <p class='ocr_par' dir='ltr' id='par_1_9' title="bbox 783 890 2350 973">
     <span class='ocr_line' id='line_1_9' title="bbox 783 890 2350 973; baseline -0.015 -16"><span class='ocrx_word' id='word_1_46' title='bbox 783 916 1004 973; x_wconf 67' lang='lat' dir='ltr'><strong>propter</strong></span> <span class='ocrx_word' id='word_1_47' title='bbox 1029 901 1226 968; x_wconf 84' lang='lat' dir='ltr'><strong>justam</strong></span> <span class='ocrx_word' id='word_1_48' title='bbox 1258 910 1474 951; x_wconf 86' lang='lat' dir='ltr'><strong>causam</strong></span> <span class='ocrx_word' id='word_1_49' title='bbox 1505 895 1812 962; x_wconf 81' lang='lat' dir='ltr'><strong>episcopatu</strong></span> <span class='ocrx_word' id='word_1_50' title='bbox 1867 890 2104 956; x_wconf 77' lang='lat' dir='ltr'><strong>tlejectus</strong></span> <span class='ocrx_word' id='word_1_51' title='bbox 2146 896 2252 944; x_wconf 85' lang='lat' dir='ltr'><strong>est,</strong></span> <span class='ocrx_word' id='word_1_52' title='bbox 2296 890 2350 935; x_wconf 76' lang='lat' dir='ltr'><strong>ct</strong></span> 
     </span>
    </p>
   </div>
   <div class='ocr_carea' id='block_1_10' title="bbox 794 984 2352 1065">
    <p class='ocr_par' dir='ltr' id='par_1_10' title="bbox 794 984 2352 1065">
     <span class='ocr_line' id='line_1_10' title="bbox 794 984 2352 1065; baseline -0.013 -17"><span class='ocrx_word' id='word_1_53' title='bbox 794 1015 860 1049; x_wconf 83' lang='lat' dir='ltr'><strong>m-</strong></span> <span class='ocrx_word' id='word_1_54' title='bbox 890 1003 1172 1065; x_wconf 82' lang='lat' dir='ltr'><strong>presbytcr</strong></span> <span class='ocrx_word' id='word_1_55' title='bbox 1204 990 1420 1059; x_wconf 83' lang='lat' dir='ltr'><strong>quidem</strong></span> <span class='ocrx_word' id='word_1_56' title='bbox 1448 989 1590 1041; x_wconf 85' lang='lat' dir='ltr'><strong>erit:</strong></span> <span class='ocrx_word' id='word_1_57' title='bbox 1620 984 1699 1038; x_wconf 77' lang='lat' dir='ltr'><strong>vel</strong></span> <span class='ocrx_word' id='word_1_58' title='bbox 1732 984 1850 1036; x_wconf 86' lang='lat' dir='ltr'><strong>sine</strong></span> <span class='ocrx_word' id='word_1_59' title='bbox 1884 996 2065 1043; x_wconf 81' lang='lat' dir='ltr'><strong>causa,</strong></span> <span class='ocrx_word' id='word_1_60' title='bbox 2098 987 2152 1032; x_wconf 88' lang='lat' dir='ltr'><strong>et</strong></span> <span class='ocrx_word' id='word_1_61' title='bbox 2173 992 2239 1030; x_wconf 91' lang='lat' dir='ltr'><strong>ne</strong></span> <span class='ocrx_word' id='word_1_62' title='bbox 2274 990 2352 1030; x_wconf 70' lang='lat' dir='ltr'><strong>sm</strong></span> 
     </span>
    </p>
   </div>
   <div class='ocr_carea' id='block_1_11' title="bbox 787 1066 2357 1156">
    <p class='ocr_par' dir='ltr' id='par_1_11' title="bbox 787 1066 2357 1156">
     <span class='ocr_line' id='line_1_11' title="bbox 787 1066 2357 1156; baseline -0.014 -15"><span class='ocrx_word' id='word_1_63' title='bbox 787 1089 1001 1156; x_wconf 73' lang='lat' dir='ltr'><strong>quidem</strong></span> <span class='ocrx_word' id='word_1_64' title='bbox 1028 1086 1091 1137; x_wconf 85' lang='lat' dir='ltr'><strong>ad</strong></span> <span class='ocrx_word' id='word_1_65' title='bbox 1124 1083 1419 1151; x_wconf 74' lang='lat' dir='ltr'><strong>presbyteri</strong></span> <span class='ocrx_word' id='word_1_66' title='bbox 1478 1079 1699 1147; x_wconf 77' lang='lat' dir='ltr'><strong>gradum</strong></span> <span class='ocrx_word' id='word_1_67' title='bbox 1757 1074 2110 1140; x_wconf 88' lang='lat' dir='ltr'><strong>deprimetur,</strong></span> <span class='ocrx_word' id='word_1_68' title='bbox 2130 1069 2221 1121; x_wconf 78' lang='lat' dir='ltr'><strong>sed</strong></span> <span class='ocrx_word' id='word_1_69' title='bbox 2252 1066 2357 1119; x_wconf 78' lang='lat' dir='ltr'><strong>erit</strong></span> 
     </span>
    </p>
   </div>
   <div class='ocr_carea' id='block_1_12' title="bbox 784 1162 2352 1245">
    <p class='ocr_par' dir='ltr' id='par_1_12' title="bbox 784 1162 2352 1245">
     <span class='ocr_line' id='line_1_12' title="bbox 784 1162 2352 1245; baseline -0.017 -8"><span class='ocrx_word' id='word_1_70' title='bbox 784 1195 976 1239; x_wconf 81' lang='lat' dir='ltr'><strong>rursus</strong></span> <span class='ocrx_word' id='word_1_71' title='bbox 1029 1178 1336 1245; x_wconf 84' lang='lat' dir='ltr'><strong>episcopus.</strong></span> <span class='ocrx_word' id='word_1_72' title='bbox 1394 1170 1494 1224; x_wconf 83' lang='lat' dir='ltr'><strong>Hie</strong></span> <span class='ocrx_word' id='word_1_73' title='bbox 1552 1179 1730 1221; x_wconf 88' lang='lat' dir='ltr'><strong>autem</strong></span> <span class='ocrx_word' id='word_1_74' title='bbox 1798 1170 2083 1235; x_wconf 88' lang='lat' dir='ltr'><strong>episcopus</strong></span> <span class='ocrx_word' id='word_1_75' title='bbox 2135 1162 2352 1231; x_wconf 87' lang='lat' dir='ltr'><strong>quidem</strong></span> 
     </span>
    </p>
   </div>
   <div class='ocr_carea' id='block_1_13' title="bbox 788 1255 2358 1344">
    <p class='ocr_par' dir='ltr' id='par_1_13' title="bbox 788 1255 2358 1344">
     <span class='ocr_line' id='line_1_13' title="bbox 788 1255 2358 1344; baseline -0.011 -21"><span class='ocrx_word' id='word_1_76' title='bbox 788 1281 1069 1344; x_wconf 81' lang='lat' dir='ltr'><strong>peccatum</strong></span> <span class='ocrx_word' id='word_1_77' title='bbox 1098 1282 1202 1321; x_wconf 89' lang='lat' dir='ltr'><strong>non</strong></span> <span class='ocrx_word' id='word_1_78' title='bbox 1231 1264 1462 1321; x_wconf 83' lang='lat' dir='ltr'><strong>admisit,</strong></span> <span class='ocrx_word' id='word_1_79' title='bbox 1499 1260 1639 1331; x_wconf 86' lang='lat' dir='ltr'><strong>quod</strong></span> <span class='ocrx_word' id='word_1_80' title='bbox 1671 1274 1793 1312; x_wconf 86' lang='lat' dir='ltr'><strong>eum</strong></span> <span class='ocrx_word' id='word_1_81' title='bbox 1820 1273 1847 1310; x_wconf 91' lang='lat' dir='ltr'><strong>a</strong></span> <span class='ocrx_word' id='word_1_82' title='bbox 1902 1255 2211 1311; x_wconf 86' lang='lat' dir='ltr'><strong>sacerdotio</strong></span> <span class='ocrx_word' id='word_1_83' title='bbox 2271 1267 2358 1305; x_wconf 84' lang='lat' dir='ltr'><strong>ar-</strong></span> 
     </span>
    </p>
   </div>
   <div class='ocr_carea' id='block_1_14' title="bbox 789 1344 2357 1427">
    <p class='ocr_par' dir='ltr' id='par_1_14' title="bbox 789 1344 2357 1427">
     <span class='ocr_line' id='line_1_14' title="bbox 789 1344 2357 1427; baseline -0.017 -9"><span class='ocrx_word' id='word_1_84' title='bbox 789 1374 930 1427; x_wconf 90' lang='lat' dir='ltr'><strong>ceat,</strong></span> <span class='ocrx_word' id='word_1_85' title='bbox 958 1361 1050 1415; x_wconf 89' lang='lat' dir='ltr'><strong>sed</strong></span> <span class='ocrx_word' id='word_1_86' title='bbox 1082 1351 1268 1426; x_wconf 64' lang='lat' dir='ltr'><strong>gloria:</strong></span> <span class='ocrx_word' id='word_1_87' title='bbox 1298 1364 1506 1409; x_wconf 91' lang='lat' dir='ltr'><strong>tantum</strong></span> <span class='ocrx_word' id='word_1_88' title='bbox 1542 1348 1840 1419; x_wconf 80' lang='lat' dir='ltr'><strong>cupiditate</strong></span> <span class='ocrx_word' id='word_1_89' title='bbox 1873 1356 1920 1399; x_wconf 89' lang='lat' dir='ltr'><strong>et</strong></span> <span class='ocrx_word' id='word_1_90' title='bbox 1954 1344 2128 1397; x_wconf 87' lang='lat' dir='ltr'><strong>laudis</strong></span> <span class='ocrx_word' id='word_1_91' title='bbox 2173 1352 2357 1395; x_wconf 86' lang='lat' dir='ltr'><strong>amore</strong></span> 
     </span>
    </p>
   </div>
   <div class='ocr_carea' id='block_1_15' title="bbox 789 1430 2354 1523">
    <p class='ocr_par' dir='ltr' id='par_1_15' title="bbox 789 1430 2354 1523">
     <span class='ocr_line' id='line_1_15' title="bbox 789 1430 2354 1523; baseline -0.017 -17"><span class='ocrx_word' id='word_1_92' title='bbox 789 1450 1053 1523; x_wconf 84' lang='lat' dir='ltr'><strong>peccavit.</strong></span> <span class='ocrx_word' id='word_1_93' title='bbox 1086 1449 1330 1513; x_wconf 69' lang='lat' dir='ltr'><strong>ttergo,</strong></span> <span class='ocrx_word' id='word_1_94' title='bbox 1386 1439 1527 1510; x_wconf 90' lang='lat' dir='ltr'><strong>qttod</strong></span> <span class='ocrx_word' id='word_1_95' title='bbox 1579 1454 1681 1491; x_wconf 88' lang='lat' dir='ltr'><strong>suo</strong></span> <span class='ocrx_word' id='word_1_96' title='bbox 1741 1443 1966 1505; x_wconf 86' lang='lat' dir='ltr'><strong>peccato</strong></span> <span class='ocrx_word' id='word_1_97' title='bbox 2011 1430 2354 1501; x_wconf 80' lang='lat' dir='ltr'><strong>respondeat,</strong></span> 
     </span>
    </p>
   </div>
   <div class='ocr_carea' id='block_1_16' title="bbox 794 1522 2359 1611">
    <p class='ocr_par' dir='ltr' id='par_1_16' title="bbox 794 1522 2359 1611">
     <span class='ocr_line' id='line_1_16' title="bbox 794 1522 2359 1611; baseline -0.015 -16"><span class='ocrx_word' id='word_1_98' title='bbox 794 1540 1114 1611; x_wconf 81' lang='lat' dir='ltr'><strong>supplicium</strong></span> <span class='ocrx_word' id='word_1_99' title='bbox 1150 1535 1363 1598; x_wconf 88' lang='lat' dir='ltr'><strong>haheat,</strong></span> <span class='ocrx_word' id='word_1_100' title='bbox 1394 1544 1444 1585; x_wconf 92' lang='lat' dir='ltr'><strong>et</strong></span> <span class='ocrx_word' id='word_1_101' title='bbox 1484 1530 1701 1585; x_wconf 85' lang='lat' dir='ltr'><strong>humilis</strong></span> <span class='ocrx_word' id='word_1_102' title='bbox 1745 1527 1958 1588; x_wconf 83' lang='lat' dir='ltr'><strong>evadat,</strong></span> <span class='ocrx_word' id='word_1_103' title='bbox 2023 1524 2090 1575; x_wconf 87' lang='lat' dir='ltr'><strong>ab</strong></span> <span class='ocrx_word' id='word_1_104' title='bbox 2147 1522 2359 1590; x_wconf 81' lang='lat' dir='ltr'><strong>episco-</strong></span> 
     </span>
    </p>
   </div>
   <div class='ocr_carea' id='block_1_17' title="bbox 795 1615 2358 1703">
    <p class='ocr_par' dir='ltr' id='par_1_17' title="bbox 795 1615 2358 1703">
     <span class='ocr_line' id='line_1_17' title="bbox 795 1615 2358 1703; baseline -0.017 -14"><span class='ocrx_word' id='word_1_105' title='bbox 795 1646 953 1703; x_wconf 85' lang='lat' dir='ltr'><strong>patus</strong></span> <span class='ocrx_word' id='word_1_106' title='bbox 986 1632 1201 1701; x_wconf 85' lang='lat' dir='ltr'><strong>quidem</strong></span> <span class='ocrx_word' id='word_1_107' title='bbox 1229 1629 1432 1681; x_wconf 82' lang='lat' dir='ltr'><strong>honore</strong></span> <span class='ocrx_word' id='word_1_108' title='bbox 1463 1623 1695 1686; x_wconf 80' lang='lat' dir='ltr'><strong>desistit,</strong></span> <span class='ocrx_word' id='word_1_109' title='bbox 1731 1620 1782 1673; x_wconf 87' lang='lat' dir='ltr'><strong>itt</strong></span> <span class='ocrx_word' id='word_1_110' title='bbox 1828 1615 2127 1687; x_wconf 84' lang='lat' dir='ltr'><strong>presbyteri</strong></span> <span class='ocrx_word' id='word_1_111' title='bbox 2177 1622 2358 1667; x_wconf 87' lang='lat' dir='ltr'><strong>autem</strong></span> 
     </span>
    </p>
   </div>
   <div class='ocr_carea' id='block_1_18' title="bbox 797 1712 2366 1781">
    <p class='ocr_par' dir='ltr' id='par_1_18' title="bbox 797 1712 2366 1781">
     <span class='ocr_line' id='line_1_18' title="bbox 797 1712 2366 1781; baseline -0.017 0"><span class='ocrx_word' id='word_1_112' title='bbox 797 1728 999 1781; x_wconf 85' lang='lat' dir='ltr'><strong>honore</strong></span> <span class='ocrx_word' id='word_1_113' title='bbox 1024 1722 1339 1778; x_wconf 84' lang='lat' dir='ltr'><strong>collocatur.</strong></span> <span class='ocrx_word' id='word_1_114' title='bbox 1379 1716 1449 1771; x_wconf 82' lang='lat' dir='ltr'><strong>Ut</strong></span> <span class='ocrx_word' id='word_1_115' title='bbox 1481 1716 1525 1769; x_wconf 93' lang='lat' dir='ltr'><strong>is</strong></span> <span class='ocrx_word' id='word_1_116' title='bbox 1559 1714 1705 1768; x_wconf 91' lang='lat' dir='ltr'><strong>enim</strong></span> <span class='ocrx_word' id='word_1_117' title='bbox 1737 1712 2064 1780; x_wconf 76' lang='lat' dir='ltr'><strong>deponatur,</strong></span> <span class='ocrx_word' id='word_1_118' title='bbox 2101 1717 2154 1759; x_wconf 92' lang='lat' dir='ltr'><strong>et</strong></span> <span class='ocrx_word' id='word_1_119' title='bbox 2184 1719 2366 1758; x_wconf 86' lang='lat' dir='ltr'><strong>sacer-</strong></span> 
     </span>
    </p>
   </div>
   <div class='ocr_carea' id='block_1_19' title="bbox 794 1798 2360 1877">
    <p class='ocr_par' dir='ltr' id='par_1_19' title="bbox 794 1798 2360 1877">
     <span class='ocr_line' id='line_1_19' title="bbox 794 1798 2360 1877; baseline -0.013 -8"><span class='ocrx_word' id='word_1_120' title='bbox 794 1822 894 1870; x_wconf 86' lang='lat' dir='ltr'><strong>dos</strong></span> <span class='ocrx_word' id='word_1_121' title='bbox 926 1818 1036 1877; x_wconf 87' lang='lat' dir='ltr'><strong>fiat,</strong></span> <span class='ocrx_word' id='word_1_122' title='bbox 1070 1814 1315 1867; x_wconf 83' lang='lat' dir='ltr'><strong>Patrihus</strong></span> <span class='ocrx_word' id='word_1_123' title='bbox 1354 1812 1528 1863; x_wconf 90' lang='lat' dir='ltr'><strong>visum</strong></span> <span class='ocrx_word' id='word_1_124' title='bbox 1560 1813 1787 1859; x_wconf 92' lang='lat' dir='ltr'><strong>nonest.</strong></span> <span class='ocrx_word' id='word_1_125' title='bbox 1822 1801 1961 1870; x_wconf 79' lang='lat' dir='ltr'><strong>Lege</strong></span> <span class='ocrx_word' id='word_1_126' title='bbox 2010 1811 2064 1853; x_wconf 92' lang='lat' dir='ltr'><strong>et</strong></span> <span class='ocrx_word' id='word_1_127' title='bbox 2119 1798 2186 1851; x_wconf 82' lang='grc'><strong>18</strong></span> <span class='ocrx_word' id='word_1_128' title='bbox 2236 1811 2360 1850; x_wconf 86' lang='lat' dir='ltr'><strong>can.</strong></span> 
     </span>
    </p>
   </div>
   <div class='ocr_carea' id='block_1_20' title="bbox 2450 604 4029 682">
    <p class='ocr_par' dir='ltr' id='par_1_20' title="bbox 2450 604 4029 682">
     <span class='ocr_line' id='line_1_20' title="bbox 2450 604 4029 682; baseline -0.006 -17"><span class='ocrx_word' id='word_1_129' title='bbox 2450 613 2555 665; x_wconf 80' lang='grc' dir='ltr'>ὁδὲ</span> <span class='ocrx_word' id='word_1_130' title='bbox 2602 614 2795 682; x_wconf 85' lang='grc' dir='ltr'>παρὼν</span> <span class='ocrx_word' id='word_1_131' title='bbox 2848 612 3027 663; x_wconf 82' lang='grc' dir='ltr'>κανών</span> <span class='ocrx_word' id='word_1_132' title='bbox 3052 626 3221 679; x_wconf 86' lang='grc' dir='ltr'>φησιν</span> <span class='ocrx_word' id='word_1_133' title='bbox 3244 623 3258 637; x_wconf 87' lang='grc'><strong>·</strong></span> <span class='ocrx_word' id='word_1_134' title='bbox 3294 608 3360 662; x_wconf 74' lang='grc' dir='ltr'>Εἴ</span> <span class='ocrx_word' id='word_1_135' title='bbox 3384 617 3468 668; x_wconf 82' lang='grc' dir='ltr'><strong>τις</strong></span> <span class='ocrx_word' id='word_1_136' title='bbox 3521 604 3809 674; x_wconf 81' lang='grc' dir='ltr'>φωραθείη</span> <span class='ocrx_word' id='word_1_137' title='bbox 3862 604 4029 657; x_wconf 80' lang='grc' dir='ltr'>τοῦτο</span> 
     </span>
    </p>
   </div>
   <div class='ocr_carea' id='block_1_21' title="bbox 2452 693 4029 769">
    <p class='ocr_par' dir='ltr' id='par_1_21' title="bbox 2452 693 4029 769">
     <span class='ocr_line' id='line_1_21' title="bbox 2452 693 4029 769; baseline -0.008 -14"><span class='ocrx_word' id='word_1_138' title='bbox 2452 703 2646 763; x_wconf 81' lang='grc' dir='ltr'>ποιῶν,</span> <span class='ocrx_word' id='word_1_139' title='bbox 2674 699 2931 753; x_wconf 78' lang='grc' dir='ltr'><strong>παυέσθω</strong></span> <span class='ocrx_word' id='word_1_140' title='bbox 2965 700 3062 769; x_wconf 81' lang='grc' dir='ltr'><strong>τῆς</strong></span> <span class='ocrx_word' id='word_1_141' title='bbox 3094 696 3428 765; x_wconf 73' lang='grc' dir='ltr'>ἐπισκοπῆς,</span> <span class='ocrx_word' id='word_1_142' title='bbox 3453 695 3521 747; x_wconf 75' lang='grc' dir='ltr'>τὰ</span> <span class='ocrx_word' id='word_1_143' title='bbox 3572 695 3629 747; x_wconf 82' lang='grc' dir='ltr'>δὲ</span> <span class='ocrx_word' id='word_1_144' title='bbox 3657 694 3754 747; x_wconf 82' lang='grc' dir='ltr'>τοῦ</span> <span class='ocrx_word' id='word_1_145' title='bbox 3783 693 4029 762; x_wconf 75' lang='grc' dir='ltr'>πρεσϐυο</span> 
     </span>
    </p>
   </div>
   <div class='ocr_carea' id='block_1_22' title="bbox 2451 786 4031 863">
    <p class='ocr_par' dir='ltr' id='par_1_22' title="bbox 2451 786 4031 863">
     <span class='ocr_line' id='line_1_22' title="bbox 2451 786 4031 863; baseline -0.005 -18"><span class='ocrx_word' id='word_1_146' title='bbox 2451 795 2612 863; x_wconf 79' lang='grc' dir='ltr'>τέρου</span> <span class='ocrx_word' id='word_1_147' title='bbox 2663 791 2987 859; x_wconf 81' lang='grc' dir='ltr'>ἐνεργείτω·</span> <span class='ocrx_word' id='word_1_148' title='bbox 3017 789 3245 843; x_wconf 73' lang='grc' dir='ltr'>ἀκούσει</span> <span class='ocrx_word' id='word_1_149' title='bbox 3298 789 3381 841; x_wconf 79' lang='grc' dir='ltr'><strong>ὅτι</strong></span> <span class='ocrx_word' id='word_1_150' title='bbox 3428 790 3549 840; x_wconf 84' lang='grc' dir='ltr'>ἐκεῖ</span> <span class='ocrx_word' id='word_1_151' title='bbox 3597 788 3727 856; x_wconf 80' lang='grc' dir='ltr'>περὶ</span> <span class='ocrx_word' id='word_1_152' title='bbox 3768 786 4031 853; x_wconf 76' lang='grc' dir='ltr'>καθαιρέο</span> 
     </span>
    </p>
   </div>
   <div class='ocr_carea' id='block_1_23' title="bbox 2454 876 4034 950">
    <p class='ocr_par' dir='ltr' id='par_1_23' title="bbox 2454 876 4034 950">
     <span class='ocr_line' id='line_1_23' title="bbox 2454 876 4034 950; baseline -0.003 -17"><span class='ocrx_word' id='word_1_153' title='bbox 2454 880 2590 941; x_wconf 86' lang='grc' dir='ltr'>σεώς</span> <span class='ocrx_word' id='word_1_154' title='bbox 2620 896 2784 950; x_wconf 83' lang='grc' dir='ltr'>φησιν</span> <span class='ocrx_word' id='word_1_155' title='bbox 2814 880 3039 947; x_wconf 74' lang='grc' dir='ltr'>εὐλόγου</span> <span class='ocrx_word' id='word_1_156' title='bbox 3070 881 3103 950; x_wconf 82' lang='grc' dir='ltr'>ἢ</span> <span class='ocrx_word' id='word_1_157' title='bbox 3137 878 3468 948; x_wconf 79' lang='grc' dir='ltr'>παραλόγου’</span> <span class='ocrx_word' id='word_1_158' title='bbox 3499 879 3531 948; x_wconf 80' lang='grc' dir='ltr'>ἢ</span> <span class='ocrx_word' id='word_1_159' title='bbox 3564 880 3671 947; x_wconf 67' lang='grc' dir='ltr'><strong>γὰρ</strong></span> <span class='ocrx_word' id='word_1_160' title='bbox 3699 876 3770 931; x_wconf 83' lang='grc' dir='ltr'>δι’</span> <span class='ocrx_word' id='word_1_161' title='bbox 3796 877 4034 945; x_wconf 79' lang='grc' dir='ltr'>αἰτίαμά</span> 
     </span>
    </p>
   </div>
   <div class='ocr_carea' id='block_1_24' title="bbox 2453 970 4032 1041">
    <p class='ocr_par' dir='ltr' id='par_1_24' title="bbox 2453 970 4032 1041">
     <span class='ocr_line' id='line_1_24' title="bbox 2453 970 4032 1041; baseline -0.006 -15"><span class='ocrx_word' id='word_1_162' title='bbox 2453 990 2506 1026; x_wconf 87' lang='grc' dir='ltr'><strong>τι</strong></span> <span class='ocrx_word' id='word_1_163' title='bbox 2540 971 2759 1040; x_wconf 72' lang='grc' dir='ltr'>εὔλογον</span> <span class='ocrx_word' id='word_1_164' title='bbox 2802 971 3069 1041; x_wconf 80' lang='grc' dir='ltr'>ἐξεϐλήθη</span> <span class='ocrx_word' id='word_1_165' title='bbox 3116 972 3217 1041; x_wconf 78' lang='grc' dir='ltr'>τῆς</span> <span class='ocrx_word' id='word_1_166' title='bbox 3260 972 3588 1038; x_wconf 78' lang='grc' dir='ltr'>ἐπισκοπῆς,</span> <span class='ocrx_word' id='word_1_167' title='bbox 3616 971 3711 1023; x_wconf 73' lang='grc' dir='ltr'>καὶ</span> <span class='ocrx_word' id='word_1_168' title='bbox 3742 970 3868 1022; x_wconf 73' lang='grc' dir='ltr'>οὐδὲ</span> <span class='ocrx_word' id='word_1_169' title='bbox 3902 985 4032 1036; x_wconf 82' lang='grc' dir='ltr'>πρε-</span> 
     </span>
    </p>
   </div>
   <div class='ocr_carea' id='block_1_25' title="bbox 2457 1060 4035 1136">
    <p class='ocr_par' dir='ltr' id='par_1_25' title="bbox 2457 1060 4035 1136">
     <span class='ocr_line' id='line_1_25' title="bbox 2457 1060 4035 1136; baseline -0.004 -19"><span class='ocrx_word' id='word_1_170' title='bbox 2457 1064 2720 1136; x_wconf 81' lang='grc' dir='ltr'>σϐύτερος</span> <span class='ocrx_word' id='word_1_171' title='bbox 2774 1065 2926 1116; x_wconf 78' lang='grc' dir='ltr'>ἔσται</span> <span class='ocrx_word' id='word_1_172' title='bbox 2953 1081 2965 1091; x_wconf 92' lang='grc'><strong>·</strong></span> <span class='ocrx_word' id='word_1_173' title='bbox 3006 1064 3036 1134; x_wconf 84' lang='grc' dir='ltr'><strong>ἦ</strong></span> <span class='ocrx_word' id='word_1_174' title='bbox 3089 1063 3374 1126; x_wconf 83' lang='grc' dir='ltr'>ἀναιτίως,</span> <span class='ocrx_word' id='word_1_175' title='bbox 3412 1064 3508 1116; x_wconf 80' lang='grc' dir='ltr'>καὶ</span> <span class='ocrx_word' id='word_1_176' title='bbox 3562 1063 3684 1115; x_wconf 70' lang='grc' dir='ltr'>οὐδὲ</span> <span class='ocrx_word' id='word_1_177' title='bbox 3730 1060 3916 1123; x_wconf 76' lang='grc' dir='ltr'>οὕτως</span> <span class='ocrx_word' id='word_1_178' title='bbox 3954 1062 4035 1122; x_wconf 83' lang='grc' dir='ltr'>εἰς</span> 
     </span>
    </p>
   </div>
   <div class='ocr_carea' id='block_1_26' title="bbox 2458 1153 4037 1229">
    <p class='ocr_par' dir='ltr' id='par_1_26' title="bbox 2458 1153 4037 1229">
     <span class='ocr_line' id='line_1_26' title="bbox 2458 1153 4037 1229; baseline -0.004 -18"><span class='ocrx_word' id='word_1_179' title='bbox 2458 1157 2832 1229; x_wconf 81' lang='grc' dir='ltr'>πρεσϐυτέρου</span> <span class='ocrx_word' id='word_1_180' title='bbox 2883 1157 3091 1227; x_wconf 77' lang='grc' dir='ltr'>βαθμὸν</span> <span class='ocrx_word' id='word_1_181' title='bbox 3144 1155 3655 1225; x_wconf 82' lang='grc' dir='ltr'>καταταχθήσεται,</span> <span class='ocrx_word' id='word_1_182' title='bbox 3705 1154 3823 1207; x_wconf 77' lang='grc' dir='ltr'><strong>ἀλλ’</strong></span> <span class='ocrx_word' id='word_1_183' title='bbox 3879 1153 4037 1204; x_wconf 74' lang='grc' dir='ltr'>ἔσται</span> 
     </span>
    </p>
   </div>
   <div class='ocr_carea' id='block_1_27' title="bbox 2459 1245 4041 1316">
    <p class='ocr_par' dir='ltr' id='par_1_27' title="bbox 2459 1245 4041 1316">
     <span class='ocr_line' id='line_1_27' title="bbox 2459 1245 4041 1316; baseline -0.006 -12"><span class='ocrx_word' id='word_1_184' title='bbox 2459 1249 2615 1313; x_wconf 82' lang='grc' dir='ltr'>αὖθις</span> <span class='ocrx_word' id='word_1_185' title='bbox 2648 1250 2967 1312; x_wconf 84' lang='grc' dir='ltr'>ἐπίσκοπος.</span> <span class='ocrx_word' id='word_1_186' title='bbox 3006 1248 3273 1302; x_wconf 83' lang='grc' dir='ltr'>Ἐνταῦθα</span> <span class='ocrx_word' id='word_1_187' title='bbox 3301 1248 3358 1301; x_wconf 83' lang='grc' dir='ltr'>δὲ</span> <span class='ocrx_word' id='word_1_188' title='bbox 3396 1248 3701 1316; x_wconf 81' lang='grc' dir='ltr'>ἁμάρτημα</span> <span class='ocrx_word' id='word_1_189' title='bbox 3729 1246 3832 1316; x_wconf 79' lang='grc' dir='ltr'>μὲν</span> <span class='ocrx_word' id='word_1_190' title='bbox 3863 1247 3893 1299; x_wconf 81' lang='grc' dir='ltr'><strong>ό</strong></span> <span class='ocrx_word' id='word_1_191' title='bbox 3921 1245 4041 1298; x_wconf 79' lang='grc' dir='ltr'><strong>ἐπῖ-</strong></span> 
     </span>
    </p>
   </div>
   <div class='ocr_carea' id='block_1_28' title="bbox 2463 1338 4037 1409">
    <p class='ocr_par' dir='ltr' id='par_1_28' title="bbox 2463 1338 4037 1409">
     <span class='ocr_line' id='line_1_28' title="bbox 2463 1338 4037 1409; baseline -0.003 -15"><span class='ocrx_word' id='word_1_192' title='bbox 2463 1359 2667 1404; x_wconf 88' lang='grc' dir='ltr'>σκοπος</span> <span class='ocrx_word' id='word_1_193' title='bbox 2693 1341 2920 1394; x_wconf 85' lang='grc' dir='ltr'>κωλύων</span> <span class='ocrx_word' id='word_1_194' title='bbox 2969 1340 3133 1395; x_wconf 74' lang='grc' dir='ltr'>αὑτὸν</span> <span class='ocrx_word' id='word_1_195' title='bbox 3164 1341 3260 1409; x_wconf 84' lang='grc' dir='ltr'>τῆς</span> <span class='ocrx_word' id='word_1_196' title='bbox 3295 1339 3595 1409; x_wconf 74' lang='grc' dir='ltr'>ἱερωσύνης</span> <span class='ocrx_word' id='word_1_197' title='bbox 3641 1340 3740 1407; x_wconf 84' lang='grc' dir='ltr'>οὐχ</span> <span class='ocrx_word' id='word_1_198' title='bbox 3772 1338 3999 1409; x_wconf 79' lang='grc' dir='ltr'><strong>ἥμαρτε</strong></span> <span class='ocrx_word' id='word_1_199' title='bbox 4022 1351 4037 1367; x_wconf 81' lang='grc'><strong>⁸</strong></span> 
     </span>
    </p>
   </div>
   <div class='ocr_carea' id='block_1_29' title="bbox 2464 1427 4036 1502">
    <p class='ocr_par' dir='ltr' id='par_1_29' title="bbox 2464 1427 4036 1502">
     <span class='ocr_line' id='line_1_29' title="bbox 2464 1427 4036 1502; baseline -0.003 -17"><span class='ocrx_word' id='word_1_200' title='bbox 2464 1431 2736 1502; x_wconf 76' lang='grc' dir='ltr'><strong>φιλοδοξία</strong></span> <span class='ocrx_word' id='word_1_201' title='bbox 2782 1431 2839 1483; x_wconf 79' lang='grc' dir='ltr'>δὲ</span> <span class='ocrx_word' id='word_1_202' title='bbox 2880 1427 2947 1499; x_wconf 79' lang='grc' dir='ltr'>ἦν</span> <span class='ocrx_word' id='word_1_203' title='bbox 2997 1431 3093 1484; x_wconf 78' lang='grc' dir='ltr'>καὶ</span> <span class='ocrx_word' id='word_1_204' title='bbox 3141 1430 3304 1501; x_wconf 85' lang='grc' dir='ltr'>δόξης</span> <span class='ocrx_word' id='word_1_205' title='bbox 3354 1430 3495 1499; x_wconf 79' lang='grc' dir='ltr'>ἔρως</span> <span class='ocrx_word' id='word_1_206' title='bbox 3528 1430 3557 1483; x_wconf 84' lang='grc' dir='ltr'><strong>δ</strong></span> <span class='ocrx_word' id='word_1_207' title='bbox 3599 1430 3875 1499; x_wconf 76' lang='grc' dir='ltr'>ἥμαρτεν.</span> <span class='ocrx_word' id='word_1_208' title='bbox 3918 1429 4036 1483; x_wconf 83' lang='grc' dir='ltr'>Ἵνα</span> 
     </span>
    </p>
   </div>
   <div class='ocr_carea' id='block_1_30' title="bbox 2463 1519 4043 1593">
    <p class='ocr_par' dir='ltr' id='par_1_30' title="bbox 2463 1519 4043 1593">
     <span class='ocr_line' id='line_1_30' title="bbox 2463 1519 4043 1593; baseline -0.003 -16"><span class='ocrx_word' id='word_1_209' title='bbox 2463 1524 2595 1592; x_wconf 81' lang='grc' dir='ltr'>γοῦν</span> <span class='ocrx_word' id='word_1_210' title='bbox 2644 1522 2976 1593; x_wconf 72' lang='grc' dir='ltr'>ἀντίρροπον</span> <span class='ocrx_word' id='word_1_211' title='bbox 3022 1523 3122 1591; x_wconf 75' lang='grc' dir='ltr'><strong>τὴν</strong></span> <span class='ocrx_word' id='word_1_212' title='bbox 3173 1524 3445 1592; x_wconf 80' lang='grc' dir='ltr'>τιμωρίαν</span> <span class='ocrx_word' id='word_1_213' title='bbox 3483 1522 3579 1591; x_wconf 81' lang='grc' dir='ltr'><strong>ἓξῃ</strong></span> <span class='ocrx_word' id='word_1_214' title='bbox 3606 1520 3687 1591; x_wconf 83' lang='grc' dir='ltr'>τῷ</span> <span class='ocrx_word' id='word_1_215' title='bbox 3726 1519 4043 1588; x_wconf 81' lang='grc' dir='ltr'>πταίσματι</span> 
     </span>
    </p>
   </div>
   <div class='ocr_carea' id='block_1_31' title="bbox 2466 1606 4045 1685">
    <p class='ocr_par' dir='ltr' id='par_1_31' title="bbox 2466 1606 4045 1685">
     <span class='ocr_line' id='line_1_31' title="bbox 2466 1606 4045 1685; baseline -0.004 -15"><span class='ocrx_word' id='word_1_216' title='bbox 2466 1615 2633 1671; x_wconf 81' lang='grc' dir='ltr'>αὑτοῦ</span> <span class='ocrx_word' id='word_1_217' title='bbox 2660 1616 2754 1668; x_wconf 78' lang='grc' dir='ltr'>καὶ</span> <span class='ocrx_word' id='word_1_218' title='bbox 2780 1615 3114 1685; x_wconf 75' lang='grc' dir='ltr'>ταπεινωθῇ,</span> <span class='ocrx_word' id='word_1_219' title='bbox 3140 1614 3371 1667; x_wconf 81' lang='grc' dir='ltr'>παύεται</span> <span class='ocrx_word' id='word_1_220' title='bbox 3406 1614 3504 1682; x_wconf 79' lang='grc' dir='ltr'><strong>μὲν</strong></span> <span class='ocrx_word' id='word_1_221' title='bbox 3526 1606 3629 1683; x_wconf 83' lang='grc' dir='ltr'>τῆς</span> <span class='ocrx_word' id='word_1_222' title='bbox 3667 1612 4045 1680; x_wconf 70' lang='grc' dir='ltr'>ἐπισκςπικῆς</span> 
     </span>
    </p>
   </div>
   <div class='ocr_carea' id='block_1_32' title="bbox 2465 1703 4046 1777">
    <p class='ocr_par' dir='ltr' id='par_1_32' title="bbox 2465 1703 4046 1777">
     <span class='ocr_line' id='line_1_32' title="bbox 2465 1703 4046 1777; baseline -0.005 -17"><span class='ocrx_word' id='word_1_223' title='bbox 2465 1707 2654 1777; x_wconf 78' lang='grc' dir='ltr'>τιμῆς,</span> <span class='ocrx_word' id='word_1_224' title='bbox 2686 1705 3082 1759; x_wconf 74' lang='grc' dir='ltr'>κατατάττεται</span> <span class='ocrx_word' id='word_1_225' title='bbox 3110 1705 3167 1757; x_wconf 78' lang='grc' dir='ltr'>δὲ</span> <span class='ocrx_word' id='word_1_226' title='bbox 3210 1707 3292 1768; x_wconf 82' lang='grc' dir='ltr'>εἰς</span> <span class='ocrx_word' id='word_1_227' title='bbox 3326 1703 3699 1774; x_wconf 57' lang='grc' dir='ltr'>πρεσϐυτέρηυ</span> <span class='ocrx_word' id='word_1_228' title='bbox 3732 1703 3931 1773; x_wconf 82' lang='grc' dir='ltr'>τιμήν.</span> <span class='ocrx_word' id='word_1_229' title='bbox 3974 1703 4046 1755; x_wconf 79' lang='grc' dir='ltr'><strong>τὸ</strong></span> 
     </span>
    </p>
   </div>
   <div class='ocr_carea' id='block_1_33' title="bbox 2468 1796 4049 1868">
    <p class='ocr_par' dir='ltr' id='par_1_33' title="bbox 2468 1796 4049 1868">
     <span class='ocr_line' id='line_1_33' title="bbox 2468 1796 4049 1868; baseline -0.001 -18"><span class='ocrx_word' id='word_1_230' title='bbox 2468 1798 2573 1868; x_wconf 72' lang='grc' dir='ltr'>γὰρ</span> <span class='ocrx_word' id='word_1_231' title='bbox 2626 1796 3011 1868; x_wconf 80' lang='grc' dir='ltr'>καθαιρεῖσθαι</span> <span class='ocrx_word' id='word_1_232' title='bbox 3077 1797 3286 1859; x_wconf 82' lang='grc' dir='ltr'>τοῦτον,</span> <span class='ocrx_word' id='word_1_233' title='bbox 3322 1799 3412 1849; x_wconf 71' lang='grc' dir='ltr'><strong>καὶ</strong></span> <span class='ocrx_word' id='word_1_234' title='bbox 3468 1796 3720 1863; x_wconf 85' lang='grc' dir='ltr'>γίνεσθαι</span> <span class='ocrx_word' id='word_1_235' title='bbox 3778 1797 3939 1862; x_wconf 76' lang='grc' dir='ltr'>ἱερέα</span> <span class='ocrx_word' id='word_1_236' title='bbox 3987 1797 4049 1848; x_wconf 78' lang='grc' dir='ltr'>οὐ</span> 
     </span>
    </p>
   </div>
   <div class='ocr_carea' id='block_1_34' title="bbox 798 1872 2472 1980">
    <p class='ocr_par' dir='ltr' id='par_1_34' title="bbox 798 1872 2472 1980">
     <span class='ocr_line' id='line_1_34' title="bbox 798 1872 2472 1980; baseline -0.016 -16"><span class='ocrx_word' id='word_1_237' title='bbox 798 1913 935 1965; x_wconf 82' lang='lat' dir='ltr'><strong>Anc.</strong></span> <span class='ocrx_word' id='word_1_238' title='bbox 969 1924 1089 1980; x_wconf 82' lang='lat' dir='ltr'><strong>syu.</strong></span> <span class='ocrx_word' id='word_1_239' title='bbox 1114 1902 1425 1960; x_wconf 81' lang='lat' dir='ltr'><strong>Sacerdotis</strong></span> <span class='ocrx_word' id='word_1_240' title='bbox 1449 1910 1626 1953; x_wconf 90' lang='lat' dir='ltr'><strong>autem</strong></span> <span class='ocrx_word' id='word_1_241' title='bbox 1658 1910 1871 1959; x_wconf 91' lang='lat' dir='ltr'><strong>munus,</strong></span> <span class='ocrx_word' id='word_1_242' title='bbox 1906 1894 2089 1960; x_wconf 80' lang='lat' dir='ltr'><strong>accipe</strong></span> <span class='ocrx_word' id='word_1_243' title='bbox 2116 1891 2277 1944; x_wconf 89' lang='lat' dir='ltr'><strong>etiam</strong></span> <span class='ocrx_word' id='word_1_244' title='bbox 2302 1889 2367 1941; x_wconf 91' lang='lat' dir='ltr'><strong>de</strong></span> <span class='ocrx_word' id='word_1_245' title='bbox 2399 1872 2438 1930; x_wconf 73' lang='grc' dir='ltr'>Β</span> <span class='ocrx_word' id='word_1_246' title='bbox 2466 1912 2472 1938; x_wconf 80' lang='lat' dir='ltr'><strong>t</strong></span> 
     </span>
    </p>
   </div>
   <div class='ocr_carea' id='block_1_35' title="bbox 2373 1872 4047 1980">
    <p class='ocr_par' dir='ltr' id='par_1_35' title="bbox 2399 1872 4047 1957">
     <span class='ocr_line' id='line_1_35' title="bbox 2399 1872 4047 1957; baseline -0.001 -15"><span class='ocrx_word' id='word_1_247' title='bbox 2399 1872 2438 1930; x_wconf 72' lang='grc' dir='ltr'><strong>θ</strong></span> <span class='ocrx_word' id='word_1_248' title='bbox 2466 1889 2711 1943; x_wconf 81' lang='grc' dir='ltr'>δέδοκται</span> <span class='ocrx_word' id='word_1_249' title='bbox 2767 1891 2877 1952; x_wconf 66' lang='grc' dir='ltr'>τοῖς</span> <span class='ocrx_word' id='word_1_250' title='bbox 2926 1890 3223 1957; x_wconf 84' lang='grc' dir='ltr'>Πατράσιν.</span> <span class='ocrx_word' id='word_1_251' title='bbox 3280 1889 3623 1955; x_wconf 77' lang='grc' dir='ltr'>’Δνάγνωσον</span> <span class='ocrx_word' id='word_1_252' title='bbox 3673 1888 3770 1942; x_wconf 75' lang='grc' dir='ltr'>καὶ</span> <span class='ocrx_word' id='word_1_253' title='bbox 3827 1889 3924 1942; x_wconf 65' lang='grc' dir='ltr'><strong>τὸν</strong></span> <span class='ocrx_word' id='word_1_254' title='bbox 3978 1894 4047 1957; x_wconf 88' lang='grc' dir='ltr'>ιη’</span> 
     </span>
    </p>
   </div>
   <div class='ocr_carea' id='block_1_36' title="bbox 799 1983 2365 2059">
    <p class='ocr_par' dir='ltr' id='par_1_36' title="bbox 799 1983 2365 2059">
     <span class='ocr_line' id='line_1_36' title="bbox 799 1983 2365 2059; baseline -0.018 0"><span class='ocrx_word' id='word_1_255' title='bbox 799 2002 1027 2059; x_wconf 88' lang='lat' dir='ltr'><strong>docendi</strong></span> <span class='ocrx_word' id='word_1_256' title='bbox 1058 2012 1299 2057; x_wconf 88' lang='lat' dir='ltr'><strong>munere,</strong></span> <span class='ocrx_word' id='word_1_257' title='bbox 1329 2005 1383 2049; x_wconf 90' lang='lat' dir='ltr'><strong>et</strong></span> <span class='ocrx_word' id='word_1_258' title='bbox 1415 2008 1517 2047; x_wconf 90' lang='lat' dir='ltr'><strong>non</strong></span> <span class='ocrx_word' id='word_1_259' title='bbox 1549 1992 1616 2046; x_wconf 87' lang='lat' dir='ltr'><strong>de</strong></span> <span class='ocrx_word' id='word_1_260' title='bbox 1669 1986 1924 2043; x_wconf 82' lang='lat' dir='ltr'><strong>sacrificii</strong></span> <span class='ocrx_word' id='word_1_261' title='bbox 1979 1983 2365 2039; x_wconf 78' lang='lat' dir='ltr'><strong>celebratione.</strong></span> 
     </span>
    </p>
   </div>
   <div class='ocr_carea' id='block_1_37' title="bbox 802 2074 2366 2156">
    <p class='ocr_par' dir='ltr' id='par_1_37' title="bbox 802 2074 2366 2156">
     <span class='ocr_line' id='line_1_37' title="bbox 802 2074 2366 2156; baseline -0.016 -7"><span class='ocrx_word' id='word_1_262' title='bbox 802 2094 1124 2150; x_wconf 80' lang='lat' dir='ltr'><strong>Sacerdotes</strong></span> <span class='ocrx_word' id='word_1_263' title='bbox 1154 2093 1296 2144; x_wconf 88' lang='lat' dir='ltr'><strong>enim</strong></span> <span class='ocrx_word' id='word_1_264' title='bbox 1334 2085 1631 2156; x_wconf 88' lang='lat' dir='ltr'><strong>antiquitus</strong></span> <span class='ocrx_word' id='word_1_265' title='bbox 1653 2096 1874 2137; x_wconf 86' lang='lat' dir='ltr'><strong>necesse</strong></span> <span class='ocrx_word' id='word_1_266' title='bbox 1908 2077 2177 2133; x_wconf 82' lang='lat' dir='ltr'><strong>habebant</strong></span> <span class='ocrx_word' id='word_1_267' title='bbox 2205 2074 2366 2129; x_wconf 88' lang='lat' dir='ltr'><strong>etiam</strong></span> 
     </span>
    </p>
   </div>
   <div class='ocr_carea' id='block_1_38' title="bbox 800 2190 1016 2244">
    <p class='ocr_par' dir='ltr' id='par_1_38' title="bbox 800 2190 1016 2244">
     <span class='ocr_line' id='line_1_38' title="bbox 800 2190 1016 2244; baseline -0.005 -1"><span class='ocrx_word' id='word_1_268' title='bbox 800 2190 1016 2244; x_wconf 81' lang='lat' dir='ltr'><strong>docere.</strong></span> 
     </span>
    </p>
   </div>
   <div class='ocr_carea' id='block_1_39' title="bbox 876 2366 2370 2447">
    <p class='ocr_par' dir='ltr' id='par_1_39' title="bbox 876 2366 2370 2447">
     <span class='ocr_line' id='line_1_39' title="bbox 876 2366 2370 2447; baseline -0.013 -16"><span class='ocrx_word' id='word_1_269' title='bbox 876 2377 1037 2447; x_wconf 80' lang='lat'><strong>180</strong></span> <span class='ocrx_word' id='word_1_270' title='bbox 1085 2370 1342 2429; x_wconf 76' lang='lat' dir='ltr'><strong>ZONAR.</strong></span> <span class='ocrx_word' id='word_1_271' title='bbox 1394 2368 1471 2425; x_wconf 83' lang='lat' dir='ltr'><strong>Ne</strong></span> <span class='ocrx_word' id='word_1_272' title='bbox 1532 2382 1637 2437; x_wconf 88' lang='lat' dir='ltr'><strong>qua</strong></span> <span class='ocrx_word' id='word_1_273' title='bbox 1695 2368 1836 2419; x_wconf 89' lang='lat' dir='ltr'><strong>inter</strong></span> <span class='ocrx_word' id='word_1_274' title='bbox 1885 2366 2165 2431; x_wconf 86' lang='lat' dir='ltr'><strong>episcopos</strong></span> <span class='ocrx_word' id='word_1_275' title='bbox 2209 2375 2370 2415; x_wconf 81' lang='lat' dir='ltr'><strong>causa</strong></span> 
     </span>
    </p>
   </div>
   <div class='ocr_carea' id='block_1_40' title="bbox 804 2453 2374 2527">
    <p class='ocr_par' dir='ltr' id='par_1_40' title="bbox 804 2453 2374 2527">
     <span class='ocr_line' id='line_1_40' title="bbox 804 2453 2374 2527; baseline -0.013 -4"><span class='ocrx_word' id='word_1_276' title='bbox 804 2467 1127 2523; x_wconf 77' lang='lat' dir='ltr'><strong>offensionis</strong></span> <span class='ocrx_word' id='word_1_277' title='bbox 1174 2466 1506 2525; x_wconf 77' lang='lat' dir='ltr'><strong>exsisteret,</strong></span> <span class='ocrx_word' id='word_1_278' title='bbox 1567 2458 1698 2513; x_wconf 89' lang='lat' dir='ltr'><strong>ttulli</strong></span> <span class='ocrx_word' id='word_1_279' title='bbox 1767 2468 2059 2527; x_wconf 81' lang='lat' dir='ltr'><strong>propterea</strong></span> <span class='ocrx_word' id='word_1_280' title='bbox 2119 2453 2374 2522; x_wconf 82' lang='lat' dir='ltr'><strong>episcopo</strong></span> 
     </span>
    </p>
   </div>
   <div class='ocr_carea' id='block_1_41' title="bbox 805 2543 2377 2632">
    <p class='ocr_par' dir='ltr' id='par_1_41' title="bbox 805 2543 2377 2632">
     <span class='ocr_line' id='line_1_41' title="bbox 805 2543 2377 2632; baseline -0.011 -16"><span class='ocrx_word' id='word_1_281' title='bbox 805 2562 1019 2632; x_wconf 87' lang='lat' dir='ltr'><strong>publice</strong></span> <span class='ocrx_word' id='word_1_282' title='bbox 1042 2560 1091 2611; x_wconf 89' lang='lat' dir='ltr'><strong>iu</strong></span> <span class='ocrx_word' id='word_1_283' title='bbox 1120 2558 1290 2612; x_wconf 85' lang='lat' dir='ltr'><strong>aliena</strong></span> <span class='ocrx_word' id='word_1_284' title='bbox 1345 2555 1475 2609; x_wconf 86' lang='lat' dir='ltr'><strong>urbe</strong></span> <span class='ocrx_word' id='word_1_285' title='bbox 1544 2551 1768 2607; x_wconf 87' lang='lat' dir='ltr'><strong>docendi</strong></span> <span class='ocrx_word' id='word_1_286' title='bbox 1836 2548 2146 2604; x_wconf 77' lang='lat' dir='ltr'><strong>facultatem</strong></span> <span class='ocrx_word' id='word_1_287' title='bbox 2189 2543 2377 2598; x_wconf 83' lang='lat' dir='ltr'><strong>Patres</strong></span> 
     </span>
    </p>
   </div>
   <div class='ocr_carea' id='block_1_42' title="bbox 804 2628 2370 2713">
    <p class='ocr_par' dir='ltr' id='par_1_42' title="bbox 804 2628 2370 2713">
     <span class='ocr_line' id='line_1_42' title="bbox 804 2628 2370 2713; baseline -0.015 -8"><span class='ocrx_word' id='word_1_288' title='bbox 804 2628 925 2705; x_wconf 77' lang='lat' dir='ltr'><strong>esse</strong></span> <span class='ocrx_word' id='word_1_289' title='bbox 953 2648 1254 2702; x_wconf 90' lang='lat' dir='ltr'><strong>voluerunt.</strong></span> <span class='ocrx_word' id='word_1_290' title='bbox 1279 2641 1386 2698; x_wconf 81' lang='lat' dir='ltr'><strong>Nec</strong></span> <span class='ocrx_word' id='word_1_291' title='bbox 1415 2641 1556 2696; x_wconf 85' lang='lat' dir='ltr'><strong>enim</strong></span> <span class='ocrx_word' id='word_1_292' title='bbox 1610 2639 1661 2695; x_wconf 94' lang='lat' dir='ltr'><strong>id</strong></span> <span class='ocrx_word' id='word_1_293' title='bbox 1709 2638 1826 2692; x_wconf 88' lang='lat' dir='ltr'><strong>sine</strong></span> <span class='ocrx_word' id='word_1_294' title='bbox 1888 2635 2069 2713; x_wconf 88' lang='lat' dir='ltr'><strong>aliqua</strong></span> <span class='ocrx_word' id='word_1_295' title='bbox 2127 2628 2370 2700; x_wconf 80' lang='lat' dir='ltr'><strong>prtcfecti</strong></span> 
     </span>
    </p>
   </div>
   <div class='ocr_carea' id='block_1_43' title="bbox 807 2721 2377 2802">
    <p class='ocr_par' dir='ltr' id='par_1_43' title="bbox 807 2721 2377 2802">
     <span class='ocr_line' id='line_1_43' title="bbox 807 2721 2377 2802; baseline -0.014 -5"><span class='ocrx_word' id='word_1_296' title='bbox 807 2741 959 2797; x_wconf 89' lang='lat' dir='ltr'><strong>urbis</strong></span> <span class='ocrx_word' id='word_1_297' title='bbox 994 2739 1150 2794; x_wconf 85' lang='lat' dir='ltr'><strong>istius</strong></span> <span class='ocrx_word' id='word_1_298' title='bbox 1196 2734 1438 2802; x_wconf 86' lang='lat' dir='ltr'><strong>episcopi</strong></span> <span class='ocrx_word' id='word_1_299' title='bbox 1485 2730 1809 2787; x_wconf 81' lang='lat' dir='ltr'><strong>contumelia</strong></span> <span class='ocrx_word' id='word_1_300' title='bbox 1858 2728 1971 2781; x_wconf 83' lang='lat' dir='ltr'><strong>fieri</strong></span> <span class='ocrx_word' id='word_1_301' title='bbox 2023 2734 2217 2794; x_wconf 80' lang='lat' dir='ltr'><strong>potest.</strong></span> <span class='ocrx_word' id='word_1_302' title='bbox 2270 2721 2377 2777; x_wconf 87' lang='lat' dir='ltr'><strong>Sed</strong></span> 
     </span>
    </p>
   </div>
   <div class='ocr_carea' id='block_1_44' title="bbox 806 2818 2380 2904">
    <p class='ocr_par' dir='ltr' id='par_1_44' title="bbox 806 2818 2380 2904">
     <span class='ocr_line' id='line_1_44' title="bbox 806 2818 2380 2904; baseline -0.012 -19"><span class='ocrx_word' id='word_1_303' title='bbox 806 2834 1021 2904; x_wconf 80' lang='lat' dir='ltr'><strong>publice</strong></span> <span class='ocrx_word' id='word_1_304' title='bbox 1052 2839 1255 2884; x_wconf 87' lang='lat' dir='ltr'><strong>tantum</strong></span> <span class='ocrx_word' id='word_1_305' title='bbox 1290 2825 1517 2883; x_wconf 83' lang='lat' dir='ltr'><strong>docendi</strong></span> <span class='ocrx_word' id='word_1_306' title='bbox 1579 2822 1837 2877; x_wconf 75' lang='lat' dir='ltr'><strong>facultate</strong></span> <span class='ocrx_word' id='word_1_307' title='bbox 1894 2818 2278 2878; x_wconf 85' lang='lat' dir='ltr'><strong>interdictum;</strong></span> <span class='ocrx_word' id='word_1_308' title='bbox 2322 2820 2380 2867; x_wconf 86' lang='lat' dir='ltr'><strong>ut</strong></span> 
     </span>
    </p>
   </div>
   <div class='ocr_carea' id='block_1_45' title="bbox 810 2906 2382 2990">
    <p class='ocr_par' dir='ltr' id='par_1_45' title="bbox 810 2906 2382 2990">
     <span class='ocr_line' id='line_1_45' title="bbox 810 2906 2382 2990; baseline -0.011 -13"><span class='ocrx_word' id='word_1_309' title='bbox 810 2925 1076 2989; x_wconf 82' lang='lat' dir='ltr'><strong>vicissim,</strong></span> <span class='ocrx_word' id='word_1_310' title='bbox 1106 2920 1381 2990; x_wconf 84' lang='lat' dir='ltr'><strong>quidpiam</strong></span> <span class='ocrx_word' id='word_1_311' title='bbox 1410 2933 1474 2971; x_wconf 81' lang='lat' dir='ltr'><strong>ex</strong></span> <span class='ocrx_word' id='word_1_312' title='bbox 1508 2930 1575 2970; x_wconf 72' lang='lat' dir='ltr'><strong>co</strong></span> <span class='ocrx_word' id='word_1_313' title='bbox 1601 2914 1853 2984; x_wconf 80' lang='lat' dir='ltr'><strong>privatim</strong></span> <span class='ocrx_word' id='word_1_314' title='bbox 1909 2909 2170 2977; x_wconf 66' lang='lat' dir='ltr'><strong>quaerenti</strong></span> <span class='ocrx_word' id='word_1_315' title='bbox 2223 2906 2382 2961; x_wconf 81' lang='lat' dir='ltr'><strong>satis-</strong></span> 
     </span>
    </p>
   </div>
   <div class='ocr_carea' id='block_1_46' title="bbox 810 2998 2382 3080">
    <p class='ocr_par' dir='ltr' id='par_1_46' title="bbox 810 2998 2382 3080">
     <span class='ocr_line' id='line_1_46' title="bbox 810 2998 2382 3080; baseline -0.013 -9"><span class='ocrx_word' id='word_1_316' title='bbox 810 3017 1013 3080; x_wconf 81' lang='lat' dir='ltr'><strong>facere,</strong></span> <span class='ocrx_word' id='word_1_317' title='bbox 1078 3012 1421 3080; x_wconf 58' lang='lat' dir='ltr'><strong>&#39;scorsintque</strong></span> <span class='ocrx_word' id='word_1_318' title='bbox 1477 3009 1696 3066; x_wconf 77' lang='lat' dir='ltr'><strong>docere.</strong></span> <span class='ocrx_word' id='word_1_319' title='bbox 1751 3017 2086 3072; x_wconf 75' lang='lat' dir='ltr'><strong>nequaquam</strong></span> <span class='ocrx_word' id='word_1_320' title='bbox 2130 2998 2382 3068; x_wconf 88' lang='lat' dir='ltr'><strong>episcopo</strong></span> 
     </span>
    </p>
   </div>
   <div class='ocr_carea' id='block_1_47' title="bbox 808 3087 2387 3169">
    <p class='ocr_par' dir='ltr' id='par_1_47' title="bbox 808 3087 2387 3169">
     <span class='ocr_line' id='line_1_47' title="bbox 808 3087 2387 3169; baseline -0.014 -8"><span class='ocrx_word' id='word_1_321' title='bbox 808 3108 1057 3168; x_wconf 76' lang='lat' dir='ltr'><strong>vetitum,</strong></span> <span class='ocrx_word' id='word_1_322' title='bbox 1092 3118 1188 3157; x_wconf 89' lang='lat' dir='ltr'><strong>nec</strong></span> <span class='ocrx_word' id='word_1_323' title='bbox 1212 3100 1417 3169; x_wconf 89' lang='lat' dir='ltr'><strong>aliquid</strong></span> <span class='ocrx_word' id='word_1_324' title='bbox 1449 3115 1569 3153; x_wconf 91' lang='lat' dir='ltr'><strong>eum</strong></span> <span class='ocrx_word' id='word_1_325' title='bbox 1598 3096 1691 3165; x_wconf 89' lang='lat' dir='ltr'><strong>qui</strong></span> <span class='ocrx_word' id='word_1_326' title='bbox 1715 3095 1766 3149; x_wconf 89' lang='lat' dir='ltr'><strong>id</strong></span> <span class='ocrx_word' id='word_1_327' title='bbox 1797 3093 1963 3148; x_wconf 83' lang='lat' dir='ltr'><strong>faciat</strong></span> <span class='ocrx_word' id='word_1_328' title='bbox 2003 3093 2054 3145; x_wconf 88' lang='lat' dir='ltr'><strong>iit</strong></span> <span class='ocrx_word' id='word_1_329' title='bbox 2109 3105 2168 3144; x_wconf 85' lang='lat' dir='ltr'><strong>se</strong></span> <span class='ocrx_word' id='word_1_330' title='bbox 2213 3087 2387 3157; x_wconf 62' lang='lat' dir='ltr'><strong>culpatt</strong></span> 
     </span>
    </p>
   </div>
   <div class='ocr_carea' id='block_1_48' title="bbox 2469 1978 4051 2049">
    <p class='ocr_par' dir='ltr' id='par_1_48' title="bbox 2469 1978 4051 2049">
     <span class='ocr_line' id='line_1_48' title="bbox 2469 1978 4051 2049; baseline -0.002 -15"><span class='ocrx_word' id='word_1_331' title='bbox 2469 1981 2670 2034; x_wconf 92' lang='grc' dir='ltr'>κανόνα</span> <span class='ocrx_word' id='word_1_332' title='bbox 2694 1980 2791 2049; x_wconf 85' lang='grc' dir='ltr'><strong>τῆς</strong></span> <span class='ocrx_word' id='word_1_333' title='bbox 2828 1983 2887 2031; x_wconf 83' lang='grc' dir='ltr'><strong>ἐν</strong></span> <span class='ocrx_word' id='word_1_334' title='bbox 2916 1979 3165 2049; x_wconf 76' lang='grc' dir='ltr'>Ἀγκύρᾳ</span> <span class='ocrx_word' id='word_1_335' title='bbox 3214 1978 3459 2033; x_wconf 77' lang='grc' dir='ltr'>συνόδου.</span> <span class='ocrx_word' id='word_1_336' title='bbox 3499 1978 3613 2047; x_wconf 81' lang='grc' dir='ltr'><strong>Τὴν</strong></span> <span class='ocrx_word' id='word_1_337' title='bbox 3649 1979 3708 2032; x_wconf 80' lang='grc' dir='ltr'>δὲ</span> <span class='ocrx_word' id='word_1_338' title='bbox 3751 1980 4051 2048; x_wconf 72' lang='grc' dir='ltr'>ἐνέργειαν</span> 
     </span>
    </p>
   </div>
   <div class='ocr_carea' id='block_1_49' title="bbox 2471 2071 4051 2142">
    <p class='ocr_par' dir='ltr' id='par_1_49' title="bbox 2471 2071 4051 2142">
     <span class='ocr_line' id='line_1_49' title="bbox 2471 2071 4051 2142; baseline 0 -18"><span class='ocrx_word' id='word_1_339' title='bbox 2471 2071 2703 2124; x_wconf 81' lang='grc' dir='ltr'>ἐκλαϐοῦ</span> <span class='ocrx_word' id='word_1_340' title='bbox 2740 2073 2820 2134; x_wconf 80' lang='grc' dir='ltr'><strong>είς</strong></span> <span class='ocrx_word' id='word_1_341' title='bbox 2868 2071 2969 2141; x_wconf 84' lang='grc' dir='ltr'>τὴν</span> <span class='ocrx_word' id='word_1_342' title='bbox 3024 2071 3415 2142; x_wconf 78' lang='grc' dir='ltr'>διδασκαλικὴν</span> <span class='ocrx_word' id='word_1_343' title='bbox 3463 2074 3773 2141; x_wconf 79' lang='grc' dir='ltr'>ἐνέργειαν,</span> <span class='ocrx_word' id='word_1_344' title='bbox 3828 2074 3929 2124; x_wconf 77' lang='grc' dir='ltr'>καὶ</span> <span class='ocrx_word' id='word_1_345' title='bbox 3973 2074 4051 2142; x_wconf 75' lang='grc' dir='ltr'>μὴ</span> 
     </span>
    </p>
   </div>
   <div class='ocr_carea' id='block_1_50' title="bbox 2472 2166 4057 2240">
    <p class='ocr_par' dir='ltr' id='par_1_50' title="bbox 2472 2166 4057 2240">
     <span class='ocr_line' id='line_1_50' title="bbox 2472 2166 4057 2240; baseline 0.002 -22"><span class='ocrx_word' id='word_1_346' title='bbox 2472 2168 2552 2230; x_wconf 81' lang='grc' dir='ltr'>εἰς</span> <span class='ocrx_word' id='word_1_347' title='bbox 2598 2166 2697 2236; x_wconf 79' lang='grc' dir='ltr'>τὴν</span> <span class='ocrx_word' id='word_1_348' title='bbox 2739 2166 3117 2238; x_wconf 78' lang='grc' dir='ltr'>ίεροπραξίαν.</span> <span class='ocrx_word' id='word_1_349' title='bbox 3148 2166 3214 2223; x_wconf 77' lang='lat' dir='ltr'><strong>0i</strong></span> <span class='ocrx_word' id='word_1_350' title='bbox 3247 2168 3356 2238; x_wconf 84' lang='grc' dir='ltr'>γὰρ</span> <span class='ocrx_word' id='word_1_351' title='bbox 3401 2169 3567 2240; x_wconf 75' lang='grc' dir='ltr'>ἱερεῖς</span> <span class='ocrx_word' id='word_1_352' title='bbox 3612 2170 3675 2222; x_wconf 81' lang='grc' dir='ltr'><strong>τὸ</strong></span> <span class='ocrx_word' id='word_1_353' title='bbox 3729 2170 3963 2223; x_wconf 68' lang='grc' dir='ltr'>παλαιὸν</span> <span class='ocrx_word' id='word_1_354' title='bbox 3995 2167 4057 2233; x_wconf 79' lang='grc' dir='ltr'><strong>ἐξ</strong></span> 
     </span>
    </p>
   </div>
   <div class='ocr_carea' id='block_1_51' title="bbox 2471 2254 3305 2327">
    <p class='ocr_par' dir='ltr' id='par_1_51' title="bbox 2471 2254 3305 2327">
     <span class='ocr_line' id='line_1_51' title="bbox 2471 2254 3305 2327; baseline 0.002 -16"><span class='ocrx_word' id='word_1_355' title='bbox 2471 2258 2718 2327; x_wconf 78' lang='grc' dir='ltr'><strong>ἀνάγκης</strong></span> <span class='ocrx_word' id='word_1_356' title='bbox 2749 2254 2895 2325; x_wconf 68' lang='grc' dir='ltr'>εῗχον</span> <span class='ocrx_word' id='word_1_357' title='bbox 2918 2257 2980 2310; x_wconf 79' lang='grc' dir='ltr'>τὸ</span> <span class='ocrx_word' id='word_1_358' title='bbox 3006 2258 3305 2313; x_wconf 78' lang='grc' dir='ltr'>διδάσκειν.</span> 
     </span>
    </p>
   </div>
   <div class='ocr_carea' id='block_1_52' title="bbox 2538 2349 4057 2416">
    <p class='ocr_par' dir='ltr' id='par_1_52' title="bbox 2538 2349 4057 2416">
     <span class='ocr_line' id='line_1_52' title="bbox 2538 2349 4057 2416; baseline 0.001 -15"><span class='ocrx_word' id='word_1_359' title='bbox 2538 2349 2783 2403; x_wconf 77' lang='grc' dir='ltr'><strong>ΖΩΝΔΡ.</strong></span> <span class='ocrx_word' id='word_1_360' title='bbox 2838 2349 2965 2412; x_wconf 81' lang='grc' dir='ltr'>Τοῖς</span> <span class='ocrx_word' id='word_1_361' title='bbox 3029 2350 3351 2415; x_wconf 89' lang='grc' dir='ltr'>ἐπισκόποις</span> <span class='ocrx_word' id='word_1_362' title='bbox 3402 2352 3502 2416; x_wconf 65' lang='grc' dir='ltr'>τὰς</span> <span class='ocrx_word' id='word_1_363' title='bbox 3564 2350 3674 2405; x_wconf 86' lang='grc' dir='ltr'>τῶν</span> <span class='ocrx_word' id='word_1_364' title='bbox 3735 2352 4057 2405; x_wconf 72' lang='grc' dir='ltr'>σκανδάλων</span> 
     </span>
    </p>
   </div>
   <div class='ocr_carea' id='block_1_53' title="bbox 2476 2439 4059 2514">
    <p class='ocr_par' dir='ltr' id='par_1_53' title="bbox 2476 2439 4059 2514">
     <span class='ocr_line' id='line_1_53' title="bbox 2476 2439 4059 2514; baseline 0.003 -22"><span class='ocrx_word' id='word_1_365' title='bbox 2476 2439 2891 2509; x_wconf 80' lang='grc' dir='ltr'>περιαιροῦντες</span> <span class='ocrx_word' id='word_1_366' title='bbox 2924 2442 3179 2511; x_wconf 68' lang='grc' dir='ltr'>ἀφορμὰς</span> <span class='ocrx_word' id='word_1_367' title='bbox 3204 2445 3253 2495; x_wconf 75' lang='grc' dir='ltr'>οἱ</span> <span class='ocrx_word' id='word_1_368' title='bbox 3295 2443 3431 2496; x_wconf 79' lang='grc' dir='ltr'>θεῖοι</span> <span class='ocrx_word' id='word_1_369' title='bbox 3458 2445 3701 2514; x_wconf 82' lang='grc' dir='ltr'>Πατέρες</span> <span class='ocrx_word' id='word_1_370' title='bbox 3737 2444 3954 2511; x_wconf 80' lang='grc' dir='ltr'>ὥρισαν</span> <span class='ocrx_word' id='word_1_371' title='bbox 3980 2446 4059 2512; x_wconf 76' lang='grc' dir='ltr'><strong>μὴ</strong></span> 
     </span>
    </p>
   </div>
   <div class='ocr_carea' id='block_1_54' title="bbox 2475 2531 4054 2608">
    <p class='ocr_par' dir='ltr' id='par_1_54' title="bbox 2475 2531 4054 2608">
     <span class='ocr_line' id='line_1_54' title="bbox 2475 2531 4054 2608; baseline 0.003 -24"><span class='ocrx_word' id='word_1_372' title='bbox 2475 2531 2746 2584; x_wconf 76' lang='grc' dir='ltr'>διδάσκειν</span> <span class='ocrx_word' id='word_1_373' title='bbox 2776 2532 3076 2586; x_wconf 76' lang='grc' dir='ltr'>ἐπίσκοπον</span> <span class='ocrx_word' id='word_1_374' title='bbox 3099 2534 3337 2605; x_wconf 75' lang='grc' dir='ltr'>δημοσίᾳ</span> <span class='ocrx_word' id='word_1_375' title='bbox 3357 2538 3415 2590; x_wconf 84' lang='grc' dir='ltr'><strong>ἐν</strong></span> <span class='ocrx_word' id='word_1_376' title='bbox 3450 2537 3601 2589; x_wconf 86' lang='grc' dir='ltr'>πόλει</span> <span class='ocrx_word' id='word_1_377' title='bbox 3648 2536 3723 2608; x_wconf 84' lang='grc' dir='ltr'><strong>μὴ</strong></span> <span class='ocrx_word' id='word_1_378' title='bbox 3763 2537 4054 2608; x_wconf 69' lang='grc' dir='ltr'>ἀνηκούσῃ</span> 
     </span>
    </p>
   </div>
   <div class='ocr_carea' id='block_1_55' title="bbox 2477 2622 4058 2699">
    <p class='ocr_par' dir='ltr' id='par_1_55' title="bbox 2477 2622 4058 2699">
     <span class='ocr_line' id='line_1_55' title="bbox 2477 2622 4058 2699; baseline 0.004 -23"><span class='ocrx_word' id='word_1_379' title='bbox 2477 2623 2650 2695; x_wconf 80' lang='grc' dir='ltr'>αὐτῷ.</span> <span class='ocrx_word' id='word_1_380' title='bbox 2685 2622 2857 2678; x_wconf 77' lang='grc' dir='ltr'>Τοῦτο</span> <span class='ocrx_word' id='word_1_381' title='bbox 2886 2625 2997 2693; x_wconf 74' lang='grc' dir='ltr'><strong>γὰρ</strong></span> <span class='ocrx_word' id='word_1_382' title='bbox 3032 2627 3112 2688; x_wconf 86' lang='grc' dir='ltr'><strong>εἰς</strong></span> <span class='ocrx_word' id='word_1_383' title='bbox 3149 2626 3379 2697; x_wconf 78' lang='grc' dir='ltr'>ἀτιμίαν</span> <span class='ocrx_word' id='word_1_384' title='bbox 3411 2630 3531 2682; x_wconf 70' lang='grc' dir='ltr'>ἐστὶ</span> <span class='ocrx_word' id='word_1_385' title='bbox 3562 2630 3655 2683; x_wconf 84' lang='grc' dir='ltr'>τοῦ</span> <span class='ocrx_word' id='word_1_386' title='bbox 3699 2631 3803 2699; x_wconf 85' lang='grc' dir='ltr'>τῆς</span> <span class='ocrx_word' id='word_1_387' title='bbox 3837 2631 4058 2693; x_wconf 79' lang='grc' dir='ltr'>πόλεως</span> 
     </span>
    </p>
   </div>
   <div class='ocr_carea' id='block_1_56' title="bbox 2478 2713 4067 2786">
    <p class='ocr_par' dir='ltr' id='par_1_56' title="bbox 2478 2713 4067 2786">
     <span class='ocr_line' id='line_1_56' title="bbox 2478 2713 4067 2786; baseline 0.002 -21"><span class='ocrx_word' id='word_1_388' title='bbox 2478 2713 2697 2782; x_wconf 76' lang='grc' dir='ltr'>ἐκείνης</span> <span class='ocrx_word' id='word_1_389' title='bbox 2728 2714 3312 2786; x_wconf 77' lang='grc' dir='ltr'>ἀρχιερέως.Δημοσία</span> <span class='ocrx_word' id='word_1_390' title='bbox 3338 2716 3394 2769; x_wconf 80' lang='grc' dir='ltr'>δὲ</span> <span class='ocrx_word' id='word_1_391' title='bbox 3419 2716 3695 2776; x_wconf 73' lang='grc' dir='ltr'>διδάσκειν</span> <span class='ocrx_word' id='word_1_392' title='bbox 3724 2716 4067 2780; x_wconf 79' lang='grc' dir='ltr'>κεκώλυται,</span> 
     </span>
    </p>
   </div>
   <div class='ocr_carea' id='block_1_57' title="bbox 2481 2804 4071 2879">
    <p class='ocr_par' dir='ltr' id='par_1_57' title="bbox 2481 2804 4071 2879">
     <span class='ocr_line' id='line_1_57' title="bbox 2481 2804 4071 2879; baseline 0.003 -21"><span class='ocrx_word' id='word_1_393' title='bbox 2481 2806 2558 2866; x_wconf 76' lang='grc' dir='ltr'>ὡς</span> <span class='ocrx_word' id='word_1_394' title='bbox 2591 2804 2651 2871; x_wconf 82' lang='grc' dir='ltr'><strong>ἐξ</strong></span> <span class='ocrx_word' id='word_1_395' title='bbox 2687 2804 3096 2874; x_wconf 82' lang='grc' dir='ltr'>ἁντιδιαστολῆς</span> <span class='ocrx_word' id='word_1_396' title='bbox 3127 2808 3367 2862; x_wconf 77' lang='grc' dir='ltr'>νοεῖσθαι</span> <span class='ocrx_word' id='word_1_397' title='bbox 3399 2807 3497 2875; x_wconf 73' lang='grc' dir='ltr'>ὼς,</span> <span class='ocrx_word' id='word_1_398' title='bbox 3527 2810 3583 2863; x_wconf 79' lang='grc' dir='ltr'>ετ</span> <span class='ocrx_word' id='word_1_399' title='bbox 3623 2826 3711 2873; x_wconf 87' lang='grc' dir='ltr'><strong>τις</strong></span> <span class='ocrx_word' id='word_1_400' title='bbox 3750 2809 3910 2879; x_wconf 82' lang='grc' dir='ltr'>αὐτῷ</span> <span class='ocrx_word' id='word_1_401' title='bbox 3943 2810 4071 2863; x_wconf 86' lang='grc' dir='ltr'>κατ’</span> 
     </span>
    </p>
   </div>
   <div class='ocr_carea' id='block_1_58' title="bbox 2485 2898 4074 2974">
    <p class='ocr_par' dir='ltr' id='par_1_58' title="bbox 2485 2898 4074 2974">
     <span class='ocr_line' id='line_1_58' title="bbox 2485 2898 4074 2974; baseline 0.002 -22"><span class='ocrx_word' id='word_1_402' title='bbox 2485 2898 2624 2953; x_wconf 81' lang='grc' dir='ltr'>ἰδίαν</span> <span class='ocrx_word' id='word_1_403' title='bbox 2648 2898 2940 2968; x_wconf 77' lang='grc' dir='ltr'>προσέλθοι</span> <span class='ocrx_word' id='word_1_404' title='bbox 2966 2900 3189 2969; x_wconf 83' lang='grc' dir='ltr'>ἐρωτῶν</span> <span class='ocrx_word' id='word_1_405' title='bbox 3222 2901 3406 2965; x_wconf 81' lang='grc' dir='ltr'>αὐτὸν,</span> <span class='ocrx_word' id='word_1_406' title='bbox 3436 2902 3631 2973; x_wconf 72' lang='grc' dir='ltr'>ἐκείνῳ</span> <span class='ocrx_word' id='word_1_407' title='bbox 3662 2903 3803 2974; x_wconf 77' lang='grc' dir='ltr'>πρὸς</span> <span class='ocrx_word' id='word_1_408' title='bbox 3829 2902 3895 2955; x_wconf 84' lang='grc' dir='ltr'><strong>τὸ</strong></span> <span class='ocrx_word' id='word_1_409' title='bbox 3927 2902 4074 2972; x_wconf 76' lang='grc' dir='ltr'>ἐρὼ-</span> 
     </span>
    </p>
   </div>
   <div class='ocr_carea' id='block_1_59' title="bbox 2483 2991 4069 3069">
    <p class='ocr_par' dir='ltr' id='par_1_59' title="bbox 2483 2991 4069 3069">
     <span class='ocr_line' id='line_1_59' title="bbox 2483 2991 4069 3069; baseline 0.003 -26"><span class='ocrx_word' id='word_1_410' title='bbox 2483 3008 2637 3061; x_wconf 84' lang='grc' dir='ltr'>τημα</span> <span class='ocrx_word' id='word_1_411' title='bbox 2690 2991 3149 3062; x_wconf 81' lang='grc' dir='ltr'>ἀποκρινόμενος,</span> <span class='ocrx_word' id='word_1_412' title='bbox 3179 2997 3273 3047; x_wconf 79' lang='grc' dir='ltr'><strong>καὶ</strong></span> <span class='ocrx_word' id='word_1_413' title='bbox 3332 2993 3604 3049; x_wconf 78' lang='grc' dir='ltr'>διδάσκων</span> <span class='ocrx_word' id='word_1_414' title='bbox 3663 2995 3791 3049; x_wconf 84' lang='grc' dir='ltr'>καθ’</span> <span class='ocrx_word' id='word_1_415' title='bbox 3843 2996 4069 3069; x_wconf 69' lang='grc' dir='ltr'>ἐαυτδγ.</span> 
     </span>
    </p>
   </div>
   <div class='ocr_carea' id='block_1_60' title="bbox 2483 3081 4077 3155">
    <p class='ocr_par' dir='ltr' id='par_1_60' title="bbox 2483 3081 4077 3155">
     <span class='ocr_line' id='line_1_60' title="bbox 2483 3081 4077 3155; baseline 0.001 -20"><span class='ocrx_word' id='word_1_416' title='bbox 2483 3082 2583 3152; x_wconf 80' lang='grc' dir='ltr'>οὐχ</span> <span class='ocrx_word' id='word_1_417' title='bbox 2629 3081 2958 3151; x_wconf 82' lang='grc' dir='ltr'>ἁμαρτάνει.</span> <span class='ocrx_word' id='word_1_418' title='bbox 3010 3083 3123 3136; x_wconf 77' lang='grc' dir='ltr'><strong>Καὶ</strong></span> <span class='ocrx_word' id='word_1_419' title='bbox 3149 3086 3178 3137; x_wconf 86' lang='grc' dir='ltr'><strong>ό</strong></span> <span class='ocrx_word' id='word_1_420' title='bbox 3208 3083 3491 3148; x_wconf 80' lang='grc' dir='ltr'>ἑνδέκατος</span> <span class='ocrx_word' id='word_1_421' title='bbox 3528 3085 3586 3138; x_wconf 79' lang='grc' dir='ltr'><strong>δέ</strong></span> <span class='ocrx_word' id='word_1_422' title='bbox 3631 3084 3819 3139; x_wconf 86' lang='grc' dir='ltr'>κανὼν</span> <span class='ocrx_word' id='word_1_423' title='bbox 3868 3085 3979 3155; x_wconf 82' lang='grc' dir='ltr'><strong>τῆς</strong></span> <span class='ocrx_word' id='word_1_424' title='bbox 4020 3086 4077 3137; x_wconf 85' lang='grc' dir='ltr'><strong>ἐν</strong></span> 
     </span>
    </p>
   </div>
   <div class='ocr_carea' id='block_1_61' title="bbox 814 3174 2488 3272">
    <p class='ocr_par' dir='ltr' id='par_1_61' title="bbox 814 3180 2457 3272">
     <span class='ocr_line' id='line_1_61' title="bbox 814 3180 2457 3272; baseline -0.013 -19"><span class='ocrx_word' id='word_1_425' title='bbox 814 3199 1091 3267; x_wconf 90' lang='lat' dir='ltr'><strong>suscipere</strong></span> <span class='ocrx_word' id='word_1_426' title='bbox 1122 3193 1506 3263; x_wconf 83' lang='lat' dir='ltr'><strong>intelligamus.</strong></span> <span class='ocrx_word' id='word_1_427' title='bbox 1534 3188 1640 3243; x_wconf 90' lang='lat' dir='ltr'><strong>Sed</strong></span> <span class='ocrx_word' id='word_1_428' title='bbox 1668 3187 1736 3242; x_wconf 91' lang='lat' dir='ltr'><strong>de</strong></span> <span class='ocrx_word' id='word_1_429' title='bbox 1766 3188 1866 3240; x_wconf 89' lang='lat' dir='ltr'><strong>hac</strong></span> <span class='ocrx_word' id='word_1_430' title='bbox 1893 3198 1953 3239; x_wconf 88' lang='lat' dir='ltr'><strong>re</strong></span> <span class='ocrx_word' id='word_1_431' title='bbox 1985 3183 2160 3237; x_wconf 88' lang='lat' dir='ltr'><strong>fusius</strong></span> <span class='ocrx_word' id='word_1_432' title='bbox 2188 3180 2383 3235; x_wconf 77' lang='lat' dir='ltr'><strong>Sardi-</strong></span> <span class='ocrx_word' id='word_1_433' title='bbox 2409 3208 2457 3272; x_wconf 65' lang='grc' dir='ltr'>ο</span> 
     </span>
    </p>
   </div>
   <div class='ocr_carea' id='block_1_62' title="bbox 2404 3174 4078 3272">
    <p class='ocr_par' dir='ltr' id='par_1_62' title="bbox 2409 3174 4078 3272">
     <span class='ocr_line' id='line_1_62' title="bbox 2409 3174 4078 3272; baseline 0.002 -45"><span class='ocrx_word' id='word_1_434' title='bbox 2409 3208 2457 3272; x_wconf 77' lang='lat' dir='ltr'>c</span> <span class='ocrx_word' id='word_1_435' title='bbox 2488 3174 2730 3272; x_wconf 75' lang='grc' dir='ltr'>Σαρδικῇ</span> <span class='ocrx_word' id='word_1_436' title='bbox 2761 3175 2983 3228; x_wconf 84' lang='grc' dir='ltr'>συνόδου</span> <span class='ocrx_word' id='word_1_437' title='bbox 3041 3175 3360 3246; x_wconf 83' lang='grc' dir='ltr'>θεσμοτεθεϊ</span> <span class='ocrx_word' id='word_1_438' title='bbox 3393 3182 3463 3231; x_wconf 72' lang='grc' dir='ltr'><strong>τα</strong></span> <span class='ocrx_word' id='word_1_439' title='bbox 3511 3182 3641 3249; x_wconf 76' lang='grc' dir='ltr'>περὶ</span> <span class='ocrx_word' id='word_1_440' title='bbox 3683 3178 3888 3231; x_wconf 75' lang='grc' dir='ltr'>τούτου</span> <span class='ocrx_word' id='word_1_441' title='bbox 3936 3177 4078 3231; x_wconf 76' lang='grc' dir='ltr'>πλα-</span> 
     </span>
    </p>
   </div>
   <div class='ocr_carea' id='block_1_63' title="bbox 812 3274 2387 3357">
    <p class='ocr_par' dir='ltr' id='par_1_63' title="bbox 812 3274 2387 3357">
     <span class='ocr_line' id='line_1_63' title="bbox 812 3274 2387 3357; baseline -0.014 -11"><span class='ocrx_word' id='word_1_442' title='bbox 812 3293 992 3345; x_wconf 80' lang='lat' dir='ltr'><strong>ccnsis</strong></span> <span class='ocrx_word' id='word_1_443' title='bbox 1036 3303 1247 3357; x_wconf 85' lang='lat' dir='ltr'><strong>quoque</strong></span> <span class='ocrx_word' id='word_1_444' title='bbox 1320 3285 1505 3357; x_wconf 79' lang='lat' dir='ltr'><strong>synodi</strong></span> <span class='ocrx_word' id='word_1_445' title='bbox 1534 3280 1819 3336; x_wconf 84' lang='lat' dir='ltr'><strong>undecimo</strong></span> <span class='ocrx_word' id='word_1_446' title='bbox 1869 3290 2073 3333; x_wconf 86' lang='lat' dir='ltr'><strong>canone</strong></span> <span class='ocrx_word' id='word_1_447' title='bbox 2121 3274 2387 3328; x_wconf 89' lang='lat' dir='ltr'><strong>constitu-</strong></span> 
     </span>
    </p>
   </div>
   <div class='ocr_carea' id='block_1_64' title="bbox 814 3364 2388 3445">
    <p class='ocr_par' dir='ltr' id='par_1_64' title="bbox 814 3364 2388 3445">
     <span class='ocr_line' id='line_1_64' title="bbox 814 3364 2388 3445; baseline -0.008 -11"><span class='ocrx_word' id='word_1_448' title='bbox 814 3390 950 3435; x_wconf 84' lang='lat' dir='ltr'><strong>tum.</strong></span> <span class='ocrx_word' id='word_1_449' title='bbox 983 3377 1319 3433; x_wconf 73' lang='lat' dir='ltr'><strong>Dubitarerit</strong></span> <span class='ocrx_word' id='word_1_450' title='bbox 1360 3389 1522 3445; x_wconf 87' lang='lat' dir='ltr'><strong>porro</strong></span> <span class='ocrx_word' id='word_1_451' title='bbox 1572 3371 1789 3439; x_wconf 81' lang='lat' dir='ltr'><strong>aliquis,</strong></span> <span class='ocrx_word' id='word_1_452' title='bbox 1815 3383 1938 3421; x_wconf 90' lang='lat' dir='ltr'><strong>cum</strong></span> <span class='ocrx_word' id='word_1_453' title='bbox 1990 3364 2265 3421; x_wconf 88' lang='lat' dir='ltr'><strong>hominem</strong></span> <span class='ocrx_word' id='word_1_454' title='bbox 2321 3364 2388 3421; x_wconf 88' lang='lat' dir='ltr'><strong>de</strong></span> 
     </span>
    </p>
   </div>
   <div class='ocr_carea' id='block_1_65' title="bbox 814 3458 2380 3537">
    <p class='ocr_par' dir='ltr' id='par_1_65' title="bbox 814 3458 2380 3537">
     <span class='ocr_line' id='line_1_65' title="bbox 814 3458 2380 3537; baseline -0.013 -11"><span class='ocrx_word' id='word_1_455' title='bbox 814 3469 1107 3537; x_wconf 73' lang='lat' dir='ltr'><strong>episcopali</strong></span> <span class='ocrx_word' id='word_1_456' title='bbox 1147 3467 1362 3535; x_wconf 78' lang='lat' dir='ltr'><strong>fastigio</strong></span> <span class='ocrx_word' id='word_1_457' title='bbox 1386 3464 1672 3530; x_wconf 78' lang='lat' dir='ltr'><strong>deiectum,</strong></span> <span class='ocrx_word' id='word_1_458' title='bbox 1706 3459 1821 3522; x_wconf 68' lang='lat' dir='ltr'><strong>cogi</strong></span> <span class='ocrx_word' id='word_1_459' title='bbox 1853 3458 1905 3512; x_wconf 85' lang='lat' dir='ltr'><strong>iit</strong></span> <span class='ocrx_word' id='word_1_460' title='bbox 1942 3458 2380 3527; x_wconf 88' lang='lat' dir='ltr'><strong>presbyterorqu</strong></span> 
     </span>
    </p>
   </div>
   <div class='ocr_carea' id='block_1_66' title="bbox 813 3549 2390 3626">
    <p class='ocr_par' dir='ltr' id='par_1_66' title="bbox 813 3549 2390 3626">
     <span class='ocr_line' id='line_1_66' title="bbox 813 3549 2390 3626; baseline -0.008 -11"><span class='ocrx_word' id='word_1_461' title='bbox 813 3566 1060 3616; x_wconf 86' lang='lat' dir='ltr'><strong>ordinem</strong></span> <span class='ocrx_word' id='word_1_462' title='bbox 1098 3559 1215 3613; x_wconf 92' lang='lat' dir='ltr'><strong>sine</strong></span> <span class='ocrx_word' id='word_1_463' title='bbox 1246 3556 1530 3626; x_wconf 76' lang='lat' dir='ltr'><strong>sacrilegio</strong></span> <span class='ocrx_word' id='word_1_464' title='bbox 1559 3569 1666 3609; x_wconf 87' lang='lat' dir='ltr'><strong>non</strong></span> <span class='ocrx_word' id='word_1_465' title='bbox 1714 3567 1893 3621; x_wconf 86' lang='lat' dir='ltr'><strong>posse,</strong></span> <span class='ocrx_word' id='word_1_466' title='bbox 1935 3550 2077 3605; x_wconf 87' lang='lat' dir='ltr'><strong>unde</strong></span> <span class='ocrx_word' id='word_1_467' title='bbox 2118 3549 2390 3604; x_wconf 89' lang='lat' dir='ltr'><strong>tricesimo</strong></span> 
     </span>
    </p>
   </div>
   <div class='ocr_carea' id='block_1_67' title="bbox 817 3641 2392 3723">
    <p class='ocr_par' dir='ltr' id='par_1_67' title="bbox 817 3641 2392 3723">
     <span class='ocr_line' id='line_1_67' title="bbox 817 3641 2392 3723; baseline -0.01 -14"><span class='ocrx_word' id='word_1_468' title='bbox 817 3665 1023 3723; x_wconf 75' lang='lat' dir='ltr'><strong>quartae</strong></span> <span class='ocrx_word' id='word_1_469' title='bbox 1056 3650 1247 3723; x_wconf 70' lang='lat' dir='ltr'><strong>synodi</strong></span> <span class='ocrx_word' id='word_1_470' title='bbox 1296 3662 1505 3704; x_wconf 86' lang='lat' dir='ltr'><strong>canone</strong></span> <span class='ocrx_word' id='word_1_471' title='bbox 1537 3645 1816 3701; x_wconf 85' lang='lat' dir='ltr'><strong>definitum</strong></span> <span class='ocrx_word' id='word_1_472' title='bbox 1878 3643 1970 3706; x_wconf 89' lang='lat' dir='ltr'><strong>sit,</strong></span> <span class='ocrx_word' id='word_1_473' title='bbox 2021 3656 2125 3712; x_wconf 89' lang='lat' dir='ltr'><strong>qua</strong></span> <span class='ocrx_word' id='word_1_474' title='bbox 2185 3641 2392 3695; x_wconf 89' lang='lat' dir='ltr'><strong>ratione</strong></span> 
     </span>
    </p>
   </div>
   <div class='ocr_carea' id='block_1_68' title="bbox 818 3733 2391 3815">
    <p class='ocr_par' dir='ltr' id='par_1_68' title="bbox 818 3733 2391 3815">
     <span class='ocr_line' id='line_1_68' title="bbox 818 3733 2391 3815; baseline -0.011 -15"><span class='ocrx_word' id='word_1_475' title='bbox 818 3749 1129 3815; x_wconf 72' lang='lat' dir='ltr'><strong>episcopum</strong></span> <span class='ocrx_word' id='word_1_476' title='bbox 1169 3744 1266 3797; x_wconf 91' lang='lat' dir='ltr'><strong>hoc</strong></span> <span class='ocrx_word' id='word_1_477' title='bbox 1290 3742 1431 3804; x_wconf 89' lang='lat' dir='ltr'><strong>loco,</strong></span> <span class='ocrx_word' id='word_1_478' title='bbox 1469 3740 1559 3809; x_wconf 91' lang='lat' dir='ltr'><strong>qui</strong></span> <span class='ocrx_word' id='word_1_479' title='bbox 1593 3739 1735 3792; x_wconf 91' lang='lat' dir='ltr'><strong>istud</strong></span> <span class='ocrx_word' id='word_1_480' title='bbox 1769 3735 1951 3795; x_wconf 84' lang='lat' dir='ltr'><strong>faciat,</strong></span> <span class='ocrx_word' id='word_1_481' title='bbox 1985 3734 2052 3786; x_wconf 87' lang='lat' dir='ltr'><strong>ab</strong></span> <span class='ocrx_word' id='word_1_482' title='bbox 2076 3733 2391 3802; x_wconf 87' lang='lat' dir='ltr'><strong>episcopatu</strong></span> 
     </span>
    </p>
   </div>
   <div class='ocr_carea' id='block_1_69' title="bbox 819 3826 2391 3904">
    <p class='ocr_par' dir='ltr' id='par_1_69' title="bbox 819 3826 2391 3904">
     <span class='ocr_line' id='line_1_69' title="bbox 819 3826 2391 3904; baseline -0.008 -16"><span class='ocrx_word' id='word_1_483' title='bbox 819 3845 1122 3895; x_wconf 85' lang='lat' dir='ltr'><strong>cessare.et</strong></span> <span class='ocrx_word' id='word_1_484' title='bbox 1150 3830 1452 3904; x_wconf 81' lang='lat' dir='ltr'><strong>presbyteri</strong></span> <span class='ocrx_word' id='word_1_485' title='bbox 1503 3843 1723 3883; x_wconf 83' lang='lat' dir='ltr'><strong>timuere</strong></span> <span class='ocrx_word' id='word_1_486' title='bbox 1751 3827 1896 3897; x_wconf 78' lang='lat' dir='ltr'><strong>fungi</strong></span> <span class='ocrx_word' id='word_1_487' title='bbox 1925 3838 2093 3881; x_wconf 90' lang='lat' dir='ltr'><strong>canon</strong></span> <span class='ocrx_word' id='word_1_488' title='bbox 2117 3826 2391 3879; x_wconf 86' lang='lat' dir='ltr'><strong>decernat.</strong></span> 
     </span>
    </p>
   </div>
   <div class='ocr_carea' id='block_1_70' title="bbox 820 3916 2396 3999">
    <p class='ocr_par' dir='ltr' id='par_1_70' title="bbox 820 3916 2396 3999">
     <span class='ocr_line' id='line_1_70' title="bbox 820 3916 2396 3999; baseline -0.01 -16"><span class='ocrx_word' id='word_1_489' title='bbox 820 3929 991 3999; x_wconf 77' lang='lat' dir='ltr'><strong>Igitur</strong></span> <span class='ocrx_word' id='word_1_490' title='bbox 1021 3926 1074 3980; x_wconf 83' lang='lat' dir='ltr'><strong>in</strong></span> <span class='ocrx_word' id='word_1_491' title='bbox 1096 3934 1289 3994; x_wconf 89' lang='lat' dir='ltr'><strong>quarta</strong></span> <span class='ocrx_word' id='word_1_492' title='bbox 1315 3921 1521 3993; x_wconf 83' lang='lat' dir='ltr'><strong>synodo</strong></span> <span class='ocrx_word' id='word_1_493' title='bbox 1547 3920 1614 3974; x_wconf 88' lang='lat' dir='ltr'><strong>de</strong></span> <span class='ocrx_word' id='word_1_494' title='bbox 1637 3919 1802 3989; x_wconf 85' lang='lat' dir='ltr'><strong>justa,</strong></span> <span class='ocrx_word' id='word_1_495' title='bbox 1840 3917 1922 3971; x_wconf 90' lang='lat' dir='ltr'><strong>vel</strong></span> <span class='ocrx_word' id='word_1_496' title='bbox 1977 3916 2177 3985; x_wconf 87' lang='lat' dir='ltr'><strong>injusta</strong></span> <span class='ocrx_word' id='word_1_497' title='bbox 2227 3916 2396 3983; x_wconf 79' lang='lat' dir='ltr'><strong>depo-</strong></span> 
     </span>
    </p>
   </div>
   <div class='ocr_carea' id='block_1_71' title="bbox 822 4005 2397 4077">
    <p class='ocr_par' dir='ltr' id='par_1_71' title="bbox 822 4005 2397 4077">
     <span class='ocr_line' id='line_1_71' title="bbox 822 4005 2397 4077; baseline -0.011 -3"><span class='ocrx_word' id='word_1_498' title='bbox 822 4020 1017 4074; x_wconf 79' lang='lat' dir='ltr'><strong>sitioue</strong></span> <span class='ocrx_word' id='word_1_499' title='bbox 1047 4028 1355 4071; x_wconf 90' lang='lat' dir='ltr'><strong>sermonem</strong></span> <span class='ocrx_word' id='word_1_500' title='bbox 1385 4025 1509 4066; x_wconf 82' lang='lat' dir='ltr'><strong>esse</strong></span> <span class='ocrx_word' id='word_1_501' title='bbox 1546 4012 1810 4063; x_wconf 79' lang='lat' dir='ltr'><strong>dicemus.</strong></span> <span class='ocrx_word' id='word_1_502' title='bbox 1849 4006 1943 4062; x_wconf 84' lang='lat' dir='ltr'><strong>Vel</strong></span> <span class='ocrx_word' id='word_1_503' title='bbox 1978 4007 2123 4061; x_wconf 87' lang='lat' dir='ltr'><strong>enim</strong></span> <span class='ocrx_word' id='word_1_504' title='bbox 2164 4005 2232 4060; x_wconf 93' lang='lat' dir='ltr'><strong>ob</strong></span> <span class='ocrx_word' id='word_1_505' title='bbox 2274 4020 2397 4077; x_wconf 76' lang='lat' dir='ltr'><strong>gra-</strong></span> 
     </span>
    </p>
   </div>
   <div class='ocr_carea' id='block_1_72' title="bbox 825 4097 2397 4175">
    <p class='ocr_par' dir='ltr' id='par_1_72' title="bbox 825 4097 2397 4175">
     <span class='ocr_line' id='line_1_72' title="bbox 825 4097 2397 4175; baseline -0.008 -14"><span class='ocrx_word' id='word_1_506' title='bbox 825 4126 946 4165; x_wconf 78' lang='lat' dir='ltr'><strong>vem</strong></span> <span class='ocrx_word' id='word_1_507' title='bbox 985 4108 1167 4165; x_wconf 81' lang='lat' dir='ltr'><strong>delicti</strong></span> <span class='ocrx_word' id='word_1_508' title='bbox 1201 4107 1413 4175; x_wconf 88' lang='lat' dir='ltr'><strong>culpam</strong></span> <span class='ocrx_word' id='word_1_509' title='bbox 1438 4104 1528 4175; x_wconf 90' lang='lat' dir='ltr'><strong>qui</strong></span> <span class='ocrx_word' id='word_1_510' title='bbox 1554 4103 1840 4173; x_wconf 76' lang='lat' dir='ltr'><strong>epismpus</strong></span> <span class='ocrx_word' id='word_1_511' title='bbox 1866 4100 2064 4166; x_wconf 81' lang='lat' dir='ltr'><strong>fuerat,</strong></span> <span class='ocrx_word' id='word_1_512' title='bbox 2119 4114 2183 4153; x_wconf 87' lang='lat' dir='ltr'><strong>ea</strong></span> <span class='ocrx_word' id='word_1_513' title='bbox 2219 4097 2397 4167; x_wconf 79' lang='lat' dir='ltr'><strong>digni-</strong></span> 
     </span>
    </p>
   </div>
   <div class='ocr_carea' id='block_1_73' title="bbox 827 4182 2400 4271">
    <p class='ocr_par' dir='ltr' id='par_1_73' title="bbox 827 4182 2400 4271">
     <span class='ocr_line' id='line_1_73' title="bbox 827 4182 2400 4271; baseline -0.008 -14"><span class='ocrx_word' id='word_1_514' title='bbox 827 4212 940 4257; x_wconf 70' lang='lat' dir='ltr'><strong>tate</strong></span> <span class='ocrx_word' id='word_1_515' title='bbox 966 4201 1227 4271; x_wconf 85' lang='lat' dir='ltr'><strong>spoliatus</strong></span> <span class='ocrx_word' id='word_1_516' title='bbox 1258 4208 1381 4261; x_wconf 86' lang='lat' dir='ltr'><strong>cst,</strong></span> <span class='ocrx_word' id='word_1_517' title='bbox 1410 4212 1473 4251; x_wconf 90' lang='lat' dir='ltr'><strong>ac</strong></span> <span class='ocrx_word' id='word_1_518' title='bbox 1510 4182 1604 4250; x_wconf 25' lang='lat' dir='ltr'><strong>ne.</strong></span> <span class='ocrx_word' id='word_1_519' title='bbox 1642 4195 1783 4249; x_wconf 84' lang='lat' dir='ltr'><strong>inter</strong></span> <span class='ocrx_word' id='word_1_520' title='bbox 1844 4192 2150 4247; x_wconf 82' lang='lat' dir='ltr'><strong>sacerdotes</strong></span> <span class='ocrx_word' id='word_1_521' title='bbox 2188 4203 2400 4259; x_wconf 87' lang='lat' dir='ltr'><strong>quoque</strong></span> 
     </span>
    </p>
   </div>
   <div class='ocr_carea' id='block_1_74' title="bbox 826 4280 2396 4351">
    <p class='ocr_par' dir='ltr' id='par_1_74' title="bbox 826 4280 2396 4351">
     <span class='ocr_line' id='line_1_74' title="bbox 826 4280 2396 4351; baseline -0.01 -2"><span class='ocrx_word' id='word_1_522' title='bbox 826 4296 1007 4350; x_wconf 90' lang='lat' dir='ltr'><strong>locum</strong></span> <span class='ocrx_word' id='word_1_523' title='bbox 1040 4301 1219 4349; x_wconf 85' lang='lat' dir='ltr'><strong>teneat</strong></span> <span class='ocrx_word' id='word_1_524' title='bbox 1275 4292 1413 4345; x_wconf 90' lang='lat' dir='ltr'><strong>idem</strong></span> <span class='ocrx_word' id='word_1_525' title='bbox 1463 4289 1671 4344; x_wconf 88' lang='lat' dir='ltr'><strong>crimen</strong></span> <span class='ocrx_word' id='word_1_526' title='bbox 1717 4285 1944 4351; x_wconf 74' lang='lat' dir='ltr'><strong>efﬁciet;</strong></span> <span class='ocrx_word' id='word_1_527' title='bbox 1998 4283 2079 4337; x_wconf 90' lang='lat' dir='ltr'><strong>vel</strong></span> <span class='ocrx_word' id='word_1_528' title='bbox 2124 4280 2396 4337; x_wconf 87' lang='lat' dir='ltr'><strong>innocenti</strong></span> 
     </span>
    </p>
   </div>
   <div class='ocr_carea' id='block_1_75' title="bbox 828 4373 2401 4451">
    <p class='ocr_par' dir='ltr' id='par_1_75' title="bbox 828 4373 2401 4451">
     <span class='ocr_line' id='line_1_75' title="bbox 828 4373 2401 4451; baseline -0.011 -12"><span class='ocrx_word' id='word_1_529' title='bbox 828 4385 1000 4440; x_wconf 88' lang='lat' dir='ltr'><strong>multa</strong></span> <span class='ocrx_word' id='word_1_530' title='bbox 1029 4384 1290 4451; x_wconf 77' lang='lat' dir='ltr'><strong>irrogata,</strong></span> <span class='ocrx_word' id='word_1_531' title='bbox 1329 4379 1660 4447; x_wconf 91' lang='lat' dir='ltr'><strong>proindeqtte</strong></span> <span class='ocrx_word' id='word_1_532' title='bbox 1692 4392 1758 4429; x_wconf 83' lang='lat' dir='ltr'><strong>ne</strong></span> <span class='ocrx_word' id='word_1_533' title='bbox 1797 4386 1908 4427; x_wconf 90' lang='lat' dir='ltr'><strong>tum</strong></span> <span class='ocrx_word' id='word_1_534' title='bbox 1955 4373 2172 4441; x_wconf 87' lang='lat' dir='ltr'><strong>quidem</strong></span> <span class='ocrx_word' id='word_1_535' title='bbox 2216 4386 2401 4426; x_wconf 82' lang='lat' dir='ltr'><strong>sacer-</strong></span> 
     </span>
    </p>
   </div>
   <div class='ocr_carea' id='block_1_76' title="bbox 829 4462 2402 4536">
    <p class='ocr_par' dir='ltr' id='par_1_76' title="bbox 829 4462 2402 4536">
     <span class='ocr_line' id='line_1_76' title="bbox 829 4462 2402 4536; baseline -0.009 -7"><span class='ocrx_word' id='word_1_536' title='bbox 829 4476 1044 4529; x_wconf 88' lang='lat' dir='ltr'><strong>dotibus</strong></span> <span class='ocrx_word' id='word_1_537' title='bbox 1075 4471 1446 4536; x_wconf 81' lang='lat' dir='ltr'><strong>annumerari,</strong></span> <span class='ocrx_word' id='word_1_538' title='bbox 1497 4469 1590 4523; x_wconf 86' lang='lat' dir='ltr'><strong>sed</strong></span> <span class='ocrx_word' id='word_1_539' title='bbox 1641 4464 1931 4536; x_wconf 78' lang='lat' dir='ltr'><strong>epiSt-Opali</strong></span> <span class='ocrx_word' id='word_1_540' title='bbox 1992 4462 2207 4531; x_wconf 83' lang='lat' dir='ltr'><strong>fastigio</strong></span> <span class='ocrx_word' id='word_1_541' title='bbox 2260 4462 2402 4515; x_wconf 85' lang='lat' dir='ltr'><strong>unde</strong></span> 
     </span>
    </p>
   </div>
   <div class='ocr_carea' id='block_1_77' title="bbox 2492 3266 4080 3339">
    <p class='ocr_par' dir='ltr' id='par_1_77' title="bbox 2492 3266 4080 3339">
     <span class='ocr_line' id='line_1_77' title="bbox 2492 3266 4080 3339; baseline 0.003 -21"><span class='ocrx_word' id='word_1_542' title='bbox 2492 3266 2738 3336; x_wconf 79' lang='grc' dir='ltr'>τότερον.</span> <span class='ocrx_word' id='word_1_543' title='bbox 2766 3267 3069 3339; x_wconf 76' lang='grc' dir='ltr'>Ἀπορήσει</span> <span class='ocrx_word' id='word_1_544' title='bbox 3097 3266 3155 3321; x_wconf 82' lang='grc' dir='ltr'><strong>δέ</strong></span> <span class='ocrx_word' id='word_1_545' title='bbox 3184 3285 3268 3331; x_wconf 90' lang='grc' dir='ltr'><strong>τις</strong></span> <span class='ocrx_word' id='word_1_546' title='bbox 3289 3269 3409 3332; x_wconf 82' lang='grc' dir='ltr'><strong>πῶς</strong></span> <span class='ocrx_word' id='word_1_547' title='bbox 3437 3271 3466 3323; x_wconf 94' lang='grc' dir='ltr'><strong>ό</strong></span> <span class='ocrx_word' id='word_1_548' title='bbox 3494 3269 3594 3339; x_wconf 79' lang='grc' dir='ltr'>μὲν</span> <span class='ocrx_word' id='word_1_549' title='bbox 3622 3269 3883 3333; x_wconf 75' lang='grc' dir='ltr'>εἰκοστὸς</span> <span class='ocrx_word' id='word_1_550' title='bbox 3917 3270 4080 3323; x_wconf 69' lang='grc' dir='ltr'>ἕννα-</span> 
     </span>
    </p>
   </div>
   <div class='ocr_carea' id='block_1_78' title="bbox 2492 3357 4081 3431">
    <p class='ocr_par' dir='ltr' id='par_1_78' title="bbox 2492 3357 4081 3431">
     <span class='ocr_line' id='line_1_78' title="bbox 2492 3357 4081 3431; baseline 0.004 -21"><span class='ocrx_word' id='word_1_551' title='bbox 2492 3374 2583 3422; x_wconf 87' lang='grc' dir='ltr'><strong>τος</strong></span> <span class='ocrx_word' id='word_1_552' title='bbox 2609 3357 2788 3413; x_wconf 76' lang='grc' dir='ltr'>κανὼν</span> <span class='ocrx_word' id='word_1_553' title='bbox 2841 3360 2941 3430; x_wconf 81' lang='grc' dir='ltr'>τῆς</span> <span class='ocrx_word' id='word_1_554' title='bbox 2995 3360 3265 3431; x_wconf 73' lang='grc' dir='ltr'>τετάρτης</span> <span class='ocrx_word' id='word_1_555' title='bbox 3320 3361 3542 3415; x_wconf 86' lang='grc' dir='ltr'>συνόδου</span> <span class='ocrx_word' id='word_1_556' title='bbox 3600 3362 3746 3430; x_wconf 79' lang='grc' dir='ltr'>λέγει</span> <span class='ocrx_word' id='word_1_557' title='bbox 3777 3363 3863 3416; x_wconf 87' lang='grc' dir='ltr'><strong>δτι</strong></span> <span class='ocrx_word' id='word_1_558' title='bbox 3928 3366 3997 3417; x_wconf 77' lang='grc' dir='ltr'><strong>τὸ</strong></span> <span class='ocrx_word' id='word_1_559' title='bbox 4024 3366 4081 3431; x_wconf 82' lang='grc' dir='ltr'><strong>ἐξ</strong></span> 
     </span>
    </p>
   </div>
   <div class='ocr_carea' id='block_1_79' title="bbox 2496 3451 4082 3525">
    <p class='ocr_par' dir='ltr' id='par_1_79' title="bbox 2496 3451 4082 3525">
     <span class='ocr_line' id='line_1_79' title="bbox 2496 3451 4082 3525; baseline 0.003 -22"><span class='ocrx_word' id='word_1_560' title='bbox 2496 3451 2801 3504; x_wconf 84' lang='grc' dir='ltr'>ἐπισκόπου</span> <span class='ocrx_word' id='word_1_561' title='bbox 2838 3452 2919 3513; x_wconf 82' lang='grc' dir='ltr'><strong>είς</strong></span> <span class='ocrx_word' id='word_1_562' title='bbox 2943 3453 3317 3523; x_wconf 72' lang='grc' dir='ltr'>πρεσϐυτέρου</span> <span class='ocrx_word' id='word_1_563' title='bbox 3356 3452 3518 3519; x_wconf 88' lang='grc' dir='ltr'>ἀξίαν</span> <span class='ocrx_word' id='word_1_564' title='bbox 3552 3458 3903 3523; x_wconf 82' lang='grc' dir='ltr'>καταγαγεῖν</span> <span class='ocrx_word' id='word_1_565' title='bbox 3940 3457 4082 3525; x_wconf 73' lang='lat' dir='ltr'><strong>lapa-</strong></span> 
     </span>
    </p>
   </div>
   <div class='ocr_carea' id='block_1_80' title="bbox 2498 3542 4085 3617">
    <p class='ocr_par' dir='ltr' id='par_1_80' title="bbox 2498 3542 4085 3617">
     <span class='ocr_line' id='line_1_80' title="bbox 2498 3542 4085 3617; baseline 0.004 -23"><span class='ocrx_word' id='word_1_566' title='bbox 2498 3542 2654 3596; x_wconf 83' lang='grc' dir='ltr'>συλία</span> <span class='ocrx_word' id='word_1_567' title='bbox 2686 3543 2831 3596; x_wconf 84' lang='grc' dir='ltr'>ἐστίν</span> <span class='ocrx_word' id='word_1_568' title='bbox 2855 3559 2869 3574; x_wconf 87' lang='grc'>⁶</span> <span class='ocrx_word' id='word_1_569' title='bbox 2900 3544 2930 3597; x_wconf 89' lang='grc' dir='ltr'><strong>ό</strong></span> <span class='ocrx_word' id='word_1_570' title='bbox 2955 3547 3011 3597; x_wconf 72' lang='grc' dir='ltr'>δὲ</span> <span class='ocrx_word' id='word_1_571' title='bbox 3045 3544 3235 3615; x_wconf 86' lang='grc' dir='ltr'>παρὼν</span> <span class='ocrx_word' id='word_1_572' title='bbox 3265 3545 3444 3599; x_wconf 85' lang='grc' dir='ltr'>κανών</span> <span class='ocrx_word' id='word_1_573' title='bbox 3465 3562 3647 3617; x_wconf 81' lang='grc' dir='ltr'>φησιν·</span> <span class='ocrx_word' id='word_1_574' title='bbox 3677 3547 3742 3599; x_wconf 82' lang='grc' dir='ltr'><strong>Εἰ</strong></span> <span class='ocrx_word' id='word_1_575' title='bbox 3775 3565 3865 3609; x_wconf 87' lang='grc' dir='ltr'><strong>τις</strong></span> <span class='ocrx_word' id='word_1_576' title='bbox 3895 3566 4085 3615; x_wconf 66' lang='grc' dir='ltr'>ςωραο</span> 
     </span>
    </p>
   </div>
   <div class='ocr_carea' id='block_1_81' title="bbox 2500 3633 4088 3707">
    <p class='ocr_par' dir='ltr' id='par_1_81' title="bbox 2500 3633 4088 3707">
     <span class='ocr_line' id='line_1_81' title="bbox 2500 3633 4088 3707; baseline 0.003 -20"><span class='ocrx_word' id='word_1_577' title='bbox 2500 3633 2620 3705; x_wconf 86' lang='grc' dir='ltr'>θείη</span> <span class='ocrx_word' id='word_1_578' title='bbox 2648 3635 2808 3689; x_wconf 78' lang='grc' dir='ltr'>τοῦτο</span> <span class='ocrx_word' id='word_1_579' title='bbox 2847 3636 3045 3701; x_wconf 84' lang='grc' dir='ltr'>ποιῶν,</span> <span class='ocrx_word' id='word_1_580' title='bbox 3095 3636 3352 3690; x_wconf 80' lang='grc' dir='ltr'>παυέσθω</span> <span class='ocrx_word' id='word_1_581' title='bbox 3398 3639 3499 3707; x_wconf 78' lang='grc' dir='ltr'>τῆς</span> <span class='ocrx_word' id='word_1_582' title='bbox 3552 3639 3896 3706; x_wconf 71' lang='grc' dir='ltr'>ἐπισκοπῆς,</span> <span class='ocrx_word' id='word_1_583' title='bbox 3936 3642 4006 3693; x_wconf 70' lang='grc' dir='ltr'>τὰ</span> <span class='ocrx_word' id='word_1_584' title='bbox 4035 3641 4088 3692; x_wconf 72' lang='grc' dir='ltr'><strong>δὲ</strong></span> 
     </span>
    </p>
   </div>
   <div class='ocr_carea' id='block_1_82' title="bbox 2498 3726 4087 3800">
    <p class='ocr_par' dir='ltr' id='par_1_82' title="bbox 2498 3726 4087 3800">
     <span class='ocr_line' id='line_1_82' title="bbox 2498 3726 4087 3800; baseline 0.003 -19"><span class='ocrx_word' id='word_1_585' title='bbox 2498 3726 2595 3781; x_wconf 81' lang='grc' dir='ltr'><strong>τοῦ</strong></span> <span class='ocrx_word' id='word_1_586' title='bbox 2635 3727 3015 3800; x_wconf 77' lang='grc' dir='ltr'>πρεσϐυτέρου</span> <span class='ocrx_word' id='word_1_587' title='bbox 3059 3730 3376 3800; x_wconf 77' lang='grc' dir='ltr'>ἐνεργείτω.</span> <span class='ocrx_word' id='word_1_588' title='bbox 3408 3731 3564 3785; x_wconf 78' lang='grc' dir='ltr'>Εῑποι</span> <span class='ocrx_word' id='word_1_589' title='bbox 3614 3730 3707 3784; x_wconf 81' lang='grc' dir='ltr'><strong>οὖν</strong></span> <span class='ocrx_word' id='word_1_590' title='bbox 3756 3733 3827 3786; x_wconf 77' lang='grc' dir='ltr'>ἄν</span> <span class='ocrx_word' id='word_1_591' title='bbox 3861 3750 3955 3796; x_wconf 84' lang='grc' dir='ltr'><strong>τις</strong></span> <span class='ocrx_word' id='word_1_592' title='bbox 4008 3736 4087 3787; x_wconf 83' lang='grc' dir='ltr'><strong>δτι</strong></span> 
     </span>
    </p>
   </div>
   <div class='ocr_carea' id='block_1_83' title="bbox 2499 3820 4089 3896">
    <p class='ocr_par' dir='ltr' id='par_1_83' title="bbox 2499 3820 4089 3896">
     <span class='ocr_line' id='line_1_83' title="bbox 2499 3820 4089 3896; baseline 0.003 -24"><span class='ocrx_word' id='word_1_593' title='bbox 2499 3820 2624 3872; x_wconf 79' lang='grc' dir='ltr'>ἐκεῖ</span> <span class='ocrx_word' id='word_1_594' title='bbox 2646 3825 2776 3890; x_wconf 78' lang='grc' dir='ltr'>περὶ</span> <span class='ocrx_word' id='word_1_595' title='bbox 2804 3820 3178 3893; x_wconf 66' lang='grc' dir='ltr'>καθαιρέσειῖκς</span> <span class='ocrx_word' id='word_1_596' title='bbox 3204 3839 3369 3893; x_wconf 82' lang='grc' dir='ltr'>φησιν</span> <span class='ocrx_word' id='word_1_597' title='bbox 3393 3823 3617 3891; x_wconf 78' lang='grc' dir='ltr'>εὐλόγου</span> <span class='ocrx_word' id='word_1_598' title='bbox 3651 3823 3685 3896; x_wconf 70' lang='grc' dir='ltr'>ἢ</span> <span class='ocrx_word' id='word_1_599' title='bbox 3719 3825 4055 3895; x_wconf 77' lang='grc' dir='ltr'>παραλόγου</span> <span class='ocrx_word' id='word_1_600' title='bbox 4074 3841 4089 3856; x_wconf 84' lang='grc'><strong><em>-</em></strong></span> 
     </span>
    </p>
   </div>
   <div class='ocr_carea' id='block_1_84' title="bbox 2503 3911 4094 3984">
    <p class='ocr_par' dir='ltr' id='par_1_84' title="bbox 2503 3911 4094 3984">
     <span class='ocr_line' id='line_1_84' title="bbox 2503 3911 4094 3984; baseline 0.003 -21"><span class='ocrx_word' id='word_1_601' title='bbox 2503 3911 2560 3965; x_wconf 80' lang='grc' dir='ltr'><strong>εί</strong></span> <span class='ocrx_word' id='word_1_602' title='bbox 2591 3911 2702 3980; x_wconf 79' lang='grc' dir='ltr'>γὰρ</span> <span class='ocrx_word' id='word_1_603' title='bbox 2735 3911 2827 3965; x_wconf 81' lang='grc' dir='ltr'>διὰ</span> <span class='ocrx_word' id='word_1_604' title='bbox 2863 3912 3100 3984; x_wconf 83' lang='grc' dir='ltr'>αίτίαμά</span> <span class='ocrx_word' id='word_1_605' title='bbox 3124 3930 3178 3967; x_wconf 90' lang='grc' dir='ltr'><strong>τι</strong></span> <span class='ocrx_word' id='word_1_606' title='bbox 3200 3913 3462 3983; x_wconf 79' lang='grc' dir='ltr'>ἐξεϐλήθη</span> <span class='ocrx_word' id='word_1_607' title='bbox 3490 3912 3592 3983; x_wconf 84' lang='grc' dir='ltr'>τῆς</span> <span class='ocrx_word' id='word_1_608' title='bbox 3624 3913 3973 3983; x_wconf 79' lang='grc' dir='ltr'>ἐπισκοπῆς,</span> <span class='ocrx_word' id='word_1_609' title='bbox 4004 3916 4094 3967; x_wconf 74' lang='grc' dir='ltr'>καὶ</span> 
     </span>
    </p>
   </div>
   <div class='ocr_carea' id='block_1_85' title="bbox 2501 4003 4092 4075">
    <p class='ocr_par' dir='ltr' id='par_1_85' title="bbox 2501 4003 4092 4075">
     <span class='ocr_line' id='line_1_85' title="bbox 2501 4003 4092 4075; baseline 0.001 -18"><span class='ocrx_word' id='word_1_610' title='bbox 2501 4003 2592 4057; x_wconf 78' lang='grc' dir='ltr'>διὰ</span> <span class='ocrx_word' id='word_1_611' title='bbox 2624 4004 2687 4056; x_wconf 82' lang='grc' dir='ltr'><strong>τὸ</strong></span> <span class='ocrx_word' id='word_1_612' title='bbox 2726 4003 3033 4075; x_wconf 82' lang='grc' dir='ltr'>ἁμάρτημα</span> <span class='ocrx_word' id='word_1_613' title='bbox 3077 4007 3280 4068; x_wconf 78' lang='grc' dir='ltr'>ἐκεῖνος</span> <span class='ocrx_word' id='word_1_614' title='bbox 3311 4006 3435 4059; x_wconf 64' lang='grc' dir='ltr'>οὐδὲ</span> <span class='ocrx_word' id='word_1_615' title='bbox 3488 4004 3869 4075; x_wconf 82' lang='grc' dir='ltr'>πρεσϐύτερος</span> <span class='ocrx_word' id='word_1_616' title='bbox 3903 4007 4092 4061; x_wconf 76' lang='grc' dir='ltr'>ἔσται’</span> 
     </span>
    </p>
   </div>
   <div class='ocr_carea' id='block_1_86' title="bbox 2502 4093 4095 4166">
    <p class='ocr_par' dir='ltr' id='par_1_86' title="bbox 2502 4093 4095 4166">
     <span class='ocr_line' id='line_1_86' title="bbox 2502 4093 4095 4166; baseline 0.002 -18"><span class='ocrx_word' id='word_1_617' title='bbox 2502 4095 2536 4166; x_wconf 78' lang='grc' dir='ltr'>ἢ</span> <span class='ocrx_word' id='word_1_618' title='bbox 2567 4093 2822 4158; x_wconf 81' lang='grc' dir='ltr'>ἀναιτίως</span> <span class='ocrx_word' id='word_1_619' title='bbox 2855 4094 3122 4165; x_wconf 83' lang='grc' dir='ltr'>ἐξεϐλήθη</span> <span class='ocrx_word' id='word_1_620' title='bbox 3156 4096 3255 4166; x_wconf 84' lang='grc' dir='ltr'>τῆς</span> <span class='ocrx_word' id='word_1_621' title='bbox 3288 4096 3618 4166; x_wconf 83' lang='grc' dir='ltr'>ἐπισκοπῆς,</span> <span class='ocrx_word' id='word_1_622' title='bbox 3646 4095 3740 4149; x_wconf 78' lang='grc' dir='ltr'>καὶ</span> <span class='ocrx_word' id='word_1_623' title='bbox 3771 4096 3892 4150; x_wconf 83' lang='grc' dir='ltr'>οὐδ’</span> <span class='ocrx_word' id='word_1_624' title='bbox 3918 4096 4095 4159; x_wconf 79' lang='grc' dir='ltr'>οὕτως</span> 
     </span>
    </p>
   </div>
   <div class='ocr_carea' id='block_1_87' title="bbox 2504 4188 4092 4260">
    <p class='ocr_par' dir='ltr' id='par_1_87' title="bbox 2504 4188 4092 4260">
     <span class='ocr_line' id='line_1_87' title="bbox 2504 4188 4092 4260; baseline 0 -19"><span class='ocrx_word' id='word_1_625' title='bbox 2504 4191 2585 4251; x_wconf 84' lang='grc' dir='ltr'><strong>είς</strong></span> <span class='ocrx_word' id='word_1_626' title='bbox 2615 4188 2987 4260; x_wconf 81' lang='grc' dir='ltr'>πρεσϐυτέρου</span> <span class='ocrx_word' id='word_1_627' title='bbox 3020 4188 3228 4260; x_wconf 73' lang='grc' dir='ltr'>βαθμὸν</span> <span class='ocrx_word' id='word_1_628' title='bbox 3274 4188 3685 4259; x_wconf 80' lang='grc' dir='ltr'>καταχθήσεται</span> <span class='ocrx_word' id='word_1_629' title='bbox 3706 4228 3723 4254; x_wconf 87' lang='grc'><strong>,</strong></span> <span class='ocrx_word' id='word_1_630' title='bbox 3756 4189 3882 4242; x_wconf 77' lang='grc' dir='ltr'><strong>ἀλλ’</strong></span> <span class='ocrx_word' id='word_1_631' title='bbox 3941 4190 4092 4243; x_wconf 76' lang='grc' dir='ltr'>ἐσται</span> 
     </span>
    </p>
   </div>
   <div class='ocr_carea' id='block_1_88' title="bbox 2505 4275 4091 4352">
    <p class='ocr_par' dir='ltr' id='par_1_88' title="bbox 2505 4275 4091 4352">
     <span class='ocr_line' id='line_1_88' title="bbox 2505 4275 4091 4352; baseline -0.001 -18"><span class='ocrx_word' id='word_1_632' title='bbox 2505 4275 2664 4344; x_wconf 79' lang='grc' dir='ltr'>αὖθις</span> <span class='ocrx_word' id='word_1_633' title='bbox 2688 4279 2985 4343; x_wconf 86' lang='grc' dir='ltr'>ἐπίσκοπος</span> <span class='ocrx_word' id='word_1_634' title='bbox 3011 4296 3025 4310; x_wconf 93' lang='grc'><strong>·</strong></span> <span class='ocrx_word' id='word_1_635' title='bbox 3060 4278 3298 4334; x_wconf 84' lang='grc' dir='ltr'>ἐνταῦθα</span> <span class='ocrx_word' id='word_1_636' title='bbox 3319 4279 3378 4333; x_wconf 71' lang='grc' dir='ltr'>δὲ</span> <span class='ocrx_word' id='word_1_637' title='bbox 3405 4279 3713 4352; x_wconf 81' lang='grc' dir='ltr'>ἁμάρτημα</span> <span class='ocrx_word' id='word_1_638' title='bbox 3761 4280 3867 4350; x_wconf 74' lang='grc' dir='ltr'><strong>μὲν</strong></span> <span class='ocrx_word' id='word_1_639' title='bbox 3902 4282 3936 4335; x_wconf 85' lang='grc' dir='ltr'><strong>ό</strong></span> <span class='ocrx_word' id='word_1_640' title='bbox 3966 4281 4091 4334; x_wconf 82' lang='grc' dir='ltr'>ἐπί-</span> 
     </span>
    </p>
   </div>
   <div class='ocr_carea' id='block_1_89' title="bbox 2508 4370 4085 4443">
    <p class='ocr_par' dir='ltr' id='par_1_89' title="bbox 2508 4370 4085 4443">
     <span class='ocr_line' id='line_1_89' title="bbox 2508 4370 4085 4443; baseline -0.001 -17"><span class='ocrx_word' id='word_1_641' title='bbox 2508 4390 2709 4437; x_wconf 87' lang='grc' dir='ltr'>σκοπος</span> <span class='ocrx_word' id='word_1_642' title='bbox 2736 4373 2945 4428; x_wconf 86' lang='grc' dir='ltr'>κωλύον</span> <span class='ocrx_word' id='word_1_643' title='bbox 2976 4373 3145 4427; x_wconf 80' lang='grc' dir='ltr'>αὐτὸν</span> <span class='ocrx_word' id='word_1_644' title='bbox 3175 4371 3276 4439; x_wconf 86' lang='grc' dir='ltr'>τῆς</span> <span class='ocrx_word' id='word_1_645' title='bbox 3322 4371 3627 4442; x_wconf 77' lang='grc' dir='ltr'>ἱερωσύνης</span> <span class='ocrx_word' id='word_1_646' title='bbox 3679 4370 3783 4441; x_wconf 77' lang='grc' dir='ltr'>οὐχ</span> <span class='ocrx_word' id='word_1_647' title='bbox 3815 4372 4051 4443; x_wconf 75' lang='grc' dir='ltr'>ἥμαρτε</span> <span class='ocrx_word' id='word_1_648' title='bbox 4070 4386 4085 4401; x_wconf 82' lang='grc'><em>’</em></span> 
     </span>
    </p>
   </div>
   <div class='ocr_carea' id='block_1_90' title="bbox 2508 4462 4093 4537">
    <p class='ocr_par' dir='ltr' id='par_1_90' title="bbox 2508 4462 4093 4537">
     <span class='ocr_line' id='line_1_90' title="bbox 2508 4462 4093 4537; baseline -0.001 -20"><span class='ocrx_word' id='word_1_649' title='bbox 2508 4465 2786 4535; x_wconf 63' lang='grc' dir='ltr'>φιλοδοξία</span> <span class='ocrx_word' id='word_1_650' title='bbox 2826 4466 2883 4518; x_wconf 82' lang='grc' dir='ltr'>δὲ</span> <span class='ocrx_word' id='word_1_651' title='bbox 2923 4462 2992 4537; x_wconf 81' lang='grc' dir='ltr'>ἦν</span> <span class='ocrx_word' id='word_1_652' title='bbox 3038 4466 3133 4519; x_wconf 78' lang='grc' dir='ltr'><strong>καὶ</strong></span> <span class='ocrx_word' id='word_1_653' title='bbox 3176 4464 3337 4535; x_wconf 87' lang='grc' dir='ltr'>δόξης</span> <span class='ocrx_word' id='word_1_654' title='bbox 3378 4463 3558 4533; x_wconf 77' lang='grc' dir='ltr'>ἔρως,</span> <span class='ocrx_word' id='word_1_655' title='bbox 3591 4463 3620 4516; x_wconf 86' lang='grc' dir='ltr'><strong>δ</strong></span> <span class='ocrx_word' id='word_1_656' title='bbox 3654 4463 3944 4533; x_wconf 75' lang='grc' dir='ltr'>ἥμαρτεν.</span> <span class='ocrx_word' id='word_1_657' title='bbox 3980 4465 4093 4517; x_wconf 81' lang='grc' dir='ltr'>ἰνα</span> 
     </span>
    </p>
   </div>
   <div class='ocr_carea' id='block_1_91' title="bbox 831 4552 2505 4636">
    <p class='ocr_par' dir='ltr' id='par_1_91' title="bbox 831 4552 2482 4636">
     <span class='ocr_line' id='line_1_91' title="bbox 831 4552 2482 4636; baseline -0.008 -19"><span class='ocrx_word' id='word_1_658' title='bbox 831 4582 924 4636; x_wconf 83' lang='lat' dir='ltr'><strong>per</strong></span> <span class='ocrx_word' id='word_1_659' title='bbox 977 4565 1228 4632; x_wconf 87' lang='lat' dir='ltr'><strong>injuriam</strong></span> <span class='ocrx_word' id='word_1_660' title='bbox 1290 4561 1529 4630; x_wconf 80' lang='lat' dir='ltr'><strong>dcjectus</strong></span> <span class='ocrx_word' id='word_1_661' title='bbox 1590 4557 1799 4621; x_wconf 79' lang='lat' dir='ltr'><strong>fuerat,</strong></span> <span class='ocrx_word' id='word_1_662' title='bbox 1870 4554 2078 4609; x_wconf 89' lang='lat' dir='ltr'><strong>restitui</strong></span> <span class='ocrx_word' id='word_1_663' title='bbox 2132 4552 2400 4607; x_wconf 88' lang='lat' dir='ltr'><strong>hominem</strong></span> <span class='ocrx_word' id='word_1_664' title='bbox 2436 4573 2482 4631; x_wconf 78' lang='grc' dir='ltr'>ο</span> 
     </span>
    </p>
   </div>
   <div class='ocr_carea' id='block_1_92' title="bbox 2416 4552 4090 4636">
    <p class='ocr_par' dir='ltr' id='par_1_92' title="bbox 2436 4554 4090 4631">
     <span class='ocr_line' id='line_1_92' title="bbox 2436 4554 4090 4631; baseline -0.002 -22"><span class='ocrx_word' id='word_1_665' title='bbox 2436 4573 2482 4631; x_wconf 80' lang='grc' dir='ltr'>ο</span> <span class='ocrx_word' id='word_1_666' title='bbox 2508 4556 2642 4625; x_wconf 69' lang='grc' dir='ltr'>γοῢδ</span> <span class='ocrx_word' id='word_1_667' title='bbox 2674 4557 3008 4629; x_wconf 67' lang='grc' dir='ltr'>ἀντίρροπον</span> <span class='ocrx_word' id='word_1_668' title='bbox 3050 4557 3149 4624; x_wconf 76' lang='grc' dir='ltr'><strong>τὴν</strong></span> <span class='ocrx_word' id='word_1_669' title='bbox 3197 4556 3468 4625; x_wconf 85' lang='grc' dir='ltr'>τιμωρίαν</span> <span class='ocrx_word' id='word_1_670' title='bbox 3516 4554 3611 4624; x_wconf 79' lang='grc' dir='ltr'>ἐξῃ</span> <span class='ocrx_word' id='word_1_671' title='bbox 3643 4554 3721 4623; x_wconf 82' lang='grc' dir='ltr'>τῷ</span> <span class='ocrx_word' id='word_1_672' title='bbox 3778 4556 4090 4624; x_wconf 83' lang='grc' dir='ltr'>πταίσματι</span> 
     </span>
    </p>
   </div>
   <div class='ocr_carea' id='block_1_93' title="bbox 828 4648 2402 4727">
    <p class='ocr_par' dir='ltr' id='par_1_93' title="bbox 828 4648 2402 4727">
     <span class='ocr_line' id='line_1_93' title="bbox 828 4648 2402 4727; baseline -0.008 -17"><span class='ocrx_word' id='word_1_673' title='bbox 828 4658 1128 4727; x_wconf 84' lang='lat' dir='ltr'><strong>oportebit.</strong></span> <span class='ocrx_word' id='word_1_674' title='bbox 1164 4654 1259 4707; x_wconf 89' lang='lat' dir='ltr'><strong>llic</strong></span> <span class='ocrx_word' id='word_1_675' title='bbox 1286 4667 1414 4707; x_wconf 84' lang='lat' dir='ltr'><strong>vero</strong></span> <span class='ocrx_word' id='word_1_676' title='bbox 1437 4651 1718 4718; x_wconf 82' lang='lat' dir='ltr'><strong>episcopus</strong></span> <span class='ocrx_word' id='word_1_677' title='bbox 1740 4648 1967 4707; x_wconf 86' lang='lat' dir='ltr'><strong>nullum,</strong></span> <span class='ocrx_word' id='word_1_678' title='bbox 1993 4661 2059 4700; x_wconf 77' lang='lat' dir='ltr'><strong>ex</strong></span> <span class='ocrx_word' id='word_1_679' title='bbox 2087 4660 2194 4714; x_wconf 85' lang='lat' dir='ltr'><strong>quo</strong></span> <span class='ocrx_word' id='word_1_680' title='bbox 2225 4659 2402 4699; x_wconf 86' lang='lat' dir='ltr'><strong>sacer-</strong></span> 
     </span>
    </p>
   </div>
   <div class='ocr_carea' id='block_1_94' title="bbox 832 4739 2395 4809">
    <p class='ocr_par' dir='ltr' id='par_1_94' title="bbox 832 4739 2395 4809">
     <span class='ocr_line' id='line_1_94' title="bbox 832 4739 2395 4809; baseline -0.008 -5"><span class='ocrx_word' id='word_1_681' title='bbox 832 4755 977 4807; x_wconf 65' lang='lat' dir='ltr'><strong>dotio</strong></span> <span class='ocrx_word' id='word_1_682' title='bbox 1005 4751 1204 4805; x_wconf 74' lang='lat' dir='ltr'><strong>moveri</strong></span> <span class='ocrx_word' id='word_1_683' title='bbox 1241 4751 1455 4809; x_wconf 74' lang='lat' dir='ltr'><strong>ilcbt‘al,</strong></span> <span class='ocrx_word' id='word_1_684' title='bbox 1490 4750 1539 4798; x_wconf 80' lang='lat' dir='ltr'><strong>in</strong></span> <span class='ocrx_word' id='word_1_685' title='bbox 1566 4762 1625 4799; x_wconf 77' lang='lat' dir='ltr'><strong>se</strong></span> <span class='ocrx_word' id='word_1_686' title='bbox 1693 4742 1900 4796; x_wconf 58' lang='lat' dir='ltr'><strong>[minus</strong></span> <span class='ocrx_word' id='word_1_687' title='bbox 1961 4757 1990 4794; x_wconf 66' lang='grc' dir='ltr'><em>λ</em></span> <span class='ocrx_word' id='word_1_688' title='bbox 2015 4740 2181 4793; x_wconf 76' lang='lat' dir='ltr'><strong>littisit</strong></span> <span class='ocrx_word' id='word_1_689' title='bbox 2228 4761 2238 4792; x_wconf 92' lang='lat'><strong>:</strong></span> <span class='ocrx_word' id='word_1_690' title='bbox 2284 4739 2395 4792; x_wconf 83' lang='lat' dir='ltr'><strong>sola</strong></span> 
     </span>
    </p>
   </div>
   <div class='ocr_carea' id='block_1_95' title="bbox 2509 4648 4098 4719">
    <p class='ocr_par' dir='ltr' id='par_1_95' title="bbox 2509 4648 4098 4719">
     <span class='ocr_line' id='line_1_95' title="bbox 2509 4648 4098 4719; baseline 0 -18"><span class='ocrx_word' id='word_1_691' title='bbox 2509 4648 2701 4713; x_wconf 78' lang='grc' dir='ltr'>αὑτοῦ,</span> <span class='ocrx_word' id='word_1_692' title='bbox 2750 4651 2847 4703; x_wconf 79' lang='grc' dir='ltr'>καὶ</span> <span class='ocrx_word' id='word_1_693' title='bbox 2894 4649 3228 4719; x_wconf 82' lang='grc' dir='ltr'>ταπεινωοῇ,</span> <span class='ocrx_word' id='word_1_694' title='bbox 3266 4648 3521 4701; x_wconf 76' lang='grc' dir='ltr'>παύεται</span> <span class='ocrx_word' id='word_1_695' title='bbox 3559 4650 3659 4718; x_wconf 83' lang='grc' dir='ltr'><strong>μὲν</strong></span> <span class='ocrx_word' id='word_1_696' title='bbox 3714 4649 3819 4718; x_wconf 79' lang='grc' dir='ltr'>τῆς</span> <span class='ocrx_word' id='word_1_697' title='bbox 3874 4650 4098 4702; x_wconf 77' lang='grc' dir='ltr'>ἐπισκο-</span> 
     </span>
    </p>
   </div>
   <div class='ocr_carea' id='block_1_96' title="bbox 2508 4739 3957 4811">
    <p class='ocr_par' dir='ltr' id='par_1_96' title="bbox 2508 4739 3957 4811">
     <span class='ocr_line' id='line_1_96' title="bbox 2508 4739 3957 4811; baseline 0.002 -19"><span class='ocrx_word' id='word_1_698' title='bbox 2508 4742 2614 4807; x_wconf 69' lang='grc' dir='ltr'>πῆς</span> <span class='ocrx_word' id='word_1_699' title='bbox 2647 4744 2782 4810; x_wconf 65' lang='grc'><strong>(853),</strong></span> <span class='ocrx_word' id='word_1_700' title='bbox 2824 4743 3119 4811; x_wconf 73' lang='grc' dir='ltr'>κατάγεται</span> <span class='ocrx_word' id='word_1_701' title='bbox 3149 4742 3204 4793; x_wconf 76' lang='grc' dir='ltr'>δὲ</span> <span class='ocrx_word' id='word_1_702' title='bbox 3237 4744 3315 4804; x_wconf 89' lang='grc' dir='ltr'>εἰς</span> <span class='ocrx_word' id='word_1_703' title='bbox 3345 4739 3721 4811; x_wconf 70' lang='grc' dir='ltr'>πρετϐυτέρου</span> <span class='ocrx_word' id='word_1_704' title='bbox 3752 4741 3957 4796; x_wconf 81' lang='grc' dir='ltr'>τόπον.</span> 
     </span>
    </p>
   </div>
   <div class='ocr_carea' id='block_1_97' title="bbox 834 4831 4095 4906">
    <p class='ocr_par' dir='ltr' id='par_1_97' title="bbox 834 4831 4095 4906">
     <span class='ocr_line' id='line_1_97' title="bbox 834 4831 4095 4906; baseline -0.005 -5"><span class='ocrx_word' id='word_1_705' title='bbox 834 4850 877 4901; x_wconf 75' lang='lat' dir='ltr'><strong>is</strong></span> <span class='ocrx_word' id='word_1_706' title='bbox 906 4843 1223 4905; x_wconf 86' lang='lat' dir='ltr'><strong>ambitione,</strong></span> <span class='ocrx_word' id='word_1_707' title='bbox 1253 4840 1535 4906; x_wconf 82' lang='lat' dir='ltr'><strong>laudisque</strong></span> <span class='ocrx_word' id='word_1_708' title='bbox 1570 4836 1921 4889; x_wconf 83' lang='lat' dir='ltr'><strong>immoderata</strong></span> <span class='ocrx_word' id='word_1_709' title='bbox 1952 4831 2245 4900; x_wconf 86' lang='lat' dir='ltr'><strong>cupiditate</strong></span> <span class='ocrx_word' id='word_1_710' title='bbox 2270 4831 2537 4899; x_wconf 73' lang='lat' dir='ltr'><strong>peccavit.</strong></span> <span class='ocrx_word' id='word_1_711' title='bbox 2611 4833 2679 4887; x_wconf 89' lang='lat' dir='ltr'><strong>Ut</strong></span> <span class='ocrx_word' id='word_1_712' title='bbox 2740 4834 2903 4902; x_wconf 76' lang='lat' dir='ltr'><strong>igitur</strong></span> <span class='ocrx_word' id='word_1_713' title='bbox 2989 4844 3210 4902; x_wconf 74' lang='lat' dir='ltr'><strong>peccato</strong></span> <span class='ocrx_word' id='word_1_714' title='bbox 3294 4833 3698 4886; x_wconf 80' lang='lat' dir='ltr'><strong>animadversio</strong></span> <span class='ocrx_word' id='word_1_715' title='bbox 3742 4836 4095 4905; x_wconf 68' lang='lat' dir='ltr'><strong>respondeat,</strong></span> 
     </span>
    </p>
   </div>
   <div class='ocr_carea' id='block_1_98' title="bbox 834 4924 4099 5005">
    <p class='ocr_par' dir='ltr' id='par_1_98' title="bbox 834 4924 4099 5005">
     <span class='ocr_line' id='line_1_98' title="bbox 834 4924 4099 5005; baseline -0.005 -13"><span class='ocrx_word' id='word_1_716' title='bbox 834 4940 1226 5005; x_wconf 71' lang='lat' dir='ltr'><strong>tctucrai-iaque</strong></span> <span class='ocrx_word' id='word_1_717' title='bbox 1256 4931 1487 4988; x_wconf 89' lang='lat' dir='ltr'><strong>hominis</strong></span> <span class='ocrx_word' id='word_1_718' title='bbox 1511 4929 1673 4983; x_wconf 85' lang='lat' dir='ltr'><strong>elatio</strong></span> <span class='ocrx_word' id='word_1_719' title='bbox 1705 4926 2111 4994; x_wconf 87' lang='lat' dir='ltr'><strong>comprimatur,</strong></span> <span class='ocrx_word' id='word_1_720' title='bbox 2144 4924 2209 4977; x_wconf 88' lang='lat' dir='ltr'><strong>ab</strong></span> <span class='ocrx_word' id='word_1_721' title='bbox 2276 4924 2584 4995; x_wconf 63' lang='lat' dir='ltr'><strong>episcopatu</strong></span> <span class='ocrx_word' id='word_1_722' title='bbox 2647 4931 2881 4995; x_wconf 72' lang='lat' dir='ltr'><strong>gerendo</strong></span> <span class='ocrx_word' id='word_1_723' title='bbox 2952 4928 3233 4993; x_wconf 85' lang='lat' dir='ltr'><strong>desistere,</strong></span> <span class='ocrx_word' id='word_1_724' title='bbox 3306 4937 3463 4996; x_wconf 82' lang='lat' dir='ltr'><strong>atque</strong></span> <span class='ocrx_word' id='word_1_725' title='bbox 3539 4927 3593 4979; x_wconf 86' lang='lat' dir='ltr'><strong>iit</strong></span> <span class='ocrx_word' id='word_1_726' title='bbox 3656 4931 4099 4997; x_wconf 76' lang='lat' dir='ltr'><strong>presbyterorum</strong></span> 
     </span>
    </p>
   </div>
   <div class='ocr_carea' id='block_1_99' title="bbox 833 5027 1511 5095">
    <p class='ocr_par' dir='ltr' id='par_1_99' title="bbox 833 5027 1511 5095">
     <span class='ocr_line' id='line_1_99' title="bbox 833 5027 1511 5095; baseline -0.015 -6"><span class='ocrx_word' id='word_1_727' title='bbox 833 5038 1073 5089; x_wconf 87' lang='lat' dir='ltr'><strong>ordinem</strong></span> <span class='ocrx_word' id='word_1_728' title='bbox 1112 5030 1313 5085; x_wconf 87' lang='lat' dir='ltr'><strong>traduci</strong></span> <span class='ocrx_word' id='word_1_729' title='bbox 1339 5027 1511 5095; x_wconf 80' lang='lat' dir='ltr'><strong>jubet.</strong></span> 
     </span>
    </p>
   </div>
   <div class='ocr_carea' id='block_1_100' title="bbox 840 5116 2408 5194">
    <p class='ocr_par' dir='ltr' id='par_1_100' title="bbox 840 5116 2408 5194">
     <span class='ocr_line' id='line_1_100' title="bbox 840 5116 2408 5194; baseline -0.01 -7"><span class='ocrx_word' id='word_1_730' title='bbox 840 5129 1070 5188; x_wconf 77' lang='lat' dir='ltr'><strong>ARIST.</strong></span> <span class='ocrx_word' id='word_1_731' title='bbox 1112 5146 1130 5180; x_wconf 78' lang='grc' dir='ltr'><strong>ι</strong></span> <span class='ocrx_word' id='word_1_732' title='bbox 1175 5125 1467 5194; x_wconf 74' lang='lat' dir='ltr'><strong>l-lpisropus</strong></span> <span class='ocrx_word' id='word_1_733' title='bbox 1496 5121 1548 5175; x_wconf 87' lang='lat' dir='ltr'><strong>in</strong></span> <span class='ocrx_word' id='word_1_734' title='bbox 1577 5120 1679 5173; x_wconf 89' lang='lat' dir='ltr'><strong>alia</strong></span> <span class='ocrx_word' id='word_1_735' title='bbox 1708 5118 1839 5172; x_wconf 90' lang='lat' dir='ltr'><strong>urbe</strong></span> <span class='ocrx_word' id='word_1_736' title='bbox 1865 5131 1931 5170; x_wconf 94' lang='lat' dir='ltr'><strong>ne</strong></span> <span class='ocrx_word' id='word_1_737' title='bbox 1965 5116 2175 5186; x_wconf 87' lang='lat' dir='ltr'><strong>publice</strong></span> <span class='ocrx_word' id='word_1_738' title='bbox 2195 5116 2408 5171; x_wconf 87' lang='lat' dir='ltr'><strong>doceat.</strong></span> 
     </span>
    </p>
   </div>
   <div class='ocr_carea' id='block_1_101' title="bbox 918 5209 2409 5282">
    <p class='ocr_par' dir='ltr' id='par_1_101' title="bbox 918 5209 2409 5282">
     <span class='ocr_line' id='line_1_101' title="bbox 918 5209 2409 5282; baseline -0.009 -6"><span class='ocrx_word' id='word_1_739' title='bbox 918 5247 933 5276; x_wconf 83' lang='grc' dir='ltr'><strong>ι</strong></span> <span class='ocrx_word' id='word_1_740' title='bbox 971 5222 1194 5278; x_wconf 79' lang='lat' dir='ltr'><strong>Siultoc</strong></span> <span class='ocrx_word' id='word_1_741' title='bbox 1262 5218 1451 5271; x_wconf 66' lang='lat' dir='ltr'><strong>fecisse</strong></span> <span class='ocrx_word' id='word_1_742' title='bbox 1503 5213 1871 5282; x_wconf 82' lang='lat' dir='ltr'><strong>deprehensos</strong></span> <span class='ocrx_word' id='word_1_743' title='bbox 1929 5209 2110 5276; x_wconf 86' lang='lat' dir='ltr'><strong>fuerit,</strong></span> <span class='ocrx_word' id='word_1_744' title='bbox 2172 5210 2237 5263; x_wconf 91' lang='lat' dir='ltr'><strong>ab</strong></span> <span class='ocrx_word' id='word_1_745' title='bbox 2294 5209 2409 5277; x_wconf 88' lang='lat' dir='ltr'><strong>cpi-</strong></span> 
     </span>
    </p>
   </div>
   <div class='ocr_carea' id='block_1_102' title="bbox 914 5300 2411 5383">
    <p class='ocr_par' dir='ltr' id='par_1_102' title="bbox 914 5300 2411 5383">
     <span class='ocr_line' id='line_1_102' title="bbox 914 5300 2411 5383; baseline -0.011 -12"><span class='ocrx_word' id='word_1_746' title='bbox 914 5340 932 5371; x_wconf 84' lang='grc' dir='ltr'><strong>ι</strong></span> <span class='ocrx_word' id='word_1_747' title='bbox 976 5326 1195 5383; x_wconf 76' lang='lat' dir='ltr'><strong>St-opatu</strong></span> <span class='ocrx_word' id='word_1_748' title='bbox 1256 5313 1512 5373; x_wconf 71' lang='lat' dir='ltr'><strong>desistat,</strong></span> <span class='ocrx_word' id='word_1_749' title='bbox 1575 5304 1869 5376; x_wconf 83' lang='lat' dir='ltr'><strong>presbyteri</strong></span> <span class='ocrx_word' id='word_1_750' title='bbox 1933 5301 2241 5357; x_wconf 82' lang='lat' dir='ltr'><strong>muneribus</strong></span> <span class='ocrx_word' id='word_1_751' title='bbox 2290 5300 2411 5355; x_wconf 78' lang='lat' dir='ltr'><strong>futt-</strong></span> 
     </span>
    </p>
   </div>
   <div class='ocr_carea' id='block_1_103' title="bbox 914 5426 1187 5481">
    <p class='ocr_par' dir='ltr' id='par_1_103' title="bbox 914 5426 1187 5481">
     <span class='ocr_line' id='line_1_103' title="bbox 914 5426 1187 5481; baseline -0.015 -17"><span class='ocrx_word' id='word_1_752' title='bbox 914 5431 933 5464; x_wconf 79' lang='grc' dir='ltr'><strong>ι</strong></span> <span class='ocrx_word' id='word_1_753' title='bbox 973 5426 1125 5481; x_wconf 76' lang='lat' dir='ltr'><strong>gens.</strong></span> <span class='ocrx_word' id='word_1_754' title='bbox 1168 5427 1187 5460; x_wconf 80' lang='grc' dir='ltr'><strong>ι</strong></span> 
     </span>
    </p>
   </div>
   <div class='ocr_carea' id='block_1_104' title="bbox 2526 5118 4100 5193">
    <p class='ocr_par' dir='ltr' id='par_1_104' title="bbox 2526 5118 4100 5193">
     <span class='ocr_line' id='line_1_104' title="bbox 2526 5118 4100 5193; baseline 0.002 -22"><span class='ocrx_word' id='word_1_755' title='bbox 2526 5120 2750 5172; x_wconf 84' lang='grc' dir='ltr'><strong>ΑΡΙΣΤ.</strong></span> <span class='ocrx_word' id='word_1_756' title='bbox 2803 5137 2821 5170; x_wconf 83' lang='grc' dir='ltr'><strong>ι</strong></span> <span class='ocrx_word' id='word_1_757' title='bbox 2871 5118 3201 5181; x_wconf 77' lang='grc' dir='ltr'>Ἐπίσκοπος</span> <span class='ocrx_word' id='word_1_758' title='bbox 3242 5120 3301 5170; x_wconf 83' lang='grc' dir='ltr'><strong>ἐν</strong></span> <span class='ocrx_word' id='word_1_759' title='bbox 3354 5119 3520 5190; x_wconf 80' lang='grc' dir='ltr'>ἑτέρᾳ</span> <span class='ocrx_word' id='word_1_760' title='bbox 3558 5118 3714 5171; x_wconf 86' lang='grc' dir='ltr'>πόλει</span> <span class='ocrx_word' id='word_1_761' title='bbox 3742 5119 4001 5193; x_wconf 72' lang='grc' dir='ltr'>δημοσία</span> <span class='ocrx_word' id='word_1_762' title='bbox 4035 5122 4100 5192; x_wconf 75' lang='grc' dir='ltr'><strong>μὴ</strong></span> 
     </span>
    </p>
   </div>
   <div class='ocr_carea' id='block_1_105' title="bbox 2597 5208 4101 5283">
    <p class='ocr_par' dir='ltr' id='par_1_105' title="bbox 2597 5208 4101 5283">
     <span class='ocr_line' id='line_1_105' title="bbox 2597 5208 4101 5283; baseline 0.005 -21"><span class='ocrx_word' id='word_1_763' title='bbox 2597 5230 2615 5262; x_wconf 84' lang='grc' dir='ltr'><strong>ι</strong></span> <span class='ocrx_word' id='word_1_764' title='bbox 2660 5211 2962 5265; x_wconf 75' lang='grc' dir='ltr'>διδασκέτω</span> <span class='ocrx_word' id='word_1_765' title='bbox 2980 5225 2994 5241; x_wconf 83' lang='grc'><strong><em>⁸</em></strong></span> <span class='ocrx_word' id='word_1_766' title='bbox 3024 5210 3073 5262; x_wconf 77' lang='grc' dir='ltr'>εἰ</span> <span class='ocrx_word' id='word_1_767' title='bbox 3096 5208 3155 5263; x_wconf 78' lang='grc' dir='ltr'>δὲ</span> <span class='ocrx_word' id='word_1_768' title='bbox 3187 5210 3437 5281; x_wconf 82' lang='grc' dir='ltr'>φωραθῇ,</span> <span class='ocrx_word' id='word_1_769' title='bbox 3461 5210 3719 5265; x_wconf 83' lang='grc' dir='ltr'>παυέσθω</span> <span class='ocrx_word' id='word_1_770' title='bbox 3746 5213 3853 5283; x_wconf 74' lang='grc' dir='ltr'>τῆς</span> <span class='ocrx_word' id='word_1_771' title='bbox 3875 5212 4101 5269; x_wconf 68' lang='grc' dir='ltr'>ἐπισκο-</span> 
     </span>
    </p>
   </div>
   <div class='ocr_carea' id='block_1_106' title="bbox 2594 5302 3811 5373">
    <p class='ocr_par' dir='ltr' id='par_1_106' title="bbox 2594 5302 3811 5373">
     <span class='ocr_line' id='line_1_106' title="bbox 2594 5302 3811 5373; baseline -0.002 -16"><span class='ocrx_word' id='word_1_772' title='bbox 2594 5323 2614 5357; x_wconf 82' lang='grc' dir='ltr'><strong>ι</strong></span> <span class='ocrx_word' id='word_1_773' title='bbox 2656 5304 2788 5373; x_wconf 84' lang='grc' dir='ltr'>πῆς,</span> <span class='ocrx_word' id='word_1_774' title='bbox 2811 5303 2882 5357; x_wconf 77' lang='grc' dir='ltr'>τὰ</span> <span class='ocrx_word' id='word_1_775' title='bbox 2908 5302 3019 5357; x_wconf 86' lang='grc' dir='ltr'><strong>τῶν</strong></span> <span class='ocrx_word' id='word_1_776' title='bbox 3056 5302 3448 5373; x_wconf 86' lang='grc' dir='ltr'>πρεσϐυτέρων</span> <span class='ocrx_word' id='word_1_777' title='bbox 3476 5304 3745 5373; x_wconf 80' lang='grc' dir='ltr'>ἐνεργῶν.</span> <span class='ocrx_word' id='word_1_778' title='bbox 3788 5321 3811 5355; x_wconf 76' lang='grc' dir='ltr'><strong>ι</strong></span> 
     </span>
    </p>
   </div>
   <div class='ocr_carea' id='block_1_107' title="bbox 2044 5509 2850 5590">
    <p class='ocr_par' dir='ltr' id='par_1_107' title="bbox 2044 5509 2850 5590">
     <span class='ocr_line' id='line_1_107' title="bbox 2044 5509 2850 5590; baseline -0.014 -13"><span class='ocrx_word' id='word_1_779' title='bbox 2044 5514 2245 5577; x_wconf 86' lang='lat' dir='ltr'><strong>Guill.</strong></span> <span class='ocrx_word' id='word_1_780' title='bbox 2287 5509 2614 5590; x_wconf 72' lang='lat' dir='ltr'><strong>Beveregii</strong></span> <span class='ocrx_word' id='word_1_781' title='bbox 2661 5512 2850 5570; x_wconf 61' lang='lat' dir='ltr'><strong>notaa.</strong></span> 
     </span>
    </p>
   </div>
   <div class='ocr_carea' id='block_1_108' title="bbox 915 5636 2424 5726">
    <p class='ocr_par' dir='ltr' id='par_1_108' title="bbox 915 5636 2424 5726">
     <span class='ocr_line' id='line_1_108' title="bbox 915 5636 2424 5726; baseline -0.015 -15"><span class='ocrx_word' id='word_1_782' title='bbox 915 5655 1024 5726; x_wconf 64' lang='lat' dir='ltr'><strong>(SB)</strong></span> <span class='ocrx_word' id='word_1_783' title='bbox 1048 5654 1298 5726; x_wconf 63' lang='grc' dir='ltr'>Πιιύεςζαι</span> <span class='ocrx_word' id='word_1_784' title='bbox 1320 5648 1433 5719; x_wconf 80' lang='grc' dir='ltr'><strong>μὲν</strong></span> <span class='ocrx_word' id='word_1_785' title='bbox 1464 5648 1575 5714; x_wconf 78' lang='grc' dir='ltr'>τῆς</span> <span class='ocrx_word' id='word_1_786' title='bbox 1594 5640 2013 5726; x_wconf 57' lang='grc' dir='ltr'>ἐπισκοπικῆς.</span> <span class='ocrx_word' id='word_1_787' title='bbox 2044 5638 2223 5726; x_wconf 74' lang='lat' dir='ltr'><strong>Codex</strong></span> <span class='ocrx_word' id='word_1_788' title='bbox 2257 5636 2424 5718; x_wconf 63' lang='lat' dir='ltr'><strong>Tilia-</strong></span> 
     </span>
    </p>
   </div>
   <div class='ocr_carea' id='block_1_109' title="bbox 845 5710 2416 5795">
    <p class='ocr_par' dir='ltr' id='par_1_109' title="bbox 845 5710 2416 5795">
     <span class='ocr_line' id='line_1_109' title="bbox 845 5710 2416 5795; baseline -0.014 -15"><span class='ocrx_word' id='word_1_789' title='bbox 845 5710 959 5787; x_wconf 60' lang='lat' dir='ltr'><strong>nus</strong></span> <span class='ocrx_word' id='word_1_790' title='bbox 981 5710 1139 5795; x_wconf 63' lang='lat' dir='ltr'><strong>quem</strong></span> <span class='ocrx_word' id='word_1_791' title='bbox 1186 5710 1465 5795; x_wconf 57' lang='lat' dir='ltr'><strong>Ilervetus</strong></span> <span class='ocrx_word' id='word_1_792' title='bbox 1479 5710 1778 5795; x_wconf 72' lang='lat' dir='ltr'><strong>transtulit,</strong></span> <span class='ocrx_word' id='word_1_793' title='bbox 1805 5730 1946 5795; x_wconf 43' lang='lat' dir='ltr'><strong>cum.</strong></span> <span class='ocrx_word' id='word_1_794' title='bbox 1962 5710 2416 5795; x_wconf 75' lang='lat' dir='ltr'><strong>Anterliaettiattti,</strong></span> 
     </span>
    </p>
   </div>
   <div class='ocr_carea' id='block_1_110' title="bbox 846 5778 2416 5879">
    <p class='ocr_par' dir='ltr' id='par_1_110' title="bbox 846 5778 2416 5879">
     <span class='ocr_line' id='line_1_110' title="bbox 846 5778 2416 5879; baseline -0.017 -23"><span class='ocrx_word' id='word_1_795' title='bbox 846 5804 959 5857; x_wconf 78' lang='lat' dir='ltr'><strong>htrc</strong></span> <span class='ocrx_word' id='word_1_796' title='bbox 995 5778 1055 5851; x_wconf 71' lang='grc' dir='ltr'><strong>ιίε</strong></span> <span class='ocrx_word' id='word_1_797' title='bbox 1079 5812 1162 5857; x_wconf 76' lang='lat' dir='ltr'><strong>illc</strong></span> <span class='ocrx_word' id='word_1_798' title='bbox 1194 5796 1258 5845; x_wconf 90' lang='lat' dir='ltr'><strong>ad</strong></span> <span class='ocrx_word' id='word_1_799' title='bbox 1292 5789 1662 5872; x_wconf 52' lang='grc' dir='ltr'>πρεσϐυτέρῳ</span> <span class='ocrx_word' id='word_1_800' title='bbox 1713 5782 1985 5879; x_wconf 44' lang='grc' dir='ltr'>τιμὴνίλείς</span> <span class='ocrx_word' id='word_1_801' title='bbox 2029 5781 2153 5849; x_wconf 70' lang='lat' dir='ltr'><strong>legit</strong></span> <span class='ocrx_word' id='word_1_802' title='bbox 2181 5778 2416 5879; x_wconf 57' lang='grc' dir='ltr'>ἓαύεται</span> 
     </span>
    </p>
   </div>
   <div class='ocr_carea' id='block_1_111' title="bbox 849 5850 2410 5944">
    <p class='ocr_par' dir='ltr' id='par_1_111' title="bbox 849 5850 2410 5944">
     <span class='ocr_line' id='line_1_111' title="bbox 849 5850 2410 5944; baseline -0.014 -22"><span class='ocrx_word' id='word_1_803' title='bbox 849 5874 945 5944; x_wconf 71' lang='grc' dir='ltr'>μὲν</span> <span class='ocrx_word' id='word_1_804' title='bbox 970 5870 1062 5938; x_wconf 70' lang='grc' dir='ltr'>τῆς</span> <span class='ocrx_word' id='word_1_805' title='bbox 1090 5850 1416 5931; x_wconf 48' lang='lat' dir='ltr'><strong>artaxer-Eg,</strong></span> <span class='ocrx_word' id='word_1_806' title='bbox 1443 5850 1841 5913; x_wconf 67' lang='grc' dir='ltr'>κατατάττεται</span> <span class='ocrx_word' id='word_1_807' title='bbox 1858 5852 1914 5903; x_wconf 72' lang='grc' dir='ltr'>δὲ</span> <span class='ocrx_word' id='word_1_808' title='bbox 1937 5854 2013 5912; x_wconf 78' lang='grc' dir='ltr'>εἰς</span> <span class='ocrx_word' id='word_1_809' title='bbox 2037 5850 2410 5944; x_wconf 62' lang='grc' dir='ltr'>πρεσϐυτέρου</span> 
     </span>
     <span class='ocr_line' id='line_1_112' title="bbox 1118 5922 2382 5944; baseline 0 0"><span class='ocrx_word' id='word_1_810' title='bbox 1118 5936 1150 5944; x_wconf 79' lang='grc' dir='ltr'>ι.</span> <span class='ocrx_word' id='word_1_811' title='bbox 1201 5936 1228 5944; x_wconf 78' lang='grc' dir='ltr'>.ι</span> <span class='ocrx_word' id='word_1_812' title='bbox 1453 5932 1463 5944; x_wconf 89' lang='lat' dir='ltr'><strong>I</strong></span> <span class='ocrx_word' id='word_1_813' title='bbox 1531 5937 1539 5944; x_wconf 81' lang='grc' dir='ltr'>ι</span> <span class='ocrx_word' id='word_1_814' title='bbox 1755 5928 1765 5944; x_wconf 89' lang='grc' dir='ltr'><strong>Ι</strong></span> <span class='ocrx_word' id='word_1_815' title='bbox 1795 5926 1915 5944; x_wconf 46' lang='lat'><strong>__&#39;,.-_</strong></span> <span class='ocrx_word' id='word_1_816' title='bbox 1980 5937 2033 5944; x_wconf 69' lang='grc' dir='ltr'>ιι..</span> <span class='ocrx_word' id='word_1_817' title='bbox 2059 5938 2108 5944; x_wconf 75' lang='grc' dir='ltr'>ι..</span> <span class='ocrx_word' id='word_1_818' title='bbox 2140 5922 2172 5944; x_wconf 74' lang='lat'><strong>:2</strong></span> <span class='ocrx_word' id='word_1_819' title='bbox 2207 5936 2262 5944; x_wconf 60' lang='lat' dir='ltr'><strong>Ag.</strong></span> <span class='ocrx_word' id='word_1_820' title='bbox 2305 5936 2382 5944; x_wconf 64' lang='grc' dir='ltr'><strong>Α-..</strong></span> 
     </span>
    </p>
   </div>
   <div class='ocr_carea' id='block_1_112' title="bbox 844 5922 2407 6007">
    <p class='ocr_par' dir='ltr' id='par_1_112' title="bbox 844 5922 2407 6007">
     <span class='ocr_line' id='line_1_113' title="bbox 844 5922 2407 6007; baseline -0.017 -9"><span class='ocrx_word' id='word_1_821' title='bbox 844 5922 1064 6003; x_wconf 60' lang='grc' dir='ltr'>τόπουξί</span> <span class='ocrx_word' id='word_1_822' title='bbox 1115 5922 1466 6007; x_wconf 62' lang='grc' dir='ltr'>ιιςιίειυα’“;ιιι</span> <span class='ocrx_word' id='word_1_823' title='bbox 1528 5937 1689 5984; x_wconf 84' lang='lat' dir='ltr'><strong>tinem</strong></span> <span class='ocrx_word' id='word_1_824' title='bbox 1754 5926 1918 5992; x_wconf 68' lang='lat' dir='ltr'><strong>huius</strong></span> <span class='ocrx_word' id='word_1_825' title='bbox 1978 5922 2264 5977; x_wconf 77' lang='lat' dir='ltr'><strong>seltuiiicx</strong></span> <span class='ocrx_word' id='word_1_826' title='bbox 2305 5936 2407 5973; x_wconf 76' lang='lat' dir='ltr'><strong>ms.</strong></span> 
     </span>
    </p>
   </div>
   <div class='ocr_carea' id='block_1_113' title="bbox 2538 5625 4104 5697">
    <p class='ocr_par' dir='ltr' id='par_1_113' title="bbox 2538 5625 4104 5697">
     <span class='ocr_line' id='line_1_114' title="bbox 2538 5625 4104 5697; baseline -0.003 -9"><span class='ocrx_word' id='word_1_827' title='bbox 2538 5632 2841 5688; x_wconf 83' lang='lat' dir='ltr'><strong>Bodleiano</strong></span> <span class='ocrx_word' id='word_1_828' title='bbox 2873 5626 3223 5685; x_wconf 88' lang='lat' dir='ltr'><strong>restituimus</strong></span> <span class='ocrx_word' id='word_1_829' title='bbox 3254 5642 3270 5679; x_wconf 87' lang='lat'><strong>:</strong></span> <span class='ocrx_word' id='word_1_830' title='bbox 3303 5641 3424 5693; x_wconf 69' lang='lat' dir='ltr'><strong>qua:</strong></span> <span class='ocrx_word' id='word_1_831' title='bbox 3454 5625 3673 5697; x_wconf 86' lang='lat' dir='ltr'><strong>quidem</strong></span> <span class='ocrx_word' id='word_1_832' title='bbox 3701 5642 3815 5683; x_wconf 88' lang='lat' dir='ltr'><strong>non</strong></span> <span class='ocrx_word' id='word_1_833' title='bbox 3847 5630 4035 5685; x_wconf 87' lang='lat' dir='ltr'><strong>solum</strong></span> <span class='ocrx_word' id='word_1_834' title='bbox 4062 5634 4104 5684; x_wconf 84' lang='lat' dir='ltr'><strong>in</strong></span> 
     </span>
    </p>
   </div>
   <div class='ocr_carea' id='block_1_114' title="bbox 2525 5698 4106 5762">
    <p class='ocr_par' dir='ltr' id='par_1_114' title="bbox 2525 5698 4106 5762">
     <span class='ocr_line' id='line_1_115' title="bbox 2525 5698 4106 5762; baseline -0.004 -3"><span class='ocrx_word' id='word_1_835' title='bbox 2525 5706 2767 5759; x_wconf 88' lang='lat' dir='ltr'><strong>editione</strong></span> <span class='ocrx_word' id='word_1_836' title='bbox 2822 5698 3535 5762; x_wconf 84' lang='lat' dir='ltr'><strong>Parisiensi,verumetiam</strong></span> <span class='ocrx_word' id='word_1_837' title='bbox 3590 5698 3643 5749; x_wconf 90' lang='lat' dir='ltr'><strong>in</strong></span> <span class='ocrx_word' id='word_1_838' title='bbox 3699 5714 3811 5754; x_wconf 89' lang='lat' dir='ltr'><strong>ms.</strong></span> <span class='ocrx_word' id='word_1_839' title='bbox 3850 5704 4106 5757; x_wconf 68' lang='lat' dir='ltr'><strong>Amerina-</strong></span> 
     </span>
    </p>
   </div>
   <div class='ocr_carea' id='block_1_115' title="bbox 2526 5765 4105 5829">
    <p class='ocr_par' dir='ltr' id='par_1_115' title="bbox 2526 5765 4105 5829">
     <span class='ocr_line' id='line_1_116' title="bbox 2526 5765 4105 5829; baseline -0.006 -1"><span class='ocrx_word' id='word_1_840' title='bbox 2526 5776 2713 5829; x_wconf 79' lang='lat' dir='ltr'><strong>cbiau.</strong></span> <span class='ocrx_word' id='word_1_841' title='bbox 2755 5772 3162 5826; x_wconf 85' lang='lat' dir='ltr'><strong>desiderantur.</strong></span> <span class='ocrx_word' id='word_1_842' title='bbox 3213 5765 3318 5820; x_wconf 86' lang='lat' dir='ltr'><strong>Sed</strong></span> <span class='ocrx_word' id='word_1_843' title='bbox 3378 5767 3430 5819; x_wconf 83' lang='lat' dir='ltr'><strong>iit</strong></span> <span class='ocrx_word' id='word_1_844' title='bbox 3474 5768 3661 5821; x_wconf 87' lang='lat' dir='ltr'><strong>codice</strong></span> <span class='ocrx_word' id='word_1_845' title='bbox 3692 5766 3922 5827; x_wconf 78' lang='lat' dir='ltr'><strong>Titiano</strong></span> <span class='ocrx_word' id='word_1_846' title='bbox 3986 5773 4105 5828; x_wconf 64' lang='lat' dir='ltr'><strong>lem</strong></span> 
     </span>
    </p>
   </div>
   <div class='ocr_carea' id='block_1_116' title="bbox 2522 5838 3818 5908">
    <p class='ocr_par' dir='ltr' id='par_1_116' title="bbox 2522 5838 3818 5908">
     <span class='ocr_line' id='line_1_117' title="bbox 2522 5838 3818 5908; baseline -0.005 -7"><span class='ocrx_word' id='word_1_847' title='bbox 2522 5847 2713 5908; x_wconf 78' lang='lat' dir='ltr'><strong>fuisse,</strong></span> <span class='ocrx_word' id='word_1_848' title='bbox 2746 5843 2936 5896; x_wconf 87' lang='lat' dir='ltr'><strong>Latina</strong></span> <span class='ocrx_word' id='word_1_849' title='bbox 2965 5838 3183 5893; x_wconf 79' lang='lat' dir='ltr'><strong>llcrvcti</strong></span> <span class='ocrx_word' id='word_1_850' title='bbox 3218 5839 3429 5892; x_wconf 69' lang='lat' dir='ltr'><strong>tt&#39;alatio</strong></span> <span class='ocrx_word' id='word_1_851' title='bbox 3454 5841 3818 5895; x_wconf 58' lang='lat' dir='ltr'><strong>demonstra.</strong></span> 
     </span>
    </p>
   </div>
  </div>
