4240 6442
250 366 355 430 585

243 572 339 621 καὶ
364 571 537 640 τῦφον
586 576 679 624 καὶ
724 576 1134 646 καταφρόνησιν
1180 579 1275 631 τοῦ
1303 580 1483 630 ἐκεῖσε
1519 578 1826 630 ἐπισκόπου

242 663 481 733 δημοσίᾳ
520 667 789 729 διδάσκει,
821 668 896 730 ὡς
940 671 1256 733 σπουδάζων
1287 670 1700 738 καταισχύνειν,
1733 668 1827 718 καὶ

243 756 675 818 κατευτελίζειν.
705 760 798 809 καὶ
842 758 942 827 τὴν
993 760 1284 829 ἀλλοτρίαν
1338 762 1609 830 καθέδραν
1654 760 1830 827 ἐαυτῷ

242 849 788 918 προμνηστεύεσθαι,
865 852 1111 919 εύλόγως
1168 854 1507 923 ’καυθήσεται
1554 855 1653 922 τῆς
1707 855 1829 905 ἑπι-

246 940 460 1005 σκοπῆς
486 955 501 968 ·
541 940 569 990 ὁ
619 943 727 1011 γὰρ
772 942 884 993 τῶν
913 944 1213 1012 ἀλλοτρίων
1258 947 1546 1013 ἐφιέμενος
1576 946 1673 997 καὶ
1722 944 1831 995 τῶν

244 1029 395 1080 ἰδίων
436 1031 788 1099 στερίσκεται
815 1050 828 1063 ’
864 1036 951 1095 εἰς
986 1032 1042 1086 δέ
1074 1035 1165 1086 τον
1191 1036 1356 1087 τόπον
1391 1036 1501 1086 τῶν
1530 1035 1833 1105 πρεσϐυτέ-

246 1138 360 1190 ρων
428 1123 910 1192 κατενεχθήσεται,
942 1124 1037 1177 καὶ
1092 1126 1212 1177 κατ’
1276 1126 1458 1178 αὐτῶν
1514 1126 1827 1195 ἐνεργήσει.

246 1212 357 1262 Καὶ
392 1212 699 1279 σημείωσαι
729 1214 861 1265 πότε
885 1216 982 1266 καὶ
1011 1215 1309 1272 ἐπίσκοπος
1343 1217 1422 1277 είς
1450 1217 1827 1285 πρεσϐυτέρου

242 1303 413 1355 τόπον
461 1306 783 1371 κατάγεται.
834 1306 891 1357 '0
932 1307 1041 1375 γὰρ
1084 1307 1332 1369 εἰκοστὸς
1386 1307 1607 1369 ἐννατος
1646 1307 1831 1360 κανὼν

235 1393 341 1460 τῆς
399 1395 460 1445 ἐν
519 1393 830 1464 Χαλκηδόνι
904 1398 1127 1449 συνόδου
1186 1398 1495 1466 ἱεροσυλίαν
1565 1399 1830 1468 ἄντικρυς

243 1484 405 1537 καλεί
434 1487 494 1538 τὸ
540 1487 631 1538 τὸν
674 1488 975 1540 ἐπίσκοπον
1014 1490 1097 1550 είς
1141 1490 1521 1557 πρεσϐυτέρου
1567 1491 1831 1557 κατάγειν

242 1577 482 1646 βαθμὸν,
518 1580 611 1630 καὶ
644 1580 732 1648 ἔχε
762 1580 855 1631 τὸν
884 1581 1131 1650 παρόντα
1175 1582 1380 1634 κανόνα
1413 1582 1831 1653 ὑπεξῃρημένον

242 1673 306 1723 ἐκ
334 1671 431 1723 τοῦ
471 1672 761 1725 καθολικοῦ
794 1673 1010 1725 ἐκείνου
1038 1674 1286 1736 κανόνος.

835 1766 1077 1817 ΚΛΝΩΝ
1120 1767 1252 1819 KA'.

244 1870 266 1902 ι
311 1854 375 1906 Oi
408 1853 498 1904 ἐπ’
530 1853 845 1923 ἐγκλήμασι
872 1856 1183 1917 κανονικοὶς
1215 1854 1328 1922 (86)
1356 1855 1650 1908 ὑπεύθυνοι
1685 1855 1833 1923 γινό⁴

319 1965 338 1996 ι
394 1963 571 2015 μενοι,
599 1948 692 1999 καὶ⁸
735 1947 825 2000 διὰ
866 1947 1029 2000 τοῦτο
1082 1948 1341 2001 παντελεῖ
1374 1966 1432 2000 τε
1465 1949 1558 2001 καὶ
1585 1950 1833 2017 διηνεκεῖ

320 2059 340 2091 ι
384 2040 706 2104 καθαιρέσει
758 2039 1190 2110 ὑποδαλλόμενοι
1239 2043 1333 2094 καὶ
1369 2043 1427 2091 ἐν
1457 2040 1534 2108 τῷ
1562 2042 1676 2091 τῶν
1711 2042 1833 2092 λαῖυ

317 2150 342 2183 ι
387 2132 505 2185 κῶν
544 2130 927 2201 ἀπωθούμεναι
960 2132 1134 2202 τόπῳ,
1171 2135 1219 2184 εί
1254 2133 1355 2203 μὲν
1384 2134 1653 2195 ἑκουσίως
1689 2135 1825 2201 πρὸς

316 2242 344 2274 4
390 2222 735 2292 ἐπιστροφὴν
809 2222 1052 2291 ὁρῶντες
1126 2223 1381 2276 ἀθετοῧσι
1464 2224 1564 2291 τὴν
1647 2226 1831 2294 ἁμαρ-

319 2336 339 2368 σ
387 2316 513 2369 τίαν
571 2316 707 2384 (87),
740 2314 807 2368 δι’
868 2317 937 2385 ἢν
987 2315 1090 2385 τῆς
1146 2316 1370 2385 χάριτος
1413 2317 1828 2383 ἐκπεπτώκασι,

386 2408 488 2459 καὶ
534 2406 741 2474 ταύτης
795 2405 983 2459 τέλεον
1060 2407 1379 2477 ἀλλοτρίους
1430 2412 1659 2471 ἑαυτοὺς
1702 2409 1834 2461 καθ-

388 2499 601 2564 ιστῶσι,
641 2500 720 2570 τῷ
746 2500 841 2553 τοῦ
884 2500 1092 2570 κλήρου
1142 2503 1515 2571 κειρέσοωσαν
1549 2504 1828 2572 σχήματι·

388 2594 441 2644 εἰ
486 2592 542 2644 δὲ
593 2594 666 2663 μὴ
696 2594 859 2645 τοῦτο
894 2594 1239 2663 αὐθαιρέτως
1279 2597 1630 2664 αἱρήσονται,
1662 2596 1835 2650 καθά-

319 2702 339 2731 ‹
388 2699 498 2753 περ
536 2686 587 2736 οί
631 2685 831 2749 λαῖκοὶ,
870 2684 968 2755 τὴν
1013 2687 1195 2756 κόμην
1247 2688 1721 2757 ἐπιτρεςςέτωσαν,
1756 2688 1832 2751 ὼς

323 2794 344 2826 ι
389 2776 494 2845 τὴν
524 2777 581 2827 ἐν
612 2776 804 2846 κόσμῳ
847 2777 1200 2849 ἀναστροφὴν
1246 2778 1346 2848 τῆς
1398 2779 1657 2846 οὐρανίου
1686 2779 1832 2850 ζωῆς

318 2888 339 2918 ο
388 2869 854 2937 προτιμήσαντες.

312 2962 518 3015 ΒΑΔΣ.
549 2960 866 3029 Σημείωσαι
919 2960 1029 3013 ἀπὸ
1082 2960 1179 3014 τοῦ
1257 2962 1528 3033 παρόντος
1606 2964 1832 3026 κανόνος

234 3054 328 3103 ὅτι
391 3052 443 3103 οι
499 3050 608 3103 ἀπό
660 3066 807 3112 τινος
875 3050 1223 3119 ἐγκλήματος
1278 3052 1709 3123 καθαιρούμενοι
1756 3055 1833 3116 ὼς

1266 376 1344 434 ΙΝ
1388 376 1549 434 CAN.
1596 374 1730 433 XXI
1771 372 1977 439 CONC.
2029 373 2101 436 IN
2145 374 2465 437 TRULLO.

328 482 388 531 ὐ
421 480 582 533 τοῦτο
635 482 809 537 ποιῶν
869 484 1191 550 ἐπίσκοπος,
1228 489 1353 539 ἐπεὶ
1384 490 1453 541 δι’
1502 487 1827 549 ἀλαζονείαν
1860 494 1903 544 Α

3408 375 3509 434 585

2008 491 2302 557 Episcopus
2340 490 2428 553 qui
2476 488 2575 540 hoc
2617 485 2768 552 facit,
2808 487 3067 555 quoniam
3121 501 3215 554 per
3272 497 3511 539 ostenta~

1936 582 2158 639 lienem,
2197 588 2244 627 et
2278 576 2611 642 superbiam,
2661 587 2711 627 ct
2754 577 3011 644 cpismpi,
3053 577 3141 643 qui
3198 575 3267 627 ibi
3298 588 3509 642 praeest,

1933 678 2301 735 contemptum
2337 667 2547 735 publice
2578 668 2756 730 docet,
2794 680 2849 718 ιιι
2896 683 3015 719 cum
3074 667 3398 732 pttdcfaccri:
3458 678 3512 717 (ιι

1932 763 2273 830 vilipendete
2316 770 2369 812 et
2418 760 2648 812 alienam
2702 761 3015 813 cathedram
3070 761 3170 813 sibi
3223 761 3514 812 concilians

1934 854 2287 915 contendens,
2316 851 2466 919 juste
2490 852 2805 918 episc0patu
2835 852 3147 919 ιΙιομηιιίιῑιΓ.
3180 850 3281 913 Qui
3334 851 3509 901 alieni

1933 947 2077 999 enim
2112 943 2266 1009 petit,
2306 944 2495 996 etsuis
2530 944 2793 1009 priiatnr.
2833 944 2942 993 Sed
2971 943 3034 994 ad
3070 943 3510 1008 presbyterorum

1934 1034 2111 1087 locum
2142 1034 2448 1091 deducitur.
2477 1043 2531 1086 et
2566 1032 2705 1083 inter
2753 1046 2848 1084 eos
2901 1048 3118 1083 munere
3144 1032 3413 1096 fungetur.
3449 1029 3515 1080 Et

1935 1137 2060 1179 nota
2092 1126 2311 1192 quando
2363 1124 2524 1177 etiam
2560 1124 2847 1191 episcopus
2885 1122 2949 1173 ad
3008 1121 3304 1189 presbyteri
3335 1120 3512 1173 locum

1934 1219 2235 1270 reducitur.
2270 1216 2403 1269 Nam
2456 1218 2911 1269 undetricesimus
2968 1217 3156 1287 synodi
3218 1216 3517 1269 Chalcedoo

1935 1309 2116 1361 ncnsis
2156 1321 2331 1359 canon
2360 1321 2391 1360 e
2421 1317 2608 1359 contra
2664 1306 3009 1371 sacrilegium
3075 1314 3228 1358 vocat
3279 1303 3516 1372 epiScupi

1933 1398 1999 1451 ad
2036 1398 2337 1469 presbyteri
2371 1400 2595 1465 gradum
2630 1399 3038 1459 deductioucm,
3091 1406 3144 1449 et
3184 1398 3325 1449 hunc
3377 1412 3516 1464 pta:-

1933 1500 2140 1543 sentem
2177 1505 2441 1543 canonem
2478 1505 2544 1543 ex
2574 1503 2642 1543 eo
2673 1503 2883 1543 canone
2916 1488 3185 1543 catholico
3228 1495 3516 1555 BXCeptuttt

1936 1579 2164 1633 habeas.

2516 1759 2747 1814 CANON
2794 1759 2934 1814 XXI.

1946 1870 1964 1901 ι
2002 1851 2103 1917 Qui
2138 1851 2529 1906 canonicorum
2559 1853 2779 1921 quidem
2813 1854 3107 1906 criminmu
3157 1852 3234 1905 rei
3268 1851 3415 1917 facti,
3466 1863 3521 1903 ct

2016 1964 2033 1995 ι
2075 1959 2361 2014 propterea
2414 1948 2673 2016 perfecta:
2742 1963 2807 2002 ac
2865 1960 3136 2016 perpetua:
3192 1948 3517 2013 «lepesitiuii

2010 2058 2028 2090 ι
2070 2038 2345 2109 subjecti,
2407 2042 2458 2093 in
2518 2041 2780 2093 laicornm
2848 2042 3025 2094 locum
3082 2044 3287 2096 detrusi
3352 2052 3516 2103 sunt;

2011 2150 2027 2181 ι
2069 2132 2336 2199 siquidem
2366 2133 2432 2185 ad
2482 2134 2893 2185 conversionem
2941 2149 3038 2185 sua
3101 2144 3292 2199 sponte
3346 2138 3519 2201 respi-

2011 2242 2029 2273 ι
2065 2224 2271 2277 cientes
2300 2233 2580 2291 peccatum
2612 2223 2814 2289 delent,
2849 2234 3069 2291 propter
3108 2227 3250 2293 quod
3284 2241 3311 2277 a
3346 2228 3520 2293 gratia

2012 2338 2030 2367 ι
2067 2317 2404 2377 exciderunt,
2440 2326 2494 2370 et
2524 2316 2592 2369 ab
2616 2332 2681 2370 eo
2706 2330 2764 2369 se
2788 2318 3002 2385 penitus
3028 2319 3237 2371 alienos
3259 2317 3519 2379 cilicium,

2014 2425 2031 2457 ι
2073 2407 2202 2461 cleri
2237 2408 2419 2461 habitu
2449 2412 2826 2463 tondeantur:
2882 2411 2966 2464 sin
3029 2419 3208 2463 autem
3266 2425 3369 2462 non
3424 2425 3520 2462 sua

2013 2516 2029 2547 ι
2066 2508 2258 2564 sponte
2308 2497 2410 2551 hoc
2456 2499 2737 2566 elegerint,
2790 2515 3000 2554 comam
3055 2500 3195 2553 sicut
3251 2500 3374 2553 laici
3422 2515 3523 2552 uu-

2012 2608 2030 2638 ι
2076 2592 2282 2656 triant,
2351 2600 2535 2659 utpote
2620 2593 2709 2658 qui
2777 2594 3103 2646 mundanam
3161 2608 3255 2646 seu
3354 2609 3525 2645 saecu-

2016 2700 2033 2731 ι
2069 2684 2234 2734 larem
2297 2686 2768 2737 conversationem
2847 2685 2971 2737 vitae
3038 2684 3250 2739 caelesti
3310 2701 3524 2753 pt'tt‘po-

2011 2793 2027 2824 ι
2067 2776 2300 2827 Suerint.

2007 2956 2198 3012 BALS.
2236 2957 2369 3011 Nota
2394 2973 2457 3011 ex
2499 2958 2601 3011 hoc
2642 2960 2895 3027 przesenti
2960 2972 3188 3023 canone,
3238 2962 3380 3025 quod
3431 2960 3523 3027 qui

1939 3061 2156 3121 propter
2188 3051 2402 3117 aliquod
2433 3052 2640 3105 crimen
2674 3054 3038 3120 deponuntur,
3084 3062 3141 3106 ut
3174 3055 3306 3107 .laici
3362 3044 3523 3123 repu-

234 3144 428 3196 λαῖκοὶ
452 3143 782 3211 λογίζονται,
816 3144 911 3195 καὶ
943 3143 1004 3195 οὐ
1036 3142 1293 3197 δύνανται
1330 3146 1470 3213 μετὰ
1509 3145 1608 3215 τὴν
1645 3146 1838 3199 καθαί-
1861 3139 1905 3200 C

1861 3139 1905 3200 C
1946 3154 2148 3207 tantur,
2178 3158 2275 3196 nec
2306 3153 2531 3211 possunt
2560 3152 2678 3212 post
2696 3144 3094 3211 depositioncm
3126 3146 3330 3214 aliquid
3362 3163 3525 3216 agi-re

242 3253 399 3303 ρεσιν
448 3237 691 3305 ἐνεργεῖν
741 3235 977 3305 οίονδήτι
1027 3234 1233 3304 ἀνῆκον
1286 3236 1573 3307 κληρικῷο
1638 3239 1832 3308 μόνους

236 3329 300 3380 δὲ
327 3329 455 3388 τοὺς
484 3328 827 3385 ἀποστάντας
860 3326 955 3379 τοῦ
1000 3329 1406 3399 ἁμαρτήματος
1435 3330 1504 3382 δι’
1534 3330 1563 3383 ὂ
1594 3332 1834 3403 καθῃρέ-

237 3423 442 3489 θησαν,
473 3420 637 3489 τυχὸν
669 3422 771 3488 τῆς
808 3420 1066 3488 πορνείας
1098 3419 1129 3490 ἢ
1162 3421 1349 3489 ἐτέρου
1395 3422 1561 3488 τινὸς,
1598 3424 1833 3492 διορίζε-

236 3530 336 3565 ται
370 3514 397 3565 ό
430 3512 613 3564 κανὼν
669 3511 952 3581 κείρεσθαι
1012 3511 1113 3581 τὴν
1162 3513 1407 3582 κεφαλὴν
1444 3516 1586 3568 κατά
1642 3516 1833 3587 κληρι-

238 3604 417 3667 κοὺς,
472 3605 643 3675 ἤγουν
700 3604 845 3674 ἔχειν
920 3605 1329 3675 παπαλὴθραν,
1384 3607 1479 3657 καί
1542 3607 1827 3662 ἐνδύεσθαι

240 3699 434 3765 σχῆμα
459 3696 749 3766 κληρικοῦ.
786 3694 1305 3768 Φιλανθρωπότερον
1337 3699 1447 3769 γὰρ
1476 3701 1570 3752 ἐπὶ
1619 3702 1831 3765 τούτοις

235 3787 544 3842 διατίθεται
578 3788 665 3840 διὰ
717 3789 815 3859 τὴν
869 3790 1183 3858 μετάνοιαν.
1230 3792 1371 3851 Τοὺς
1402 3791 1459 3843 δέ
1508 3809 1570 3859 γε
1616 3794 1830 3861 ἀμετα-

238 3880 419 3940 θέτως
447 3878 801 3949 ἐξεχομένους
827 3881 925 3947 τῆς
958 3880 1232 3951 ἁμαρτίας
1266 3883 1488 3950 τρέφειν
1515 3884 1613 3954 τὴν
1648 3886 1829 3954 κόμην

235 3971 621 4024 διακελεύεται
664 3972 808 4023 κατᾶ
858 3971 1100 4035 λαῖκοὺς,
1133 3972 1218 4025 ἵνα
1253 3973 1427 4042 ἔχοιεν
1475 3973 1699 4027 πλείονα
1742 3978 1829 4028 αι-

239 4064 471 4133 σχύνην,
509 4063 583 4134 μὴ
629 4063 1121 4133 πιραχωρούμενοι
1177 4067 1233 4117 ἐν
1291 4070 1495 4137 μετοχῇ
1556 4069 1825 4138 κληρικοῦ

235 4157 382 4218 ὅλως
410 4152 721 4216 duuiani
753 4157 846 4208 καὶ
877 4157 1042 4208 αὐτοῦ
1074 4155 1168 4208 τοῦ
1192 4155 1493 4225 ἐνδύματος
1527 4160 1819 4228 στερισκό-

240 4266 421 4317 μενοι.
457 4250 565 4302 Καὶ
603 4248 629 4299 ὁ
664 4249 761 4316 μὲν
792 4248 970 4299 κανὼν
1003 4247 1175 4299 ταῦτα
1197 4264 1210 4276 ·
1248 4249 1281 4317 ή
1318 4248 1374 4299 δὲ
1404 4246 1477 4299 οθ⁰
1516 4250 1706 4319 Νεαρὰ
1736 4252 1830 4304 τοῦ

239 4342 512 4413 βασιλέως
567 4340 737 4410 κυροῦ
776 4342 1002 4402 Λέοντος
1036 4340 1130 4392 τοῦ
1178 4339 1496 4408 Φιλοσόφου.
1546 4344 1830 4414 καθαιρεῖ-

240 4434 371 4487 σθαι
400 4432 749 4503 διοριζομένη
785 4434 909 4494 τοὺς
942 4431 1081 4499 μετὰ
1108 4432 1449 4502 χειροτονίαν
1483 4435 1823 4502 γαμοῦντας,

237 4527 458 4579 εὐδοκεῖ
500 4528 639 4594 μήτε
688 4523 783 4577 τοῦ
829 4525 1112 4594 σχήματος
1155 4524 1263 4576 τῶν
1314 4525 1595 4595 κληρικῶν
1624 4530 1825 4594 αὐτοὺς

236 4617 759 4687 ἁπαλλοτριούσθαι,
800 4618 937 4685 μήτε
970 4616 1070 4686 τῆς
1120 4618 1178 4669 ἐν
1236 4620 1304 4688 τῇ
1356 4618 1656 4690 Ἐκκλησία
1716 4640 1831 4674 χοι-

233 4710 467 4778 νοτέρας
527 4709 851 4776 ὑπηρεσίας.
911 4706 1019 4761 Καὶ
1081 4709 1114 4776 ὴ
1167 4705 1433 4776 ζ’Νεαρὰ
1498 4710 1590 4762 τοῦ
1639 4713 1811 4766 αὐτοῦ

236 4801 510 4872 βασιλέως
532 4802 655 4862 τοὺς
683 4799 789 4851 ἀπὸ
819 4798 1100 4868 κληρικῶν
1126 4800 1262 4869 πρὸς
1292 4800 1515 4863 λαῖκοὺς
1542 4820 1826 4875 μετασχη-

238 4893 609 4957 ματισθέντας
646 4892 739 4943 καὶ
763 4891 994 4952 ἄκοντας
1027 4891 1163 4961 πρὸς
1192 4892 1323 4944 αὐτὸ
1354 4892 1519 4944 πάλιν
1549 4894 1822 4947 ἀποκαθί-

237 4982 475 5039 στασθαι
500 4983 818 5051 διορίζεται.
854 4982 1112 5036 Φαίνεται
1139 4976 1233 5036 οὖν
1259 4983 1577 5054 ἐναντιότης
1610 4988 1665 5038 ἐν
1693 4989 1822 5041 τού..

232 5094 375 5141 τοις.
412 5076 567 5145 Ἐμοὶ
603 5076 660 5128 δέ
688 5077 839 5128 δοκεῖ
862 5076 953 5127 τον
987 5076 1087 5144 μὲν
1114 5077 1316 5128 κανόνα
1345 5076 1659 5146 νομοθετεῖν
1689 5084 1821 5151 περὶ

232 5171 349 5222 τῶν
374 5168 891 5238 καταδικαζομένων
918 5168 1007 5222 διὰ
1043 5168 1301 5240 ἐγκλημά
1351 5188 1402 5222 τι
1463 5177 1817 5241 προσαγγελ-

1940 3240 2083 3304 quod
2120 3240 2185 3290 ad
2215 3236 2473 3290 clericum
2512 3236 2617 3290 ulla
2651 3238 2862 3291 ratione
2892 3239 3178 3308 pertineat.
3206 3238 3312 3294 Eos
3339 3251 3519 3294 autem

1937 3332 2104 3393 solos,
2131 3330 2223 3399 qui
2254 3346 2281 3382 ιι
2306 3341 2530 3399 peccato
2572 3331 2897 3383 recesserint
2926 3339 3145 3397 propter
3185 3332 3327 3397 quod
3360 3332 3525 3395 depo-

1936 3420 2024 3473 siti
2062 3419 2300 3480 l'uerant,
2340 3434 2368 3470 a
2408 3417 2767 3471 fornicatione
2809 3416 2949 3470 forte
3012 3416 3094 3470 vel
3153 3418 3336 3485 aliquo
3390 3419 3519 3479 alio,

1935 3513 2180 3567 decernit
2204 3527 2376 3565 canon
2425 3526 2547 3565 esse
2590 3511 2887 3565 tondendos
2925 3511 3124 3578 capite,
3163 3521 3221 3562 ut
3270 3510 3520 3571 clericos.

1938 3606 1988 3657 id
2018 3612 2123 3668 est,
2154 3603 2356 3656 habere
2383 3603 2629 3672 papalem
2662 3612 2965 3661 tonsuram,
2992 3610 3048 3653 et
3097 3600 3283 3653 clerici
3332 3601 3518 3654 habitu

1937 3697 2108 3751 indui.
2135 3696 2191 3749 In
2219 3709 2312 3749 eos
2339 3696 2482 3747 euim
2510 3702 2591 3746 est
2618 3693 2801 3745 mitior
2832 3706 2894 3746 ac
2931 3691 3251 3745 clementior
3301 3703 3524 3761 propter

1937 3790 2331 3861 paenitentiam.
2361 3786 2517 3855 181
2544 3785 2581 3837 li
2614 3795 2811 3849 autem,
2839 3784 3001 3853 quiin
3024 3793 3522 3853 peceatOperpetun

1935 3884 2160 3947 luerent,
2195 3896 2407 3935 comam
2441 3881 2645 3933 nutrire
2669 3879 2926 3947 jubentur
2975 3886 3033 3931 ιιι
3060 3878 3205 3940 laici,
3242 3890 3297 3930 ιιι
3330 3877 3520 3944 majori

1935 3977 2140 4043 pudore
2177 3971 2628 4033 alliciantur,ncc
2678 3971 2727 4023 in
2779 3971 2908 4023 cieri
2953 3971 3374 4038 participatione
3413 3971 3521 4023 ullo

1934 4082 2055 4121 esse
2083 4066 2240 4119 modo
2276 4065 2355 4118 eis
2394 4064 2764 4133 permittatur,
2798 4062 2892 4115 sed
2943 4066 3059 4132 ipso
3102 4063 3266 4115 etiam
3316 4065 3519 4116 amictu

1936 4159 2236 4228 priventnr.
2264 4156 2327 4208 Et
2375 4156 2488 4208 hmc
2518 4154 2735 4222 quidem
2784 4165 2955 4205 cano”
2987 4169 2999 4215 ;
3040 4150 3109 4205 79
3138 4162 3314 4204 autem
3382 4153 3514 4219 imp.

1937 4248 2139 4303 domini
2177 4244 2375 4301 Leonis
2414 4245 2726 4313 PltilOSOphi
2765 4244 2977 4296 Novella
3027 4259 3122 4297 eos
3168 4244 3365 4312 deponi
3418 4245 3517 4296 de-

1936 4342 2062 4395 bere
2095 4349 2368 4402 statucns,
2405 4338 2495 4407 qui
2530 4338 2737 4391 ducunt
2789 4352 2984 4388 uxores
3046 4344 3165 4404 post
3217 4336 3521 4388 ordinatio-

1939 4448 2085 4497 nem,
2111 4430 2226 4483 vult
2260 4444 2431 4497 neque
2463 4443 2557 4481 eos
2586 4442 2616 4481 a
2644 4427 2970 4480 clericorum
3025 4424 3208 4477 habitu
3263 4427 3517 4486 alienari,

1939 4542 2037 4579 nec
2078 4540 2108 4577 a
2145 4523 2531 4578 communione
2586 4520 2873 4573 ministerii
2928 4519 2981 4571 in
3032 4518 3298 4572 Ecclesia.
3364 4517 3427 4570 Et
3488 4518 3519 4566 Ἰ

1935 4618 2178 4688 ejusdem
2218 4616 2348 4682 imp.
2389 4612 2610 4667 Novella
2656 4626 2769 4675 eos,
2812 4611 2961 4679 quia
3000 4609 3215 4663 clericis
3256 4611 3306 4661 in
3352 4609 3520 4661 laicos

1938 4710 2287 4763 transmutati
2320 4716 2469 4769 sunt,
2505 4704 2693 4757 eodem
2728 4717 2913 4754 rursus
2964 4701 3046 4754 vel
3094 4701 3293 4755 invitos
3338 4702 3520 4755 redire

1931 4805 2109 4873 jubet.
2146 4798 2372 4853 Videtur
2400 4800 2564 4866 igitur
2600 4796 2650 4847 in
2690 4794 2773 4847 his
2802 4808 2923 4848 esse
2977 4795 3356 4865 repugnantia.
3393 4793 3517 4848 Exi-

1937 4899 2102 4953 Stimo
2132 4904 2310 4947 autem
2346 4904 2605 4944 canonem
2637 4890 2853 4957 quidem
2892 4887 2959 4941 de
2991 4888 3055 4942 iis
3104 4898 3367 4952 statuere,
3418 4906 3512 4958 qut

1936 5000 2154 5061 propter
2190 4987 2427 5041 delatum
2460 4983 2676 5051 aliquod
2709 4981 2953 5049 '{crinten'
2976 4980 3341 5045 condemnati,
3372 4984 3514 5034 Inalo

1933 5082 2151 5137 assidue
2181 5078 2483 5139 inhaerent;
2520 5074 2973 5144 quemadmodmn
3035 5084 3255 5141 propter
3306 5073 3515 5125 adulte-

1932 5179 2095 5239 rium,
2135 5180 2351 5241 propter
2382 5168 2650 5234 rapinam,
2698 5175 2915 5236 prOpter
2963 5164 3305 5235 sacrilegium
3341 5182 3355 5218 :
3404 5163 3513 5217 No-

1476 5264 1522 5322 G
1538 5265 1598 5324 ui
1614 5264 1675 5325 Il.
1717 5268 2048 5349 Beveregii
2084 5276 2270 5327 noue.

314 5364 428 5437 (86)
463 5364 653 5437 Οἱέπ¹
709 5364 1049 5434 ἐγκλήμασι
1104 5364 1471 5430 κανονικοῖς.
1535 5366 1812 5424 Canonica

235 5437 478 5489 crimina
510 5436 654 5487 dicta
717 5446 867 5497 sunt,
920 5451 1043 5504 quin
1093 5450 1122 5488 a
1172 5438 1479 5499 caponihus
1536 5447 1811 5503 vetantur,

234 5522 477 5574 reosque
508 5507 788 5558 canonicis
823 5506 1109 5574 suppliciis
1135 5507 1457 5572 subjiciunt.
1510 5506 1613 5558 Sed
1673 5509 1815 5561 mhi-

234 5579 478 5632 Iumiltlls
512 5590 645 5628 mss.
671 5574 996 5629 Budleianus
1017 5585 1070 5629 et
1098 5576 1574 5629 Amerbachianus
1610 5581 1813 5633 rectius

238 5651 348 5701 hoc
378 5648 499 5699 loco
532 5646 835 5707 κανονικῶς
866 5646 1063 5715 legisse
1090 5645 1378 5706 videntur;
1414 5656 1468 5698 ut
1492 5662 1688 5701 sensus
1718 5650 1813 5714 sit,

234 5720 287 5770 οἱ
316 5716 403 5769 ἐπ’
452 5716 763 5783 ἐγκλήμασι
809 5716 1109 5774 κανονικῶς
1163 5715 1450 5787 ὑπεύθυνοι
1518 5719 1815 5787 γινόμενοι,

212 5789 351 5855 ,Ωιιὶ
412 5789 484 5840 rei
520 5788 803 5837 criminum
850 5788 1099 5839 canonice
1161 5786 1291 5854 facti
1339 5797 1482 5851 sunt,
1549 5786 1653 5841 huc
1711 5802 1816 5857 est,

530 5877 797 5939 ΡΑΤιιυι..
830 5877 946 5939 Gn.
992 5878 1366 5942 CXXXVII.

1918 5384 2077 5443 prout
2128 5372 2180 5443 in
2219 5360 2953 5443 canopibusecclesiasticis
2985 5368 3205 5443 cautum
3235 5367 3337 5412 est.

1994 5442 2107 5510 (87)
2140 5436 2448 5493 Ἀθετοῦσι
2484 5435 2598 5510 τῂν
2634 5432 2949 5501 ἁμαρτίαν.
2984 5430 3210 5498 Proprie
3241 5442 3511 5510 peccatum

1922 5503 2195 5583 reficiunt,
2241 5519 2333 5561 ant
2367 5506 2671 5573 repudiarit,
2720 5517 2829 5569 quo
2885 5516 3050 5583 sensu
3105 5512 3219 5583 ctua
3282 5503 3511 5583 liotuipo

1922 5594 2115 5637 nostro
2147 5584 2260 5633 haec
2318 5592 2421 5629 vox
2474 5586 2795 5640 usurpatur,

1919 5652 2096 5721 ὑμᾶς,
2126 5650 2232 5717 ἐμὲ
2260 5645 2477 5721 ἀθετεῖο
2513 5644 2639 5721 είδέ
2681 5642 3101 5721 ἑμξηὰθετῶν,
3150 5641 3351 5695 ἀθετεῖ
3403 5647 3508 5693 τεν

1918 5713 2370 5779 ἀποστείλαντά
2392 5733 2487 5787 με.
2516 5716 2649 5770 Luc.
2678 5732 2732 5781 χ,
2764 5713 2851 5771 16.

2866 5570 3102 5636 dicente,
3148 5571 3209 5621 Ὀ
3280 5569 3510 5623 ἀθετῶν

3114 5863 3189 5928 19
