4240 6442
213 383 319 447 689

1202 381 1280 440 IN
1324 380 1483 440 CAN.
1528 377 1727 438 xxut
1767 377 1973 437 covc.
2023 378 2100 436 IN
2142 350 2460 438 TRUl.l.().

3358 370 3457 427 Fa’ill

203 506 326 560 σίας
353 497 603 565 ἐνέμετο.
637 494 730 548 Διδ
761 494 852 549 καὶ
883 496 931 547 οἱ
964 494 1061 561 τῆς
1088 494 1254 563 ἕκτης
1298 496 1500 561 ταύτης
1556 494 1777 545 συνόδου
1810 497 1852 551 Α

1810 497 1852 551 Λ
1883 492 1991 545 sias
2028 493 2170 545 Velut
2198 504 2487 559 gangra'na
2519 488 2922 555 depasccbatur.
2962 486 3452 541 Proindehuner-a-

202 588 296 640 τὸν
363 586 565 639 κανόνα
598 585 785 637 τοῦτον
818 585 1069 649 ἐξέθεντο
1097 584 1189 635 καί
1230 601 1419 651 φασιν,
1459 583 1531 644 ὡς
1581 584 1646 634 Εἰ
1702 600 1783 643 τις

204 678 505 740 ἐπίσκοπος
562 677 595 746 ἢ
643 677 960 745 οίοσδήποτε
986 676 1245 745 κληρικδς
1277 675 1369 726 Ezr‘.
1416 676 1660 744 χρήμασι
1685 674 1785 743 τὴν

202 768 541 839 χειροτονίαν
557 768 853 837 ὠνήσαιτο,
874 766 968 817 καὶ
984 767 1046 818 οὐ
1068 765 1391 835 προκριθείη
1414 763 1781 833 δοκιμασθεὶς,

205 860 300 912 καὶ
327 860 575 929 εὑρεθεὶς
605 859 716 927 βίον
740 858 1156 926 αίρετισάμενος
1179 856 1376 927 σεμνόν
1399 873 1457 908 τε
1486 858 1575 907 καὶ
1604 856 1707 924 ἀμε
1719 872 1786 922 μ-

207 968 358 1014 πτον,
397 952 425 1001 ὀ
471 950 715 1013 τοιοῦτος
752 950 1140 1017 καθαιρείσθω.
1177 951 1286 1001 Καὶ
1318 949 1415 1016 οὐχ
1450 948 1479 997 ὁ
1530 947 1629 1015 μὲν
1675 964 1785 1014 χει-

209 1043 521 1111 ροτονηθεὶς
570 1042 663 1094 ἐπὶ
707 1045 955 1112 χρήμασι
1006 1039 1541 1109 καθαιρεθήσεται,ὀ
1572 1038 1626 1091 δὲ
1673 1053 1785 1107 χει-

207 1137 507 1206 ροτονήσας
531 1134 695 1188 αὑτὸν
759 1133 932 1196 οὕτως
978 1131 1327 1199 ἀτιμώρητος
1392 1131 1544 1183 ἔσται
1580 1141 1593 1153 ·
1650 1127 1786 1179 ἀλλά

199 1231 460 1288 κᾶκεῖνος
492 1230 557 1296 τῇ
587 1226 906 1295 καθαιρέσει
962 1225 1430 1293 ὑποϐληθήσεται.
1492 1223 1785 1289 Ἔξήγηται

194 1320 259 1373 δὲ
284 1320 353 1372 τά
385 1319 515 1388 περὶ
535 1318 723 1370 τούτου
750 1318 1082 1387 πλατύτερον
1109 1318 1167 1370 ὲν
1186 1317 1397 1386 ἑτέροις
1427 1315 1673 1367 κανόσιν.

201 1494 429 1549 ΑΡΙΣΤ.
492 1514 510 1547 ι
576 1502 617 1547 υ
647 1493 1047 1564 χειροτονηθεὶς
1076 1492 1167 1544 ἐπὶ
1209 1494 1451 1562 χρήμασι
1485 1490 1784 1557 σνγκαθαι·

385 1606 404 1639 ι
451 1588 654 1657 ρείσθω
678 1586 754 1655 τῷ
786 1588 1246 1655 χειροτονήσαντι.
1286 1603 1303 1633 ι
1338 1582 1568 1651 Σαφής.

795 1678 1036 1730 ΚΑΝΩΝ
1069 1677 1217 1739 KF',

207 1790 227 1823 ι
273 1773 411 1842 Περὶ
471 1770 568 1823 τοῦ
600 1772 805 1841 μηδένα
855 1772 964 1822 τῶν
995 1772 1107 1821 εἴτε
1156 1768 1475 1820 ἐπισκόπων
1507 1768 1615 1820 εἴτε
1649 1784 1782 1837 πρε-

267 1883 295 1913 4
352 1861 685 1931 σϐυτὲρωνῆ
718 1862 979 1914 διακόνων
1001 1862 1098 1929 τῆς
1126 1859 1398 1929 ἀχράντου
1435 1858 1783 1927 μεταδιδόντα

276 1975 297 2005 ι
337 1954 624 2015 κοινωνίας
657 1952 808 2021 παρά
828 1950 925 2004 τοῦ
956 1950 1274 2019 μετέχοντος
1302 1950 1654 2018 εἰσπράττειν
1683 1949 1782 2018 τῆς

272 2064 296 2093 4
342 2043 603 2112 τοιαύτης
638 2042 990 2112 μεταλήψεως
1013 2041 1173 2111 χάριν
1212 2040 1433 2102 όὸολοὺς
1468 2040 1501 2109 ἢ
1547 2035 1686 2103 εἶδος
1724 2041 1783 2092 τὸ

275 2158 295 2190 ι
334 2136 564 2191 οίονοῦν.
598 2135 734 2191 Οὐδὲ
760 2134 867 2204 γὰρ
913 2132 1242 2202 πεπραμένη
1310 2134 1459 2184 ἐστὶν
1506 2134 1537 2199 ή
1598 2134 1779 2201 χάρις,

272 2248 294 2279 ι
336 2228 461 2281 οὐδὲ
512 2227 761 2297 χρήμασι
825 2226 917 2277 τὸν
979 2222 1255 2291 ἀγιασμδν
1309 2222 1406 2273 τοῦ
1466 2220 1781 2289 Ιινεύματος

274 2339 300 2371 4
346 2318 762 2389 μεταδιδόαμεν,
803 2316 940 2369 ἀλλά
970 2316 1082 2378 τοῖς
1117 2314 1288 2379 ἀξίοις
1340 2312 1434 2366 τοῦ
1465 2312 1637 2380 δώρου
1671 2313 1780 2363 ἀπ-

279 2428 301 2463 ε
337 2411 694 2479 ανουργήτως
743 2406 1084 2478 μεταδοτέον.
1121 2405 1182 2456 Ei
1230 2404 1287 2456 δὲ
1332 2404 1529 2472 φανείη
1560 2419 1641 2464 τις
1674 2403 1780 2453 τῶν

286 2522 307 2555 ι
352 2505 412 2556 ἐν
439 2503 635 2571 κλήρῳ
695 2499 1151 2568 καταλεγομένων
1198 2495 1443 2549 ἀπαιτῶν
1472 2487 1515 2561 ᾧ
1574 2494 1782 2564 μεταδί-

276 2616 296 2648 σ
344 2596 476 2649 δωσι
513 2598 611 2664 τῆς
641 2592 913 2662 ἀχράντου
955 2589 1241 2650 κοινωνίας
1278 2587 1339 2640 τὸ
1366 2587 1572 2639 atavo-3v
1616 2582 1779 2652 εῖδο.·,

276 2707 299 2742 c
338 2687 742 2755 καθαιρείσθω,
776 2683 853 2747 ὡς
878 2684 973 2752 τῆς
999 2682 1243 2751 Σίμωνος
1285 2678 1539 2749 ζηλωτὴς
1572 2678 1780 2746 πλάνης

280 2800 299 2832 ι
341 2780 439 2833 καὶ
464 2775 820 2846 κακουργίας.
868 2792 887 2825 ι

275 2872 479 2925 ΒΑΔΣ.
510 2868 839 2929 Καταλύσας
862 2865 970 2935 πρὸ
1002 2862 1211 2934 χρόνων
1242 2862 1444 2915 ίκανῶν
1471 2861 1550 2924 είς
1584 2860 1782 2931 χωρίον

202 2985 258 3021 τι
326 2962 689 3031 Καλοτυχάδα
740 2958 1147 3026 ἐπιλεγόμενον,
1193 2958 1288 3008 καὶ
1342 2957 1400 3007 ὲν
1451 2954 1531 3023 τῷ
1584 2953 1780 3024 θέματι

199 3058 551 3129 Χερρονήσου
573 3054 936 3121 διακείμενον,
964 3048 1104 3101 κατά
1118 3048 1216 3116 τὴν
1240 3046 1400 3114 ἁγίαν
1423 3043 1782 3115 Κυριώνυμον

1888 597 2079 635 nonem
2096 593 2257 636 sexta:
2275 598 2489 651 quoque
2504 582 2661 649 hujus
2678 582 2865 650 synodi
2885 581 3072 634 Patres
3090 580 3461 648 ειιρειὶοιίὺυς

1886 676 2170 741 addidere;
2203 690 2266 729 ac
2294 676 2335 728 si
2368 674 2486 742 quis
2512 676 2800 742 episcopus
2827 672 3124 726 clericusve
3150 672 3461 738 quicunque

1884 766 2206 834 dignitatem
2238 767 2554 819 ordinemve
2581 774 2906 827 emercatus,
2957 780 3060 817 non
3129 770 3307 815 autem
3366 778 3462 814 ex-

1886 859 2090 928 plorata
2121 874 2331 912 morum
2366 861 2629 927 gravitate
2661 859 3015 925 approbatus,
3049 866 3104 910 et
3150 856 3455 924 religiosam

1884 952 2048 1003 vitam
2088 966 2151 1003 ac
2187 950 2569 1019 inculpabilem
2603 950 2832 1018 elegisse
2862 950 3113 1003 inventus
3147 947 3330 1009 fuerit,
3363 949 3455 998 tic-

1886 1042 2012 1110 poni
2043 1040 2253 1107 jubent.
2296 1040 2481 1109 Neque
2510 1056 2635 1095 vero
2660 1042 2851 1109 eo,qui
2887 1040 3129 1108 pecuniis
3156 1038 3459 1097 ordinatur.

1888 1136 2155 1201 deposito,
2185 1136 2274 1203 qui
2307 1135 2529 1187 ordines
2560 1135 2607 1187 ei
2643 1135 2873 1187 contulit
2903 1134 3122 1199 impune
3158 1131 3330 1193 feret;
3366 1133 3459 1184 sed

1887 1240 2010 1278 eum
2044 1241 2258 1292 quoque
2299 1226 2656 1293 depositionis
2685 1228 2871 1277 eadem
2924 1239 3084 1292 paena
3141 1221 3312 1275 teneri
3363 1222 3412 1274 dt
3438 1252 3459 1261 -

1888 1327 2095 1366 cretum
2128 1324 2229 1369 est.
2290 1316 2456 1369 l’orro
2511 1317 2577 1369 de
2618 1317 2717 1369 hac
2754 1317 2940 1369 eadem
2994 1330 3050 1367 re
3112 1314 3357 1381 pluribus
3408 1314 3457 1361 in

1888 1405 2117 1457 aliorum
2151 1421 2419 1459 canonum
2448 1408 2807 1476 explicatione
2841 1405 3218 1459 disseruimus.

1888 1494 2116 1548 ARIST.
2147 1514 2165 1545 ι
2204 1494 2303 1559 Qui
2340 1498 2583 1564 pecuniis
2613 1497 2921 1557 ordinatur,
2973 1509 3077 1547 una
3134 1509 3255 1547 cum
3309 1496 3464 1543 erfi-

2140 1607 2157 1637 ι
2200 1598 2364 1641 nante
2406 1590 2727 1653 deponatur.
2767 1606 2785 1638 ι
2834 1584 3170 1652 Perspicuus.

2428 1678 2657 1733 CANUN
2700 1676 2883 1731 XXIII.

1895 1794 1911 1820 ι
1952 1771 2234 1836 Utnullus,
2266 1772 2377 1827 sive
2406 1774 2712 1841 episcopus,
2733 1773 2846 1826 sive
2871 1771 3173 1841 presbyter,
3208 1771 3319 1824 sive
3346 1770 3458 1821 dia-

1966 1883 1983 1916 ι
2030 1880 2224 1928 conus,
2266 1864 2667 1919 immaculatatu
2718 1865 2964 1932 praebens
2996 1864 3455 1925 communienem,

1961 1977 1978 2007 ι
2015 1958 2084 2010 ab
2129 1972 2194 2012 eo
2245 1958 2335 2026 qui
2386 1958 2785 2020 communicat,
2844 1958 2961 2025 ejus
3022 1955 3458 2025 participationis

1962 2062 1979 2093 ‹
2014 2044 2207 2113 gratia,
2245 2044 2433 2099 obolos
2470 2044 2550 2097 vel
2590 2045 2838 2113 quamvis
2870 2045 3031 2096 aliam
3072 2044 3311 2110 speciem
3340 2044 3455 2095 exi-

1961 2155 1978 2187 ι
2019 2145 2127 2206 gat.
2188 2135 2302 2190 Non
2352 2145 2436 2190 est
2484 2138 2626 2189 enim
2686 2136 2893 2189 venalis
2952 2138 3149 2205 gratia,
3188 2140 3306 2189 ‘nec
3361 2151 3457 2203 pro

1962 2246 1978 2278 ι
2020 2227 2265 2296 pecuniis
2311 2224 2546 2297 Spiritus
2574 2227 3058 2281 sanctiﬁcationeut
3086 2227 3452 2295 iinpertimur:

1961 2337 1980 2359 ι
2017 2321 2110 2373 sed
2147 2334 2207 2371 ea
2240 2319 2326 2385 iis,
2362 2319 2455 2387 qui
2491 2318 2638 2388 digiti
2672 2329 2819 2379 sunt.
2852 2319 3059 2387 absque
3111 2319 3213 2371 ulla
3249 2319 3458 2371 callidi-

1963 2430 1978 2457 ι
2019 2418 2125 2463 tate
2150 2418 2233 2463 est
2261 2411 2728 2463 communicanda.
2768 2409 2823 2462 Si
2858 2410 2981 2479 quis
3038 2420 3216 2462 autem
3269 2426 3454 2463 eorum

1962 2519 1979 2549 ι
2020 2500 2110 2567 qui
2140 2507 2267 2555 sunt
2302 2500 2354 2553 in
2386 2499 2517 2552 cleri
2557 2498 2827 2567 catalogo,
2860 2501 2927 2553 ab
2954 2515 3041 2563 eo,
3082 2500 3165 2553 eui
3194 2500 3452 2552 immacu-

1962 2612 1976 2640 ι
2018 2592 2176 2643 latam
2215 2592 2458 2658 impertit
2495 2592 2962 2655 communionem,
2999 2592 3161 2644 ullam
3216 2595 3449 2659 speciem

1964 2701 1981 2733 ι
2019 2683 2235 2751 exigere
2265 2683 2414 2735 visus
2445 2682 2628 2746 fuerit,
2672 2683 2999 2750 deponatur,
3054 2692 3111 2737 ut
3164 2682 3455 2736 Simoniaci

1965 2795 1982 2827 ι
2020 2776 2227 2829 erroris
2262 2784 2314 2829 et
2343 2775 2600 2829 malelicii
2634 2779 2935 2830 ενιιιιιὶαιοΐ.
2974 2794 2993 2827 ι

1960 2866 2155 2920 BALS.
2182 2866 2315 2920 Cum
2346 2866 2475 2920 satis
2503 2866 2662 2936 longo
2700 2868 2892 2922 abhinc
2924 2877 3167 2937 tempore
3219 2884 3268 2920 in
3318 2885 3458 2937 quo-

1885 2959 2007 3012 daut
2044 2959 2182 3021 loco,
2219 2960 2309 3026 qui
2341 2957 2667 3028 Calolycltas
2696 2959 3019 3027 appellatur,
3048 2970 3104 3014 et
3137 2961 3189 3013 it:
3226 2960 3454 3013 Cltet'sn-

1885 3050 2001 3103 nesi
2039 3051 2252 3119 regione
2284 3050 2490 3117 positus
2540 3058 2642 3112 est,
2680 3061 2867 3102 saneta
2918 3050 3195 3104 Dominiea
3238 3051 3458 3106 Paselm

195 3152 293 3207 τοῦ
324 3153 517 3219 Πάσχα
549 3146 648 3215 τῆς
672 3144 765 3199 τοῦ
790 3140 1029 3214 Χριστοῦ
1072 3140 1447 3204 ἀναστάσεως,
1481 3133 1621 3190 εἶδον
1667 3154 1780 3206 χω-
1804 3152 1849 3215 C

1776 3152 1849 3215 rc
1885 3142 2082 3195 Christi
2143 3142 2557 3195 resurrectionis
2606 3142 2953 3207 diversarer,
3014 3143 3124 3195 vidi
3186 3145 3450 3210 quasdam

195 3242 392 3313 ριτικά
427 3239 628 3307 γύναια
659 3236 755 3289 καὶ
776 3234 1043 3303 ἀνδράρια
1085 3232 1222 3300 μετά
1249 3229 1346 3298 τὴν
1370 3227 1601 3296 ἑωθινὴν
1626 3227 1778 3279 θείαν

195 3333 483 3405 ὑμνῳδίαν
530 3329 609 3399 τῷ
637 3328 750 3398 ναῷ
784 3327 884 3395 τῆς
942 3324 1239 3384 καθολικῆς
1298 3321 1589 3390 ἐκκλησίας
1652 3320 1781 3389 συρο

199 3428 399 3496 ῥέοντα
427 3419 567 3491 μετά
596 3417 889 3489 ὀρνιθείων
909 3415 1034 3495 ὠῷν
1064 3412 1215 3482 ζύμῃ
1245 3412 1411 3481 ἄρτου
1463 3410 1752 3477 συνηνωμέ

198 3532 332 3577 νων,
366 3514 461 3565 καὶ
486 3512 627 3580 μετά
658 3508 836 3576 κρεῶν
864 3502 1362 3574 τεταριχευμένων,
1394 3500 1487 3553 καὶ
1525 3500 1662 3568 μετὰ
1682 3498 1777 3552 ἆλ-

195 3607 310 3658 λων
354 3605 517 3656 τινῶν
574 3600 731 3654 εἰδῶν
784 3597 1102 3670 βρωσίμων,
1153 3594 1185 3662 ἢ
1241 3594 1338 3645 καὶ
1390 3593 1527 3659 πρὸς
1566 3590 1694 3644 ἄλλο
1728 3606 1777 3642 τι

197 3696 526 3766 ἐπιτηδείων
560 3707 575 3722 ⁸
598 3695 692 3746 καὶ
722 3691 871 3760 ἡρώτ
884 3706 985 3758 ῃσα
1009 3689 1151 3747 τίνος
1185 3685 1345 3754 χάριν
1370 3682 1528 3735 τοῦτο
1550 3683 1779 3749 γίνεται,

196 3788 300 3844 καὶ
318 3788 528 3857 ηκουσα
555 3785 626 3848 ὠς
658 3785 891 3843 ἕκαστος
912 3778 1184 3845 δεξιοῦται
1210 3778 1301 3829 τὸν
1326 3777 1475 3845 ἱερέα
1500 3777 1590 3827 τὸν
1617 3792 1783 3843 μετα-

198 3880 417 3934 διδόντα
482 3876 559 3945 τῷ
610 3874 725 3944 λαῷ
783 3873 893 3926 τῶν
941 3872 1099 3923 θείων
1160 3869 1539 3936 ἀγιασμάτων,
1592 3862 1781 3935 ὲφόίς

196 3973 445 4028 δύναται.
479 3967 687 4027 Ἄλλως
732 3965 840 4034 γάρ
866 3963 965 4016 οὐκ
1000 3962 1208 4026 ἔξεστιν
1230 3961 1472 4027 ἐντυχεῖν
1524 3975 1645 4009 τινα
1706 3956 1783 4025 τῷ

200 4063 359 4134 ίερεῖ,
399 4059 495 4112 καὶ
536 4056 646 4109 τῶν
704 4054 1060 4121 ἀγιασμάτων
1110 4049 1436 4119 μεταλαὸεῖν
1467 4064 1480 4079 ’
1529 4048 1621 4098 καὶ
1661 4046 1780 4098 τότε

204 4157 306 4226 μὲν
338 4150 678 4223 ἐμεμψάμην
714 4151 771 4199 τὸ
795 4146 1099 4215 γινόμενον.
1156 4142 1379 4208 ’Δρτίως
1427 4141 1483 4192 δὲ
1544 4138 1784 4207 ἐντυχὼν

199 4248 281 4317 τῷ
318 4245 547 4315 παρόντι
575 4241 785 4301 κανόνι,
809 4236 1191 4307 ηὐχαρίστησα
1227 4233 1377 4301 αὺτῷ
1407 4232 1483 4295 ὡς
1523 4232 1783 4285 κωλύοντι

202 4338 560 4395 ἀπαιτεῖσθαι
594 4335 718 4393 τοὺς
759 4328 1278 4400 μεταλαμϐάνοντας
1346 4327 1454 4377 τῷν
1508 4323 1781 4391 ἀγιασμά-

200 4451 314 4488 των
353 4426 588 4496 όόολὺνῆ
625 4423 935 4493 οίονδήποτε
965 4416 1125 4480 εἶδος.
1178 4418 1327 4482 Ὅτι,
1382 4419 1567 4484 φησὶν,
1602 4417 1661 4467 οὐ
1698 4432 1785 4466 πικ-

1889 3231 2036 3289 illiu's
2070 3234 2170 3287 loci
2229 3234 2597 3296 mulierculas,
2653 3244 2707 3287 et
2761 3234 3021 3301 quosdam
3079 3233 3455 3295 homuncolns,

1884 3337 2004 3394 post
2037 3326 2353 3378 matutinam
2384 3325 2619 3378 divinam
2656 3324 3036 3390 psalmodiam,
3069 3328 3133 3379 ad
3181 3327 3458 3379 catholita:

1883 3415 2137 3470 Ecclesiae
2172 3416 2427 3484 templqu
2479 3414 2837 3479 conﬂuentes,
2902 3432 3024 3469 eum
3078 3417 3194 3470 ovis
3247 3418 3456 3485 gallina:
3506 3460 3509 3465 ι

1883 3509 2041 3576 panis
2093 3507 2361 3562 fermento
2394 3507 2587 3572 ruistis,
2625 3517 2678 3560 et
2710 3522 2830 3563 eum
2884 3508 3045 3563 salsis
3079 3509 3361 3570 carnibus,
3403 3522 3459 3561 et

1884 3614 2007 3653 cum
2040 3598 2159 3652 aliis
2190 3600 2512 3667 quibusdam
2545 3598 2861 3661 esculentis,
2893 3599 2973 3653 vel
3021 3598 3182 3651 etiam
3235 3600 3301 3649 ad
3352 3600 3456 3652 ali-

1884 3690 2012 3760 quid
2045 3692 2185 3745 aliud
2216 3692 2353 3757 aptis
2387 3708 2402 3747 :
2434 3699 2489 3745 et
2521 3690 2851 3760 interrogavi
2882 3706 3170 3758 quamnant
3215 3691 3285 3745 ob
3328 3708 3459 3743 catt-

1884 3798 1999 3836 sant
2032 3783 2136 3837 hoc
2184 3785 2370 3849 lieret;
2413 3791 2464 3836 et
2510 3782 2712 3845 audivi,
2772 3782 2916 3850 quod
2974 3785 3345 3850 unusquisque
3393 3784 3457 3837 iis

1886 3878 2079 3945 quibus
2108 3884 2287 3943 potest
2322 3875 2475 3929 donis
2507 3875 2869 3939 sacerdotem,
2902 3873 2991 3942 qui
3028 3874 3223 3943 popqu
3272 3874 3455 3928 divina

1886 3978 2225 4020 sacramenta
2254 3966 2500 4035 porrigit,
2531 3965 2896 4035 prosequitur.
2921 3963 3102 4033 Neque
3128 3966 3270 4019 enim
3304 3963 3459 4019 aliter

1885 4057 2141 4125 cuiquam
2175 4057 2304 4111 licet
2338 4068 2681 4111 sacramenta
2717 4058 2996 4124 percipere
3027 4072 3041 4109 :
3077 4065 3131 4108 et
3187 4067 3312 4109 tunc
3337 4060 3456 4125 qui-

1885 4149 2009 4203 dem
2043 4149 2367 4217 reprehendi
2397 4151 2536 4217 quod
2571 4148 2753 4202 ﬁebat.
2790 4146 2923 4200 Cum
2959 4156 3138 4200 autem
3183 4164 3352 4217 imper
3405 4152 3455 4203 itt

1886 4240 2032 4295 hunc
2088 4250 2409 4309 praasenteut
2473 4255 2732 4293 canonetn
2774 4240 3108 4303 incidissent,
3163 4242 3209 4293 ei
3252 4243 3458 4308 gratias

1887 4333 1994 4402 egi,
2029 4342 2085 4384 ut
2119 4333 2209 4398 qui
2247 4333 2314 4383 ab
2354 4333 2439 4398 iis,
2478 4332 2566 4401 qui
2621 4334 3028 4386 communicant
3076 4336 3455 4399 sacramentis,

1886 4424 2074 4477 obolos
2120 4423 2199 4475 vel
2256 4424 2419 4477 ullam
2480 4424 2636 4476 aliam
2696 4425 2930 4492 speciem
2990 4425 3130 4493 exigi
3187 4426 3455 4494 prohibet.

201 4527 515 4597 πράσκεται
556 4520 677 4572 οὐδὲ
704 4520 981 4587 χρήμασιν
1014 4515 1040 4565 ὁ
1066 4512 1337 4580 ἁγιασμὸς
1389 4508 1735 4579 μεταδίδοται
1762 4523 1775 4536 ·
1816 4510 1857 4563 D

1816 4510 1857 4563 D
1886 4516 2177 4581 Quoniam,
2219 4516 2411 4584 inquit,
2450 4532 2557 4569 non
2590 4516 2863 4579 venditur,
2902 4532 3001 4570 nec
3042 4518 3289 4585 pecuniis
3334 4533 3459 4569 ειη.-

203 4620 346 4677 ἀ).).ἀ
378 4618 549 4683 δῶρον
584 4616 696 4674 τοῖς
727 4612 893 4674 αξίοις
942 4608 1010 4661 τά
1063 4610 1193 4673 ἀγια
1236 4607 1385 4675 δῶρα
1444 4604 1779 4672 διανέμεται.

203 4714 310 4769 Διά
334 4711 443 4779 γὰρ
473 4707 650 4771 τοῦτο,
684 4706 757 4767 ὼς
784 4705 951 4767 ἔοικε,
974 4701 1066 4753 καὶ
1090 4701 1222 4765 ἁγία
1267 4698 1446 4767 δωρεά
1480 4698 1621 4749 κατά
1669 4712 1784 4745 κοι-

200 4808 456 4865 νολαῖτας
481 4802 726 4869 λέγονται
759 4801 827 4850 τά
860 4800 1011 4862 ἅγια.
1042 4794 1146 4846 Τὸν
1180 4792 1234 4845 δὲ
1262 4791 1414 4860 παρά
1432 4789 1604 4843 ταῦτα
1666 4806 1785 4839 ποι-

199 4903 372 4955 οῦντα
410 4893 793 4964 καθαιρεῖσθαι
820 4893 846 4942 ὁ
868 4888 1047 4942 κανὼν
1068 4887 1383 4957 διορίζεται,
1410 4884 1483 4946 ὡς
1531 4883 1628 4953 τῆς
1686 4900 1783 4936 κα.-

198 4996 326 5056 κίας
359 4991 577 5060 καὶτῆς
608 4987 815 5055 πλάνης
842 4983 934 5036 τοῦ
962 4982 1201 5051 Σίμωνος
1233 4978 1499 5047 ζηλωτήν.

273 5171 522 5225 ΖΩΝᾹΡ.
566 5165 706 5227 Τοὺς
754 5160 1137 5233 μεταδιδόντας
1182 5154 1258 5225 τῷ
1302 5153 1418 5224 λαῷ
1461 5153 1569 5205 τῶν
1622 5152 1783 5205 θείων

197 5267 299 5320 καὶ
335 5258 581 5332 φρικτῶν
610 5253 925 5326 μυστηρίων
975 5249 1174 5303 κωλύει
1225 5248 1253 5298 ό
1293 5244 1473 5299 κανὼν
1530 5246 1784 5297 ἀπαιτεῖν

201 5359 315 5411 ἀπὸ
365 5355 477 5406 τῶν
538 5345 1065 5420 μεταλαμϐανόντων
1113 5340 1336 5401 ὀϐολοὺς
1385 5338 1417 5409 ἢ
1469 5336 1783 5405 οίονδήποτε

201 5449 371 5510 εἶδος.
413 5447 479 5497 'H
511 5446 619 5512 γὰρ
652 5445 831 5510 χάρις,
866 5440 1053 5506 φησὶν,
1086 5436 1147 5485 οὐ
1202 5432 1600 5501 πιπράσκεται,
1657 5428 1782 5481 οὐδὲ

199 5546 484 5617 χρήμασιν
512 5539 540 5589 ὁ
568 5534 840 5601 ἁγιασμὸς
877 5527 1243 5617 μεταδίδοται,
1277 5522 1413 5617 ἀλλά
1452 5522 1783 5617 δὼρονιτοῖς

195 5610 375 5701 ἀξίοις
404 5627 737 5695 διανέμεται.
788 5620 845 5674 Ὀ
878 5621 931 5672 δέ
966 5637 1012 5672 τι
1038 5616 1285 5669 ἀπαιτῶν
1320 5614 1447 5674 τοὺς
1492 5610 1781 5681 μεταλαμ-

198 5700 493 5783 ϐάνοντας,
529 5718 631 5770 κᾶν
675 5712 957 5782 ἐλάχιστον
1001 5708 1111 5776 εἴη,
1159 5701 1645 5772 καθαιρεθήσεται,
1708 5700 1783 5759 ὠς

194 5823 298 5895 θεῇς
323 5818 565 5885 Σίμωνος
587 5807 832 5878 ζηλωτὴς
857 5805 1063 5872 πλάνης
1082 5801 1175 5853 καὶ.
1200 5795 1557 5865 κακουργίας.
1605 5794 1781 5847 ’ίεζκεῖη

1886 4604 2139 4659 ctiliCaIin
2173 4604 2481 4673 iinpertitur
2512 4623 2525 4659 :
2566 4607 2659 4657 sed
2697 4604 2763 4658 iis
2794 4605 2885 4673 qui
2915 4605 3059 4673 digni
3090 4618 3236 4671 Sunt,
3270 4622 3454 4661 sanett

1886 4692 2026 4746 dona
2088 4694 2256 4763 gratis
2305 4693 2728 4747 distribuuntur.
2765 4692 3056 4763 Propterea
3092 4696 3257 4760 enim,
3288 4707 3344 4749 ut
3377 4704 3457 4748 est

1883 4784 2186 4853 probabile,
2212 4786 2371 4838 etiam
2391 4793 2578 4838 sancta
2609 4784 2830 4837 donatio
2864 4798 2891 4834 a
2926 4784 3087 4852 vulgo
3113 4796 3452 4837 sacramenta

1884 4877 2163 4930 dit‘llltllll‘.
2215 4877 2345 4930 Eum
2398 4886 2599 4943 autem,
2658 4877 2749 4945 qui
2812 4876 2968 4930 aliter
3029 4876 3239 4941 fecerit,
3296 4878 3457 4941 depo-

1886 4968 2123 5023 nendum
2164 4969 2407 5022 decernit
2435 4984 2632 5032 canon,
2666 4981 2723 5021 ut
2757 4967 2846 5036 qui
2880 4968 2951 5021 sit
2986 4966 3311 5020 Simoniaca:
3354 4970 3453 5020 itu-

1886 5061 2169 5128 piohitatis
2195 5069 2247 5112 et
2277 5062 2478 5113 erroris
2507 5058 2808 5112 IBllllli'leI'.

1962 5148 2210 5202 ZONAR.
2261 5148 2466 5214 Quibus
2526 5149 2707 5201 divina
2764 5157 2817 5201 et
2870 5147 3144 5201 tremenda
3202 5150 3456 5217 mysteria

1885 5242 2081 5311 populo
2122 5242 2463 5310 impertiendi
2499 5256 2625 5292 cura
2653 5239 2978 5293 demandata
3010 5249 3112 5303 est,
3145 5239 3331 5294 obolos
3368 5249 3459 5291 aut

1888 5349 1999 5387 rem
2037 5332 2221 5395 aliam,
2255 5346 2589 5400 quascunque
2631 5331 2843 5385 demum
2878 5346 2941 5383 ea
2974 5332 3063 5391 sit,
3099 5346 3128 5383 a
3164 5332 3460 5382 conminui-

1886 5425 2141 5480 cantibus
2181 5424 2397 5490 exigere
2430 5438 2602 5475 canon
2650 5429 2815 5474 vetat.
2872 5419 2980 5475 Nec
3031 5421 3174 5475 enint
3225 5419 3457 5483 venalis,

1886 5520 2083 5587 inquit,
2113 5529 2194 5571 est
2230 5517 2426 5584 gratia,
2478 5528 2657 5584 neque
2702 5514 2875 5582 pretio
2923 5515 3184 5567 sanctitas
3238 5526 3460 5578 compa-

1887 5621 2055 5675 ratur,
2091 5607 2187 5664 sed
2214 5608 2387 5676 dignis
2415 5606 2725 5660 hominibus
2754 5605 2987 5673 gratuita
3013 5604 3303 5675 largitione
3323 5618 3456 5655 cou-

1884 5702 2075 5755 fertur.
2110 5702 2210 5768 Qui
2238 5715 2365 5753 vero
2391 5699 2592 5769 aliquid
2626 5715 2653 5751 a
2698 5698 3232 5753 eotnmunicanttbus
3287 5697 3452 5747 etiam

1888 5794 2169 5849 minimum
2225 5793 2440 5861 exigere
2490 5806 2657 5844 ausus
2718 5788 2902 5856 luerit,
2956 5786 3109 5858 quasi
3168 5784 3460 5841 Simoniaei
