4240 6442
787 432 888 498 5θὶ

2042 432 2320 494 TIIEOD.
2373 432 2608 492 BALSA
2621 430 2781 489 ΜοΝ

3921 428 4035 490 592

781 547 987 602 erroris
1016 561 1077 599 ac
1115 544 1480 613 improbitatis
1509 542 1880 599 aemulatorem
1918 542 2113 610 deponi
2149 551 2351 608 ptacet.

2454 555 2543 600 νος
2577 538 2685 607 γάρ
2713 537 2895 605 ἐζήτει
2918 534 3138 602 δοθῆναι
3190 530 3343 601 αὐτῷ
3390 532 3482 583 ἐπὶ
3539 530 3824 603 χρήμασιν
3873 532 4040 587 ὢνιον

779 637 888 693 Iste
947 640 1089 693 enim
1147 635 1328 689 oblato
1378 636 1591 705 pretio,
1661 634 1880 702 rependi
1939 632 2040 686 sibi
2104 632 2344 685 vicissim

782 730 959 785 sancti
999 727 1233 796 Spiritus
1266 730 1496 793 gratiam
1530 724 1865 794 postulabat.

780 819 1009 875 ABIST.
1064 836 1083 868 ι
1133 817 1235 883 Qui
1295 816 1689 871 immaculatam
1742 814 2054 883 impertitur
2105 826 2349 866 commu-

858 925 877 957 ι
924 908 1161 970 nionem,
1184 918 1234 959 et
1261 904 1475 958 obolutn
1503 904 1585 957 vel
1609 904 1751 957 aliud
1771 907 2129 972 quodcunque
2154 902 2344 971 exigit,

856 1014 875 1046 ι
910 996 1234 1063 deponatur.
1278 1014 1295 1045 ι
1340 993 1678 1059 Perspicuus.
2348 1005 2390 1051 μ

1242 1084 1399 1153 133
1428 1082 1657 1137 canon
1694 1082 1884 1136 xxw.

785 1194 805 1227 ι
842 1176 919 1230 Ne
940 1176 1022 1229 cui
1054 1176 1210 1229 liceat
1232 1190 1423 1228 eorum
1448 1174 1537 1241 qui
1570 1174 1621 1224 in
1659 1171 1979 1226 sacerdotali
2007 1162 2351 1226 ordinecon-

858 1282 877 1315 ι
913 1272 1213 1325 merantur,
1242 1262 1323 1316 vel
1354 1262 1761 1324 monachorum,
1793 1262 1846 1314 in
1878 1276 2137 1329 equorum
2176 1264 2351 1314 curri-

858 1371 877 1404 ι
914 1352 1049 1407 culis
1080 1353 1397 1412 subsistere,
1435 1350 1512 1403 vel
1569 1352 1811 1405 scenicos
1852 1350 2004 1404 ludos
2054 1350 2347 1404 sustinere.

858 1465 875 1497 ι
914 1445 1019 1499 Sed
1071 1454 1124 1497 et
1177 1444 1222 1497 si
1270 1442 1392 1510 quis
1420 1439 1646 1493 clericus
1695 1439 1761 1491 ad
1819 1439 2036 1505 nuptias
2088 1448 2295 1491 vocetur
2331 1477 2348 1505 ,

858 1554 878 1587 ι
916 1536 1132 1603 quando
1161 1532 1227 1586 ad
1258 1532 1631 1600 deceptionem
1657 1538 1970 1596 comparata
2004 1528 2207 1582 ludicra
2267 1531 2350 1582 itt-

864 1646 881 1678 ι
920 1641 1100 1696 gressa
1129 1624 1368 1687 fuerint,
1396 1629 1579 1690 surgat
1621 1630 1675 1674 et
1724 1633 1755 1671 e
1804 1619 2030 1688 vestigio
2069 1619 2347 1683 discedat,

862 1735 881 1769 ι
921 1717 1137 1771 Patrum
1169 1721 1476 1767 nostrorum
1506 1712 1585 1765 sic
1608 1710 1832 1780 juheute
1858 1711 2121 1766 doctrina.
2149 1710 2203 1763 Si
2227 1710 2353 1779 quis

864 1828 882 1860 ι
917 1816 1094 1862 autem
1124 1804 1245 1874 ejus
1277 1801 1352 1856 rei
1376 1801 1696 1872 conjunth
1722 1801 1908 1869 fuerit,
1946 1801 2029 1857 vel
2068 1810 2245 1857 cesset
2268 1801 2353 1856 vcl

865 1917 885 1951 ι
924 1900 1249 1966 depOuatur.
1289 1912 1309 1946 ι

859 1986 1052 2040 BtLS.
1103 1985 1507 2049 Consequenter
1555 1980 1623 2035 54
1669 1980 1861 2034 cationi
1911 1978 2101 2049 synodi
2156 1978 2355 2032 Laodi-

791 2093 936 2131 ceua:
968 2074 1212 2141 prohibet
1259 2073 1421 2125 etiam
1471 2085 1707 2138 prmsens
1756 2083 1925 2121 canon
1978 2069 2031 2121 in
2093 2082 2356 2135 equorum

789 2166 1116 2222 curriculum
1149 2161 1439 2217 ascendere
1473 2160 1552 2213 vel
1584 2161 1894 2213 sacerdotes
1917 2158 1998 2211 Vel
2038 2158 2357 2224 monachos,

789 2258 873 2311 vel
938 2256 1182 2311 scenicos
1218 2255 1380 2307 etiam
1431 2252 1585 2305 ludos
1638 2252 1824 2303 audire
1878 2267 1893 2303 :
1949 2249 2247 2315 adiit-iens,
2304 2257 2363 2301 ut

790 2348 972 2403 clerici
1009 2352 1075 2399 ad
1106 2345 1317 2413 nuptias
1354 2343 1524 2395 vocati
1555 2342 1651 2407 (tle
1687 2339 1963 2393 monachis
1999 2339 2143 2390 enim
2177 2337 2362 2392 dicere

792 2436 1041 2492 Patribus
1070 2451 1098 2488 a
1133 2435 1340 2487 ratione
1370 2432 1603 2485 alienum
1629 2430 1801 2483 visum
1839 2441 1946 2493 est,
1996 2432 2139 2497 quod
2188 2429 2239 2481 id
2291 2426 2364 2481 sit

793 2527 958 2581 nimis
992 2524 1345 2581 indecorum)
1382 2522 1636 2576 recedant
1689 2534 1814 2574 cum
1869 2518 2107 2588 primum
2153 2517 2361 2571 ludicra

795 2616 1036 2683 ingressa
1062 2611 1283 2667 fuerint.
1318 2610 1421 2664 Sed
1448 2608 1762 2663 Laodicena:
1788 2608 2001 2677 quidem
2033 2622 2153 2675 syn.
2183 2620 2361 2659 canon

796 2707 850 2760 in
880 2705 996 2773 ejus
1022 2712 1422 2771 contemptores
1463 2717 1572 2755 non
1623 2697 2044 2753 animadvertit;
2075 2698 2161 2751 hic
2184 2708 2363 2750 autem

796 2792 1305 2859 admonetquidem,
1332 2792 1498 2859 utqui
1539 2791 1644 2845 tale
1667 2789 1795 2858 quid
1830 2789 2036 2843 faciunt
2067 2788 2365 2849 desistant;

797 2887 1038 2940 siautem
1076 2898 1181 2938 nou
1224 2884 1503 2948 desistant,
1536 2881 1884 2951 deponendos
1915 2879 2185 2934 decernit.
2222 2876 2360 2931 Cum

799 2977 853 3029 hi
899 2978 1003 3029 duo
1035 2990 1273 3029 canones
1320 2969 1447 3027 lucc"
1493 2973 1709 3035 dicant,
1761 2982 1815 3025 et
1863 2970 2250 3039 propemodum
2300 2968 2366 3019 ab

801 3065 1054 3120 Ecclesia:
1076 3075 1225 3131 parte
1248 3061 1503 3131 prohibiti
1533 3062 1638 3114 sint
1681 3059 1930 3113 monachi
1962 3066 2017 3111 et
2058 3056 2367 3111 sacerdotes

799 3170 986 3212 otnues
1018 3157 1082 3208 ad
1115 3170 1375 3221 equorum
1399 3166 1585 3206 cursos
1613 3151 1875 3204 videndos
1927 3150 2190 3204 accedere
2215 3188 2230 3212 ,
2281 3147 2368 3202 di-

2456 630 2553 699 τὴν
2582 630 2744 697 χάριν
2766 628 2859 679 τοῦ
2894 625 3230 695 ιὶνεύματος.

2452 804 2676 859 ΑΡΙΣΤ.
2714 823 2732 856 ι
2778 804 2835 856 ’0
2871 805 2969 873 τῆς
3008 805 3281 873 ἀχράντου
3341 802 3664 872 μεταδιδοὺς
3716 804 4033 867 κοινωνίας,

2530 914 2549 945 ι
2591 896 2685 949 καὶ
2718 894 2907 948 ὀϐολὸν
2938 895 3246 977 ἀπαιτῶνῆ
3298 894 3486 965 ἕτερον
3542 888 3702 957 εἶδος,
3747 893 4036 965 καθαιρεί-

2531 1005 2549 1037 ι
2592 988 2719 1041 σθω.
2747 1004 2765 1037 ι
2805 984 3032 1053 Σαφής.

3037 1078 3276 1131 ΚΔΝΩΝ
3304 1080 3432 1133 KA'.

2457 1185 2479 1219 ι
2501 1168 2607 1238 ,Μὴ
2656 1169 2859 1234 ἐξέστω
2900 1171 3007 1224 τινὶ⁵
3037 1170 3147 1223 τῶν
3175 1171 3235 1221 ἐν
3263 1168 3527 1239 ἱερατικῷ
3574 1168 4037 1237 καταλεγομένων

2532 1278 2550 1310 ι
2595 1262 2833 1328 τάγματι
2870 1263 2903 1332 ἢ
2937 1261 3161 1331 μοναχῷ
3204 1262 3261 1311 ἐν
3295 1260 3681 1329 ἱπποδρομίαις
3730 1262 3971 1322 άν.ἐναι,
4000 1260 4033 1326 ἦ

2529 1368 2548 1401 ι
2597 1351 2903 1420 θυμελικῶν
2926 1350 3199 1418 παιγνίων
3224 1349 3534 1418 ἀνέχεσθαι.
3586 1350 3725 1402 Ἀλλ’
3753 1352 3803 1401 εἰ
3832 1349 3928 1400 καί
3956 1365 4039 1411 τις

2533 1456 2551 1488 ι
2599 1438 2856 1507 κληρικὸς
2889 1436 3114 1507 κληθείη
3145 1438 3204 1488 ὲν
3229 1438 3415 1505 γάμῳ,
3440 1437 3601 1508 ἡνίκα
3625 1437 3693 1489 τά
3722 1439 3861 1506 πρδς
3892 1438 4037 1489 and-

2533 1550 2550 1581 ι
2596 1547 2698 1599 την
2715 1529 3007 1582 εἱσέλθοιεν
3048 1529 3295 1597 παίγνια,
3318 1528 3686 1598 ἑξαναστήτω,
3710 1533 3803 1582 καὶ
3837 1529 4041 1581 αὐτίκα

2535 1639 2553 1672 ι
2598 1620 2972 1689 ἀναχωρείτω,
2993 1618 3136 1671 οὕτω
3161 1619 3260 1684 τῆς
3289 1620 3397 1671 τῶν
3423 1618 3566 1671 Πατέ
3576 1636 3685 1688 ρων
3704 1623 3842 1688 ἡμῖν
3864 1635 4039 1687 προσ-

2536 1730 2554 1763 (
2600 1712 2904 1779 ταττούσης
2965 1710 3337 1791 διδασκαλίας.
3390 1711 3451 1763 Ei
3490 1710 3548 1763 δέ
3596 1728 3680 1773 τις
3731 1710 3832 1762 ἐπὶ
3863 1710 4040 1779 τούτῳ

2534 1818 2552 1851 ι
2596 1797 2731 1865 ἁλῷ,
2762 1798 2795 1869 ἢ
2826 1800 3129 1863 παυσάσθω
3156 1799 3190 1871 ἢ
3223 1798 3614 1871 καθαιρείσθω.
3652 1818 3674 1853 ι

2528 1981 2730 2036 ΒΔΛΣ.
2798 1980 3136 2045 ’Δκολούθως
3166 1979 3245 2051 τῷ
3272 1978 3345 2034 νδ⁹
3376 1980 3562 2035 κανόνι
3588 1981 3689 2051 τῆς
3738 1983 3799 2035 ὲν
3848 1983 4044 2036 Λαοδι·

2458 2071 2584 2141 κεία
2638 2072 2862 2125 συνόδου
2898 2072 3237 2141 ἀπαγορεύει
3286 2072 3382 2126 καὶ
3411 2074 3440 2126 ὁ
3474 2072 3666 2142 παρὼν
3718 2074 3907 2126 κανὼν
3960 2076 4044 2137 εἰς

2460 2161 2829 2231 ἱπποδρομίαν
2878 2152 3090 2216 ἀνιέναι
3137 2163 3445 2231 ἱερατικοὺς
3476 2162 3510 2232 ἧ
3544 2165 3837 2233 μοναχοὺς,
3875 2165 3909 2235 ἦ
3948 2164 4045 2217 θυ-

2464 2251 2702 2323 μελικῶν
2736 2254 3003 2322 παιγνίων
3024 2254 3269 2307 ἀκούειν’
3304 2254 3683 2325 προσθέμενος
3710 2258 3842 2319 τοὺς
3874 2273 4045 2325 μετα-

2463 2342 2833 2411 καλουμένους
2859 2346 2937 2407 εἱς
2967 2345 3144 2412 γάμον
3178 2344 3481 2414 κληρικοὺς
3518 2346 3684 2417 (περὶ
3716 2347 3827 2415 γάρ
3863 2363 4039 2415 μονα-

2463 2451 2572 2503 χιον
2622 2436 2799 2487 εἱπεῖν
2853 2435 3054 2488 ἄτοπον
3106 2434 3362 2506 ἐλογίσθη
3412 2438 3525 2499 τοῖς
3558 2438 3809 2505 Πατράσι
3841 2437 3935 2490 διά
3978 2436 4047 2489 co

2463 2524 2645 2593 πάντη
2684 2523 2952 2593 ἀπρεπὲς)
3011 2528 3319 2596 ἀναχωρεῖν
3373 2526 3493 2595 ἃμα
3540 2527 3622 2596 τῷ
3676 2527 3947 2581 εἰσελθεῖν
3974 2529 4046 2581 τά

2464 2614 2717 2680 παίγνια.
2751 2613 2895 2683 Πλὴν
2920 2616 2949 2666 ὁ
2978 2613 3080 2683 μὲν
3116 2612 3300 2667 κανὼν
3329 2614 3430 2683 τῆς
3460 2616 3521 2667 ὲν
3555 2617 3858 2685 Λαοδικείᾳ
3889 2618 4047 2670 συνό-

2466 2704 2562 2757 δου
2592 2704 2653 2757 οὐ
2685 2703 2900 2767 κολάζει
2928 2705 3053 2767 τοὺς
3080 2704 3349 2775 άθετητάς
3370 2704 3562 2758 τούτου
3587 2723 3599 2735 ·
3633 2701 3790 2771 οὗτος
3814 2708 3873 2759 δὲ
3899 2694 4051 2778 παρ-

2469 2797 2613 2846 αινεῖ
2662 2794 2975 2849 παύσασθαι
3035 2795 3161 2858 τοὺς
3210 2795 3451 2849 τοιοῦτόν
3494 2813 3548 2849 τι
3603 2798 3932 2861 ποιοῦντας·
3970 2804 4050 2868 μὴ

2466 2885 2805 2955 παυομένους
2832 2884 2891 2937 δὲ
2940 2884 3330 2961 καθαιρεῖσθαι
3360 2886 3682 2957 διορίζεται.
3715 2889 3907 2943 Ταῦτα
3939 2893 4053 2943 τῶν

2464 2974 2657 3028 διττῶν
2683 2965 2890 3029 rei?th
2920 2978 3168 3031 κανόνων
3216 2978 3509 3045 λεγόντων,
3552 2982 3648 3032 καὶ
3684 2982 4053 3035 κωλυθέντων

2472 3067 2579 3136 πρὸ
2618 3066 2822 3137 μικροῦ
2856 3068 3008 3138 παρά
3056 3068 3151 3121 τοῦ
3188 3070 3383 3139 μέρους
3418 3071 3516 3138 τῆς
3560 3070 3894 3139 Ἐκκλησίας
3941 3073 4055 3124 τῶν

2472 3158 2722 3226 μοναχῶν
2753 3164 2845 3211 καὶ⁵
2883 3159 2992 3212 τῶν
3042 3160 3357 3230 ἱερωμένων
3394 3162 3613 3216 πάντων
3662 3164 3930 3215 ἀπελθεῖν
3970 3169 4055 3227 εἰς

804 3257 995 3300 xerunt
1028 3243 1292 3305 nonnulli,
1328 3241 1474 3310 quod
1516 3236 1770 3295 clericum
1793 3239 2006 3308 quidem
2040 3241 2123 3292 vel
2174 3252 2364 3292 mona-

2466 3247 2562 3309 τάς
2586 3249 2882 3315 γινομένας
2916 3250 3301 3318 ἱπποδρομίας,
3342 3243 3505 3303 εἶπόν
3560 3268 3704 3314 τινες
3737 3253 3821 3305 ὅτι
3852 3252 3917 3305 τὸ
3952 3256 4055 3321 μὲν

802 3343 961 3392 chum
992 3337 1056 3389 ad
1084 3349 1348 3401 equorqu
1380 3332 1708 3385 curriculum
1764 3344 1867 3383 non
1910 3331 2169 3383 accedere
2192 3366 2209 3393 ,
2272 3342 2369 3379 nec

801 3429 1165 3496 spectaculum
1188 3425 1329 3493 quod
1350 3423 1621 3477 edeminat
1640 3422 2007 3491 aspicere,nec
2032 3420 2192 3472 verba
2216 3434 2372 3471 aures

772 3517 1223 3587 ~praestringentia
1246 3516 1453 3578 audire,
1484 3524 1565 3566 est
1596 3511 1859 3565 laudabile
1875 3518 1929 3564 et
1960 3512 2193 3563 maxime
2218 3524 2369 3595 qum-

804 3610 1159 3662 tttendaudunt
1187 3623 1203 3670 ;
1229 3605 1677 3673 quemadmodum
1725 3611 1779 3656 et
1808 3616 1925 3656 esse
1962 3602 2267 3667 virginem,
2316 3607 2371 3652 et

803 3701 1005 3767 reliqua
1028 3713 1146 3767 qua:
1172 3697 1445 3749 hominem
1473 3695 1829 3748 sanctiticant.
1875 3692 1931 3746 Si
1986 3692 2107 3759 quis
2150 3700 2328 3741 autem
2351 3726 2367 3753 ,

802 3807 924 3846 cum
952 3792 1102 3859 virgo
1133 3803 1254 3843 esse
1288 3799 1541 3853 nequeat,
1576 3801 1795 3838 uxorem
1821 3783 2033 3837 duxerit
2063 3822 2077 3846 ,
2111 3797 2212 3834 non
2267 3796 2365 3848 pu-

802 3883 983 3935 nietur
1008 3896 1021 3931 :
1048 3890 1099 3931 et
1122 3877 1214 3946 qui
1249 3893 1353 3929 non
1386 3886 1555 3941 potest
1587 3877 1652 3926 ab
1694 3876 1841 3927 omni
1889 3873 2161 3939 voluptate
2207 3869 2373 3923 absti-

805 3986 955 4035 nere,
992 3970 1034 4022 si
1062 3970 1112 4022 in
1145 3982 1407 4037 equorum
1438 3964 1764 4017 curriculum
1802 3964 1961 4017 fuerit
1996 3964 2291 4031 ingressus,
2324 3960 2371 4013 ei

804 4066 957 4115 venia
991 4062 1233 4124 dabitur;
1262 4071 1314 4109 et
1354 4058 1521 4125 magis
1550 4058 1594 4108 si
1625 4054 1810 4119 semel,
1840 4069 1949 4107 non
1982 4065 2159 4136 autem
2200 4051 2241 4104 si
2271 4051 2372 4103 itu-

806 4153 1019 4207 modice
1049 4160 1226 4214 utens,
1258 4163 1316 4202 se
1374 4147 1425 4201 ei
1457 4148 1739 4199 dicaverit.
1774 4144 1869 4197 llic
1921 4144 2067 4196 enim
2103 4159 2249 4206 eam,
2289 4143 2372 4194 in-

804 4246 1017 4313 quittnt,
1043 4255 1254 4303 cursus,
1292 4238 1382 4307 qui
1418 4238 1548 4289 olim
1580 4235 1799 4297 ﬁebant,
1835 4244 2024 4297 vetat,
2064 4248 2165 4285 non
2194 4243 2371 4284 autem

804 4339 893 4402 qui
920 4347 1059 4387 nunc
1082 4333 1234 4395 liunt,
1273 4328 1620 4397 permittente
1682 4340 1745 4377 ac
1796 4316 2060 4394 praesente
2113 4324 2371 4392 principe.

804 4425 956 4479 'lune
986 4424 1127 4478 enim
1158 4437 1281 4476 cum
1316 4421 1547 4489 populus
1574 4420 1623 4470 in
1657 4418 1763 4473 illis
1794 4432 2057 4486 equorum
2089 4416 2373 4470 curriculis

807 4518 967 4570 nimia
1000 4515 1247 4567 libertate
1282 4513 1361 4565 vel
1412 4513 1586 4579 potius
1620 4510 1837 4561 licentia
1893 4518 2171 4571 uteretuw,
2206 4520 2373 4572 equo-

808 4622 1032 4675 rumque
1063 4620 1255 4659 cursus
1289 4604 1587 4656 celebraret
1612 4600 1884 4669 quomodo
1918 4609 1969 4652 et
2018 4598 2232 4665 quando
2278 4612 2371 4649 vo-

805 4699 1007 4759 lebaut,
1034 4680 1193 4765 iuqde
1227 4694 1460 4764 propriis
1478 4694 1737 4761 expensis
1760 4731 1775 4755 ,
1808 4702 1864 4743 ut
1911 4692 1999 4756 qui
2052 4690 2271 4742 haberet
2322 4698 2375 4741 et

806 4790 995 4843 domos
1023 4797 1075 4841 et
1105 4801 1276 4855 equos
1310 4796 1363 4839 et
1399 4784 1607 4837 Stabula
1638 4823 1654 4847 ,
1711 4796 1827 4849 quae
1886 4783 1950 4831 ad
2013 4781 2155 4833 hunc
2206 4792 2375 4846 usque

807 4882 947 4934 diem
1000 4888 1406 4939 servantur,et
1472 4877 1674 4928 reditus
1744 4888 1843 4941 pro
1910 4872 2375 4925 illiscelehrandis

805 4971 1114 5032 curriculis,
1138 4981 1192 5023 et
1231 4970 1517 5035 imperator
1546 4967 1867 5018 imitaretur
1893 5005 1906 5023 .
1940 4964 2139 5016 nullam
2198 4973 2373 5015 autt-m

808 5065 874 5119 ad
902 5078 1021 5119 eam
1055 5076 1165 5115 rent
1203 5068 1522 5128 potestatem
1557 5058 1806 5117 haberet,
1835 5057 1977 5108 illius
2011 5070 2201 5107 cursus
2237 5066 2374 5106 teut-

808 5172 939 5227 pore
971 5154 1132 5207 multa
1168 5152 1467 5204 turbulenta
1496 5151 1553 5203 Et
1580 5150 1812 5202 absurda
1856 5148 1967 5200 ﬁeri
2000 5133 2373 5215 contiugehat';

780 5266 933 5305 “cum
968 5248 1057 5301 alii
1095 5246 1311 5314 quidem
1349 5246 1542 5311 populo
1575 5243 1921 5302 Vettetorutn,
1955 5240 2042 5292 alii
2086 5255 2211 5292 vero
2244 5240 2376 5291 l’ra-

810 5342 1050 5395 sinurum
1079 5338 1215 5407 parti
1248 5337 1670 5403 adjuugo-reutur
1703 5349 1716 5385 :
1751 5334 2036 5401 aliquando
2065 5347 2192 5384 vero
2208 5332 2375 5384 etiam

815 5432 953 5513 hell‘a
979 5429 1233 5483 intestina
1264 5430 1495 5480 excitata
1532 5437 1652 5477 sunt
1677 5425 1811 5477 inter
1859 5427 2116 5476 advertas
2160 5435 2337 5491 partes
2360 5463 2375 5487 ,

812 5532 866 5575 et
892 5522 945 5574 itt
975 5517 1316 5587 imperatoris
1332 5524 1623 5583 conspectu
1651 5515 1813 5566 verba
1845 5513 2006 5566 etiam
2046 5514 2374 5580 impttdeutia

812 5613 1094 5682 populares
1135 5624 1231 5663 cru
1272 5617 1493 5670 tarunt,
1531 5598 1980 5673 quentadnt‘odum
2032 5620 2095 5656 ex
2149 5605 2377 5657 diversis

815 5700 1080 5755 chronicis
1110 5697 1443 5758 ostenditur,
1480 5696 1616 5747 sicut
1658 5694 1861 5746 factum
1893 5705 1974 5747 cst
2010 5678 2377 5763 regnanteltt:

811 5794 1069 5856 Slitllalltt,
1099 5800 1151 5845 et
1193 5800 1432 5857 tempore
1473 5788 1739 5840 Anastasii
1785 5798 1836 5840 et
1886 5786 2083 5840 Phocae
2132 5790 2377 5857 tyranni,

2476 3335 2551 3405 μὴ
2588 3335 2842 3389 ἀπελθεῖν
2878 3340 3173 3409 μοναχὸνῆ
3221 3340 3481 3410 κληρικὸν
3539 3343 3618 3403 εἰς
3664 3343 4053 3412 ἱπποδρόμιον,

2476 3427 2607 3495 μηδὲ
2659 3427 2786 3479 ἱδεῖν
2841 3428 3071 3498 θεωρίαν
3118 3431 3217 3499 τὴν
3253 3431 3378 3500 ὄψιν
3438 3431 3871 3501 ἐκθηλύνουσαν,
3914 3435 4055 3502 μηδὲ

2475 3517 2737 3597 ῥημάτων
2764 3518 3143 3586 ἀκροάσασθαι
3171 3522 3692 3589 καταγοητευόντων
3719 3523 3821 3592 τὴν
3853 3525 4053 3594 ἀκοὴν,

2474 3609 2751 3660 ἐπαινετόν
2776 3609 2889 3660 ἐστι
2936 3609 3030 3661 καὶ
3058 3609 3257 3679 πολλῆς
3294 3612 3640 3681 εὐχαριστίας
3659 3612 3835 3678 ἀξιον·
3860 3613 4012 3667 ὥσπε
4020 3634 4055 3681 ρ

2476 3700 2572 3751 καὶ
2622 3702 2682 3752 τὸ
2713 3699 3066 3769 παρθενεύειν
3118 3700 3213 3753 καὶ
3243 3702 3311 3754 τά
3339 3702 3501 3757 λοιπά
3531 3704 3600 3756 τά
3629 3704 3720 3756 τὸν
3754 3703 4055 3775 ἄνθρωπον

2478 3791 2790 3857 ἁγιάζονται
2828 3792 2962 3844 είδὲ
2998 3809 3081 3854 τις
3123 3792 3199 3862 μὴ
3236 3793 3532 3861 δυνάμενος
3566 3795 3929 3861 παρθενεύειν
3950 3813 4057 3862 γαν

2480 3883 2664 3952 μήσει,
2697 3884 2757 3934 οὐ
2794 3884 3213 3954 κολασθήσεται·
3244 3885 3340 3935 καὶ
3366 3886 3393 3936 ὁ
3423 3884 3497 3952 μὴ
3525 3884 3829 3953 δυνάμενος
3849 3904 3992 3937 παν-ε
4028 3904 4055 3949 ς

2476 3973 2725 4042 ὲνηδόνου
2779 3974 3103 4043 ἀπέχεσθαι,
3160 3976 3255 4026 ὲάν
3280 3973 3481 4043 ἀνέλθῃ
3534 3976 3612 4037 εἰς
3652 3975 4055 4045 νὶπποδρόμιολ,

2477 4065 2981 4134 συγγνωσθήσεται’
3036 4066 3131 4118 καὶ
3183 4064 3382 4134 μᾶλλον
3428 4064 3525 4117 ὲάν
3576 4066 3797 4132 ἐφάπαξ
3852 4068 3950 4120 καὶ
3991 4068 4052 4118 οὐ

2476 4155 2616 4207 κατὰ
2648 4155 2995 4224 παράχρησιν
3030 4158 3108 4217 εἰς
3137 4154 3295 4209 τοῦτο
3325 4154 3553 4207 ἐκδώσει
3604 4158 3820 4209 ἑαυτόν.
3857 4157 3920 4210 '0
3944 4158 4056 4228 γάρ

2476 4245 2654 4297 κανὼν
2682 4241 2857 4309 οἶτος,
2887 4248 3039 4313 φασὶ,
3069 4247 3166 4308 τὰς
3196 4248 3325 4299 ποτὲ
3355 4248 3647 4315 γινομένας
3672 4250 4056 4319 ἱπποδρομίας

2475 4335 2828 4405 ἀπαγορεύει,
2862 4337 2921 4389 οὺ
2973 4336 3081 4407 μὴν
3127 4338 3227 4399 τὰς
3256 4339 3499 4408 σήμερον
3527 4338 3871 4409 ,τελουμένας
3932 4342 4055 4394 κατ’

2478 4428 2780 4497 ἐπιτροπὴν
2808 4428 2901 4478 καὶ
2935 4429 3239 4498 παρουσίαν
3272 4428 3587 4498 βασιλικήν.
3616 4429 3750 4481 Τόεε
3786 4431 3893 4499 μὲν
3942 4435 4054 4502 γὰρ

2476 4516 2584 4568 τῶν
2614 4517 2799 4587 δήμων
2830 4516 3360 4582 κατεξουσιαζόντων
3399 4518 3456 4569 ὲν
3478 4520 3597 4580 ταῖς
3628 4519 4054 4588 ἱπποδρομίαις,

2481 4602 2572 4653 καὶ
2622 4603 2918 4656 ποιούντων
2950 4604 3155 4666 ταύτας
3183 4606 3271 4657 ὅτε
3320 4604 3414 4656 καὶ
3456 4605 3602 4665 ὅπως
3653 4605 3956 4673 ὴδούλοντο
3995 4612 4057 4660 ἐκ

2476 4691 2875 4761 δαπανημάτων
2902 4694 3139 4758 οἰκείων,
3185 4694 3261 4757 ὠς
3310 4696 3401 4747 καὶ
3450 4696 3680 4764 ἐχόντων
3713 4697 3870 4749 οἴκου
3894 4720 3933 4762 ’,
3964 4703 4059 4752 καὶ

2480 4782 2699 4847 ἵππους,
2732 4785 2825 4834 καὶ
2864 4784 3131 4847 ἱππῶνας,
3162 4784 3287 4846 τοὺς
3324 4784 3417 4837 καὶ
3446 4785 3607 4854 μέχρι
3641 4787 3731 4838 καὶ
3763 4785 3859 4838 νῦν
3892 4806 4060 4859 περι-

2479 4891 2552 4926 σιυ
2572 4873 2847 4942 ζομένους,
2873 4874 2966 4927 καὶ
3000 4874 3294 4945 προσόδους
3318 4875 3478 4944 χάριν
3505 4876 3611 4927 τῶν
3641 4877 4053 4947 ἱπποδρομιῶν,

2479 4966 2573 5017 καὶ
2605 4966 2697 5018 τοῦ
2736 4966 3001 5035 βασιλέως
3050 4967 3559 5037 προσκαλουμένου,
3616 4971 3709 5021 καὶ.
3753 4970 3830 5030 εἱς
3890 4971 4057 5024 τοῦτο

2451 5044 2557 5127 ’μὴ
2587 5056 3014 5122 ἐξουσιάζοντος,
3050 5057 3221 5111 πολλὰ
3275 5058 3544 5127 στασιώδη
3581 5061 3672 5111 καὶ
3716 5058 3903 5112 ἄτοπα
3938 5080 4059 5114 συν-

2480 5148 2707 5200 ἐπιπτον
2763 5147 3011 5215 γίνεσθαι
3042 5147 3183 5215 κατά
3253 5148 3344 5201 τὸν
3377 5149 3477 5218 τῆς
3508 5150 3874 5217 ἱπποδρομίας
3937 5172 4059 5205 και-

2482 5240 2593 5310 ρδν,
2626 5239 2733 5290 τῶν
2788 5240 2885 5308 μὲν
2934 5238 3382 5309 προστιθεμένων
3427 5240 3505 5310 τῷ
3535 5241 3693 5311 δήμῳ
3745 5240 3855 5292 τῶν
3905 5243 4062 5295 Dave-

2478 5330 2607 5392 τῶν,
2634 5331 2741 5381 τῖιν
2764 5329 2819 5381 δὲ
2850 5327 2923 5397 τῷ
2973 5329 3130 5399 μέρει
3158 5328 3266 5381 τῶν
3300 5329 3582 5399 Πρασίνων
3607 5346 3618 5357 ·
3650 5334 3705 5381 ὲν
3731 5336 3964 5397 καιροῖς
4008 5332 4060 5385 δέ

2479 5438 2589 5474 τισι
2634 5422 2729 5473 καὶ
2774 5422 3003 5491 πόλεμοι
3045 5422 3522 5505 συνεκροτήθησαν
3560 5420 3811 5489 ἐμφύλιοι
3886 5425 4059 5491 μέσον

2481 5512 2588 5562 τῶν
2619 5510 2912 5564 ἀντιθέτων
2946 5509 3149 5579 μερῶν,
3186 5516 3279 5561 καὶ
3326 5512 3466 5561 κατά
3501 5513 3596 5579 τῆς
3640 5508 3932 5577 βασιλείου
3970 5528 4060 5563 π·

2486 5603 2695 5673 ριωπῆς
2731 5601 2922 5671 ἀναιδῆ
2967 5603 3187 5671 ῥήματα
3234 5602 3309 5672 οἱι
3352 5600 3585 5672 δημόται
3643 5602 4060 5670 άπηρεύξαντο,

2486 5692 2666 5753 καθὼς
2714 5692 2823 5743 ἀπὸ
2860 5691 3133 5759 διιφόρων
3184 5690 3451 5760 χρονικῶν
3490 5692 3649 5744 τοῦτο
3683 5692 4057 5761 παρίσταται·

2483 5780 2592 5839 οἷὶν
2626 5800 2677 5836 τι
2710 5783 2900 5851 γέγονε
2936 5784 3027 5833 ἐπὶ
3081 5782 3173 5833 τοῦ
3213 5782 3479 5850 βασιλέως
3520 5780 3939 5851 Ἰονστινιανοῦ,
3980 5784 4062 5833 ἐπὶ
