4240 6442
207 442 309 501 593

1233 437 1313 498 IN
1352 437 1514 498 CAN.
1559 435 1740 496 XXIV
1783 432 1985 496 CONC.
2033 440 2112 503 lN
2152 445 2469 506 TliULLO.

3333 443 3437 509 594

204 552 297 606 τ·›ὖ
341 552 716 616 Ἀναστασῖου,
761 550 850 602 ἐπὶ
905 550 993 604 τοῦ
1029 552 1192 604 Φωκᾶ
1242 552 1334 604 τοῦ
1369 553 1653 619 τυράννου.
1689 545 1774 600 καῒ
1806 541 1856 601 Δ

1764 546 1774 581 ⁸
1806 541 1856 601 Α
1883 561 1930 604 et
1966 557 2188 610 aliorqu
2222 560 2412 620 imper.
2448 556 2552 610 Sed
2571 567 2622 609 et
2644 557 2892 624 depositis
2925 557 3234 626 pignoribus
3257 555 3438 612 ludere

204 645 298 695 hri.
325 647 526 716 ἐτέρων
554 645 838 712 βασιλέων.
878 645 1036 696 Ἀλλὰ
1055 647 1146 695 καὶ
1173 643 1515 710 συνθηκίζειν
1536 643 1600 694 τὰ
1629 641 1773 710 μέρη

209 738 287 806 μὴ
342 738 684 806 κωλυόμενα,
732 737 815 788 διὰ
873 737 1065 788 κόττου
1108 739 1201 788 καὶ
1253 735 1419 803 τύχης
1471 736 1568 804 τὴν
1610 735 1769 802 νίκην

209 829 592 880 ἀνεκαλοῦντο.
640 830 819 898 ὀπερ
867 831 978 890 τοῖς
1031 829 1193 888 θείοις
1263 829 1450 880 κανόσι
1497 827 1777 880 παντελῶς

209 918 610 985 ἀπηγόρευται.
678 919 1008 984 Ἐπέτρεπον
1065 918 1119 969 δὲ
1154 917 1371 977 καὶτὰς
1412 916 1777 984 θηριοςιαχῖας

210 1009 310 1059 καὶ
340 1010 475 1061 ἄλλα
516 1009 637 1060 τινὰ
672 1009 872 1074 αἰσχρὰ
906 1009 996 1059 καὶ
1030 1008 1276 1074 ἀπρεπῆ.
1306 1007 1402 1059 Διὰ
1433 1007 1540 1072 γὰρ
1595 1006 1778 1068 τοῦτο,

212 1101 365 1165 φασδ,
403 1099 495 1150 καὶ
519 1101 545 1150 ὁ
575 1105 653 1150 να¹
697 1099 878 1149 κανὼν
907 1098 1008 1164 τῆς
1043 1098 1325 1166 παρούσης
1383 1096 1598 1148 συνόδου
1637 1097 1780 1147 ἀπα-

209 1190 430 1257 γορεύει
480 1190 605 1250 τοὺς
665 1191 885 1259 μίμους,
938 1191 1031 1241 καὶ
1069 1193 1136 1241 τὰ
1184 1190 1410 1259 θέατρα,
1441 1187 1535 1239 καὶ
1574 1188 1640 1239 τὰ
1673 1189 1782 1239 τῶν

210 1285 488 1350 κυνηγίων
524 1281 744 1348 θεώρια,
784 1282 878 1331 καὶ
903 1281 1000 1343 τὰς
1030 1281 1120 1332 ἐπὶ
1156 1281 1361 1348 σκηνῆς
1384 1279 1660 1348 ὀρχήσεις·
1690 1279 1783 1329 καὶ

211 1377 510 1444 διορίζεται
561 1375 688 1434 τοὺς
746 1372 1163 1440 καταφρονητὰς
1227 1370 1414 1431 αὑτοῦ,
1487 1369 1784 1436 κληρικοὺς

213 1465 315 1532 μὲν
343 1465 517 1526 am;
572 1463 972 1529 καθαιρεῖσθαι,
1005 1461 1230 1520 λαῖκοὺς
1276 1460 1356 1520 δὲ.
1405 1457 1783 1525 ἀφορίζεσθαι.

213 1555 326 1607 Καὶ
387 1556 447 1605 τὸ
501 1553 654 1614 τέλος
692 1551 785 1603 τοῦ
830 1550 888 1604 ιε’
924 1551 1150 1612 κανόνος
1200 1551 1297 1617 τῆς
1343 1554 1399 1602 εν
1454 1549 1782 1618 Καρθαγένῃ

213 1646 436 1696 συνόδου
467 1643 613 1710 λέγει
647 1643 787 1695 οὕτω
829 1641 1030 1711 ῥητῶςο
1063 1643 1172 1694 Καὶ
1221 1641 1361 1693 ὥστε
1397 1641 1463 1691 τὰ
1490 1641 1653 1692 τέκνα
1682 1639 1790 1691 τῶν

181 1737 408 1801 λερέων
441 1736 643 1803 θειῖμρια
696 1735 939 1800 κοσμικὰ
975 1731 1049 1802 μὴ
1081 1735 1319 1785 ἐκτελεῖν
1359 1733 1491 1802 μηδὲ
1538 1733 1788 1799 θεωρεῖν.

210 1825 386 1876 Τοῦτο
412 1825 468 1876 δὲ
523 1826 615 1876 καὶ
671 1825 805 1876 πᾶσι
867 1825 1218 1894 Χριστιανοῖς
1283 1824 1367 1874 ἀεὶ
1424 1825 1786 1891 κεκήρυκται,

211 1917 354 1969 ὥστε
385 1919 516 1969 ὅπου
547 1916 886 1985 βλασφημίαι
928 1917 1034 1968 είσὶ
1090 1915 1163 1984 μὴ
1200 1918 1500 1983 προσιέναι.
1538 1920 1786 1984 Σήμερον

211 2009 271 2060 δὲ
324 2009 434 2060 τῶν
492 2007 864 2076 ξπποδρομιῶν
903 2006 1246 2074 τελουμένων
1298 2009 1439 2058 κατὰ
1487 2008 1792 2074 παρουσίαν

217 2100 504 2167 βασιλικὴν
549 2098 672 2165 δίχα
705 2097 946 2150 τοιούτου
993 2098 1366 2166 ἀποτροπαίου
1401 2098 1568 2161 τινος,
1623 2098 1794 2151 κακόν

213 2209 269 2242 τι
298 2191 553 2256 γενέσθαι
608 2191 706 2258 οὐχ
743 2190 1132 2243 ὑποπτεύεται.
1165 2191 1256 2242 Διὸ
1288 2186 1438 2242 εἶπον
1472 2191 1544 2251 (τις
1577 2191 1794 2244 ἐπαινε-

213 2284 310 2332 τδν
346 2282 448 2350 μέν
488 2283 602 2332 ἐστι
634 2281 692 2331 τὸ
729 2281 862 2346 μηδὲ
898 2279 1034 2341 ὅλως
1056 2281 1245 2348 ἡδονῆς
1275 2281 1332 2342 ἐξ
1366 2282 1728 2348 ἱπποδρομίας
1761 2281 1791 2348 ἢ

217 2374 382 2425 ᾱ>,>.ου
409 2373 552 2434 τινὸς
582 2372 863 2439 θυμήρους
893 2371 1197 2438 γεύσασθαί
1242 2390 1383 2424 τινα’
1415 2374 1715 2425 ἀκόλαστον
1739 2373 1796 2424 δὲ

218 2468 314 2517 καὶ
337 2465 398 2515 τὸ
422 2463 534 2531 (88)
552 2467 631 2524 εἰς
649 2462 899 2523 τοιαύτας
926 2462 1289 2531 ἱπποδρομίας
1314 2464 1606 2530 κληρικοὺς
1630 2464 1798 2530 ἀπέρσ

215 2556 434 2624 χεσθαι.
463 2555 524 2606 Εἰ
569 2554 680 2623 γὰρ
722 2557 869 2606 πᾶσα
903 2554 1232 2623 ίπποδρομία
1264 2556 1295 2623 ἦ
1325 2573 1380 2605 τε
1429 2556 1663 2606 ἔκπαλαι
1713 2571 1798 2606 τε-

217 2647 458 2714 λουμένη
490 2647 581 2697 καὶ
607 2648 638 2715 ή
670 2648 908 2715 σήμερον
938 2647 1198 2715 γινομένη
1222 2647 1627 2715 ἀπαγορεύεται
1657 2647 1798 2700 κατὰ

217 2739 347 2799 τοὺς
375 2739 623 2803 πολλοὺς,
652 2737 841 2805 ῶσπερ
873 2739 937 2807 δὴ
970 2739 1062 2790 καὶ
1087 2740 1260 2791 πάντα
1284 2741 1350 2790 τὰ
1379 2739 1580 2806 θεὼρια
1613 2741 1704 2790 καὶ
1733 2740 1798 2791 τὰ

222 2829 485 2896 κυνήγια,
532 2827 1014 2898 ἀναγκασθήσεταί
1055 2847 1134 2892 τις
1169 2831 1344 2881 εἰπεῖν
1379 2830 1512 2902 μηδὲ
1546 2830 1679 2892 ὅλως
1711 2829 1799 2896 γί-

222 2918 414 2970 νεσθαί
446 2937 496 2971 τι
519 2919 758 2972 τοιοῦτόν
791 2937 920 2971 ποτε
955 2919 1061 2972 τῶν
1096 2920 1309 2988 καιρῶν
1342 2921 1495 2988 παρὰ
1534 2921 1802 2988 βασιλέως

220 3012 257 3078 ἦ
295 3013 484 3078 ἑτέρου
516 3013 660 3074 τινός
689 3028 700 3041 ⁸
736 3015 1094 3083 ἀπρακτῆσαι
1141 3013 1196 3065 δὲ
1233 3016 1323 3066 καὶ
1355 3015 1422 3066 τὰ
1463 3017 1596 3082 μετὰ
1630 3031 1800 3066 κυνα-
1840 3015 1864 3030 ⁴

225 3103 363 3170 ρίων
396 3101 793 3168 λαγοκυνήγια,
839 3104 923 3154 ἶνα
977 3102 1048 3171 μὴ
1085 3103 1178 3154 καὶ
1211 3105 1258 3155 οε
1305 3104 1482 3156 λαῖκοὶ
1515 3106 1592 3165 εἰς
1639 3108 1802 3156 ίππο-

1879 658 2052 713 partes
2085 665 2188 699 non
2229 649 2526 713 prohibitm.
2560 664 2654 714 per
2692 649 2828 702 talos
2856 659 2908 700 et
2956 649 3222 702 fortunam
3269 648 3440 700 victo-

1880 738 2011 788 riam
2058 737 2452 803 provocabant;
2484 739 2620 804 quod
2656 737 2870 803 quidem
2904 738 3098 791 divinis
3136 735 3440 791 canonibus

1879 840 1955 881 est
1985 832 2208 883 omnino
2256 831 2604 892 prohibitum.
2654 829 3108 905 Permittebautur
3160 838 3338 881 autem
3386 835 3442 880 et

1881 923 2178 976 belluarum
2209 924 2499 976 certamina
2530 964 2544 987 ,
2606 933 2660 976 et
2712 923 2875 975 multa
2939 921 3040 972 alia
3091 920 3341 973 indecora
3377 932 3440 971 ac

1884 1019 2078 1084 turpia.
2103 1013 2392 1082 Propterea
2422 1016 2585 1076 enim,
2614 1015 2880 1082 inquiunt,
2905 1024 2958 1066 et
2980 1013 3038 1065 5l
3065 1027 3184 1067 can.
3211 1026 3446 1076 prmsen-

1882 1109 1951 1162 tis
1983 1125 2104 1176 syn.
2137 1109 2380 1174 prohibet
2409 1109 2623 1167 mimos,
2663 1115 2714 1158 et
2746 1105 2972 1171 theatra,
3012 1114 3065 1158 et
3104 1104 3445 1158 venationum

1885 1200 2210 1266 Spectacula,
2248 1209 2298 1252 et
2329 1199 2644 1251 saltationes
2675 1196 2728 1249 in
2757 1212 2913 1250 sceua
2949 1215 2962 1251 :
3022 1206 3075 1250 ct
3126 1195 3354 1256 statuit,
3391 1203 3451 1246 ut

1887 1294 1975 1357 qui
2009 1291 2180 1355 ipsum
2211 1297 2637 1350 contemnerent,
2666 1289 2708 1340 si
2740 1288 2847 1341 sint
2876 1288 3083 1353 quidem
3119 1285 3323 1348 clerici,
3351 1283 3448 1338 deo

1888 1393 2170 1449 ponantur.
2208 1381 2328 1433 laici
2365 1395 2492 1434 vero
2518 1388 2886 1448 segregentur.
2925 1379 2986 1430 Et
3023 1378 3141 1430 finis
3196 1377 3262 1429 l5
3318 1389 3443 1428 can.

1889 1473 2073 1526 Cartb.
2112 1490 2226 1542 syn.
2279 1473 2354 1525 sic
2390 1481 2572 1539 aperte
2596 1472 2724 1526 dicit
2756 1495 2767 1527 ;
2802 1470 2861 1522 Et
2897 1470 3038 1537 quod
3077 1469 3165 1522 ﬁlii
3195 1466 3451 1520 sacerdo-

1892 1571 2000 1615 tum
2030 1561 2334 1628 spectacula
2365 1562 2641 1614 saecularia
2677 1576 2780 1614 nOn
2831 1562 3111 1627 perﬁciant
3171 1574 3266 1612 nec
3320 1571 3446 1624 spe-

1891 1661 2056 1703 ctent.
2085 1649 2197 1703 lloc
2225 1659 2399 1703 autem
2425 1652 2582 1703 etiam
2606 1652 2856 1704 omnibus
2884 1649 3210 1702 Christianis
3243 1660 3453 1716 semper

1893 1751 1978 1794 est
2008 1741 2374 1810 praedicatum,
2411 1751 2468 1792 ut
2499 1742 2587 1793 ubi
2632 1751 2757 1794 sunt
2789 1741 3068 1792 maledicta
3103 1754 3164 1792 ac
3206 1738 3458 1806 blasphe-

1900 1833 2003 1886 mia
2036 1847 2098 1885 ne
2124 1832 2403 1886 accedant.
2439 1830 2610 1886 llodie
2639 1846 2836 1892 autem.
2873 1848 2992 1885 cum
3028 1845 3289 1898 equorum
3333 1844 3458 1883 cur-

1896 1939 1986 1978 sus
2037 1926 2360 1992 imperatore
2413 1933 2676 1992 praesente
2737 1924 2883 1982 llant,
2944 1937 3043 1976 nec
3096 1922 3165 1974 sit
3195 1921 3457 1989 ejusmodi

1899 2016 2204 2085 fugiendum
2240 2028 2293 2070 et
2320 2017 2669 2068 aversandum
2702 2015 2972 2083 quidpiam
2999 2055 3013 2079 ,
3061 2015 3200 2068 nulla
3246 2023 3328 2068 est
3359 2028 3455 2083 pec

1898 2111 2051 2160 nitus-
2073 2107 2310 2173 suspicio
2348 2106 2452 2159 illic
2487 2107 2606 2158 mali
2659 2107 2949 2173 quidquam
2998 2105 3134 2158 ﬁeri.
3187 2106 3458 2169 Quamob-

1897 2214 2009 2252 rem
2064 2196 2334 2258 dicebant,
2390 2199 2530 2264 quod
2567 2205 2648 2248 est
2681 2197 2896 2264 quidem
2951 2195 3216 2247 laudabile
3263 2195 3462 2247 nullam

1899 2289 2113 2355 penitus
2149 2288 2454 2354 quempiam
2490 2286 2820 2352 voluptatem
2866 2296 3082 2356 gustare
3101 2302 3163 2339 ex
3200 2300 3460 2354 equorum

1899 2380 2169 2432 curriculo
2201 2379 2280 2431 vel
2337 2391 2399 2430 ex
2439 2379 2618 2442 aliquo
2648 2378 2752 2429 alio
2784 2388 2935 2446 grato
2968 2395 2980 2431 :
3016 2376 3233 2444 impune
3281 2385 3464 2430 autem

1898 2480 1982 2525 est
2013 2481 2064 2526 et
2099 2471 2163 2524 ad
2199 2470 2460 2538 ejusmodi
2508 2485 2763 2536 equormn
2797 2483 2989 2522 cursus
3030 2468 3257 2522 clericos
3312 2481 3466 2522 acce-

1900 2560 2046 2613 dere.
2081 2560 2135 2613 Si
2171 2561 2311 2612 enim
2337 2558 2513 2610 omnis
2537 2573 2797 2626 equorum
2831 2571 3058 2620 cursus,
3094 2565 3146 2609 et
3199 2555 3288 2624 qui
3336 2554 3464 2609 olim

1903 2651 2062 2705 ﬁebat
2091 2661 2144 2706 et
2177 2652 2263 2720 qui
2299 2651 2454 2704 hodie
2491 2653 2566 2712 lit,
2592 2660 2671 2702 est
2698 2648 3026 2714 prohibitus,
3064 2658 3120 2700 ut
3173 2645 3324 2699 multi
3386 2647 3468 2698 in-

1902 2742 2111 2810 quiunt,
2154 2740 2604 2806 quemadmodum
2636 2737 2796 2808 184
2820 2747 2869 2790 et
2920 2735 3225 2804 spectacula
3281 2735 3464 2788 omnia

1901 2847 1956 2888 et
2019 2835 2354 2896 venationes,
2407 2842 2631 2899 cogetur
2653 2832 2773 2900 quis
2800 2832 3000 2893 dicere,
3037 2844 3211 2898 neque
3243 2828 3465 2883 omnino

1907 2925 2010 2978 tale
2037 2925 2162 2992 quid
2199 2939 2430 2991 unquam
2488 2923 2683 2976 debere
2733 2922 2844 2975 ﬁeri
2902 2921 2969 2973 ab
3018 2923 3341 2988 imperatore
3389 2919 3472 2974 vel

1906 3017 2014 3070 ullo
2043 3017 2146 3068 alio
2187 3035 2198 3068 :
2254 3029 2496 3068 cessasse
2539 3023 2716 3066 autem
2765 3028 2828 3065 ac
2878 3013 3178 3066 exolevisse
3230 3011 3471 3078 leporum

1908 3124 2027 3160 cum
2057 3107 2278 3161 canibus
2313 3104 2641 3165 venationes,
2675 3117 2740 3154 ne
2778 3103 2917 3164 laici,
2957 3112 3012 3154 ut
3035 3116 3295 3170 equorum
3344 3115 3470 3154 cur-

218 3192 474 3260 δρομίας,
503 3191 600 3244 καὶ
628 3193 881 3261 Θεωρίας,
908 3195 1002 3245 καὶ
1026 3195 1253 3263 κυνήγια
1278 3194 1662 3262 ἀσχολούμενοι
1680 3196 1808 3261 ἀφο-
1833 3199 1877 3260 C

1797 3199 1877 3260 -C
1913 3202 2059 3255 sibus
2085 3209 2138 3254 et
2169 3197 2489 3268 spectaculis
2526 3204 2578 3250 et
2614 3195 2990 3248 venationibus
3037 3204 3290 3246 vacantes
3321 3237 3332 3251 .
3385 3207 3471 3244 se-

223 3283 417 3352 ρισμῷ
465 3283 837 3348 ύποπέσωσιν,
894 3285 1029 3353 ὅπερ
1086 3285 1306 3335 ἄτοπον.
1347 3284 1443 3336 Διὰ
1479 3284 1609 3350 γοῦν
1647 3284 1802 3337 τοῦτο

221 3373 503 3443 ὀφείλουσι
529 3376 595 3427 τὰ
625 3376 722 3443 τῆς
761 3375 1143 3443 ἱπποδρομίας,
1181 3376 1273 3426 καὶ
1301 3375 1366 3426 τὰ
1394 3374 1500 3427 τῶν
1530 3374 1799 3444 θεωρίων,

221 3468 326 3519 καὶ
356 3467 424 3518 τὰ
458 3466 569 3518 τῶν
599 3469 872 3533 κυνηγίων
903 3469 981 3526 είς
1022 3466 1115 3518 δύο
1145 3466 1491 3534 διαιρεῖσθαι,
1541 3466 1615 3527 ῶς
1652 3468 1803 3534 εἴρη-

221 3573 346 3609 ταιο
374 3558 453 3618 είς
483 3559 552 3610 τὰ
582 3559 760 3625 πάντη
801 3558 1168 3625 ἀποτρόπαια,
1200 3560 1280 3619 είς
1309 3557 1342 3610 ἃ
1373 3558 1447 3624 μὴ
1482 3559 1639 3625 μόνον
1670 3557 1805 3625 κλη-

227 3649 399 3715 ρικοὶ,
435 3647 549 3699 ἀλλ’
581 3649 699 3699 οὐδὲ
749 3642 927 3700 λα’ίκὸῒ⁵
958 3650 1415 3717 παραχωροῦνται
1465 3649 1804 3718 ἀπέρχεσθαι

224 3737 311 3806 τῷ
333 3738 482 3806 φόϐῳ
506 3737 596 3788 τού
632 3737 962 3806 ἁφορισμοῦ,
994 3738 1087 3789 καὶ
1117 3738 1196 3799 είς
1229 3737 1297 3788 τὰ
1329 3739 1803 3806 ἐπιτετραμμένα,

225 3827 303 3880 τὰ
335 3827 427 3879 καὶ
461 3828 698 3896 σήμερον
735 3825 1088 3896 ἐνεργοῦντα,
1131 3831 1209 3888 εἰς
1244 3828 1278 3881 ἃ
1314 3828 1373 3880 οὐ
1420 3829 1577 3896 μόνον
1601 3829 1802 3892 λαῖκοῖ,

226 3917 371 3970 ἀλλὰ
407 3918 501 3969 καὶ
552 3918 806 3986 κληρικοὶ
857 3918 1347 3987 ἁποκριματίστως
1388 3920 1800 3974 ἀπελεύσονται.

228 4007 360 4060 Ὅτι
400 4008 477 4071 δὲ,
511 4010 698 4074 φασιν,
731 4008 788 4059 οὐ
824 4007 1002 4060 πάντα
1040 4009 1107 4061 τὰ
1168 4007 1369 4077 θεώρια
1407 4011 1596 4062 καὶτὰ
1638 4013 1804 4062 ἱππο-

223 4099 433 4167 δρόμια
461 4101 507 4150 oi
550 4100 772 4197 κανόνες
805 4100 1217 4168 ἀπηγόρευσαν,
1242 4100 1375 4153 ἀλλὰ
1417 4101 1483 4152 τὰ
1512 4102 1806 4170 κινδυνώδη

226 4192 328 4241 καὶ
379 4189 600 4258 αἰσχρὰ,
650 4189 901 4258 δήλοῦται
948 4191 1054 4245 ἀπὸ
1091 4189 1182 4242 τοῦ
1234 4193 1313 4255 ξα¹
1351 4191 1574 4252 κανόνος
1613 4193 1710 4259 τῆς
1752 4195 1808 4244 ὲν

226 4282 574 4352 Καρθαγένῃ
603 4284 843 4345 συνόδου,
869 4282 1116 4350 λέγοντος
1139 4283 1310 4333 ταῦτα
1340 4283 1544 4350 ῥητῶςο
1573 4284 1809 4334 Κάκεῖνο

226 4373 292 4426 δὲ
322 4373 545 4442 αἰτῆσαι
592 4374 678 4424 ἵνα
727 4374 796 4425 τὰ
824 4374 1029 4442 θεώρια
1062 4373 1169 4424 τῶν
1201 4372 1505 4440 θεατρικῶν
1542 4373 1810 4439 παιγνίων

227 4464 294 4515 ὲν
331 4465 448 4524 ταῖς
477 4464 785 4532 Κυριακαίς
826 4464 920 4514 καὶ
958 4465 1014 4514 ὲν
1034 4463 1152 4524 ταῖς
1171 4461 1382 4524 λοιπαῖς
1423 4464 1672 4532 φαιδραίς
1705 4464 1805 4532 τῆς

225 4555 342 4607 τῶν
373 4553 720 4623 Χριστιανῶν
761 4555 995 4615 πίστεως
1028 4553 1263 4622 ἡμέραις
1311 4553 1656 4617 κωλύωνται,
1696 4555 1799 4622 μά-

225 4645 393 4697 λιστα
431 4645 504 4707 δὲ,
535 4645 617 4696 ὅτι
651 4645 707 4694 ὲν
732 4645 794 4712 τῇ
831 4643 1040 4710 ὀγδοάδι
1071 4643 1164 4694 τοῦ
1190 4643 1344 4710 ἁγίου
1370 4644 1557 4712 Πάσχα
1591 4646 1639 4696 οί
1661 4644 1805 4714 ὄχλοι

232 4735 440 4806 μᾶλλον
478 4736 556 4796 είς
595 4736 691 4794 τὰς
725 4733 1091 4803 ἱπποδρομίας
1117 4735 1258 4802 ἤπερ
1283 4736 1361 4796 είς
1382 4736 1480 4802 τὴν
1507 4735 1807 4804 ἐκκλησίαν

231 4825 621 4894 συνέρχονται,
655 4824 892 4890 ὀφείλειν
926 4823 1319 4892 μετενεχθῆναι
1355 4826 1454 4886 τὰς
1491 4825 1808 4897 ὡρισμένας

231 4917 418 4972 αὐτῶν
451 4917 664 4987 ἡμέρας
691 4917 776 4968 ὅτε
811 4917 1136 4983 ἀπαντήσει·
1163 4917 1256 4966 καὶ
1305 4915 1378 4984 μὴ
1415 4915 1655 4984 ὀφείλειν
1688 4919 1810 4973 τινὰ

230 5009 347 5062 τῶν
371 5009 718 5076 Χριστιανῶν
740 5010 817 5069 είς
842 5008 907 5059 τὰ
951 5007 1151 5075 Θεώρια
1176 5005 1346 5059 ταῦτα
1378 5007 1807 5075 ἀναγκάζεσθαι.

233 5103 466 5165 Πάντως
499 5102 607 5171 γὰρ
642 5102 689 5153 εί
714 5101 862 5170 παρὰ
891 5099 1000 5153 τῶν
1035 5100 1277 5152 κανόνων
1301 5101 1448 5152 πᾶσα
1476 5101 1810 5173 ἱπποδρομία

1908 3291 2206 3362 gregationi
2231 3289 2605 3352 subiiciantur,
2639 3288 2780 3354 quod
2833 3298 2916 3340 est
2964 3285 3277 3338 absurdum.
3330 3283 3475 3348 Quo-

1907 3383 2052 3437 circa
2093 3381 2289 3435 debent
2324 3388 2378 3432 et
2407 3394 2668 3448 equorum
2703 3375 2966 3431 curricula
3003 3385 3056 3428 et
3088 3374 3387 3441 spectacula
3418 3383 3473 3427 et

1908 3473 2223 3526 venationes
2263 3471 2316 3522 in
2353 3471 2458 3522 duo
2495 3469 2682 3532 dividi,
2719 3478 2772 3518 ut
2801 3467 3002 3520 dictum
3041 3473 3156 3519 est:
3186 3465 3236 3516 in
3267 3479 3327 3516 ea
3352 3477 3472 3530 qua

1909 3571 2033 3617 sunt
2066 3563 2287 3616 omnino
2317 3560 2609 3614 aversanda
2645 3570 2699 3613 et
2728 3557 2972 3619 fugienda
2996 3597 3010 3620 ,
3041 3565 3094 3608 et
3129 3556 3193 3608 ad
3218 3569 3338 3623 quae
3367 3567 3471 3606 non

1907 3655 2078 3708 solum
2117 3652 2348 3712 clericis,
2385 3651 2476 3704 sed
2508 3663 2677 3717 neque
2709 3649 2856 3701 laicis
2889 3647 3142 3700 accedere
3196 3645 3475 3713 permitte-

1910 3758 2015 3809 tur,
2047 3759 2188 3798 metu
2209 3741 2811 3803 excommunicationis;
2839 3750 2892 3793 et
2917 3741 2967 3793 iu
2991 3753 3051 3792 ea
3077 3753 3194 3807 quae
3214 3737 3473 3805 permissa

1909 3844 2056 3897 sunt,
2088 3847 2204 3899 quae
2241 3839 2363 3884 sunt
2396 3829 2552 3881 hodie
2601 3829 2651 3880 in
2685 3844 2814 3891 usu,
2855 3827 2918 3880 ad
2970 3841 3086 3895 quae
3141 3841 3245 3880 non
3301 3825 3470 3878 solum

1911 3924 2055 3985 laici,
2094 3923 2185 3975 sed
2226 3931 2277 3973 et
2300 3919 2485 3974 clerici
2515 3917 2650 3971 citra
2699 3917 2864 3969 ullum
2903 3915 3276 3986 pragjudicium
3324 3926 3478 3968 acce-

1912 4017 2055 4068 deut.
2087 4013 2237 4078 Quod
2280 4022 2479 4073 autem,
2514 4010 2782 4074 inquiunt,
2822 4025 2923 4062 non
2954 4007 3135 4063 omnia
3170 4007 3473 4076 spectacula

1911 4117 2279 4174 equorumque
2310 4099 2578 4154 curricula
2631 4113 2868 4152 canones
2916 4097 3346 4165 prohibuerunt.
3380 4095 3474 4148 sed

1910 4212 1972 4249 ea
2000 4198 2210 4249 demum
2248 4209 2365 4259 qum
2401 4201 2526 4245 sunt
2551 4191 2852 4260 periculosa
2911 4204 2974 4242 ac
3007 4189 3180 4256 turpia
3211 4224 3226 4248 ,
3285 4200 3351 4238 ex
3407 4184 3469 4237 6!

1911 4286 2348 4356 Carthaginensis
2380 4284 2570 4353 synodi
2597 4297 2802 4336 canone
2826 4289 3008 4347 aperte
3038 4278 3361 4342 ostenditur,
3387 4276 3478 4344 qui

1913 4381 2024 4432 hzec
2047 4391 2297 4444 expresse
2327 4377 2495 4430 dicit:
2533 4373 2700 4427 Porro
2758 4383 2810 4426 et
2848 4372 2972 4425 illud
3011 4382 3211 4439 petere,
3243 4378 3298 4421 ut
3329 4369 3482 4421 thea-

1915 4469 2170 4521 tricorum
2200 4467 2446 4518 ludorum
2502 4461 2807 4531 spectacula
2861 4463 2913 4513 in
2979 4459 3272 4512 Dominicis
3319 4466 3376 4510 et
3424 4457 3477 4509 in

1912 4559 2130 4629 reliquis
2161 4557 2587 4611 Christianorum
2631 4554 2752 4607 tidei
2797 4552 2948 4606 festis
2982 4551 3168 4605 diebus
3212 4550 3325 4602 fieri
3363 4564 3483 4617 pro-

1913 4651 2234 4712 liibeautnr;
2273 4648 2505 4699 maxime
2532 4644 2785 4713 quoniam
2818 4645 2868 4695 in
2903 4645 3089 4697 octava
3156 4641 3326 4694 sancti
3383 4639 3484 4691 Pa-

1913 4742 2114 4797 schalis
2147 4738 2373 4809 populus
2405 4738 2469 4789 ad
2504 4751 2768 4805 equorum
2797 4733 3062 4788 curricula
3116 4733 3291 4800 potius
3320 4745 3480 4799 quam

1913 4836 1978 4887 ad
2033 4831 2292 4886 ecclesias
2338 4828 2618 4891 convenit;
2670 4837 2724 4880 et
2788 4836 2846 4879 ut
2894 4820 3140 4878 ’dcbeant
3194 4822 3482 4891 przestituti

1913 4939 2099 4979 eorum
2151 4922 2267 4974 dies
2323 4919 2599 4972 transferri
2630 4957 2644 4981 ,
2707 4916 2920 4985 quando
2974 4915 3309 4969 occurrerint
3341 4930 3355 4965 :
3386 4928 3482 4965 nec

1917 5018 2076 5070 debet
2102 5015 2244 5067 nllus
2274 5011 2615 5065 Christianus
2646 5009 2761 5077 cogi
2793 5010 2856 5060 ad
2883 5009 2995 5062 hrcc
3051 5007 3380 5074 spectacula.
3418 5003 3472 5059 Si

1919 5108 2059 5161 enim
2109 5120 2368 5171 equorum
2411 5116 2600 5170 cursus
2653 5110 2799 5154 esset
2832 5115 2860 5152 a
2910 5099 3211 5154 canonibus
3265 5097 3484 5164 omnino

1459 5245 1654 5306 Guill.
1701 5247 2028 5325 Beveregii
2070 5251 2255 5306 notae.

315 5393 430 5460 (88)
463 5394 834 5446 ’Adeao‘tor
859 5393 925 5446 δὲ
956 5393 1052 5446 καὶ
1097 5393 1184 5446 τό.
1239 5391 1296 5445 ln
1353 5394 1592 5447 editione

239 5461 420 5520 siensi
482 5466 745 5526 particula
808 5466 1053 5530 negativa
1126 5463 1212 5515 hic
1263 5463 1646 5530 interponitur.

244 5607 330 5674 εἰς
380 5603 638 5674 τοιαύτας
684 5603 1042 5672 ἱπποδρομίας
1098 5603 1399 5674 κληρικοὺς
1455 5603 1813 5674 ἀπέρχεσθαι.

244 5621 330 5663 εις
380 5621 638 5663 τοιαυτας
684 5621 1042 5672 ιπποορομιας
1105 5621 1399 5723 κνηρικους
1455 5621 1811 5674 απερχεσυαι.

243 5673 560 5726 ϐυηιὶπιιιιε
592 5672 861 5726 Hervetus
892 5674 1056 5726 etiam
1095 5673 1146 5724 in
1227 5674 1390 5724 iliano
1436 5689 1538 5724 ms.
1605 5675 1675 5724 ita
1736 5674 1811 5727 le-

244 5745 395 5808 pisse
420 5740 656 5798 videtur.
688 5741 867 5796 Vertit
891 5742 1058 5802 enim.
1097 5740 1215 5794 Non
1240 5749 1316 5793 est
1349 5752 1525 5792 autem
1558 5745 1811 5803 intempe-

244 5813 439 5864 rantia:
463 5813 530 5864 ad
555 5812 814 5880 ejusmodi
842 5828 1090 5881 equorum
1118 5829 1298 5865 cursus
1323 5813 1523 5867 clericis
1549 5812 1811 5866 accedere.

1663 5393 1818 5446 Pari-

1726 5464 1818 5518 Sic

241 5536 396 5588 enim
432 5533 504 5584 ibi
543 5532 694 5586 locus
742 5534 832 5586 hic
885 5534 1102 5599 legitur,
1134 5531 1433 5584 ἀκόλαστον
1463 5534 1507 5583 δ’
1538 5535 1597 5584 οὐ
1631 5537 1724 5584 καὶ
1757 5535 1816 5585 τὸ

1924 5392 2120 5446 Verum
2141 5405 2247 5445 non
2269 5389 2441 5442 solum
2460 5389 2512 5442 in
2537 5405 2638 5444 ms.
2662 5397 2850 5443 nostro
2871 5386 3186 5453 Bodleiano,
3207 5387 3302 5444 sed
3316 5386 3484 5439 etiam

1921 5463 1974 5515 in
2003 5459 2435 5515 Amerbachiano
2470 5469 2522 5512 et
2558 5459 2888 5520 Aitoniensi,
2921 5459 3183 5526 particula
3215 5461 3315 5509 ista
3353 5463 3482 5507 tan-

1917 5547 2082 5601 quam
2119 5528 2394 5601 superllua
2431 5531 2731 5601 ‘rejicitur;
2767 5544 2941 5601 neque
2970 5530 3115 5601 enim
3147 5529 3300 5581 locus
3365 5539 3484 5601 eam

1917 5596 2191 5662 admittat,
2227 5599 2367 5666 quod
2412 5596 2621 5652 dicitur
2653 5600 2924 5652 laudabile
2951 5597 3166 5662 quidem
3203 5611 3346 5653 esse.
3386 5596 3488 5646 hu-

1912 5670 2152 5738 jusmodi
2183 5669 2324 5722 ludis
2358 5683 2464 5721 nun
2511 5669 2771 5724 delectari
2809 5687 2820 5722 :
2875 5668 2969 5721 sed
3039 5679 3222 5738 tamen
3284 5666 3485 5717 ἀκόλα-

1917 5737 2039 5792 στον
2073 5741 2284 5808 impune
2339 5738 2504 5792 etiam
2556 5741 2776 5794 clericis
2817 5739 2940 5803 erit,
3003 5737 3047 5791 si
3105 5737 3171 5790 ad
3201 5751 3296 5791 cos
3325 5749 3484 5787 acce-

1913 5812 2064 5864 dant.
