4240 6442
796 404 901 471 595

2051 410 2329 471 THEUD.
2378 410 2775 470 BALSAMON‘

3926 408 4020 474 596

790 519 1128 587 prohibitus,
1191 535 1295 575 non
1366 522 1645 591 petiisscnt
1698 521 1903 581 Patres,
1970 538 2033 576 ne
2089 538 2348 590 equorum
2383 526 2464 580 At

2334 540 2348 573 l
2383 526 2427 580 A
2458 525 2747 583 ἐκωλύετο,
2771 527 2871 578 οὐκ
2914 524 2980 578 ἂν
3011 525 3060 577 οἱ
3092 524 3332 593 Πατέρες
3358 524 3629 594 ᾐτήσαντο
3661 529 3737 595 μὴ
3769 524 4007 594 γίνεσθαι

789 626 985 664 cursus
1019 624 1070 664 et
1101 613 1405 681 spectacula
1441 613 1628 669 tierent
1658 612 1847 667 diebus
1876 611 2194 676 Dominicis,
2223 623 2273 667 et
2298 616 2348 666 in

790 705 1012 772 reliquis
1046 705 1196 759 festis
1214 720 1308 759 seu
1334 704 1682 760 Paschalibus
1710 704 1920 768 diebus,
1937 706 2027 760 scd
2051 721 2111 760 ca
2131 705 2352 760 omnino

788 796 1049 851 celebrari
1085 810 1228 864 aegre
1255 796 1522 852 tulissent.

855 881 975 938 Jam
1007 898 1137 938 vero
1162 886 1321 939 etiam
1356 900 1580 952 magnus
1614 885 1868 942 Ecclesiae
1892 888 2082 942 doctor
2117 886 2352 941 Joannes

790 976 1229 1044 Chrysostomus,
1254 979 1397 1033 solos
1450 994 1711 1046 equorum
1769 996 2003 1041 cursus,
2068 984 2156 1050 qui
2219 986 2353 1035 linnt

788 1066 977 1120 diebus
1008 1066 1323 1130 Dominicis,
1364 1069 1660 1126 dissuadet.
1706 1072 2039 1138 Adjiciebant
2085 1084 2261 1126 autem
2299 1081 2354 1127 et

788 1155 854 1209 iis
900 1171 1021 1223 qua:
1050 1172 1079 1210 a
1111 1172 1168 1211 se
1195 1157 1471 1225 dicuntur,
1502 1160 1696 1214 nullam
1724 1161 1882 1213 aliam
1907 1163 1975 1214 ob
1994 1176 2212 1216 causam
2235 1177 2353 1217 esse

787 1249 946 1303 hodie
998 1250 1229 1305 lectores
1281 1252 1601 1321 populares,
1663 1268 1822 1321 quam
1882 1256 2025 1323 quod
2090 1269 2350 1321 equorum

788 1356 982 1396 cursus
1014 1342 1176 1396 hodie
1208 1343 1323 1396 ﬁeri
1355 1344 1636 1398 videantur
1690 1346 2044 1413 permissione
2092 1345 2352 1399 ecclesia-

788 1431 947 1495 stica,
975 1440 1027 1484 et
1055 1433 1202 1499 prior
1230 1432 1565 1501 popularium
1615 1435 1879 1489 laicorum
1904 1436 2200 1503 indignitas
2226 1474 2239 1498 ,
2299 1442 2354 1490 et

786 1521 1107 1590 omniaquae
1140 1524 1314 1592 turpia
1360 1530 1416 1577 et
1469 1525 1723 1579 indecora
1777 1536 1953 1588 erant,
1990 1527 2351 1583 cessaverint.

785 1608 900 1663 Cur
930 1612 1098 1678 enim,
1128 1612 1443 1682 inquiebant
1467 1655 1482 1678 ,
1512 1614 1805 1671 lectoribus
1844 1618 2193 1686 popularibus
2221 1618 2355 1672 solis

785 1715 845 1755 se
873 1700 928 1755 in
961 1718 1225 1772 equorum
1262 1707 1528 1760 curricula
1564 1709 1827 1776 ingerere,
1854 1719 1907 1764 et
1929 1727 1992 1767 ex
2027 1711 2221 1781 popqu
2272 1711 2355 1764 in-

785 1793 966 1860 cipere
994 1798 1315 1862 permissum
1344 1808 1446 1860 est,
1487 1799 1706 1866 reliquis
1736 1808 1912 1854 autem
1978 1802 2269 1856 lectoribus
2300 1808 2353 1855 et

786 1882 1058 1943 omnibus,
1093 1895 1149 1937 ut
1184 1885 1349 1939 semel
1376 1887 1572 1953 dicam,
1610 1890 1777 1942 sacris
1808 1890 2059 1959 initiatis,
2089 1906 2350 1956 equorum

786 1972 1043 2026 curriculi
1081 1974 1227 2028 fores
1269 1975 1649 2031 occluserunt?
1700 1979 1776 2032 Ad
1818 1995 1970 2034 suam
2007 1990 2183 2035 autem
2227 1995 2354 2034 sen-

788 2064 1010 2117 tentiam
1060 2068 1485 2123 conlirmandam
1519 2054 1679 2122 etiam
1709 2072 1740 2125 5
1790 2088 1907 2139 cap.
1950 2071 1983 2125 8
2034 2072 2117 2125 tit.
2158 2087 2223 2126 ιι
2256 2072 2349 2127 lib.

784 2154 1007 2211 Basilio.
1034 2158 1113 2211 usi
1148 2168 1292 2223 sunt,
1317 2162 1457 2229 quod
1494 2163 1571 2215 sic
1600 2163 1728 2215 dicit
1762 2182 1778 2216 :
1816 2161 2140 2216 Constitutio
2173 2163 2353 2231 prohi—

786 2248 876 2298 bet
908 2246 1082 2309 ludos.
1125 2258 1177 2302 et
1206 2252 1449 2319 quinque
1478 2255 1720 2317 exceptis
1747 2253 2004 2315 mtasdum
2038 2253 2201 2306 etiam
2237 2268 2352 2320 poe-

787 2351 885 2388 nas
914 2339 1103 2391 statuit
1130 2342 1387 2394 adversus
1408 2355 1502 2395 eos
1534 2345 1621 2409 qui
1673 2340 1862 2395 ludunt
1917 2342 2049 2396 aleis
2073 2382 2089 2406 ,
2134 2343 2349 2411 praesidi

786 2428 1022 2481 civitatis
1047 2439 1102 2482 et
1142 2431 1537 2498 provinciarum
1602 2432 1907 2486 rectoribus
1970 2442 2024 2488 et
2082 2433 2351 2501 episcOpis

784 2533 1029 2586 qumere
1049 2530 1100 2571 et
1132 2521 1416 2587 prohibere
1440 2524 1776 2590 permittens,
1795 2534 1848 2577 et
1877 2538 2067 2578 omnes
2094 2525 2184 2592 qui
2214 2524 2261 2576 in
2287 2525 2352 2577 iis

786 2610 923 2661 ilum
952 2600 1264 2665 contractus
1306 2612 1547 2679 rejicere.
1580 2614 1655 2667 Ex
1692 2615 1968 2682 permissis
2005 2623 2180 2668 autem
2214 2614 2352 2670 ludis

786 2700 877 2750 dat
926 2699 1218 2762 actionem,
1256 2717 1550 2773 eorumque
1582 2710 1707 2774 qum‘
1755 2715 1940 2759 mutuo
1969 2707 2089 2758 data
2124 2704 2350 2769 fuerint,

784 2803 850 2843 eo
876 2792 1092 2845 nomine
1141 2795 1408 2850 actionem
1461 2797 1743 2863 permittit,
1776 2808 1828 2850 et
1860 2798 2044 2852 decem
2092 2797 2349 2851 librarum

783 2898 997 2951 pmnam
1020 2886 1278 2941 adversus
1299 2902 1409 2948 eos.
1437 2890 1526 2957 qui
1555 2892 1697 2943 hanc
1733 2891 2175 2945 constitutionem
2206 2900 2355 2944 tran-

785 2976 920 3029 siliri
952 2981 1312 3046 permiserint,
1332 2983 1596 3037 decernit.
1626 2984 1690 3037 Et
1716 2985 1986 3047 dicebant,
2007 2983 2349 3053 pentathIOn,

789 3066 890 3120 hoc
916 3079 1000 3122 est
1025 3069 1179 3125 ludos
1214 3072 1450 3139 quinque
1472 3088 1591 3128 esse
1637 3075 1930 3143 permissos
1954 3114 1969 3137 ν
2005 3074 2225 3141 ludam.
2253 3091 2352 3145 pll-

2453 618 2551 677 τὰς
2578 617 2942 685 ἱπποδρομίας
2969 618 3063 669 καὶ
3090 617 3158 668 τὰ
3188 615 3391 685 θεώρια
3409 617 3467 669 ἐν
3496 618 3613 680 ταῖς
3638 617 4015 685 Κυριωνύμοις

2455 709 2547 760 καὶ
2588 710 2646 758 ἐν
2693 710 2813 769 ταῖς
2862 708 3076 769 λοιπαῖς
3126 707 3474 776 ἐορτασίμοις
3532 707 3792 778 ἡμέραις,
3858 709 4015 778 ἤγουν

2452 802 2572 859 ταῖς
2595 798 2942 866 Πασχαλίοις,
2958 799 3072 854 ἀλλ’
3090 797 3451 866 ἐδυσώπησαν
3474 798 3540 850 ἂν
3558 798 3841 860 παντελῶς
3854 800 4017 851 ταῦτα

2457 890 2739 956 σχολάσαι.
2789 891 2896 942 Kal.
2931 890 3033 960 τῆς
3069 889 3399 957 Ἐκκλησίας
3426 890 3481 941 δὲ
3516 892 3543 942 ό
3574 889 3747 957 μέγας
3776 889 4020 941 διδάσκα-

2454 981 2545 1043 λος
2580 984 2607 1033 δ
2634 981 2867 1051 χρυσοῦς
2897 983 2997 1052 τὴν
3028 982 3275 1049 γλῶτταν
3315 982 3571 1051 Ἰωάννης
3602 983 3769 1050 μόνας
3797 983 4020 1049 ἀποτρέ-

2455 1090 2548 1125 πει
2572 1074 2671 1136 τὰς
2692 1076 2832 1127 κατά
2859 1074 2956 1136 τὰς
2984 1075 3383 1145 Κυριωνύμους
3436 1075 3732 1143 γινομένας
3774 1076 4021 1144 ἱπποδρο-

2458 1162 2608 1232 μίας.
2644 1163 3005 1231 Προσετίθουν
3035 1166 3090 1217 δὲ
3131 1168 3247 1228 τοῖς
3280 1166 3599 1235 λεγομένοις
3632 1166 3725 1219 ὑπ’
3752 1165 3933 1218 αὐτῶν
3955 1164 4020 1217 δι’

2454 1251 2610 1303 οὐδὲν
2653 1252 2842 1323 ἕτερον
2899 1255 3251 1320 ἀναγνώστας
3301 1252 3442 1308 εἶναι
3488 1255 3732 1323 δημότας
3791 1255 4023 1323 σήμερον

2455 1340 2569 1395 ἀλλ’
2604 1342 2633 1411 ἢ
2671 1344 2758 1395 διά
2784 1344 2840 1396 τὸ
2871 1344 3160 1412 φαίνεσθαι
3198 1344 3338 1396 κατὰ
3366 1344 3685 1414 προτροπὴν
3730 1343 4017 1410 ἐκκλησια-

2457 1435 2648 1504 στικὴν
2677 1438 2776 1498 τὰς
2813 1436 3178 1505 ἱπποδρομίας
3208 1436 3478 1501 γίνεσθαι,
3511 1435 3606 1489 καὶ
3630 1436 3732 1505 τὴν
3757 1438 4025 1504 προτέραν

2454 1524 2685 1589 ἀταξίαν
2714 1528 2820 1579 τῶν
2849 1526 3054 1578 λαῖκῶν
3088 1527 3345 1596 δημοτῶν
3372 1527 3465 1579 καὶ
3498 1526 3675 1579 πάντα
3701 1526 3769 1578 τὰ
3801 1525 4021 1595 ἀπρεπῆ

2455 1617 2550 1669 καὶ
2577 1617 2791 1686 ἄσεμνα
2824 1618 3111 1686 σχολάσαι.
3145 1619 3265 1670 ’Ὶνα
3298 1618 3350 1670 τί
3404 1617 3536 1686 γὰρ,
3571 1612 3747 1679 εἶπον,
3780 1614 4023 1683 ἀναγνώ-

2458 1724 2614 1772 σταις
2648 1711 2914 1778 δημόταις
2959 1710 3141 1779 μόνοις
3173 1710 3546 1781 παρεχωρήθη
3585 1712 3643 1762 ὲν
3682 1711 3808 1771 ταῖς
3852 1712 3981 1760 ἱππο
4008 1737 4021 1745 -

2456 1803 2707 1872 δρομίαις
2741 1802 3134 1871 παραϐάλλειν,
3169 1804 3265 1855 καὶ
3290 1803 3383 1856 τοῦ
3413 1803 3589 1870 δήμου
3630 1800 4021 1870 κατάρχεσθαι,

2455 1895 2570 1955 τοῖς
2607 1894 2661 1946 δὲ
2698 1893 2901 1954 λοιποῖς
2929 1892 3305 1959 ἀναγνώσταις
3346 1894 3440 1946 καὶ
3487 1892 3809 1962 ίερωμένοις
3840 1892 4023 1951 ἁπλῶς

2452 1981 2551 2044 τὰς
2585 1982 2757 2051 θύρας
2806 1982 2907 2051 τῆς
2942 1983 3310 2053 ἱπποδρομίας
3343 1981 3676 2035 ἀπέκλεισαν
3704 1999 3718 2045 ;
3758 1982 4027 2051 Ἐχρῶντο

2451 2067 2510 2121 δὲ
2560 2071 2699 2139 πρὸς
2746 2068 3103 2138 ἐπισύστασιν
3135 2070 3228 2122 τοῦ
3281 2069 3444 2135 λόγου
3501 2066 3678 2122 αὐτῶν
3720 2068 3813 2120 καὶ
3862 2068 3940 2133 τῷ
3977 2065 4023 2118 ε’

2453 2160 2649 2228 κεφαλ.
2702 2160 2795 2212 τοῦ
2849 2167 2898 2230 η’
2941 2161 3121 2213 τίτλον
3169 2160 3265 2212 τοῦ
3310 2158 3349 2223 ξ’
3400 2159 3609 2229 βιϐλίου
3657 2158 3766 2212 τῶν
3806 2157 4025 2211 Βασιλι-

2454 2250 2587 2315 κῶν,
2622 2250 2769 2303 οὕτω
2792 2252 3026 2315 λέγοντιο
3068 2252 3132 2304 Ἣ
3156 2250 3400 2315 διάταξις
3428 2250 3628 2303 κωλύει
3657 2250 3728 2303 τὰ
3771 2249 4023 2315 παίγνια,

2454 2341 2548 2395 καὶ
2582 2343 2739 2395 πέντε
2770 2341 3248 2411 ὑπεξαιρουμένων
3279 2342 3451 2411 ὁρίζει
3481 2342 3575 2393 καί
3606 2358 3724 2393 τινα
3774 2339 4027 2407 ἐπιτίμια

2453 2432 2596 2484 κατὰ
2620 2430 2729 2483 τῶν
2759 2431 3118 2491 κυὸευόντων,
3143 2431 3521 2498 ἐπιτρέπουσα
3546 2429 3640 2482 καὶ
3667 2431 3744 2496 τῷ
3798 2429 4027 2497 ἐπάρχῳ

2450 2525 2551 2593 τῆς
2582 2523 2787 2585 πόλεως
2813 2524 2906 2575 καὶ
2938 2525 3050 2585 τοῖς
3073 2523 3297 2593 ἄρχουσι
3322 2522 3431 2574 τῶν
3463 2521 3749 2591 ἐπαρχιῶν
3787 2521 3881 2574 καὶ
3916 2523 4027 2580 τοὶς

2453 2616 2774 2677 ἐπισκόποις
2804 2614 2990 2683 ζητεῖν
3019 2615 3114 2667 καὶ
3140 2615 3392 2675 κωλύειν,
3416 2612 3511 2665 καὶ
3534 2612 3712 2666 πάντα
3740 2612 3808 2663 τὰ
3836 2611 3895 2663 ἐν
3927 2611 4025 2662 αὖ·

2453 2708 2564 2769 τοῖς
2590 2706 2851 2775 γινόμενα
2894 2705 3317 2775 συναλλάγματα
3368 2704 3721 2773 ἀποτρέπειν.
3746 2702 3941 2755 Δίδωσι
3972 2700 4029 2752 δὲ

2454 2797 2678 2863 ἀγωγὰς
2714 2797 2781 2849 ἔκ
2827 2796 2933 2849 τῶν
2986 2795 3383 2864 τετραμμένων
3419 2793 3692 2861 παιγνίων
3744 2792 3886 2859 (89),
3936 2790 4027 2845 καὶ

2454 2888 2751 2957 ἀπαίτησιν
2788 2889 2899 2940 τῶν
2946 2886 3200 2939 ἐντεῦθεν
3247 2885 3732 2955 χρεωστηθέντων,
3779 2882 3913 2935 δέκα
3942 2881 4025 2933 λι-

2452 2979 2596 3047 τρῶν
2623 2979 2900 3047 ἐπιτίμιον
2955 2979 3211 3048 ὁρίζουσα
3269 2976 3409 3029 κατὰ
3437 2975 3547 3028 τῶν
3586 2973 4029 3043 συγχωρούντων

2456 3070 2771 3139 παραϐῆναι
2826 3070 2926 3139 τὴν
2987 3070 3252 3132 διάταξιν.
3290 3070 3403 3122 Καὶ
3457 3067 3646 3133 ἔλεγον
3706 3064 4024 3123 πένταθλον,

784 3155 1027 3223 gilatum,
1052 3172 1293 3221 cursum,
1332 3161 1526 3213 saltum
1558 3171 1610 3213 et
1635 3164 1862 3215 discnm.
1886 3162 2145 3229 Ligneum
2169 3173 2344 3218 autem
2376 3163 2422 3226 C.
2455 3181 2458 3191 ί

2376 3163 2422 3226 C
2455 3160 2626 3231 ἤγουν
2666 3160 2826 3213 πέντε
2884 3161 3113 3227 παίγνια
3142 3157 3283 3213 εἶναι
3318 3158 3600 3219 ἀκώλυτα,
3644 3155 3847 3223 πάλην,
3889 3172 4027 3219 πυγ-

785 3258 1039 3313 equestre
1068 3259 1339 3302 certamen
1374 3265 1495 3305 esse
1533 3250 1646 3320 lege
1680 3252 2030 3319 prohibitum,
2058 3256 2200 3321 quod
2236 3257 2340 3312 hoc

785 3350 1000 3402 quoque
1030 3337 1157 3391 alea:
1180 3339 1262 3391 vel
1293 3340 1616 3394 talentorum
1667 3343 2101 3408 reprehensionis
2130 3362 2348 3402 causam

787 3428 1016 3487 nubent;
1049 3430 1504 3495 quemadmodum
1540 3431 1591 3482 in
1626 3430 1694 3484 29
1722 3446 1841 3499 cap.
1874 3432 1940 3485 15
1965 3432 2045 3486 ιίι.
2070 3436 2351 3502 praesentis

784 3519 965 3583 operis
1001 3519 1331 3574 declaratur.
1370 3520 1429 3573 Et
1453 3522 1568 3574 hmc
1601 3522 1818 3590 quidem
1848 3525 1914 3577 de
1943 3538 2205 3591 equorum
2226 3542 2351 3579 cur-

788 3609 972 3661 riculis
1009 3610 1249 3663 nonnulli
1283 3611 1490 3664 dixere.
1526 3611 1599 3665 De
1631 3612 1809 3665 mimis
1869 3621 2047 3665 autem
2104 3622 2159 3666 et
2209 3614 2349 3668 ludis

785 3700 1016 3753 scenicis
1052 3701 1251 3754 nullam
1289 3702 1505 3769 penitus
1532 3703 1851 3756 divisionem
1887 3704 2087 3769 fecere,
2132 3707 2224 3758 sed
2268 3720 2352 3759 ca-

790 3793 948 3844 nonis
976 3792 1193 3846 decreto
1227 3792 1549 3847 submisere.
1580 3793 1768 3847 Plures
1795 3803 1999 3856 autem,
2031 3804 2085 3847 et
2117 3796 2351 3850 maxime

786 3884 878 3951 qui
904 3894 1027 3937 sunt
1053 3884 1211 3951 paulo
1252 3884 1629 3951 religiosiores,
1656 3885 1857 3952 quibus
1899 3885 2015 3953 ipse
2047 3886 2209 3939 etiam
2264 3902 2352 3940 as-

791 3976 1019 4031 setttior.
1050 3976 1163 4028 htec
1197 3989 1302 4028 non
1346 3975 1446 4029 sibi
1483 3973 1728 4028 sufﬁcere
1763 3984 2052 4043 pntavere;
2085 3977 2347 4042 dicentes,

787 4068 985 4121 debere
1021 4081 1258 4120 canones
1289 4066 1355 4119 ad
1417 4065 1467 4118 id
1499 4067 1639 4133 quod
1673 4076 1753 4118 est
1806 4068 1999 4119 animae
2033 4068 2217 4121 utilius
2260 4083 2352 4120 ex-

788 4156 940 4225 poni,
974 4172 1080 4210 non
1112 4159 1176 4210 ad
1214 4158 1263 4210 id
1299 4158 1439 4226 quod
1469 4165 1551 4210 est
1576 4156 1891 4210 dissolutius
1917 4166 1969 4210 et
2003 4158 2171 4227 magis
2194 4156 2353 4211 indif-

788 4244 987 4299 terens.

858 4418 1111 4474 ZONAR.
1159 4420 1431 4489 Equorum
1483 4422 1732 4476 cursibus
1781 4432 1835 4476 et
1906 4423 2049 4478 ludis
2115 4424 2348 4478 scenicis

2461 3254 2591 3323 μὴν.
2617 3255 2836 3324 δρόμον,
2862 3254 3089 3323 δίαλμα,
3128 3254 3222 3305 καὶ
3253 3251 3457 3304 δίσκον.
3493 3250 3566 3304 Τὸ
3599 3251 3656 3302 δὲ.
3691 3248 3910 3313 ξύλινον
3940 3248 4027 3297 Err-

2460 3346 2618 3399 πικὸν
2658 3340 2809 3397 εἷπον
2840 3343 3147 3397 κωλύεσθαι
3181 3342 3286 3395 ὑπὸ
3321 3342 3416 3394 τοῦ
3457 3343 3651 3409 νόμου,
3675 3340 3765 3392 διὰ
3795 3340 3857 3390 τὸ
3883 3339 4029 3406 ἔχειν

2458 3438 2563 3490 καὶ.
2578 3436 2736 3489 τοῦτο
2764 3435 2945 3487 αἰτίαν
2971 3434 3161 3497 κύϐου,
3193 3434 3360 3503 ἤγουν
3404 3432 3615 3492 κόττου,
3646 3429 3833 3487 καθὼς
3860 3430 3919 3481 ἐν
3950 3428 4031 3496 τῷ

2458 3528 2539 3579 κδ’
2585 3524 2776 3591 κεφαλ.
2807 3523 2898 3575 τοῦ
2927 3523 2992 3590 ιγ’
3023 3522 3203 3575 τίτλον
3261 3521 3354 3574 τοῦ
3401 3520 3668 3587 παρόντος
3713 3518 4033 3584 συντάγμα-

2456 3630 2543 3675 τος
2577 3612 2850 3681 δηλοῦται.
2891 3611 2998 3662 Καὶ
3028 3611 3197 3662 ταῦτα
3250 3609 3350 3677 μὲν
3382 3603 3538 3660 εἶπόν
3575 3623 3718 3667 τινες
3754 3605 3888 3671 περὶ
3924 3604 4032 3655 τῶν

2461 3701 2862 3772 ἱπποδρομιῶν·
2898 3703 3027 3771 περὶ
3074 3701 3131 3753 δέ
3163 3702 3270 3752 τῶν
3305 3700 3489 3768 μίμων
3521 3699 3617 3750 καὶ
3647 3698 3756 3749 τῶν
3800 3695 4033 3763 θυμελιν

2459 3794 2568 3845 κῶν
2623 3792 2888 3858 παιγνίων
2933 3790 3190 3858 οὐδεμίαν
3239 3788 3503 3858 ἐποίησαν
3561 3787 3850 3854 διαίρεσιν,
3910 3784 4030 3839 ἀλλ’

2457 3886 2537 3946 εἰς
2580 3883 2671 3935 τὸν
2722 3881 2999 3951 διορισμὸν
3027 3880 3121 3933 τοῦ
3151 3880 3376 3943 κανόνος
3415 3878 3556 3933 αὐτὰ
3592 3879 3941 3946 ἀνήρτησαν.
3969 3878 4033 3930 0i

2457 3975 2674 4036 πλείους
2687 3973 2765 4039 δὲ,
2782 3974 2873 4026 καὶ
2897 3972 3096 4041 μᾶλλον
3112 3973 3160 4024 οἱ
3178 3970 3581 4040 εὑλαϐέστεροι,
3601 3965 3683 4032 οἷς
3704 3968 4037 4030 συντίθεμαι

2458 4066 2552 4118 καὶ
2608 4066 2793 4130 αὐτὸς,
2849 4065 2949 4117 οὐκ
2981 4062 3296 4134 ἤρέσθησαν
3347 4063 3441 4114 ἐπὶ
3493 4061 3724 4120 τούτοις,
3781 4060 4040 4118 εἰπόντες

2455 4153 2695 4222 ὀφείλειν
2724 4153 2850 4216 τοὺς
2881 4153 3110 4214 κανόνας
3144 4151 3279 4219 πρὸς
3317 4149 3379 4203 τὸ
3426 4149 3919 4219 ψυχωφελέστερον
3948 4150 4042 4214 ἐρ-

2460 4236 2814 4312 μηνεύεσθαι,
2857 4241 2929 4295 οὐι
2952 4242 3057 4311 μὴν
3086 4241 3221 4311 πρὸς
3246 4240 3308 4291 τὸ
3334 4238 3709 4309 ἐκκεχυμένον
3743 4238 3843 4290 καὶ
3874 4236 4040 4290 ἀδιά-

2457 4350 2778 4477 φοὲοίίῖίΛΡ.
2821 4424 2909 4475 Ἐν
2938 4420 3322 4491 ἱπποδρομίαις
3348 4420 3443 4473 καὶ
3467 4421 3526 4472 ἐν
3553 4418 3829 4486 παιγνίοις
3864 4418 4049 4486 θυμεσ

787 4511 1051 4564 lntt-ressc
1102 4511 1273 4565 sacris
1321 4511 1515 4565 initiati
1562 4528 1625 4567 ac
1705 4514 1953 4568 monachi
2001 4528 2191 4569 omnes
2251 4514 2353 4569 hoc
2383 4501 2461 4567 DZ

2383 4501 2428 4556 D
2457 4515 2627 4577 λικοῖς
2652 4512 3043 4582 παρουσιάζειν
3075 4512 3405 4580 ίερωμένους
3431 4510 3464 4581 ἤ
3497 4510 3743 4579 ἀσκητάς
3776 4509 4046 4570 ἅπαντας

785 4615 994 4656 ranone
1043 4602 1417 4668 prohibentur.
1485 4602 1621 4668 Quin
1684 4613 1936 4657 vocatum
2000 4606 2067 4656 ad
2133 4606 2349 4673 nuptias

786 4694 1066 4755 clericum,
1102 4692 1190 4745 ubi
1222 4707 1279 4747 se
1308 4693 1538 4761 primum
1574 4694 1816 4749 ludiones
1856 4694 2224 4759 ostenderint,
2264 4710 2349 4750 re-

785 4785 980 4838 cedere
1032 4783 1200 4849 jubet.
1266 4784 1356 4838 Sic
1413 4785 1556 4838 enim
1620 4784 1806 4839 Patres
1858 4786 2029 4840 nostri
2094 4787 2346 4843 docuere.

786 4873 975 4927 Patres
1010 4884 1186 4927 autem
1221 4876 1503 4945 episcopos
1533 4876 1772 4943 intellige
1794 4917 1808 4940 ,
1841 4877 1933 4944 qui
1982 4877 2038 4929 in
2084 4875 2349 4933 Laodicea

784 4966 1097 5034 congregati
1135 4967 1399 5035 synodum
1433 4968 1484 5019 in
1516 4981 1577 5020 ca
1634 4968 1770 5020 urbe
1812 4966 2173 5022 celebravere.
2214 4967 2347 5023 Nam

786 5062 846 5106 ut
876 5069 1034 5107 sacro
1066 5055 1256 5109 ordine
1283 5055 1472 5108 initiati
1517 5054 1763 5109 homines
1790 5055 2042 5107 clericive
2092 5056 2182 5108 alii
2218 5095 2233 5120 ,
2286 5057 2351 5109 ad

791 5142 953 5213 185
994 5144 1296 5212 nuptiarum
1331 5156 1425 5199 aut
1448 5145 1677 5199 convivii
1712 5144 2080 5199 celebritatem
2130 5147 2303 5201 vocati
2337 5187 2353 5212 ,

786 5236 1107 5301 spectaculis
1140 5252 1244 5290 non
1275 5237 1546 5297 intersint,
1578 5237 1671 5291 sed
1725 5246 2010 5304 antequam
2066 5236 2357 5293 histriones

785 5327 1177 5395 producantur.
1200 5336 1491 5397 exsurgant
1517 5341 1683 5395 seque
1717 5327 1839 5380 inde
1867 5337 2202 5391 removeam,
2235 5328 2353 5395 ejus

785 5420 973 5488 synodi
1006 5428 1197 5487 quarto
1217 5430 1269 5474 et
1292 5420 1736 5490 quinquagesimo
1754 5433 1961 5474 canone
1996 5418 2348 5473 constitutum

2456 4605 2791 4675 ἀπαγορεύει
2820 4604 2848 4656 ό
2882 4601 3062 4655 κανὼν
3087 4597 3260 4664 οὗτος.
3299 4602 3460 4655 Ἀλλά
3494 4600 3599 4654 κᾶν
3624 4600 3904 4671 κληρικός
3928 4617 4043 4661 τις,

2456 4699 2646 4767 φησὶν,
2681 4699 2760 4759 εἱς
2788 4697 2966 4765 γάμον
2997 4693 3246 4763 κληθείη,
3300 4694 3389 4745 ὅτε
3446 4694 3513 4746 τὰ
3576 4692 3808 4757 παίγνια
3850 4692 4047 4744 εἱσέλ-

2460 4787 2629 4850 θοιεν,
2664 4786 2807 4838 οὕτω
2851 4783 3204 4853 ἀναχωρείτω
3240 4782 3471 4835 ἐκεῖθεν.
3506 4781 3664 4834 Οὕτω
3691 4782 3803 4849 γὰρ
3831 4784 3887 4833 οἱ
3926 4784 4048 4834 Πα-

2457 4877 2611 4947 τέρες
2645 4875 2804 4945 ἡμῶν
2828 4874 3094 4937 ἐδίδαξαν.
3126 4873 3375 4941 Πατέρας
3418 4871 3463 4923 δ’
3514 4869 3750 4922 ἐνταῦθά.
3779 4886 3963 4938 φασιν
3995 4871 4048 4922 οἱ

2453 4968 2552 5034 τῆς
2586 4965 2805 5018 συνόδου
2833 4964 3034 5033 ταύτης
3062 4963 3204 5029 τοὺς
3253 4964 3311 5016 ἐν
3344 4960 3641 5031 Λαοδικείᾳ
3673 4960 4049 5018 συνελθόντας

2456 5058 2811 5118 ἐπισκόπους,
2846 5056 2941 5108 καὶ
2967 5057 3095 5116 τοὺς
3125 5056 3241 5105 ἐκεῖ
3272 5053 3760 5121 συγκροτήσαντας
3788 5052 4046 5103 σύνοδον,

2455 5147 2589 5217 Φησὶ
2620 5147 2725 5216 γὰρ
2758 5147 2785 5198 ὁ
2815 5146 2886 5197 νὶ¹
2947 5144 3046 5212 τῆς
3076 5143 3335 5211 τοιαύτης
3372 5141 3589 5193 συνόδου
3646 5142 3832 5193 κανὼν
3869 5142 3956 5193 ὅτι
3983 5141 4048 5190 οὐ

2456 5238 2537 5289 δεῖ
2570 5236 2875 5306 ἱερατικοὺς
2910 5237 2944 5307 ἢ
2991 5233 3287 5304 κληρικούς
3322 5249 3474 5293 τινας
3519 5229 3756 5298 θεωρίας
3804 5230 4047 5298 θεωρεῖν

2455 5332 2515 5383 ἐν
2560 5330 2721 5399 γάμῳ
2752 5328 2785 5398 ἦ
2819 5328 3076 5389 δείπνοις,
3107 5326 3243 5379 ἀλλά
3271 5324 3378 5393 πρὸ
3415 5322 3509 5376 τοῦ
3551 5320 3914 5391 είσέρχεσθαι
3946 5322 4045 5372 θυι

2461 5422 2717 5491 με).ικοί›ς
2748 5418 3057 5489 ἐγείρεσθαι
3087 5418 3309 5481 αὐτοὺς,
3332 5417 3427 5469 καὶ
3449 5418 3757 5487 ἀναχωρεῖν
3791 5416 4041 5468 ἐκεῖθεν.

2002 5570 2197 5632 Guill.
2238 5573 2565 5652 Bcvcrcgii
2606 5582 2791 5635 nota).

861 5704 970 5772 (89)
999 5710 1099 5761 Ἐιι
1133 5707 1247 5761 τῶν
1277 5704 1688 5775 τετραμμένων
1710 5701 2021 5771 παιγνίων.
2049 5700 2179 5756 Mss.
2204 5703 2535 5760 Amcrbacbi

2369 5703 2670 5760 bacbianus
2702 5714 2754 5761 ct
2808 5704 3149 5760 Aitonicnsis
3200 5705 3404 5760 rectius
3465 5712 3650 5773 tegunt
3694 5701 4038 5766 ἐπιτετραμ-

790 5768 984 5837 μένων.
