4240 6442
229 393 331 454 ἶι9ῗ

227 511 289 560 Οἱ
325 509 429 574 μὲν
465 510 556 563 οὖν
591 514 681 579 τῆς
717 517 772 566 ἐν
805 519 1095 589 Λαοδικείᾳ
1129 525 1345 576 συνόδου
1388 527 1486 578 ούκ
1518 529 1796 592 ἐπήγαγον
1826 532 1872 587 Α

840 520 1095 589 ,αιδικείᾳ
1129 525 1345 576 συνόδου
1388 527 1486 578 οὐκ
1518 529 1796 592 ἐπήγαγον
1826 532 1872 587 Α
1901 537 1999 582 est.
2035 530 2139 583 Sed
2171 533 2365 583 nullam
2414 531 2475 582 iis
2503 570 2514 590 ,

224 603 337 660 τοῖς
373 603 446 670 μὴ
478 606 702 671 τηροῦσι
736 609 824 658 τὸν
859 611 1056 663 κανόνα
1093 632 1141 664 τι
1181 617 1477 683 ἐπιτίμιον⁸
1526 619 1574 668 οἱ
1605 618 1658 668 δὲ
1703 622 1798 684 τῆς

223 691 392 758 ἒκτης
431 694 630 763 ταύτης
674 699 889 750 συνόδου
937 702 1248 754 παύσασθαι
1306 708 1430 768 τοὺς
1476 707 1715 758 τοιοῦτον
1749 725 1800 759 τι

225 782 518 844 ποιοῦντας
544 789 892 855 παραινοῦσι,
947 795 1020 859 μὴ
1070 797 1408 863 παυομένους
1442 798 1519 858 δέ,
1556 798 1670 850 ἀλλ’
1720 799 1799 850 ἔτι

225 874 524 940 ἐχομένους
569 879 666 946 τῆς
718 884 1023 952 ἀσχήμονος
1065 888 1338 955 πράξεως,
1393 890 1487 942 καὶ
1524 890 1800 959 καθαιρεῖ-

226 963 352 1015 σθαι
387 969 788 1034 προστάσσουσι
805 1013 817 1027 .

232 1073 249 1102 ς
297 1054 518 1110 ΑΡΙΣΤ.
575 1059 847 1130 Κληρικὸς
895 1064 927 1134 ἣ
986 1066 1213 1135 μοναχὺς
1289 1070 1345 1118 ἐν
1411 1070 1798 1139 ἱπποδρομίαις

305 1165 320 1192 ι
371 1147 559 1210 ἀνιὼν,
587 1150 618 1218 ἢ
650 1153 743 1204 καὶ
778 1155 1086 1222 μελλόντων
1145 1159 1375 1212 εἰσιέναι
1407 1160 1713 1229 θυμελικῶν
1741 1163 1799 1212 ἐν

302 1261 318 1287 ι
374 1241 562 1308 γάμῳ,
597 1245 670 1312 μὴ
706 1246 996 1314 προεξιὼν,
1023 1249 1440 1320 καθαιρείσθω.»

297 1421 412 1472 Οὐκ
444 1422 606 1485 εὐθὺς
656 1424 998 1494 καθαιρεῖται
1051 1430 1077 1480 ὁ
1113 1428 1394 1496 κληρικδς,
1449 1432 1614 1496 ἡνίκα
1642 1434 1685 1484 δ’
1736 1435 1798 1485 Ξιν

223 1529 302 1562 ξ’.
355 1514 533 1580 γάμον
572 1514 790 1582 κληθεὶς
836 1517 936 1569 ούκ
973 1519 1244 1589 ἐξαναστῇ
1294 1524 1386 1574 καὶ
1444 1523 1799 1596 ύποχωρήσῃ.

226 1613 256 1645 τ
276 1597 337 1646 ἷιν
375 1597 507 1664 πρὸς
535 1600 752 1666 ἀπάτην
776 1602 1180 1671 είσερχομένων
1207 1608 1496 1674 παιγνίων·
1530 1610 1646 1660 ἀλλ’
1670 1612 1802 1662 ὀπό-

221 1704 323 1737 ταν
352 1688 512 1740 τοῦτο
559 1694 746 1754 ποιῶν,
778 1696 838 1745 ού
887 1695 1135 1749 πείθεται
1187 1699 1480 1751 παύεσθαι·
1523 1701 1594 1770 μὴ
1629 1703 1802 1754 παυό-

225 1795 389 1842 (LW);
420 1778 497 1836 δὲ,
524 1781 901 1846 καθαιρεῖται.
944 1787 1225 1850 Ὡσαύτως
1267 1791 1358 1842 καὶ
1389 1792 1416 1841 ὁ
1445 1793 1517 1843 ἐν·
1540 1794 1801 1863 ἱπποδροσι

225 1887 259 1933 ξι
281 1871 380 1930 αις
412 1871 811 1943 ἀπερχόμενος.

815 1968 1051 2022 ΚΑΝΩΝ
1090 1975 1131 2025 Κ
1143 1975 1214 2028 Ε’.

227 2068 247 2096 τ
301 2051 443 2121 Πρὸς
472 2057 583 2116 τοῖς
629 2057 813 2120 ἄλλοις
851 2063 1188 2130 ἁνανεοῠμεν
1218 2067 1310 2120 καὶ
1341 2069 1431 2120 τὶν
1465 2073 1665 2124 κανόνα
1707 2072 1799 2123 τὸν

302 2162 317 2188 ἰ
370 2143 757 2213 διαγορεύοντα
779 2152 873 2212 τὰς
894 2153 1017 2204 καθ’
1044 2154 1280 2226 ἑκάστην
1301 2160 1598 2228 ἐκκλησίαν
1611 2164 1802 2231 ἀγροιο

297 2250 313 2279 ι
369 2238 528 2296 κικέις
561 2243 854 2306 παροικίας
885 2243 915 2309 ἧ
951 2246 1252 2313 ἐγχωρίους
1288 2249 1469 2317 μένειν
1501 2253 1794 2317 ἁπαρασα-

295 2343 312 2370 ε
365 2324 587 2388 Λεύτονς
623 2331 771 2395 παρὰ
823 2334 938 2394 τοῖς
985 2338 1308 2405 κατέχουσιν
1363 2341 1530 2402 αύτὰς
1579 2343 1798 2394 ἐπισκό-

297 2431 319 2460 σ
369 2431 511 2478 ποις,
535 2419 630 2469 καὶ
650 2420 906 2487 μάλιστα,
930 2425 977 2476 εἰ
1000 2431 1392 2498 τριακονταετῆ
1420 2432 1607 2501 χρόνον
1625 2434 1796 2494 αὑτὰς

298 2525 316 2551 ‹
367 2506 645 2570 ὰ6;άστ‹ιις
712 2511 1127 2583 διακατέχοντες
1199 2521 1576 2590 ᾠκονόμησαν.
1629 2525 1692 2576 El
1740 2524 1796 2576 δὲ

297 2615 316 2639 4
367 2596 516 2659 ἐντὸς
545 2600 650 2650 τίειν
678 2603 971 2670 τριάκοντα
998 2606 1133 2657 ἐτῶν
1161 2613 1454 2678 γεγένηταί
1474 2631 1554 2675 τις
1579 2614 1610 2682 ἦ
1637 2616 1798 2684 γένη-

294 2705 310 2730 σ
364 2703 454 2738 ται
489 2691 614 2756 περὶ
660 2693 789 2743 αὐτὸ
835 2695 1268 2767 ἀμφισϐήτησις,
1318 2701 1517 2764 ἐξεῖναι
1552 2708 1666 2766 τοῖς
1712 2707 1795 2757 λέ-

296 2797 316 2822 c
368 2783 878 2855 γουσινὴδικῆσοαι
924 2790 1049 2856 περὶ
1103 2790 1291 2844 τούτου
1323 2797 1489 2847 κινεῖν
1525 2797 1675 2866 παρὰ
1722 2801 1788 2867 τῇ

297 2889 313 2916 ι
371 2871 572 2939 συνόδῳ
597 2876 692 2941 τῆς
725 2877 1014 2946 ἐπαρχίας.
1064 2898 1084 2930 ι

293 2958 492 3010 ΗᾹΛΣ.
526 2955 694 3023 Οὗτος
727 2966 754 3015 ὁ
781 2967 1174 3036 ἀνανεούμενος
1208 2971 1386 3024 κανὼν
1425 2975 1524 3040 τῆς
1548 2975 1590 3027 δ’
1636 2979 1792 3029 συνὸο

217 3051 309 3099 ἰδίω
354 3053 472 3102 ἐστὶ
527 3053 704 3106 κανῶν
767 3055 830 3118 ιζ’
858 3074 871 3088 ·
901 3060 994 3111 καὶ
1039 3062 1313 3128 ἀνάγνωθι
1349 3068 1444 3132 τὴν
1495 3067 1793 3136 ἑρμηνείαν

215 3161 412 3196 αυτου.

290 3236 537 3290 ΖΩΝΑΡ.
569 3233 738 3300 Οὗτος
767 3241 795 3292 ό
823 3243 1221 3314 ἀνανεούμενος
1260 3248 1442 3299 κανὼν
1475 3251 1571 3317 τῆς
1600 3255 1788 3323 τετάρ-

213 3339 318 3390 της
345 3325 566 3377 συνόδου
582 3328 728 3379 ἐστὶν
745 3330 1228 3397 ἑπτακαιδέκατος,
1246 3337 1305 3399 ὃς
1329 3338 1569 3410 semen
1590 3344 1791 3396 ἐκεῖσε·

216 3418 310 3464 καῖ
348 3414 610 3482 ζητητέον
643 3420 711 3471 τὰ
737 3422 852 3472 ἐκεῖ
879 3425 1267 3494 γεγραμμένα.

218 3523 241 3554 ο
322 3508 551 3560 ΛΡΙΣΤ.
625 3511 967 3580 Ἀγροικικαὶ
1015 3518 1110 3568 καὶ
1167 3519 1424 3589 ἐγχώριοι
1482 3526 1793 3595 παροικίαι,

299 3617 316 3648 ι
368 3601 460 3651 ἐπὶ
491 3605 946 3670 τριακονταετίαν
975 3609 1292 3676 ἐρχόμεναι.
1331 3615 1754 3682 κατεχέσθωσαν
1778 3637 1791 3650 ·

297 3711 314 3739 ι
364 3691 512 3743 ἔνδον
543 3693 622 3759 δὲ,
658 3694 719 3746 τὸ
746 3697 1228 3769 ἀμφισσητήσιμον
1255 3702 1456 3768 ἕξουσι.
1503 3723 1523 3757 ι

306 3783 657 3849 Ἀγροικικὰς
692 3789 989 3855 παροικίας
1016 3790 1161 3857 λέγει
1184 3791 1284 3862 [ὡς
1314 3795 1406 3846 καὶ
1433 3797 1490 3847 ἐν
1521 3797 1597 3866 τῷ
1621 3799 1792 3851 ἐπτα-

216 3872 530 3944 καιδεκάτῳ
563 3878 748 3928 κανόνι
782 3879 880 3947 τῆς
916 3883 975 3932 ὲν
1031 3884 1335 3952 Χαλκηδόνι
1373 3890 1594 3941 συνόδου
1629 3893 1793 3961 ἐγρά-

215 3963 429 4035 ψαμεν]
477 3967 602 4029 τοὺς
640 3967 952 4028 ίδιωτάτους
973 3972 1082 4024 τῶν
1113 3975 1418 4043 ἐκκλησιῶν
1442 3979 1666 4048 ἀγροὺς,
1698 3983 1789 4034 καὶ

219 4053 299 4120 μὴ
337 4053 900 4125 ἀνακεκοινωμένους,
952 4061 1089 4123 ὅλως
1130 4063 1291 4124 δντας
1324 4065 1382 4116 ἐν
1429 4085 1539 4120 τισι
1574 4069 1789 4138 κώμαις

215 4145 250 4211 ἢ
281 4143 374 4193 καὶ
404 4143 644 4211 χωρίοις
696 4144 788 4206 οὓς
830 4146 926 4199 καὶ
967 4148 1211 4216 μονοίκιπι
1249 4151 1342 4203 νῦν
1376 4153 1629 4219 λέγουσιν
1651 4169 1666 4183 ·
1696 4158 1789 4224 ἐγ-

216 4235 456 4303 χωρίους
505 4235 564 4288 δὲ
595 4238 720 4299 τοὺς
753 4240 812 4291 ἐν
869 4239 1057 4307 μέσοις
1093 4243 1314 4311 χωρίοις
1356 4244 1391 4313 ἢ
1427 4245 1641 4312 κώμαις
1675 4265 1791 4300 κει-

219 4326 421 4392 μένους
448 4325 672 4395 ἁγρούς.
706 4327 772 4380 Ei
798 4345 886 4391 τις
924 4325 1020 4383 οὖν
1049 4331 1155 4384 τῶν
1177 4333 1493 4387 ἐπισκόπων
1516 4337 1609 4388 ἐπὶ
1634 4355 1787 4406 τρια-

216 4415 539 4468 κονταετίαν
587 4419 818 4488 κατέσχε
858 4420 1114 4491 τοιαύτην
1158 4425 1279 4474 τινὰ
1312 4426 1653 4496 ἐγχώριον,ἢ
1694 4431 1785 4481 καὶ

1257 414 1334 471 IN
1377 414 1539 474 CAN.
1589 415 1740 472 XXV
1782 413 1989 474 CONC.
2032 414 2113 472 IN
2154 415 2478 475 TRUI.L0.

2569 531 2656 596 qui
2724 529 2913 581 eanoni
2964 542 3068 582 non
3117 527 3462 594 paruissent,

1915 617 2223 671 Laodicenis:
2244 620 2431 688 synodi
2464 618 2648 669 Patres
2688 620 2971 669 decrevere
3004 632 3235 681 pinnam.
3278 616 3463 668 Patres

1905 720 2079 759 autem
2105 722 2270 761 sexuc
2307 707 2526 772 hujusce
2558 705 2766 775 synodi,
2813 706 3025 770 nequid
3051 704 3223 755 simile
3281 705 3333 754 in
3362 717 3455 768 p0—

1903 810 2104 850 sterum
2130 800 2321 866 aliquis
2353 801 2567 859 audeat,
2595 799 2795 865 quique
2835 810 2996 846 ausus
3044 796 3196 845 fuerit
3224 839 3234 854 ,
3290 807 3465 859 neque

1904 908 1960 942 se
1992 893 2060 944 ab
2089 892 2351 960 ejusmodi
2385 890 2729 942 deformitate
2757 886 3069 944 removerit,
3101 885 3258 937 etiam
3305 885 3467 952 depo-

1905 983 2100 1034 sitione
2132 984 2343 1035 multari
2371 982 2580 1050 jubent.

1979 1074 2204 1128 AlllS'l‘.
2239 1096 2255 1127 ι
2293 1075 2533 1128 Clericus
2565 1071 2643 1126 vel
2685 1074 2994 1130 monachus,
3032 1071 3120 1137 qui
3178 1070 3242 1121 ad
3297 1083 3464 1135 equo-

1911 1185 1930 1218 ι
1971 1183 2088 1220 rum
2141 1182 2326 1220 cursus
2379 1180 2436 1217 se
2481 1162 2711 1224 confert,
2743 1165 2822 1214 vel
2864 1165 2913 1215 in
2970 1161 3349 1229 nuptiis,cum
3387 1160 3464 1210 in-

1911 1275 1930 1307 ‹
1976 1256 2212 1326 gressuri
2245 1264 2370 1309 sunt
2397 1255 2688 1308 histriones
2717 1295 2730 1312 .
2759 1269 2863 1307 non
2908 1254 3054 1322 prius
3099 1252 3208 1303 exit
3236 1288 3251 1310 ,
3303 1250 3468 1317 depo-

1911 1368 1929 1399 ι
1972 1359 2145 1401 natur.
2183 1367 2201 1399 ι

1977 1440 2089 1494 Non
2127 1441 2310 1494 statim
2351 1438 2632 1506 deponitur
2656 1437 2880 1488 clericus
2907 1436 3121 1504 quando
3153 1435 3215 1486 ad
3251 1434 3465 1500 nuptias

1908 1543 2128 1585 vocatus
2160 1548 2264 1585 non
2297 1534 2466 1597 surgit
2494 1540 2547 1583 et
2581 1529 2964 1586 discedit,cnm
2998 1528 3061 1580 ad
3095 1527 3468 1592 deceptionem

1907 1626 2029 1678 facti
2067 1627 2331 1692 incipiunt
2366 1623 2506 1686 ludi;
2542 1623 2633 1675 sed
2658 1623 2870 1689 quando
2900 1622 2997 1672 hoc
3033 1619 3231 1673 faciens
3255 1633 3470 1671 cessare

1907 1733 2009 1770 non
2041 1717 2441 1781 persuadeatur.
2471 1716 2583 1768 Non
2641 1726 2862 1767 cessans
2905 1721 3080 1763 autem
3139 1709 3424 1778 deponitur
3449 1747 3467 1771 ,

1906 1819 1961 1861 ut
1997 1809 2088 1877 qui
2116 1823 2376 1876 equorum
2404 1808 2760 1876 cursusadit.

2471 1985 2698 2042 (JANON
2729 1984 2894 2039 XXV.

1911 2103 1929 2134 ε
1969 2083 2232 2137 Ρταξιετρο
2284 2096 2606 2135 renovamus
2652 2081 2815 2133 etiam
2865 2093 3126 2132 canouem
3154 2116 3169 2140 ,
3209 2075 3298 2143 qui
3344 2075 3472 2128 dicit

1980 2195 1999 2225 ‹
2037 2174 2454 2242 uniuscujusque
2497 2172 2746 2226 Ecclesiae
2774 2182 3013 2236 agrestes
3039 2207 3053 2231 ,
3090 2181 3142 2222 et
3170 2184 3290 2236 qua:
3341 2175 3472 2220 sunt

1977 2287 1997 2318 ε
2034 2269 2082 2320 in
2119 2269 2354 2334 regione,
2385 2266 2670 2332 paroeltias
2696 2265 2877 2315 firmas
2927 2276 3141 2315 manere
3169 2260 3306 2327 apud
3352 2260 3468 2326 epi-

1985 2380 2001 2409 ς
2041 2372 2234 2424 scopas
2265 2357 2358 2425 qui
2394 2371 2486 2408 eas
2517 2354 2812 2420 possident,
2847 2364 2902 2406 et
2934 2351 3164 2404 maxime
3202 2352 3244 2404 si
3276 2350 3345 2404 50
3369 2365 3467 2402 an-

1978 2467 1996 2496 c
2039 2461 2227 2499 norum
2259 2446 2431 2514 spatio
2455 2458 2548 2498 eas
2582 2444 2700 2495 sine
2742 2442 2788 2493 vi
2841 2442 3176 2507 possidentes
3231 2439 3465 2492 admini-

1983 2559 1998 2586 ι
2037 2538 2342 2592 straverinl.
2375 2537 2429 2588 Si
2470 2545 2650 2587 autem
2705 2534 2844 2585 intra
2909 2533 2978 2585 50
3036 2546 3204 2584 annos
3238 2531 3337 2583 fuit
3385 2528 3466 2583 vel

1980 2649 1996 2681 ι
2038 2630 2197 2682 fuerit
2226 2628 2403 2697 aliqua
2441 2627 2506 2678 de
2540 2627 2606 2677 iis
2634 2623 3018 2684 contrmersia,
3050 2624 3206 2675 lit-ere
3259 2624 3345 2684 iis,
3374 2625 3462 2690 qui

1979 2739 1996 2770 ι
2037 2735 2094 2772 se
2123 2718 2317 2787 injuria
2342 2716 2562 2770 allectos
2595 2716 2796 2776 dicunt,
2827 2717 2893 2767 de
2940 2729 3005 2766 eo
3057 2716 3317 2767 actionem
3357 2729 3470 2767 ino-

1978 2829 1997 2860 ο
2035 2824 2158 2863 vere
2197 2809 2334 2877 apud
2365 2811 2625 2877 synodum
2663 2806 2968 2874 provincim.

2435 2894 2454 2915 -Ι

1977 2990 2163 3042 BALS.
2207 2989 2302 3040 llic
2329 2996 2617 3041 renovatus
2649 3002 2818 3038 canon
2852 2994 2936 3038 est
2982 2985 3013 3036 4
3069 2985 3252 3052 synodi
3289 2997 3458 3038 ctum:

1903 3082 1991 3142 l7,
2017 3091 2069 3134 et
2100 3082 2212 3148 lege
2242 3080 2356 3147 ejus
2388 3079 2905 3144 interpretationem.

1970 3250 2221 3304 ZO‘NAR.
2263 3251 2356 3304 Est
2385 3251 2429 3303 is
2468 3265 2640 3302 canon
2672 3290 2684 3312 ,
2711 3265 2868 3318 quem
2902 3250 3000 3301 hoc
3039 3249 3156 3300 loco
3187 3256 3464 3307 rcunvnn',

1899 3347 2101 3403 quarta:
2133 3337 2320 3405 synodi
2356 3337 2597 3390 decimus
2616 3340 2894 3404 septimus.
2931 3337 3039 3390 Nos
3070 3352 3189 3387 eum
3223 3352 3320 3388 suo
3347 3334 3464 3387 loco

1897 3427 2301 3494 explicavimus.
2334 3426 2410 3480 Tu
2445 3442 2564 3496 qua:
2589 3427 2656 3479 ibi
2686 3429 2883 3493 scripta
2919 3437 3041 3480 sunt
3090 3426 3226 3477 vide.

1968 3517 2193 3572 ARIST.
2233 3537 2252 3570 ι
2285 3521 2537 3587 Agrestes
2564 3529 2615 3570 et
2649 3519 2942 3585 regionales
2977 3519 3222 3583 parmriae
3248 3516 3462 3584 triginta

1902 3629 1921 3659 ε
1958 3625 2125 3662 annos
2182 3615 2443 3678 posSessm
2485 3610 2843 3662 retineantur.
2897 3609 3040 3661 Intra
3103 3620 3281 3660 autem
3336 3607 3465 3660 illud

1902 3722 1920 3752 ‹
1961 3711 2171 3770 tempus
2204 3702 2570 3754 controversia
2598 3702 2661 3752 de
2694 3701 2757 3753 iis
2780 3708 3077 3752 moveatur.

1963 3793 2213 3860 Agrestes
2241 3793 2510 3861 parmcias
2550 3791 2672 3843 dicit
2700 3791 2856 3856 (utet
2899 3791 2951 3841 in
2983 3788 3194 3840 decimo
3235 3789 3462 3855 septimo

1892 3884 2081 3951 synodi
2111 3881 2566 3936 Chalcedonensis
2587 3895 2793 3933 canone
2847 3878 3181 3946 scripsimus)
3234 3879 3464 3931 maxime

1894 3975 2138 4040 praprios
2171 3973 2517 4026 ecclesiarum
2559 3987 2736 4038 agros,
2770 3981 2823 4023 et
2855 3985 2960 4022 non
2993 3969 3111 4022 aliis
3155 3969 3463 4021 communi-

1891 4075 2059 4126 catos,
2089 4063 2178 4132 (ιιιί
2217 4066 2423 4128 integre
2453 4071 2575 4114 sunt
2605 4063 2655 4113 in
2695 4061 2825 4113 vicis
2849 4058 3164 4127 quibusdam
3189 4066 3279 4110 aut
3311 4059 3462 4126 oppi-

1892 4152 2049 4213 dulis,
2081 4167 2216 4219 quos
2261 4163 2315 4202 et
2361 4152 2623 4205 nimim-ia
2681 4165 2822 4203 nunc
2881 4157 3112 4202 vocant:
3163 4147 3462 4213 regionales

1890 4254 2067 4298 autem
2101 4258 2280 4314 agros,
2310 4243 2363 4297 in
2401 4244 2592 4296 mediis
2643 4243 2953 4311 regionibus
3007 4252 3100 4292 aut
3133 4239 3265 4292 vicis
3306 4239 3455 4292 sitos.

1890 4337 1944 4388 Si
1977 4335 2099 4404 quis
2129 4336 2310 4403 itaque
2327 4335 2700 4403 episcoporum
2735 4347 2828 4400 per
2851 4331 3072 4398 triginta
3104 4344 3276 4382 annos
3298 4328 3456 4381 talem

1888 4427 2123 4493 aliquam
2155 4424 2482 4494 regionalem
2511 4435 2600 4476 aut
2637 4433 2902 4490 agrestem
2950 4420 3239 4489 parmciam
3273 4434 3459 4486 possc-

214 4508 547 4578 ἁγροικικὴν
566 4511 877 4578 παροικίαν,
902 4513 1072 4583 ἑτέρῳ
1094 4515 1460 4585 διαφέρουσαν
1479 4519 1784 4588 ἐπισκόπῳ,
1823 4534 1864 4586 ι)

1779 4564 1784 4581 ,
1823 4534 1864 4586 ι)
1895 4516 1968 4566 dit
1999 4515 2062 4567 ad
2091 4513 2253 4567 alium
2288 4514 2642 4582 pertinentem
2677 4513 3006 4580 episcopum,
3032 4519 3085 4564 et
3107 4511 3171 4562 de
3201 4525 3261 4563 ea
3313 4509 3453 4561 nulla

215 4599 317 4649 καὶ
349 4598 609 4667 οὐδεμίαν
641 4600 850 4670 ὑπέστη
896 4602 1118 4674 ὄχλησιν
1148 4609 1278 4675 περὶ
1310 4609 1478 4677 αὐτῆς
1515 4611 1662 4673 ἐντὸς
1687 4612 1787 4681 τῆς

214 4691 784 4758 τριακονταετηρίδος,
814 4693 1284 4762 ἀπαρασαλεύτως
1312 4699 1516 4769 ταύτην
1548 4703 1785 4766 καθέξειο

213 4778 267 4827 εί
308 4776 364 4829 δὲ
395 4778 696 4845 ἀμφιϐολία
727 4782 915 4848 γέγονε
954 4784 1083 4852 περὶ
1112 4785 1284 4853 αὐτῆς
1342 4778 1504 4855 μέσον
1547 4790 1787 4858 ἀμφοτέ-

214 4885 331 4935 ρων
360 4868 466 4919 τῶν
500 4871 836 4934 ἐπισκόπων,
866 4873 1034 4942 μήπω
1072 4875 1170 4944 τῆς
1202 4881 1652 4946 τριακονταετίας
1677 4899 1784 4935 πα-

218 4957 632 5026 ραδραμούσης,
686 4960 861 5022 ἔξεστι
897 4963 976 5032 τῷ
1002 4965 1234 5033 οἰομένῳ
1289 4966 1592 5020 ἀδικεῖσθαι
1631 4973 1783 5040 παρὰ

211 5052 281 5117 τῇ
345 5048 551 5119 συνόδῳ
583 5051 680 5120 τῆς
725 5053 860 5114 ἰδίας
900 5055 1166 5124 ἐπαρχίας
1192 5057 1318 5127 περὶ
1354 5059 1557 5130 ταύτης
1595 5065 1786 5116 κινεῖν.

785 5143 1022 5195 ΚΑΝΩΝ
1084 5145 1228 5212 xq'.

219 5250 238 5279 ι
295 5231 693 5300 Ιῐρεσϐύτερον,
746 5234 836 5285 τὸν
884 5236 1024 5287 κατὰ
1080 5236 1300 5303 ἄγνοιαν
1338 5239 1560 5311 ἀθέσμῳ
1624 5245 1787 5315 γάμῳ

294 5340 312 5369 ‹
364 5323 759 5390 περιπαρέντα,
795 5324 1062 5389 καθέδρας
1092 5328 1189 5395 μὲν
1236 5330 1505 5397 μετέχειν,
1539 5336 1678 5386 κατὰ
1720 5339 1787 5388 τὰ

297 5434 313 5459 1
366 5413 473 5463 ύπδ
493 5412 585 5464 τοῦ
621 5413 767 5482 ἱεροῦ
793 5414 1015 5478 κανόνος
1039 5418 1168 5486 ἡμῖν
1196 5421 1644 5490 νομοθετηθέντα,
1677 5425 1785 5477 τῶν

291 5522 314 5557 σ
357 5506 415 5557 δὲ
439 5506 640 5558 λοιπῶν
690 5508 978 5578 ἐνεργειῶν
1009 5511 1328 5580 ἀπέχεσθαι.
1371 5513 1627 5583 Ἀρκετὺν
1672 5519 1784 5588 γὰρ

299 5616 318 5646 σ
367 5597 446 5665 τῷ
498 5599 724 5668 τοιούτῳ
767 5601 799 5669 ή
842 5600 1164 5670 συγγνώμη.
1213 5603 1467 5671 Εὑλογεῖν
1497 5605 1552 5657 δὲ
1599 5607 1785 5676 ἕτερον

294 5708 309 5733 ι
362 5686 454 5738 τὸν
503 5687 568 5738 τὰ
620 5690 793 5742 οίκεία
838 5691 1092 5760 τημελεῖν
1140 5693 1420 5760 ὀφείλοντα
1469 5697 1781 5765 τραύματα,

290 5795 311 5825 ι
362 5778 738 5832 ἀνακόλουθον.
786 5781 1016 5846 Εὖλογία
1051 5783 1157 5850 γὰρ
1189 5783 1463 5853 ἁγιασμοῦ
1499 5785 1782 5853 μετάδοσίς

1895 4615 2136 4658 movetur
2171 4606 2412 4660 molestia
2449 4607 2586 4658 intra
2629 4605 2842 4664 triginta
2897 4617 3156 4654 annorum
3201 4601 3451 4668 spatium,

1891 4714 2007 4749 eam
2063 4698 2185 4751 inde
2219 4712 2325 4750 non
2361 4698 2654 4751 movendus
2694 4695 3006 4764 possidebit.
3050 4692 3104 4745 Si
3132 4703 3309 4745 autem
3369 4692 3453 4743 iu-

1892 4796 1973 4840 ter
1997 4787 2180 4842 ambos
2213 4788 2497 4854 episcopos
2522 4796 2660 4838 mota
2689 4786 2753 4837 de
2787 4799 2846 4838 ea
2899 4783 3058 4836 fuerit
3087 4782 3453 4836 controversia

1891 4878 2200 4945 peiusquam
2226 4877 2442 4946 triginta
2473 4878 2597 4930 anni
2623 4877 2788 4945 elapsi
2819 4875 3044 4940 fuerint,
3077 4876 3201 4928 licet
3245 4875 3316 4936 ei,
3360 4875 3450 4941 qui

1889 4968 1990 5020 sibi
2016 4967 2265 5036 injuriam
2296 4968 2412 5022 fieri
2449 4978 2596 5022 ratus
2615 4979 2717 5031 est,
2748 4968 2885 5033 apud
2913 4967 3143 5037 propria:
3168 4966 3455 5034 provincia:

1889 5059 2148 5127 synodum
2177 5057 2441 5113 actionem
2469 5073 2704 5112 movere.

2460 5149 2684 5204 CANON
2723 5149 2908 5206 XXVI.

1897 5260 1914 5289 ι
1977 5240 2356 5308 Presbyterum
2436 5256 2530 5307 per
2587 5241 2942 5308 ignorantiam
3006 5240 3202 5294 illicitis
3253 5238 3451 5304 nuptiis

1968 5349 1985 5379 ι
2020 5331 2346 5400 implicatum
2375 5346 2496 5385 esse
2518 5334 2733 5400 quidem
2775 5333 3048 5386 cathedrae
3089 5329 3400 5399 participem
3431 5366 3447 5389 ,

1966 5439 1982 5468 ι
2025 5421 2314 5473 secundum
2341 5435 2400 5474 ea
2435 5436 2550 5487 qua!
2572 5431 2698 5476 sunt
2727 5422 2778 5474 in
2800 5435 2956 5474 sacro
2981 5434 3186 5485 canone
3209 5420 3444 5477 decreta,

1965 5529 1982 5561 ι
2020 5528 2047 5562 a
2093 5511 2311 5578 reliquis
2340 5522 2518 5564 autem
2559 5512 2959 5579 operationibus
2983 5510 3274 5563 abstinere.
3325 5509 3451 5560 Ete-

1965 5621 1981 5652 ι
2019 5604 2124 5656 nim
2154 5605 2244 5658 tali
2278 5603 2409 5657 satis
2433 5613 2538 5667 est,
2572 5606 2615 5657 si
2645 5605 2794 5656 venia
2826 5602 3000 5655 detur.
3038 5601 3106 5655 Ut
3149 5611 3324 5652 autem
3360 5596 3448 5650 alii

1964 5714 1981 5744 ς
2023 5696 2304 5749 benedicat
2329 5695 2418 5764 qui
2469 5695 2628 5750 debet
2680 5711 2776 5750 sua
2833 5708 3023 5748 curare
3064 5693 3282 5743 vulnera
3320 5728 3336 5751 ,
3369 5696 3450 5740 est

1965 5804 1982 5834 ι
2022 5787 2394 5847 incongruum.
2439 5785 2748 5840 Benedictio
2775 5787 2917 5840 enim
2954 5792 3035 5837 est
3065 5779 3450 5837 sanctificatio-
