4240 6442
777 391 883 465 599

2030 405 2304 467 TIIEOD.
2350 402 2757 467 BALSAMON

3925 384 4029 471 σοῦ

857 535 878 570 ι
920 517 1003 571 nis
1032 516 1347 587 impertitio.
1377 518 1479 586 Qui
1519 521 1766 589 autemid
1801 536 1904 577 non
1939 522 2099 577 habet
2135 532 2354 591 propter
2380 514 2433 573 Α

2353 541 2354 547 η
2380 514 2433 573 Α
2536 540 2555 570 ‹
2603 523 2771 575 ἐστιν.
2805 521 2863 573 Ὀ
2884 520 2939 573 δὲ
2957 514 3117 575 τοῦτο
3137 520 3214 591 μῆ
3239 518 3379 589 ἔχων
3394 518 3481 572 διὰ
3504 516 3565 571 τδ
3591 518 3653 570 ὲκ
3681 516 3778 587 τῆς
3806 516 4027 587 ἀγνοίας

854 625 877 660 ι
915 609 1170 663 delictum
1214 626 1277 664 ex
1308 611 1635 681 ignorantia,
1660 614 1931 681 quomodo
1962 614 2113 667 alteri
2148 614 2198 665 id
2250 614 2351 667 im-

857 713 878 747 ι
914 698 1109 765 pertiet
1134 698 1157 749 ί
1187 699 1350 769 186
1382 698 1489 753 Nec
1524 714 1653 769 ergo
1687 702 1899 769 publice
1956 718 2055 757 nec
2098 704 2347 771 privatim

858 804 879 841 ι
923 788 1223 854 benedicat,
1260 806 1358 845 nec
1393 791 1602 848 Domini
1630 808 1827 862 corpus
1871 794 1993 849 aliis
2042 794 2349 857 distribuat,

859 898 878 933 σ
915 896 1012 936 nec
1038 882 1254 951 aliquod
1284 884 1427 937 aliud
1453 886 1807 940 ministerium
1851 885 2031 952 obeat,
2061 887 2154 943 sed
2178 888 2349 955 prima

859 992 878 1025 ι
916 974 1041 1027 sede
1065 983 1351 1029 contentus
1377 975 1604 1030 Domino
1644 976 1857 1041 deﬂeat,
1892 987 1950 1031 ut
1990 979 2065 1032 illi
2098 994 2161 1031 ex
2197 979 2350 1046 igno-

859 1083 878 1115 σ
914 1067 1087 1117 rantia
1120 1075 1398 1134 peccatum
1445 1069 1772 1121 remittatur.
1826 1068 2166 1123 Manifestum
2204 1073 2347 1122 enim

858 1178 876 1208 ι
918 1168 1023 1222 est,
1055 1160 1199 1228 quod
1253 1160 1516 1215 nefarium
1553 1160 1858 1215 istiusmodi
1892 1161 2200 1230 coniugium
2243 1164 2355 1216 dis-

859 1269 878 1302 c
917 1251 1176 1315 solvetur,
1210 1265 1309 1305 nec
1339 1252 1421 1305 vir
1450 1266 1570 1305 cum
1597 1266 1659 1305 ea
1683 1252 1795 1305 ullo
1849 1253 2007 1306 modo
2057 1264 2352 1309 consuetu-

859 1361 877 1391 ι
914 1343 1091 1395 dinem
1117 1342 1359 1410 habebit,
1393 1358 1488 1412 per
1525 1359 1684 1414 quam
1706 1359 1859 1400 saera
1890 1345 2205 1414 operatione
2240 1346 2355 1414 pri-

852 1450 871 1481 ι
909 1445 1062 1486 vatus
1090 1444 1193 1488 est.
1250 1452 1268 1484 ι

852 1524 1044 1578 BALS.
1081 1526 1326 1580 Canoues
1356 1525 1661 1583 Neocaesar.
1704 1542 1822 1599 syn.
1856 1536 1983 1585 ante
2028 1541 2348 1596 praesentem

782 1619 1043 1682 synodum
1077 1620 1263 1687 scripti
1300 1632 1447 1675 sum.
1473 1619 1766 1690 Propterea
1817 1622 1960 1676 enim
2005 1632 2060 1677 et
2112 1637 2352 1692 praesens

782 1723 952 1761 canon
992 1710 1201 1762 illorum
1238 1712 1645 1778 compositionis
1687 1713 1950 1773 meminit,
1988 1712 2177 1767 dicens
2210 1728 2351 1767 nono

780 1798 920 1852 illius
951 1801 1138 1869 synodi
1174 1802 1368 1855 canoui
1399 1812 1814 1872 consequenter,
1874 1819 1980 1857 non
2039 1803 2201 1860 licere
2252 1806 2299 1860 ei
2332 1845 2347 1869 ,

778 1891 868 1959 qui
910 1907 1006 1960 per
1038 1892 1395 1959 ignorantiam
1428 1908 1539 1947 sua!
1566 1904 1805 1949 comata;
1863 1895 2099 1963 legitime
2122 1898 2350 1966 conjun-

778 1996 898 2038 etus
932 1992 1033 2050 est,
1058 1994 1109 2038 et
1144 1988 1399 2042 sacerdos
1432 1996 1611 2056 postea
1644 1987 1812 2042 factus
1840 2027 1853 2053 ,
1882 1987 2221 2067 oﬂ'erretvel
2254 1990 2350 2042 ali-

779 2077 905 2141 quid
935 2078 1077 2131 aliud
1112 2078 1447 2133 sacerdotale
1486 2092 1768 2146 exercere;
1805 2082 1898 2135 sed
1950 2082 2063 2136 sola
2095 2080 2348 2137 cathedra

778 2170 998 2238 dignum
1028 2172 1261 2235 censeri,
1290 2173 1544 2240 quoniam
1578 2188 1683 2227 non
1723 2190 1785 2228 ex
1812 2174 2038 2229 scientia
2071 2216 2085 2239 ,
2124 2176 2217 2230 sed
2252 2190 2351 2244 per

779 2262 1141 2329 ignorantiam
1176 2265 1436 2331 peccavit.
1483 2264 1647 2318 Porro
1686 2274 1737 2317 et
1784 2268 2039 2321 cathedra
2092 2276 2219 2321 tunc
2265 2268 2351 2322 di—

779 2368 913 2417 gnus
938 2354 1235 2420 potabitur,
1258 2354 1475 2422 quando
1497 2356 1564 2409 ab
1592 2357 1778 2410 illicito
1801 2358 2051 2426 coniugio
2076 2358 2353 2426 seiunctus

776 2442 962 2504 fuerit,
998 2450 1052 2497 et
1083 2444 1412 2512 paenitentia:
1436 2461 1599 2515 opera
1629 2449 1924 2503 ostenderit
1953 2487 1967 2511 ,
1994 2464 2112 2517 quze
2163 2450 2354 2505 suade-

778 2532 912 2585 bunt
946 2542 1006 2587 ttt
1041 2534 1223 2589 mitius
1250 2550 1369 2588 cum
1404 2550 1467 2589 eo
1503 2548 1718 2607 agatur.
1765 2538 1819 2593 Si
1866 2540 2008 2593 enim
2051 2541 2119 2595 ab
2169 2542 2352 2598 illicito

780 2626 1033 2695 eoujugio
1064 2643 1169 2683 non
1199 2639 1502 2697 separatur,
1537 2634 1831 2701 ignorantia
1865 2635 1997 2690 nihil
2024 2636 2070 2689 ei
2091 2638 2348 2706 proderit;

777 2720 872 2774 sed
903 2737 930 2773 a
964 2721 1313 2791 magistratus
1349 2733 1614 2793 potestate
1644 2734 1697 2782 et
1758 2728 2158 2784 matrimooium
2192 2732 2352 2786 illici-

778 2824 888 2866 tum
922 2814 1267 2872 dissolvetur.
1300 2816 1425 2871 Πίος
1458 2798 1637 2874 autem
1670 2835 1734 2874 ex
1767 2836 1832 2875 eo
1868 2831 2129 2889 apparent
2152 2864 2166 2888 ,
2209 2826 2351 2892 quod

778 2906 909 2960 dicit
940 2921 1145 2962 canon:
1172 2908 1277 2964 Sed
1311 2912 1478 2976 prima
1502 2912 1628 2965 sede
1658 2922 1964 2979 contentus,
2000 2916 2226 2970 Domino
2254 2918 2351 2973 de-

774 2994 935 3060 ﬂeat;
968 3008 1023 3051 et
1047 3012 1111 3051 ex
1135 3014 1199 3052 eo
1226 2999 1367 3069 quod
1399 3001 1563 3056 dicit:
1602 3001 1809 3070 Nuptiae
1841 3014 2020 3061 autem
2050 3006 2350 3065 dissolven-

778 3100 885 3142 tur.
922 3087 1089 3144 Porro
1114 3099 1167 3144 et
1199 3106 1373 3147 nonus
1407 3108 1579 3148 canon
1612 3094 1915 3151 Neocaesar.
1953 3114 2094 3169 syn.,
2132 3110 2352 3170 propter

778 3180 923 3235 aliud
958 3182 1072 3248 ejus
1111 3183 1201 3251 qui
1230 3183 1507 3252 depositus
1538 3197 1620 3242 est
1657 3189 1917 3255 studium,
1952 3206 2072 3246 eum
2110 3193 2162 3247 in
2229 3194 2354 3248 reli-

777 3274 898 3335 quis
922 3287 1135 3341 quoque
1185 3288 1401 3329 manere
1448 3275 1623 3345 jubet.
1682 3278 1874 3343 Quaere
1927 3289 1981 3334 et
2034 3283 2351 3339 vicesimum

777 3365 1065 3429 septimum
1127 3380 1389 3419 eanonem
1452 3369 1623 3422 Sancti
1689 3368 1900 3437 Basilii,
1930 3382 1984 3426 et
2034 3374 2351 3430 vicesimum

774 3457 1011 3524 primum
1054 3459 1337 3523 praesentis
1361 3459 1575 3530 synodi.
1613 3460 1905 3530 Postquam
1936 3473 2114 3519 autem
2161 3469 2355 3521 matri-

781 3549 1020 3602 monium
1090 3549 1338 3604 illicitum
1403 3567 1467 3605 ex
1524 3551 1716 3605 elTeetu
1770 3545 2078 3621 appa'ruerit
2139 3568 2355 3626 propter

774 3641 1173 3709 cognationem,
1204 3642 1250 3696 is
1278 3643 1367 3710 qui
1406 3653 1696 3713 postquam
1744 3646 2024 3700 resciverit
2056 3649 2108 3702 in
2132 3662 2352 3714 peccato

774 3743 1079 3800 permanet,
1113 3750 1215 3787 non
1241 3734 1413 3788 solum
1453 3735 1707 3789 cathedra
1736 3737 1929 3806 dignus
1986 3754 2094 3792 non
2136 3750 2354 3809 reputa-

776 3824 943 3888 bitur,
985 3822 1078 3877 sed
1119 3824 1286 3876 etiam
1332 3833 1589 3891 tanquam
1647 3826 1885 3881 incestus
1921 3844 2043 3883 rens
2080 3830 2353 3898 punietur,

778 3931 881 3969 non
914 3931 1071 3971 secus
1095 3931 1155 3969 ac
1180 3916 1322 3970 laici.
1363 3916 1668 3970 Diciteuim
1705 3918 1840 3973 liber
1878 3936 1969 3984 1.x,
1997 3921 2080 3975 tit.
2116 3922 2186 3976 57
2219 3963 2233 3987 ,
2295 3938 2347 3976 c.

774 4009 865 4075 41,
895 4012 1040 4064 decr.
1076 4010 1107 4064 6
1144 4028 1157 4064 :
1200 4010 1401 4065 lllicitae
1447 4014 1645 4081 nuptiae
1690 4028 1797 4068 non
1842 4015 2279 4081 conlirmantur,’
2299 4026 2353 4071 et

773 4117 1079 4175 propterea,
1102 4107 1144 4159 si
1176 4117 1300 4159 ante
1328 4107 1723 4163 accusationem
1750 4108 2171 4176 solutaafuerint,
2194 4126 2352 4179 paena

775 4198 1092 4252 remittitur.
1142 4197 1208 4253 Et
1250 4199 1455 4253 decret.
1512 4199 1580 4253 7:
1637 4199 1692 4253 In
1749 4201 1939 4256 illicito
1980 4203 2348 4269 matrimonio,

772 4286 913 4352 quod
943 4300 1036 4352 per
1076 4286 1432 4353 ignorantiam
1466 4298 1805 4344 contractum
1849 4299 1953 4353 est,
1990 4293 2081 4347 dat
2140 4294 2350 4349 veniam

774 4385 966 4430 natura
1000 4386 1053 4431 et
1082 4386 1215 4431 mtas
1236 4387 1289 4431 et
1316 4380 1517 4446 peccati
1547 4381 1812 4436 correctio
1840 4398 1855 4436 :
1918 4389 1973 4437 et
2020 4385 2254 4441 maxime
2302 4388 2349 4442 si

772 4467 898 4533 quis
934 4470 1173 4522 nondum
1211 4470 1386 4539 ipsum
1422 4482 1799 4530 accusaverat.

845 4555 1095 4611 LONAR.
1132 4557 1233 4625 Qui
1269 4560 1321 4614 in
1351 4575 1550 4632 corpus
1576 4577 1730 4617 suum
1758 4565 2087 4632 peccaverit,
2122 4581 2186 4621 ac
2244 4583 2339 4622 or-

772 4648 987 4702 dinibus
1019 4658 1204 4718 postea
1235 4650 1517 4721 insignitus
1570 4652 1767 4718 fuerit,
1824 4656 1968 4726 quod
2010 4671 2079 4712 ne
2117 4658 2347 4725 olferat,

772 4740 914 4793 inter
948 4740 1181 4809 reliquos
1222 4752 1442 4812 propter
1469 4744 1613 4799 aliud
1648 4745 1884 4801 studium
1920 4764 2170 4816 manens,
2208 4750 2349 4805 Neo-

770 4834 1107 4890 cmsariensis
1136 4837 1323 4906 synodi
1355 4851 1495 4893 nono
1525 4853 1731 4895 canone
1768 4842 2120 4896 constitutum
2155 4853 2255 4898 est.
2287 4844 2349 4898 Et

773 4942 1004 4992 magnus
1038 4927 1273 5003 Basilius
1304 4928 1372 4981 9.7
1406 4945 1553 4996 can.,
1587 4930 1738 4996 cujus
1777 4933 1865 4987 hic
1908 4947 2126 5003 quoque
2162 4937 2351 4990 memi-

772 5019 873 5081 uit,
906 5020 994 5087 qui
1031 5034 1090 5075 se
1110 5000 1300 5075 'vetitis
1349 5022 1549 5091 nuptiis
1610 5023 1815 5077 inscius
1870 5023 2195 5093 illigaverit,
2238 5019 2352 5081 solo

771 5112 1045 5167 cathedrae
1074 5114 1278 5169 honore
1302 5129 1586 5181 concesso,
1620 5131 1646 5170 a
1686 5117 1907 5184 reliquis
1927 5131 2203 5172 sacrorum
2236 5136 2352 5173 mu-

2532 631 2548 661 ι
2600 614 2957 683 παράπτωμα
2994 613 3111 676 πῶς
3159 612 3335 682 ἑτέρῳ
3371 608 3703 679 μεταδώσεις
3728 609 3822 678 Μή
3847 609 4028 661 τοίνυν

2536 725 2552 754 ι
2602 704 2842 775 δημοσίᾳ
2869 705 3006 773 μήτε
3030 703 3136 773 ἰδίᾳ
3163 702 3475 770 εὐλογείτω,
3501 704 3636 771 μήτε
3659 702 3718 753 τὸ
3744 698 4026 769 σῶματοῦ

2531 815 2551 845 ρ
2598 796 2802 866 Κυρίου
2838 796 3143 864 διανεμέτω
3175 794 3405 862 ἑτέροις,
3451 794 3589 862 μήτε
3646 809 3699 845 τι
3757 793 3891 846 ἀλλο
3915 796 4025 844 λει-

2529 908 2546 936 σ
2597 887 2895 958 τουργείτω
2913 906 2927 920 ο
2954 888 3071 941 ἀλλ’
3101 886 3441 957 ἀρκούμενος
3466 888 3533 955 τῇ
3572 883 3837 954 προεδρίᾳ
3862 900 4030 953 προσ..

2532 1001 2549 1031 ι
2597 982 2830 1035 κλαιέτω
2874 982 2953 1051 τῷ
2982 982 3173 1060 Κυρίῳ
3220 978 3643 1049 συγχωρηθῆναι
3681 976 3830 1047 αὐτῷ
3859 978 3921 1029 τὸ
3966 978 4030 1029 ὲκ

2528 1090 2553 1123 e
2592 1073 2689 1141 τῆς
2711 1072 2933 1139 ἀγνοίας
2960 1072 3242 1140 ἀνόμημα.
3272 1070 3542 1141 Πρόδηλον
3571 1069 3678 1138 γὰρ
3702 1068 3777 1129 ὡς
3800 1069 3828 1119 6
3853 1066 4032 1119 τοιοῦ-

2530 1183 2547 1213 ‹
2596 1181 2685 1226 τος
2715 1164 2953 1232 ἄθεσμος
2983 1164 3162 1233 γάμος
3185 1160 3592 1231 διαλυθήσεται,
3644 1160 3737 1211 καὶ
3766 1158 4027 1227 οὐδαμῶς

2529 1272 2547 1304 ι
2593 1258 2619 1304 6
2650 1254 2788 1324 ἀνὴρ
2832 1254 3129 1323 μετουσίαν
3170 1254 3283 1307 ἔξει
3331 1254 3468 1322 πρὸς
3513 1254 3635 1324 τὴν,
3687 1252 3759 1305 δι’
3812 1254 3882 1323 ἢν
3930 1254 4032 1320 τῆς

2527 1360 2545 1392 ι
2596 1343 2746 1413 ἱερᾶς
2776 1344 3059 1413 ἐνεργείας
3090 1344 3399 1414 ἐστέρηται.
3446 1363 3465 1396 ι

2523 1523 2722 1576 ΒΑᾹΣ.
2760 1523 2826 1579 Ol
2860 1525 3087 1588 κανόνες
3112 1524 3214 1594 τῆς
3255 1525 3312 1578 ἐν
3358 1526 3761 1598 Νεοκαισαρείᾳ
3810 1528 4043 1581 συνόδου*

2454 1615 2561 1685 πρὸ
2581 1616 2679 1684 τῆς
2706 1617 2991 1688 παρούσης
3013 1618 3235 1672 συνόδου
3258 1619 3595 1690 ἐγράφησαν.
3623 1621 3723 1674 Διά
3743 1622 3851 1691 γὰρ
3876 1622 4037 1675 τοῦτο

2452 1708 2550 1761 καὶ
2596 1707 2871 1778 μέμνηται
2901 1711 2929 1762 6
2962 1710 3157 1781 παρὼν
3203 1713 3386 1765 κανὼν
3428 1712 3529 1782 τῆς
3578 1713 3857 1787 συνθήκης
3887 1715 4035 1766 ὲκεί-

2453 1816 2575 1864 νων,
2618 1800 2791 1869 λέγων
2838 1802 3151 1867 ἀκολούθως
3180 1804 3259 1873 τῷ
3310 1802 3354 1856 θ’
3406 1805 3597 1859 κανόνι
3651 1805 3753 1877 τῆς
3803 1806 4035 1860 συνόδου

2454 1892 2674 1960 ἑκείνης
2694 1895 2767 1964 μὴ
2795 1894 2942 1964 ἔχειν
2966 1895 3051 1948 ἐπ’
3077 1895 3265 1959 ἀδείας
3280 1894 3371 1949 τὸν
3394 1897 3451 1949 ἑν
3476 1896 3672 1967 ἀγνοίᾳ
3697 1898 3834 1967 μετά
3860 1914 4039 1968 προσ·

2452 1983 2645 2050 γενοῦς
2684 1986 2850 2038 αὑτοῦ
2899 1987 3149 2056 νομίμως
3176 1987 3546 2055 συναφθέντα,
3571 1990 3668 2042 καὶ
3693 1989 3830 2058 μετά
3852 1988 4038 2054 τοῦτο,

2454 2077 2770 2147 ίερωθέντα,
2797 2076 3148 2149 προσφέρειν,
3176 2079 3209 2150 ἢ
3234 2078 3367 2133 ἀλλο
3388 2096 3438 2131 τι
3465 2080 3508 2132 ίε
3520 2078 3739 2149 ρατικδν
3760 2080 4039 2150 ἐνεργεῖνσ

2456 2170 2625 2238 μόνης
2653 2170 2710 2223 δὲ
2761 2171 3029 2240 καθέδρας
3060 2171 3342 2235 ἀξιοῦσθαι
3388 2170 3479 2225 διὰ
3505 2170 3675 2243 tam
3698 2172 4041 2243 ἑνέἱδήσει,

2452 2261 2569 2314 ἀλλ’
2595 2264 2651 2314 ὲν
2671 2262 2865 2331 ἀγνοίᾳ
2895 2262 3235 2332 ἀμαρτῆσαι.
3265 2263 3374 2315 Kal.
3398 2263 3495 2333 τῆς
3522 2263 3793 2333 καθέδρας
3821 2263 3881 2317 δὲ
3909 2265 4039 2317 τότε

2455 2351 2845 2420 ἀξιωθήσεται,
2878 2353 2966 2405 ὅτε
2996 2352 3088 2406 τοῦ
3122 2353 3363 2422 ἀθέσμου
3415 2352 3757 2406 συνοικεσίου
3787 2354 4038 2423 ἀποστῇ,

2454 2445 2551 2498 καὶ
2582 2443 2733 2515 δείξῃ
2776 2442 2914 2513 ἔργα
2948 2443 3267 2513 μετανοίας,
3313 2444 3736 2513 παρακαλοῦντα
3776 2445 4042 2511 γενέσθαι

2457 2536 2912 2607 συμπαθέστερόν
2944 2554 2997 2589 τι
3030 2538 3123 2589 ἐπὶ
3152 2536 3322 2607 αὐτῷ.
3349 2538 3412 2591 Εἰ
3440 2538 3549 2608 γάρ
3577 2537 3761 2606 ἔχεται
3790 2537 3888 2591 τοῦ
3910 2537 4047 2591 ἀθέ-

2457 2648 2595 2699 σμου
2619 2632 2799 2698 γάμου
2823 2628 2962 2701 (90),
2982 2630 3069 2683 διά
3094 2631 3192 2699 τὴν
3218 2631 3441 2698 ἀγνοιαν
3461 2632 3561 2683 οὐκ
3589 2630 4039 2700 ὠφεληθήσεται,

2454 2724 2569 2777 ἀλλ’
2593 2723 2698 2775 ὐπδ
2739 2722 3070 2792 ἀρχοντικῆς
3100 2723 3350 2788 ἐξουσίας
3384 2723 3479 2776 καὶ
3512 2724 3539 2776 6
3577 2721 3819 2792 ἀθεσμος
3853 2726 4047 2793 γάμος

2454 2815 2744 2885 λυθήσεται
2782 2816 2914 2885 (9i).
2951 2814 3137 2868 Ταῦτα
3177 2815 3233 2867 δὲ
3278 2816 3633 2884 ἀναφαίνεται
3666 2816 3775 2869 ἀπὸ
3815 2815 3909 2869 τοῦ
3945 2817 4042 2871 u-

2454 2923 2571 2973 γειν
2589 2907 2677 2959 τδν
2701 2906 2925 2960 κανόνα·
2949 2905 3090 2957 Ἀλλ’
3114 2906 3451 2975 ἀρκούμενος
3474 2908 3536 2977 τῇ
3562 2906 3844 2977 προεδρίᾳ,
3867 2924 4019 2977 προσ
4040 2942 4046 2949 -

2455 2994 2686 3049 κλαιέτω
2723 2994 2799 3064 τῷ
2841 2994 3028 3066 Κυρίῳ
3058 3012 3071 3027 ο
3108 2998 3197 3050 καὶ
3230 2994 3338 3048 ἀπὸ
3368 2994 3462 3048 τοῦ
3513 2998 3711 3059 εἰπεῖν’
3761 2996 3824 3051 '0
3848 2997 3905 3049 δὲ
3932 2998 4044 3065 γά-

2458 3104 2559 3157 μος
2616 3088 3013 3159 διαλυθήσεται.
3052 3088 3207 3141 Καὶό
3240 3084 3284 3141 θ’
3333 3086 3390 3139 δὲ
3425 3086 3606 3139 κανὼν
3651 3086 3751 3156 τῆς
3792 3089 3853 3140 ἐν
3894 3087 4043 3140 Νεο-

2379 3172 2428 3235 C
2461 3179 2752 3249 καισαρείᾳ
2779 3179 3022 3246 συνόδου,
3055 3179 3141 3232 διά
3169 3180 3267 3247 τὴν
3296 3178 3464 3249 ἀλλην
3498 3178 3738 3248 σπουδὴν
3768 3178 4046 3249 καθαιρε-

2456 3269 2637 3333 θέντος
2672 3269 2808 3338 (92),
2856 3270 3038 3337 μένειν
3086 3268 3251 3321 αὑτὸν
3293 3269 3352 3321 ὲν
3386 3269 3501 3349 τοῖς
3546 3267 3757 3331 λοιποῖς
3786 3285 4049 3337 παρακε·

2455 3361 2696 3415 λεύεται.
2734 3364 2895 3428 Ζήτει
2922 3361 3016 3413 καὶ
3049 3361 3141 3413 τὸν
3176 3358 3256 3425 κζ’
3319 3360 3521 3414 κανόνα
3554 3358 3647 3413 τοῦ
3688 3360 3844 3428 ἀγίου
3872 3359 4045 3413 Βασι-

2455 3454 2622 3519 λείου,
2652 3454 2747 3507 καὶ
2773 3454 2863 3506 τὸν
2894 3451 2981 3506 κα¹
3019 3454 3119 3521 τῆς
3145 3452 3428 3522 παρούσης
3449 3451 3693 3505 συνόδου.
3717 3450 3826 3504 Τοῦ
3852 3452 4044 3521 γάμου

2454 3547 2511 3600 δὲ
2548 3546 2655 3599 ἀπὸ
2704 3546 3036 3613 τελέσματος
3071 3543 3316 3611 ἀθέσμου
3368 3543 3747 3612 ἀναφανέντος
3792 3544 3885 3597 διὰ
3931 3544 4042 3614 τὴν

2458 3636 2799 3702 συγγένειαν,
2834 3637 2862 3687 ό
2895 3635 3033 3703 μετά
3068 3633 3275 3702 εἴδησιν
3308 3634 3587 3702 ἐπιμένων
3607 3633 3674 3703 τῇ
3698 3632 3956 3703 ἁμαρτία
3978 3632 4047 3686 οὐ

2460 3729 2620 3799 μόνον
2653 3726 2921 3795 καθέδρας
2945 3726 3043 3777 οὐκ
3072 3723 3466 3794 ἀξιωθήσεται,
3494 3724 3633 3777 ἀλλά
3661 3724 3757 3776 καὶ
3778 3723 3857 3787 ὡς
3884 3725 4043 3792 αἰμο.

2460 3820 2657 3890 μίκτης
2690 3818 3137 3888 τιμωρηθήσεται
3174 3816 3316 3871 κατὰ
3351 3815 3591 3879 λαῖκούς.
3635 3815 3775 3884 Φησὶ
3816 3816 3930 3885 γὰρ
3959 3816 4043 3885 βι-

2456 3914 2602 3967 ϐλίον
2637 3911 2678 3980 ξ’
2724 3911 2887 3981 τίτλῳ
2924 3909 3024 3975 λζ’,
3057 3927 3181 3978 κεφ.
3245 3913 3357 3979 μα’,
3401 3907 3594 3978 θέματι
3631 3913 3709 3973 ς’·
3749 3907 4049 3978 Ὀ-ἀθέμι-

2456 4025 2546 4071 τος
2593 4006 2768 4075 γάμος
2800 4006 2858 4057 οὐ
2894 4002 3235 4074 βεϐαιοῦται·
3286 4001 3381 4055 καὶ
3426 4000 3515 4053 διά
3562 3999 3740 4065 τοῦτο,
3794 4000 3897 4052 ἐὰν
3936 4002 4046 4071 πρὸ

2455 4098 2793 4168 κατηγορίας
2823 4095 2985 4165 λυθῇ.
3036 4094 3403 4163 συγχωρεῖται
3430 4094 3461 4164 ἡ
3492 4093 3679 4162 ποινήο
3714 4093 3809 4145 καὶ
3839 4094 4045 4162 θέματι

2455 4192 2521 4255 ζ’·
2579 4191 2702 4243 Ἐπὶ
2740 4187 2834 4243 τοῦ
2868 4191 2924 4240 ὲν
2957 4186 3151 4257 ἀγνοίᾳ
3202 4186 3501 4255 γενομένου
3559 4183 3824 4253 ἀθεμίτου
3858 4186 4043 4251 γάμου

2453 4284 2637 4337 δίδωσι
2693 4280 3025 4348 συγγνώμην
3054 4278 3217 4346 φύσις
3250 4278 3342 4329 καὶ
3375 4276 3563 4345 ἡλικία
3612 4275 3703 4328 καὶ
3732 4276 3766 4344 ή
3797 4275 4045 4345 ἐπανόρ-

2454 4377 2621 4438 θωσις
2670 4373 2765 4427 τοῦ
2797 4372 3219 4442 ἁμαρτήματος·
3253 4369 3347 4422 καὶ
3401 4368 3639 4437 μάλιστα
3666 4370 3713 4419 εί
3751 4368 3929 4439 μήπω
3962 4384 4044 4430 τις

2374 4507 2429 4567 D
2454 4470 2614 4524 αὑτὸν
2642 4466 3044 4537 κατηγόρησεν.

2536 4558 2783 4618 ΖΩΝΑΡ.
2816 4557 2931 4610 Καὶ
2967 4557 2995 4608 ό
3030 4554 3251 4618 έννατος
3284 4552 3466 4607 κανὼν
3494 4553 3590 4622 τῆς
3624 4554 3681 4604 ἒν
3733 4552 4049 4608 Nemeama-

2461 4653 2586 4726 ρείᾳ
2617 4649 2836 4704 συνόδου
2865 4647 2993 4717 περὶ
3038 4645 3429 4716 ἡμαρτηκότος
3460 4648 3517 4696 ὲν
3550 4643 3766 4710 σώματι
3801 4645 3903 4696 καὶ
3933 4662 4046 4714 χειο

2461 4742 2841 4818 ροτονηθέντος
2872 4738 3057 4808 φησὶν,
3090 4736 3173 4789 ὅτι
3204 4736 3295 4806 Μὴ
3342 4736 3724 4806 προσφερέτω,
3779 4736 3967 4801 μένων
3994 4739 4047 4789 δν

2457 4841 2569 4901 τοῖς
2592 4838 2803 4897 λοιποῖς
2831 4832 2920 4886 διὰ
2950 4832 3049 4900 τὴν
3080 4829 3248 4897 ἄλλην
3280 4828 3540 4898 σπουδήν.
3595 4828 3704 4880 Καὶ
3735 4830 3765 4882 6
3794 4831 4049 4892 εἰκοστὸς

2456 4931 2682 5000 ἓδδομος
2713 4925 2806 4979 τοῦ
2844 4922 3082 4992 μεγάλου
3109 4920 3391 4974 Βασιλείου
3416 4919 3597 4974 κανὼν
3625 4920 3758 4989 περὶ
3788 4922 3893 4975 τοῦ
3922 4923 4046 4975 ἀθέο

2461 5040 2583 5093 σμῳ
2617 5019 2781 5089 γάμῳ
2822 5014 3228 5087 περιπαρέντος
3256 5014 3313 5066 ὲν
3342 5012 3536 5083 ἀγνοίᾳ
3567 5013 3706 5081 φησὶ
3765 5012 4043 5083 καθέδρας

2461 5116 2561 5185 μὲν
2584 5112 2676 5166 τὸν
2706 5108 2951 5163 τοιοῦτον
2982 5106 3259 5178 μετέχειν,
3292 5105 3403 5158 τῶν
3427 5105 3484 5157 δὲ
3518 5104 3727 5158 λοιπῶν
3747 5106 4047 5175 ἐνεργειῶν

2026 5234 2222 5295 Guill.
2262 5232 2596 5313 Beveregii
2625 5238 2813 5293 noue.

847 5368 957 5431 (90'.
989 5368 1053 5419 El
1085 5367 1193 5433 πὰρ
1224 5366 1421 5435 ἔχεται
1455 5366 1562 5419 τοῦ
1599 5365 1867 5426 ἀθέσμου
1898 5365 2110 5436 γάμου.
2148 5366 2353 5433 Legen-

775 5439 901 5521 ἀρχαι
942 5446 1049 5501 est,
1084 5437 1355 5506 ἐξέχεται,
1382 5436 1539 5503 juxta
1566 5454 1699 5491 mss.
1733 5435 1921 5490 Alton.
1974 5446 2026 5489 et
2082 5438 2353 5491 Atnerba-

772 5510 1094 5647 “ligula!
1124 5581 1157 5633 ό
1181 5581 1444 5648 ἇθεσμος
1472 5580 1658 5647 γάμος
1696 5577 2049 5643 λυθήσεται.
2095 5574 2222 5631 Post
2250 5578 2349 5632 ista

775 5652 939 5703 verba
973 5649 1023 5700 in
1046 5650 1290 5705 editione
1312 5650 1633 5705 Parisiensi.
1662 5648 1775 5701 ha-c
1809 5649 2081 5717 leguntur,
2105 5648 2196 5699 καὶ
2220 5648 2340 5701 οὐδὲ

772 5721 938 5777 τιμῆς
996 5719 1028 5777 ἢ
1079 5722 1351 5777 καθέδρας
1406 5720 1795 5777 ἀξιωθήσεται·
1852 5718 1944 5769 καὶ
2000 5719 2027 5769 ὁ
2060 5716 2104 5769 θ’
2150 5717 2206 5770 δὲ
2252 5736 2349 5769 κα-

774 5722 966 5803 τιυμῆςη
996 5722 1028 5787 ἢ
1079 5722 1351 5802 καθέδρας
1406 5722 1795 5799 ἀξιωθήσεται·
1852 5722 1944 5769 καὶ
2060 5722 2104 5803 θ’
2150 5722 2206 5770 δὲ
2223 5736 2343 5798 ⁸κιτι-

774 5810 898 5842 νουν.
931 5792 992 5844 lat
1028 5806 1206 5857 priora
1242 5790 1461 5855 quidem
1493 5790 1679 5849 verba,
1706 5788 1821 5842 setl.
1848 5789 1940 5841 καὶ
1970 5789 2092 5841 ουδε
2122 5805 2287 5856 τιμης
2312 5790 2343 5855 ἢ

777 5861 1039 5932 καθέδρας
1079 5860 1465 5933 ἀξιωθήπται,
1494 5861 1545 5915 in
1577 5876 1708 5917 mss.
1743 5859 2068 5915 Atuerbach.
2097 5866 2151 5915 et
2188 5857 2346 5915 Αἰιυ-

2464 5367 2641 5421 niensi
2683 5365 2971 5433 leguntur,
3022 5371 3238 5433 necnon
3294 5353 3347 5433 in
3389 5351 3644 5433 Tiliauo:
3699 5354 4043 5433 posteriora,

2466 5423 2808 5491 nituit-uuich
2839 5430 2881 5481 θ’
2914 5429 2969 5480 δὲ
3010 5426 3211 5487 κανών,
3258 5425 3325 5477 ab
3364 5424 3621 5475 omnibus
3656 5431 3715 5475 ut
3767 5423 4043 5493 superﬂua

2459 5517 2513 5561 et
2543 5519 2767 5560 sensum
2802 5498 3177 5569 pcrtnrbautia
3206 5496 3566 5575 reﬁciuntur}.
3654 5562 3672 5575 Δ
3816 5563 3830 5575 -
3925 5565 3938 5575 _
3965 5564 3979 5575 .

2470 5606 2475 5614 .
2534 5578 2647 5645 (92)
2682 5562 2977 5645 Σπούδὴῃ
3004 5564 3493 5645 καθῳρηᾴἐντοςί
3523 5562 3621 5615 Ms.
3641 5562 4043 5645 Ap'terhachia-

2457 5631 2563 5701 ηυξ,
2600 5631 2747 5717 Iégit,
2790 5631 3028 5717 σπουδήν
3052 5631 3617 5717 τούςκαθαιρηθῇναι.
3681 5631 3879 5717 .U'ti.et
3917 5649 4042 5717 tuo:

2458 5701 2680 5785 postea:
2730 5701 2830 5785 pro
2890 5701 2998 5764 ἀπδ
3058 5701 3422 5776 τελέσματος,
3477 5701 3625 5773 legit,
3678 5701 3742 5768 ἑξ
3782 5702 4043 5757 ἀποτελέ-

2457 5804 2680 5859 σματος.
3230 5828 3236 5833 .
