4240 6442
836 353 942 465 sta

2087 406 2362 469 THEOD.
2403 409 2631 470 BALSA
2641 413 2804 475 MON

3964 423 4075 489 620

909 507 1103 564 BALS.
1144 507 1408 570 Armenii,
1442 524 1566 563 cum
1610 509 1730 563 aliis
1757 526 1878 579 quae
1906 526 1989 569 ets
2025 513 2252 569 aderant
2287 520 2392 570 lur-
2424 522 2471 576 Α
2570 521 2583 572 1

2424 522 2471 576 Α
2570 521 2766 575 ΒΑΛΣ.
2802 524 2866 576 Ol
2909 524 3184 596 Ἀρμένιοι
3219 526 3359 597 μετά
3388 529 3497 581 τῶν
3541 531 3862 599 προσουσῶν
3893 536 4075 598 αὐτοῖς

837 606 1068 669 resibus,
1103 603 1222 658 solo
1250 603 1376 656 vino
1406 601 1459 655 in
1490 602 1692 656 sanctis
1719 606 1992 673 mysteriis
2019 607 2098 660 usi
2134 617 2261 662 sunt
2295 625 2312 662 :
2344 619 2399 663 et

2506 612 2683 666 ἄλλων
2705 614 2971 683 αἱρέσεων
2992 617 3121 683 οῐνῳ
3165 619 3312 688 μόνῳ
3341 620 3638 690 κέχρηνται
3674 623 3733 675 ἐν
3754 627 3873 686 τοίς
3898 627 4074 691 ἁγίοις

831 694 1084 750 dicebant
1114 708 1174 749 se
1200 692 1378 748 facere
1431 705 1824 760 consequenter
1855 695 1940 755 iis,
1972 710 2093 762 quae
2131 712 2159 749 a
2207 714 2400 768 magno

2398 723 2400 731 ν
2507 706 2830 776 μυστηρίοις
2856 723 2870 737 ·
2916 709 3012 763 καὶ
3061 709 3278 777 λέγουσι
3323 713 3487 765 τοῦτο
3536 718 3716 767 ποιεῖν
3758 717 4072 782 ἀκολούθως

837 787 1087 844 Ecclesiae
1112 787 1354 849 doctore,
1386 784 1673 853 linguaque
1699 800 1891 847 aureo.
1913 786 2124 844 Joanne
2159 791 2396 860 Chryso-

831 889 1008 935 stemo
1047 878 1354 947 conscripta
1379 887 1504 932 sunt
1539 878 1591 931 in
1622 893 1719 932 sua
1750 877 2021 950 Evangelii
2074 882 2397 950 interpreta-

834 974 977 1028 tione
1001 973 1301 1026 secundum
1333 970 1677 1036 Manlianum;
1709 986 1829 1040 quze
1867 983 2121 1038 tractant,
2151 991 2258 1029 non
2301 992 2397 1045 per

832 1079 1050 1133 aquam,
1085 1063 1178 1118 sed
1207 1064 1393 1117 vinum
1443 1078 1655 1121 sacrum
1703 1064 1924 1119 calicem
1957 1066 2237 1133 exhiberi;
2269 1083 2392 1123 cum
2423 1135 2435 1155 θ

832 1170 1010 1210 tamen
1045 1171 1149 1210 non
1177 1155 1369 1208 doceat
1412 1167 1632 1211 sanctus
1677 1171 1774 1226 per
1803 1157 1979 1212 solum
2010 1160 2192 1211 vinum
2240 1160 2394 1214 σωκ-

823 1250 1030 1302 tionem
1084 1247 1220 1302 fieri.
1264 1245 1377 1301 Hoc
1409 1261 1562 1315 ergo,
1593 1249 1737 1318 quod
1779 1248 1857 1302 sic
1901 1247 1960 1303 ﬁt
1991 1251 2058 1303 ab
2096 1250 2392 1314 Armeniis,

816 1340 1200 1395 subvertentes
1224 1339 1388 1392 divini
1417 1340 1630 1402 Patres,
1662 1354 1758 1408 per
1791 1340 1972 1394 vinum
2003 1351 2058 1395 et
2079 1357 2275 1412 aquam
2307 1359 2395 1398 sa-

816 1448 976 1485 crum
1009 1431 1233 1486 calicem
1267 1431 1452 1485 offerri
1486 1440 1735 1499 oportere
1765 1440 2092 1496 statuerunt,
2126 1435 2391 1502 interpre-

824 1533 1004 1577 tantes
1036 1523 1200 1577 verba
1231 1522 1636 1592 Cltrysostomi,
1666 1539 1772 1578 non
1819 1533 1878 1577 ut
1917 1523 1984 1578 ab
2013 1523 2283 1579 Armeniis
2313 1527 2394 1579 di-

816 1614 1048 1667 cebatur
1067 1627 1188 1667 esse
1211 1613 1544 1682 accipienda;
1569 1614 1662 1668 sed
1685 1615 1751 1667 ad
1783 1613 2238 1684 Hydroparastata
2249 1633 2387 1683 rum,

822 1702 910 1770 qtti
949 1718 1046 1771 per
1073 1716 1268 1771 aquam
1301 1702 1472 1755 solam
1515 1703 1690 1758 sancti
1725 1704 1910 1758 calicis
1937 1705 2260 1760 oblationem
2307 1706 2387 1762 fa-

820 1796 1053 1860 ciebant,
1089 1795 1309 1848 Itazresis
1336 1795 1675 1849 eversionem
1718 1810 1840 1850 esse
1887 1799 2215 1867 conscripta.
2249 1799 2392 1854 Con-

2502 799 2616 858 τοῖς
2661 800 2925 868 γραφεῖσι
2955 802 3106 872 παρά
3147 802 3242 854 τοῦ
3288 804 3530 872 μεγάλου
3571 808 3670 874 τῆς
3733 807 4072 879 Ἐκκλησίας

2503 888 2826 959 διδασκάλου
2858 894 2954 946 καὶ
2978 895 3182 963 χρυσοῦ
3205 895 3303 966 τὴν
3331 896 3584 960 γλῶτταν
3627 900 3882 956 Ἰωάννου
3921 907 3978 955 ἐν
4002 907 4068 972 τῇ

2505 978 2585 1039 είς
2627 980 2686 1030 τὸ
2713 983 2854 1034 κατά
2886 984 3164 1036 Ματθαίον
3213 986 3546 1054 Εύαγγὲλιον
3577 990 3841 1061 ἐξηγήσει
3881 996 4068 1054 αὑτοῦ,

2502 1071 2614 1131 τοῖς
2644 1069 3070 1140 διαλαμϐάνουσι
3098 1076 3171 1144 μὴ
3198 1077 3267 1129 δι’
3299 1077 3492 1142 ὕδατος
3526 1082 3588 1132 τὸ
3628 1082 3786 1149 ἅγιον
3811 1086 4073 1154 ποτήριον

2503 1161 2899 1227 προσάγεσθαι,
2931 1163 3067 1216 ἀλλὰ
3108 1165 3177 1218 δι’
3205 1168 3351 1220 οἴνου
3373 1185 3388 1200 ο
3418 1174 3513 1222 καὶ
3556 1176 3731 1224 ταῦτα
3769 1173 3870 1226 τοῦ
3915 1177 4069 1238 ἁγίο)

2507 1251 2582 1322 μὴ
2625 1251 2968 1316 διδάσκοντος
2998 1257 3088 1309 διὰ
3132 1259 3278 1312 οἴνου
3335 1262 3500 1330 μόνου
3574 1263 3670 1332 τὴν
3697 1272 4068 1336 προσαγωγὴν

2501 1343 2768 1410 γίνεσθαι.
2802 1345 2912 1415 Τὴν
2933 1348 3066 1414 γοῦν
3095 1349 3239 1402 οὕτω
3259 1356 3552 1421 γινομένην
3571 1355 3761 1409 θυσίαν
3791 1375 3870 1409 πα
3879 1358 3946 1426 ρὰ
3968 1360 4072 1409 τῶν

2513 1431 2815 1503 Ἀρμενίων
2861 1438 3262 1506 ἀνατρέποντες
3308 1445 3358 1495 οί
3398 1445 3530 1497 θεῖοι
3578 1449 3848 1517 Πατέρες,
3891 1451 4074 1520 61¢an-

2501 1542 2670 1578 σαντο
2698 1527 2788 1580 διά
2822 1529 2966 1581 οἴνου
3003 1533 3099 1584 καὶ
3143 1532 3336 1597 ὓδατος
3388 1537 3532 1605 ίερὶν
3563 1544 3830 1608 ποτήριον
3862 1545 4072 1610 προσά-

2499 1615 2714 1683 γεσθαι,
2741 1619 3183 1689 ἐρμηνεύσαντες
3203 1625 3270 1676 τὰ
3295 1626 3719 1695 Χρυσοστομικὰ
3743 1631 3969 1699 ῥήματα
3998 1633 4070 1701 μῆ

2499 1708 2938 1778 ἐπιλαμϐάνεσθαι
2970 1715 3106 1782 πρὸς
3144 1715 3214 1768 τὰ
3240 1717 3393 1787 παρὰ
3428 1720 3538 1772 τῶν
3577 1721 3887 1792 Ἀρμενίων
3918 1725 4070 1790 λεγό-

2502 1817 2658 1869 μενα.
2710 1802 2828 1856 ἀλλ’
2875 1806 2957 1868 είς
3007 1807 3292 1877 ἀναίρεσιν
3325 1814 3605 1882 γραφῆναι
3653 1813 3756 1883 τῆς
3800 1818 4071 1885 αἱρέσεως

819 1882 1008 1937 fntatis
1028 1897 1156 1954 ergo
1183 1899 1245 1936 ac
1266 1884 1470 1940 collisis
1501 1884 1723 1953 iis,qua:
1751 1885 1820 1939 ab
1848 1885 1982 1955 ipsis
2005 1887 2217 1942 decreta
2247 1900 2395 1954 sunt,
2424 1895 2471 1955 B

2424 1895 2471 1955 B
2499 1893 2608 1947 τῶν
2665 1895 3219 1968 ’Υδροπαραστατῶν,
3255 1904 3367 1955 τῶν
3402 1903 3471 1956 δι’
3516 1905 3711 1968 ῦδατος
3765 1908 3936 1977 μόνου
3973 1909 4069 1977 τὴν

817 1986 872 2030 ιιι
898 1992 961 2029 ex
999 1977 1181 2029 multis
1219 1977 1363 2037 aliis.
1401 1987 1458 2030 et
1487 1992 1553 2030 ex
1600 1978 1800 2031 tradito
1829 1979 1994 2032 etiam
2041 1979 2314 2035 sacrificio
2359 1996 2392 2036 a

817 2068 1072 2136 praedicto
1098 2077 1283 2120 sancto
1304 2067 1483 2126 Patre.
1504 2079 1560 2123 et
1584 2083 1616 2122 a
1645 2083 1841 2139 magno
1864 2069 2084 2137 Basilio,
2110 2072 2392 2141 episcopos

816 2172 870 2213 et
903 2161 1248 2230 presbyteros
1281 2159 1610 2226 depositioni
1661 2161 2030 2230 subjecerunt,
2077 2164 2172 2233 qui
2219 2166 2391 2221 sancti

817 2252 1007 2305 ralicis
1031 2251 1361 2306 sacrificium
1399 2267 1495 2320 per
1529 2253 1636 2306 viui
1686 2262 1742 2308 et
1783 2270 1937 2324 aqua:
1982 2256 2237 2311 unionem
2283 2274 2386 2313 non

822 2345 1052 2400 faciunt.
1107 2345 1231 2400 llzec
1291 2355 1473 2400 autem
1524 2346 1707 2401 divina
1757 2347 2071 2403 incitatione
2132 2350 2388 2404 commoti

815 2445 1209 2506 prcccperunt.
1238 2437 1296 2491 Ιιι
1335 2437 1519 2490 divina
1561 2436 1704 2493 enim
1749 2438 2002 2506 passione
2053 2439 2148 2494 Dei
2192 2451 2247 2494 et
2288 2440 2390 2495 Do-

810 2528 946 2582 mini
981 2529 1157 2584 nostri
1202 2526 1333 2583 Jesu
1378 2528 1604 2593 Christi,
1638 2545 1743 2585 non
1790 2532 2105 2601 sanguinem
2152 2542 2383 2597 tantum,

811 2622 905 2674 sed
940 2621 1106 2674 etiam
1132 2634 1326 2689 aquam
1355 2620 1541 2676 emisit
1566 2620 1682 2689 ejus
1717 2637 1813 2691 per
1848 2623 2091 2679 lanceam
2128 2634 2384 2694 punctum

813 2713 974 2777 tatus,
1004 2723 1063 2766 ut
1109 2711 1340 2767 duarum
1388 2712 1509 2782 ejus
1555 2721 1874 2770 naturarum
1932 2730 2040 2772 non
2099 2716 2383 2772 confusam

808 2804 1067 2858 unionem
1123 2806 1457 2861 ostenderet.
1500 2803 1641 2861 Nota
1686 2822 1839 2877 ergo,
1884 2810 2026 2878 quod
2065 2824 2094 2862 a
2130 2811 2384 2878 praesenti

809 2910 1037 2951 cauone-
1072 2898 1191 2952 dum
1242 2898 1478 2952 bareses
1521 2897 1912 2954 subvertuntur
1951 2918 1966 2954 :
2007 2915 2112 2955 una
2164 2902 2382 2971 quidem

813 2987 1423 3058 Hydroparastatarum,
1453 2989 1546 3057 qui
1573 2988 1687 3043 sola
1715 3004 1856 3059 aqua
1897 2990 1952 3044 in
1994 2991 2167 3046 sancti
2197 2990 2382 3046 calicis

809 3079 1080 3133 sacrilicio
1121 3088 1385 3146 utuntur;
1417 3080 1524 3134 alia
1553 3089 1734 3136 autem
1760 3082 2163 3146 Armeniorum,
2203 3084 2292 3153 qui
2328 3083 2382 3138 id

809 3185 904 3238 per
962 3174 1144 3224 vinum
1189 3171 1363 3226 solum
1430 3171 1657 3228 faciunt.
1717 3172 1982 3240 Quoniam
2037 3185 2215 3230 autem
2271 3189 2378 3229 non

2495 1988 2862 2058 προσαγωγὴν
2903 1991 3000 2042 τοῦ
3035 1991 3197 2058 ἁγίου
3237 1995 3502 2066 ποτηρίου
3531 1998 3900 2065 ποιουμένων.
3934 2001 4069 2066 Συγ-

2492 2079 2860 2148 κροτήσαντες
2905 2084 2975 2136 τὰ
3027 2087 3182 2155 παρὰ
3241 2086 3449 2141 τούτων
3499 2088 3845 2159 διορισθέντα
3894 2093 3959 2144 ἔκ
4009 2110 4068 2144 τε

2491 2174 2668 2228 ἄλλων
2701 2176 2936 2241 πολλῶν,
2982 2179 3120 2232 ἀλλά
3152 2180 3260 2251 μὴν
3295 2184 3389 2236 καὶ
3422 2185 3486 2236 ὲκ
3525 2185 3627 2255 τῆς
3661 2188 4064 2258 παραδοθείσης

2492 2267 2684 2328 θυσίας
2728 2272 2884 2340 παρὰ
2925 2289 2986 2324 τε
3016 2272 3112 2326 τοῦ
3148 2275 3411 2346 ῥηθέντος
3435 2277 3594 2345 ἁγίου
3627 2280 3843 2348 [ἰατρὸς
3883 2282 4066 2350 ἡμῶν.

2489 2359 2585 2410 καὶ
2614 2361 2768 2430 παρά
2805 2361 2900 2415 τοῦ
2954 2364 3198 2432 μεγάλου
3232 2366 3541 2431 Βασιλείου,
3580 2371 3902 2439 καθαιρέσει
3939 2373 4068 2424 ὑπέ-

2489 2449 2654 2503 ϐαλον
2682 2455 2809 2516 τοὺς
2849 2456 3183 2518 ἐπισκόπους
3206 2463 3303 2511 καὶ
3333 2461 3462 2523 τοὺς
3491 2461 3905 2532 πρεσϐυτέρους
3936 2467 4065 2527 τοὺς

2491 2545 2568 2613 μὴ
2611 2549 2902 2611 ποιοῦντας
2936 2547 3036 2618 τὴν
3081 2549 3276 2603 θυσίαν
3325 2551 3421 2604 τοῦ
3463 2555 3626 2620 ἁγίου
3659 2556 3928 2627 ποτηρίου
3977 2557 4065 2610 διὰ

2490 2635 2680 2700 ὕδατος
2705 2638 2950 2702 ὲνώσεως
2980 2642 3075 2694 καὶ
3091 2643 3260 2696 οῐνου.
3281 2644 3467 2697 Ταῦτα
3481 2645 3539 2698 δὲ
3570 2650 4065 2718 παρεκελεύσαντο

2487 2725 2837 2798 θεοκινήτως.
2893 2731 2985 2786 Ἐν
3014 2735 3125 2802 γὰρ
3165 2735 3245 2804 τῷ
3288 2735 3421 2807 θείῳ
3451 2736 3619 2790 πάθει
3653 2739 3749 2792 τοῦ
3777 2739 3916 2794 Θεοῦ
3969 2744 4067 2794 καὶ

2485 2818 2741 2889 Σωτῆρος
2794 2822 2954 2892 ημῶν
3020 2825 3196 2911 Ἰησοῦ
3253 2828 3494 2898 Χριστοῦ
3552 2831 3650 2900 οὐχ
3699 2826 3842 2902 αἷμα
3876 2835 4067 2903 μόνον,

2484 2909 2622 2962 ἀλλὰ
2651 2911 2746 2963 καὶ
2773 2911 2919 2983 ὕδωρ
2951 2909 3224 2984 ἐξήγαγεν
3269 2919 3302 2987 ἠ
3323 2918 3414 2971 διά
3439 2917 3646 2989 λόγχης
3675 2924 3910 2988 νυγείσα
3944 2922 4065 2975 θεία

2481 3003 2676 3056 τούτου
2719 3005 2968 3078 πλευρὰ,
3022 3009 3110 3061 ἵνα
3141 3010 3242 3081 τὴν
3291 3012 3398 3064 τῶν
3450 3012 3546 3065 δύο
3601 3015 3796 3067 τούτου
3841 3015 4066 3080 φύσεων

2482 3098 2811 3170 παραστήσῃ
2839 3100 3145 3171 ἀσύγχυτον
3161 3103 3376 3159 ἕνωσιν.
3403 3105 3718 3174 Σημείωσαι
3743 3103 3838 3160 οὖν
3858 3109 3943 3161 ὅτι
3969 3109 4066 3160 δύο

2480 3189 2727 3260 αἱρέσεις
2771 3192 3176 3262 ἀνατρέπονται
3213 3194 3303 3249 διὰ
3335 3195 3429 3250 τοῦ
3469 3198 3741 3264 παρόντος
3769 3216 3926 3263 καν.,
3962 3203 4064 3270 μία

807 3263 978 3316 solum
1038 3262 1304 3328 Armenii,
1360 3263 1456 3319 sed
1503 3263 1667 3319 etiam
1730 3263 1911 3320 Latini
1973 3267 2447 3337 t'epreheuduntcI

2403 3278 2447 3337 C
2483 3284 2583 3353 μὲν
2615 3284 2727 3337 τῶν
2787 3285 3340 3358 ’Υδροπαραστατῶν,
3388 3289 3500 3343 τῶν
3552 3262 3855 3361 γρωμένων
3901 3262 4064 3348 ὕδατι

805 3369 960 3421 aqua:
1002 3353 1262 3410 ferventis
1309 3354 1361 3409 in
1410 3369 1624 3410 sacrum
1662 3355 1887 3411 calicem
1945 3358 2376 3421 immissionem,

806 3444 1048 3497 dicentes
1085 3459 1207 3497 eam
1249 3459 1354 3498 uou
1404 3459 1528 3500 esse
1557 3445 1813 3500 traditam
1845 3448 1914 3500 alt
1937 3448 2250 3516 evangelico
2293 3448 2375 3503 vel

806 3534 1070 3588 canonico
1113 3544 1410 3604 pracepto,
1435 3547 1492 3591 et
1518 3536 1640 3592 ideo
1668 3537 1808 3592 male
1841 3539 1989 3603 fieri.
2023 3551 2078 3595 et
2115 3543 2378 3600 adversus

809 3629 945 3679 hanc
968 3625 1208 3680 divinam
1238 3627 1611 3693 traditionem,
1639 3643 1760 3698 quae
1786 3632 2030 3687 decernit
2061 3649 2157 3703 per
2180 3651 2376 3705 aquam

807 3729 861 3774 et
887 3718 1074 3772 vinum
1113 3718 1415 3773 faciendam
1456 3723 1633 3778 sancti
1661 3724 1845 3779 calicis
1877 3725 2200 3782 oblationem
2235 3746 2249 3782 :
2284 3744 2379 3784 au-

801 3813 972 3873 diant,
997 3813 1140 3880 quod
1168 3811 1325 3883 193
1350 3813 1564 3870 fervens
1593 3816 1796 3882 addita,
1821 3832 1941 3888 quae
1964 3819 2024 3873 lit
2054 3835 2150 3890 per
2179 3836 2375 3891 aquam

801 3911 857 3954 et
895 3901 1080 3956 vinum
1112 3906 1284 3956 sancti
1314 3904 1522 3970 calicis,
1559 3907 1813 3963 unionem
1849 3925 1955 3965 non
1985 3923 2198 3980 mutat;
2236 3930 2376 3984 quo-

802 3995 947 4048 niani
981 4009 1087 4049 non
1116 4002 1198 4050 est
1233 3995 1435 4064 aliquid
1467 3998 1608 4052 aliud
1635 4010 1829 4069 przeter
1859 4018 2080 4072 aquam.
2118 4006 2367 4076 Injicitur

801 4096 980 4137 autem
1027 4086 1093 4137 ad
1127 4084 1568 4154 significandum,
1618 4091 1761 4159 quod
1806 4102 1932 4146 sunt
1967 4095 2176 4150 vivifica
2203 4136 2218 4160 ,
2253 4114 2375 4167 qua:

798 4191 864 4229 ex
891 4187 1081 4231 sancto
1136 4177 1344 4232 Domini
1398 4181 1569 4236 nostri
1607 4178 1735 4238 Jesu
1765 4180 1969 4239 Christi
2004 4185 2173 4242 latere
2203 4187 2375 4244 flum-

800 4278 946 4334 rnnt,
981 4271 1204 4338 sanguis
1234 4271 1441 4325 scilicet
1470 4282 1524 4325 et
1553 4287 1716 4342 aqua,
1737 4285 1794 4330 et
1818 4291 1925 4332 nou
1955 4292 2168 4333 mortua
2192 4298 2206 4346 ;
2233 4299 2371 4350 quo-

799 4363 940 4413 niam
965 4360 1160 4414 ex-hoc
1188 4377 1400 4430 quoque
1431 4363 1677 4418 miraculi
1708 4368 2019 4437 magnitudo
2043 4375 2368 4431 ostenditur.

794 4453 927 4506 Cum
976 4455 1119 4508 enim
1153 4471 1219 4508 ex
1253 4471 1483 4525 corpore
1532 4467 1743 4512 mortuo
1783 4469 1974 4529 suapte
2029 4475 2221 4518 natura
2264 4483 2369 4521 nou

2485 3375 2633 3445 μόνῳ
2661 3378 2719 3428 ὲν
2748 3380 2813 3449 τῇ
2853 3377 2949 3431 τοῦ
2984 3380 3141 3440 ἁγίου
3170 3381 3436 3452 ποτηρίου
3475 3383 3639 3454 θυσίᾳ
3667 3400 3681 3414 ⁸
3720 3384 3882 3454 ἑτέρα
3922 3386 3984 3438 δὲ
4025 3390 4059 3455 ἡ

2481 3467 2590 3519 τῶν
2630 3468 2953 3538 Ἀρμενίων,
2973 3473 3083 3524 τῶν
3114 3472 3203 3525 διὰ
3236 3475 3382 3526 οίνου
3415 3476 3578 3544 μόνου
3621 3476 3921 3529 ποιούντων
3957 3480 4062 3530 αὺ-

2479 3561 2600 3628 τήν.
2642 3560 2793 3614 Ἐπεὶ
2826 3563 2884 3615 δὲ
2925 3564 2985 3616 ού
3037 3565 3202 3634 μόνον
3254 3567 3304 3618 οί
3347 3568 3649 3636 Ἀρμένιοι,
3679 3570 3820 3623 ἁλλά
3866 3575 3968 3624 καὶ
4009 3574 4060 3624 οἱ

2479 3652 2700 3706 Λατῖνοι
2749 3654 3032 3710 αἰτιῶνται
3085 3658 3186 3728 τὴν
3217 3661 3298 3721 είς
3340 3659 3402 3711 τὸ
3429 3660 3588 3728 ἅγιον
3643 3663 3904 3733 ποτήριον
3959 3664 4058 3716 τοῦ

2481 3740 2696 3804 ζέοντος
2721 3743 2995 3815 εἰσϐολὴν,
3030 3743 3283 3814 λέγοντες
3319 3747 3394 3818 μὴ
3427 3747 3806 3819 παραδοθῆναι
3843 3753 4059 3821 ταύτην

2481 3835 2589 3884 ἀπὸ
2642 3833 3073 3905 εὐαγγελικῆςῆ
3112 3838 3407 3907 κανονικῆς
3459 3839 3862 3910 παραγγελίας,
3913 3846 4058 3899 κᾶν-

2479 3925 2672 3978 τεῦθεν
2708 3927 2955 3992 γίνεσθαι
2999 3927 3207 3993 κακῶς,
3241 3933 3336 3982 καὶ
3381 3931 3722 3996 ὑπεναντίως
3767 3935 3933 4004 δῆθεν
3988 3942 4056 4008 τῇ

2479 4020 2601 4088 θεία
2623 4019 2797 4090 ταύτῃ
2822 4021 3141 4089 παραδόσει,
3166 4025 3233 4093 τῇ
3261 4022 3613 4096 διοριζομένῃ
3642 4027 3712 4080 δι’
3738 4027 3933 4090 ὓδατος
3961 4039 4057 4084 καὶ

2477 4110 2623 4161 οἴνου
2672 4109 2773 4178 τὴν
2805 4109 2898 4160 τοῦ
2943 4110 3101 4175 ἁγίου
3142 4111 3411 4182 ποτηρίου
3458 4113 3712 4181 γίνεσθαι
3756 4133 4059 4186 προσαγω-

2477 4201 2582 4268 γήν
2607 4216 2621 4230 ·
2671 4202 3071 4254 ἀκουσάτωσαν
3116 4201 3199 4254 ὅτι
3231 4203 3294 4256 τὸ
3327 4203 3449 4267 ζέον
3489 4205 3922 4277 προστιθέμενον
3977 4209 4055 4278 (8)

2474 4291 2577 4360 τὴν
2604 4289 2675 4342 δι’
2701 4288 2892 4352 ὓδατος
2929 4293 3026 4344 καὶ
3052 4291 3197 4344 οἴνου
3238 4293 3436 4346 ἕνωσιν
3465 4293 3562 4346 τοῦ
3589 4294 3746 4364 ἁγίου
3779 4303 4053 4369 ποτηρίου

2473 4383 2534 4433 ού
2570 4382 2918 4452 μεταϐάλλει,
2953 4383 3036 4435 ὅτι
3065 4384 3110 4435 δ’
3139 4384 3240 4437 οὐκ
3292 4385 3441 4437 ἔστιν
3472 4386 3662 4457 ἕτερόν
3717 4404 3768 4440 τι
3805 4396 3964 4460 παρὰ
3998 4394 4055 4444 τὸ

2476 4471 2640 4542 ὕδωρ.
2675 4472 2939 4526 Βάλλεται
2970 4473 3027 4524 δὲ
3075 4475 3156 4536 εἰς
3204 4473 3581 4545 πληροφορίαν
3627 4475 3718 4527 τοῦ
3740 4471 3884 4529 εἶναι
3921 4479 4055 4540 ζωο-

795 4553 966 4600 soleat
1003 4546 1218 4602 fervens
1244 4551 1465 4618 sanguis
1493 4553 1701 4621 egredi,
1733 4568 1798 4608 ex
1827 4569 2055 4624 corpore
2084 4558 2368 4615 Dominico
2399 4628 2436 4638 _

2399 4628 2436 4638 _
2473 4563 2605 4616 ποιὰ
2634 4562 2702 4615 τά
2738 4565 2848 4616 ἀπὸ
2877 4562 2978 4632 τῆς
3009 4564 3169 4629 ἁγίας
3207 4564 3452 4634 πλευρᾶς
3499 4564 3595 4617 τοῦ
3644 4567 3857 4634 Κυρίου
3889 4571 4053 4638 ἡμῶν

790 4637 952 4689 etiam
993 4648 1115 4706 post
1145 4649 1372 4692 mortem
1403 4642 1624 4708 sanguis
1651 4653 1706 4695 et
1737 4658 1877 4710 aqua
1913 4645 2188 4702 ferventes
2209 4649 2365 4703 eﬂlu-
2399 4628 2445 4686 Ῑ)

2399 4628 2445 4686 Ῑ)
2485 4655 2664 4724 Ἰησοῦ
2694 4628 2947 4724 Χριστοῦ-
2973 4628 3266 4723 ῥεύσαντα,
3293 4628 3360 4708 τὸ.
3386 4653 3530 4725 αίμα
3558 4628 3805 4724 δηλονότι
3995 4664 4052 4713 τὸ

792 4741 1010 4793 xerunt,
1045 4741 1104 4784 ιιι
1131 4747 1193 4785 ει
1238 4733 1454 4788 vivitico
1485 4749 1719 4805 corpore
1743 4738 1980 4794 vivitica.
2014 4740 2070 4794 Si
2105 4742 2227 4811 quis
2267 4760 2365 4796 au-

794 4834 897 4876 tem
951 4823 1171 4886 dixerit,
1212 4825 1276 4878 Et
1332 4840 1449 4892 cur,
1509 4837 1797 4898 antequam
1853 4831 1926 4886 sit
1982 4835 2359 4892 sanctilicatus

789 4929 1008 4970 sanctus
1044 4919 1206 4983 calix,
1239 4917 1453 4974 fervens
1494 4935 1632 4990 aqua
1673 4921 1741 4975 ad
1787 4924 2042 4979 unionem
2090 4941 2199 4980 non
2233 4927 2357 4998 inji-

789 5011 952 5068 ritur.
989 5010 1082 5064 sed
1128 5021 1261 5089 post
1289 5014 1823 5070 sanctificationem?
1869 5018 2085 5086 audiet,
2122 5023 2268 5091 quod
2314 5024 2362 5078 si

791 5101 1102 5170 injiccrctnr
1147 5103 1365 5159 fervens
1398 5116 1641 5176 tempore
1669 5108 1906 5177 unionis,
1940 5118 2008 5167 ad
2046 5123 2363 5172 sanctorum

789 5210 956 5258 ιιοιιιιυ
989 5198 1455 5266 participationem
1489 5199 1926 5272 refrigeraretur,
1949 5215 2004 5261 et
2030 5209 2189 5276 resin
2212 5209 2362 5280 prio-

2474 4747 2641 4818 ὕδωρ,
2670 4750 2763 4801 καὶ
2798 4749 2874 4818 μὴ
2907 4748 3079 4818 νεκρά
3099 4764 3113 4778 ·
3151 4750 3236 4801 ὅτι
3266 4748 3330 4803 τὸ
3357 4749 3454 4802 τοῦ
3486 4749 3766 4820 θαύματος
3815 4754 4052 4821 μέγεθος

2471 4842 2568 4893 καὶ
2589 4845 2653 4893 ἐκ
2682 4840 2873 4892 τούτου
2900 4840 3240 4894 πιστεύεται.
3279 4842 3416 4896 usque
3441 4844 3549 4913 γὰρ
3573 4844 3769 4915 νεκροῦ
3791 4847 4051 4915 σώματκ

2472 4936 2547 5003 μὴ
2581 4933 2891 5001 πεφυκότος
2922 4933 3255 5005 καταρῤέειν
3303 4932 3523 4997 ζέοντος
3567 4935 3826 5006 αἵματος,
3862 4938 3930 4990 ὲκ
3955 4939 4047 4991 τοῦ

2471 5024 2755 5095 Κυριακοῦ
2813 5025 3067 5096 σώματος
3123 5027 3222 5079 καὶ
3273 5031 3416 5095 μετὰ
3477 5027 3711 5081 θάνατον
3753 5025 3901 5099 αἷμα
3959 5034 4050 5083 καὶ

2472 5117 2617 5189 ὕδωρ
2652 5117 2843 5182 ζέοντα
2881 5117 3240 5190 ἐξέρρευσαν,
3276 5120 3352 5174 ὼς
3391 5121 3457 5172 ἐκ
3484 5119 3754 5182 ζωοποιοῦ
3789 5123 4048 5192 σώματος

2475 5208 2739 5272 ζωοποιά.
2770 5211 2833 5263 Ei
2862 5211 2921 5264 δέ
2962 5229 3046 5274 τις
3078 5213 3229 5284 εῐπῃ,
3257 5213 3367 5266 Καὶ
3409 5213 3500 5266 διὰ
3526 5213 3576 5265 τί
3607 5215 3717 5283 πρὸ
3747 5215 3848 5267 τοῦ
3879 5217 4044 5283 ἁγια-

2037 5320 2238 5385 Guill.
2271 5326 2604 5406 Beveregii
2647 5334 2836 5388 noue.

781 5414 973 5488 Jacobi
1020 5415 1107 5488 vel
1143 5416 1318 5488 sancti
1358 5415 1524 5470 Marci
1566 5419 1837 5488 Iiturgiatn
1887 5430 2357 5482 commemorari:

785 5485 1062 5563 additque,
1094 5483 1254 5563 ’ᾼλλὰ
1277 5489 1368 5538 καὶ
1392 5490 1424 5557 ἡ
1446 5483 1723 5563 καθολικη
1750 5492 2043 5563 Ἐκκλησία
2069 5495 2164 5547 τοῦ
2190 5497 2356 5563 ἁγιωο

781 5558 946 5628 τατου
976 5555 1473 5628 κοινοὶκουμενικοῦ
1497 5560 1686 5623 θρόνου
1702 5555 1814 5628 ’τῆς
1844 5555 2358 5620 Κωνσταντινουπό-

783 5624 917 5705 item;
945 5625 1054 5705 οὐδ’
1079 5625 1214 5705 ὅλως
1236 5628 1447 5705 ταύτας.
1472 5624 1846 5705 ἐπιγινωσκει.
1878 5635 2242 5705 Ψηφιζόμεθα
2262 5637 2358 5691 ούν

789 5697 862 5762 μὴ
929 5692 1098 5771 εἷναιῄ
1135 5697 1330 5759 δεκτας
1387 5692 1588 5764 αύτὰςξ
1640 5699 1822 5771 Neque
1873 5692 2063 5757 etiam-
2093 5692 2358 5763 catholica

775 5769 1115 5845 {citatissimi
1143 5778 1190 5820 ct
1233 5774 1535 5845 tegumenici
1572 5769 1746 5826 throni
1784 5775 2359 5845 ConstantinOpolilani

775 5836 1012 5891 lacclest'a
1039 5840 1147 5894 ullo
1179 5840 1333 5894 modo
1360 5858 1449 5896 eas
1477 5844 1724 5913 liturgias
1749 5849 2003 5915 agnoscit.
2037 5836 2358 5904 Pronuntia-

2460 5444 2578 5481 ntus
2621 5428 2786 5498 igitur
2832 5429 2929 5483 Ita:
2975 5447 3077 5483 non
3126 5444 3237 5483 esse
3273 5429 3623 5498 recipiendas.
3672 5428 3915 5483 Bthsam.
3978 5431 4044 5485 ad

2461 5500 2628 5572 mare.
2673 5502 2932 5572 interrog.
2991 5517 3029 5563 t,
3072 5501 3126 5555 itt
3181 5501 3306 5555 .Iur.
3353 5500 3447 5554 Gr.
3494 5498 3645 5554 Rom.
3715 5503 3753 5556 Ι.
3813 5516 3866 5566 v,
3921 5517 4040 5571 pag.

2459 5569 2586 5629 562.
2621 5571 2747 5624 505.

2530 5642 2606 5710 (8)
2645 5641 2768 5711 Ὅτι
2794 5640 2862 5694 τὸ
2888 5639 3019 5701 ζέον
3042 5640 3535 5711 προστιθέμενον.
3569 5641 3793 5711 Eadem,
3825 5656 3951 5710 qua:
3979 5646 4041 5697 de

2457 5727 2596 5780 aqua
2634 5710 2844 5766 fervida
2879 5723 3072 5767 sancto
3114 5710 3338 5782 poculo
3363 5715 3718 5768 immiscenda
3747 5710 4037 5767 Balsamon

2457 5783 2708 5843 tradidit,
2759 5786 2957 5852 repetit
3015 5785 3181 5837 etiam
3241 5787 3295 5837 ιιι
3348 5787 3628 5852 responsis
3674 5784 3740 5838 ad
3797 5783 4037 5838 Marcum

2455 5853 2912 5915 Alexandrinum,
2944 5853 3012 5908 ad
3047 5857 3313 5925 interrog.
3349 5856 3438 5908 18.
