4240 6442
212 367 318 430 69.5

1192 371 1270 429 IN
1313 372 1474 432 CAN.
1517 374 1764 433 XXXIII
1807 375 2008 433 (JONC.
2057 377 2134 433 IN
2173 379 2485 438 TIIUI.LO.

3335 367 3444 434 626

218 474 396 544 σκευὴ
432 475 528 527 τοῦ
554 477 734 541 ἁγίου,
767 477 846 540 είς
889 479 950 531 τὸ
981 479 1274 551 ἀναιρῆσαι
1317 481 1414 550 τὴν
1443 480 1653 548 αἵρεσιν
1680 482 1787 531 τῶν
1817 487 1861 540 Α

1765 487 2062 540 νΑιςιΓιιιιι
2125 489 2369 540 Itmrcsim
2416 489 2668 550 .tnllcrct,
2731 489 2900 552 iisque
2965 485 3090 538 vitm
3163 483 3324 534 etiam
3390 483 3439 532 in

201 565 778 634 .”ὶ’δροπαραστατῶν,
814 570 910 623 καὶ
929 573 1114 622 πεῖσαι
1145 573 1338 634 αὐτοὺς
1369 573 1459 625 καί
1483 571 1609 641 οἴνῳ
1638 572 1773 641 χρῆ·

215 656 342 708 σθαι
370 659 429 709 ὲν
451 661 562 717 τοῖς
605 662 946 730 μυστηρίοις.
996 663 1154 714 Ἀλλὰ
1189 663 1505 731 νομίσαντες
1531 654 1613 716 ὅτι
1640 667 1773 717 άνα-

212 749 436 808 τρέπων
465 751 526 801 τὸ
557 751 700 822 ὕδωρ
749 753 1112 822 ἐμϐάλλεσθαι
1149 758 1205 806 ἐν
1259 758 1461 819 αὐτοῖς,
1514 759 1645 826 πρὸς
1687 758 1776 810 τὸν

213 840 439 909 ἔλεγχον
461 845 824 914 ἁντικατέστη
862 848 1060 911 αὐτῶν,
1085 844 1226 898 οἶνον
1249 850 1404 914 μόνον
1436 852 1779 918 προσφέρου-

217 949 324 993 σιν,
357 934 682 1000 ἀγνοοῦντες
721 935 793 998 ὡς
837 939 930 988 καὶ
959 939 1120 994 αὐτὸς
1148 941 1174 989 ὁ
1203 940 1589 1008 Χρυσόστομος
1632 943 1725 992 καὶ
1751 943 1778 992 ὁ

216 1026 398 1090 μέγας
451 1026 731 1089 Βασίλειος
786 1030 880 1079 καὶ
914 1031 941 1080 ό
970 1029 1288 1096 ἁδελφόθεο;
1338 1031 1591 1092 Ἰάκωϐος
1637 1029 1779 1083 οἶνον

217 1117 513 1183 μιγνύντες
545 1117 700 1171 ὕδατι
749 1121 848 1182 τὴν
881 1121 1072 1174 ουσίαν
1110 1123 1477 1192 προσέφερονο
1509 1126 1600 1175 καὶ
1651 1127 1780 1193 ἡμῖν

212 1207 358 1258 οὕτω
395 1209 695 1275 προσάγειν
730 1210 1201 1278 παραδεδώκασιν.
1234 1213 1299 1265 Εἴ
1325 1231 1407 1272 τις
1438 1207 1529 1266 οῦν
1557 1215 1782 1266 ἐπίσκο-

214 1303 316 1358 πος
343 1300 374 1367 ἢ
419 1299 792 1370 πρεσόύτερος
822 1302 896 1369 μὴ
923 1304 1064 1353 κατὰ
1112 1304 1210 1372 τὴν
1245 1305 1545 1374 παράδοσιν
1578 1305 1782 1370 ταύτην

213 1389 326 1439 τῶν
380 1391 697 1442 ἀποστόλων
740 1393 835 1443 καὶ
887 1393 994 1443 τών
1048 1393 1321 1462 θεοφόρων
1381 1397 1640 1465 Πατέρων
1675 1398 1784 1465 ’τὴν

212 1484 488 1551 ἄχραντον
523 1485 792 1552 προσάγει
820 1483 1032 1548 θυσίαν,
1074 1485 1464 1554 καθαιρείσθω,
1497 1487 1572 1549 ὡς
1599 1488 1785 1551 ἁπλῶς

214 1575 277 1623 τδ
317 1576 619 1642 μυστήριον
665 1575 1033 1642 ἐξαγγέλλων,
1066 1577 1160 1628 κει)⁸
1186 1577 1395 1631 ἀθετῶν
1429 1578 1496 1630 τὰ
1546 1580 1787 1647 παραδε-

210 1665 440 1718 δομένα.

798 1760 1032 1814 ΚΑΝΩΝ
1079 1763 1200 1814 AI".

1883 580 2150 647 mysteriis
2199 580 2270 630 uti
2327 581 2687 646 persuaderet.
2737 579 2837 629 Sed
2889 576 3252 634 arbitrantes,
3302 576 3443 639 qllnd

1883 669 1968 721 ille
1997 684 2148 734 aqua:
2179 670 2228 720 in
2279 671 2343 722 iis
2383 669 2764 722 immissionetn
2823 666 3092 724 refellens.
3147 664 3210 716 ad
3258 677 3443 715 eorum

1885 762 2311 825 redargutionem
2341 775 2458 814 sese
2488 762 2756 829 oppoutit,
2788 762 2969 810 vinum
2993 760 3160 810 solum
3189 756 3444 813 oﬂ'erunt.

1886 853 2196 919 ignorantes
2239 853 2378 920 quod
2407 861 2460 906 et
2498 853 2608 917 ipse
2640 850 3084 922 Chrysostomus.
3130 858 3183 902 et
3215 847 3447 901 Basilius

1886 960 2132 1013 magnus,
2184 954 2237 996 et
2294 944 2503 996 Domini
2561 943 2729 995 frater
2772 942 3004 996 Jacohus
3053 941 3235 994 vinum
3297 954 3447 1005 aqum

1889 1035 2248 1088 innuiscentes
2289 1034 2611 1087 sacrilicium
2663 1032 3002 1088 oll'erebant:
3063 1043 3118 1084 et
3161 1032 3316 1085 nobis
3375 1031 3448 1082 ita

1886 1127 2080 1182 oll'erre
2125 1129 2480 1181 tradiderunt.
2535 1127 2590 1181 Si
2641 1127 2762 1195 quis
2805 1128 2984 1192 itaque
3026 1127 3310 1191 episcopus
3357 1132 3452 1176 aut

1889 1221 2166 1289 presbyter
2247 1236 2351 1272 non
2404 1219 2695 1274 secundum
2765 1219 2905 1272 hanc
2973 1216 3337 1284 apostolorum
3399 1224 3452 1265 et

1889 1313 2190 1365 divinorum
2222 1311 2437 1365 Patrum
2475 1311 2840 1372 traditionem.
2871 1308 3268 1363 immaculatum
3297 1306 3453 1359 olIert

1891 1404 2240 1473 sacrilicium,
2283 1405 2601 1470 deponatur,
2637 1413 2694 1455 ut
2739 1418 2840 1454 non
2894 1409 3150 1453 accurate
3199 1400 3451 1468 mysteria

1893 1499 2168 1567 evulgans,
2199 1505 2253 1550 ct
2280 1497 2477 1549 tradita
2509 1494 2838 1563 contemptui
2869 1493 3094 1547 habens.

2420 1763 2645 1818 CANON
2699 1763 2936 1818 XXXIII.

219 1867 240 1897 ς
306 1851 639 1921 Ἐπειδὴπερ
668 1851 914 1922 ἔγνωμεν
942 1856 1000 1906 ὲν
1043 1857 1108 1923 τῇ
1149 1854 1258 1906 τῶν
1302 1855 1604 1924 Ἀρμενίων
1635 1857 1789 1925 χώρα
1823 1832 1864 1886 Β

1781 1832 1864 1906 LB
1897 1880 1916 1912 ι
1958 1861 2221 1928 Quoniam
2275 1861 2644 1928 cognovimus.
2696 1859 2748 1911 in
2804 1859 3180 1912 Armeniorum
3238 1856 3455 1924 regione

295 1963 312 1992 ι
367 1944 562 2012 μόνους
621 1946 680 1996 ἐν
739 1939 1088 2014 κλὴρῲτοὺς
1145 1948 1208 1998 ὲκ
1266 1947 1460 2014 γένους
1511 1947 1788 2017 ἱερατικοῦ

300 2056 312 2083 ι
362 2035 707 2100 κατάγεσθαι
750 2036 884 2103 (10),
932 2037 1245 2100 Ἰουδαϊκοῖς
1286 2038 1466 2090 ἔθεσιν
1510 2039 1792 2106 ἑπομένων

297 2148 312 2173 ‹
366 2129 474 2176 τῶν
511 2128 670 2180 τοῦτο
725 2131 990 2198 πράττειν
1028 2130 1486 2199 ἐπιχειρούντων*
1537 2131 1689 2188 τινὰς
1737 2131 1794 2183 δὲ

298 2238 316 2266 ς
364 2221 544 2270 αὑτῶν
575 2221 666 2272 καὶ
715 2219 788 2289 μὴ
827 2222 1293 2290 ἁποκειρομένους
1343 2221 1668 2289 ίεροψάλτας
1700 2223 1795 2274 καλ⁵

298 2331 316 2359 ι
373 2309 729 2378 ἀναγνώστας
759 2311 905 2363 θείου
948 2312 1078 2364 ναοῦ
1108 2311 1508 2365 καθίστασθαιο
1563 2315 1799 2366 συνείδο-

300 2422 314 2447 ς
373 2419 472 2470 μεν
512 2402 654 2455 ὥστε
690 2404 798 2457 ἀπὸ
830 2404 926 2456 τοῦ
961 2404 1057 2456 νῦν
1098 2408 1172 2474 μὴ
1205 2405 1408 2470 ὶξεῖναι
1437 2408 1552 2468 τοῖς
1594 2406 1797 2474 κλῆρον

297 2515 316 2543 ς
371 2497 723 2563 βουλομένοις
747 2501 1010 2567 προάγειν
1035 2501 1187 2562 τινας
1210 2502 1292 2562 είς
1311 2501 1373 2553 τὸ
1395 2503 1547 2568 γένος
1570 2502 1800 2554 ἀποϐλέ-

301 2609 317 2635 ι
367 2606 492 2641 πειν
532 2591 624 2642 τοῦ
658 2591 1140 2662 προχειριζομένου
1163 2607 1178 2623 ⁶
1211 2592 1350 2644 ἀλλὰ
1386 2593 1799 2660 δοκιμάζοντες,

299 2699 320 2728 ι
373 2685 420 2732 εἰ
455 2683 595 2746 ἄξιοι
627 2677 757 2747 εἶεν,
796 2685 935 2736 κατὰ
959 2685 1085 2746 τοὺς
1124 2684 1382 2747 τεθέντας
1412 2686 1470 2734 ὲν
1492 2687 1604 2747 τοῖς
1639 2687 1803 2753 ἱεροῖς

304 2797 322 2823 ι
376 2776 601 2827 κανόσιν
626 2778 807 2846 ὄρους.
843 2777 901 2829 ὲν
929 2778 1115 2847 κλήρῳ
1157 2777 1547 2846 καταλεγῆναι,
1580 2779 1804 2840 τούτους

301 2888 323 2916 ‹
376 2868 864 2935 ἐκκλησιαστικοὺς
891 2870 1359 2938 προχειρίζεσθαι,
1413 2872 1520 2923 εἴτε
1591 2872 1682 2923 καὶ
1740 2874 1804 2924 ὲκ

305 2980 323 3007 ‹
376 2962 659 3031 προγόνων
709 2963 960 3027 γεγόνασι
1015 2963 1228 3032 ἱερέων,
1275 2966 1384 3016 εἴτε
1409 2964 1504 3016 καὶ
1535 2967 1642 3032 μή·
1671 2963 1805 3016 ἀλλὰ

305 3072 326 3102 ε
380 3052 513 3120 μηδέ
537 3069 658 3104 τινα
677 3054 786 3104 τῶν
817 3054 1073 3108 ἁπάντων
1101 3059 1409 3126 συγχωρεῖν
1440 3056 1526 3108 ἐπ’
1553 3057 1806 3126 ἄμϐωνος

303 3163 324 3190 ‹
373 3144 518 3196 κατὰ
545 3145 645 3211 τὴν
668 3145 776 3198 τῶν
799 3148 856 3198 ὲν
876 3147 952 3216 τῷ
970 3147 1157 3218 κλήρῳ
1177 3149 1631 3216 καταλεγομένων
1651 3151 1805 3214 τάξιν

299 3256 321 3283 ι
373 3240 500 3300 τοὺς
551 3239 727 3300 θείους
769 3239 844 3309 τῷ
871 3241 988 3312 λαῷ
1033 3242 1222 3310 λόγους
1257 3243 1569 3309 ἀποφωνεῖν
1609 3243 1720 3309 (Η)
1753 3245 1802 3296 εί

301 3348 322 3371 ο
377 3331 452 3398 μή
478 3348 529 3382 τι
579 3330 647 3383 ἂν
675 3332 922 3402 ίερατικῇ
955 3335 1130 3404 κουρᾷ
1151 3336 1412 3403 χρήσοιτο
1466 3336 1493 3386 ό
1540 3333 1802 3397 τοιοῦτος,

306 3443 326 3470 ι
378 3422 472 3473 καὶ
521 3423 620 3492 τὴν
672 3424 927 3491 εὐλογίαν
979 3426 1084 3479 ὑπὸ
1143 3426 1239 3479 τοῦ
1284 3428 1489 3480 οἰκείου
1549 3429 1806 3493 ποιμένος

307 3533 325 3560 ε
378 3513 680 3577 κανονικῶς
738 3516 1070 3582 ὑποδέξοιτο.
1138 3519 1200 3572 Ei
1267 3519 1326 3571 δέ
1379 3536 1464 3582 τις
1519 3518 1803 3586 φωραθείη

307 3625 327 3654 ‹
377 3606 530 3673 παρὰ
561 3609 630 3660 τὰ
658 3610 1136 3680 προγεγραμμένα
1170 3611 1365 3671 ποιῶν,
1401 3609 1801 3680 ἀφοριζέσθω.»

303 3701 501 3753 ΒΛΔΣ.
531 3699 634 3752 Δύο
666 3701 840 3754 ταῦτα
873 3703 900 3753 ό
935 3701 1126 3770 παρών
1163 3701 1346 3755 κανὼν
1388 3701 1717 3772 διορθοῦται,
1748 3703 1807 3753 τὸ

226 3792 381 3844 κατὰ
411 3792 510 3860 τὴν
548 3791 734 3861 χώραν
781 3792 890 3844 τῶν
938 3793 1241 3863 Ἀρμενίων
1285 3793 1472 3855 κακῶς
1522 3793 1810 3860 γινόμενον

228 3883 396 3951 χάριν
426 3881 518 3933 τοῦ
557 3883 632 3951 μὴ
672 3883 846 3946 ἄλλως
883 3883 1133 3950 γίνεσθαι
1178 3885 1496 3952 κληρικοὺς,
1538 3883 1674 3935 ἀλλὰ
1709 3884 1807 3951 μό-

228 3992 364 4036 νους
393 3978 521 4037 τοὺς
547 3976 610 4027 ἐκ
640 3975 832 4042 γένους
862 3977 1142 4044 ἱερατικοῦ
1182 3978 1591 4045 καταγομένους
1625 3976 1718 4027 καὶ
1751 3976 1810 4027 τὸ

231 4068 330 4118 ἐπὶ
362 4067 616 4135 ἄμϐωνος
677 4067 1155 4136 ἀναγινώσκεσθαι
1197 4069 1267 4121 τὰ
1309 4070 1431 4120 θεία
1471 4068 1628 4135 λόγια
1659 4068 1812 4134 παρὰ

228 4159 349 4211 τῶν
383 4159 458 4228 μὴ
484 4159 718 4228 ἐχόντων
752 4161 1124 4222 ὲπισκοπικὰς
1153 4161 1526 4226 ὲπικουρίδας,
1565 4159 1654 4212 τὸν
1689 4161 1809 4228 μὲν,

237 4253 317 4304 ὡς
360 4251 654 4304 Ἰουδαϊκὸν
710 4252 1156 4320 (νενομοθέτηται
1209 4253 1318 4322 γὰρ
1348 4251 1499 4321 παρὰ
1543 4249 1813 4312 Ἰουδαίοις

230 4343 347 4395 ἀπὸ
379 4342 478 4412 τῆς
527 4343 819 4410 Λευῖτικῆς
854 4344 1023 4412 φυλῆς
1052 4345 1146 4398 καὶ
1182 4344 1350 4412 μόνης
1376 4344 1502 4405 τοὺς
1528 4344 1694 4413 ίερείς
1729 4343 1814 4410 γί-

233 4434 430 4485 νεσθαι
451 4434 488 4498 ),
521 4434 581 4486 τὸ
618 4434 696 4496 δὲ,
729 4435 805 4493 ὡς
833 4434 1134 4502 ἀλογίστως
1153 4435 1495 4504 τελούμενον.
1528 4436 1696 4487 Φασὶν
1719 4432 1812 4488 οὖν

232 4530 285 4578 οἱ
315 4527 557 4595 Πατέρες
582 4525 829 4587 ἐκείνους
854 4527 913 4577 ὲν
934 4525 1013 4595 τῷ
1051 4527 1241 4596 κλήρῳ
1267 4526 1720 4589 κατατάττεσθαι,
1741 4529 1814 4596 μὴ

235 4617 370 4678 τοὺς
399 4617 462 4668 ὲκ
490 4614 685 4683 γένους
718 4615 995 4685 κληρικῶν
1041 4615 1219 4678 ὄντας,
1271 4615 1407 4668 ἀλλὰ
1436 4616 1564 4678 τοὺς
1610 4615 1814 4680 ἀξίους,

239 4711 339 4762 καὶ
377 4710 493 4761 κατ’
527 4709 784 4778 ἐπιλογὴν
815 4708 1185 4778 ὲπισκοπικὴν
1217 4709 1688 4777 προτιμωμένους,
1711 4709 1816 4762 κᾶν

245 4802 323 4871 μὴ
355 4803 417 4852 ὲκ
439 4801 628 4866 γένους
649 4800 891 4853 τοιούτου
913 4794 1046 4853 ὦσιν
1065 4817 1080 4832 σ
1101 4800 1360 4862 ὡσαύτως
1387 4800 1486 4862 τὰς
1517 4801 1604 4852 ἐπ’
1627 4801 1816 4869 άμΰω-

238 4913 334 4956 νος
357 4894 690 4960 ἀναγνώσεις
719 4894 912 4963 μόνους
939 4896 1114 4946 ποιεῖν
1136 4893 1262 4955 τοὺς
1289 4894 1368 4955 είς
1390 4891 1550 4945 τοῦτο
1574 4892 1817 4958 ἀποκλη-

245 4983 548 5052 ρωθέντας,
582 4985 753 5054 ἡγουν
776 4986 903 5045 τοὺς
931 4984 1156 5053 ἔχοντας
1194 4983 1565 5044 ὲπισκοπικὰς
1589 4985 1815 5034 ἐπικου-

246 5078 426 5142 ρίδαε.
476 5075 662 5127 Ταῦτα
707 5075 807 5128 τοῦ
857 5075 1001 5128 θείου
1045 5078 1268 5137 κανόνος
1298 5075 1816 5144 παρακελευομένου

244 5173 347 5221 καὶ
378 5167 730 5235 ἁερορίζοντος
759 5167 885 5228 τοὺς
909 5168 1060 5236 παρὰ
1080 5168 1254 5220 ταῦτα
1287 5167 1596 5230 ποιοῦντας,
1626 5166 1820 5236 ἐλαλή-

1970 1975 1986 2005 ‹
2029 1970 2119 2006 eos
2151 1953 2320 2007 solum
2355 1954 2406 2005 in
2441 1953 2570 2006 cleri
2617 1954 2860 2005 ordinem
2913 1951 3137 2013 referri.
3183 1951 3273 2018 qui
3334 1961 3457 2003 Sunt

1963 2070 1979 2099 ι
2019 2065 2082 2101 ex
2114 2063 2310 2116 genere
2338 2047 2680 2110 sacerdotali,
2704 2048 2790 2109 iis,
2819 2048 2906 2112 qui
2934 2047 3034 2100 hoc
3066 2048 3241 2099 facere
3269 2062 3458 2112 aggre-

1973 2161 1989 2188 ‹
2032 2141 2290 2203 diuntnr,
2345 2153 2520 2193 mores
2569 2138 2820 2192 Iudaicos
2861 2138 3249 2204 sequentibus,

1973 2253 1989 2281 ι
2037 2233 2210 2285 nullos
2253 2242 2429 2284 autem
2464 2246 2668 2291 eorum.
2701 2232 2862 2282 eliam
2894 2245 2997 2282 non
3035 2240 3239 2286 tonsos.
3273 2244 3458 2280 sacros

1973 2346 1989 2375 ι
2033 2334 2282 2380 cantores
2339 2334 2394 2379 et
2444 2325 2609 2376 divini
2666 2325 2845 2391 templi
2899 2325 3123 2399 lectores
3164 2322 3456 2376 constitui:

1973 2438 1990 2468 ι
2031 2417 2390 2476 decernimus.
2428 2425 2486 2468 ιιι
2520 2417 2771 2482 deinceps
2801 2432 2904 2468 non
2939 2416 3100 2468 liceat
3127 2415 3212 2474 iis.
3241 2414 3332 2480 qui
3371 2429 3463 2467 vo-

1978 2528 1995 2558 ι
2037 2511 2148 2562 Ιυιιι
2190 2509 2397 2574 aliquos
2441 2510 2506 2558 ad
2549 2507 2748 2560 clerum
2795 2508 3079 2569 adducere,
3121 2505 3185 2559 ad
3233 2505 3347 2573 ejus
3376 2504 3462 2555 cui

1979 2621 1996 2650 ι
2037 2616 2230 2654 manus
2261 2599 2572 2666 imponitur.
2610 2613 2776 2664 genus
2809 2599 3114 2664 respicere;
3143 2598 3232 2650 sed
3264 2598 3468 2650 exami-

1983 2707 1999 2736 ι
2044 2696 2236 2740 nantes
2271 2704 2337 2740 an
2363 2687 2504 2756 digni
2547 2689 2655 2740 sint
2683 2686 2832 2753 juxta
2877 2687 3185 2755 praescripta
3216 2688 3266 2740 in
3297 2687 3464 2740 sacris

1986 2800 2002 2828 ι
2044 2779 2341 2831 canonihus
2398 2779 2652 2842 decreta,
2711 2779 2803 2846 qui
2857 2779 2906 2829 in
2968 2778 3096 2830 cleri
3165 2777 3464 2845 catalogum

1979 2890 1994 2917 ‹
2040 2873 2363 2932 referantur,
2396 2883 2509 2921 eos-
2536 2868 2931 2922 ecclesiasticos
2974 2884 3309 2936 promovere.
3358 2871 3467 2923 sive

1975 2981 1990 3010 ι
2031 2963 2136 3013 sint
2171 2977 2234 3013 ex
2280 2960 2574 3028 majoribus
2603 2962 2712 3013 suis
2744 2961 3132 3020 sacerdotlbus.
3165 2962 3280 3015 sive
3325 2980 3464 3024 nun;

1986 3073 2002 3102 ‹
2043 3055 2133 3106 sed
2170 3053 2329 3105 etiam
2363 3065 2420 3105 ut
2462 3053 2587 3104 nulli
2634 3067 2698 3106 ex
2749 3055 3002 3107 omnibus
3051 3069 3236 3107 eorum
3289 3054 3463 3114 lit-eat,

1983 3166 1998 3188 ι
2044 3145 2132 3212 qui
2180 3145 2388 3196 suntin
2423 3146 2738 3197 clericorum
2771 3145 3013 3198 ordinem
3059 3145 3230 3206 relati,
3278 3146 3470 3214 populo

1984 3257 1999 3286 ι
2049 3241 2099 3289 ἱιι
2129 3247 2377 3306 suggestu
2408 3237 2615 3290 divinas
2650 3237 2962 3305 Scripturas
2997 3240 3244 3296 recitare.
3278 3239 3378 3292 nisi
3426 3241 3469 3290 is

1981 3348 2000 3381 ι
2038 3329 2354 3382 sacerdotali
2385 3341 2602 3382 tonSura
2649 3345 2780 3383 usus
2827 3329 3004 3388 fuerit.
3047 3342 3099 3382 et
3133 3331 3469 3385 benedictio-

1986 3441 2003 3468 ι
2047 3435 2164 3472 nem
2194 3436 2220 3470 a
2248 3437 2344 3472 sun
2369 3433 2582 3486 pastore
2613 3421 2869 3474 canonice
2900 3423 3218 3489 susceperit.
3263 3421 3318 3476 Si
3348 3425 3470 3492 quis

1988 3532 2004 3561 ι
2045 3523 2224 3565 autem
2259 3513 2416 3566 aliter
2459 3513 2637 3568 facere
2681 3515 3045 3583 deprehensus
3083 3514 3264 3578 fuerit,
3312 3518 3473 3585 depe-

1983 3624 2000 3654 ι
2046 3614 2222 3658 natur.
2260 3623 2277 3654 ι

1977 3697 2171 3754 IIALS.
2207 3699 2328 3750 Ila'c
2369 3712 2475 3751 ouo
2499 3714 2734 3764 praesens
2768 3713 2940 3753 canon
2977 3701 3216 3769 corrigit.
3250 3711 3299 3754 et
3329 3705 3469 3770 quod

1912 3793 1963 3841 in
2009 3791 2385 3844 Armeniorum
2430 3791 2651 3858 regione
2697 3792 2835 3845 male
2870 3791 3050 3856 ﬂebat,
3102 3804 3156 3847 ut
3200 3811 3303 3848 non
3337 3795 3474 3846 alias

1912 3880 2101 3934 ﬁerent
2149 3881 2355 3943 clerici,
2399 3881 2500 3934 nisi
2558 3882 2592 3933 ii
2647 3881 2736 3949 qui
2790 3898 2856 3936 ex
2902 3900 3098 3949 genere
3149 3887 3470 3939 Sacerdotali

1913 3972 2359 4033 descendissent;
2394 3980 2447 4024 et
2478 3972 2616 4038 quod
2643 3972 2694 4024 in
2722 3986 2970 4042 suggestu
3002 3975 3194 4028 divina:
3230 3975 3474 4043 Scriptu—

1914 4079 1986 4116 ra:
2014 4063 2330 4130 legebantur
2357 4062 2424 4116 ab
2467 4064 2532 4115 iis
2578 4063 2670 4130 qui
2703 4064 3038 4132 episcopales
3071 4076 3325 4121 tonsuras
3370 4085 3472 4121 non

1914 4156 2182 4209 habebant
2218 4173 2228 4207 :
2264 4154 2393 4212 illud
2437 4156 2676 4223 quidem.
2728 4168 2783 4206 ut
2822 4155 3102 4211 Judaicum
3149 4160 3288 4230 (lege
3332 4162 3473 4213 enim

1914 4250 2053 4316 apud
2088 4248 2302 4302 Iudaeos
2331 4259 2545 4301 cautum
2581 4257 2702 4310 est.
2749 4258 2807 4301 ut
2857 4265 2923 4302 ex
2977 4251 3133 4320 195
3191 4253 3328 4305 tribu
3380 4252 3478 4305 Le-

1913 4341 2074 4394 vitica
2105 4355 2276 4408 eaque
2305 4341 2417 4394 sola
2451 4340 2759 4394 sacerdotes
2807 4341 3054 4412 ﬁerent);
3092 4345 3191 4398 hoc
3236 4360 3383 4408 vero,
3425 4358 3484 4397 ut

1917 4434 2060 4503 quod
2108 4433 2506 4488 inconsiderate
2563 4434 2737 4487 ﬁeret.
2791 4435 2983 4488 Dicunt
3035 4438 3216 4507 itaque
3268 4439 3479 4497 Patres.

3327 2155 3459 2190 "Ull-

1854 4524 1893 4575 Ι)
1919 4523 2038 4578 illos
2065 4524 2118 4577 in
2150 4523 2297 4577 clero
2329 4522 2568 4576 ordinari
2600 4532 2867 4589 oportere.
2918 4543 3022 4580 non
3059 4530 3148 4594 qui
3179 4543 3244 4582 ex
3287 4544 3484 4596 genere.

1927 4616 2265 4678 clericorum,
2311 4615 2403 4667 sed
2433 4613 2524 4682 qui
2561 4614 2706 4681 digni
2749 4625 2896 4679 sunt,
2944 4627 2997 4671 et
3044 4621 3332 4686 episcopali
3378 4623 3482 4675 elc-

1925 4706 2100 4759 ctione
2127 4714 2530 4771 praeponuntur.
2557 4705 2767 4759 etiamsi
2791 4722 2894 4760 non
2918 4709 3024 4761 sint
3055 4724 3118 4762 cx
3146 4712 3234 4764 tali
3259 4729 3484 4776 genere:

1923 4797 2172 4849 similiter
2199 4795 2328 4848 et-iu
2363 4805 2614 4863 suggestu
2644 4810 2735 4850 eos
2763 4798 2908 4851 solos
2949 4799 3123 4866 legere
3154 4804 3367 4865 debere.
3397 4812 3486 4865 qni

1923 4891 1989 4942 ad
2041 4891 2141 4942 hoc
2193 4889 2246 4941 in
2293 4888 2613 4941 clericorum
2668 4905 2948 4942 numerum
3004 4893 3152 4947 relati
3206 4907 3352 4959 sunt,
3386 4916 3480 4951 eos

1924 4981 2131 5034 scilicet
2157 4981 2245 5047 qui
2290 4981 2488 5034 habent
2531 4982 2862 5051 episcopales
2893 4993 3164 5039 tonsuras.
3209 4987 3328 5041 ΙΙ.ιό
3363 5007 3483 5042 cutn

1928 5088 2082 5127 sacer
2106 5087 2278 5126 canon
2306 5071 2513 5140 jubeat,
2548 5082 2602 5126 et
2632 5088 2725 5128 eos
2759 5078 3189 5130 excommunicet
3216 5079 3304 5145 qui
3333 5081 3490 5130 aliter

1930 5164 2153 5228 faciunt,
2185 5179 2325 5230 smpe
2351 5164 2554 5216 dictum
2581 5174 2662 5218 est
2694 5181 2721 5218 a
2757 5166 2985 5220 diversis
3023 5169 3377 5234 antistitibus,
3400 5175 3489 5240 qui

1487 5333 1690 5394 Guill.
1724 5333 2054 5406 Beveregii
2103 5338 2291 5391 noue.

324 5457 443 5524 (IO)
489 5457 877 5525 Κατάγεσθαι.
913 5459 1045 5513 Mss.
1091 5459 1428 5513 {Etoniensis
1460 5469 1513 5512 et
1555 5460 1822 5512 Amerba-

245 5529 492 5583 chianus
533 5532 714 5591 legunt
753 5531 1185 5582 κατατάττεσθαι
1220 5530 1489 5589 constitui.
1523 5529 1765 5582 ordinari
1799 5547 1818 5583 :

244 5601 388 5668 quin
417 5601 578 5650 etiam
603 5600 958 5670 κατάγεσθαι,
988 5615 1085 5670 pro
1125 5599 1530 5665 καταταγέτῑθαι
1566 5601 1821 5670 mendose

247 5670 524 5736 scriptum
563 5671 797 5721 videtur.
829 5669 960 5721 Nam
993 5669 1043 5722 et
1089 5673 1144 5721 ὲν
1187 5672 1373 5738 κλήρῳ
1407 5669 1819 5735 καταταγέσθαι

245 5751 339 5792 cst
398 5742 451 5789 in
497 5739 633 5791 clero
679 5741 946 5797 constitui.
994 5743 1046 5792 in
1100 5741 1225 5792 cieri
1274 5742 1511 5792 ordinem
1560 5742 1746 5803 referri
1803 5755 1822 5793 .°

247 5810 714 5880 quemadtnmlutu
748 5811 910 5864 etiam
943 5809 1204 5864 IIem-tus
1237 5811 1414 5864 locum
1450 5813 1749 5864 transtulit.

1990 5459 2101 5524 (II)
2167 5457 2543 5533 ᾎποξρωνεῒν.
2605 5458 2784 5533 codex
2837 5459 3303 5533 Amerhacltianus
3366 5467 3491 5533 legit

1919 5531 2247 5596 ὑποφωνεῖν.
2306 5528 2608 5601 Utrumque
2657 5529 2796 5582 idem
2851 5531 2937 5601 hic
2994 5533 3286 5600 signiﬁcat,
3345 5528 3488 5601 qnx'nl

1918 5603 2217 5665 ἐκφωνεῖν,
2268 5600 2648 5662 pronuntiare.
2696 5599 3065 5667 promulgare,
3105 5599 3371 5657 recitarr.‘
3403 5610 3492 5659 Sic

1921 5671 2406 5742 interpretes_pcr
2475 5667 2875 5742 ἀναγινώσκειν
2942 5687 3239 5734 exponunt.
3305 5675 3490 5742 Neque

1920 5742 2063 5799 enim
2121 5741 2208 5792 hic
2252 5740 2320 5792 de
2371 5740 2728 5792 cuuciunihus
2786 5741 3072 5803 habendis.
3129 5746 3221 5799 sed
3273 5740 3496 5800 tantum

1921 5811 1986 5862 (Ic
2029 5811 2201 5863 sat-ris
2243 5810 2540 5876 Scripturis
2586 5810 2828 5878 legendis
2864 5813 3064 5881 agitur.
