4240 6442
193 374 309 445 6‘29
1196 393 1276 451 IN
1311 395 1470 453 CAN.
1519 394 1758 452 XXXIV
1799 396 2003 455 (LUNC.
2057 396 2129 453 1N
2169 398 2487 459 TRULLO.
3346 399 3450 462 660

273 504 402 566 Τοῖς
457 501 770 565 Ἰουδαϊκοῖς
824 505 1080 574 ἑπόμενοι
1137 506 1313 559 ἔθεσιν
1343 509 1393 559 οἱ
1428 509 1486 560 ἐν
1520 511 1584 576 τῇ
1624 508 1778 577 χώρᾳ
1810 510 1849 562 Α
1881 513 1942 578 Qu

1810 510 1849 562 A
1881 513 1978 578 Qui
2015 514 2064 564 in
2095 514 2474 566 Armeniorum
2494 523 2615 566 smn
2651 513 3136 580 regioneludaicos
3162 528 3453 583 sequentes

188 598 311 648 τῶν
352 596 678 668 Ἀρμενίων.
739 596 936 665 μόνους
969 601 1096 662 τοὺς
1155 602 1218 652 ἐκ
1273 601 1464 666 γένους
1499 601 1774 671 ἱερατικοῦ

1882 623 2061 660 mores
2089 622 2182 660 eos
2211 607 2374 667 solos,
2407 607 2494 673 qui
2528 622 2594 660 ex
2623 621 2822 673 genere
2850 617 2977 659 sunt
3012 609 3366 673 sacerdotali,
3399 611 3448 661 in

191 687 366 748 ὄντας
397 688 480 748 είς
511 686 716 755 κλῆρον
760 687 1173 757 προσδέχονται.
1223 689 1386 741 Ἀλλὰ
1419 690 1664 752 καὶτοὺς
1702 689 1778 759 μὴ

1881 701 2082 753 clerum
2115 699 2434 752 admittunt.
2477 699 2580 753 Sed
2612 708 2667 753 et
2701 715 2820 762 eos,
2892 701 2980 768 qui
3011 701 3250 769 episcopi
3293 703 3456 755 henc-

194 777 460 842 εὐλογίας
492 777 756 846 τυχόντας
799 778 1128 837 ἐπισκόπου,
1183 782 1275 831 καὶ
1331 781 1578 849 ἱερατικῇ
1610 781 1780 850 κουρᾷ

1777 784 1780 829 ὲ
1882 793 2171 845 dictionem
2201 807 2304 844 non
2339 793 2670 855 habuerunt,
2734 807 2834 847 nec
2875 794 3200 848 sacerdotali
3232 805 3451 845 tonsura

194 869 615 936 χρησαμένους,
645 869 972 938 ίεροψάλτας
1001 870 1300 930 καθίστων.
1335 871 1428 922 καὶ
1452 870 1530 938 τῷ
1552 870 1666 938 λαῷ
1693 871 1777 921 ἐπ’

1881 895 2006 939 sunt
2039 885 2142 950 usi,
2172 901 2358 940 sacros
2411 887 2641 940 lectores
2680 887 3107 950 constituebant,
3134 896 3186 938 et
3210 902 3240 940 e
3261 902 3457 956 sugge-

195 961 461 1026 ἇμ6ωνος
483 961 582 1022 τάς
619 962 770 1031 ἱερὰς
794 961 1010 1030 βίϐλους
1040 961 1438 1030 ἀναγινώσκειν
1463 963 1776 1017 ἐπέταττον.

1881 987 1964 1030 stu
1993 993 2180 1030 sacros
2207 979 3169 1047 lihros'populollegereimperabant.
3205 979 3451 1046 Propter-

196 1052 303 1101 Διὲι
336 1049 490 1102 τοῦτο
516 1050 645 1118 γοῦν
674 1051 847 1104 ταῦτα
880 1052 975 1104 καὶ
1019 1052 1307 1121 ἀμφότερα
1340 1052 1368 1102 ὁ
1419 1052 1610 1122 παρὼν
1627 1048 1782 1114 οὗτος

1883 1086 1943 1124 ca
2008 1071 2198 1124 horum
2235 1081 2519 1138 ntrmnque
2557 1073 2848 1140 prohibens
2881 1073 2965 1124 hic
2992 1087 3230 1140 praesens
3256 1087 3474 1133 canon,

193 1141 573 1210 ἀπαγορεύων
605 1141 808 1206 κανὼν,
846 1146 1172 1213 προστάττει
1244 1145 1382 1213 μήτε
1431 1145 1508 1206 είς
1534 1145 1593 1196 τὸ
1623 1146 1782 1211 γένος

1778 1163 1782 1172 ’
1884 1165 2104 1214 tnandat
2131 1180 2230 1215 nec.
2257 1169 2319 1213 ad
2349 1180 2518 1225 genus
2544 1165 2689 1216 illitts
2715 1171 3006 1230 respicere,
3042 1163 3131 1232 qui
3165 1164 3216 1215 iu
3251 1165 3452 1216 clerum

198 1235 421 1303 ἀφορᾷν
458 1237 554 1285 τοῦ
605 1234 934 1305 βουλομένου
994 1238 1076 1299 είς
1134 1237 1336 1306 κλῆρον
1391 1237 1776 1306 προαχθῆναι·

1773 1257 1776 1267 ’
1885 1253 2184 1317 promoveri
2406 1255 2586 1315 cupit;
2621 1253 2712 1306 sed
2743 1253 2846 1306 hoc
2876 1262 3080 1304 tantum
3117 1252 3447 1317 perscrutari

195 1327 339 1376 ἀλλὰ
370 1328 531 1378 τοῦτο
555 1329 717 1394 μόνον
739 1330 1057 1401 ἀνερευνᾷν,
1083 1331 1132 1381 εί
1158 1329 1307 1396 ἄξιός
1332 1330 1444 1382 ἐστι
1463 1345 1476 1358 '
1513 1331 1649 1399 μήτε
1677 1330 1783 1382 τινὶ

1884 1360 1950 1397 an
1980 1344 2172 1410 dignus
2202 1347 2271 1396 sit
2301 1361 2313 1395 :
2365 1359 2463 1398 nec
2486 1346 2740 1413 cuiquam
2763 1346 3082 1404 concedere,
3105 1354 3162 1395 ιιι
3197 1344 3337 1412 legat
3365 1352 3460 1394 attt

199 1421 535 1489 συγχωρεῖν,
566 1421 706 1473 ὥστε
739 1421 1138 1488 ἀναγινώσκειν
1163 1423 1195 1491 ἦ
1228 1423 1452 1490 ψάλλειν
1482 1421 1569 1473 ἐπ’
1596 1422 1784 1487 ἄμϐω-

1883 1451 2042 1491 canat
2062 1452 2092 1489 e
2110 1446 2387 1503 suggestu,
2413 1437 2562 1499 nisifa
2591 1452 2689 1491 suo
2715 1437 3310 1506 episcopo'canonicmn
3339 1450 3458 1488 sus-

196 1528 315 1575 νος,
356 1513 404 1564 εί
440 1513 513 1582 μὴ
538 1513 691 1582 παρὰ
722 1513 818 1567 τοῦ
849 1515 982 1567 ίδίου
1014 1515 1319 1567 ἐπισκόπου
1365 1515 1617 1583 εὐλογίας
1643 1515 1780 1586 τύχῃ

1885 1529 2086 1597 ceperit
2127 1529 2586 1592 benedictionem,
2636 1539 2690 1584 et
2723 1540 2942 1582 tonsura
2979 1529 3300 1582 sacerdotali
3341 1536 3457 1577 nt..-

196 1599 523 1668 κανονικῆς,
578 1602 672 1654 καὶ
723 1604 977 1674 ἱερατικῇ
1019 1607 1198 1676 κουρᾷ
1240 1607 1547 1676 χρήσηται·
1604 1609 1696 1658 τὸν
1726 1607 1783 1658 δὲ

1888 1632 2010 1675 tur:
2050 1637 2172 1674 eum
2209 1638 2357 1684 vero,
2405 1625 2494 1693 qui
2527 1636 2714 1679 contra
2770 1642 2834 1678 ca
2864 1638 2985 1693 quae
3042 1624 3126 1676 hic
3158 1624 3474 1674 decertum-

198 1692 360 1757 παρὰ
384 1691 452 1744 τά
491 1693 730 1748 ἐνταῦθα
758 1696 1167 1767 διατεταγμένα
1215 1699 1479 1753 ποιοῦντα
1524 1700 1786 1769 άφορίζε-
1888 1723 1999 1774 iur,
2055 1713 2266 1774 ίεηρι-ει,
2293 1691 2514 1782 (gemui.

200 1782 355 1837 σθαι.

805 1884 1047 1937 ΚΑΝΩΝ
1077 1882 1196 1940 ΛΔ’.
1815 1849 1858 1905 Β
2445 1892 2479 1947 c

1815 1849 1858 1905 Β
2445 1892 2672 1947 CANON
2705 1893 2940 1947 XXXIV.

204 1987 224 2017 ι
272 1970 383 2022 Καὶ
407 1971 566 2026 τοῦτο
597 1973 653 2026 δὲ
670 1974 764 2028 τοῦ
796 1977 1073 2044 ἱερατικοῦ
1118 1979 1342 2040 κανόνος
1377 1978 1566 2048 σαφῶς
1596 1981 1782 2045 διαγο-

1892 2003 1910 2034 ι
1948 1984 2111 2034 Porro
2139 1995 2339 2040 autem.
2367 1999 2484 2035 cum
2508 1987 2682 2037 ethoc
2707 2000 2877 2037 canon
2896 1985 3249 2037 sacerdotalis
3279 1995 3462 2046 aperte

278 2083 297 2112 ‹
347 2065 617 2131 ρεύοντος,
641 2067 718 2128 ὡς
747 2070 807 2122 τὸ
828 2071 927 2138 τῆς
954 2073 1300 2140 συνωμοσίας
1327 2073 1360 2140 ἢ
1382 2072 1654 2143 φρατρίας
1673 2073 1782 2139 (i5)

1962 2096 1978 2125 ι
2015 2078 2208 2139 edicat,
2237 2078 2373 2142 quod
2392 2076 2785 2143 conjnrationis
2810 2078 2893 2129 vel
2930 2076 3232 2129 sodalitatis
3255 2078 3461 2130 crimen

282 2181 298 2203 ι
342 2157 596 2228 ἔγκλημα
636 2163 730 2213 καὶ
761 2163 913 2234 παρὰ
944 2164 1052 2216 τῶν
1089 2164 1196 2228 ἔξω
1225 2168 1406 2233 νόμων
1438 2165 1742 2219 κεκώλυται
1767 2183 1781 2196 ·

1963 2190 1977 2218 ι
2018 2171 2177 2221 ctiam
2216 2169 2282 2221 ab
2315 2172 2553 2222 externis
2589 2169 2794 2236 legibus
2856 2180 2938 2220 est
2990 2171 3215 2222 vetitum
3241 2209 3256 2230 ,
3296 2173 3464 2224 multo

277 2271 297 2300 4
347 2253 528 2322 πολλῷ
549 2255 606 2307 δὲ
639 2256 843 2323 μᾶλλον
891 2260 949 2309 ὲν
981 2260 1046 2326 τῇ
1093 2259 1397 2328 Ἐκκλησία
1445 2259 1604 2311 τοῦτο
1635 2259 1784 2327 γίνε-

1965 2284 1980 2314 ‹
2020 2273 2198 2316 autem
2258 2264 2427 2332 magis
2466 2266 2567 2314 hoc
2606 2263 2719 2316 ﬁeri
2774 2264 2825 2315 in
2886 2263 3126 2317 Ecclesia
3175 2267 3468 2332 prohibere

280 2364 298 2393 ι
351 2345 474 2398 σθαι
501 2348 874 2416 ἀπαγορεύειν
903 2351 1211 2418 προσήκει·
1238 2353 1333 2404 καὶ
1384 2353 1545 2421 ἡμεῖς
1585 2353 1785 2418 φυλάτ-

1965 2375 1982 2406 ι
2027 2364 2268 2420 oportet:
2315 2371 2409 2406 nos
2439 2370 2654 2425 qunque
2683 2356 2975 2409 observare
3005 2359 3307 2417 studemus,
3342 2359 3475 2411 utsi.

281 2458 302 2490 ι
342 2452 458 2491 τειν
485 2443 884 2511 σπουδάζομεν,
913 2445 1009 2506 ὡς,
1039 2444 1092 2496 εί
1111 2461 1255 2507 τινες
1275 2445 1580 2515 κληρικοὶῆ
1619 2463 1786 2514 μονα-

1966 2469 1982 2499 ι
2027 2449 2115 2514 (ιυὶ
2145 2448 2322 2502 clerici
2357 2458 2452 2501 aut
2487 2448 2732 2501 monachi
2791 2449 2992 2501 inventi
3042 2450 3170 2511 sint,
3213 2450 3292 2502 vel
3331 2465 3462 2503 con-

282 2551 300 2577 c
345 2533 429 2601 χοὶ
451 2534 726 2604 εὑρεθεῖεν
749 2536 780 2603 ἢ
803 2537 1247 2609 συνομνύμενοιῆ
1276 2539 1726 2610 φρατριάζοντες,
1751 2538 1784 2607 ἢ

1966 2563 1983 2592 ι
2026 2542 2271 2608 jnrantes
2305 2542 2383 2594 vel
2421 2543 2731 2596 sodalitates
2767 2544 3040 2604 ineuntes,
3084 2544 3162 2595 vel
3207 2545 3464 2598 adversus

283 2641 301 2670 ι
348 2625 694 2689 κατασκευὰς
721 2627 1041 2696 τυρεύοντες
1076 2630 1393 2683 ἐπισκόπων
1424 2631 1454 2700 ἦ
1485 2631 1788 2699 συγκληρι-

1967 2657 1985 2686 ι
2031 2635 2313 2705 episcopos
2351 2635 2433 2687 vel
2468 2636 2805 2689 conclericos
2835 2636 3038 2705 aliquid
3091 2646 3386 2700 struentes,
3435 2652 3474 2691 ar

287 2734 304 2764 ι
347 2715 485 2779 κῶν,
508 2718 924 2774 ὲκπιπτέτωσαν
950 2722 1125 2792 πάντη
1157 2722 1252 2775 τοῦ
1281 2725 1484 2776 οἰκείου
1512 2724 1780 2792 βαθμοῦ.»

1362 2725 1484 2776 ιείου
1512 2724 1780 2792 βαθμοῦ.»
1965 2752 1982 2778 ι
2020 2731 2232 2797 proprio
2267 2729 2430 2797 gradu
2462 2745 2681 2796 prorsus
2715 2731 2987 2782 excidant.
3020 2748 3036 2780 ι

280 2808 479 2863 ΒΑΛΣ.
508 2810 644 2877 Περὶ
668 2814 1014 2879 συνωμοσίας
1038 2815 1131 2867 καὶ
1155 2817 1426 2885 φρατρίας
1461 2817 1787 2887 ἐγράψαμεν

1963 2822 2155 2875 BALS.
2210 2821 2282 2872 De
2315 2820 2689 2884 coniuratione
2729 2830 2780 2872 et
2817 2821 3105 2872 sodalitate
3152 2822 3484 2888 scripsimus.

203 2904 265 2953 ἐν
298 2902 378 2970 τῷ
407 2901 475 2974 ιη’
500 2905 684 2956 κανόνι
709 2905 808 2972 τῆς
833 2907 890 2958 ἐν
908 2906 1215 2975 Χαλκηδόνι
1250 2907 1490 2963 συνόδου.
1515 2911 1625 2963 Καὶ
1653 2910 1787 2964 ἀνά·-

1889 2915 2136 2968 etiamin
2189 2915 2252 2966 18
2291 2930 2500 2966 canone
2545 2914 2870 2966 Chalcedon.
2942 2915 3151 2983 synodi.
3201 2914 3338 2983 Lege
3375 2933 3468 2967 att—

202 2995 382 3062 γνωθι
419 2995 606 3049 τοῦτον
638 2999 730 3050 καὶ
764 2999 832 3051 τὰ
862 3000 919 3051 ἐν
940 2999 1112 3067 αὐτῷ.
1170 2999 1443 3071 Ὲζητήθη
1489 3001 1544 3054 δέ
1578 3019 1708 3055 ποτε
1739 3003 1787 3054 εί

1892 3019 1995 3061 tem
2037 3023 2178 3071 eum,
2227 3021 2280 3059 et
2322 3022 2440 3072 quae
2471 3008 2521 3058 in
2552 3023 2672 3058 ettm
2711 3007 2912 3075 scripta
2948 3017 3096 3060 sunt.
3148 3008 3240 3059 Est
3288 3018 3468 3059 ειιιιστιιι

201 3089 488 3152 ὀφείλουσι
509 3090 835 3152 κολάζεσθαι
871 3093 964 3144 καὶ
997 3093 1046 3144 ot
1081 3094 1427 3161 συνωμοσίας
1465 3096 1789 3163 ποιήσαντες

1892 3101 2179 3168 aliquando
2201 3101 2480 3164 quaesitum
2508 3115 2574 3151 an
2603 3100 2636 3152 ii
2665 3100 2827 3150 etiam
2863 3101 3041 3168 puniri
3093 3101 3345 3165 debeant,
3377 3103 3471 3170 qui

203 3183 373 3250 χάριν
401 3181 608 3250 ἀγαθοῦ
631 3200 799 3245 τινος,
835 3183 997 3252 τυχὸν
1036 3184 1133 3235 ὲὰν
1169 3186 1671 3256 όμογνωμονήσωσι
1696 3187 1791 3239 καὶ
1820 3188 1864 3244 C

1820 3188 1864 3244 C
1898 3193 2021 3244 boni
2086 3192 2317 3256 alicuius
2363 3191 2533 3259 gratia
2587 3191 3020 3252 coniurationem
3076 3192 3270 3252 furere.
3334 3193 3487 3245 forte-

202 3274 454 3342 ὀμόσωσι
490 3276 660 3345 χωρὶς
688 3276 1037 3346 προστάξεως
1068 3275 1355 3346 βασιλικῆς
1387 3277 1420 3346 ἢ
1461 3279 1789 3348 ἀρχόντικῆς

1895 3286 1939 3337 si
1965 3285 2398 3344 conspiraverint
2429 3297 2492 3335 ac
2522 3283 2950 3346 conjuravcrint.
2988 3281 3103 3335 sine
3130 3282 3470 3344 imperatoris

207 3370 356 3438 ὑπὲρ
389 3371 949 3438 καταπολεμουμὲνης
981 3370 1084 3422 ὑπὸ
1112 3365 1324 3437 ἐχθρῶν
1349 3370 1559 3433 πόλεως
1586 3373 1793 3424 ἀποθαο

1895 3376 1978 3427 vel
2022 3375 2369 3442 magistratus
2397 3373 2575 3443 jussu,
2612 3389 2668 3425 se
2700 3387 2796 3438 pro
2828 3370 3161 3424 defendenda
3191 3373 3258 3423 ab
3298 3372 3475 3425 hosti-

209 3463 347 3520 νεῖν.
381 3462 412 3531 ἢ
448 3460 745 3530 άναιρῆσαί
798 3479 922 3514 τινα
978 3462 1237 3531 λυμεῶνα
1292 3462 1392 3531 τῆς
1446 3465 1566 3517 κατ’
1594 3465 1792 3527 αὐτοὺς

1897 3469 1996 3524 bus
2059 3475 2361 3537 oppugnata
2397 3466 2529 3518 urbe
2567 3467 2885 3526 morituros,
2923 3463 3004 3516 vel
3077 3464 3308 3529 aliquem
3364 3479 3471 3516 sua-

209 3559 446 3620 πόλεως,
479 3557 512 3627 ἦ
544 3556 672 3610 ἄλλο
704 3574 760 3608 τι
811 3555 1018 3623 ἀγαθὸν
1055 3555 1306 3624 ποιῆσαι.
1362 3558 1468 3609 Καὶ
1515 3556 1660 3620 τινὲς
1693 3558 1794 3628 μὲν

1894 3564 2131 3618 civitatis
2199 3574 2508 3614 eversorem
2569 3559 2634 3611 de
2711 3558 2890 3611 medio
2965 3556 3317 3618 sublaturos,
3390 3557 3486 3608 vel

209 3648 371 3703 εἷπον
421 3651 520 3712 ὡς,
579 3651 704 3703 ἐπεὶ
740 3651 985 3712 σπανίως
1045 3648 1255 3718 γίνεται
1304 3632 1553 3721 ἰδ’ύπὲρ
1585 3651 1792 3719 ἀγαθοῦ

1897 3656 2096 3722 aliquid
2143 3653 2287 3708 aliud
2336 3651 2461 3706 boni
2517 3650 2774 3705 facturos.
2833 3651 2909 3702 Ac
2960 3649 3199 3702 nonnulli
3250 3649 3470 3717 quidem

209 3746 543 3814 πράγματος
572 3743 978 3811 συνομόσασθαί
1005 3761 1180 3806 τινας,
1211 3742 1309 3794 καὶ
1337 3742 1458 3795 οὐδὲ
1484 3743 1664 3814 ῥητῶς
1689 3743 1796 3796 ὑπὸ

1897 3749 2171 3811 dixerunt,
2205 3747 2370 3816 quod,
2402 3745 2656 3815 quoniam
2694 3758 2817 3796 raro
2849 3741 3048 3796 accidit
3079 3751 3134 3794 nt
3170 3758 3265 3810 pro
3293 3741 3474 3806 aliqua

208 3839 322 3892 τῶν
360 3839 542 3906 νόμων
578 3836 611 3906 ἢ
641 3837 750 3888 τῶν
784 3835 1029 3889 κανόνων
1057 3834 1218 3888 τοῦτο
1242 3836 1661 3904 ἐπιτέτραπται,
1698 3853 1792 3888 κει

1898 3857 1956 3895 re
1987 3841 2126 3893 bona
2172 3838 2336 3904 aliqui
2371 3835 2677 3901 conjurent,
2728 3842 2783 3886 et
2829 3847 2926 3885 nec
2971 3848 2998 3884 a
3051 3830 3349 3883 canonibus
3392 3831 3473 3882 vel

212 3931 455 3985 κώλυται
490 3930 670 3998 πάντη
689 3930 750 3980 τὸ
787 3923 1137 3998 συνομνύειν,
1171 3927 1259 3980 ἵνα
1319 3929 1393 3998 μὴ
1422 3930 1488 3997 τῇ
1520 3928 1796 3997 προφάσει

1899 3933 2104 4000 legibus
2135 3944 2388 3998 expresse
2421 3927 2749 3998 permissum
2797 3934 2902 3988 est,
2935 3923 3224 3992 conjurare
3256 3923 3477 3979 omnim

211 4025 308 4078 τοῦ
334 4023 541 4092 ἀγαθοῦ
565 4023 614 4074 οί.
640 4020 827 4075 πολλοὶ
855 4023 948 4073 καὶ
965 4022 1320 4092 ἐλαφρότεροι
1347 4024 1428 4083 είς
1453 4021 1623 4074 πολλὰ
1650 4021 1794 4074 κακὰ

1899 4025 2229 4096 prohibitum
2259 4034 2360 4083 εει,
2395 4037 2460 4074 ne
2501 4019 2626 4074 boni
2661 4027 2926 4085 praetextu
2976 4014 3153 4077 tnttlti,
3205 4013 3475 4079 iidemque

214 4116 616 4187 περιπίπτωσι,
672 4112 990 4183 νομίζοντες
1023 4111 1228 4183 ἀγαθόν
1255 4128 1308 4163 τι
1340 4114 1548 4165 ποιεῖν·
1579 4129 1797 4182 περιαι-

1899 4119 2151 4177 leviores,
2195 4116 2248 4168 in
2298 4113 2465 4167 multa
2503 4112 2652 4165 mala-
2693 4110 2956 4170 incidant,
3006 4122 3065 4159 se
3117 4107 3241 4158 boui
3277 4102 3476 4169 aliquid

217 4208 350 4279 ρεθῇ
409 4207 465 4259 δὲ
504 4203 752 4257 ἐντεῦθεν
792 4203 887 4256 καὶ
926 4205 960 4272 ἡ
1022 4203 1278 4274 βασιλικὴ
1341 4205 1435 4257 καὶ
1495 4205 1796 4276 ἀρχοντικὴ

1902 4213 2081 4264 facere
2103 4209 2496 4262 existimantes.
2533 4203 2668 4258 lliuc
2703 4213 2883 4255 autem
2927 4207 3154 4265 excepta
3189 4199 3261 4251 sit
3309 4197 3479 4264 impe-

217 4299 458 4365 ἐξουσία,
493 4299 526 4369 ἡ
590 4297 659 4349 τὰ
692 4296 842 4350 κακὰ
893 4295 1263 4357 διεκδικοῦσα,
1301 4297 1397 4349 καὶ
1449 4299 1529 4359 είς
1557 4299 1624 4350 τά
1655 4299 1797 4352 καλὰ

1903 4304 2104 4356 ratoria
2141 4302 2214 4368 et]
2245 4299 2660 4366 magistratuum
2698 4305 2954 4361 potestas,
3011 4308 3131 4359 qum
3163 4289 3299 4343 mala
3348 4288 3495 4340 uici--

212 4395 310 4445 τὸν
359 4392 531 4459 δῆμον
585 4389 954 4458 διεγείρουσα.
987 4389 1324 4458 Ἐχρήσαντο
1373 4389 1432 4442 δὲ
1475 4391 1570 4444 καὶ
1627 4391 1798 4461 τρίτῳ

1901 4397 2094 4457 Scitnr,
2135 4403 2189 4446 et
2239 4391 2490 4459 populum
2542 4388 2607 4442 ad
2664 4388 2894 4441 honesta
2947 4385 3169 4438 excitat.
3227 4383 3322 4438 Usi
3356 4394 3479 4435 sunt

214 4503 347 4556 κεφ.
370 4483 462 4536 τοῦ
492 4483 580 4547 λς’
628 4481 813 4535 τίτλου
862 4479 959 4534 τοῦ
993 4478 1032 4545 ξ’
1066 4481 1271 4550 βιὸλίου
1321 4481 1536 4550 λέγοντι
1570 4481 1700 4554 περὶ
1731 4484 1796 4536 τά
1831 4526 1875 4583 D

1831 4497 2080 4583 Dantem
2115 4495 2169 4537 et
2209 4484 2240 4536 3
2311 4497 2432 4550 cap.
2481 4480 2549 4531 37
2599 4480 2679 4531 tit.
2730 4466 2828 4530 ’60
2883 4475 3004 4530 libri
3070 4477 3284 4527 dicente
3336 4474 3482 4527 circa

218 4581 365 4648 μέσα
406 4575 732 4638 κολάζεσθαι
786 4573 878 4626 τὸν
938 4572 1286 4642 πολεμοῦντα
1332 4574 1487 4639 παρὰ
1543 4573 1802 4629 κέλευσινν
1831 4566 1872 4583 ”

1831 4566 1872 4583 ”
1906 4576 2164 4637 medium,
2197 4573 2376 4626 Pnuiri
2414 4587 2536 4626 eum
2589 4571 2680 4642 qui
2712 4569 2912 4623 bellum
2938 4567 3080 4639 gerit
3126 4567 3335 4636 injussu
3381 4566 3482 4618 im-

217 4671 489 4742 βασιλὲως
527 4668 623 4722 καὶ
656 4670 722 4737 τῇ
755 4667 812 4719 ὲν
843 4665 994 4735 αύτῷ
1022 4670 1361 4737 παραγραφῇ
1388 4665 1646 4739 λεγούσῃ,
1674 4669 1796 4722 Κᾶν

1903 4670 2204 4738 peratoris;
2233 4678 2288 4722 et
2314 4683 2435 4736 qua
2464 4666 2520 4719 in
2552 4681 2618 4719 eo
2657 4674 2762 4729 est,
2794 4662 3201 4733 praescriptione
3246 4663 3477 4714 dicente.

216 4765 444 4834 νικήσῃ.
490 4757 646 4823 οὗτος
688 4759 1058 4828 τιμωρεῖται·
1114 4758 1295 4830 ἕτεροι
1341 4759 1421 4823 δὲ,
1455 4759 1534 4830 τῷ
1560 4760 1794 4830 παρόντι

1909 4767 2082 4820 Etiam
2128 4764 2170 4816 si
2219 4763 2264 4816 is
2298 4761 2514 4824 vicerit,
2564 4759 2809 4829 puuitttr.
2856 4757 2959 4812 Alii
3005 4767 3183 4810 autem
3229 4759 3477 4823 prtescuti

215 4858 407 4910 κανόνι
433 4855 706 4926 χρώμενοι
749 4855 841 4907 καὶ
872 4857 988 4917 τοῖς
1018 4853 1454 4926 καταστρωθεῖσι
1479 4853 1612 4925 παρ’
1641 4856 1800 4926 ἡμῶν

1907 4866 2117 4907 canone
2153 4861 2390 4913 utentes,
2426 4860 2479 4903 et
2506 4848 2717 4918 legibus
2742 4863 2863 4916 qua:
2890 4863 2920 4901 a
2953 4846 3108 4901 nobis
3140 4847 3327 4913 posita:
3358 4858 3478 4898 sunt

215 4953 407 5019 νόμοις
441 4950 521 5011 είς
553 4949 616 5001 τὸ
652 4948 729 5012 λζ’
764 4965 891 5017 κεφ.
948 4948 1042 5000 τοῦ
1080 4945 1124 5000 θ’
1157 4947 1340 5001 τίτλου
1387 4946 1483 5000 τοῦ
1534 4948 1802 5025 παρόντος

1911 4945 1963 4999 ἰιι
2010 4945 2078 4998 57
2111 4959 2232 5012 cap.
2276 4943 2309 4994 9
2344 4943 2426 4995 tit.
2500 4939 2782 5008 prae-emis
2835 4937 3036 5008 operis,
3092 4954 3212 5005 qum
3260 4939 3481 4990 omnin»

218 5047 626 5115 συντάγματος,
655 5043 974 5096 διδάσκουσι
1016 5041 1087 5095 δι’
1119 5041 1242 5094 ὃλου
1276 5044 1404 5114 περὶ
1449 5043 1798 5112 συνωμοσίας

1908 5040 2099 5092 docent
2156 5038 2222 5091 de
2280 5033 2702 5102 coniuratione,
2765 5047 2899 5101 qum
2958 5034 3216 5085 adversus
3267 5032 3479 5095 aliquo.

218 5139 362 5191 κατά
393 5154 554 5190 τινων
583 5135 971 5206 τυρευθείσης,
1019 5133 1310 5188 ἀντέθεντο
1350 5135 1517 5203 μόνας
1551 5136 1650 5196 τὰς
1706 5137 1799 5188 ἐπὶ

1907 5133 2160 5194 struitur,
2192 5129 2468 5191 dixerunt,
2494 5141 2592 5181 eas
2617 5125 2782 5188 solas,
2809 5139 2930 5194 ane
2971 5124 3048 5177 ad
3078 5123 3276 5177 malum
3325 5125 3479 5182 tittut,

217 5231 378 5301 κακῷ
406 5233 700 5300 γινομένας
730 5228 1077 5298 συνωμοσίας
1107 5229 1416 5281 κωλύεσθαι
1447 5227 1541 5281 καὶ
1568 5228 1798 5289 κολάζε-

1907 5224 2312 5294 conjurationes
2348 5219 2622 5291 prohiberi
2656 5229 2711 5273 et
2755 5216 2972 5288 puniri;
3019 5230 3124 5268 non
3179 5224 3360 5269 autem
3391 5232 3484 5268 ea.

219 5326 367 5381 σθαι,
401 5324 461 5376 ού
493 5325 601 5393 μὴν
631 5324 851 5386 καὶτὰς
885 5321 1047 5390 χάριν
1077 5320 1293 5387 ἀγαθοῦ
1334 5336 1500 5380 τινος.
1550 5319 1704 5388 Ἐμοὶ
1738 5320 1798 5372 δὲ

1908 5333 2026 5385 quze
2057 5317 2284 5382 alicujus
2311 5315 2432 5368 boni
2479 5312 2661 5383 gratia-
2692 5312 2846 5364 ﬁunt.
2883 5305 3010 5359 Mihi
3053 5315 3233 5360 autem
3275 5305 3485 5360 videtur

214 5417 368 5468 δοκεῖ
390 5417 571 5468 πᾶσαν
599 5415 943 5482 συνωμοσίαν
974 5412 1079 5465 ὑπὸ
1110 5411 1204 5465 τοῦ
1245 5412 1416 5480 νόμου
1473 5410 1796 5475 κολάζεσθαι

1905 5426 2120 5466 omnem
2158 5407 2587 5478 coniurationem
2637 5421 2680 5459 av.
2715 5404 2829 5473 lege
2876 5402 3076 5471 puniri,
3123 5411 3235 5454 tum
3267 5408 3487 5469 prepter

213 5510 285 5565 δι’
310 5509 348 5563 ἆ
371 5526 433 5562 τε
475 5507 684 5563 ἄνωθεν
713 5506 957 5578 εἴρηται,
991 5506 1086 5560 καὶ
1115 5505 1207 5559 διὰ
1258 5507 1319 5560 τὸ
1349 5506 1407 5558 ἐν
1443 5505 1624 5575 ἀδήλῳ
1654 5501 1795 5558 εἶναι

1905 5521 1976 5559 ea
1997 5520 2118 5574 quae
2157 5502 2406 5569 superius
2449 5502 2591 5555 dicta
2638 5508 2799 5555 sunt.
2841 5505 2896 5550 et
2937 5495 3080 5560 quod
3128 5493 3373 5550 incertus
3416 5493 3493 5547 sit;

1459 5669 1661 5730 Guill.
1701 5666 2037 5745 Beveregii
2088 5679 2282 5726 notae.

293 5793 408 5859 (l5)
459 5794 768 5861 Φρατρίας.
809 5792 866 5846 1η
905 5809 1009 5847 ms.
1064 5793 1499 5847 Amerbachiano
1537 5792 1800 5848 scribittrr
1908 5789 1967 5852 ζο

1908 5789 2114 5852 ζοντες.
2147 5784 2620 5853 Quemadmodum
2650 5783 2812 5861 etiam
2845 5782 2899 5835 in
2935 5779 3384 5835 annotationibus
3417 5774 3499 5827 ad.

222 5855 460 5934 φατρίας
495 5855 516 5920 ξ
548 5855 691 5920 ιιιόι
726 5855 914 5934 postea
952 5865 1366 5937 φατριάζοντες,
1395 5881 1491 5934 ρνυ
1532 5865 1798 5934 (NHV-5"

1451 5881 1491 5920 ὐ
1532 5865 1798 5934 φρατριά·
1909 5878 2030 5930 syu.
2063 5860 2317 5915 tilialced.
2352 5875 2474 5912 can.
2517 5858 2601 5921 l8,
2642 5855 2991 5910 observatum
3021 5863 3125 5909 est.
