4240 6442
186 414 298 478 G33

1201 414 1282 474 IN
1324 415 1485 475 CAN.
1531 415 1734 507 ΧΧΧν
1767 413 1971 473 CONC.
2018 414 2099 473 ΙΝ
2140 415 2459 476 TRULLO.

270 546 289 574 ς
333 526 425 579 τὸν
470 527 677 597 θρόνον,
735 531 801 582 τά
847 528 1011 581 αὐτοῦ
1064 527 1361 597 πράγματα
1399 528 1431 596 ἦ
1494 529 1589 588 τῆς
1641 524 1760 577 κατ’
1790 531 1836 584 Α

284 639 300 666 ι
347 620 511 672 αὑτὸν
542 622 837 691 ἐκκλησίας
860 619 1209 691 ἀφαιρεῖσθαι
1241 621 1275 691 ἢ
1310 618 1716 688 σφετερίζεσθαι
1743 633 1757 647 ·

277 732 291 757 ι
340 710 455 761 ἀλλ’
484 712 586 765 ὑπὸ
615 713 1010 781 παραφυλακὴν
1040 714 1285 766 ἔστωσαν
1311 712 1404 765 τοῦ
1431 711 1634 781 κλήρου
1666 711 1762 778 τῆς

278 830 292 847 .
345 803 660 872 ἐκκλησίας,
680 799 746 873 ἦς
767 807 794 856 ὁ
814 805 1140 873 τελευτήσας
1170 805 1461 873 ἐτύγχανεν
1483 802 1760 873 πρόεδρος,

278 919 292 941 ς
350 897 512 963 μέχρι
541 895 640 962 τῆς
667 897 853 964 ἑτέρου
881 897 1180 951 ἐπισκόπου
1215 896 1548 966 παραγωγῆς
1567 910 1578 921 ·
1612 894 1763 956 ἐκτὸς

276 1010 293 1036 ε
345 991 390 1058 εξ
425 988 497 1057 μὴ
539 989 787 1058 κληρικοὶ
832 992 888 1042 ἐν
921 994 984 1060 τῇ
1036 990 1173 1058 αὑτῆ
1226 987 1485 1058 ἐκκλησίᾳ
1528 988 1626 1055 οὐχ
1667 987 1765 1038 ὑπ-

278 1102 293 1128 ι
343 1082 670 1150 ελείφθησαν
705 1098 716 1110 ’
779 1083 1081 1150 τηνικαῦτα
1133 1083 1240 1152 γάρ
1297 1081 1324 1132 ό
1371 1080 1765 1150 μητροπολίτης

278 1196 293 1222 ι
342 1175 518 1228 ταῦτα
548 1177 925 1245 παραφυλάξει
957 1177 1218 1243 ἀμείωτα,
1247 1174 1323 1244 τῷ
1346 1174 1766 1245 χειροτονηθέντι

284 1286 298 1312 ι
345 1266 629 1334 ἐπισκόπῳ
661 1267 834 1317 πάντα
865 1266 1168 1327 ἀποδιδούς.
1209 1286 1226 1316 i

275 1357 476 1423 ΒᾹΛΣ,
524 1358 610 1408 Ἐν
660 1357 737 1426 τῷ
766 1357 848 1427 κβ¹
899 1359 1082 1410 κανόνι
1114 1360 1210 1427 τῆς
1239 1358 1279 1409 δ’
1320 1358 1540 1410 συνόδου
1565 1355 1768 1424 γέγρα-

201 1466 340 1499 πται
389 1450 771 1518 καθαιρεῖσθαι
822 1451 947 1511 τοὺς
988 1451 1332 1520 ἁρπάζοντας
1369 1450 1658 1519 κληρικοὺς
1701 1452 1769 1502 τὰ

201 1542 535 1609 διαφέροντα
554 1540 627 1609 τῷ
653 1541 972 1594 ἀποθανόντι
996 1543 1272 1607 ἐπισκόπῳ
1295 1541 1593 1610 πράγματα
1620 1555 1637 1572 ⁶
1667 1541 1694 1591 ό
1713 1539 1768 1591 δὲ

204 1631 404 1697 παρὼν
423 1633 599 1685 κανὼν
625 1633 820 1685 κωλύει
834 1632 925 1685 τὸν
949 1631 1346 1701 μητροπολίτην
1361 1628 1768 1701 σφετερίζεσθαι

203 1725 410 1777 ταῦτα.
451 1724 688 1776 Ἀκούων
741 1725 797 1776 δὲ
848 1725 921 1784 ὼς
966 1724 1071 1774 ὑπὸ
1103 1721 1346 1790 φυλακὴν
1363 1721 1664 1787 ὀφείλουσιν
1697 1714 1771 1772 εἷ-

207 1832 304 1866 ναι
327 1814 545 1884 ταῦταῆ
574 1815 721 1886 παρά
745 1815 822 1884 τῷ
853 1814 1036 1884 κλήρῳ
1057 1815 1088 1885 ἢ
1113 1816 1261 1882 παρά
1283 1813 1358 1881 τῷ
1385 1810 1768 1883 μητροπολίτη,

207 1908 341 1958 ὃταν
371 1908 470 1959 οὐκ
503 1901 602 1958 ὦσι
633 1908 906 1973 κληρικοὶ,
939 1908 1021 1974 ἐφ’
1053 1901 1097 1974 ᾧ
1119 1906 1336 1974 δοθῆναι
1365 1905 1441 1974 τῷ
1462 1921 1770 1972 χειροτονη-

210 1999 507 2067 θησομένῳ
536 1999 838 2066 ἐπισκόπῳ,
879 1999 951 2066 μὴ
996 1998 1156 2067 είπῃς
1186 1996 1244 2062 ἐξ
1275 1997 1514 2065 ἀνάγκης
1542 1995 1771 2061 ὀφείλειν

213 2090 376 2140 τοῦτο
432 2090 699 2156 γίνεσθαι.
753 2091 816 2142 Ei
861 2090 969 2159 γάρ
1019 2091 1047 2142 ὁ
1093 2088 1423 2154 τελευτήσας
1480 2087 1771 2149 ἐπίσκοπος

211 2183 471 2250 ἐποίησεν
501 2183 844 2251 ἀπογραφὴν,
886 2181 1025 2234 κατά
1066 2181 1156 2233 τὸν
1187 2187 1239 2251 μ’
1297 2179 1647 2232 ἀποστολικὺν
1678 2196 1776 2231 κα-

211 2274 366 2333 νόνα,
427 2275 540 2342 ἆμα
595 2275 673 2341 τῷ
714 2273 1175 2343 χειροτονηθῆναι,
1235 2276 1343 2335 τοῖς
1390 2273 1448 2338 ἐξ
1497 2271 1772 2324 άδιαθέτου

213 2367 582 2434 κληρονόμοις
610 2367 801 2418 τούτου
822 2367 1105 2436 δοθήσεται
1134 2367 1202 2418 τὰ
1225 2366 1429 2418 ἐκείνου
1456 2367 1772 2433 πράγματα.

217 2459 330 2508 Καὶ
381 2458 651 2524 ἀνάγνωθι
679 2459 749 2511 τὰ
787 2459 844 2512 ἐν
883 2458 959 2528 τῷ
999 2457 1216 2526 ῥηθέντι
1254 2454 1342 2525 κβ’
1380 2457 1563 2508 κανόνι
1619 2454 1777 2525 χάριν

213 2549 412 2600 τούτου
444 2551 740 2616 γραφέντα.
785 2547 906 2598 Ἐπὶ
936 2545 1146 2609 τούτοις
1195 2547 1285 2614 ἔχε
1319 2546 1408 2597 ἐπὶ
1441 2545 1655 2614 μνήμης
1687 2544 1778 2596 καὶ

217 2644 285 2692 τὸ
317 2642 458 2693 κατά
502 2643 592 2692 τὸν
621 2639 991 2708 Σεπτέμὸριον
1024 2639 1168 2709 μῆνα
1193 2638 1293 2705 τῆς
1333 2639 1392 2690 ιδ’
1459 2636 1778 2698 ίνδικτιῶνος

219 2727 493 2780 ἁπολυυὲν
524 2728 848 2796 πρόσταγμα
890 2728 982 2779 τοῦ
1025 2728 1284 2796 κραταιοῦ
1315 2728 1404 2779 καὶ
1443 2727 1597 2793 ἁγίου
1627 2726 1780 2795 ήμῶν

224 2820 490 2889 βασιλέως
523 2821 656 2896 (16),
677 2822 835 2889 χάριν
862 2820 961 2874 τοῦ
999 2820 1072 2887 μὴ
1104 2818 1439 2889 ἁρπάζεσθαι
1470 2819 1535 2872 τά
1563 2821 1672 2880 τοῖς
1697 2834 1783 2870 τε-

219 2911 486 2963 λευτῶσιν
510 2912 827 2976 ἐπισκόποις
859 2914 1127 2983 ἀνήκοντα
1146 2913 1295 2980 παρά
1311 2911 1418 2962 τῶν
1439 2910 1779 2979 πρακτόρων,

224 3005 326 3053 καὶ
359 3004 480 3055 τάδε
517 3004 655 3056 κατά
687 3004 839 3073 ῥῆμα
866 3005 1228 3073 διαλαμὸἀνον
1257 3019 1270 3033 ⁶
1298 3005 1533 3073 Πρᾶγμα
1568 3003 1660 3055 καί⁵
1705 3005 1783 3065 είς

227 3093 367 3144 Θεοῦ
416 3093 765 3162 τολμώμενον
812 3099 1220 3165 περιφρόνησιν,
1270 3097 1362 3148 καὶ⁸
1407 3096 1488 3156 είς
1533 3095 1783 3159 ἀθέτησιν

1803 1860 1843 1915 Β

3310 413 3412 473 (331

1937 543 1954 574 ι
1994 526 2157 593 ipsius
2186 527 2424 580 ecclesiae
2450 526 2660 579 auferre
2685 525 2768 579 vel
2814 525 2918 577 sibi
2973 525 3282 584 vindicare;
3321 526 3411 574 ειιά

1939 637 1955 668 ι
1995 618 2104 671 sint
2137 617 2236 671 sub
2264 619 2504 671 custodia
2536 617 2663 671 cleri
2689 618 2950 676 ecclesiae.
2999 618 3080 668 cui
3125 614 3413 668 defunctus

1939 728 1957 761 ι
1995 709 2230 778 praefuit,
2266 725 2436 778 usque
2467 713 2530 762 ad
2562 709 2784 763 alterius
2833 707 3071 777 episc0pi
3118 707 3416 775 promotio-

1943 822 1960 853 ι
1998 819 2117 856 nem
2177 820 2191 855 :
2272 802 2375 856 nisi
2420 803 2471 854 in
2537 803 2720 855 cadem
2787 800 3012 854 ecclesia
3080 813 3184 852 non
3248 798 3414 852 relicti

1941 916 1958 946 ι
1999 897 2106 949 sint
2131 895 2335 950 clerici.
2365 893 2518 947 Tunc
2553 896 2692 948 enim
2736 893 3173 959 inetrOpolitanus
3215 903 3274 941 ea
3311 904 3412 942 non

1943 1008 1960 1039 ι
1997 989 2257 1042 diminuta
2304 988 2560 1048 servabit,
2591 988 2865 1055 {ordinato
2926 985 3175 1049 episcopo
3231 982 3409 1035 omnia

1943 1104 1960 1134 ι
2005 1080 2251 1135 reddens.
2291 1099 2309 1131 ι

1939 1322 2128 1404 ΒΑιζδ.
2159 1347 2214 1400 lu
2243 1345 2498 1399 vicesimo
2524 1341 2762 1397 secundo
2787 1355 2992 1394 canone
3028 1351 3231 1409 quarta:
3260 1355 3419 1409 syno-

1870 1447 1918 1497 di
1944 1445 2198 1511 scriptum
2247 1450 2351 1502 est,
2399 1438 2742 1506 deponendos
2784 1435 3028 1497 clericos,
3075 1435 3164 1503 qui
3209 1435 3420 1502 rapiunt

1870 1538 2009 1590 bona
2034 1549 2152 1602 quae
2181 1532 2246 1585 ad
2274 1541 2539 1584 mortuum
2582 1528 2886 1596 episcopum
2943 1529 3226 1592 pertinent.
3271 1524 3410 1577 Prai-

1870 1642 1992 1680 sens
2026 1636 2198 1678 autem
2235 1635 2403 1676 canon
2430 1617 2678 1686 prohibet
2707 1616 3169 1683 metropolitanum
3197 1614 3266 1666 'ea
3317 1615 3418 1666 sibi

1870 1722 2158 1775 vindicare.
2188 1717 2320 1770 Cum
2356 1721 2532 1767 autem
2585 1710 2739 1763 audis
2789 1723 2851 1761 ea
2904 1709 3100 1761 debere
3155 1721 3274 1760 esse
3323 1711 3419 1758 sub

1871 1813 2136 1873 custodia,
2166 1808 2248 1861 vel
2273 1805 2412 1875 apud
2443 1804 2665 1866 clerum,
2695 1800 2776 1854 vel
2805 1802 3019 1868 quando
3069 1812 3174 1851 non
3219 1796 3418 1849 fuerint

1871 1903 2074 1966 clerici,
2098 1900 2234 1969 apud
2264 1895 2758 1963 metropolitanum,
2791 1900 2850 1944 ut
2897 1892 3092 1945 dentur
3123 1888 3421 1941 ordinando

1870 2000 2120 2066 episcopo
2149 2012 2164 2047 :
2195 2006 2261 2046 ne
2281 1990 2479 2043 dixeris
2502 1988 2601 2040 hoc
2632 1985 2828 2039 debere
2859 1981 3164 2037 necessario
3201 1981 3334 2033 fieri.
3361 1979 3417 2032 Si

1871 2090 2012 2145 enim
2058 2087 2342 2142 defunctus
2383 2081 2665 2149 episcopus
2717 2077 3072 2130 inventarinm
3121 2074 3306 2126 fecerit
3343 2073 3423 2140 (ut

1872 2182 1983 2234 vult
2022 2181 2090 2234 40
2121 2192 2290 2230 canon
2318 2170 2663 2240 apostolicus)
2703 2183 2826 2221 cum
2863 2169 3093 2235 primum
3134 2164 3229 2216 fuit
3263 2163 3421 2214 ordi-

1872 2281 2064 2331 natus;
2123 2265 2421 2321 hmredibus
2475 2262 2592 2330 ejus
2649 2258 2714 2311 ab
2767 2259 3016 2310 intestato
3081 2255 3224 2308 illius
3283 2254 3422 2305 bona

1873 2365 2166 2416 dabuntur.
2194 2359 2260 2411 Et
2290 2358 2402 2423 lege
2420 2369 2538 2423 qua:
2574 2353 2627 2405 in
2676 2350 2818 2404 dicto
2863 2347 2934 2400 22
2984 2359 3189 2400 canone
3237 2343 3303 2398 de
3360 2358 3426 2396 eo

1877 2455 2074 2522 scripta
2101 2459 2248 2505 sunt.
2282 2449 2544 2501 Praeterea
2589 2452 2764 2496 autem
2825 2444 2946 2493 tene
3006 2436 3262 2491 memoria
3292 2450 3426 2488 con-

1877 2546 2207 2602 stitutionem
2251 2541 2480 2606 potentis
2518 2537 2799 2601 sanctique
2845 2530 3181 2599 imperatoris
3224 2526 3424 2580 domini

1877 2636 2182 2693 Emanuelis
2199 2631 2457 2689 Comueni
2488 2627 2786 2695 Septembri
2820 2632 3000 2677 mense
3029 2621 3095 2674 14
3137 2619 3428 2674 indictione

1879 2712 2148 2788 emissa‘in,
2181 2727 2245 2780 de
2277 2739 2378 2776 non
2409 2720 2695 2788 rapiendis,
2741 2717 2807 2769 ab
2858 2712 3221 2773 exactoribus,
3273 2712 3430 2764 bonis

1881 2833 1996 2888 qua:
2013 2818 2076 2872 ad
2102 2816 2384 2870 defunctos
2423 2812 2701 2879 episcopos
2751 2806 3035 2875 pertinent,
3067 2815 3184 2868 qua:
3214 2801 3427 2868 quidem

1882 2911 1995 2967 hinc
2023 2908 2282 2964 verbatim
2318 2901 2688 2968 complectitur
2723 2915 2737 2951 ι
2793 2897 2922 2960 Res,
2968 2907 3086 2961 qua
3133 2899 3187 2946 et
3231 2890 3284 2944 in
3335 2889 3427 2942 Dei

1883 3007 2263 3067 contemptum.
2295 3003 2346 3047 et
2367 2993 2431 3045 ad
2468 2993 2638 3058 legum
2668 2996 2875 3042 natura
2898 2981 3336 3045 iuflrmationem,
3361 2980 3430 3032 ab

1883 3091 1950 3146 iis
1981 3089 2093 3156 qui,
2127 3096 2183 3140 ut
2211 3086 2380 3149 aiunt,
2419 3095 2590 3148 neque
2623 3077 2715 3132 Dei
2735 3091 2918 3130 vocem
2959 3086 3130 3142 neque
3154 3071 3430 3125 hominum

229 3184 450 3250 θεσμῶν
487 3159 730 3250 φυσικῶν
761 3159 911 3253 παρά
933 3159 1060 3249 των,
1149 3201 1302 3252 φασι,
1343 3187 1479 3254 μήτε
1517 3184 1650 3237 Θεοῦ
1676 3184 1782 3237 δπα
1805 3192 1851 3253 ρ
1882 3198 1903 3235 v

1755 3192 1851 3253 τε
1882 3183 2167 3236 vindictam
2210 3173 2518 3236 formidant,
2589 3179 2646 3222 ut
2697 3177 2781 3221 est
2827 3162 3137 3224 verisimile,
3185 3159 3429 3218 audetur,

230 3276 365 3342 μήτ’
387 3276 685 3344 ἀνθρώπων
713 3277 931 3345 νέμεσιν
959 3278 1344 3345 ὑφορωμένων,
1375 3277 1446 3339 ὼς
1467 3277 1662 3337 ἔοικεν,
1687 3278 1783 3329 οὐκ

231 3368 461 3419 ἀνεκτὸν
508 3369 644 3430 ὅλως
693 3369 944 3439 ἐλογίσθη
978 3372 1044 3436 τῇ
1079 3367 1324 3438 βασιλεία
1356 3386 1478 3436 μου,
1508 3371 1586 3431 είς
1619 3370 1784 3432 ἀκοὰς

226 3461 370 3528 αὑτῇ
423 3462 704 3522 πεπτωκός
735 3474 748 3487 ⁸
782 3463 934 3513 ἐνθεν
977 3479 1057 3513 τοι
1097 3463 1188 3514 καὶ
1231 3462 1305 3523 ὡς
1325 3463 1497 3530 πάντη
1540 3461 1631 3514 τοῦ
1678 3464 1785 3515 τῶν

226 3555 640 3622 Χριστωνύμων
691 3554 908 3619 ἀνάξιον
969 3553 1423 3622 ἐπαγγέλματος,
1483 3553 1784 3622 διορθοῦται

227 3646 390 3697 τοῦτο
427 3650 456 3713 ή
513 3646 756 3714 βασιλεία
801 3663 924 3715 μου.
990 3645 1277 3715 Ἀνηνὲχθη
1321 3645 1429 3713 γὰρ
1458 3646 1592 3714 αὐτῇ
1625 3645 1697 3706 ὡς
1729 3646 1784 3696 ἐν

231 3738 363 3797 ταῖς
390 3737 499 3787 ἀπὸ
522 3737 615 3788 τοῦ
644 3738 743 3806 ζῇν
775 3737 1059 3806 ἐκδημίαις
1095 3736 1202 3788 τῶν
1239 3737 1569 3805 ὁπουδήποτε
1599 3739 1784 3804 ἀρχιε-

233 3830 572 3895 ρατευόντων
598 3831 653 3880 ὲν
680 3832 800 3890 ταῖς
819 3829 912 3880 τοῦ
935 3829 1068 3879 θεοῦ
1093 3829 1421 3894 ἁγιωτάταις
1448 3826 1784 3894 ἐκκλησίαις,

238 3923 314 3988 πῆ
353 3922 452 3990 μὲν
479 3925 570 3972 καὶ
600 3923 716 3989 πρὸ·
735 3921 834 3987 τῆς
865 3921 1043 3972 αὐτῶν
1065 3921 1320 3986 ἐκφορᾶς,
1352 3918 1429 3985 πῆ
1454 3919 1507 3970 ἃ
1529 3920 1622 3969 καὶ
1648 3918 1786 3970 κατὰ

233 4015 337 4084 τὴν
373 4014 634 4082 ἐκφορὰν,
666 4016 713 4064 οἱ
748 4015 890 4065 κατά
937 4010 1118 4080 χώραν
1148 4010 1493 4079 ἐνεργοῦντες
1520 4009 1787 4078 προφάσει

233 4107 332 4174 τῆς
371 4106 549 4157 αὐτῶν
586 4104 839 4172 τελευτῆς
878 4104 992 4156 ’τῶν
1035 4120 1094 4154 τε
1143 4102 1364 4154 κελλίων
1408 4101 1586 4152 αὐτῶν
1616 4102 1788 4152 ἀπαν-

238 4198 478 4264 θρώπως
507 4197 1005 4264 κατεπεμϐαίνουσι
1035 4195 1126 4247 καὶ
1153 4195 1259 4244 τῶν
1287 4193 1390 4244 ὑπὸ
1410 4192 1506 4253 τὰς
1524 4192 1787 4258 λαχούσας

235 4293 434 4350 αὐτοὺς
483 4291 775 4356 ἐκκλησίας
818 4289 1107 4356 ἀκινήτων,
1161 4287 1253 4338 καὶ
1299 4283 1655 4353 ἀφαιροῦνται
1690 4283 1787 4350 μὲν

235 4382 460 4434 ᾶπαντα
503 4385 570 4431 τὰ
605 4383 662 4432 εν
689 4381 898 4441 τούτοις
935 4377 1340 4445 παρευρεθέντα
1373 4375 1482 4425 τῶν
1523 4373 1790 4441 ὑπαρχόν-

233 4493 347 4527 των
395 4475 606 4534 αὑτοίς·
641 4470 932 4540 καθολικὴν
979 4469 1036 4520 δὲ
1083 4469 1355 4519 ποιοῦνται
1385 4465 1493 4516 τῶν
1535 4464 1789 4516 τοιούτων

1814 4144 1834 4198 >

1885 3292 1990 3331 non
2023 3272 2235 3327 ferenda
2271 3268 2487 3322 omnino
2526 3261 2786 3332 imperiali
2819 3273 2949 3312 mea:
2987 3254 3264 3324 potestati,
3309 3267 3429 3306 cum

1885 3366 1950 3421 ad
1976 3364 2090 3433 ejus
2116 3375 2274 3416 aures
2327 3355 2698 3425 pervenisset,
2745 3351 2856 3402 visa
2914 3357 3014 3402 est.
3073 3344 3430 3410 Quamobrem

1883 3471 2022 3517 eam,
2055 3465 2113 3507 ut
2132 3453 2350 3506 omnino
2398 3445 2704 3500 Christiana
2764 3440 3089 3509 professione
3140 3436 3431 3502 indignam,

1885 3564 2003 3603 mea
2028 3538 2554 3612 corrigitimperialis
2589 3543 2844 3603 potestas.
2896 3529 2957 3584 Ei
3020 3528 3163 3582 enim
3207 3526 3431 3580 relatum

1883 3651 1986 3702 est,
2010 3638 2150 3707 quod
2191 3637 2240 3686 in
2278 3646 2500 3686 excessu
2528 3643 2558 3681 e
2587 3627 2691 3679 vita
2717 3637 2926 3683 eorum,
2957 3621 3047 3690 qui
3081 3618 3255 3671 ubivis
3302 3631 3433 3686 pon-

1886 3732 2140 3786 tificatum
2165 3733 2356 3795 gerunt
2390 3723 2441 3775 in
2474 3716 2829 3772 sanctissimis
2869 3712 2961 3766 Dei
2996 3710 3266 3770 ecclesiis.
3304 3723 3431 3776 par-

1887 3828 1980 3878 tim
2001 3823 2211 3892 qnidem
2233 3826 2286 3872 et
2312 3824 2594 3882 antequam
2615 3809 2770 3862 funus
2792 3806 3063 3866 efferatur,
3090 3802 3279 3870 partim
3306 3813 3434 3854 vero

1886 3928 1938 3970 et
1969 3924 2244 3982 postquam
2279 3909 2475 3962 elatum
2510 3901 2689 3962 fuerit,
2732 3899 2790 3962 ii,
2820 3897 2908 3964 qui
2959 3896 3012 3949 in
3084 3909 3146 3948 ea
3217 3892 3434 3960 regione

1890 4006 1997 4059 fisci
2022 3999 2448 4071 procurationem
2485 4000 2758 4054 exercent,
2787 3989 3023 4056 ipsorum
3064 3984 3252 4039 mortis
3292 3999 3429 4052 prai-

1888 4109 2056 4159 textu,
2089 4105 2276 4146 eorum
2316 4087 2476 4141 cellas
2507 4084 2795 4138 inhumane
2849 4077 3129 4140 invadunt,
3166 4085 3220 4130 et
3258 4075 3435 4128 eccle-

1888 4192 2254 4254 siarmn,qu:e
2279 4182 2358 4236 eis
2405 4179 2710 4247 obtigerant
2769 4170 3087 4234 immobilia,
3139 4176 3194 4221 et
3245 4181 3435 4220 omnes

1887 4286 2099 4353 quidem
2130 4280 2426 4340 facultates,
2451 4288 2568 4343 quae
2593 4271 2644 4325 in
2674 4269 2781 4323 illis
2817 4268 3043 4321 inventae
3085 4263 3303 4326 fuerint,
3335 4277 3432 4314 au-

1891 4351 2105 4436 ferunt:
2176 4371 2482 4425 universam
2550 4373 2725 4416 autem
2772 4357 3032 4425 ejusmodi
3081 4353 3430 4408 immobilium

1889 4469 2220 4523 exactionem
2247 4464 2468 4524 faciunt,
2501 4467 2554 4512 et
2594 4470 2656 4508 ea
2685 4451 2883 4520 alioqui
2913 4449 3131 4503 omnino
3167 4445 3431 4513 eliquant.

235 4570 510 4635 ἀκινήτων
556 4565 872 4632 ἀπαίτησιν,
935 4564 1029 4616 καὶ
1069 4561 1333 4620 παντοίως
1375 4558 1574 4626 ἑτέρως
1621 4555 1788 4606 ταῦτα
1818 4525 1909 4613 θι

1756 4572 1788 4606 α
1818 4525 1862 4580 D
1890 4555 2180 4627 lmperialis
2199 4567 2328 4618 ergo
2359 4565 2472 4604 mea
2514 4553 2749 4616 potestas
2787 4557 2854 4596 ne
2888 4540 2968 4594 vel
3009 4537 3191 4590 auditu
3219 4536 3430 4603 quidem

234 4657 711 4726 συντρίϐουσιν.Ἡ
741 4656 796 4708 δὲ
825 4653 1069 4723 βασιλεία
1105 4668 1204 4720 μου
1239 4649 1371 4718 μηδὲ
1402 4649 1561 4716 μέχρι
1593 4647 1685 4698 καὶ
1709 4647 1787 4707 είς

232 4754 488 4820 ἄκουσμα
531 4751 688 4819 μόνον
734 4746 961 4816 ἀνεκτὴν
1004 4743 1328 4813 ἡγησαμένη
1378 4741 1475 4808 τὴν
1520 4737 1787 4804 τοσαύτην

1893 4647 2162 4704 ferendam
2195 4658 2376 4698 eorum
2401 4655 2522 4694 esse
2551 4635 2826 4689 audaciam
2859 4629 3191 4689 existimans,
3217 4642 3283 4680 ne
3314 4641 3432 4678 cum

1894 4740 2146 4792 damnum
2173 4744 2226 4787 et
2256 4730 2527 4788 calamitas
2548 4742 2613 4780 ex
2638 4722 2936 4778 antistitum
2961 4729 3133 4771 morte
3155 4716 3221 4770 ad
3249 4732 3433 4770 eorum

1430 4829 1629 4889 tiuill.
1671 4829 1991 4906 Beveregii
2026 4833 2213 4886 noun.

233 4946 344 4996 τῶν
372 4940 929 5007 καταλιμπανομένων
959 4937 1111 4987 εἱδῶν
1145 4929 1477 4986 διοικεῖσθαι.
1509 4929 1664 4980 Debet
1692 4937 1782 4980 tua

234 5019 405 5084 pietas
446 5014 486 5064 si
512 5006 626 5079 quis
651 5006 1006 5084 episcoporum
1035 5007 1194 5084 vitam
1216 5019 1330 5081 cuin
1355 5006 1517 5051 morte
1547 5013 1778 5084 cominu-

234 5068 384 5142 iam,
411 5068 616 5134 υιιυιίιιο
646 5068 776 5131 nihil
801 5068 862 5129 ex
882 5078 993 5143 ejus
1021 5075 1166 5125 rebus
1191 5072 1434 5143 auferre,
1462 5085 1551 5120 nec
1572 5068 1780 5120 honesto

236 5157 447 5207 nomine
503 5149 883 5202 consuetudinis
903 5139 914 5143 ⁷
934 5139 1271 5212 prohibitum
1298 5141 1511 5212 rupium
1543 5139 1780 5204 tyranni-

234 5227 415 5290 ilisque
443 5225 645 5285 [acinus
684 5208 988 5271 obumbrare
1021 5233 1037 5267 :
1076 5215 1161 5266 sed
1197 5210 1446 5263 universis
1479 5208 1780 5258 denuntiare

231 5277 492 5362 futurum,
527 5302 577 5341 ιιι
611 5290 784 5341 omnia
817 5287 960 5338 salva
989 5291 1351 5336 conserventur
1373 5321 1385 5339 ,
1418 5290 1462 5329 et
1495 5277 1778 5329 secundum

233 5346 503 5431 ipsiusmet
529 5360 921 5431 dispositionem
944 5357 1135 5431 quamvis
1172 5352 1363 5402 relicta:
1390 5348 1580 5431 species
1615 5346 1784 5431 (ili‘lmi:

233 5373 503 5431 ipsiusmet
529 5373 921 5422 dispositionem
980 5373 1135 5406 ua'vis
1172 5373 1363 5402 reiiciw
1390 5373 1580 5414 species
1615 5373 1782 5396 uuuu-

233 5439 542 5486 ni‘strentur.
578 5429 631 5481 lu
659 5426 783 5481 Jur.
819 5426 912 5478 Gr.
939 5373 1087 5477 Ylom.
1122 5424 1160 5485 Ι,
1187 5436 1234 5472 VI
1261 5459 1274 5480 ,
1319 5435 1436 5486 pag.
1470 5416 1592 5470 430.
1628 5413 1782 5478 Quod

233 5503 453 5571 quidem
497 5499 805 5571 mandatum
852 5512 914 5548 ex
964 5495 1208 5562 prteseuti
1266 5503 1471 5542 canone
1520 5486 1779 5554 originem

233 5569 315 5624 lt‘n
331 5578 473 5623 xi~se
499 5569 730 5620 videtur.

307 5645 418 5707 (ιδ)
465 5637 751 5706 ιςζοαταιοῦ
784 5637 876 5688 καὶ
919 5635 1088 5707 ἁγίου
1121 5631 1288 5707 una»:
1307 5625 1629 5707 βασιλίέως.
1675 5623 1772 5677 Ms.
1813 5641 1818 5644 '

234 5698 696 5764 AIIVICI'LGCillHIIIIS
718 5709 843 5775 legit
864 5698 1123 5756 αὑθέντου
1151 5698 1558 5775 βφιλέωςπδεειι
1584 5709 1774 5775 nomen

235 5783 579 5848 “inperatoris
607 5767 902 5845 ligijiis:tlui
927 5767 1365 5827 constitutionem
1396 5767 1480 5819 hic
1503 5767 1770 5817 laudatam

237 5844 432 5911 t-tlisit,
459 5865 555 5901 net:
586 5849 635 5900 in
662 5844 782 5908 isto,
809 5862 904 5898 nec
931 5846 983 5898 in
1003 5844 1201 5896 nostris
1237 5856 1364 5893 tnss.
1397 5849 1785 5890 commemora—

1889 4941 1975 4980 tur
2018 4946 2030 4979 :
2079 4935 2134 4978 at
2182 4927 2234 4977 in
2271 4923 2456 4975 codice
2503 4917 2715 4971 Tiliano
2759 4908 3074 4980 Emmanuel
3119 4907 3432 4980 Comnenus

1890 4978 2234 5059 nominatur;
2264 4994 2339 5046 uti
2368 4996 2579 5044 constat
2608 5003 2668 5059 ex
2697 4983 2885 5059 Latina
2921 4978 3131 5059 Herveti
3165 4979 3431 5059 versione,

2271 5044 2595 5135 imperatoris
2616 5047 3138 5135 dominiEmmiueli's
3161 5044 3429 5135 Comiieni.

1887 5116 2045 5205 quam
2071 5116 2355 5202 propterea.
2379 5131 2673 5205 versionem
2704 5137 2800 5176 nos
2827 5121 3119 5205 itnm‘utare‘
3135 5116 3428 5205 noluimus.

1889 5186 1945 5259 tit
1976 5186 2043 5259 im
2055 5186 2316 5271 pera'toris
2340 5215 2530 5271 nomen
2551 5186 3054 5271 _indicantem._Nam
3083 5186 3427 5271 Emanuelem

1883 5256 2215 5328 coihiiéi’mm
2267 5273 2400 5324 lianc
2444 5268 2677 5320 edidisse
2743 5258 3184 5328 constitutionem
3233 5256 3431 5328 eishis

2266 5321 2438 5392 verbis
2475 5344 2706 5395 constat,
2747 5329 2900 5404 ἁγίου
2947 5325 3103 5404 ήμῶν
3143 5321 3425 5404 βασιλέως.

1881 5399 2011 5467 Nam
2065 5409 2395 5464 Balsamouis
2444 5405 2774 5473 temporibus
2825 5399 3244 5473 il|e_itnpera_tor
3289 5404 3428 5453 erat,

1880 5465 2037 5551 cujus
2081 5485 2242 5536 etiam
2288 5465 2754 5551 jussuBal'samou
2791 5466 3101 5551 praelatum
3147 5465 3247 5515 hoc
3295 5476 3432 5529 Opus

1880 5533 2171 5622 éiééépii}
2203 5557 2261 5601 ut
2288 5533 2402 5616 ipse
2441 5533 2850 5622 iu___ptmfa.tione
2894 5537 2960 5622 ad
2993 5533 3424 5622 Nontocanenem

1881 5602 2324 5677 ili—otiitestatus'
2344 5625 2444 5669 est.
2484 5602 2615 5665 lli'nc
2642 5613 2801 5664 etiam
2831 5614 2914 5660 est
2934 5645 2949 5667 ,
2989 5602 3146 5677 quod
3172 5605 3281 5654 haec
3314 5603 3428 5670 ipsa

1882 5673 2207 5759 fit—institutio
2237 5685 2602 5759 sub_ejusdehut
2642 5678 2979 5759 imperatoris
3006 5673 3223 5759 nomine
3252 5682 3426 5726 existet

1879 5743 2126 5819 ἑιίέίιῖίίὴ
2154 5743 2299 5813 Ιιιέίδ
2325 5743 2747 5812 ϐιῆεεοοιῖοηιατίἰ
2777 5751 2812 5803 l.
2845 5763 2904 5812 ll,
2937 5762 2988 5814 p.
3027 5743 3142 5801 154.
