4240 6442
789 384 890 443 (333')

2046 381 2320 440 TllEOD.
2370 381 2599 438 BALSA
2611 382 2766 439 ΜοΝ

3928 382 4024 446 636

783 500 1042 554 ecclesias
1068 501 1383 568 pervaserit,
1419 501 1470 553 hi
1512 501 1681 554 multo
1714 499 1969 564 majorem
1994 497 2357 551 calamitatem

2463 495 2668 564 τόλμαν
2698 497 2907 563 αὐτῶν,
2934 496 3024 550 ἵνα
3057 497 3130 568 μὴ
3152 497 3364 565 καὶτῆς
3392 495 3487 548 ἐπὶ
3511 498 3626 558 τοῖς
3650 495 3899 560 θανάτοις
3926 500 4026 550 τῶν

784 591 1062 652 invehant.
1083 601 1216 644 etea
1247 595 1355 643 sint
1383 607 1540 659 quam
1581 591 1688 659 jam
1711 591 1900 644 habent
1925 589 2170 643 molestia
2194 590 2349 654 longe

786 681 1161 746 molestiores;
1187 682 1374 734 statuit
1402 698 1496 750 per
1523 682 1661 734 hanc
1682 689 1994 749 praesentem
2015 681 2358 733 constitutio-

783 789 926 834 nem,
961 788 1026 824 ne
1061 774 1127 824 ab
1159 773 1244 837 iis,
1275 773 1366 842 qui
1397 775 1615 827 ducales
1662 773 2009 838 magistratus
2035 760 2241 840 ger'uht,
2270 771 2356 824 vel

781 866 1179 932 descriptiones
1199 864 1276 914 vel
1296 864 1472 933 aliqua
1494 864 1593 916 alia
1615 863 1942 932 publicijure
1959 873 2233 926 exercent,
2252 863 2356 916 tale

782 956 909 1022 quid
943 962 992 1007 iu
1019 956 1386 1010 sanctissimas
1414 956 1692 1020 ecclesias,
1721 956 1800 1008 Vel
1832 970 2014 1008 earum
2037 954 2354 1018 immobilia,

781 1049 859 1100 vcl
890 1049 1192 1100 antistitum
1222 1049 1405 1111 cellas,
1449 1049 1499 1102 iu
1535 1063 1720 1101 eorum
1758 1057 1931 1100 morte
1957 1047 2212 1113 deinceps
2239 1062 2355 1099 am-

782 1141 917 1204 plius
959 1140 1248 1193 innovetur
1283 1154 1298 1192 :
1351 1142 1443 1194 sed
1478 1140 1522 1193 si
1557 1140 1731 1193 testati
1781 1140 1996 1206 quidem
2049 1140 2353 1191 moriantur

779 1231 1047 1284 antistites
1076 1231 1226 1297 juua
1253 1247 1440 1283 eorum
1490 1231 1821 1284 voluntatem
1867 1241 1922 1283 et
1960 1230 2352 1283 ordinationem

779 1320 959 1373 (ιιιιιιίη
999 1302 1149 1384 tiant.
1183 1323 1323 1389 quod
1352 1324 1415 1372 ad
1450 1323 1734 1375 ca-attinet
1765 1337 1887 1390 quae
1913 1323 1962 1374 in
1991 1337 2177 1374 eorum
2204 1322 2354 1375 cellis

781 1410 1150 1463 inveniuntur.
1182 1411 1332 1476 Quod
1368 1411 1412 1464 si
1439 1413 1574 1464 forte
1611 1411 1772 1464 etiam
1829 1413 2064 1464 intestati
2111 1413 2356 1465 decesse-

782 1501 910 1562 rint,
938 1502 1116 1554 oninia
1156 1518 1372 1572 quoque
1405 1502 1554 1566 ﬁant,
1588 1513 1746 1571 prout
1777 1503 1828 1555 in
1862 1503 2031 1556 sacris
2055 1505 2353 1559 canonibus

777 1608 828 1646 et
867 1594 1071 1662 legibus
1103 1595 1215 1648 lieri
1244 1597 1620 1665 praescriptum
1656 1606 1759 1651 est.
1794 1598 1956 1665 Atqui
1986 1597 2038 1649 in
2071 1597 2351 1652 viduarum

780 1690 1455 1742 ecclesiarumimmobilia
1509 1704 1575 1741 ne
1625 1691 1813 1757 pedem
1862 1690 2077 1752 quidem
2124 1691 2350 1743 omnino

778 1780 1030 1830 immittet
1062 1779 1256 1845 aliquis
1283 1794 1348 1830 ex
1383 1779 1627 1841 ducibus,
1679 1777 1760 1830 vel
1813 1777 2078 1844 aliquibus
2119 1777 2258 1838 aliis,
2297 1787 2354 1828 ιιι

2468 587 2771 655 ἀρχιερέων
2823 588 3086 656 ἐπιούσης
3133 589 3253 646 ταῖς
3305 586 3424 640 κατ’
3474 587 3676 649 αὐτοὺς
3715 588 4026 654 ἐκκλησίαις

2466 679 2671 750 ζημίας
2705 681 2800 736 καὶ
2835 681 3126 750 συμφορᾶς
3159 677 3308 732 οὗτοι
3351 679 3916 749 βαρυσυμφορώτεροι
3951 681 4030 746 γε-

2463 789 2660 832 νοιντο,
2689 771 2906 840 καὶτῆς
2943 773 3035 823 ἐπὶ
3067 771 3249 833 αὐτοῖς
3274 771 3429 832 ἀνίας
3452 769 3839 840 ἀνιαρώτεροι,
3873 772 4030 838 διορί-

2463 862 2616 926 ζεται
2664 863 2753 915 διὰ
2791 863 2892 932 τῆς
2931 864 3221 934 παρούσης
3251 862 3597 930 προστάξεως
3641 864 3839 932 μηκέτι
3887 866 4032 932 παρὰ

2463 951 2574 1001 τῶν
2625 951 2768 1004 κατά
2810 951 2998 1022 χώραν
3029 954 3127 1013 τὰς
3170 953 3427 1014 δουκικὰς
3461 954 3636 1022 ἀρχὰς
3676 954 4029 1024 διεπόντωνῆ

2461 1042 2785 1111 ἀναγραφὰς
2817 1043 2848 1112 ἢ
2892 1043 3035 1115 ἕτερ’
3062 1045 3198 1098 ἄττα
3243 1044 3437 1113 δικαίῳ
3470 1044 3566 1096 τοῦ
3595 1045 3859 1113 δημοσίου
3895 1049 4034 1112 ἐνερ-

2464 1134 2710 1201 γούντων
2757 1135 3001 1188 τοιοῦτόν
3036 1153 3089 1188 τι
3138 1138 3282 1191 κατὰ
3319 1136 3426 1187 τῶν
3467 1137 3794 1204 ἁγιωτάτων
3845 1139 4034 1202 ἐκκλη-

2467 1223 2620 1285 σιῶν,
2654 1224 2685 1293 ἢ
2713 1224 2822 1276 τῶν
2853 1225 2946 1276 ὑπ’
2969 1226 3136 1287 αὑτὰς
3165 1226 3508 1298 ἀκινήτων,ἣ
3536 1226 3645 1278 τῶν
3674 1226 3901 1280 κελλίων
3931 1225 4034 1276 τῶν

2463 1315 2793 1386 ἀρχιερέων.
2827 1319 2883 1369 ἐν
2909 1319 3029 1380 ταῖς
3059 1318 3239 1371 αὐτῶν
3267 1318 3544 1380 τελευταῖς
3565 1318 3658 1371 τοῦ
3685 1317 3877 1371 λοιποῦ
3911 1336 4037 1370 νεω-

2459 1409 2816 1476 τερισθῆναι·
2870 1410 2985 1462 ἀλλ’
3037 1412 3086 1462 εἰ
3133 1410 3234 1479 μὲν
3279 1411 3615 1479 ἐνδιαθήκως
3667 1413 3715 1463 οἱ
3761 1413 4034 1479 ἀρχιερεῖς

2464 1497 2789 1568 τελευτῷεν,
2826 1500 2968 1553 κατὰ
2995 1500 3091 1561 τὰς
3120 1500 3302 1553 αὐτῶν
3331 1500 3532 1570 βουλάς
3561 1518 3618 1554 τε
3649 1502 3744 1554 καὶ
3769 1502 4038 1566 διατάξεις

2461 1591 2677 1644 ἅπαντα
2707 1591 2959 1658 γίνεσθαι
2981 1593 3107 1646 ὅσον
3149 1594 3242 1645 ἐπὶ
3273 1594 3389 1655 τοῖς
3423 1594 3955 1662 παρευρισκομένοις
3983 1595 4039 1645 ὲν

2461 1685 2575 1744 τοῖς
2599 1684 2830 1746 κελλῖοις
2863 1687 3044 1738 αὐτων
3065 1699 3080 1714 ⁸
3123 1686 3171 1738 εἰ
3196 1685 3240 1737 δ’
3275 1685 3407 1746 ἴσως
3429 1687 3524 1739 καὶ
3559 1687 3834 1739 ἀδιάϐετοι
3863 1687 4037 1739 ἀπαλ-

2463 1775 2732 1841 λάτοιντο,
2767 1779 2946 1830 πάντα
2982 1779 3075 1831 καὶ
3125 1778 3269 1830 οὕτω
3313 1780 3747 1848 συντελεωθῆναι
3792 1780 3936 1831 κατὰ
3982 1779 4039 1828 τὸ

779 1871 810 1920 d
838 1883 980 1922 ctum
1013 1883 1091 1923 est
1127 1889 1139 1926 :
1172 1872 1263 1924 sed
1306 1887 1404 1924 nec
1453 1870 1705 1939 quaelibet
1760 1870 1906 1923 illinc
1957 1885 2078 1938 pars
2135 1885 2358 1936 quomo-

2465 1871 2577 1930 τοῖς
2614 1869 2781 1939 ἱεροῖς
2809 1869 2999 1922 κανόσι
3029 1871 3256 1932 καὶτοῖς
3294 1871 3482 1940 νόμοις
3511 1871 3729 1925 δοκοῦν.
3757 1873 3886 1934 Τοῖς
3918 1874 4038 1924 ἀκι-

779 1967 1060 2031 docunque
1083 1966 1381 2028 attfcratiir,
1418 1966 1510 2017 sed
1543 1964 1720 2016 omnia
1747 1980 1773 2014 a
1820 1963 2063 2030 partibus
2092 1963 2356 2030 ejusmodi

780 2055 1130 2107 ecclesiarum
1172 2057 1221 2107 in
1254 2056 1384 2121 ipsis
1414 2053 1958 2116 adruinistrabuntur,
2007 2055 2360 2120 quemadmo-

779 2151 906 2199 dum
941 2151 1006 2201 de
1036 2165 1094 2200 ea
1125 2149 1358 2214 legitime
1383 2159 1434 2201 et
1465 2150 1726 2200 canonice
1752 2148 1986 2197 edictum
2039 2153 2143 2203 est.
2191 2146 2361 2198 donec

783 2243 1012 2301 scilicet,
1065 2243 1154 2308 qui
1190 2251 1308 2309 post
1367 2254 1607 2292 mortuos
1677 2238 1945 2292 antistites
1995 2239 2044 2290 itt
2101 2239 2359 2292 cedes-ias

781 2333 1074 2386 renuntiati
1104 2342 1250 2394 sunt,
1282 2334 1332 2385 in
1367 2333 1580 2402 regione
1612 2331 1830 2394 fuerint,
1862 2341 1916 2383 et
1963 2346 2149 2383 eorum
2200 2331 2363 2400 198

784 2423 1312 2475 administrationem
1339 2422 1699 2490 susceperint.
1733 2420 1947 2474 Interim
1985 2421 2122 2473 sciat
2169 2421 2236 2482 is.
2268 2421 2361 2489 qui

784 2515 846 2564 :ul
877 2513 1295 2566 inlirmationem
1334 2514 1562 2574 alicuius
1621 2529 1829 2574 eorum,
1869 2529 1989 2581 qua:
2041 2531 2068 2566 a
2107 2516 2359 2581 praesenti

783 2606 796 2657 i
825 2605 1077 2672 upt't'ialis
1102 2608 1383 2672 potestatis
1412 2621 1543 2659 mea:
1572 2608 1960 2660 constitutione
2003 2606 2213 2660 deeieta
2239 2616 2364 2661 sunt

786 2699 1134 2764 processerit,
1195 2699 1338 2765 quod
1367 2698 1580 2751 etiamsi
1616 2699 1755 2753 Deus
1785 2700 1837 2754 in
1871 2698 1962 2751 tali
1999 2699 2118 2766 ejus
2145 2707 2363 2766 tamque

789 2790 975 2844 audaci
1005 2792 1220 2858 incepto
1249 2792 1301 2844 in
1332 2793 1614 2860 praesentia
1649 2793 1880 2857 siluerit,
1917 2792 2141 2844 omnino
2174 2791 2227 2844 in
2274 2790 2361 2843 lu-

785 2891 967 2932 luruut
1000 2885 1220 2950 dignum
1254 2883 1370 2948 ejus
1397 2885 1719 2953 supplicium
1749 2899 2033 2938 reservans
2059 2924 2072 2946 .
2109 2883 2367 2951 imperiaJ

784 2976 847 3026 Iis
882 2963 1060 3028 tamen
1099 2989 1218 3028 mea
1253 2983 1495 3042 potestas
1529 2990 1651 3030 eum
1687 2975 1940 3030 acerbius
1985 2975 2040 3029 in
2077 2973 2362 3042 pnesentia

779 3065 1145 3131 aggredietur.
1177 3070 1352 3134 pinnis
1386 3080 1508 3119 eum
1547 3067 1920 3136 corporalibus
1951 3066 2265 3132 subiiciens,
2309 3074 2366 3120 et

2469 1963 2652 2030 νήτοις
2685 1963 2869 2029 μέντοι
2903 1964 3009 2016 τῶν
3031 1964 3382 2032 χηρευουσῶν
3415 1964 3723 2032 ἐκκλησιῶν
3753 1964 3874 2016 οὐδὲ
3906 1964 4041 2016 πόδα

2462 2053 2599 2116 ὅλως
2641 2055 2892 2107 ἐπιϐαλεῖ
2922 2071 3008 2118 τις
3047 2055 3153 2108 τῶν
3185 2056 3326 2108 κατὰ
3355 2056 3540 2127 χώραν
3567 2055 3776 2108 δουκῶν
3807 2055 3841 2125 ἡ
3879 2073 4043 2107 τινων

2463 2145 2685 2214 ἐτέρων,
2717 2146 2792 2208 ὡς
2824 2147 3062 2214 εἴρηται,
3089 2147 3212 2199 οὐδέ
3241 2163 3292 2198 τι
3323 2146 3532 2200 οῖονοῦν
3554 2146 3768 2199 ἐκεῖθεν
3796 2146 4044 2199 ὁπωσοῦν

2465 2237 2808 2308 ἀναλὰὁηται
2836 2253 2854 2269 ο
2887 2239 3022 2291 ἀλλὰ
3057 2240 3236 2292 πάντα
3265 2240 3416 2308 παρὰ
3440 2240 3550 2293 τῶν
3575 2241 3760 2310 μερῶν
3787 2241 3898 2293 τῶν
3934 2258 4044 2290 τοι.

2464 2328 2638 2381 ούτων
2667 2329 2980 2398 ἐκκλησιῶν
3013 2331 3071 2382 ἐν
3102 2331 3287 2393 αὐτοῖς
3315 2332 3832 2401 οἰκονομηθήσεται,
3863 2331 4044 2390 καθὼς

2469 2421 2579 2490 ἄρα
2617 2425 2712 2474 καὶ
2741 2424 2871 2492 περὶ
2895 2423 3087 2476 τούτου
3121 2423 3368 2492 νομίμως
3398 2425 3494 2475 καὶ
3529 2422 3832 2485 κανονικῶς
3866 2423 4047 2493 διηγό-

2467 2532 2680 2584 ρευται,
2715 2516 2908 2587 μέχρις
2947 2516 3016 2569 ἂν
3045 2515 3249 2588 δηλαδὴ
3285 2516 3337 2568 οῖ
3379 2515 3523 2569 κατὰ
3556 2516 3683 2577 τοὺς
3713 2515 4044 2584 τεθνηκότας

2465 2606 2750 2676 ἀρχιερεῖς
2781 2609 2862 2669 εῖς
2891 2607 3192 2676 ἐκκλησίας
3217 2607 3711 2677 ἐπικηρυττόμενοι
3753 2606 3896 2660 κατὰ
3936 2605 4048 2674 χώ-

2473 2715 2575 2768 ραν
2607 2700 2893 2767 γεγονότες
2931 2699 3106 2763 αὐτοὶ,
3144 2699 3246 2768 τῆς
3281 2698 3487 2751 τούτων
3514 2699 3828 2767 οἰκονομίας
3859 2699 4050 2751 ἀναδέ-

2466 2790 2685 2855 ξωνται.
2741 2789 2953 2842 Εἱδέναι
3008 2789 3318 2856 όφειλοντος
3358 2789 3453 2842 τοῦ
3497 2791 3578 2854 εἰς
3612 2790 3869 2860 ἀθέτησίν
3903 2807 4049 2851 τινος

2465 2882 2575 2933 τῶν
2621 2884 2682 2934 ἐν
2730 2885 2797 2951 τῇ
2840 2882 3094 2952 παρούσῃ
3147 2883 3443 2951 προστάξει
3489 2884 3591 2952 τῆς
3632 2882 3912 2952 βασιλείας
3944 2901 4050 2952 μου

2465 2971 2840 3040 διωρισμένων
2888 2973 3244 3041 χωρήσαντος
3294 2973 3393 3036 ὡς,
3447 2973 3498 3025 εἰ
3538 2975 3631 3026 καὶ
3657 2974 3788 3036 Θεὸς
3839 2975 3934 3025 ἐπὶ
3973 2976 4053 3043 τῷ

2468 3062 2700 3134 τοιούτῳ
2727 3064 2910 3117 αὐτῶν
2949 3065 3262 3135 τολμήματι
3305 3066 3443 3137 πρός
3471 3083 3530 3120 τε
3572 3067 3633 3120 τὸ
3669 3067 3845 3137 παρὸν
3872 3086 4053 3134 παρα-

783 3169 1004 3206 suorum
1067 3155 1438 3208 membrorum
1501 3156 1954 3222 truncationibus,
1992 3156 2359 3223 bonorumque

2470 3159 2837 3228 σιωπήσεται,
2872 3159 3090 3222 πάντως
3119 3160 3200 3222 εις
3227 3158 3290 3211 τὸ
3332 3159 3528 3228 μέλλον
3553 3160 3740 3223 αὐτοῖς
3762 3163 3865 3230 τὴν
3892 3164 4052 3226 ἀξίαν

782 3246 1155 3310 publicationi,
1185 3256 1238 3302 et
1259 3247 1522 3302 diuturno
1554 3249 1763 3304 exsilio.
1792 3249 1906 3304 Non
1934 3250 2105 3304 solum
2124 3252 2266 3305 enim
2289 3267 2356 3306 ex

781 3356 845 3392 eo
877 3340 1126 3410 simplum
1161 3343 1349 3394 reddet
1391 3342 1657 3406 ecclesiae,
1690 3342 1830 3411 quod
1862 3343 1910 3397 ei
1961 3343 2054 3398 illo
2103 3346 2260 3398 modo
2290 3346 2358 3400 ab

778 3435 898 3499 ipso
930 3433 1282 3488 auferendum
1310 3445 1416 3498 est,
1454 3436 1545 3490 sed
1577 3436 1742 3489 etiam
1779 3451 1809 3489 a
1846 3436 1974 3490 fisco
2032 3439 2152 3491 talis
2185 3454 2359 3504 quan-

778 3528 948 3581 titatis
975 3526 1192 3596 duplum
1219 3528 1424 3596 absque
1454 3527 1562 3581 ulla
1591 3529 2066 3582 commiseratione
2089 3531 2356 3596 exigetur,

775 3618 1165 3684 perfectissima
1193 3635 1254 3672 ea
1313 3619 1379 3684 de
1407 3633 1462 3671 re
1497 3619 1810 3688 cognitione
1838 3635 1934 3688 per
1959 3623 2256 3676 antistitem
2285 3625 2356 3685 ei,

775 3712 863 3779 qui
897 3727 992 3776 pro
1016 3721 1258 3776 tempore
1286 3713 1546 3782 mysticus
1578 3711 1868 3777 erit,data.
1894 3714 1986 3781 qui
2010 3717 2172 3768 etiam
2209 3726 2358 3767 utra—

774 3820 877 3871 que
933 3804 1316 3857 administrare
1370 3805 1572 3858 debet:
1624 3803 1690 3857 de
1743 3820 1842 3858 suo
1901 3816 2082 3859 autem
2140 3822 2360 3875 peccato

772 3899 995 3951 omnino
1028 3901 1436 3952 excusationem
1476 3915 1578 3951 non
1606 3900 1844 3953 habebit.
1881 3897 2041 3954 Venit
2075 3901 2216 3954 enim
2253 3902 2361 3953 im-

773 3990 993 4055 pc:ialis
1021 4006 1137 4043 mea
1170 4003 1432 4056 potestas,
1464 3973 1518 4043 ei
1546 3991 1626 4044 eis
1660 4007 1755 4060 per
1779 4003 2102 4060 przesentem
2153 3996 2359 4048 consti-

773 4085 1036 4137 tutionem
1058 4085 1366 4154 evangelice
1420 4086 1598 4144 locuta
1633 4095 1736 4148 est,
1769 4102 1889 4154 quze
1921 4087 1971 4139 in
2013 4102 2171 4140 sacro
2195 4079 2358 4142 char-

773 4177 1082 4244 tn;.i|i_vlacin
1131 4189 1438 4246 reponetur,
1493 4179 1854 4232 sanctissimis
1909 4181 2154 4234 ecclesiis
2211 4183 2360 4236 sum-

769 4284 916 4319 czcns
950 4268 1154 4333 futura,
1179 4271 1219 4321 si
1258 4269 1376 4337 ejus
1421 4269 1592 4334 solum
1653 4270 1894 4337 exempla
1950 4274 2259 4327 authentica
2296 4291 2360 4330 ac

769 4361 1094 4426 t-mltpeiettli
1141 4363 1242 4413 title
1294 4363 1496 4414 munita
1565 4362 1630 4415 ah
1695 4363 1825 4431 ipsis
1886 4366 2127 4431 partibus
2175 4377 2359 4420 osten-

764 4450 983 4505 dantur.
1029 4450 1100 4504 Ea
1134 4453 1276 4506 enim
1329 4454 1608 4524 archetypi
1636 4453 1742 4506 vim
1776 4455 2070 4522 habebunt,
2116 4467 2171 4511 et
2197 4461 2358 4513 exhi-

2464 3252 2623 3322 δίκην
2649 3253 3070 3320 ταμιευόμενος,
3104 3252 3219 3304 ἀλλ’
3254 3253 3286 3322 ἡ
3333 3252 3583 3322 βασιλεία
3616 3271 3720 3323 μου
3749 3257 3845 3307 καὶ
3882 3259 3966 3318 εἰς
3993 3259 4056 3308 τὸ

2461 3346 2637 3415 παρὸν
2679 3345 3006 3416 πικρότερον
3057 3346 3191 3399 αὐτὸ
3243 3347 3652 3414 μετελεύσεται,
3707 3354 4056 3416 σωματικαῖς

2461 3440 2674 3502 ποιναῖς
2717 3438 2880 3492 αὑτὸν
2932 3438 3393 3494 καθυποὸαλοῦσα
3435 3479 3454 3505 ,
3504 3441 3684 3509 μελῶν
3726 3459 3786 3495 τε
3829 3443 4056 3496 οἰκείων

2459 3519 2966 3602 ἀκρωτηριασμοῖς,
2995 3531 3092 3584 καὶ
3120 3531 3230 3586 τῶν
3257 3531 3620 3603 ὑπαρχόντων
3639 3534 3932 3604 δημεύσει,
3962 3539 4057 3589 καὶ

2461 3623 2652 3695 ἐξορίᾳ
2689 3625 2899 3694 μακρᾷ.
2933 3623 3010 3676 Ού
3050 3623 3210 3693 μόνον
3240 3624 3350 3694 γὰρ
3374 3625 3438 3677 τὸ
3473 3624 3682 3678 ἁπλοῦν
3711 3627 4060 3680 ἁπεντεῦθεν

2462 3717 2739 3770 ἀποδώσει
2774 3717 2804 3769 ὁ
2837 3715 3082 3780 τοιοῦτος
3112 3719 3176 3788 τῇ
3209 3717 3501 3788 ἐκκλησίᾳ,
3543 3718 3604 3771 τὸ
3638 3719 3694 3784 ἐξ
3727 3719 3906 3787 αὐτῆς
3944 3738 4057 3773 τοι·

2459 3810 2801 3878 ουτοτρόπως
2837 3809 2967 3879 παρ’
2995 3807 3160 3862 αὐτοῦ
3218 3809 3752 3880 ἀφαιρεθησόμενον,
3789 3811 3929 3863 ἀλλὰ
3963 3814 4056 3863 καὶ

2464 3901 2603 3966 πρὸς
2636 3900 2731 3954 τοῦ
2763 3900 3030 3970 δημοσίου
3058 3903 3138 3963 εἰς
3166 3899 3228 3952 τὸ
3253 3899 3477 3953 διπλοῦν
3507 3900 3854 3969 ἁσυμπαθῶς
3882 3904 4056 3954 ἁπαι-

2460 3993 2763 4064 τηθήσεται
2797 3993 2893 4062 τὴν
2918 3992 3182 4061 τοιαύτην
3207 3993 3505 4063 ποσότητα,
3531 3994 3791 4063 εἰδήσεως
3822 3997 4058 4065 ἀκριϐε-

2468 4086 2671 4152 στάτης
2699 4083 2985 4152 διδομένης
3030 4083 3160 4152 περὶ
3189 4081 3383 4135 τούτου
3419 4082 3572 4150 παρὰ
3613 4082 3705 4134 τοῦ
3748 4085 4060 4153 τηνικαῦτα

2467 4179 2775 4248 ἀρχιερέως
2808 4176 2886 4246 τῷ
2919 4175 3062 4228 κατὰ
3106 4175 3205 4244 τὴν
3255 4175 3471 4245 ἡμέραν
3525 4175 3794 4243 μυστικῴ,
3849 4176 3911 4238 ὃς
3965 4177 4058 4226 καὶ

2461 4270 2669 4340 ὀφείλει
2706 4268 2802 4321 καὶ
2840 4270 3007 4337 ἄμφω
3040 4267 3344 4335 οἰκονομεῖν
3373 4282 3387 4295 ·
3419 4266 3694 4335 πρόφασιν
3739 4266 3795 4318 δὲ
3836 4269 4057 4320 πάντως

2462 4364 2559 4433 ούχ
2595 4361 2706 4425 ἕξει
2741 4362 2870 4429 περὶ
2916 4359 3017 4428 τῆς
3059 4359 3336 4428 ἁμαρτίας
3375 4357 3564 4410 αὑτοῦ.
3626 4353 3798 4410 Ἦλθε
3857 4361 3970 4426 γὰρ
4028 4361 4061 4426 ή

2465 4453 2712 4525 βασιλεία
2752 4470 2854 4522 μου
2895 4451 3270 4518 εὐαγγελικῶς
3304 4450 3401 4502 καὶ
3435 4449 3700 4517 ἐλάλησεν
3730 4449 3922 4510 αὐτοῖς
3971 4450 4059 4500 διὰ

767 4540 1013 4594 ΙιτοιιξὶΙηιε
1046 4544 1110 4594 ad
1145 4555 1405 4597 aeternam
1434 4546 1782 4599 securitatem
1824 4555 2006 4602 erunt.

762 4635 858 4683 καὶ
894 4634 968 4703 τῷ
1002 4635 1131 4705 ἱερῷ
1175 4638 1595 4708 χαρτοφυλακίῳ
1638 4641 2124 4711 ἐναποτεοήσεται,
2183 4645 2495 4712 ἀρκέσουσα
2527 4643 2647 4702 ταῖς
2715 4636 3049 4705 ἁγιωτάταις
3112 4635 3453 4704 ἐκκλησίαις,
3527 4632 3628 4686 κᾶν
3691 4636 3930 4686 ἱσότυπα
3969 4626 4061 4688 -ιαῖ

766 4727 902 4793 μόνα
933 4729 1140 4798 ταύτης
1172 4731 1566 4800 πεπιστωμένα
1607 4733 1762 4802 παρὰ
1802 4734 1913 4786 τῶν
1951 4736 2133 4803 μερῶν
2164 4738 2345 4790 αὐτῶν
2384 4728 3018 4808 ἐμφανίζηται.”Εξουσι
3045 4728 3154 4798 γὰρ
3205 4725 3586 4797 πρωτοτύπων
3647 4725 3805 4795 ἰσχὺν
3876 4727 4062 4785 ταῦτα

761 4820 856 4870 καὶ
907 4824 1019 4883 τοῖς
1068 4824 1464 4892 πορισαμένοις
1507 4826 1870 4892 προσέσονται
1921 4829 2001 4889 εἰς
2043 4828 2344 4897 ἀσφάλειαν
2379 4827 2768 4890 αἱωνίζουσαν.

835 4911 1082 4968 ΖΟΝΑΙὶ.
1117 4916 1260 4969 Idem
1313 4926 1692 4984 argumentum
1747 4928 1954 4987 quarta:
1995 4936 2208 4989 quoque
2262 4937 2353 4992 sy-

2534 4916 2774 4972 ΖΩΝΑΡ.
2826 4914 2937 4967 Καὶ
2965 4914 2992 4966 ὁ
3022 4911 3270 4973 εἰκοστὸς
3313 4910 3571 4979 δεύτερος
3605 4910 3790 4963 κανὼν
3839 4916 3940 4981 τῆς
3977 4922 4062 4964 τε·

767 5006 892 5057 nodi
954 5022 1129 5061 canon
1185 5009 1481 5064 vicesimus
1544 5011 1816 5065 secundus
1875 5015 2207 5080 exsequitur.
2276 5015 2352 5068 lbi

2460 5011 2669 5080 τὲρτης
2707 5007 2928 5058 συνόδου
2959 5005 3090 5073 περὶ
3124 5003 3318 5056 τούτου
3371 5001 3466 5058 τοῦ
3496 5001 3798 5068 κεφαλαίου
3833 5005 4066 5072 διαλαμο

763 5104 816 5146 ct
848 5095 1007 5162 hujus
1035 5099 1263 5153 canonis
1295 5102 1499 5156 mentio
1527 5116 1556 5154 a
1591 5102 1749 5156 nobis
1770 5101 1933 5166 facta,
1983 5113 2037 5157 et
2101 5105 2205 5156 alia
2257 5121 2354 5174 per

2462 5104 2637 5165 ὅανει,
2684 5099 2814 5152 ἔνθα
2855 5099 2948 5150 καὶ
2977 5096 3074 5149 τοῦ
3108 5096 3381 5162 παρόντος
3414 5095 3641 5159 κανόνος
3667 5095 4058 5165 ἐμνήσθημεν·

763 5203 882 5254 quae
915 5188 1154 5255 ejusdem
1186 5193 1535 5263 explicationi
1590 5195 1934 5249 satisfactum
1992 5195 2348 5260 arbitramur,

2461 5198 2626 5266 ἀρκεῖ
2653 5193 2746 5246 οὖν
2785 5194 2853 5244 τὰ
2885 5191 3153 5261 εἰρημένα
3182 5191 3319 5242 ἐκεῖ.

766 5279 928 5331 allata
964 5280 1140 5338 fuere.

2386 4549 2431 4606 ι)
2461 4550 2559 4617 τῆς
2590 4546 2875 4616 παρούσης
2917 4540 3294 4611 προστάξεως,
3337 4541 3462 4608 ἥτις
3509 4541 4046 4607 καταστρωοὴσεται

2454 5377 2674 5432 ΑΡΙΣΤ.
2725 5394 2744 5426 ι
2783 5372 3158 5434 Τελευτῶντος
3182 5369 3509 5434 ἐπισκόπου,
3535 5367 3564 5418 ὁ
3591 5368 3797 5438 κλῆρος
3825 5369 4060 5435 φυλάξει

2539 5491 2557 5522 ι
2597 5470 2667 5522 τὰ
2709 5468 3016 5539 πράγματα
3049 5482 3066 5498 ⁶
3102 5467 3152 5519 εἰ
3196 5464 3256 5518 δὲ
3306 5463 3383 5534 μὴ
3420 5462 3817 5516 ὑπολέλειπται
3863 5465 4063 5532 κληρι-

2532 5583 2549 5613 i
2589 5563 2704 5623 κὸς,
2738 5562 2766 5611 ὀ
2799 5558 3206 5630 μητροπολίτης
3238 5559 3416 5611 ταῦτα
3457 5555 3783 5626 διαφυλάξει
3809 5557 3923 5619 ἓως
3957 5557 4056 5624 τῆς

2542 5675 2560 5705 ι
2604 5655 2798 5722 ἐτέρου
2830 5651 3189 5721 χειροτονίας.
3230 5669 3248 5699 ι

2530 5744 2668 5798 Οὔτε
2705 5747 2817 5808 τοῖς
2851 5747 3135 5814 κληρικοῑς
3174 5743 3316 5815 μετὰ
3353 5742 3456 5814 τὴν
3495 5741 3761 5812 τελευτὴν
3789 5743 3886 5797 τοῦ
3929 5743 4057 5794 ἐπι-

2464 5841 2669 5894 σκόπου
2699 5840 2883 5894 αὐτῶν
2905 5838 3028 5893 οὔτε
3052 5838 3130 5910 τῷ
3160 5839 3538 5910 μητροπολετῃ
3561 5839 3774 5904 ἔξεστιν
3792 5838 4050 5907 ἀφαιρεῖ·

764 5372 993 5427 ΑΙὶΙΞΤ.
1041 5393 1060 5426 ι
1109 5375 1378 5449 Episcopo
1409 5379 1519 5433 vita
1550 5378 1830 5444 defuncto,
1864 5379 2047 5434 clerus
2086 5379 2224 5432 bona
2263 5397 2347 5434 re-

843 5487 860 5514 c
903 5469 1161 5526 servabit.
1197 5471 1253 5524 Si
1296 5487 1424 5525 vero
1473 5471 1652 5526 nullus
1705 5473 2042 5539 relinquatur
2096 5477 2349 5534 clericus.

855 5584 872 5612 c
921 5553 1376 5629 inet'ropolitauus
1437 5579 1503 5620 ea
1565 5565 1933 5630 conservabit,
1984 5565 2155 5619 donec
2213 5565 2351 5620 alter

845 5680 863 5709 ι
896 5661 1200 5713 ordinetur.
1243 5678 1261 5710 ι

839 5753 950 5806 Nec
989 5755 1206 5808 clericis
1248 5764 1366 5823 post
1403 5764 1630 5809 mortem
1658 5751 1898 5824 episcopi
1951 5767 2034 5806 sui
2087 5767 2184 5804 nec
2244 5767 2353 5802 mc-

767 5849 1096 5918 tropolitano
1150 5851 1277 5904 licet
1335 5851 1632 5919 quidquam
1716 5865 1746 5903 e
1807 5857 2053 5901 vacantis
2108 5845 2356 5900 ecclesix
