4240 6442
192 415 301 477 637

942 421 1023 481 IN
1063 422 1228 483 CAN.
1273 424 1512 483 XXXVI
1558 426 1653 484 ET
1698 424 1969 484 XXXVII
2009 429 2209 488 CONC
2258 432 2682 494 INTRIILLO.

3311 429 3413 487 633

189 530 317 580 σθαί
343 546 396 582 τι
420 530 530 580 τῶν
550 530 650 600 τῆς
674 546 1015 599 χηρευουσης
1043 534 1337 602 ἐκκλησίας
1364 534 1704 602 πραγμάτων
1733 548 1749 563 ·
1780 535 1825 590 Δ
1856 542 1863 589 l

1742 548 1749 562 '
1780 535 1825 590 Δ
1856 540 2007 592 bonis
2038 543 2275 604 auferre,
2311 546 2403 595 sed
2440 546 2619 596 omnia
2665 543 2923 597 custodiri
2978 542 3174 595 debent
3213 542 3277 593 ab
3310 543 3416 594 illis

183 620 320 673 ἀλλὰ
352 621 528 673 πάντα
558 621 833 689 ὀφείλουσι
859 624 1383 692 παραφυλάττεσθαι
1417 625 1546 695 παρ’
1572 624 1752 678 αὐτῶν

180 712 243 779 δὴ
273 713 385 764 τῶν
424 714 720 781 κληρικῶν,
743 716 938 783 μέχρις
961 716 1027 767 ἂν
1056 716 1241 785 ἕτερος
1258 718 1553 779 ἐπίσκοπος
1576 734 1754 785 χειρο-

182 801 413 871 τονηθῇ.
447 804 506 854 Εἰ
536 803 580 854 δ’
612 805 740 866 ίσως
769 805 1030 874 κληρικδς
1061 809 1120 859 ὲν
1152 810 1217 877 τῇ
1244 808 1467 880 τοιαύτῃ
1501 809 1597 877 οὐχ
1623 810 1755 860 ὑπε-

189 893 390 960 λείσθη
415 894 701 966 ἐκκλησίᾳ,
738 898 766 948 ὁ
797 899 1196 968 μητροπολίτης
1223 899 1394 951 ταῦτα
1432 901 1752 970 παραφυλὰ-

191 983 271 1044 Est
304 986 575 1051 αμείωτα,
616 988 909 1041 ἀποδοῦναι
959 989 1166 1059 μέλλων
1203 993 1381 1044 πάντα
1409 993 1485 1061 τῷ
1512 1009 1755 1061 χειροτο-

187 1074 548 1148 νηοησομένῳ
578 1082 864 1150 ἐπισκότῳ

776 1173 1013 1226 ΚΑΝΩΝ
1041 1173 1183 1241 Λσν.

194 1276 211 1306 ι
269 1256 685 1327 ⁹Ανανεούμενοι
732 1262 797 1313 τὰ
845 1266 992 1333 παρὰ
1025 1264 1132 1315 τῶν
1179 1264 1373 1316 ἑκατόν
1420 1283 1754 1334 πεντηκοντα

267 1371 286 1401 ι
334 1352 507 1418 ἁγίων
553 1355 808 1422 Πατέρων
840 1356 949 1408 τῶν
994 1358 1052 1408 ὲν
1084 1360 1150 1427 τῇ
1202 1358 1550 1428 θεοφυλάκτῳ
1582 1359 1752 1431 ταύτῃ

268 1465 286 1493 ι
332 1445 430 1496 καὶ
464 1446 691 1513 βασιλίδι
725 1449 879 1501 πόλει
914 1451 1295 1515 συνελθόντων,
1315 1452 1406 1505 καὶ
1431 1452 1539 1504 τῶν
1564 1452 1755 1515 ἐξακο-

267 1558 283 1584 ι
336 1540 469 1590 σίων
493 1540 784 1608 τριάκοντα
815 1542 923 1595 τῶν
952 1545 1007 1594 ἐν
1054 1544 1356 1614 Χαλκηδόνι
1392 1545 1755 1599 συνελθόντων

269 1652 285 1677 ρ
334 1633 790 1701 νομοθετηθέντα,
816 1635 1073 1705 ὁρίζομεν
1117 1636 1209 1687 τὸν
1245 1638 1754 1690 Κωνσταντινουπό-

267 1745 283 1771 ι
331 1724 468 1784 λεως
498 1723 684 1793 θρόνον
708 1723 817 1775 τῶν
847 1725 976 1777 ἴσων
1002 1726 1296 1779 ἀπολαύειν
1320 1726 1631 1795 πρεσϐείων
1659 1728 1754 1781 τοῦ

269 1839 285 1862 ι
331 1818 433 1885 τῆς
474 1818 851 1886 πρεσϐυτέρας
883 1817 1102 1886 Ῥώμης
1148 1819 1361 1889 θρόνου,
1415 1820 1508 1872 καὶ
1548 1820 1605 1873 ἐν
1645 1821 1755 1880 τοῖς

268 1930 287 1958 ι
336 1909 814 1978 ἑκκλησιαστικοῖς
841 1910 916 1971 ὡς
944 1911 1150 1963 ἐκεῖνον
1184 1911 1581 1981 μεγαλύνεσθαι
1618 1915 1759 1980 πρά-

270 2028 285 2049 .
332 2020 528 2070 γμασι,
558 2003 808 2071 δεύτερον
844 2002 960 2071 μετ’
982 2005 1189 2056 ἐκεῖνον
1234 2005 1543 2074 ὑπάρχοντα
1568 2020 1588 2038 ⁸
1636 2005 1756 2074 μεθ’

272 2120 288 2141 ς
337 2096 395 2145 ὃν
435 2097 460 2146 ό
492 2096 589 2160 τῆς
638 2094 1018 2165 Ἀλεξανδρέων
1050 2097 1468 2162 μεγαλοπόλεως
1510 2096 1757 2167 ἀριθμεῖ-

272 2207 286 2232 ι
342 2187 449 2237 σθω
480 2186 682 2252 θρόνος,
712 2182 825 2239 εἶτα
856 2188 884 2239 ό
926 2188 1269 2257 Ἀντιοχείας,
1300 2188 1388 2239 καὶ
1414 2190 1550 2258 μετὰ
1572 2190 1755 2244 τοῦτον

274 2301 290 2327 ι
338 2280 481 2346 ὁτῆς
527 2280 971 2349 Ἱεροσολυμιτῶν
1010 2281 1234 2342 πόλεως.
1277 2300 1295 2332 ι

271 2373 465 2423 ΒΑΛΣ.
494 2375 624 2442 Περὶ
648 2373 740 2425 τοῦ
771 2373 1025 2445 δευτέρου
1055 2378 1145 2428 καὶ
1172 2376 1356 2445 τρίτου
1379 2376 1600 2439 κανόνος
1624 2375 1757 2444 φασὶ

190 2463 300 2529 τῆς
324 2465 581 2533 δευτέρας
620 2466 839 2516 συνόδου
862 2482 876 2494 ·
916 2467 1009 2520 καὶ
1042 2467 1134 2519 τοῦ
1169 2465 1254 2535 κη’
1304 2468 1528 2530 κανόνος
1581 2470 1680 2533 τῆς
1715 2467 1756 2517 δ’

195 2556 449 2607 συνόδου.
494 2556 602 2607 Καὶ
652 2556 927 2622 ἀνάγνωθι
986 2558 1053 2611 τὰ
1100 2559 1158 2609 ἐν
1205 2559 1414 2621 τούτοις
1446 2557 1574 2628 παρ’
1603 2557 1757 2627 ἡμῶν

189 2645 503 2712 γραφέντα.

270 2736 512 2789 ΖΩΝΑΡ.
545 2736 625 2792 Τὰ
654 2740 711 2789 ἐν
739 2742 805 2807 τῇ
841 2739 1095 2809 ἐξηγήσει
1124 2741 1230 2793 τῶν
1266 2743 1571 2811 εἰρημένων
1596 2742 1758 2794 κανό-

197 2849 337 2893 νων,
381 2824 455 2884 ὧν
504 2834 776 2901 μέμνηται
803 2835 830 2885 ό
862 2835 1052 2904 παρὼν
1081 2836 1282 2899 κανὼν,
1324 2837 1587 2904 εἰρημένα
1627 2838 1757 2905 ἡμῖν

196 2926 335 2991 περὶ
358 2922 451 2974 τοῦ
484 2924 672 2991 θρόνου
705 2925 804 2992 τῆς
829 2928 1442 2989 Κωνσταντινουπόλεως
1475 2927 1757 2997 ζητητέον,

192 3018 294 3066 καὶ
324 3014 481 3081 οἶμαι
510 3017 584 3078 ὡς
631 3019 691 3069 οὐ
724 3020 985 3070 πλειόνων
1015 3020 1198 3089 δεήσει
1225 3020 1302 3090 τῷ
1337 3020 1525 3073 τοῦτον
1565 3022 1758 3073 ἀνανι·

192 3125 487 3163 νωςκοντι.

1861 631 1989 698 ipsis
2010 632 2245 694 clericis,
2285 634 2601 700 usquedum
2634 632 2769 685 alius
2796 635 3079 699 episcomts
3111 632 3401 683 constitua-

1858 732 1961 778 tur.
1990 724 2045 778 Si
2075 723 2213 777 forte
2244 734 2419 778 autem
2458 726 2687 777 clericus
2716 725 2767 777 in
2801 726 2887 777 illa
2925 739 3029 775 non
3084 724 3415 788 relinquatur

1858 818 2104 877 ecclesia.
2136 819 2577 886 tnetropolitanus
2606 832 2667 870 ea
2718 816 2995 869 imminuta
3037 816 3271 870 servabit
3299 830 3413 867 out-

1860 911 1946 964 nia
1977 909 2158 965 t‘uturo
2188 912 2440 979 episcopo
2472 911 2802 963 redditurus.

2379 1176 2605 1234 CANON
2654 1177 2894 1232 XXXVI.

1865 1293 1883 1325 ι
1916 1273 2255 1328 lienovantes
2287 1290 2403 1341 qua:
2434 1292 2461 1325 a
2514 1271 2716 1326 sanctis
2772 1279 2985 1321 centum
3033 1274 3087 1320 et
3148 1263 3412 1334 quinqua-

1937 1385 1955 1415 ‹
1991 1367 2134 1431 ginta
2167 1366 2437 1429 Patribus,
2468 1364 2557 1432 qui
2586 1365 2637 1415 in
2673 1365 2772 1417 hac
2803 1378 2829 1413 a
2861 1361 2967 1413 Deo
3012 1367 3323 1412 conservata
3363 1369 3415 1408 et

1944 1478 1961 1509 ι
1994 1460 2137 1526 regia
2171 1457 2322 1521 urbe,
2361 1469 2415 1511 et
2452 1456 2720 1510 sexcentis
2763 1454 3000 1521 triginta.
3052 1453 3138 1518 qui
3191 1451 3415 1505 Chalce-

1935 1572 1953 1604 ι
1993 1554 2131 1607 done
2164 1565 2484 1610 convenere,
2514 1550 2800 1602 constituta
2855 1556 3000 1603 sunt.
3051 1545 3411 1600 decernimus.

1937 1664 1954 1695 ι
1993 1655 2051 1698 ιιι
2083 1645 2311 1697 thronus
2358 1639 2976 1708 ConstantinOpolitanns
3023 1635 3244 1705 teqnalia
3302 1632 3413 1702 pri-

1935 1756 1954 1788 ι
1996 1736 2186 1805 vilegia
2226 1750 2347 1787 cum
2382 1734 2615 1801 antiqua:
2644 1731 2825 1784 Bonum
2851 1730 3042 1781 throno
3071 1727 3331 1784 obtineat.
3364 1733 3416 1777 ct

1936 1848 1954 1880 ι
1995 1830 2046 1883 in
2072 1825 2456 1881 ecclesiasticis
2484 1824 2710 1891 negotiis
2738 1832 2791 1875 ttt
2815 1821 2902 1874 ille
2928 1820 3217 1889 magniﬁat,
3242 1829 3296 1869 ιιι
3322 1817 3410 1883 qni

1936 1925 2050 1974 «sit
2076 1919 2340 1973 secundus
2394 1927 2513 1985 post
2570 1916 2739 1968 illum.
2803 1912 2930 1965 Post
2988 1926 3145 1975 quem
3209 1923 3412 1976 magna:

1934 2034 1949 2065 t
1988 2012 2469 2067 Alexandrinorum
2518 2008 2752 2063 civitatis
2800 2014 3108 2058 numeretur
3167 2003 3411 2059 lbrontls.

1936 2126 1953 2157 ‹
1992 2107 2183 2160 deinde
2208 2104 2523 2165 Antiocltize,
2545 2112 2597 2155 et
2626 2111 2744 2169 post
2775 2114 2895 2153 eum
2922 2094 3414 2166 Ilierosolytnitaum

1937 2217 1955 2249 ι
1989 2198 2244 2251 civitatis.
2286 2216 2303 2248 ι

1931 2371 2125 2425 BALS.
2158 2370 2231 2422 De
2290 2365 2529 2421 secundo
2585 2373 2637 2418 et
2695 2361 2853 2415 tertio
2911 2371 3119 2414 canone
3168 2355 3415 2409 secunda:

1858 2464 2065 2534 synodi,
2097 2473 2149 2514 et
2178 2462 2248 2514 28
2272 2475 2392 2512 can.
2433 2468 2637 2524 quartae
2670 2453 2856 2524 synodi
2890 2454 3202 2520 loquuntur.
3243 2448 3308 2501 Et
3338 2446 3416 2499 le—

1860 2570 1922 2624 ge
1951 2568 2069 2622 qua:
2102 2552 2152 2604 iu
2187 2565 2279 2603 eos
2310 2564 2339 2602 a
2373 2548 2526 2602 nobis
2553 2547 2753 2613 scripta
2791 2552 2933 2596 sunt.

1928 2726 2177 2782 ZONAR.
2223 2724 2351 2789 Ome
2408 2738 2434 2773 a
2490 2720 2645 2774 nobis
2699 2717 2766 2771 de
2824 2710 3415 2778 Constantinopolitana

1857 2824 1983 2877 sede
2016 2823 2067 2874 itt
2129 2835 2312 2872 corum
2353 2829 2640 2877 canonum,
2690 2811 2779 2878 qui
2832 2810 2922 2863 hic
2972 2807 3273 2877 laudantur,
3326 2816 3416 2854 ex-

1858 2911 2146 2983 plicatione
2214 2909 2353 2960 dicta
2428 2915 2591 2969 sunt,
2665 2920 2725 2954 ea
2779 2894 3099 2968 quwrenda;
3154 2910 3271 2963 qua:
3324 2893 3413 2962 qui

1859 3004 2069 3071 legerit,
2106 3003 2259 3069 plura
2289 3000 2342 3053 in
2377 2998 2520 3051 hanc
2551 2994 2868 3049 sententiam
2920 3000 2978 3044 ttt
3016 2989 3267 3043 arbitror.
3311 3002 3415 3038 non

1860 3096 2089 3163 requiret
2102 3136 2116 3149 .

190 3200 421 3252 ΑΡΙΣΤ.
489 3220 507 3252 ι
566 3201 625 3253 '0
656 3204 1270 3267 Κωνσταντινουπόλεως
1326 3203 1463 3272 μετά
1487 3204 1578 3256 τδν
1614 3202 1746 3257 Td"
1774 3217 1819 3280 C

1742 3237 1746 3246 .
1774 3217 1819 3280 Ο
1864 3188 2021 3257 199
2052 3180 2275 3238 ARIST.
2316 3200 2334 3231 ι
2357 3180 2605 3233 Thronus
2634 3171 3254 3239 Constantinupolitanus
3295 3178 3416 3234 post

279 3312 296 3341 ι
344 3309 453 3359 μης
503 3292 663 3357 ἔστω,
710 3295 818 3347 τῶν
882 3297 1011 3349 ῐσων
1070 3296 1355 3349 ἀπολαύων
1408 3295 1752 3364 πρεσϐείων·

283 3402 301 3431 ι
350 3383 469 3450 μεθ’
520 3384 578 3435 δν
608 3387 636 3436 ό
691 3387 788 3451 τῆς
826 3387 1231 3456 ’Δλεξανδρείας
1312 3385 1435 3453 ἑξῆς
1490 3386 1519 3437 ὁ
1556 3386 1737 3437 ’Δντιο

283 3494 299 3522 ι
351 3475 522 3542 χείας·
550 3470 666 3528 εἶτα
692 3477 719 3527 ό
753 3478 1161 3547 Ἰεροσολύμων.
1209 3496 1226 3529 ι
1657 3506 1661 3511 ·

275 3567 348 3616 Τὸ
375 3568 466 3616 τὸν
522 3569 1145 3629 Κωνσταντινουπόλεως
1174 3572 1282 3623 τῶν
1306 3572 1437 3625 ίσων
1461 3573 1758 3626 ἀπολαύειν

200 3658 514 3725 πρεσϐείων
568 3660 703 3723 μετὰ
745 3662 835 3713 τὸν
871 3662 1087 3731 Ῥώμης
1148 3663 1316 3726 οὕτως
1364 3667 1422 3717 ἐν
1470 3665 1547 3734 τῷ
1598 3666 1763 3735 τρίτῳ

197 3753 390 3805 κανόνι
436 3752 535 3821 τῆς
566 3756 623 3806 ὲν
685 3756 1248 3810 Κωνσταντινονπόλει
1314 3758 1528 3811 συνόδου
1578 3760 1764 3829 ἡρμη-

196 3843 494 3911 νεύσαμεν,
545 3848 637 3896 καὶ
665 3846 722 3897 ὲν
746 3846 825 3915 τῷ
881 3848 1112 3915 εἰκοστῷ
1141 3849 1308 3917 ὀγδόῳ
1338 3852 1437 3918 τῆς
1463 3851 1520 3901 ὲν
1547 3851 1737 3919 Χαλκη

195 3936 591 3989 δόνισυνόδουο
651 3936 790 3991 ὥστε
839 3941 914 4009 μὴ
969 3941 1108 3993 κατὰ
1163 3942 1261 4010 τὴν
1311 3943 1476 4012 τιμὴν
1517 3942 1765 4013 δεύτερον

199 4024 304 4076 τοῦ
341 4025 555 4094 Ῥώμης
596 4029 905 4091 τάττεσθαι,
965 4031 1100 4084 ἀλλὰ
1148 4033 1287 4086 κατὰ
1342 4034 1467 4094 τοὺς
1522 4035 1762 4103 χρόνους.

203 4115 372 4167 Οὕτω
396 4118 525 4182 γοῦν
556 4120 647 4171 καὶ
680 4121 915 4173 ἐνταῦθα
944 4122 1023 4173 δεῖ
1046 4126 1185 4175 νοεῖν
1214 4124 1311 4192 τὴν
1340 4124 1477 4191 μετὰ
1505 4126 1763 4193 πρόθεσιν

204 4208 331 4279 τοῦ·
364 4210 554 4277 χρόνου
611 4208 748 4265 εἶναι
794 4213 1116 4285 δηλωτικὴν,
1168 4216 1282 4267 ἀλλ’
1327 4216 1386 4266 οὐ
1428 4216 1525 4283 τῆς
1581 4217 1762 4285 τιμῆς.

203 4300 368 4352 Μετὰ
396 4303 503 4371 γὰρ
525 4302 749 4371 χρόνους
783 4304 1008 4369 πολλοὺς
1044 4307 1150 4358 τῶν
1210 4309 1338 4359 ίσων
1372 4309 1673 4377 πρεσϐείων
1698 4311 1762 4378 τῇ

215 4393 511 4459 Ῥωμαίων
556 4395 845 4466 Ἐκκλησία
874 4397 965 4449 καὶ
995 4400 1022 4448 ό
1067 4399 1251 4468 θρόνος
1299 4395 1452 4461 οὗτος
1474 4401 1571 4468 τῆς
1613 4402 1766 4451 Κων-

207 4482 701 4546 σταντινουπόλεως
724 4484 901 4554 ἔτυχε,
939 4486 1025 4538 διὰ
1071 4488 1130 4540 τὸ
1157 4487 1398 4556 βασιλείᾳ
1431 4504 1485 4539 τε
1513 4489 1606 4539 καὶ
1634 4503 1765 4554 συγ-

203 4571 397 4641 κλήτῳ
424 4570 719 4640 τιμηθῆναι
743 4572 840 4641 τὴν
871 4574 1025 4627 πόλιν
1056 4575 1280 4644 ταύτην,
1342 4578 1433 4628 καὶ
1466 4577 1575 4629 τῶν
1638 4578 1767 4628 ῐσων

205 4662 509 4714 ἀπολαύειν
539 4664 846 4731 πρεσϐείων
880 4668 943 4736 τῇ
977 4667 1319 4737 πρεσϐυτέρᾳ
1361 4666 1567 4737 Ῥώμῃ.

800 4757 1034 4809 ΚΔΝΩΝ
1065 4756 1183 4811 AZ'.

216 4867 233 4895 ι
297 4847 516 4915 Ἐπειδὴ
557 4848 701 4900 κατὰ
721 4848 1010 4917 διαφόρους
1058 4851 1282 4925 καιροὺς
1317 4851 1649 4920 βαρϐαρικαὶ
1681 4869 1770 4917 γε-

290 4958 307 4987 ι
357 4938 577 5003 γόνασιν
605 4940 802 5008 ἔφοδοι,
860 4944 955 4991 καὶ
1011 4942 1261 4993 πλεῖσται
1310 4942 1490 5003 πόλεις
1522 4942 1771 4995 ἐντεῦθεν

288 5050 304 5078 ε
349 5030 648 5100 ὑποχείριοι
687 5033 797 5092 τοῖς
826 5030 1048 5099 ἀνόμοις
1074 5032 1437 5101 κατέστησαν,
1473 5033 1549 5095 ὡς
1593 5035 1773 5086 ἐντεῦ-

285 5140 306 5173 ι
357 5123 447 5173 θεν
506 5124 580 5190 μὴ
616 5122 910 5189 δυνηθῆναι
970 5122 1060 5173 τὸν
1112 5122 1210 5189 τῆς
1253 5122 1503 5191 τοιαύτης
1567 5125 1770 5186 πόλεως

292 5236 308 5258 ε
360 5212 620 5281 πρόεδρον
682 5213 814 5280 μετὰ
868 5212 963 5280 τὴν
1011 5209 1097 5262 ἐπ’
1128 5212 1274 5280 αύτῴ
1322 5212 1653 5282 χειροτονίαν
1681 5214 1771 5266 τὸν

293 5325 311 5356 ι
356 5306 556 5358 οἰκεῖον
589 5305 778 5373 θρόνον
810 5305 1158 5366 καταλαϐεῖν,
1218 5306 1309 5356 καὶ
1343 5306 1401 5354 ὲν
1425 5303 1575 5372 αὐτῷ
1621 5305 1771 5372 ἱερα-

291 5417 309 5443 ι
359 5399 481 5465 τικῇ
510 5396 840 5449 καταστάσει
870 5395 1238 5464 ἐνιδρυνθῆναι
1262 5410 1278 5425 ο
1335 5396 1428 5446 καὶ
1453 5391 1597 5444 οὕτω
1626 5392 1766 5445 κατὰ

295 5506 315 5538 ι
356 5488 418 5539 τὸ
448 5488 725 5558 κρατῆσαν
757 5486 873 5548 ἕθος
911 5488 1010 5548 τὰς
1050 5486 1377 5556 χειροτονίας
1410 5488 1502 5537 καὶ
1531 5485 1705 5536 πάντα
1734 5483 1770 5536 ἆ

295 5600 313 5630 ι
357 5580 435 5649 τῷ
453 5581 729 5649 ἐπισκὸπῳ
746 5581 935 5647 ἀνήκει
966 5581 1225 5647 πράττειν
1254 5594 1312 5629 τε
1344 5579 1438 5629 καὶ
1464 5576 1773 5645 μεταχειρί-

298 5692 315 5722 ι
366 5671 573 5735 ζεσθαι⁸
604 5673 784 5740 ἡμεῖς,
807 5672 866 5723 τὸ
894 5671 1072 5738 τίμιον
1118 5670 1211 5723 καὶ
1272 5670 1564 5737 σεϐάσμιον
1588 5670 1653 5736 τῇ
1695 5669 1770 5718 ἱε-

299 5780 317 5811 ι
362 5761 578 5829 ρωσύνῃ
610 5761 987 5827 φυλάττοντες,
1019 5761 1112 5813 καὶ
1140 5760 1393 5829 μηδαμῶς
1428 5759 1562 5827 πρὸς
1592 5757 1770 5827 λύμην

304 5871 323 5900 ι
365 5850 480 5903 τῶν
502 5850 968 5921 ὲκκλησιαστικῶν
999 5851 1225 5903 δικαίων
1254 5852 1350 5919 τὴν
1382 5848 1595 5919 ἐθνικὴν
1630 5851 1764 5919 ἐπή-

1942 3296 1959 3328 ι
2002 3278 2296 3328 ιίοιιιιιηιιιη
2317 3273 2593 3339 proximus
2615 3310 2629 3333 ,
2661 3269 2953 3338 a‘qttalibtts
2974 3262 3413 3332 l'ruaturprivile-

1940 3388 1959 3420 ι
1998 3369 2119 3439 giis.
2167 3366 2295 3419 Post
2335 3380 2457 3418 eum
2496 3361 2910 3423 Alexandrinus,
2948 3360 3199 3425 deinceps
3230 3356 3417 3407 Antio-

1936 3479 1955 3511 ι
1999 3461 2221 3517 chentts,
2249 3466 2303 3509 et
2333 3456 2520 3509 deinde
2546 3451 3083 3522 IIierosolymitanus.
3130 3467 3147 3498 ι

1934 3553 2251 3619 Episcopum
2296 3544 2946 3612 Constantinopolitanttm
2978 3539 3268 3611 mqttalibtts
3310 3536 3415 3591 frui
3515 3548 3521 3559 ‘

1864 3641 2159 3714 privilegiis
2183 3648 2305 3707 post
2330 3638 2658 3700 Romanum,
2682 3634 2759 3688 sic
2789 3634 2841 3685 in
2878 3633 3035 3685 tertio
3065 3629 3248 3699 synodi
3272 3628 3416 3682 Cou-

1866 3730 2371 3798 stantinopolitanze,
2430 3736 2483 3779 et
2536 3726 2590 3779 in
2654 3722 2917 3777 vicesimo
2973 3730 3163 3773 octavo
3224 3718 3409 3788 synodi

1866 3821 2313 3879 Chalcedonensis
2355 3832 2560 3871 canone
2594 3813 2924 3881 interpretati
2967 3826 3173 3873 sumus,
3209 3819 3265 3862 ut
3309 3823 3410 3860 non

1868 3910 2109 3971 honoris,
2134 3908 2226 3963 sed
2257 3905 2510 3973 temporis
2541 3914 2782 3969 respectu
2816 3902 3087 3954 secundus
3118 3917 3143 3949 a
3179 3898 3417 3950 Romano

1867 4003 2189 4057 collocetur.
2228 3997 2318 4051 Sic
2350 3998 2529 4063 itaque
2552 4005 2605 4048 et
2638 3994 2727 4047 hic
2761 3992 3161 4060 intelligendum
3188 3998 3265 4042 est
3294 4005 3421 4053 prte-

1865 4091 2214 4162 positionem,
2251 4098 2394 4157 post,
2432 4096 2642 4151 tempus
2669 4083 2930 4145 indicare,
2977 4096 3082 4133 non
3119 4089 3294 4132 autem
3324 4080 3419 4131 ho~

1868 4196 2075 4236 norem.
2124 4180 2252 4232 Nam
2306 4187 2423 4246 post
2458 4191 2627 4230 annos
2676 4174 2868 4228 multos
2910 4172 3130 4241 aequalia
3170 4170 3422 4224 Romamn

1868 4275 2119 4330 Ecclesiae
2146 4274 2374 4327 obtinuit
2410 4272 2635 4323 thronus
2671 4270 2757 4323 hic
2794 4265 3419 4333 Constantinopolitan-ts

1870 4365 2182 4435 privilegia;
2218 4378 2284 4415 eo
2317 4362 2461 4431 quod
2494 4358 2718 4429 imperio
2747 4367 2800 4411 et
2863 4366 3050 4409 senatu
3088 4357 3200 4408 hate
3232 4354 3420 4407 civitas

1870 4459 2125 4511 honorata
2160 4465 2264 4519 est,
2296 4452 2590 4522 mqualibus
2630 4449 2797 4505 veteri
2837 4448 3019 4502 Roma:
3068 4445 3264 4516 gaudet
3314 4444 3423 4512 pri-

1797 4546 1843 4602 D
1872 4545 2100 4613 vilegiis.

2379 4735 2517 4791 CAN
2530 4732 2620 4788 ΟΝ
2658 4729 2925 4787 XXXVII.

1877 4852 1896 4884 ι
1933 4831 2193 4897 Quoniam
2250 4829 2480 4882 diversis
2530 4825 2859 4892 temporibus
2909 4821 3202 4877 barbarica:
3247 4820 3424 4875 incur-

1952 4948 1968 4976 ‹
2009 4927 2185 4981 siones
2218 4924 2386 4984 fuere,
2420 4930 2476 4976 et
2505 4938 2569 4975 ex
2599 4936 2663 4975 eo
2697 4920 2938 4989 plurimae
2964 4918 3209 4972 civitates
3229 4913 3422 4971 abfui-

1946 5042 1964 5072 t
2008 5021 2127 5090 quis
2165 5021 2478 5089 subjugataz,
2528 5028 2585 5069 ut
2625 5018 2740 5071 ideo
2777 5031 2882 5068 non
2926 5014 3092 5080 mssit
3140 5011 3255 5079 ejus
3295 5012 3423 5063 civi-

1943 5135 1959 5163 ‹
2006 5113 2127 5167 tatis
2155 5112 2369 5181 pmsul,
2414 5118 2692 5177 postquam
2728 5106 3005 5159 ordinatus
3036 5104 3231 5165 fuerit,
3267 5119 3418 5155 suum

1951 5226 1968 5254 ε
2010 5207 2259 5259 thronum
2310 5188 2595 5270 occupare,
2641 5207 2695 5252 et
2742 5197 2791 5249 in
2823 5195 3135 5250 sacerdotali
3178 5204 3316 5248 statu
3368 5194 3417 5245 itt

1946 5317 1961 5344 ι
2002 5312 2067 5349 eo
2089 5294 2332 5349 collocari
2355 5333 2369 5353 ,
2402 5303 2456 5345 et
2485 5292 2563 5344 sic
2590 5306 2683 5359 pro
2708 5305 2769 5343 ea
2800 5305 2918 5359 qua:
2948 5288 3169 5342 invaluit
3194 5300 3415 5339 consue-

1948 5412 1960 5437 ι
2007 5389 2207 5450 tudine,
2227 5386 2590 5437 ordinationes
2612 5391 2664 5435 et
2685 5381 2863 5434 omnia
2883 5395 3002 5449 qua:
3025 5380 3089 5431 ad
3114 5378 3415 5446 episcOpum

1944 5498 1960 5526 ι
2000 5478 2293 5544 pertinent,
2328 5490 2487 5542 agere
2524 5485 2576 5525 et
2621 5482 2855 5525 tractare
2891 5490 2904 5526 :
2941 5484 3036 5525 nos
3067 5470 3321 5523 honorent
3352 5482 3415 5519 ac

1945 5589 1963 5617 ι
2007 5568 2398 5621 venerationem
2423 5563 2725 5619 sacerdotio
2753 5572 3050 5623 servantes,
3080 5569 3136 5615 et
3163 5558 3410 5629 gentiiem

1942 5683 1955 5708 ι
1997 5660 2241 5727 iniuriam
2266 5671 2595 5722 nequaquam
2622 5655 2687 5707 ad
2708 5652 3186 5708 ecclesiasticorum
3215 5649 3414 5718 jurium

1951 5776 1963 5798 ι
2008 5752 2294 5818 perniciem
2341 5763 2494 5814 posse
2536 5746 2827 5815 quidquam
2858 5761 3017 5813 agere
3049 5743 3308 5803 volentes,
3337 5743 3416 5792 eis

1947 5874 1957 5888 ι
2000 5841 2090 5909 qui
2149 5841 2227 5893 sic
2280 5837 2513 5893 ordinati
2570 5846 2715 5898 sunt,
2760 5845 2814 5890 et
2844 5844 3061 5905 propter
3106 5831 3413 5901 pradictaut
