4240 6442
138 358 233 419 ﬁll

1078 350 1147 409 IN
1193 350 1355 409 CAN.
1398 349 1665 409 XXXVII
1703 348 1907 410 CONC.
1945 352 2024 412 IN
2065 355 2385 417 TRULLO.

3283 364 3386 419 (ἱίὲ

3332 400 3387 423 Ιιέι

142 491 205 521 :1
237 468 516 538 προσόντα
550 468 732 528 αὐτοῖς
784 467 1121 536 ἡγουμενεῖα
1162 466 1256 517 καὶ
1311 465 1581 529 ἀδελφάτα
1617 466 1711 516 καὶ
1745 478 1759 522 Α

1773 489 1785 524 ι
1813 468 1968 521 electi
1998 479 2141 531 sunt,
2169 472 2364 522 habere
2393 472 2442 523 in
2472 480 2745 539 posterum
2777 472 3220 526 monasteriorum
3249 490 3385 539 pra--

139 564 393 629 ολφφίκιω
430 563 549 629 ἣτις
623 560 735 629 ἔχει
789 560 926 610 κατά
978 558 1130 626 ῥῆμα
1160 556 1366 617 οὓτωςο
1405 557 1715 636 ςΛνέμαθεν

141 664 175 725 η
207 656 465 723 βασιλεία
498 672 623 723 μου,
655 655 925 719 ἁγιωτατε
959 650 1197 702 δέσποτά
1246 666 1346 715 μου
1379 650 1472 699 καὶ
1534 649 1715 698 οἰκου-

147 750 338 815 μενικὲ
372 748 711 819 πατριάρχα,
746 746 827 796 ὅτι
853 742 961 794 τῶν
986 744 1043 793 ἐν
1073 743 1191 801 ταῖς
1220 741 1313 789 τοῦ
1334 739 1467 790 Θεοῦ
1520 739 1718 805 ἐκκλη-

149 840 288 901 σίαις
366 838 565 905 ψήφων
621 831 1089 904 προϐαινουσῶνμ
1129 826 1429 887 civi-:3th
1497 829 1573 887 εἰς
1620 828 1716 887 τάς

140 933 361 1000 ψήφους
449 910 825 993 ἐπιλεγέντῶκῗ
892 920 1349 1001 ἠγουμβνξύοντες
1427 919 1484 968 ἐν
1550 935 1715 989 μονα-

146 1024 395 1091 στηρίοις
454 1020 550 1073 καὶ
597 1014 1101 1085 οἰκονομοῦντες,ἣ
1164 1014 1259 1063 καὶ
1311 1013 1504 1080 ἐτέρας
1565 1012 1715 1070 τινὰς
1772 1008 1789 1040 ‘

144 1110 457 1180 ὑπηρεσίας
511 1104 938 1183 διενεργοῦντες,
996 1104 1089 1183 καί
1120 1101 1306 1163 ἁπλῶς
1356 1100 1717 1167 τυγχάνοντες

152 1205 421 1272 μοναχοὶ,
460 1202 639 1271 ἕτεροι
668 1200 724 1251 δὲ
755 1199 811 1280 ἓν
844 1214 902 1249 τε
933 1198 1001 1265 τῇ
1051 1196 1173 1280 τοῦν
1198 1194 1331 1246 Θεοῦ
1373 1194 1599 1263 Μεγάλῃ
1629 1194 1719 1243 ὲκ-

143 1297 351 1365 κλησίᾳ
379 1294 474 1346 καὶ
501 1295 560 1346 ἐν
596 1274 831 1361 ἐτέραιξ,
868 1288 978 1341 ἀπό
1005 1306 1063 1341 τε
1088 1274 1358 1355 ὑφ’φικίων
1386 1286 1480 1338 καὶ
1514 1285 1717 1354 ἐτέρων

145 1387 313 1437 τινῶν
336 1383 689 1453 λειτουργιῶν
708 1383 777 1434 τά
810 1381 1036 1451 ζωαρκῆ
1066 1380 1415 1447 κεκτημένοι,
1441 1378 1601 1445 δυσχε
1613 1377 1737 1446 ρῶςιΔ

145 1481 337 1545 ἔχουσι
375 1477 465 1528 τὸν
498 1476 596 1543 τῆς
636 1474 935 1543 ἱερωσύνης
959 1470 1126 1535 ζυγὸν
1159 1469 1271 1535 (20)
1310 1468 1584 1532 ὑπελθεῖν,
1621 1468 1717 1519 καὶ

148 1571 273 1629 ταῖς
320 1566 640 1635 ἐκκλησίαις
698 1554 1065 1631 ἐπιστλᾶτῆσαι
1103 1554 1190 1620 αἷς
1243 1557 1717 1627 ἐπεκηρύχθησαν,

149 1661 391 1722 δεδιότες
449 1661 682 1729 μήποτε,
718 1657 827 1709 τῶν
860 1654 1118 1706 τοιούτων
1172 1651 1481 1719 ἐκκλησιῶν
1504 1653 1562 1703 ὲν
1604 1651 1719 1711 τοῖς

140 1754 245 1820 τῆς
279 1750 571 1819 ’Δνατολῆς
609 1749 799 1818 μέρεσι
831 1745 1211 1813 διακειμένων,
1242 1742 1544 1811 ἐπιλείψειε
1600 1741 1720 1793 τού-

144 1863 264 1908 τοις
294 1843 364 1899 τὰ
394 1845 665 1911 ἀναγκαῖα
692 1859 703 1872 ·
740 1841 836 1893 ἆτε
862 1838 968 1890 τῶν
1002 1838 1099 1907 μὲν
1126 1839 1181 1887 ἐν
1210 1830 1299 1897 αἷς
1346 1832 1719 1903 ἐπεψηφίσθη-

144 1955 249 1989 σαν
290 1934 599 2004 ἐκκλησιῶν
656 1932 835 2002 πάντη
892 1928 1286 1999 τυγχανουσῶν
1344 1927 1567 1996 ἀπόρων
1621 1927 1716 1978 καὶ

142 2024 515 2096 ἀπροσϐάτων
560 2024 745 2085 αὑτοῖς
776 2021 1078 2082 παντελῶς,
1138 2020 1514 2087 στερουμένων
1539 2015 1595 2069 δὲ
1625 2016 1719 2068 καὶ

145 2118 357 2178 αὐτῶν,
382 2117 470 2169 διά
504 2115 561 2167 τὸ
594 2116 697 2182 τὴν
727 2111 1051 2166 ἐπιστασίαν
1082 2109 1289 2162 τούτων
1346 2106 1712 2167 ὑπεισελθεῖν,

144 2214 257 2265 τῶν
280 2208 601 2280 προσουσῶν
626 2208 811 2269 αὑτοῖς
844 2203 1225 2275 ἡγουμενειῶν
1250 2200 1345 2253 καὶ
1371 2198 1716 2266 οἰκονομιῶν,

146 2303 245 2355 καὶ
267 2302 472 2369 ἐτέρων
504 2296 873 2367 λειτουργιῶν,
923 2296 1021 2347 καὶ
1049 2294 1161 2345 τῶν
1184 2291 1461 2352 ἁπλοϊκῶς
1491 2290 1717 2358 λεγομὲο

150 2390 673 2459 νωνάδελφάτωνῆ
711 2389 803 2440 καὶΙ
843 2385 1131 2455 ὀφφικίων,
1166 2385 1259 2437 καὶ
1308 2382 1507 2451 ἐτέρων
1554 2382 1719 2433 τινῶν

146 2482 493 2553 ὑπηρεσιῶν.
524 2479 827 2548 Διορίζεται
885 2478 1068 2529 τοίνυν
1107 2478 1138 2543 ἡ
1188 2474 1438 2543 βασιλεία
1471 2491 1596 2542 μου,
1640 2474 1719 2524 οἰ-

147 2571 432 2642 κονομικῷ
470 2588 577 2623 τινι
626 2570 766 2638 λόγῳ
826 2566 1176 2620 διευθετοῦσα
1224 2566 1292 2617 τά
1342 2565 1461 2616 κατ’
1498 2564 1715 2627 αὑτοὺς,

153 2666 232 2735 μή
282 2680 407 2717 τινα
434 2662 638 2716 τούτων
661 2662 797 2730 μετά
846 2659 1023 2713 ταῦτα
1056 2657 1433 2725 δυσχεραίνειν
1464 2656 1540 2725 τῷ
1568 2653 1719 2723 ζυγῷ

148 2756 253 2823 τῆς
279 2751 692 2823 ἀρχιερωσύνης
736 2749 1089 2816 ὑποδραμεῖν.
1150 2748 1357 2808 Πάντες
1416 2746 1524 2814 γάρ
1572 2739 1719 2798 οὗτοι

151 2843 635 2898 καταπολαύσουσι
690 2844 783 2893 καὶ
846 2839 1011 2892 πάλιν
1040 2838 1150 2890 τῶν
1197 2836 1516 2906 προσουσῶν
1536 2838 1719 2897 αὑτοῖς

153 2932 533 3001 ήγουμενειῶν
592 2947 652 2983 τε
704 2930 797 2981 καὶ
856 2926 1198 2998 οἰκονομιῶν,
1256 2927 1367 2977 τῶν
1423 2926 1630 2996 ἐτέρων
1658 2943 1715 2979 τε

152 3020 474 3092 ὑπηρεσιῶν
516 3022 610 3074 καὶ
640 3020 997 3090 λειτουργιῶν
1049 3021 1144 3071 καὶ
1164 3019 1460 3085 ὀφφικίων,
1493 3018 1716 3070 καὶτῶν

151 3209 278 3270 λίας
327 3205 777 3275 ὑπεισερχόμενοι
835 3202 1034 3269 λόγον,
1085 3205 1178 3253 καὶ
1229 3200 1326 3270 τὴν
1389 3200 1718 3253 τελειοποιδν

154 3295 315 3360 τάξιν
348 3295 760 3363 ἀναδεξάμενοι,
818 3293 908 3345 καὶ
934 3291 1044 3344 τῶν
1072 3291 1167 3343 ἀπ’
1193 3291 1417 3343 ἐκείνων
1440 3293 1719 3361 προσόδων

153 3387 653 3451 κατεξουσιάσουσι
704 3386 898 3455 μέχρις
925 3384 990 3435 ἂν
1020 3384 1202 3436 ἄνεσιν
1233 3382 1466 3445 λάϐοιεν,
1500 3387 1589 3435 καὶ
1608 3384 1721 3437 ἀπὸ

153 3483 254 3547 τῆς
286 3479 382 3531 νῦν
410 3478 739 3547 δυσκληρίας
772 3477 1100 3529 κατασταῖεν
1135 3475 1271 3542 πρὸς
1302 3476 1597 3542 εὐκληρίαν
1622 3478 1721 3545 τὴν

155 3571 270 3623 τῶν
304 3568 771 3639 ἐπιψηφίσθεισῶν
802 3568 987 3627 αὐτοῖς
1021 3565 1346 3633 ἐκκλησιῶν,
1376 3567 1447 3627 ῶς
1477 3567 1716 3633 εἴρηται,

162 3660 381 3715 ἀϐάτων
408 3658 581 3711 οὐσῶν
610 3658 840 3717 τούτοις,
869 3656 942 3717 ὼς
974 3655 1079 3707 ὑπὸ
1126 3657 1233 3708 τῶν
1276 3655 1533 3724 ἐχθίστων
1590 3673 1724 3708 κατ-

160 3753 439 3821 εχομένων
494 3748 723 3820 ἐχθρῶν.
786 3746 935 3817 Πλὴν
981 3749 1047 3800 τά
1096 3747 1331 3800 ἐνταῦθα
1390 3747 1725 3817 διωρισμένα

160 3846 317 3915 παρά
351 3848 450 3911 τῆς
502 3841 778 3912 βασιλείας
817 3856 918 3909 μου
950 3841 1049 3892 οὑκ
1097 3840 1321 3891 ἐπὶτῶν
1367 3839 1722 3908 ἀρχοντικίων

162 3936 428 4002 κρατήσει
459 3937 554 3985 καὶ
608 3932 715 3985 τῶν
743 3930 967 4002 βαθμῶν
994 3930 1103 3982 τῶν
1171 3930 1362 3998 ίερέων
1383 3947 1441 3983 τε
1494 3933 1585 3983 καὶ
1612 3933 1717 3983 τῶν

162 4024 429 4078 διακόνων
461 4022 684 4077 καὶτῶν
713 4022 916 4075 λοιπῶν
946 4021 1042 4073 τοῦ
1100 4020 1302 4090 κλήρου
1331 4024 1428 4091 τῆς
1457 4022 1549 4074 τοῦ
1583 4022 1715 4075 Θεοῦ

1820 560 2077 619 focturas,
2111 568 2164 612 et
2204 562 2594 623 l‘ratcrnitates,
2628 571 2680 613 et
2712 561 2905 622 cilicia,
2954 567 3017 614 ad
3053 564 3174 616 illos
3220 580 3388 629 per-i-

1819 650 2022 700 tientia.
2055 648 2184 711 Quae
2227 650 2486 703 verbatim
2528 653 2604 702 sic
2636 664 2693 701 se
2728 650 2887 702 habet
2928 665 2942 705 :
2984 649 3181 701 Didicit
3218 653 3383 717 impc-

1819 755 1845 791 r
1866 740 1963 792 alis
1983 756 2097 792 mea
2118 738 2375 809 potestas,
2398 742 2735 793 sanctissime
2760 742 2971 793 domine
2993 753 3044 793 et
3068 745 3389 797 universalis

1818 832 2147 897 patriarcha,
2200 832 2340 900 quod
2388 845 2507 881 cum
2562 832 2613 883 in
2663 831 2752 883 bei
2810 830 3047 883 Ecclesia
3096 832 3386 884 electiones

1820 926 2137 990 procedant,
2180 924 2397 991 quidam
2426 937 2633 983 eorum,
2664 925 2754 990 qui
2791 923 2946 976 electi
2990 935 3137 985 sunt,
3172 924 3223 976 in
3270 941 3353 975 mn

1825 1013 2082 1065 nasteriis
2133 1006 2495 1079 gubernantes
2542 1026 2596 1063 et
2653 1017 2841 1065 domus
2896 1014 3387 1065 administrationis

1829 1120 2012 1155 curam
2046 1082 2430 1171 gerentes,‘vel
2468 1102 2767 1167 aliaﬂetiam
2804 1104 3098 1156 ministeria
3131 1120 3389 1159 exercen-

1823 1202 1923 1251 les.
1971 1203 2023 1247 ct
2062 1194 2286 1246 omnino
2319 1178 2565 1247 monachi
2616 1196 2958 1257 eXsistentes,
3007 1196 3095 1248 alii
3128 1208 3303 1249 autem
3333 1198 3383 1249 in

1828 1285 2013 1357 Magna
2064 1288 2153 1339 Dei
2201 1287 2453 1349 ecclesia,
2487 1298 2538 1339 et
2597 1289 2645 1340 in
2680 1289 2819 1353 aliis,
2857 1305 2921 1343 ex
2963 1290 3154 1345 oﬂiciis
3184 1302 3238 1344 et
3267 1295 3385 1347 aliis

1823 1374 2131 1427 muneribus
2161 1376 2603 1441 ac,ministeriis,
2653 1394 2713 1431 ea
2748 1394 2867 1447 quae
2904 1382 3067 1434 victui
3118 1382 3388 1437 suﬂiciunt

1830 1466 2187 1531 possidentes,
2222 1483 2365 1535 :cgre
2411 1470 2589 1521 lerunt
2618 1472 2920 1535 pontiﬁcale
2949 1474 3133 1559 jugpm
3179 1478 3385 1539 subire.

1821 1566 1873 1609 ct
1914 1558 2022 1612 illis
2067 1559 2313 1611 ecclesiis
2343 1575 2594 1629 praeesse,
2642 1562 2692 1614 in
2726 1578 2858 1630 quas
2901 1558 3194 1622 renuntiati
3238 1580 3382 1628 sunt,

1766 1726 1772 1733 ‘
1822 1651 1983 1703 Veriti
2010 1665 2077 1703 ne
2105 1667 2225 1703 cum
2251 1653 2512 1720 ejusmodi
2542 1655 2793 1709 eccles‘aa.
2811 1658 2858 1710 in
2884 1656 3120 1713 Orientis
3147 1661 3385 1727 partibus

1824 1744 1952 1803 sint.
2002 1744 2079 1796 eis
2114 1748 2422 1799 necessaria
2465 1747 2683 1813 desint;
2732 1760 2936 1817 utpote,
2984 1769 3103 1805 cum
3148 1756 3387 1808 ecclesim

1824 1836 2063 1903 quidem,
2094 1838 2143 1888 in
2172 1822 2381 1905 quibus
2404 1838 2557 1892 electi
2586 1852 2734 1905 sunt,
2763 1843 3051 1897 admodum
3087 1848 3387 1913 indigentes

1825 1933 1933 1985 sint
1962 1942 2017 1984 et
2048 1932 2151 1985 illis
2186 1933 2412 1986 omnino
2448 1935 2755 1999 iiiaccessm,
2795 1939 3073 2005 priventnr
3118 1952 3296 1994 autem
3333 1954 3385 1994 ιιι

1829 2022 1951 2089 ipsi,
1986 2038 2049 2077 eo
2075 2025 2218 2091 quod
2256 2024 2465 2078 illarum
2497 2042 2677 2079 curam
2704 2030 3021 2097 suscipiant,
3059 2033 3386 2096 praetieinris

1824 2124 1878 2169 et
1904 2117 2244 2180 tecouomiis,
2275 2132 2393 2185 qua:
2424 2120 2525 2172 sibi
2561 2120 2778 2178 adsunt.
2810 2131 2860 2172 et
2892 2121 3009 2174 aliis
3042 2124 3382 2186 muneribus,

1825 2214 1878 2258 et
1926 2204 2012 2266 iis,
2059 2220 2177 2274 quin
2226 2207 2541 2275 simpliciter
2591 2207 2849 2260 dicuntur
2895 2209 3277 2271 fraternitates,
3333 2221 3389 2261 et

1823 2294 2034 2361 oﬂiciis,
2067 2306 2121 2349 et
2163 2297 2483 2365 quibusdam
2520 2299 2639 2353 aliis
2675 2298 3009 2352 ministeriis.
3045 2298 3155 2352 Mea
3208 2300 3387 2367 itaque

1825 2389 2010 2441 statuit
2045 2388 2341 2455 imperialis
2377 2401 2634 2458 potestas,
2676 2406 2759 2451 ea,
2794 2406 2911 2458 qua:
2946 2391 3010 2442 ad
3046 2392 3189 2457 ipsos
3219 2397 3385 2457 perti-

1827 2489 1974 2541 nent,
2020 2478 2383 2545 dispensativa
2431 2482 2665 2549 quadam
2725 2484 2931 2535 ratione
2978 2484 3289 2552 disponens,
3324 2500 3388 2535 ne

1825 2567 1943 2632 quis
1991 2568 2213 2635 posthac
2262 2568 2575 2634 pontificale
2616 2568 2803 2635 jugum
2854 2569 3035 2623 subire
3070 2582 3302 2624 recuset.
3349 2572 3385 2624 Ii

1822 2656 1963 2708 enim
2009 2670 2193 2709 omnes
2238 2658 2400 2709 etiam
2451 2673 2636 2711 rursus
2680 2658 2930 2711 fruentur
2980 2658 3078 2723 iis,
3126 2677 3242 2728 quae
3287 2660 3385 2716 sibi

1824 2748 2039 2810 adsunt,
2064 2747 2420 2816 praefecturis,
2450 2759 2504 2803 et
2526 2752 2864 2815 oeconomiis,
2895 2762 2950 2806 et
2976 2752 3096 2806 aliis
3128 2756 3253 2807 item
3290 2756 3387 2806 mi-

1825 2839 2065 2892 nisteriis
2090 2854 2152 2892 ac
2178 2842 2492 2895 muneribus
2518 2852 2570 2893 et
2598 2841 2809 2905 olliciis,
2839 2851 2893 2895 et
2919 2858 3037 2910 qua:
3070 2844 3172 2894 illis
3196 2846 3390 2898 adsunt

1826 2928 2190 2983 fraternitates
2236 2946 2249 2982 :
2301 2940 2355 2983 et
2410 2932 2666 2984 doctrina:
2725 2931 2989 2984 rationem
3054 2932 3385 2998 subeuntes,

1780 3024 1792 3038 ‘
1824 3020 2130 3086 perliciente
2181 3035 2209 3072 a
2256 3034 2315 3074 se
2363 3031 2615 3089 suscepto
2668 3022 2876 3085 ordine,
2925 3022 3136 3076 illorum
3180 3038 3390 3091 quoquc

151 3116 475 3187 προσόντων
500 3114 683 3177 αὑτοῖς
713 3111 1029 3178 άδελφάτων
1051 3126 1064 3140 ’
1106 3110 1199 3162 καὶ
1224 3110 1315 3162 τὸν
1342 3112 1442 3176 τῆς
1466 3110 1717 3163 διδασκα-
1747 3152 1789 3209 C

1825 3111 2026 3164 reditus
2058 3110 2220 3164 libere
2258 3113 2572 3179 percipient,
2612 3112 2782 3165 donec
2829 3115 3198 3167 remissionem
3231 3131 3388 3168 acce-

1823 3201 2017 3270 perint,
2039 3201 2180 3255 etab
2200 3216 2284 3265 ea,
2307 3216 2426 3269 qum
2458 3216 2597 3255 nunc
2625 3214 2729 3263 est,
2759 3203 2884 3255 cieri
2909 3206 3222 3258 calamitosa
3242 3216 3389 3257 sorte

1826 3295 1892 3346 ad
1922 3293 2195 3347 meliorem
2219 3294 2349 3347 cleri
2376 3308 2680 3347 successum
2711 3294 2788 3347 eis
2812 3296 3185 3365 attributarum
3213 3295 3389 3346 eccle-

1825 3386 2047 3449 siarum,
2084 3402 2202 3453 qua:
2240 3386 2306 3439 ab
2333 3386 2432 3450 eis,
2468 3395 2524 3438 ut
2561 3387 2693 3449 dixi,
2739 3387 2870 3438 adiri
2912 3402 3020 3440 non
3053 3396 3298 3454 possunt,
3334 3395 3391 3439 ut

1827 3491 1957 3544 qua
1987 3479 2054 3530 ah
2087 3479 2455 3531 infestissimis
2500 3487 2783 3561 teneantur
2821 3478 3082 3540 hostibus,
3134 3492 3389 3546 pervene-

1830 3569 1954 3623 rint.
1987 3569 2115 3631 Sed,
2147 3584 2264 3638 qua:
2298 3584 2327 3622 a
2360 3584 2474 3622 mea
2500 3562 2761 3636 imperiali
2800 3578 3063 3637 potestate
3092 3572 3382 3623 constituta

1831 3672 1978 3724 sunt,
2024 3662 2199 3714 locum
2247 3674 2354 3713 non
2394 3660 2663 3713 habebunt
2708 3661 2758 3712 in
2798 3658 2985 3713 ciliciis
3023 3660 3099 3714 vel
3138 3662 3389 3728 gradibus

1830 3754 2165 3807 sacerdotum
2230 3762 2284 3806 et
2352 3754 2703 3806 diaconorum
2766 3761 2822 3807 et
2874 3763 3193 3817 ceterorum
3254 3752 3384 3806 cleri

1831 3845 2031 3914 Magnae
2064 3846 2153 3899 Dei
2192 3846 2452 3900 ecclesize.
2486 3845 2629 3897 Pone
2658 3858 2787 3912 ergo
2826 3854 3140 3911 praesentem
3173 3847 3384 3897 consti-

1830 3938 2089 3989 tutionem
2137 3937 2187 3989 in
2241 3935 2515 3989 codicibus
2568 3933 2996 4004 chartophylacii
3052 3934 3252 4004 Magnae
3293 3933 3384 3986 Dei

1825 4027 2085 4081 ecclesiaa.

163 4121 423 4189 Μεγάλης
462 4119 774 4190 ἐκκλησίας.
832 4117 1228 4207 Κατάστρχωσον
1285 4116 1376 4170 οῦν
1432 4118 1493 4171 τὸ
1538 4125 1709 4190 παρὸν
1734 4124 2015 4176 πιττάκιον
2038 4124 2095 4174 ἐν
2122 4124 2234 4183 τοῖς
2266 4121 2452 4188 κώόιξι
2488 4121 2582 4174 τοῦ
2632 4119 3074 4191 χαρτοφυλακίου
3130 4119 3223 4187 τῆς
3292 4115 3387 4169 τοῦ

163 4216 303 4271 Θεοῦ
332 4214 587 4283 Μεγάλης
620 4210 936 4281 ἐκκλησία;.

239 4306 481 4361 ΖΩΝᾹΡ.
536 4303 675 4363 Τοὺς
714 4299 1007 4370 κληθέντας
1068 4299 1146 4361 εἰς
1195 4297 1324 4351 λαοῦ
1353 4300 1709 4368 προστασίαν,
1751 4308 1759 4361 ι

1773 4309 1791 4360 )
1902 4299 2151 4354 ZONAB.
2196 4300 2295 4365 Qui
2340 4302 2675 4368 assignatum
2710 4300 3047 4369 prchectnrae
3079 4317 3270 4353 munus
3298 4304 3389 4355 de-

90 4364 105 4377 ,
168 4400 267 4454 καὶ
294 4398 369 4469 μὴ
401 4394 752 4463 πειθομένους
800 4364 1073 4451 ἀπελθεῖν,
1128 4364 1432 4459 ἀφορίζει-ό
1461 4390 1724 4443 ἑπτακαι-

168 4492 397 4549 δέκατος
444 4486 542 4555 τῆς
564 4486 621 4536 ἐν
657 4483 966 4551 Ἀντιοχείᾳ
1019 4480 1236 4532 συνόδου
1286 4478 1486 4532 κανών.
1513 4481 1647 4542 Τοὺς
1668 4484 1725 4535 δὲ

170 4576 675 4651 χειροτονηθέντας,
716 4574 793 4643 μὴ
846 4572 1177 4632 ἀπελθόντας
1199 4571 1274 4634 δὲ,
1300 4572 1357 4622 ού
1389 4570 1519 4641 παρ’
1544 4574 1723 4626 αἰτίαν

168 4673 399 4733 οἰκείαν,
429 4668 544 4724 ἀλλ’
575 4668 609 4738 ἢ
644 4667 732 4720 διά
775 4666 875 4737 τὴν
907 4663 1001 4717 τοῦ
1045 4662 1174 4716 λαοῦ
1206 4661 1557 4732 παραίτησιν,
1591 4664 1724 4733 ἢδι⁹

172 4768 369 4834 ἐτεραν
401 4761 578 4816 αἰτίαν
606 4760 706 4813 οὐκ
737 4759 797 4824 ἐξ
845 4757 1024 4811 αὑτῶν
1053 4753 1372 4823 γενομένην,
1403 4756 1431 4806 ὀ
1458 4753 1725 4808 ὀκτωκαι-

171 4860 400 4917 δέκατος
445 4855 541 4924 τῆς
594 4853 762 4922 αὐτῆς
812 4849 1036 4917 συνόδου
1090 4847 1270 4900 κανὼν
1330 4846 1575 4915 μετέχειν
1633 4850 1727 4917 τῆς

172 4947 343 5017 τιμῆς
371 4945 465 4999 καὶ
493 4946 590 5013 τῆς
638 4940 979 5010 λειτουργίας
1040 4936 1273 4991 κελεύει.
1301 4936 1469 4990 Τοῦτο
1499 4936 1565 5008 δὴ
1592 4937 1730 4990 πλα-

171 5041 397 5107 τύτερον
425 5035 521 5089 καὶ
560 5034 589 5085 ὁ
621 5032 810 5103 παρὼν
856 5030 1098 5093 θεσπίζει
1154 5028 1355 5090 κανὼν,
1411 5028 1584 5096 λέγων
1629 5028 1726 5092 ῶς,

175 5132 272 5185 ἐάν
308 5144 393 5190 τις
422 5128 500 5189 εἰς
524 5124 826 5193 ἐπισκοπὴν
860 5120 1154 5192 προαχθεὶς
1204 5122 1277 5189 μὴ
1327 5118 1529 5188 δυνηθῇ
1561 5120 1731 5171 ἀπελ.

178 5224 292 5275 ⁶ὶεῖν
324 5221 404 5283 εἰς
442 5218 540 5289 τὴν
570 5214 845 5285 λαχοῦσαν
872 5213 1036 5267 αὑτὸν
1065 5212 1241 5274 πόλιν,
1285 5211 1389 5264 ὑπὸ
1436 5210 1733 5281 Βαρϐάρων

179 5314 309 5373 ἴσως
366 5306 757 5378 κατεχομένην,
781 5306 809 5358 δ
834 5302 1075 5367 τοιοῦτος
1100 5302 1244 5356 ἀπαν
1271 5302 1381 5366 ἕξει
1436 5292 1731 5371 προνόμιον

1832 4391 2063 4457 lugiunt,
2109 4390 2460 4443 Antiochense
2510 4392 2696 4458 synodi
2749 4390 2814 4443 l7
2847 4405 2966 4442 can.
3014 4404 3384 4459 segregantur.

1830 4484 1928 4549 Qui
1959 4496 2084 4534 vero
2120 4492 2363 4549 pastores
2399 4479 2713 4545 renuntiati,
2749 4496 2851 4532 non
2885 4482 3065 4549 aliquo
3099 4498 3197 4534 suo
3234 4484 3383 4545 vitio,

1829 4576 1923 4628 sed
1951 4572 2034 4625 vel
2063 4586 2090 4623 a
2118 4570 2455 4624 multitudine
2484 4572 2710 4634 exclusi,
2742 4574 2824 4626 vel
2852 4572 2953 4625 alia
2988 4589 3167 4636 causa,
3203 4576 3252 4626 in
3278 4590 3379 4642 (ιιι-ι

1829 4664 1981 4732 culpa
2025 4662 2123 4731 ipsi
2163 4671 2438 4724 Vacarent,
2485 4662 2743 4730 impediti,
2798 4662 3032 4718 muneris
3085 4667 3161 4718 sui
3207 4679 3386 4734 partes

1824 4757 1982 4807 obire
2017 4761 2342 4816 vetarentur,
2374 4752 2437 4805 iis
2472 4764 2527 4805 ut
2570 4756 2769 4807 honore
2800 4754 3144 4807 nihilominus
3188 4766 3240 4807 et
3282 4759 3382 4806 mi-

1834 4844 2039 4897 uistcrii
2068 4844 2438 4912 praarogativis
2459 4842 2559 4895 frui
2586 4844 2765 4907 liceat,
2797 4844 3001 4897 decimo
3024 4856 3215 4897 oetavo
3240 4843 3384 4910 ejus-

1831 4934 1951 4988 dem
1997 4935 2179 4997 synodi
2225 4950 2345 4989 can.
2399 4936 2767 4989 constitutum.
2820 4934 2964 4988 Idem
3010 4937 3109 4989 hoc
3158 4951 3383 4993 canone,

1833 5024 2003 5079 fusius
2050 5026 2313 5093 explicata
2359 5026 2763 5089 constitutione,
2801 5027 3125 5079 decernitur.
3172 5027 3229 5077 Si
3267 5042 3386 5093 quis

1832 5116 1996 5178 enim,
2032 5116 2221 5182 inquit,
2269 5116 2337 5168 ad
2380 5115 2744 5182 episcopatum
2776 5128 3014 5176 evectus,
3061 5116 3383 5169 destinatam

1838 5206 2264 5271 sibi’civitatem,
2293 5208 2483 5276 quippe
2514 5221 2542 5259 a
2580 5206 2836 5261 Barbarie
2868 5210 3008 5261 forte
3038 5219 3382 5276 occupatam,

1840 5299 1989 5353 obire
2019 5313 2127 5353 non
2159 5309 2342 5369 queat,
2376 5299 2556 5354 omnia
2592 5299 2639 5353 is
2667 5298 2964 5369 privilegia,
2998 5298 3098 5353 sibi
3143 5313 3237 5366 pro
3270 5315 3383 5350 inn-

1379 5433 1523 5496 Guil
1538 5434 1580 5495 l.
1627 5434 1951 5513 Beveregii
1981 5440 2163 5496 notis.

251 5568 366 5637 (20)
416 5568 529 5636 Τῆς
562 5568 889 5635 ἰερωσύνης
930 5564 1125 5633 ζυγόν.
1180 5561 1647 5637 Amerbachianus
1677 5568 1730 5613 et

178 5632 517 5693 [Bioniensis
541 5632 775 5712 codices
842 5632 974 5690 mss.
1006 5632 1227 5712 legunt
1272 5632 1687 5712 ἀρχιερωσύνης
1711 5670 1727 5694 ,

180 5724 345 5771 quam
380 5724 511 5762 sane
540 5709 825 5762 lectionem
862 5720 1057 5760 sensus
1084 5708 1311 5772 requirit
1338 5720 1350 5764 ;
1383 5717 1557 5768 neque
1585 5716 1726 5772 enim

186 5769 253 5833 de
287 5778 619 5833 sacerdotali
649 5816 664 5841 ,
696 5779 789 5831 sed
821 5776 1110 5845 episcopali
1138 5769 1266 5843 iugo
1308 5773 1394 5825 hic
1436 5774 1630 5841 agitur.
1668 5769 1729 5821 Et

1837 5562 2057 5631 quidem
2094 5562 2147 5615 in
2192 5576 2317 5615 vera
2346 5573 2446 5615 nac
2474 5568 2713 5631 lectione
2763 5576 2952 5615 omnes
2980 5561 3198 5615 codices
3226 5568 3383 5628 pauio

1836 5630 2205 5706 consentiunt,
2241 5632 2331 5688 ubi
2352 5630 2665 5701 αἰεὶκαὶ-,τῷ
2687 5631 2835 5702 ζυγῷ
2866 5633 2963 5701 τῆς
2980 5634 3383 5706 ἀρχιερωσύνης

1841 5705 2196 5775 ὑποδραμεῖν.
