4240 6442
144 361 253 426 645

1068 348 1148 406 IN
1188 345 1350 405 CAN.
1387 342 1697 403 XXXVIII
1734 339 1938 397 CON’C.
1992 338 2072 395 IN
2114 336 2433 395 TIIULLO.

3200 362 3201 365 η
3287 330 3391 391 Mli

148 473 445 542 σημείωμα
473 466 626 535 παρά
650 463 745 517 τοῦ
774 461 1019 531 ἀοιδίμου
1056 459 1317 530 βασιλέως
1344 456 1514 527 κυροῦ
1563 454 1716 506 ’Λλε-
1742 460 1790 514 Α
1821 468 1822 473 η

1742 460 1790 514 Α
1821 462 2081 509 tenorem,
2122 450 2261 513 quod
2292 462 2413 499 cum
2449 450 2762 513 metropolis
2790 441 2999 496 Basiltei
3033 450 3086 495 et
3119 451 3390 510 metropo-

149 563 261 626 ξίου
290 559 389 615 τοῦ
416 555 731 628 Κομνηνοῢ,
770 552 1137 619 διαλαμϐάνον
1164 550 1263 613 ὡς,
1298 550 1397 618 τῆς
1433 545 1709 618 μητροπό-

147 655 282 714 λεως
311 651 406 706 τοῦ
429 646 722 701 Βασιλαίου
750 646 846 700 καὶ
874 646 974 713 τῆς
1011 642 1398 712 μητροπόλεως
1449 637 1717 693 Μαδύτων

146 742 497 813 χηρευουσῶν
523 740 618 793 καὶ
654 736 967 809 μελλουσῶν
1020 734 1382 804 ψηφισθῆναι,
1440 731 1721 795 διανέστη-

151 852 247 886 σαν
277 834 329 885 οἱ
364 830 764 901 μητροπολίται
792 830 820 880 ό
852 826 1183 897 Ἡρακλείας
1230 824 1326 877 καὶ
1351 824 1380 875 ὁ
1428 820 1721 889 Ἀγκύρας,

149 928 242 978 καὶ
260 922 418 977 εἷπον
447 925 521 993 μὴ
552 921 793 991 ὀφείλειν
847 919 946 982 τὰς
975 918 1234 979 τοιαύτας
1270 916 1587 985 ἐκκλησίας,
1620 912 1723 965 κᾶν

145 1018 559 1088 ἐπιτιμηθησαν
578 1015 659 1086 τῷ
680 1017 782 1081 τῆς
818 1022 1206 1082 μητροπόλεως
1244 1010 1537 1078 ἀξιώματι,
1576 1004 1725 1075 παρὰ

147 1110 241 1161 τοῦ
278 1109 480 1180 μέρους
536 1109 638 1173 τῆς
697 1106 955 1179 Μεγάλης
1010 1104 1307 1174 ἐκκλησίας
1360 1100 1723 1171 ψηφισθῆναι,

145 1203 286 1255 ἀλλὰ
319 1202 451 1273 παρ’
508 1201 723 1255 αὐτῶν⁸
764 1202 851 1258 διὰ
877 1200 937 1251 τὺ
964 1199 1062 1268 τὴν
1118 1197 1218 1266 μὲν
1265 1193 1567 1263 ἐκκλησίαν
1616 1191 1726 1244 τῶν

150 1292 419 1346 Μαδύτων
474 1294 781 1361 ἐπισκοπὴν
826 1287 969 1346 εἶναι
1018 1287 1114 1342 τοῦ
1154 1286 1502 1359 Ἡρακλείας,
1545 1273 1643 1357 τὴν
1671 1284 1729 1337 δέ

152 1385 454 1451 ἐκκλησίαν
476 1384 570 1437 τοῦ
602 1384 890 1439 Βασιλαίου
949 1381 1255 1449 ἐπισκοπὴν
1286 1377 1426 1437 εἶναι
1456 1376 1552 1430 τοῦ
1597 1377 1729 1445 ’Δγ-

150 1479 350 1547 κύρας.
394 1477 771 1546 Χρησαμένων
808 1476 863 1531 δὲ
891 1475 1000 1527 τῶν
1029 1473 1285 1533 τοιούτων
1311 1469 1729 1540 μητροπολιτῶν

152 1573 247 1623 καὶ
274 1569 355 1637 τῷ
385 1569 453 1637 ιβ’
480 1568 672 1620 κανόνι
693 1566 793 1634 τῆς
821 1568 879 1618 ἐν
905 1564 1206 1634 Χαλκηδόνι
1235 1563 1475 1626 συνόδου,
1500 1561 1730 1630 διοριζοο

155 1660 309 1730 μένῳ
357 1658 624 1723 σώζεσθαι
678 1659 745 1726 τῇ
797 1656 924 1709 κατ’
984 1655 1240 1723 ἀλήθειαν
1303 1652 1633 1721 μητροπόλει
1663 1650 1733 1703 τὰ

148 1751 429 1820 προσόντα
456 1750 594 1819 αὐτῇ
626 1749 809 1801 δίκαια
862 1746 956 1801 ἐπὶ⁹
982 1748 1050 1815 τῇ
1080 1744 1375 1815 τιμηθείση
1444 1740 1730 1812 ἐκκλησίᾳ,

1822 542 1886 592 Iis
1915 538 2192 606 Madytana
2224 538 2396 589 vidua:
2427 546 2629 600 essent,
2663 542 2716 588 et
2746 534 3047 587 antistitum
3071 533 3389 585 electionem

1820 632 1938 686 ﬁeri
1986 638 2277 697 oporteret,
2315 637 2740 681 exsurrexerunt
2788 624 3149 679 Heracleauus
3194 636 3244 675 et
3277 627 3392 675 Au-

1821 739 2052 794 cyrauus
2098 722 2568 790 metropolitauus,
2609 729 2664 773 et
2710 719 2996 778 dixerunt,
3044 732 3146 769 uno
3195 715 3393 769 deherc

1823 832 1913 870 eas
1944 814 2221 875 eet-lesias,
2257 813 2469 866 etiamsi
2504 808 2878 876 metropolium
2911 807 3171 875 dignitate
3222 809 3389 859 honor

1824 920 1956 965 rata}
1987 915 2118 968 sint,
2158 924 2186 960 a
2234 907 2433 973 Magna.
2473 890 2730 959 ecelesiaz.
2751 902 2994 971 partibus
3040 916 3221 955 earum
3252 906 3394 953 anti-

1828 1003 2013 1056 stitum
2047 1001 2366 1055 electionem
2398 999 2699 1064 suscipere,
2727 1000 2820 1047 sed
2854 998 2919 1047 ah
2953 995 3080 1061 ipsis
3114 1014 3127 1047 :
3159 1010 3222 1046 eo
3250 996 3391 1062 quod

1825 1083 2105 1163 Madytana
2135 1091 2348 1159 quidem
2377 1090 2602 1144 ecclesia
2636 1089 2703 1141 sit
2728 1087 3006 1141 Heracleae
3029 1087 3395 1155 episcopatus,

1831 1185 2035 1239 Basilzci
2074 1195 2254 1238 autem
2290 1182 2516 1237 ecclesia
2561 1181 2632 1235 sit
2680 1180 2949 1248 Ancyrani
3001 1178 3395 1243 metropolitani

1830 1279 2196 1348 episcopatus.
2234 1274 2296 1328 Et
2327 1289 2448 1327 cum
2481 1274 2563 1327 usi
2606 1282 2790 1325 essent
2829 1270 2862 1324 ii
2896 1269 3293 1337 metropolitani
3334 1269 3399 1320 19.

1830 1383 2033 1425 canone
2066 1364 2519 1420 Chalcedonensis
2568 1362 2777 1433 synodi,
2831 1375 2950 1429 quae
2999 1360 3244 1413 decernit
3283 1375 3399 1411 ser—

1832 1461 2001 1514 vanda
2032 1474 2170 1513 verte
2205 1456 2484 1523 metropoli
2513 1456 2657 1521 jura,
2682 1469 2800 1523 qua:
2827 1454 2898 1505 illi
2933 1453 3127 1505 adsunt
3151 1454 3199 1504 in
3234 1453 3402 1505 hono-

1834 1560 1950 1605 rata
1977 1551 2202 1605 ecclesia
2230 1567 2244 1613 ;
2275 1549 2549 1601 decretmn
2588 1546 2687 1600 fuit
2716 1544 2992 1614 imperiale
3027 1545 3080 1597 in
3114 1544 3399 1612 praesentia

1835 1642 2046 1714 synodi,
2077 1657 2196 1709 quze
2228 1652 2353 1693 tunc
2387 1648 2524 1699 erat,
2556 1638 2940 1691 consentientis
2973 1652 3185 1703 unaque
3216 1638 3405 1689 decer-

1838 1735 2035 1797 uentis,
2066 1734 2226 1787 licere
2272 1732 2691 1802 imperatoribus
2734 1730 3100 1799 pontificalem
3151 1730 3401 1781 thronum

150 1817 449 1910 διάγνωσις
484 1817 677 1910 γέγονε
725 1837 983 1909 βασιλικὴ
1015 1838 1158 1890 κατὰ
1183 1834 1488 1905 παρουσίαν
1512 1832 1607 1885 καὶ
1635 1833 1738 1901 τῆς
1765 1848 1809 1903 Β

1731 1850 1738 1888 τ
1765 1848 1809 1903 Β
1835 1825 2081 1881 ecclesiis
2112 1823 2316 1891 largiri,
2345 1832 2398 1875 et
2423 1823 2767 1887 episcopatus
2802 1818 2880 1872 vel
2912 1817 3314 1884 archiepiscopa
3345 1830 3405 1867 ns

148 1936 278 1987 τότε
336 1933 916 2002 συνδιαγνωμονούσης
972 1930 1216 1988 συνόδου,
1267 1929 1555 1997 ἐφειμένον
1590 1920 1729 1977 εἶναι

148 2026 233 2097 τῷ
255 2027 468 2097 βασιλεῖ
494 2026 789 2097 προεδρίας
839 2024 1026 2093 θρόνον
1054 2024 1177 2084 ταῖς
1208 2020 1530 2078 ἐκκλησίαις
1574 2016 1731 2085 χαρί-

151 2120 370 2185 ζεσθαι,
407 2120 503 2172 καὶ
535 2120 649 2181 τὰς’
689 2116 1000 2179 ἐπισκοπὰς
1045 2116 1141 2170 καὶ
1168 2114 1269 2174 τὰς
1292 2110 1730 2181 ἀρχιεπισκοπάς

150 2220 239 2279 εἰς
276 2214 635 2286 μητροπόλεις
653 2212 875 2277 ἀνάγειν
897 2228 912 2243 ο
962 2212 1058 2264 καὶ
1089 2210 1159 2263 τὰ
1208 2208 1473 2277 περὶτῶν
1533 2206 1731 2275 ψήφων

152 2309 343 2362 αὐτῶν
376 2307 586 2375 καὶτῆς
639 2305 805 2375 ἄλλης
836 2303 1223 2371 διευθετήσεως
1259 2297 1571 2352 ὑποτυπούν
1593 2296 1732 2350 κατὰ

153 2404 224 2456 τὸ
272 2401 423 2471 αύτῷ
455 2401 701 2470 θελητὺν,
736 2399 810 2468 μὴ
858 2394 1276 2466 ἐμποδιζομένῳ
1308 2391 1447 2466 πρὸς
1486 2388 1647 2443 τοῦτο
1670 2393 1733 2443 ἐκ

153 2493 257 2547 τοῦ
291 2493 519 2554 κανόνος
562 2491 656 2544 τοῦ
689 2488 1065 2560 διοριζομένου
1125 2482 1493 2554 φυλάττεσθαι
1519 2484 1585 2552 τῇ
1625 2498 1733 2551 μη-

156 2584 421 2655 τροπόλει
447 2584 514 2635 τὰ
551 2581 693 2635 κατά
716 2559 817 2649 τῆς
856 2576 1187 2647 τιμηθείσης
1231 2559 1538 2642 ἐπισκοπῆς
1563 2588 1737 2643 προσ-

150 2677 291 2728 όντα
320 2676 459 2742 αὖτῇ
490 2673 731 2741 ἀρχῆθεν
761 2671 976 2722 δίκαια.
1016 2666 1128 2720 Καὶ
1161 2665 1436 2730 ἀνάγνωθι
1466 2663 1529 2714 τὸ
1559 2662 1739 2715 τοιοῦ-

155 2784 257 2819 τον
302 2764 599 2835 σημείωμα
656 2759 959 2831 ἐρμηνεῦον
1012 2756 1133 2818 πῶς
1177 2754 1382 2824 ὀφείλει
1414 2753 1649 2805 νοεῖσθαι
1678 2752 1741 2804 τὸ

157 2856 436 2922 σώζεσθαι
469 2856 537 2908 τὰ
564 2856 753 2907 δίκαια
792 2851 894 2921 τῆς
922 2849 1162 2911 παλαιᾶς
1215 2844 1621 2918 μητροπόλεως,
1646 2844 1742 2898 καὶ

162 2950 235 3002 τὸ
309 2948 383 3020 μὴ
461 2944 898 3015 κατατέμνεσθαι
956 2940 1055 3009 τὴν
1107 2940 1236 3009 μίαν
1303 2938 1577 3007 ἐπαρχίαν
1662 2938 1743 2997 είς

160 3041 284 3094 δύο.
343 3040 538 3108 Ἧμεῐς
563 3038 693 3105 γὰρ,
719 3034 808 3088 διὰ
828 3031 1252 3100 τδπολύστιχον
1290 3025 1449 3093 εἶναι,
1490 3027 1551 3081 οὑ
1604 3044 1741 3080 κατ-

1835 1920 1887 1971 in
1936 1914 2259 1984 metropolcs
2294 1913 2504 1979 erigere
2544 1929 2557 1963 :
2599 1924 2804 1976 eaque,
2838 1922 2956 1976 qua:
2996 1909 3059 1958 ad
3090 1907 3402 1972 electionem

1834 2009 2100 2077 pertinent
2148 2016 2204 2058 et
2256 2006 2516 2067 reliquam
2568 1999 2978 2069 dispositionem
3010 2037 3025 2060 ,
3080 2006 3237 2065 prout
3290 2000 3404 2061 ipse

1835 2097 2085 2160 voluerit,
2130 2094 2458 2157 describere,
2515 2106 2614 2145 nec
2666 2106 2694 2143 a
2732 2102 2940 2142 canooe
2994 2088 3266 2156 impediri.
3312 2091 3402 2147 qui

1834 2190 2021 2244 statuit
2057 2187 2337 2253 metropoli
2380 2186 2499 2253 jura
2555 2181 2790 2244 servari,
2844 2197 2961 2246 qu?
3000 2180 3071 2233 illi
3117 2181 3407 2233 adfuerunt

1838 2284 1905 2333 ab
1938 2282 2091 2333 initio
2125 2281 2175 2332 in
2212 2281 2475 2331 honorato
2524 2276 2859 2343 episcopatu.
2890 2271 2956 2325 Et
3006 2273 3119 2333 lege
3151 2272 3249 2322 hoc
3293 2272 3411 2321 edi-

1836 2387 2005 2435 cutm,
2051 2372 2191 2437 quod
2235 2371 2621 2437 interpretatur
2648 2350 2919 2435 quomodo
2948 2363 3170 2431 intelligi
3217 2363 3411 2415 debeat

1840 2465 1991 2528 illud,
2017 2463 2217 2517 servari
2246 2462 2365 2531 jura
2415 2460 2651 2528 antiqua:
2686 2456 3025 2525 metropolis,
3066 2466 3119 2509 et
3148 2457 3268 2515 hoc,
3300 2470 3407 2506 non

1838 2555 2181 2609 dividendam
2233 2566 2351 2605 esse
2404 2567 2559 2601 uuam
2608 2548 2944 2617 provinciam
3002 2545 3053 2597 in
3102 2544 3257 2597 duas.
3307 2544 3411 2595 Nos

1839 2650 2012 2713 enim,
2044 2664 2108 2701 eo
2144 2647 2285 2715 quod
2321 2645 2391 2698 sit
2419 2643 2701 2713 prolixius,
2751 2642 2837 2693 hic
2870 2641 3134 2707 integrum
3174 2652 3275 2689 non
3314 2651 3410 2703 po-

1840 2744 2067 2798 suimus.
2109 2740 2217 2793 lloc
2250 2739 2426 2806 ipsum
2470 2745 2647 2786 :tttlt-ttt
2682 2734 2938 2793 edictum,
2974 2738 3093 2797 post
3137 2730 3411 2783 decretum

1841 2834 1982 2902 quod
2014 2833 2275 2889 continet,
2311 2828 2507 2882 debere
2534 2825 2793 2880 eccle~ias
2830 2838 2951 2891 qnze
2985 2831 3103 2874 sunt
3142 2822 3417 2872 Imm-rane

1836 2930 1989 3002 jussu
2023 2924 2284 2995 imperiali
2317 2939 2346 2977 a
2390 2923 2586 2976 throno
2617 2915 3221 2983 Constantinopolitano
3249 2914 3410 2983 202

1842 3018 2128 3091 praesulum
2165 3014 2481 3070 electionem
2523 3010 2792 3077 accipere,
2835 3021 2934 3060 nec
2968 3020 3081 3069 eos,
3132 3005 3223 3072 qui
3258 3005 3417 3071 paulo

158 3096 532 3201 σστρὼσαμεν
542 3096 923 3183 αύτδένταῦθα
936 3096 1310 3193 ἐξολοκληρου.
1330 3121 1404 3173 Τὸ
1424 3121 1556 3173 αὐτὸ
1570 3119 1625 3173 δέ
1645 3136 1744 3189 σηο
1775 3189 1810 3201 _

1740 3146 1744 3158 ι
1843 3120 1969 3168 aute
1984 3117 2139 3179 erant
2161 3104 2561 3175 metropolitani
2586 3102 2746 3155 ullam
2770 3102 2821 3153 iu
2845 3100 2926 3153 eis
2945 3107 3154 3166 partem
3177 3096 3414 3161 habere;

170 3189 583 3299 μείωμα,’μετά
612 3223 709 3294 τὴν
739 3189 992 3291 διήγησιν
1043 3217 1143 3288 τὴν
1177 3189 1552 3286 ’περιέχουσαν
1598 3213 1743 3281 όφεί-
1769 3189 1813 3249 C

1739 3189 1813 3253 ,Ο
1847 3204 1963 3258 haec
2008 3214 2227 3270 quoque
2274 3210 2530 3264 expresse
2582 3192 2868 3247 continet:
2912 3190 3175 3254 Quoniam
3237 3197 3413 3240 autem

166 3320 289 3372 λειν
318 3314 647 3387 ψηφίζεσθαι
704 3313 804 3375 τὰς
859 3309 1185 3380 τιμηθείσας
1234 3308 1533 3377 ἐκκλησίας
1595 3306 1742 3359 κατὰ

168 3407 474 3479 πρόσταξιν
492 3404 807 3480 ιβασιλικὴν
852 3402 1002 3473 παρὰ
1043 3399 1140 3453 τοῦ
1201 3399 1390 3469 θρόνου
1437 3399 1537 3469 τῆς
1592 3399 1744 3451 Κων-

165 3496 707 3569 σταντινουπόλεωςι,
768 3496 866 3548 καὶ
923 3492 1087 3563 μηδὲν
1158 3492 1409 3563 μετέχειν
1488 3492 1581 3543 ἐπὶ
1643 3491 1743 3541 αὑ-

163 3598 294 3656 ταῖς
332 3595 458 3656 τοὺς
507 3588 701 3662 πρώην
758 3584 1187 3658 μητροπολίτας,
1219 3581 1581 3651 διαλαμϐάνει
1645 3582 1739 3633 καὶ

165 3688 349 3741 ταῦτα
394 3684 595 3755 ῥητῶς.
636 3682 785 3734 Ἐπεὶ
818 3679 877 3731 δέ
907 3679 956 3729 οί
987 3678 1264 3748 ἀρχιερεῖς
1314 3677 1410 3728 καὶ
1466 3670 1623 3736 αὖθις
1654 3674 1745 3725 τὸν

168 3785 277 3853 τῆς
331 3781 386 3831 ἐν
444 3775 745 3845 Χαλκηδόνι
796 3772 1015 3824 συνόδου
1084 3770 1282 3821 κανόνι
1343 3767 1745 3838 προσφέροντες

168 3874 301 3933 τοὺς
330 3871 393 3922 ἐκ
422 3864 836 3938 προσελεύσεως
882 3861 975 3915 τοῦ
1022 3859 1356 3929 ὑψηλοτέρου
1385 3857 1746 3927 ἀξιουμένους

170 3963 371 4033 θρόνου
402 3964 553 4029 παρά
585 3955 818 4017 κανόνας
851 3938 1039 4019 ἔλεγον
1062 3954 1159 4014 τῆς
1182 3948 1520 4018 τελεωτέρας
1549 3947 1749 4016 τυγχά-

172 4072 292 4108 νειν
327 4052 513 4121 τιμῆς,
544 4048 642 4102 καὶ
689 4046 881 4117 ἡθελον
909 4046 1028 4107 ταῖς
1050 4041 1352 4108 ἀλογίστοις
1376 4041 1574 4109 ὁρμαῖς
1625 4040 1747 4092 ἐπι-

170 4147 402 4217 τεθῆναι
423 4142 678 4211 κώλυμα,
716 4140 817 4193 καὶ
845 4133 987 4209 ἦσαν
1018 4132 1310 4204 κανονικην
1350 4132 1750 4202 προσφέροντες

171 4238 421 4303 ἀξίωσιν,
450 4236 483 4303 ἡ
518 4230 767 4303 βασιλεία
822 4246 948 4300 μου,
988 4224 1087 4280 καὶ
1136 4227 1203 4295 τῇ
1235 4223 1494 4294 βασιλικῇ
1529 4224 1752 4293 ἐξουσίᾳ

172 4330 240 4381 τὸ
259 4324 413 4396 παρά
448 4325 558 4377 τῶν
588 4322 748 4375 θείων
797 4320 1041 4374 κανόνων
1086 4315 1371 4387 δεδομένον
1404 4314 1579 4384 ταύτῃ
1612 4331 1751 4386 προ-

174 4418 368 4487 νόμιον
398 4412 746 4485 παρορᾶσθαι
780 4411 855 4480 μὴ
888 4409 1142 4471 θέλουσα,
1200 4406 1295 4461 καλ⁵
1348 4405 1447 4469 τὰς
1491 4405 1586 4458 ἐπὶ
1614 4421 1752 4475 προ-

1845 3310 2032 3351 rursus
2057 3306 2274 3361 quoque
2315 3288 2608 3350 antistites,
2635 3284 2890 3339 Chalced.
2930 3280 3119 3345 synodi
3149 3294 3414 3334 canonem

1844 3387 2196 3445 adducentes,
2227 3398 2323 3435 eos
2350 3380 2441 3449 qui
2476 3394 2541 3432 ex
2578 3378 2967 3445 supplicatione
2997 3374 3191 3427 altiore
3220 3372 3419 3433 throno

1845 3479 1989 3551 digni
2035 3476 2203 3532 habiti
2248 3484 2394 3536 sunt,
2434 3471 2720 3532 dicebant,
2756 3478 2951 3538 praeter
2980 3476 3217 3518 canones
3248 3461 3421 3517 hono-

1846 3558 1959 3626 rem
2012 3566 2383 3638 perl‘cctiorem
2440 3563 2719 3631 consequi,
2778 3568 2831 3613 et
2893 3557 3120 3612 rationis
3165 3564 3419 3621 expertes

1846 3676 2029 3717 eorum
2064 3658 2424 3728 appetitiones
2454 3654 2689 3708 coerceri
2723 3651 2975 3705 volebant
3007 3659 3060 3701 et
3099 3647 3414 3701 canonicam

1848 3752 2225 3809 auctoritatem
2262 3748 2600 3807 aﬂ'erebant;
2634 3745 2919 3814 imperium
2956 3757 3134 3796 meum
3166 3749 3219 3793 et
3249 3739 3420 3806 impe-

1849 3847 1966 3901 riali
2013 3860 2105 3899 sua
2155 3851 2454 3911 potestate,
2504 3840 2645 3908 quod
2700 3852 2731 3891 a
2781 3835 2977 3897 divinis
3020 3833 3318 3887 canonibus
3367 3830 3423 3887 ei

1848 3939 2028 3992 datum
2058 3946 2141 3989 est
2163 3933 2523 4001 privilegium,
2564 3929 2825 3996 ueglectui
2860 3927 3049 3982 haberi
3079 3940 3183 3978 non
3214 3925 3420 3991 sitiens,

1850 4045 1905 4088 et
1940 4034 2246 4088 antistitum
2292 4032 2360 4084 ob
2403 4029 2625 4086 honoris
2669 4026 3110 4096 provocationem
3156 4022 3424 4090 supplica-

1851 4128 2048 4187 tiones,
2085 4135 2141 4177 ut
2185 4139 2289 4179 non
2326 4122 2618 4176 canonicas
2658 4132 2830 4185 neque
2862 4118 3150 4185 legitimas,
3183 4113 3423 4180 appelln-

1854 4216 2018 4270 tiouis
2054 4226 2305 4269 eventum
2360 4212 2609 4278 accipere
2659 4210 2847 4262 nolens
2890 4206 3099 4273 statuit,
3136 4205 3422 4271 episcopa-

1854 4317 1965 4360 tum
1997 4321 2103 4359 non
2126 4305 2288 4359 aliter
2314 4303 2366 4357 in
2402 4301 2769 4357 sublimiorem
2808 4298 3056 4351 thronum
3083 4297 3425 4364 erigendum,

1854 4396 2351 4463 archiepiscopatus
2407 4392 2617 4446 scilicet
2667 4389 2749 4443 vel
2794 4386 3131 4457 metropolis,
3171 4401 3330 4454 quam
3380 4388 3427 4438 si

176 4474 376 4583 κλησει
406 4474 578 4581 τιμῆς
644 4474 1035 4578 προσελῠεύσεις
1082 4504 1193 4556 τῶν
1240 4502 1546 4572 ἀρχιερέων
1574 4474 1749 4569 ὼςμὴ
1775 4522 1831 4581 Ῑ)

1775 4522 1831 4581 D
1858 4488 1947 4554 qui
1973 4494 2100 4539 tunc
2123 4496 2206 4540 est
2235 4485 2527 4552 imperator
2549 4479 2771 4553 pr0prio
2797 4488 2943 4531 metu
2973 4474 3257 4545 impulsus,
3287 4474 3427 4526 nulla

178 4605 495 4668 κανονικάς,
559 4602 683 4673 μηδ’
734 4600 964 4668 ἐννομον
1021 4596 1205 4666 τὸτῆς
1262 4596 1503 4663 ἐφέσεως
1553 4593 1754 4646 ἀποτέο

176 4702 362 4768 λεσμα
416 4697 490 4767 μὴ
547 4694 851 4765 λαμσάνειν
885 4689 1169 4759 ἐθέλουσα,
1203 4688 1416 4741 εὐδοκεῖ
1462 4686 1539 4757 μὴ
1581 4685 1757 4744 ἄλλως

179 4789 488 4858 ἐπισκοπὴν
518 4788 599 4850 είς
631 4782 1125 4856 προϐαθμιὼτερον
1183 4778 1375 4851 θρόνον
1427 4778 1755 4845 ἀνάγεσθαι,

180 4880 630 4957 ἁρχιεπισκοπῆς
674 4876 919 4949 δηλονότι
963 4863 1020 4943 η
1054 4873 1468 4943 μητροπόλεως,
1522 4872 1571 4923 εί
1626 4872 1701 4939 μὴ
1728 4871 1756 4922 ό

183 4977 331 5031 κατὰ
376 4970 605 5042 καιροὺς
656 4966 912 5038 βασιλεὺς
961 4962 1177 5017 οτκοθεν
1201 4958 1491 5033 ὁρμηθεὶς,
1526 4958 1749 5028 χάριτος

183 5066 537 5139 ἀνθρωπίνης
566 5060 641 5133 μὴ
670 5055 1077 5131 μεσολαϐούσης
1108 5054 1212 5107 οὐκ
1262 5052 1598 5123 εὐπρεποῦς,
1632 5051 1757 5121 βου-

185 5160 381 5231 ληθείη
409 5156 583 5228 ταύτῃ
611 5157 675 5206 τὸ
729 5146 1143 5218 ἐπαναδεϐηκδς
1172 5144 1391 5213 ἀξίωμα
1417 5146 1753 5215 παρασχεῖν,

183 5254 383 5324 ἢτιμῇ
420 5249 520 5316 τῆς
575 5242 870 5313 πόλεως,ἢ
918 5239 1099 5293 πίστει
1121 5240 1189 5309 τῇ
1252 5236 1389 5307 πρὸς
1437 5238 1538 5307 τὴν
1581 5236 1755 5307 ἐναγῆ

198 5342 555 5409 Ἐκκλησίαν,
589 5338 623 5407 ἢ
684 5335 779 5389 τοῦ
842 5329 1184 5404 προεστῶτος
1236 5328 1407 5398 αὐτῆς
1429 5330 1529 5399 τὴν
1557 5330 1759 5397 ἀρετὴν

191 5434 503 5497 σεδασθεὶς,
554 5426 849 5482 κάντεῦθεν
870 5422 1217 5493 αὐθόρμητος
1243 5418 1485 5487 γεγονὼς
1516 5418 1651 5488 πρὸς
1693 5419 1755 5471 τδ

187 5526 522 5601 χαρίσασθαι
547 5524 647 5595 τὴν
697 5520 886 5591 τιμήν.
940 5517 1047 5570 Καὶ
1074 5514 1152 5586 τῷ
1176 5531 1239 5584 γε
1291 5513 1359 5567 δι’
1413 5513 1759 5584 ἀνθρωπίνην

195 5619 580 5693 προσπάθειαν
609 5613 700 5669 καὶ
724 5612 929 5683 τρόπον
957 5610 1057 5664 οὐκ
1089 5604 1486 5675 ἐπαινούμενον
1510 5607 1570 5658 τὸ
1588 5604 1757 5677 ὑπερ-

190 5712 429 5780 εεδηκδς
459 5704 809 5779 χαριζομένῳ
856 5702 954 5771 τῆς
999 5696 1209 5766 τάξεως
1239 5696 1299 5750 τὸ
1328 5697 1440 5751 ἀπὸ
1460 5696 1567 5748 τῶν
1600 5696 1758 5749 θείων

191 5807 437 5860 καόνων
461 5803 576 5863 δέος
605 5794 1036 5852 ἐπανατείνεται.
1068 5787 1169 5855 Οἷς
1202 5792 1288 5845 ινα
1339 5790 1415 5861 μὴ
1482 5788 1757 5859 περιπέσῃ

1862 4578 2092 4631 humana
2114 4574 2366 4630 indecore
2385 4573 2561 4643 gratia
2582 4568 2975 4631 intercedente,
3000 4567 3231 4621 voluerit
3256 4566 3427 4629 illam,

1862 4703 1979 4757 qme
2006 4686 2251 4755 superior
2281 4695 2365 4740 est
2406 4700 2469 4739 ac
2498 4685 2840 4748 eminentior,
2872 4683 3188 4754 dignitatem
3217 4684 3263 4737 ei
3298 4703 3432 4750 pra--

1865 4781 2010 4841 bere,
2066 4779 2148 4833 vel
2202 4789 2421 4847 propter
2460 4778 2695 4832 civitatis
2741 4779 3039 4842 honorem,
3089 4779 3170 4831 vel
3216 4792 3433 4847 propter

1861 4871 1979 4939 ejus
2013 4870 2169 4923 fidem
2200 4870 2250 4921 in
2292 4879 2535 4923 sanctam
2568 4870 2883 4934 Ecclesiam,
2925 4872 3009 4926 vel
3046 4872 3187 4940 ejus,
3229 4872 3317 4940 qui
3357 4872 3429 4924 illi

1860 4972 2075 5032 prmest,
2121 4962 2374 5015 virtutem
2431 4962 2728 5027 honorans,
2778 4973 2945 5017 et‘ex
2982 4978 3048 5017 eo
3098 4980 3190 5017 sua
3242 4976 3434 5031 sponte

1864 5054 2123 5108 incitatus
2167 5054 2232 5105 ad
2284 5052 2613 5118 largiendum
2659 5053 2939 5107 honorem.
2980 5057 3055 5107 Ac
3097 5054 3145 5107 ei
3185 5056 3428 5123 quidem,

1858 5146 1949 5215 qui
1995 5154 2213 5215 propter
2245 5146 2529 5198 humanam
2574 5143 2934 5211 all'ectiouem,
2978 5154 3031 5199 et
3072 5160 3254 5198 mores
3310 5162 3414 5196 non

1859 5238 2137 5303 laudatos,
2193 5238 2436 5295 ordinem
2495 5236 2787 5292 sublimem
2840 5234 3065 5305 largitur
3110 5236 3419 5289 divinorum

1860 5345 2134 5385 canonum
2174 5338 2348 5383 metus
2378 5330 2698 5385 intentatur.
2735 5328 2793 5383 In
2826 5343 2963 5397 quos
2994 5342 3061 5381 ne
3100 5342 3242 5397 saepe
3271 5328 3436 5397 impe-

1866 5430 2018 5475 rator
2060 5421 2341 5489 impingat,
2393 5420 2656 5489 permittit
2700 5429 2754 5474 et
2797 5419 3160 5480 sanctissimo,
3196 5419 3286 5487 qui
3338 5436 3435 5489 pro

1866 5524 2103 5580 tempore
2126 5522 2228 5575 est,
2255 5511 2599 5581 patriarchae,
2631 5524 2735 5565 non
2756 5510 2913 5565 aliter
2940 5525 2971 5565 a
2994 5510 3184 5579 quovis
3209 5510 3429 5564 allatam

1861 5605 1927 5659 de
1969 5606 2340 5673 cujuscunque
2379 5604 2625 5659 ecclesia:
2667 5605 2903 5672 primatu
2947 5602 3191 5655 chartam
3238 5601 3435 5654 conﬁr-

1861 5709 2031 5756 mare,
2076 5709 2178 5756 nec
2215 5694 2333 5762 ejus
2372 5692 2659 5764 praasulum
2696 5692 2836 5746 inter
2883 5690 3317 5759 archiepiscopo:
3348 5691 3433 5743 vel

1862 5788 2310 5855 metropolitanos
2345 5786 2605 5855 recipere,
2650 5798 2813 5853 quam
2844 5792 3131 5853 postquam
3178 5782 3246 5839 de
3283 5796 3345 5839 ea
3376 5798 3435 5838 re
