4240 6442
851 386 956 447 655

2095 385 2372 445 THEOD.
2417 383 2506 442 BA
2518 387 2817 447 [ΞΛΜοΝ

3970 395 4073 456 656

852 499 894 548 si
931 493 1226 546 nionachus
1257 506 1372 544 esse
1398 489 1636 560 elegerit,
1663 505 1769 546 non
1805 490 1980 560 rejicit
2012 508 2024 544 :
2059 496 2152 545 sed
2185 507 2305 544 eum
2343 491 2407 544 ad
2439 499 2481 552 Α
2514 512 2526 545 ι

2400 491 2407 544 l
2439 499 2481 552 Α
2514 497 2793 562 πέμπεται
2820 513 2834 527 ·
2863 496 3001 566 πλὴν
3028 498 3129 553 οὐκ
3155 499 3329 557 ἄλλως
3355 500 3543 554 τοῦτον
3559 503 3639 565 είς
3668 502 3760 555 τὸν
3794 506 4074 570 penetro-1

853 588 1012 639 vitam
1045 584 1391 638 monasticam
1424 597 1530 636 non
1563 583 1716 636 aliter
1746 583 2110 652 recipiendum
2144 582 2404 644 decernit,

850 694 1009 746 quam
1039 677 1082 730 si
1115 674 1181 728 ab
1210 676 1462 742 episcopo
1490 673 1742 741 probatus
1785 672 1968 726 fuerit.
2001 673 2199 740 Adjicit
2229 682 2405 725 autem

848 782 907 820 se
949 767 1059 818 hnc
1090 775 1365 825 statuere,
1404 763 1653 831 quoniam
1696 763 1935 816 Ecclesia
1992 763 2081 815 Dei
2122 763 2292 831 gratia
2336 763 2404 816 ad

850 857 1117 909 anteriora
1151 857 1423 924 procedat,
1472 864 1524 907 et
1572 855 1636 906 ad
1682 853 1984 906 divinorum
2029 852 2402 905 mandatorum

852 949 1282 1002 observationem
1319 946 1520 999 ﬁrmior
1559 960 1621 998 ac
1649 945 1875 998 validior
1903 945 2117 998 evadat.
2161 943 2297 999 Usus
2323 955 2405 999 est

847 1052 1019 1092 autem
1061 1041 1126 1092 ad
1158 1054 1343 1092 eorum
1375 1035 1835 1090 conﬁrmationem
1868 1036 2031 1088 etiam
2067 1037 2131 1090 iis
2167 1052 2286 1104 qua:
2335 1037 2402 1091 de

843 1133 1168 1186 diaconissis
1212 1131 1262 1183 in
1312 1137 1502 1198 quarta
1546 1130 1745 1198 synodo
1779 1129 1920 1190 dicta
1968 1139 2116 1190 sunt,
2162 1129 2347 1183 dicens
2383 1149 2396 1184 :

842 1226 994 1289 Quod
1023 1240 1143 1278 eum
1180 1232 1401 1277 sanctus
1449 1222 1642 1275 Paulus
1685 1221 2018 1285 decreverit,
2067 1235 2185 1288 qua:
2235 1236 2398 1275 sexa-

842 1319 984 1384 ginta
1013 1323 1135 1366 sunt
1165 1329 1446 1374 annorum,
1503 1312 1685 1365 viduas
1713 1311 1763 1362 in
1795 1311 2219 1364 diaeonissarum
2253 1311 2401 1364 ordi-

841 1424 962 1462 nem
1021 1421 1174 1474 posse
1219 1404 1431 1468 referri,
1491 1402 1679 1454 Patres
1728 1401 1988 1468 virginem
2047 1402 2396 1468 quadraginta

839 1513 1005 1552 annos
1038 1508 1216 1549 natam
1248 1495 1601 1549 diaconissam
1644 1491 1881 1546 ordinari
1924 1503 2246 1545 censuerunt
2281 1508 2295 1544 :
2340 1501 2398 1544 ut

837 1606 900 1642 cx
931 1605 995 1641 eo
1021 1587 1323 1655 colligatur,
1365 1584 1551 1638 Patres
1581 1584 1711 1637 nihil
1748 1584 2037 1637 absurdum
2070 1584 2393 1652 decrevisse,

837 1682 926 1746 qui
959 1681 1298 1746 imperleetos
1331 1676 1580 1730 tondendi
1617 1687 1821 1742 tempus
1852 1676 1919 1728 ab
1950 1677 2160 1729 decimo
2203 1686 2394 1729 octavo

837 1786 977 1824 anno
1015 1771 1078 1821 ad
1113 1769 1376 1820 det-imum
1414 1767 1730 1833 redegerint.
1774 1765 1867 1818 Est
1897 1778 2074 1819 autem
2107 1782 2291 1834 magna
2327 1766 2392 1818 iis

2513 589 2629 657 βίον
2661 591 3065 661 παραδέχεσθαι
3092 593 3385 661 διορίζεται
3409 595 3460 647 ει
3496 596 3570 664 μὴ
3591 596 3730 649 κατὰ
3752 595 4072 665 δοκιμασίαν

2509 680 2603 731 τοῦ
2638 681 2961 738 ἐπισκόπου.
2993 685 3326 753 Προστίθησι
3353 686 3413 738 δὲ
3447 686 3617 739 ταῦτα
3643 690 4073 757 νομοθετεῖν,διὰ

2509 770 2568 822 τὸ
2603 773 2700 840 τὴν
2735 774 3060 843 Ἐκκλησίαν
3107 778 3288 846 χάριτι
3327 777 3460 830 Θεοῦ
3499 779 3590 830 ἐπὶ
3619 782 3686 831 τὰ
3721 782 3911 850 πρόσω
3944 800 4071 848 προ·

2508 863 2735 928 ϐαίνειν,
2790 865 2886 919 καὶ
2921 869 3274 936 παγιωτέραν
3319 870 3572 938 γενέσθαι
3619 871 3716 941 τὴν
3762 873 3873 925 τῶν
3916 874 4069 926 θείων

2507 957 2738 1010 ἐντολῶν
2769 959 3118 1029 συντήρησιν.
3155 961 3455 1030 Ἐχρήσατο
3478 962 3533 1014 δὲ
3561 964 3640 1025 εἰς
3671 965 4069 1032 ἐπιστηριγμὸν

2506 1047 2714 1099 τούτων
2742 1047 2836 1100 καὶ
2862 1052 2973 1110 τοῖς
3004 1050 3130 1118 περὶ
3174 1049 3532 1104 διακονισσῶν
3573 1055 3884 1123 εἰρημένοις
3919 1056 3974 1104 ἐν
4002 1057 4064 1121 τῇ

2504 1141 2737 1211 τετάρτῃ
2781 1142 3000 1211 συνόδῳ,
3027 1141 3197 1195 εἰπὼν
3226 1143 3308 1196 ὅτι
3336 1144 3440 1197 Τοῦ
3468 1143 3613 1196 θείου
3646 1145 3859 1197 Παύλου
3889 1146 4066 1197 διατα-

2505 1233 2736 1302 ξαμένου
2779 1234 2878 1298 τὰς
2928 1235 3191 1305 ἑξήκοντα
3221 1235 3360 1288 ἑτῶν
3398 1235 3563 1300 οὖσας
3614 1238 3787 1306 χήρας
3845 1236 3923 1305 τῷ
3959 1238 4066 1286 τῶν

2501 1321 2858 1376 διακονισσῶν
2883 1324 3284 1392 καταλέγεσθαι
3311 1325 3577 1393 τάγματι,
3611 1328 3660 1378 οἱ
3698 1327 3939 1395 Πατέρες
3969 1326 4065 1391 τὴν

2503 1413 2771 1480 παρθένον
2810 1416 2913 1483 τήν
2941 1419 3453 1486 τεσσαρακονταετῆ
3488 1418 3913 1486 χειροτονεῖσθαι
3949 1416 4064 1468 δια-

2501 1502 2759 1555 κόνισσαν
2790 1503 2995 1571 ὥρισαν
3017 1520 3030 1534 ⁸
3059 1505 3134 1568 ὡς
3162 1505 3414 1558 ἐντεῦθεν
3443 1507 3773 1576 συνάγεσθαι
3811 1507 3982 1575 μηδὲν
4013 1525 4063 1559 τι

2498 1592 2626 1655 τοὺς
2668 1595 2915 1665 Πατέρας
2965 1597 3308 1665 διορίσασθαι
3348 1598 3569 1660 ἄτοπον,
3628 1599 4063 1660 ύποδιϐἀσαντας

2497 1683 2589 1734 τὸν
2619 1684 2807 1752 χρόνον
2832 1685 2929 1755 τῆς
2958 1685 3318 1754 ἀποκάρσεως
3341 1687 3449 1740 τῶν
3471 1689 3674 1741 ἀτελῶν
3712 1691 3803 1740 καὶ
3836 1688 3945 1740 ἀπὸ
3995 1685 4061 1757 ιη’

2499 1779 2578 1838 εἰς
2627 1773 2656 1828 ι’
2703 1777 2864 1830 αὑτὸν
2920 1780 3376 1848 περιστήσαντας.
3422 1778 3780 1850 Εὐχαριστίας
3831 1782 3885 1832 δὲ
3920 1780 4062 1844 ἄξιοι

839 1861 1038 1930 agenda
1069 1860 1263 1927 gratia,
1292 1860 1429 1925 quod
1460 1873 1565 1910 non
1601 1872 1977 1925 quemcunque
2008 1858 2192 1910 decem
2222 1873 2391 1911 annos
2425 1852 2465 1905 Β
2497 1883 2513 1934 γ

2387 1877 2391 1908 ι
2425 1852 2465 1905 Β
2497 1868 2738 1937 μεγάλης
2769 1869 2930 1933 εἰσιν,
2973 1870 3055 1922 ὅτι
3102 1870 3201 1922 οὐκ
3244 1869 3590 1940 ἐξεχώρησαν
3621 1872 3783 1924 παντὶ
3814 1871 4061 1924 δεκαετεῖ

838 1966 1040 2014 natum,
1071 1951 1211 2004 nulla
1251 1949 1572 2016 diligentiori
1607 1951 2035 2016 perscrutatione
2069 1950 2232 2013 facta,
2271 1959 2392 2004 ton-

835 2047 948 2099 deri
987 2041 1367 2112 permiserint:
1422 2042 1512 2093 sed
1565 2041 1665 2094 hoc
1712 2041 1942 2109 episcOpi
1991 2043 2287 2108 prudentiae
2329 2056 2390 2096 ac

830 2136 1032 2204 judicio
1066 2135 1400 2201 reliquerint.
1431 2131 1678 2184 Fortasse
1711 2134 1850 2184 enim
1885 2134 2000 2200 ejus
2038 2131 2387 2195 examinatio,

834 2229 974 2278 hunc
1004 2225 1239 2292 quidem,
1283 2224 1371 2290 qui
1415 2224 1676 2275 decimum
1724 2239 1919 2274 annum
1967 2223 2280 2286 excesserit,
2324 2223 2389 2275 ad

833 2330 1105 2368 tonsuram
1139 2316 1383 2367 admittet
1416 2332 1427 2365 :
1457 2314 1600 2364 illum
1637 2329 1760 2364 vero
1793 2313 2027 2380 repellet.
2067 2315 2240 2380 Atque
2278 2312 2389 2365 hmo

831 2407 1047 2475 quidem
1077 2417 1220 2466 sunt,
1255 2421 1370 2471 quae
1400 2404 1450 2456 in
1474 2418 1681 2455 canone
1712 2404 2073 2456 continentur.
2105 2403 2182 2454 Tu
2210 2414 2386 2455 autem

832 2501 944 2566 lege
974 2500 1005 2550 6
1056 2497 1328 2550 Novellam
1361 2495 1700 2563 imperatoris
1759 2493 1939 2546 domui
1986 2492 2180 2546 Leonis
2215 2493 2389 2548 Philo-

830 2587 1004 2656 sophi,
1045 2601 1161 2653 qua:
1211 2585 1450 2638 continet
1496 2584 1640 2635 illum
1693 2583 1928 2650 quidem,
1975 2583 2062 2651 qui
2114 2584 2382 2636 decimum

829 2691 1037 2731 sextum
1085 2694 1281 2730 annum
1325 2676 1612 2744 complevit
1658 2676 1740 2727 vel
1794 2677 2059 2728 decimum
2102 2679 2383 2744 septimum

828 2771 1028 2838 absque
1079 2769 1183 2819 ullo
1230 2768 1611 2836 impedimento
1671 2782 1829 2836 posse
1881 2767 2109 2830 tonderi,
2165 2779 2221 2819 ut
2275 2767 2386 2821 vult

833 2876 1055 2930 magnus
1084 2861 1330 2923 Basilius,
1364 2869 1521 2925 atque
1552 2859 1711 2911 etiam
1745 2861 1927 2912 testari
1960 2877 1975 2916 :
2018 2875 2138 2913 eum
2180 2869 2383 2926 autem,

828 2953 916 3019 qui
951 2967 1091 3004 anno
1133 2953 1303 3003 aetatis
1340 2964 1450 3001 sua:
1481 2951 1688 3002 decimo
1729 2951 2023 3004 monachus
2053 2968 2171 3004 esse
2204 2951 2383 3006 volne-

827 3046 913 3105 rit,
968 3056 1121 3111 posse
1160 3042 1372 3107 quidem
1413 3038 1575 3091 libere
1620 3039 1720 3091 hoc
1758 3037 1955 3106 facere,
2001 3056 2064 3094 ex
2115 3044 2380 3096 sententia

828 3134 984 3201 hujus
1015 3131 1233 3183 eanonis
1258 3168 1271 3192 ,
1303 3129 1366 3180 de
1408 3130 1561 3181 bonis
1592 3139 1794 3194 autem,
1842 3145 1958 3198 qua:
2001 3130 2182 3194 habet,
2217 3140 2380 3185 testa-

2491 1961 3073 2030 ἀπολυπραγμονήτως
3099 1963 3518 2032 ἀποκείρεσθαι,
3546 1964 3679 2015 ἀλλὰ
3714 1966 3804 2015 ἐπὶ
3841 1967 3900 2032 τῇ
3945 1964 4062 2016 δια-

2492 2051 2674 2118 κρίσει
2702 2049 2795 2102 τοῦ
2816 2051 3119 2104 ἐπισκόπου
3142 2054 3210 2104 τα
3237 2054 3367 2122 περὶ
3390 2055 3580 2106 τούτου
3603 2054 3873 2107 ἀνέθεντο.
3899 2054 4062 2117 Ἴσως

2491 2142 2599 2212 γὰρ
2620 2143 2912 2212 δοκιμασία
2957 2143 3146 2206 αὑτοῦ,
3187 2144 3336 2197 τόνδε
3367 2145 3466 2214 μὲν
3508 2147 3930 2216 ὐπερανασὰντα
3969 2147 4061 2199 τὸν

2488 2235 2721 2302 δεκαετῆ
2776 2236 2968 2304 χρόνον
3001 2238 3082 2299 είς
3112 2236 3419 2307 ἀπόκαρσιν
3456 2239 3819 2308 παραδέξεται
3852 2259 3865 2272 ο
3898 2241 4052 2292 τόνδε

2487 2329 2543 2381 δὲ
2573 2328 2983 2398 ἁποπέμψεται.
3008 2329 3117 2382 Καὶ
3136 2331 3203 2383 τὰ
3229 2330 3328 2396 μὲν
3358 2329 3453 2382 τοῦ
3479 2332 3697 2393 κανόνος
3730 2334 3786 2384 ὲν
3821 2335 4055 2393 τούτοις.

2490 2421 2560 2472 Σὺ
2605 2421 2660 2472 δὲ
2693 2419 2969 2488 ἀνάγνωθι
3014 2421 3114 2489 τὴν
3175 2421 3345 2488 ἕκτην
3375 2421 3594 2490 Νεαρὰν
3645 2424 3736 2474 τοῦ
3791 2422 4056 2491 βασιλέως

2488 2510 2659 2580 κυροῦ
2703 2511 2933 2574 Λέοντος
2976 2512 3070 2567 τοῦ
3105 2511 3424 2581 Φιλοσόφου,
3459 2513 3928 2582 διαλαμϐάνουσαν
3961 2517 4055 2566 τὸν

2491 2601 2591 2668 μὲν
2641 2603 2917 2656 ἁνύσαντα
2995 2604 3183 2673 χρόνον
3225 2610 3300 2668 ις’
3357 2606 3388 2674 ἢ
3444 2605 3513 2668 ιζ’
3563 2607 4057 2677 ἀπαρεμποδίστως

2485 2692 2894 2763 ἀποκείρεσθαι,
2922 2697 3064 2749 κατὰ
3098 2697 3188 2749 τὸν
3227 2699 3403 2767 μέγαν
3429 2692 3700 2755 Βασίλειον
3720 2703 3811 2756 καὶ
3826 2701 4056 2757 διατίθει

2487 2786 2609 2838 σθαι
2642 2803 2655 2815 ·
2691 2787 2782 2839 τὸν
2809 2788 2863 2841 δὲ
2891 2787 3214 2860 βουλόμενον
3246 2793 3476 2861 μονάσαι
3508 2796 3649 2847 κατὰ
3675 2796 3766 2848 τὸν
3790 2796 3822 2848 ι’
3861 2799 4052 2850 ἐνιαυ-

2484 2883 2574 2931 τὸν
2622 2882 2733 2946 (9.6)
2785 2883 2882 2952 τῆς
2921 2882 3134 2952 ήλικίας
3174 2884 3361 2946 αὐτοῦ,
3398 2886 3541 2955 ἔχειν
3584 2887 3681 2955 μὲν
3733 2888 3818 2938 ἐπ’
3861 2888 4052 2948 ἁδείας

2482 2972 2639 3023 τοῦτο
2677 2977 2869 3036 ποιεῖν,
2901 2975 3042 3026 κατὰ
3069 2975 3157 3027 τὸν
3171 2977 3412 3045 παρόντα
3442 2978 3641 3030 κανόνα
3662 2993 3674 3005 °
3708 2978 3967 3047 διαθήκην
3991 2981 4054 3032 δὲ

2484 3062 2644 3131 χάριν
2671 3064 2777 3115 τῶν
2803 3064 3114 3134 προσόντων
3143 3067 3291 3135 αὐτῷ
3318 3068 3394 3138 μὴ
3422 3070 3616 3133 ποιεῖν,
3647 3070 3778 3122 ἀλλὰ
3809 3075 4052 3140 περιμέ..

2483 3169 2594 3204 νειν
2626 3154 2815 3222 μέχρις
2855 3155 2922 3207 ἂν
2947 3153 3039 3210 τοῦ
3077 3160 3563 3212 πεντεκαιδεκάτου
3601 3161 3790 3230 χρόνου
3814 3163 4047 3230 adﬁni.

825 3236 1059 3276 mentum
1093 3221 1266 3274 facere
1314 3237 1414 3272 non
1450 3234 1628 3287 posse,
1688 3222 1779 3273 seti
1833 3232 2146 3290 exspectare
2211 3225 2381 3278 donec
2414 3211 2458 3270 ἶ)
2497 3245 2499 3254 '

2371 3240 2381 3278 ⁵
2414 3211 2458 3270 0
2497 3245 2580 3295 'Ev
2611 3211 2866 3316 t'tj'i'j'téstp
2890 3247 2943 3300 δὲ
2973 3249 3026 3300 εί
3066 3250 3399 3320 τελευτήσει,
3422 3211 3476 3303 οῖ
3507 3211 3832 3321 μὲνῆοίκέται
3861 3211 4045 3308 1αίιτοιῖι

821 3314 1087 3365 decimum
1130 3312 1373 3378 quintum
1414 3325 1609 3361 annum
1656 3311 1914 3375 attigerit.
1964 3312 2167 3364 Interea
2200 3325 2378 3368 autem

823 3407 864 3457 si
896 3417 1136 3456 mortuus
1172 3401 1353 3464 l'ucrit,
1387 3401 1504 3470 ejus
1552 3400 1766 3468 quidem
1812 3401 1953 3454 servi
2000 3407 2378 3459 manumitten-

823 3507 930 3559 tur,
963 3494 1178 3560 reliqua:
1213 3501 1389 3545 autem
1426 3492 1706 3544 facultates
1753 3491 1999 3545 bifariam
2033 3495 2375 3562 dividentur;

819 3595 871 3639 et
903 3588 1035 3635 duas
1057 3585 1273 3650 quidem
1305 3591 1483 3650 partes
1513 3581 1741 3649 accipiet
1775 3583 2186 3648 monasterium,
2221 3587 2377 3638 tertia

823 3691 949 3727 vct'O
981 3690 1104 3743 pars
1132 3673 1374 3740 cognatis
1419 3671 1656 3727 dabitur.
1690 3671 1842 3736 Quod
1885 3673 1929 3726 si
1975 3671 2226 3728 defuncto
2270 3690 2375 3728 non

825 3767 1025 3819 iuerint
1050 3764 1287 3832 cognati,
1319 3765 1470 3816 tertia
1512 3779 1724 3831 quoque
1775 3778 1899 3832 pars
1930 3767 2256 3820 monasterio
2285 3781 2377 3820 ac-

819 3869 1047 3912 crescet.

890 3950 1047 4020 205
1080 3949 1325 4005 ΖΟΝΑιι.
1355 3950 1562 4004 Pucllas
1624 3949 1687 4002 ad
1728 3949 2047 4018 virginitatis
2089 3949 2374 4019 professio-

821 4061 941 4098 nem
996 4047 1206 4098 nonnisi
1241 4047 1504 4100 sexdecim
1536 4055 1629 4128 aut
1671 4046 2048 4112 septemdecim
2076 4047 2230 4098 annis
2259 4059 2374 4098 ma-

816 4138 982 4202 jores,
1021 4135 1244 4190 Basilius
1289 4151 1511 4204 inagnus
1554 4137 1760 4189 decimo
1795 4146 1985 4189 octavo
2036 4151 2239 4190 canone
2280 4139 2373 4191 ad-

821 4228 954 4280 mitti
976 4227 1126 4295 jubet
1149 4245 1163 4280 :
1184 4229 1226 4280 si
1249 4241 1367 4295 qua:
1400 4242 1527 4279 vero
1545 4235 1668 4278 ante
1687 4226 1736 4278 id
1764 4236 1969 4294 tempus
1993 4227 2371 4294 promissiones

818 4317 1243 4382 intercesserint,
1282 4333 1383 4370 non
1409 4317 1575 4386 magis
1598 4317 1703 4369 illis
1725 4331 1882 4384 quam
1913 4331 2196 4385 puerorum
2223 4318 2370 4371 voci-

818 4408 916 4460 bus
941 4407 1346 4462 auscultandum
1389 4407 1702 4459 arbitratur.
1727 4403 1823 4458 Hic
1851 4416 2025 4459 autem
2053 4421 2244 4470 canon,
2279 4407 2368 4475 qui

2480 3335 3030 3409 ἐλευθερωθήσονται,
3054 3343 3088 3410 ή
3113 3342 3168 3394 δὲ
3192 3341 3350 3411 λοιπὴ
3375 3345 3567 3396 τούτου
3590 3346 3872 3414 περιουσία
3898 3349 4046 3399 διαι-

2481 3427 2768 3496 ρεθήσεται
2800 3429 2944 3498 διχῆ,
2975 3432 3152 3483 καὶτὸ
3188 3432 3286 3500 μὲν
3323 3433 3569 3504 δίμοιρον
3593 3435 3654 3487 τὺ
3683 3440 4046 3505 μοναστήρεον

2478 3517 2727 3588 λήψεται,
2758 3524 2818 3573 τὸ
2841 3521 2896 3573 δὲ
2927 3523 3109 3587 τρίτον
3144 3527 3255 3587 τοῖς
3279 3527 3567 3593 συγγενέσι
3600 3527 3789 3580 τούτου
3814 3528 4044 3598 δοθήσε-

2476 3627 2584 3661 ται.
2616 3612 2709 3678 Μὴ
2737 3611 2904 3664 ὄντων
2939 3614 2994 3665 δὲ
3019 3615 3295 3682 συγγενῶν
3317 3615 3395 3686 τῷ
3419 3617 3821 3688 τελευτήσαντι,
3852 3626 3951 3672 καὶ
3981 3621 4045 3674 τὸ

2476 3700 2656 3769 τρίτον
2696 3704 2773 3766 εἰς
2804 3704 2864 3756 τὸ
2896 3711 3258 3777 μοναστήριον
3280 3712 3656 3781 προχωρήσει.

2547 3958 2789 4014 ΖΩΝΑΡ.
2842 3962 2902 4015 '0
2941 3963 3037 4034 μὲν
3101 3966 3274 4035 μέγας
3326 3968 3610 4035 Βασίλειος
3649 3975 3710 4027 ιν
3747 3974 3822 4043 τῷ
3859 3976 4043 4031 ὀκτω-

2478 4050 2786 4120 καιδεκάτῳ
2813 4053 2975 4105 αὐτοῦ
3009 4059 3192 4110 κανόνι
3241 4065 3379 4125 μετὰ
3417 4061 3485 4114 τὰ
3519 4063 3807 4126 έξκαὶδεκα
3850 4068 3879 4136 ῆ
3940 4073 4043 4124 καὶ

2480 4141 2847 4194 ἑπτακαίδεκα
2908 4145 3001 4215 ἐτη
3057 4147 3155 4210 τὰς
3208 4150 3318 4202 τῶν
3380 4153 3666 4222 παρθένων
3741 4158 4044 4227 ὁμολογίας

2476 4232 2825 4300 ἐγκρίνεσθαι
2867 4234 3204 4290 διατάττεται
3250 4255 3264 4270 ·
3302 4241 3399 4304 τὰς
3428 4243 3494 4310 ρὲ
3534 4245 3640 4315 πρὸ
3676 4246 3769 4315 τῆς
3807 4249 4036 4317 ἡλικίας

2474 4323 2677 4391 ταύτης
2705 4328 3134 4391 συγκαταθέσεις
3184 4328 3438 4396 παιδικὰς
3471 4335 3683 4403 ήγείται
3716 4340 3922 4405 φωνάς.
3976 4342 4039 4394 '0

2473 4411 2530 4465 δὲ
2553 4414 2648 4484 τῆς
2678 4417 2896 4469 συνόδου
2925 4419 3126 4490 ταύτης
3164 4423 3351 4477 κανὼν
3379 4425 3611 4497 δεκαετῆ
3674 4433 3838 4499 φησὶν
3876 4429 3967 4486 εἶν
3987 4450 4022 4484 ις

813 4500 999 4554 decem
1041 4497 1196 4551 modo
1221 4512 1390 4550 annos
1411 4509 1568 4548 natus
1598 4496 1688 4558 sit,
1715 4496 1780 4548 ad
1809 4498 2114 4550 monasticaa
2136 4497 2370 4563 discipli-
2400 4533 2443 4588 υ
2472 4502 2487 4552 ἐ

2365 4525 2370 4535 ~
2400 4533 2443 4588 Β
2472 4502 2582 4556 δεῖν
2606 4507 2698 4557 τὶν
2731 4509 3024 4578 μοναχικὺν
3052 4511 3213 4579 ζυγὸν
3246 4496 3638 4586 ὑπερχόμενον.
3681 4496 3791 4572 καὶ
3820 4525 4039 4594 μέμνη-

816 4606 896 4642 me
922 4590 1333 4642 exercitationes
1353 4603 1414 4641 ac
1440 4588 1616 4640 munia
1645 4588 2029 4641 admittendum
2057 4591 2369 4642 essedecer-

813 4683 912 4735 nit.
944 4680 1008 4732 Et
1052 4681 1270 4733 canonis
1303 4681 1516 4746 quidem
1557 4694 1584 4730 a
1614 4679 1807 4732 Basilio
1826 4679 1951 4732 editi
1982 4680 2242 4746 meminit,
2273 4680 2367 4734 sed

808 4773 1057 4840 quoniam
1107 4772 1207 4824 hoc
1245 4781 1487 4838 tempore
1513 4779 1567 4821 et
1600 4769 1848 4823 Ecclesia:
1892 4770 2090 4837 aliquid
2133 4771 2361 4838 roboris,

808 4874 861 4913 et
907 4861 1025 4914 lidei
1073 4862 1190 4930 plus
1230 4861 1451 4913 omnino
1496 4858 1762 4912 ﬁrmitatis
1804 4861 2110 4926 accesserit,
2148 4863 2361 4930 sintque

809 4951 1040 5002 ﬁdelium
1076 4951 1237 5003 animi
1274 4950 1341 5003 ad
1371 4948 1695 5018 capessenda
1730 4950 1920 5002 divina:
1963 4951 2093 5016 legis
2139 4952 2359 5020 imperia

807 5043 1121 5110 paratiores,
1158 5044 1257 5095 hoc
1299 5044 1642 5111 dispensasse
1673 5041 1825 5094 dicit.
1858 5043 2152 5110 Simileque
2179 5059 2359 5098 exem-

806 5135 1042 5201 plnm'ex
1075 5146 1264 5202 quarta
1306 5135 1510 5202 synodo
1545 5135 1610 5188 de
1652 5134 1970 5188 diaeonissis
2013 5134 2236 5204 profert,
2275 5137 2359 5190 di-

803 5238 964 5274 cens:
991 5222 1121 5277 Cum
1150 5225 1358 5275 viduam
1386 5211 1657 5291 sexaginta
1683 5225 1839 5278 antris
1865 5236 2040 5277 natam
2063 5226 2181 5295 eligi
2208 5227 2362 5282 divus

808 5314 1002 5367 i’anlos
1024 5316 1319 5378 statuisset,
1351 5321 1593 5368 eamdem
1627 5332 1846 5382 prorsus
1890 5322 2149 5370 rationem
2184 5320 2355 5373 secuti

808 5405 1018 5468 Patres,
1067 5407 1207 5471 quod
1242 5418 1393 5459 aucta
1426 5405 1546 5459 lidei
1581 5412 1906 5471 constantia,
1942 5409 2157 5462 altiores
2187 5412 2352 5464 divini

2469 4613 2560 4648 ται
2592 4597 2692 4665 μὲν
2725 4600 2817 4652 τοῦ
2853 4604 3077 4668 κανόνος
3107 4602 3198 4660 τοῦ
3235 4611 3475 4678 μεγάλου
3517 4613 3799 4668 Βασιλείου
3821 4657 3837 4680 ,
3878 4620 4034 4686 λέγει

2467 4686 2523 4738 δὲ
2549 4691 2852 4760 οἰκονομεῖν
2883 4694 3062 4759 τοῦτο,
3095 4697 3170 4760 ὡς
3201 4701 3299 4762 τῆς
3342 4701 3668 4774 Ἐκκλησίας
3710 4715 4036 4778 κραταιοτέ-

2467 4791 2567 4868 ρας
2601 4780 2915 4850 γινομένης,
2945 4786 3038 4835 καὶ
3065 4785 3168 4854 τῆς
3197 4789 3433 4853 πίστεως
3462 4793 3554 4844 ἐπὶ
3585 4793 3746 4846 πλέον
3777 4802 4034 4868 στηριζο-

2469 4867 2654 4938 μένης,
2713 4873 2807 4922 καὶ
2846 4873 2954 4925 τῶν
2984 4878 3206 4930 ’πιστῶν
3254 4882 3391 4951 πρὸς
3444 4886 3676 4953 τήρησιν
3726 4890 3836 4941 τῶν
3867 4894 4033 4945 θείων

2463 4959 2692 5014 ἐντολῶν
2762 4963 2965 5032 μᾶλλον
3016 4967 3452 5039 ὲδραιουμένων.Γ
3507 4977 3785 5047 Κέχρηται
3836 4981 3892 5033 δὲ
3951 4989 4032 5046 εἰς

2465 5053 2816 5122 παράδειγμα
2861 5057 2956 5109 καὶ
2997 5059 3073 5127 τῷ
3112 5064 3242 5132 περὶ
3287 5064 3394 5116 τῶν
3434 5067 3794 5122 διακονισσῶν
3832 5076 4028 5129 κανόνι

2463 5145 2560 5212 τῆς
2594 5147 2859 5217 τετάρτης
2895 5151 3113 5204 συνόδου
3139 5193 3153 5216 ,
3187 5155 3358 5223 λέγων
3387 5158 3468 5210 ὅτι
3501 5160 3596 5212 τοῦ
3629 5161 3776 5214 θείου
3810 5165 4028 5220 Παύλου

2465 5235 2725 5306 ἑξήκοντα
2752 5240 2888 5291 ἐτῶν
2918 5243 3016 5306 τὰς
3059 5249 3231 5314 χήρας
3260 5248 3659 5316 καταλέγεσθαι
3689 5253 4028 5325 διαταξαμέ-

2461 5345 2576 5391 νου,
2635 5331 2682 5380 οἱ
2719 5331 2956 5401 Πατέρες
3008 5335 3105 5404 τὴν
3133 5338 3398 5406 παρθένον
3422 5345 3833 5411 τεσσαράκοντα
3883 5349 4026 5400 ἐτῶν

2460 5420 2626 5472 οὖσαν
2688 5429 3114 5492 χειροτονεῖσθαι
3183 5430 3430 5485 διάκονον
3506 5433 3714 5505 ὥρισαν
3783 5439 3873 5490 διὰ
3925 5445 4025 5510 τήν

2016 5531 2214 5593 Guill.
2248 5535 2572 5611 Beveregii
2613 5546 2798 5600 notte.

873 5644 981 5713 (9.6)
1013 5645 1173 5697 Μετὰ
1197 5646 1301 5696 τόν
1332 5645 1360 5698 ι’
1397 5648 1690 5701 ἐνιαυτόν.
1730 5649 1830 5703 Ms.
1879 5653 2343 5714 Amerbachianus

801 5713 928 5780 legit
973 5718 1107 5782 psi:
1163 5722 1250 5766 τὸν
1305 5721 1462 5767 πέντε
1501 5724 1592 5769 καὶ
1633 5721 1854 5772 δεκατὸν
1916 5727 2176 5778 ἐνιαυτόν.
2207 5713 2337 5780 (ὲυιιι

802 5799 978 5836 autem
1018 5790 1100 5837 hic
1129 5788 1192 5837 de
1227 5795 1473 5852 pra-sonti
1526 5806 1732 5843 canone
1761 5804 1970 5859 agatur,
1999 5795 2150 5861 juxta
2178 5815 2336 5866 quem

2451 5661 2724 5741 quispiam
2770 5675 2888 5732 post
2931 5668 3199 5725 decimum
3246 5679 3426 5729 :etatis
3472 5693 3677 5732 annum
3714 5685 4018 5735 monachus

2450 5742 2566 5815 neri
2623 5743 2821 5802 potest,
2884 5751 3067 5815 opstra
3096 5753 3147 5796 ct
3187 5747 3492 5803 communis
3523 5749 3684 5805 lectio
3729 5758 4020 5805 retinenda

2447 5813 2546 5854 est.
