4240 6442
229 388 335 450 657

1231 402 1309 459 IN
1352 402 1519 461 CAN.
1558 402 1687 460 XLI
1728 398 1938 458 CONC.
1980 401 2059 460 ΙΝ
2093 402 2401 461 TBUILO

3336 388 3441 450 658

228 499 406 569 αὐτὴν
441 499 659 566 πάντως
683 502 864 557 αἰτίαν
887 546 901 568 ,
932 506 1007 569 ὡς
1037 508 1132 574 τῆς
1170 511 1404 572 πίστεως
1433 508 1787 577 βεϐαιοτέρας
1818 539 1828 565 λ

1891 522 2103 576 quoque
2130 507 2372 575 obsequii
2410 522 2559 559 amor
2598 506 2649 555 in
2698 502 2944 557 humanis
2973 501 3278 571 pectoribus
3305 502 3445 554 radi-

223 591 549 661 γενοςιένης,
584 595 677 645 καὶ
711 595 821 647 τῶν
859 596 1161 667 ἀνθρώπων
1205 598 1623 668 προθυμοτέρων
1650 601 1783 669 πρὶς

221 680 327 749 τὴν
354 682 464 734 τῶν
503 685 735 739 ἑντολῶν
784 688 1035 757 φυλακήν
1060 708 1071 719 ·
1114 690 1254 758 πλὴν
1300 693 1393 744 καὶ
1438 692 1499 744 τὸ
1538 694 1663 762 περὶ
1692 691 1786 744 τοῦ

222 768 422 837 χρόνου
468 772 547 840 τῷ
587 774 687 839 τῆς
724 776 908 845 χώρας
955 778 1244 848 ἑπισκόπῳ
1288 780 1646 849 ἀνατίθησιν*
1700 781 1788 835 ἵνα

221 861 434 924 ἐκεῖνος
476 868 652 933 σκοπῇ
703 867 792 933 ἐφ’
840 868 1058 938 ἑκάστῳ
1115 870 1225 922 τῶν
1273 873 1370 923 τὸν
1411 875 1618 943 μονήρη
1674 872 1789 941 βίον

221 953 597 1021 αἱρουμένων,
646 959 695 1010 εί
735 960 855 1011 δέον
880 961 1186 1031 αὐξηθῆναι
1211 963 1361 1033 αὐτῷ
1390 964 1482 1017 τὸν
1511 965 1718 1035 χρόνον,
1753 966 1786 1036 ἢ

222 1044 325 1095 καὶ
351 1045 581 1116 δεκαετῆ
618 1049 897 1120 δεχθῆναι.
1135 1040 1148 1053 ’

223 1223 458 1277 ΑΡΙΣΤ.
505 1245 524 1278 ι
578 1227 637 1280 '0
673 1230 921 1297 μονάζων
977 1233 1200 1300 μονάσει
1244 1235 1526 1304 δεκαετὴς.
1576 1237 1633 1288 El
1683 1236 1789 1302 γὰρ

300 1333 322 1365 ς
369 1318 463 1369 καὶ
513 1321 542 1371 ὀ
579 1319 724 1382 θεῖος
758 1322 1039 1387 Βασίλειος
1079 1325 1180 1395 τὴν
1224 1326 1662 1397 ἀποκειρομένην
1699 1326 1790 1379 τὸν

303 1425 325 1458 ι
372 1411 838 1464 ἑπτακαιδέκατον
864 1414 1052 1466 ἀνύειν
1090 1415 1281 1485 χρόνον
1312 1417 1590 1485 ἀπέφηνεν
1615 1431 1631 1448 ’
1671 1414 1789 1468 ἀλλ’

302 1516 325 1549 ι
371 1500 525 1563 ἐπεὶ,
557 1500 653 1552 τοῦ
682 1502 989 1556 ἀποστόλου
1022 1503 1382 1574 ἑξηκονταέτη
1409 1502 1575 1558 οὖσαν
1602 1504 1701 1576 τήν
1730 1507 1790 1557 ἑν

303 1606 324 1640 ι
383 1589 681 1663 Ἐκκλησία
714 1596 888 1664 χήραν
926 1597 1249 1664 ἐγγυῶντος,
1262 1599 1363 1679 ⁵οί
1408 1598 1651 1668 Πατέρες
1691 1599 1790 1666 τὴν

293 1698 320 1729 4
368 1680 721 1736 διακόνισσαν
779 1686 988 1756 ἔφησαν
1039 1688 1582 1757 τεσσαρακονταέτην
1644 1687 1791 1755 γίνε-

300 1792 319 1822 σ
374 1774 524 1834 σθαι.
554 1778 950 1861 κραταιοτέρας
982 1779 1085 1847 τῆς
1126 1778 1447 1843 Ἐκκλησία
1467 1779 1784 1846 γενομένης’
1820 1807 1861 1861 Β

303 1881 323 1913 ι
378 1865 469 1915 καὶ
497 1859 656 1935 ἡμεῖς
680 1867 942 1937 ὀξυτέραν
970 1868 1068 1939 τὴν
1096 1870 1368 1941 σφραγῖδα
1398 1870 1476 1941 τῷ
1506 1870 1789 1940 μονάζοντι

302 1976 324 2006 σ
372 1959 774 2028 σημαινόμεθα.
824 1979 843 2013 ι

308 2051 372 2104 '0
402 2053 503 2117 μὲν
532 2053 1008 2118 ὀκτωκαιδέκατος
1042 2057 1227 2111 κανὼν
1254 2058 1351 2110 τοῦ
1395 2058 1633 2129 μεγάλου
1681 2060 1790 2113 Βα-

224 2142 432 2193 σιλείου
481 2143 622 2215 ὑπὲρ
668 2148 737 2199 τὰ
779 2146 972 2211 δεκαέξ
1001 2147 1033 2216 ἢ
1062 2149 1155 2202 καὶ
1200 2147 1479 2203 δεκαεπτά
1506 2150 1601 2215 ἑτη
1642 2151 1793 2216 λέγει

218 2235 468 2301 ὀφείλειν
500 2233 640 2288 εἶναι
668 2236 769 2305 τὴν
800 2237 1183 2307 προσάγουσαν
1220 2240 1418 2309 ἑαυτὴν
1451 2240 1529 2309 τῷ
1563 2243 1788 2312 Κυρίῳ,

231 2328 333 2378 καὶ
381 2330 834 2400 ἀποτασσομένην
879 2331 958 2401 τῷ
1002 2332 1205 2402 γάμῳ’
1235 2334 1318 2386 ἵνα
1363 2336 1420 2388 αἱ
1471 2335 1791 2406 ὑποσχέσεις

224 2421 405 2487 αὐτῆς
431 2422 646 2491 βέϐαιαι
671 2417 794 2483 ὦσι,
828 2426 924 2478 καὶ
961 2426 1231 2481 ἁθετοῦσα
1253 2431 1457 2491 ταύτας
1476 2429 1789 2499 ἀπαραιτή-
1834 2426 1837 2427 ⁷

222 2527 339 2571 τως
375 2513 696 2584 κολάζηται.
743 2515 857 2578 Τὰς
886 2515 995 2586 γάρ
1032 2517 1286 2580 παιδικὰς
1312 2519 1495 2586 φωνὰς
1523 2520 1585 2572 οὐ
1618 2537 1790 2589 προσ-ο
1816 2534 1819 2535 ⁷

239 2607 392 2671 ἠγει,
426 2607 585 2674 φησὶ,
619 2608 814 2676 κυρίας
843 2609 938 2662 ἰπὶ
967 2610 1077 2662 τῶν
1107 2611 1364 2663 τοιούτων
1396 2613 1670 2682 ἡγεῖσθαι.
1731 2613 1792 2669 Ὀ

229 2697 291 2749 δὲ
334 2697 526 2766 παρὼν
591 2698 771 2752 κανὼν
813 2700 907 2752 τὸν
960 2702 1034 2771 μὴ
1079 2702 1273 2772 ἥττονα
1321 2705 1432 2756 τῶν
1477 2704 1609 2758 δέκα
1652 2704 1791 2758 ἑτῶν

228 2790 469 2857 μονὰσαι
500 2789 721 2843 θέλοντα
751 2792 1139 2861 παραδέχεται,
1164 2793 1436 2857 ἀνατιθεὶς
1465 2796 1564 2861 τὴν
1594 2796 1686 2848 ἐπὶ
1713 2795 1791 2864 τῷ

226 2880 413 2949 χρόνῳ
450 2880 773 2949 δοκιμασίαν
819 2882 901 2944 είς
952 2884 1051 2952 τὴν
1102 2884 1283 2954 κρίσιν
1326 2885 1418 2938 τοῦ
1443 2880 1788 2956 ἡγουμένου,

224 2973 395 3041 εἰπερ
425 2973 641 3040 ἡγεῖται
676 2976 1119 3044 λυσιτελέστερον
1140 2976 1441 3046 αὐξηθῆναι
1472 2978 1634 3031 αὑτὸν
1655 2978 1791 3046 πρὸς

222 3064 329 3128 τὴν
368 3064 425 3116 ἓν
464 3064 540 3133 τῷ
578 3066 801 3135 μονήρει
841 3066 937 3135 βίῳ
975 3068 1255 3137 διαγωγὴν
1295 3070 1391 3121 καὶ
1432 3069 1785 3123 κατάστασιν.

1890 615 1979 653 ces
2036 601 2257 666 egisset,
2312 596 2786 665 quadragenariam
2840 596 3095 663 virginem
3150 595 3200 646 in
3261 594 3440 645 allium

1887 692 2315 745 diaconissarum
2381 689 2564 742 referri
2615 689 2778 742 licere
2827 688 3197 740 decreverunt.
3243 684 3296 737 lli
3340 700 3445 751 quo

1890 793 2065 837 tamen
2095 798 2206 837 rem
2240 792 2424 844 totam,
2450 781 2591 849 quod
2618 782 2683 836 ad
2706 791 2920 833 mtatcm
2951 778 3159 837 attinet,
3206 777 3444 845 episcopi

1888 876 2111 929 arbitrio
2136 875 2393 944 permittit
2419 891 2434 939 ;
2471 884 2528 925 ιιι
2555 876 2859 943 quicunque
2891 887 2950 925 se
2990 872 3301 925 manas-lica!
3322 871 3443 923 vita:

1889 963 2070 1016 studio
2101 962 2269 1016 teneri
2294 962 2605 1026 ostenderit,
2637 978 2765 1015 nmn
2789 972 2981 1015 exacto
3007 961 3266 1014 decennio
3300 960 3440 1013 illico

1889 1055 2297 1118 admittendum,
2337 1071 2402 1108 an
2435 1055 2606 1109 :etatis
2631 1069 2970 1124 progressum
2996 1054 3227 1122 aliquem
3258 1068 3447 1121 exspe-

1889 1147 2141 1198 ctandum
2180 1154 2344 1209 putet,
2383 1146 2494 1212 ipse
2526 1145 2794 1213 dispiciat.

1890 1237 2111 1292 ARIST.
2145 1255 2163 1286 ι
2212 1237 2500 1290 Monachus
2524 1240 2705 1291 decem
2747 1250 2917 1289 annos
2945 1245 3098 1289 natus
3136 1235 3299 1287 vitam
3333 1247 3447 1284 mo-

1966 1349 1985 1382 ι
2029 1329 2291 1384 nasticam
2340 1336 2481 1398 aget.
2531 1327 2754 1382 Etiamsi
2807 1326 2949 1378 enim
3002 1325 3157 1377 divus
3217 1324 3447 1377 Basilius

1969 1440 1988 1473 ι
2033 1423 2307 1476 detonsam
2352 1420 2733 1489 septemdecim
2768 1434 2938 1471 annos
2985 1417 3277 1484 transigere.
3312 1431 3445 1468 ceu-

1968 1528 1989 1562 t
2035 1508 2200 1563 suerit
2252 1518 2354 1562 :at
2403 1506 2657 1574 quoniam
2704 1505 2985 1572 Apostolus
3036 1504 3248 1556 viduam
3295 1519 3446 1556 sexa-

1966 1623 1985 1656 ι
2030 1602 2302 1674 genariam
2349 1599 2600 1654 Ecclesia:
2644 1599 2962 1666 desponsam
3020 1597 3207 1655 tradit.
3265 1593 3449 1647 Patres

1967 1716 1985 1748 ι
2032 1694 2393 1748 diaconissam
2458 1689 2939 1760 quadragenariam
3004 1688 3246 1741 ordinari
3299 1688 3447 1739 dixer

1965 1805 1986 1840 ι
2034 1797 2178 1851 runt,
2216 1785 2451 1840 Ecclesia
2482 1782 2705 1842 nrtniori
2743 1780 2945 1834 reddita
2972 1795 2987 1842 ;
3014 1788 3068 1832 et
3100 1794 3195 1832 nos
3233 1792 3448 1847 quoque

1966 1900 1987 1933 ι
2034 1880 2195 1935 citius
2221 1877 2487 1933 monacho
2512 1875 2743 1944 sigillum
2773 1875 3118 1944 imponimus.
3161 1893 3179 1924 ι

1964 2062 2208 2116 Decimus
2223 2060 2436 2128 quidem
2459 2065 2680 2112 octavus
2697 2055 2879 2110 Basilii
2908 2056 3082 2124 magni
3109 2070 3280 2109 canon
3307 2070 3445 2119 eam,

1890 2170 2010 2224 quze
2040 2168 2097 2208 se
2126 2150 2351 2206 Domino
2378 2148 2535 2202 ollcrt
2568 2157 2620 2202 et
2650 2147 3001 2201 matrimonio
3022 2147 3315 2210 renuntiat,
3355 2160 3447 2199 su-

1890 2261 1987 2315 pra
2038 2244 2307 2299 sexdecim
2358 2242 2439 2297 vel
2484 2241 2645 2295 etiam
2687 2240 3069 2311 septemdecim
3118 2253 3237 2293 esse
3279 2254 3451 2293 annos

1891 2339 2086 2393 debere
2119 2336 2251 2391 dicit
2294 2350 2311 2388 :
2349 2342 2409 2389 ut
2450 2333 2717 2404 promissa
2756 2333 2874 2401 ejus
2904 2332 3054 2411 tit-ma
3090 2331 3239 2397 ﬁant,
3282 2345 3454 2398 eaque

1890 2433 2097 2488 violans
2117 2429 2477 2485 inexorabiles
2493 2429 2609 2484 luat
2627 2442 2832 2496 pinnas.
2855 2425 3089 2482 Pueriles
3105 2426 3249 2480 enim
3268 2439 3452 2487 voces.

1890 2525 2080 2594 inquit,
2118 2525 2173 2579 in
2206 2525 2353 2579 hisce
2402 2533 2547 2579 ratas
2581 2522 2891 2577 existimare
2932 2536 3041 2575 non
3068 2520 3340 2575 convenit.
3384 2520 3455 2573 At

1889 2634 2126 2691 praesens
2148 2632 2317 2673 canon
2340 2632 2485 2678 eum,
2505 2616 2594 2684 qui
2627 2630 2731 2669 non
2758 2614 2933 2668 minor
2960 2623 3045 2667 est
3072 2628 3233 2683 quam
3261 2614 3447 2665 decem
3515 2646 3518 2650 λ

1890 2725 2059 2768 annos
2090 2718 2271 2774 natus,
2306 2716 2363 2764 et
2404 2709 2724 2762 monachum
2776 2720 2933 2771 agere
2977 2705 3144 2771 cupit.
3191 2691 3450 2767 admittit,

1890 2805 1958 2859 de
1980 2779 2687 2872 tempore'examinationem
2710 2798 2951 2866 prtesulis
2974 2797 3177 2864 judicio
3197 2799 3449 2851 commit-

1892 2904 2032 2957 tens.
2067 2910 2132 2949 an
2175 2893 2361 2964 augeri
2396 2903 2603 2961 tempus
2628 2890 3021 2945 conducibilius
3061 2890 3337 2945 existimet
3385 2890 3452 2942 ad

1891 2989 2336 3042 introductioneut
2362 2995 2415 3039 et
2434 2986 2872 3039 constitutionem
2905 2984 2957 3034 in
2982 2984 3089 3033 vita
3127 2980 3445 3035 monastica.

1891 3077 2125 3145 Tempus
2167 3088 2344 3130 autem
2397 3091 2424 3129 a
2471 3075 2665 3129 Basilio
2716 3061 2907 3143 magno
2949 3072 3221 3125 deﬁnitum
3264 3071 3454 3124 minuit

225 3154 479 3207 Ἐλαττοῖ
536 3155 592 3208 δὲ
645 3157 736 3208 τὸν
785 3158 977 3226 χρόνον
1027 3158 1119 3211 τὸν
1156 3159 1440 3229 ὁρισθέντα
1494 3161 1647 3229 παρὰ
1692 3141 1828 3213 τοῦ⁴

1891 3183 2086 3233 canon,
2128 3170 2252 3236 quia
2303 3166 2598 3221 Ecclesiam
2629 3165 2823 3232 ,gratia
2866 3163 3041 3216 divina
3096 3161 3449 3228 potentiorem

229 3249 477 3315 μεγάλου
511 3251 825 3310 Βασιλείου.
872 3252 962 3305 διὰ
990 3254 1051 3305 τὸ
1081 3252 1181 3322 τὴν
1232 3255 1559 3321 Ἐκκλησίαν
1604 3254 1788 3325 χάριτι

223 3341 353 3410 θείᾳ
389 3344 789 3411 κραταιοτέραν
816 3346 969 3416 ὀρᾷν,
996 3347 1087 3398 καὶ
1113 3347 1204 3397 ἐπὶ
1240 3347 1306 3399 τὰ
1346 3347 1533 3414 πρόσω
1561 3349 1789 3417 προσαί-

222 3449 429 3484 νουσαν
459 3435 554 3485 καὶ
583 3434 1041 3502 προκόπτουσαν,
1090 3435 1183 3489 καὶ
1222 3436 1347 3498 τοὺς
1387 3439 1609 3499 πιστοὺς
1655 3440 1789 3504 πρὸς

222 3526 333 3592 τὴν
356 3525 465 3577 τῶν
499 3526 658 3579 Θείων
688 3527 919 3579 ἐντολῶν
952 3530 1187 3598 τήρησιν
1218 3530 1663 3600 ἀσφαλεστέρους
1692 3533 1790 3583 καὶ

226 3617 613 3687 παγιωτέρους
667 3618 999 3673 δείκνυσθαι.
1042 3621 1151 3673 Καὶ
1193 3622 1303 3691 γὰρ
1346 3621 1433 3676 διά
1481 3623 1573 3676 τὸν
1628 3624 1790 3676 αὐτὸν

223 3710 413 3775 λόγον,
449 3713 529 3763 ὃτι
556 3712 691 3780 πρὸς
719 3713 780 3763 τὸ
808 3714 1054 3780 κρεῖττον
1084 3715 1115 3781 ἡ
1139 3714 1436 3783 Ἐκκλησία
1470 3716 1788 3784 προέκοψεν,

224 3803 553 3871 ἠλάττωσαν
610 3807 659 3857 οι
715 3806 850 3875 ἱεροὶ
910 3809 1132 3869 κανόνες
1189 3809 1411 3861 καὶτὸν
1456 3810 1648 3880 χρόνον
1690 3811 1792 3877 τῆς

224 3893 606 3960 διακονίσσης,
639 3895 734 3947 καὶ
751 3898 1173 3966 τεσσαράκοντα
1198 3899 1336 3951 ἑτῶν
1369 3903 1790 3969 χειροτονεῖσθαι

222 3984 435 4055 ταύτην
494 3988 939 4056 παραδεδώκασιν
984 4004 999 4020 ⁸
1032 3990 1081 4041 εἰ
1115 3992 1206 4043 καὶ
1243 3991 1273 4043 ὀ
1304 3992 1622 4056 ’Λπόστολος
1669 3993 1793 4064 ἑξή-

224 4094 400 4130 κοντα
433 4079 570 4130 ἑτῶν
597 4084 697 4149 τὴν
737 4083 797 4133 ἑν
845 4084 911 4152 τῇ
947 4082 1249 4153 Ἐκκλησία
1284 4085 1586 4154 μέλλουσαν
1622 4106 1791 4143 κατα-

222 4170 284 4222 λε
293 4169 463 4239 γῆναι
496 4171 674 4241 χήραν
706 4175 1052 4243 προστάττει.

791 4265 1030 4320 ΚᾹΝΩΝ
1092 4269 1229 4322 MA'.

224 4374 247 4406 s
300 4355 445 4417 Τοὺς
470 4355 528 4407 ἑν
576 4356 797 4409 πόλεσιν
828 4356 862 4427 ἢ
897 4358 1118 4429 χωρίοις
1163 4359 1222 4411 ἑν
1260 4360 1640 4431 ἑγκλείστραις
1671 4361 1790 4431 βου-

306 4466 332 4499 ο
378 4447 640 4514 λομένους
692 4450 1017 4520 ἀναχωρεῖν,
1079 4454 1172 4505 καὶ
1215 4452 1429 4515 ἑαυτοῖς
1477 4454 1789 4523 καταμόνας
1821 4469 1866 4526 ο

306 4555 329 4587 ε
375 4537 709 4606 προσέχειν,
764 4538 1031 4608 πρότερον
1073 4540 1131 4591 ἑν
1177 4540 1525 4610 μοναστηρίῳ
1562 4543 1787 4596 εἰσιέναι

306 4645 327 4678 σ
376 4628 497 4689 δεῖ,
545 4630 641 4681 καὶ
693 4628 793 4698 τὴν
852 4630 1274 4701 ἀναχωρητικὴν
1325 4632 1789 4703 παιδοτριϐεῖσθαι

306 4739 329 4770 ι
375 4720 674 4788 διαγωγὴν,
708 4722 799 4773 καὶ
832 4722 925 4772 ἑ.πὶ
955 4722 1145 4791 τριετῆ
1172 4723 1363 4792 χρόνον
1393 4723 1470 4791 τῷ
1501 4724 1595 4794 τῆς
1626 4731 1791 4794 μονῆς

304 4833 328 4865 ί
376 4812 654 4882 ὲξάρχοντι
688 4814 746 4865 ἑν
772 4813 919 4882 φόϐῳ
947 4812 1087 4865 Θεοῦ
1117 4814 1531 4877 ὑποτάττεσθαι,
1565 4819 1661 4870 καὶ
1694 4820 1791 4887 τὴν

308 4925 330 4956 ε
376 4905 518 4957 κατά
551 4905 746 4962 πάντα.
783 4906 859 4967 ὡς
887 4906 1176 4976 προσήκει,
1209 4895 1453 4975 ὑπακοὴν
1485 4907 1790 4977 ἐκπληροῦν

307 5016 329 5046 s
379 4997 475 5048 καὶ⁵
501 4995 675 5058 οὕτως
705 4996 1103 5066 ὁμολογοῦντας
1140 4997 1263 5066 περὶ
1294 4998 1390 5066 τῆς
1420 5000 1476 5049 ὲν
1505 5000 1581 5067 τῷ
1612 4998 1787 5053 τοιού-

308 5110 331 5140 (
379 5108 457 5158 τῳ
491 5088 590 5159 βίῳ
623 5090 1015 5160 προαιρέσεως,
1066 5092 1157 5142 καὶ
1200 5092 1275 5153 ὼς
1313 5092 1370 5157 ἑξ
1404 5092 1533 5161 ὅλης
1566 5094 1791 5161 καρδίας

304 5198 326 5231 s
375 5180 637 5241 ἑκουσίους
665 5180 852 5233 τοῦτον
874 5181 1242 5244 ἀσπάζονται,
1270 5181 1372 5234 ὑπὸ
1403 5183 1498 5234 τοῦ
1530 5184 1669 5236 κατά
1697 5186 1788 5237 τὸν

304 5290 327 5323 ι
369 5273 538 5324 τόπον
581 5270 975 5339 δοκιμάζεσθαι
1023 5271 1290 5339 προέδρου
1319 5287 1334 5303 ⁸
1370 5269 1472 5324 εἷθ’
1501 5272 1672 5337 οὕτως
1703 5274 1788 5343 ἐφ’

301 5387 323 5419 ι
373 5369 563 5435 ἓτερον
626 5365 870 5419 ἐνιαυτὸν
945 5365 1142 5430 ἔξωθεν
1206 5370 1640 5437 προσκαρτερεῖν
1692 5369 1789 5437 τῆς

304 5478 326 5511 ο
370 5457 747 5528 ἑγκλείστρας,
778 5456 854 5518 ὠς
884 5454 951 5509 ἂν
980 5456 1008 5508 ὀ
1041 5457 1239 5520 σκοπὸς
1304 5456 1487 5509 αὐτῶν
1528 5460 1789 5522 πλειόνως

304 5570 327 5603 s
373 5548 681 5619 φανερωθῇ.
723 5546 1037 5611 Τηνικαῦτα
1086 5549 1193 5617 γὰρ
1234 5547 1602 5616 πληροφορίαν
1648 5565 1788 5616 παρ.

297 5660 322 5694 s
369 5642 602 5703 ἕξουσιν,
631 5639 705 5701 ὡς
718 5639 780 5692 οὗ
810 5638 973 5707 κενὴν
1003 5638 1309 5707 θηρώμενοι
1337 5638 1529 5701 δόξαν.
1558 5639 1694 5690 ἀλλά
1720 5639 1787 5691 δι’

300 5751 323 5784 ι
370 5730 503 5785 αὐτὸ
527 5730 589 5782 τὸ
625 5730 795 5791 ὅντως
840 5728 1010 5781 καλὸν
1033 5728 1133 5797 τὴν
1160 5728 1390 5797 ἡσυχίαν
1414 5727 1617 5798 ταύτην
1657 5730 1783 5782 διώ-

300 5843 321 5876 ι
371 5839 546 5878 nouat.
604 5822 756 5877 Μετά
795 5821 853 5874 δὲ
888 5820 987 5896 τὴν
1016 5820 1266 5875 τοσούτου
1302 5822 1497 5891 χρόνου
1530 5821 1782 5894 συμπλήα

1890 3276 2032 3324 esse,
2066 3269 2120 3315 et
2148 3259 2372 3313 ulterius
2405 3260 2695 3326 procedere
2724 3267 2775 3311 ct
2804 3255 3045 3323 provehi,
3078 3265 3129 3305 et.
3169 3253 3351 3306 fideles
3382 3253 3449 3303 ad

1891 3353 2190 3406 divinorum
2220 3352 2592 3405 mandatorum
2629 3348 3060 3401 observationem
3096 3345 3360 3397 tirmiorcs
3396 3353 3451 3394 ct

1893 3444 2195 3499 stabiliores
2212 3442 2383 3496 videri
2424 3440 2900 3510 dcprehendissent
2939 3439 3145 3493 Patres.
3184 3437 3263 3491 Ob
3298 3451 3449 3490 eam-

1892 3537 2010 3590 dem
2057 3536 2199 3588 enim
2250 3534 2507 3588 rationem
2529 3572 2543 3594 ,
2565 3534 2835 3602 quoniam,
2859 3532 2962 3585 viz.
2988 3532 3051 3582 ad
3095 3531 3284 3585 melius
3329 3545 3453 3597 ιιι-ος

1892 3628 2036 3680 cedit
2089 3624 2323 3679 Ecclesia
2350 3663 2364 3684 ,
2395 3625 2534 3678 sacri
2579 3638 2815 3677 canones
2843 3630 2896 3674 et
2948 3621 3259 3675 diacouisste
3317 3629 3452 3673 tem-

1891 3733 1994 3784 pus
2024 3717 2366 3779 imtuinuuut,
2396 3731 2625 3786 eantque
2658 3731 2778 3768 cum
2803 3715 3156 3783 quadraginta
3188 3714 3259 3765 sit
3284 3728 3451 3765 anuo-

1891 3825 2006 3863 rum
2025 3810 2258 3864 ordinari
2285 3816 2519 3862 statuunt
2544 3826 2558 3865 ;
2578 3808 2786 3861 etiamsi
2804 3808 3092 3873 Apostolus
3111 3807 3221 3872 ipse
3238 3807 3451 3858 viduam

1890 3914 2010 3969 qua:
2041 3899 2094 3952 in
2129 3898 2364 3954 Ecclesia
2386 3909 2470 3953 est
2487 3899 2725 3967 eligenda
2748 3899 3021 3966 sexaginta
3046 3912 3164 3951 esse
3187 3911 3452 3951 annorum

1891 3990 2057 4059 iubet.

2379 4262 2541 4332 206
2560 4260 2785 4317 canon
2818 4262 2954 4316 xu.

1897 4374 1917 4408 ι
1962 4355 2089 4417 Eos,
2118 4355 2206 4424 qui
2245 4356 2298 4408 in
2345 4356 2566 4408 urbibus
2593 4354 2676 4408 vel
2701 4355 2835 4407 vicis
2874 4355 2927 4408 in
2974 4353 3240 4411 clattsuris
3266 4351 3449 4409 volunt

1974 4467 1993 4500 ι
2034 4447 2310 4511 secedere,
2344 4456 2397 4501 et
2429 4448 2531 4502 sibi
2562 4447 2692 4515 ipsis
2727 4450 3015 4514 separatim
3048 4463 3139 4501 seu
3170 4448 3219 4500 in
3260 4447 3450 4501 solitu-

1975 4561 1994 4593 ι
2039 4541 2163 4595 dine
2199 4550 2428 4596 mentem
2464 4541 2737 4605 adhibere,
2782 4541 2933 4610 prius
2978 4541 3190 4608 quidem
3241 4543 3292 4594 in
3336 4558 3450 4595 mo-

1968 4654 1986 4687 ι
2035 4634 2328 4687 nasterinm
2377 4632 2585 4701 ingredi
2632 4642 2880 4702 oportet,
2921 4642 2969 4687 cl
3016 4634 3448 4688 anachoreticam

1970 4746 1989 4779 ι
2034 4727 2243 4780 vivendi
2291 4726 2551 4779 rationem
2603 4740 2877 4789 exercere,
2923 4735 2975 4779 et
3012 4727 3184 4794 spatio
3227 4725 3447 4779 triennii

1967 4838 1987 4872 ι
2028 4820 2098 4885 ei,
2132 4821 2221 4886 qui
2257 4818 2517 4872 mansioni
2555 4827 2769 4887 prmest.
2805 4818 2857 4872 in
2889 4818 2977 4871 Dei
3007 4819 3196 4872 timore
3235 4833 3447 4885 parere.

1968 4928 1991 4960 ι
2027 4918 2081 4961 ct
2132 4906 2484 4960 obedientiam
2537 4905 2588 4959 in
2634 4906 2910 4967 omnibus,
2965 4913 3019 4956 ut
3077 4919 3285 4973 mquum
3344 4914 3448 4969 cst,

1968 5018 1986 5051 ι
2036 4998 2278 5066 implere;
2308 5006 2359 5051 et
2391 4997 2460 5049 ita
2508 4996 2575 5050 de
2620 4997 2733 5064 ejus
2767 4999 2886 5048 vitae
2916 4995 3170 5062 eligendae
3205 4996 3448 5048 instituto

1968 5110 1987 5142 ι
2031 5091 2362 5157 proﬁtentes,
2412 5095 2465 5139 et
2515 5090 2655 5154 quod
2707 5101 2823 5140 eam
2872 5102 2935 5139 ex
2996 5096 3106 5140 toto
3150 5088 3310 5139 corde
3352 5102 3448 5139 sua

1970 5202 1988 5234 ι
2033 5191 2222 5249 sponte
2277 5179 2711 5248 amplectuntur,
2772 5178 2838 5229 ab
2894 5178 3007 5240 eius
3061 5179 3159 5231 loci
3225 5179 3449 5247 prmsule

1966 5290 1985 5323 ι
2031 5270 2327 5324 examinari
2361 5287 2375 5325 :
2404 5269 2594 5323 deinde
2625 5270 2703 5323 sic
2735 5269 2839 5321 alio
2873 5285 3014 5322 anno
3041 5282 3193 5322 extra
3232 5269 3449 5323 clausu-

1966 5382 1985 5415 ι
2035 5378 2148 5415 ram
2184 5363 2394 5415 fortiter
2421 5376 2477 5413 se
2502 5376 2711 5429 gerere,
2742 5371 2801 5414 ut
2830 5377 3022 5427 scopus
3052 5376 3235 5413 eorum
3259 5361 3447 5414 evadat

1969 5473 1987 5506 ι
2032 5453 2395 5507 manifestior.
2431 5449 2585 5504 Tunc
2635 5451 2775 5503 enim
2827 5451 2979 5518 plene
3022 5459 3179 5518 atque
3214 5450 3449 5516 perfecte

1966 5565 1985 5599 ι
2031 5546 2434 5614 signiﬁcabunt,
2486 5544 2627 5611 quod
2672 5558 2775 5596 non
2826 5544 3037 5594 inanem
3084 5540 3308 5607 gloriam
3358 5557 3449 5594 ca-

1961 5657 1981 5691 r
2026 5650 2258 5707 ptantes,
2307 5639 2401 5691 sed
2451 5645 2669 5706 propter
2710 5637 2883 5702 ipsum
2929 5647 3111 5687 revera
3162 5649 3228 5700 pu
3255 5633 3447 5687 citrum

1961 5751 1979 5783 σ
2026 5747 2088 5785 ac
2122 5732 2401 5785 honestum
2423 5769 2439 5792 ,
2472 5729 2609 5782 hanc
2642 5727 2983 5781 solitudinem
3030 5737 3444 5791 persequuntur.

1965 5843 1983 5876 ι
2021 5822 2153 5881 Post
2182 5823 2317 5877 tanti
2358 5830 2543 5877 autem
2592 5820 2861 5887 tempatis
2891 5819 3364 5887 cmuplomertum.
3393 5822 3444 5874 si
