  <div class='ocr_page' id='page_1' title='image "/cluster/home/n/w/nwhite01/storage/ocr_20150623/137/nnc1.0046979786/359.png"; bbox 0 0 4240 6442; ppageno 0'>
   <div class='ocr_carea' id='block_1_1' title="bbox 782 372 4041 473">
    <p class='ocr_par' dir='ltr' id='par_1_1' title="bbox 782 372 4041 473">
     <span class='ocr_line' id='line_1_1' title="bbox 782 372 4041 473; baseline -0.003 -18"><span class='ocrx_word' id='word_1_1' title='bbox 782 392 889 455; x_wconf 81' lang='lat'><strong>663</strong></span> <span class='ocrx_word' id='word_1_2' title='bbox 2044 372 2324 454; x_wconf 84' lang='lat' dir='ltr'><strong>THEOD.</strong></span> <span class='ocrx_word' id='word_1_3' title='bbox 2368 393 2770 473; x_wconf 57' lang='lat' dir='ltr'><strong>BALSAMON</strong></span> <span class='ocrx_word' id='word_1_4' title='bbox 3928 385 4041 447; x_wconf 73' lang='lat' dir='ltr'><strong>est</strong></span> 
     </span>
    </p>
   </div>
   <div class='ocr_carea' id='block_1_2' title="bbox 776 498 2366 576">
    <p class='ocr_par' dir='ltr' id='par_1_2' title="bbox 776 504 2347 574">
     <span class='ocr_line' id='line_1_2' title="bbox 776 504 2347 574; baseline 0.003 -17"><span class='ocrx_word' id='word_1_5' title='bbox 776 514 835 557; x_wconf 77' lang='lat' dir='ltr'><strong>ut</strong></span> <span class='ocrx_word' id='word_1_6' title='bbox 863 506 1080 559; x_wconf 88' lang='lat' dir='ltr'><strong>omnem</strong></span> <span class='ocrx_word' id='word_1_7' title='bbox 1110 505 1210 561; x_wconf 81' lang='lat' dir='ltr'><strong>sibi</strong></span> <span class='ocrx_word' id='word_1_8' title='bbox 1254 504 1471 573; x_wconf 88' lang='lat' dir='ltr'><strong>penitus</strong></span> <span class='ocrx_word' id='word_1_9' title='bbox 1499 520 1566 561; x_wconf 80' lang='lat' dir='ltr'><strong>ex</strong></span> <span class='ocrx_word' id='word_1_10' title='bbox 1614 505 1938 561; x_wconf 80' lang='lat' dir='ltr'><strong>statiuncula</strong></span> <span class='ocrx_word' id='word_1_11' title='bbox 1978 520 2073 559; x_wconf 86' lang='lat' dir='ltr'><strong>sua</strong></span> <span class='ocrx_word' id='word_1_12' title='bbox 2112 507 2347 574; x_wconf 84' lang='lat' dir='ltr'><strong>amplius</strong></span> 
     </span>
    </p>
   </div>
   <div class='ocr_carea' id='block_1_3' title="bbox 2468 498 4042 576">
    <p class='ocr_par' dir='ltr' id='par_1_3' title="bbox 2468 498 4042 576">
     <span class='ocr_line' id='line_1_3' title="bbox 2468 498 4042 576; baseline 0 -20"><span class='ocrx_word' id='word_1_13' title='bbox 2468 504 2721 571; x_wconf 74' lang='grc' dir='ltr'><strong>ὒφέλειαν</strong></span> <span class='ocrx_word' id='word_1_14' title='bbox 2782 506 2911 566; x_wconf 76' lang='grc' dir='ltr'><strong>ἴσως</strong></span> <span class='ocrx_word' id='word_1_15' title='bbox 2969 505 3066 572; x_wconf 80' lang='grc' dir='ltr'><strong>τῆς</strong></span> <span class='ocrx_word' id='word_1_16' title='bbox 3130 500 3317 573; x_wconf 83' lang='grc' dir='ltr'><strong>χώρας</strong></span> <span class='ocrx_word' id='word_1_17' title='bbox 3372 498 3827 576; x_wconf 72' lang='grc' dir='ltr'><strong>ένῇδιάγουσιν,</strong></span> <span class='ocrx_word' id='word_1_18' title='bbox 3880 503 4042 572; x_wconf 77' lang='grc' dir='ltr'><strong>ἦδιά</strong></span> 
     </span>
    </p>
   </div>
   <div class='ocr_carea' id='block_1_4' title="bbox 776 583 2366 667">
    <p class='ocr_par' dir='ltr' id='par_1_4' title="bbox 776 596 2349 667">
     <span class='ocr_line' id='line_1_4' title="bbox 776 596 2349 667; baseline 0.004 -20"><span class='ocrx_word' id='word_1_19' title='bbox 776 596 1087 663; x_wconf 81' lang='lat' dir='ltr'><strong>egrediendi</strong></span> <span class='ocrx_word' id='word_1_20' title='bbox 1134 605 1459 667; x_wconf 88' lang='lat' dir='ltr'><strong>potestatem</strong></span> <span class='ocrx_word' id='word_1_21' title='bbox 1522 607 1762 665; x_wconf 90' lang='lat' dir='ltr'><strong>ereptam</strong></span> <span class='ocrx_word' id='word_1_22' title='bbox 1815 612 1941 654; x_wconf 81' lang='lat' dir='ltr'><strong>esse</strong></span> <span class='ocrx_word' id='word_1_23' title='bbox 1996 597 2349 665; x_wconf 85' lang='lat' dir='ltr'><strong>intelligant:</strong></span> 
     </span>
    </p>
   </div>
   <div class='ocr_carea' id='block_1_5' title="bbox 2468 583 4040 667">
    <p class='ocr_par' dir='ltr' id='par_1_5' title="bbox 2468 583 4040 658">
     <span class='ocr_line' id='line_1_5' title="bbox 2468 583 4040 658; baseline -0.001 -10"><span class='ocrx_word' id='word_1_24' title='bbox 2468 596 2698 650; x_wconf 85' lang='grc' dir='ltr'><strong>ιίνδυνον</strong></span> <span class='ocrx_word' id='word_1_25' title='bbox 2756 595 2886 658; x_wconf 87' lang='grc' dir='ltr'><strong>ίσως</strong></span> <span class='ocrx_word' id='word_1_26' title='bbox 2942 595 3175 649; x_wconf 82' lang='grc' dir='ltr'><strong>θάνατον</strong></span> <span class='ocrx_word' id='word_1_27' title='bbox 3211 583 3564 649; x_wconf 78' lang='grc' dir='ltr'><strong>ἀπειλοῦντα.</strong></span> <span class='ocrx_word' id='word_1_28' title='bbox 3597 595 3708 647; x_wconf 74' lang='grc' dir='ltr'><strong>Καὶ</strong></span> <span class='ocrx_word' id='word_1_29' title='bbox 3740 590 3925 656; x_wconf 80' lang='grc' dir='ltr'><strong>οὕτως</strong></span> <span class='ocrx_word' id='word_1_30' title='bbox 3979 595 4040 647; x_wconf 73' lang='grc' dir='ltr'><strong>δὲ</strong></span> 
     </span>
    </p>
   </div>
   <div class='ocr_carea' id='block_1_6' title="bbox 779 683 2366 759">
    <p class='ocr_par' dir='ltr' id='par_1_6' title="bbox 779 688 2349 759">
     <span class='ocr_line' id='line_1_6' title="bbox 779 688 2349 759; baseline 0.001 -18"><span class='ocrx_word' id='word_1_31' title='bbox 779 688 889 742; x_wconf 83' lang='lat' dir='ltr'><strong>Nisi</strong></span> <span class='ocrx_word' id='word_1_32' title='bbox 924 690 969 744; x_wconf 87' lang='lat' dir='ltr'><strong>si</strong></span> <span class='ocrx_word' id='word_1_33' title='bbox 1003 688 1140 743; x_wconf 80' lang='lat' dir='ltr'><strong>forte</strong></span> <span class='ocrx_word' id='word_1_34' title='bbox 1170 689 1474 745; x_wconf 86' lang='lat' dir='ltr'><strong>necessaria</strong></span> <span class='ocrx_word' id='word_1_35' title='bbox 1503 704 1691 754; x_wconf 90' lang='lat' dir='ltr'><strong>causa,</strong></span> <span class='ocrx_word' id='word_1_36' title='bbox 1725 690 1807 745; x_wconf 83' lang='lat' dir='ltr'><strong>vel</strong></span> <span class='ocrx_word' id='word_1_37' title='bbox 1833 688 2033 759; x_wconf 87' lang='lat' dir='ltr'><strong>aliquid</strong></span> <span class='ocrx_word' id='word_1_38' title='bbox 2061 690 2115 745; x_wconf 93' lang='lat' dir='ltr'><strong>in</strong></span> <span class='ocrx_word' id='word_1_39' title='bbox 2139 692 2349 759; x_wconf 76' lang='lat' dir='ltr'><strong>publica</strong></span> 
     </span>
    </p>
   </div>
   <div class='ocr_carea' id='block_1_7' title="bbox 2468 683 4038 759">
    <p class='ocr_par' dir='ltr' id='par_1_7' title="bbox 2468 683 4038 754">
     <span class='ocr_line' id='line_1_7' title="bbox 2468 683 4038 754; baseline -0.001 -17"><span class='ocrx_word' id='word_1_40' title='bbox 2468 686 2598 751; x_wconf 64' lang='lat' dir='ltr'><strong>usti</strong></span> <span class='ocrx_word' id='word_1_41' title='bbox 2623 684 2846 754; x_wconf 78' lang='grc' dir='ltr'><strong>γνώμης</strong></span> <span class='ocrx_word' id='word_1_42' title='bbox 2883 686 2980 737; x_wconf 76' lang='grc' dir='ltr'><strong>καὶ</strong></span> <span class='ocrx_word' id='word_1_43' title='bbox 3015 684 3267 752; x_wconf 72' lang='grc' dir='ltr'><strong>εὐλογίας</strong></span> <span class='ocrx_word' id='word_1_44' title='bbox 3300 683 3395 736; x_wconf 76' lang='grc' dir='ltr'><strong>τοῦ</strong></span> <span class='ocrx_word' id='word_1_45' title='bbox 3449 683 3758 736; x_wconf 72' lang='grc' dir='ltr'><strong>ἐπισκόπου</strong></span> <span class='ocrx_word' id='word_1_46' title='bbox 3816 683 4038 749; x_wconf 71' lang='grc' dir='ltr'><strong>ἐξελεύο</strong></span> 
     </span>
    </p>
   </div>
   <div class='ocr_carea' id='block_1_8' title="bbox 777 774 2366 848">
    <p class='ocr_par' dir='ltr' id='par_1_8' title="bbox 777 779 2348 848">
     <span class='ocr_line' id='line_1_8' title="bbox 777 779 2348 848; baseline 0.001 -17"><span class='ocrx_word' id='word_1_47' title='bbox 777 780 941 833; x_wconf 87' lang='lat' dir='ltr'><strong>totius</strong></span> <span class='ocrx_word' id='word_1_48' title='bbox 996 779 1268 848; x_wconf 79' lang='lat' dir='ltr'><strong>regionis.</strong></span> <span class='ocrx_word' id='word_1_49' title='bbox 1324 781 1411 833; x_wconf 89' lang='lat' dir='ltr'><strong>ubi</strong></span> <span class='ocrx_word' id='word_1_50' title='bbox 1474 780 1710 848; x_wconf 85' lang='lat' dir='ltr'><strong>degunt,</strong></span> <span class='ocrx_word' id='word_1_51' title='bbox 1768 781 2053 834; x_wconf 87' lang='lat' dir='ltr'><strong>commoda</strong></span> <span class='ocrx_word' id='word_1_52' title='bbox 2107 781 2348 833; x_wconf 83' lang='lat' dir='ltr'><strong>futurum</strong></span> 
     </span>
    </p>
   </div>
   <div class='ocr_carea' id='block_1_9' title="bbox 2468 774 4040 848">
    <p class='ocr_par' dir='ltr' id='par_1_9' title="bbox 2468 774 4040 846">
     <span class='ocr_line' id='line_1_9' title="bbox 2468 774 4040 846; baseline 0 -18"><span class='ocrx_word' id='word_1_53' title='bbox 2468 794 2661 831; x_wconf 76' lang='grc' dir='ltr'><strong>ςονται.</strong></span> <span class='ocrx_word' id='word_1_54' title='bbox 2697 778 2756 830; x_wconf 83' lang='grc' dir='ltr'><strong>Εἰ</strong></span> <span class='ocrx_word' id='word_1_55' title='bbox 2786 776 2842 829; x_wconf 78' lang='grc' dir='ltr'><strong>δὲ</strong></span> <span class='ocrx_word' id='word_1_56' title='bbox 2870 777 3047 838; x_wconf 81' lang='grc' dir='ltr'><strong>ἄλλως</strong></span> <span class='ocrx_word' id='word_1_57' title='bbox 3074 776 3170 828; x_wconf 77' lang='grc' dir='ltr'><strong>καὶ</strong></span> <span class='ocrx_word' id='word_1_58' title='bbox 3207 774 3283 846; x_wconf 80' lang='grc' dir='ltr'><strong>μὴ</strong></span> <span class='ocrx_word' id='word_1_59' title='bbox 3305 775 3390 827; x_wconf 84' lang='grc' dir='ltr'><strong>διά</strong></span> <span class='ocrx_word' id='word_1_60' title='bbox 3408 777 3503 838; x_wconf 81' lang='grc' dir='ltr'><strong>τὰς</strong></span> <span class='ocrx_word' id='word_1_61' title='bbox 3527 778 3829 844; x_wconf 72' lang='grc' dir='ltr'><strong>εἰρημένας</strong></span> <span class='ocrx_word' id='word_1_62' title='bbox 3851 777 4040 839; x_wconf 75' lang='grc' dir='ltr'><strong>αἰτίας</strong></span> 
     </span>
    </p>
   </div>
   <div class='ocr_carea' id='block_1_10' title="bbox 779 868 2366 943">
    <p class='ocr_par' dir='ltr' id='par_1_10' title="bbox 779 870 2351 942">
     <span class='ocr_line' id='line_1_10' title="bbox 779 870 2351 942; baseline 0.002 -20"><span class='ocrx_word' id='word_1_63' title='bbox 779 872 1121 939; x_wconf 83' lang='lat' dir='ltr'><strong>procurandi,</strong></span> <span class='ocrx_word' id='word_1_64' title='bbox 1172 872 1255 927; x_wconf 85' lang='lat' dir='ltr'><strong>vel</strong></span> <span class='ocrx_word' id='word_1_65' title='bbox 1293 871 1615 941; x_wconf 88' lang='lat' dir='ltr'><strong>periculum,</strong></span> <span class='ocrx_word' id='word_1_66' title='bbox 1661 888 1727 927; x_wconf 83' lang='lat' dir='ltr'><strong>ex</strong></span> <span class='ocrx_word' id='word_1_67' title='bbox 1778 886 1885 942; x_wconf 90' lang='lat' dir='ltr'><strong>quo</strong></span> <span class='ocrx_word' id='word_1_68' title='bbox 1930 888 2073 925; x_wconf 87' lang='lat' dir='ltr'><strong>mors</strong></span> <span class='ocrx_word' id='word_1_69' title='bbox 2122 870 2351 925; x_wconf 78' lang='lat' dir='ltr'><strong>fortasse</strong></span> 
     </span>
    </p>
   </div>
   <div class='ocr_carea' id='block_1_11' title="bbox 2468 868 4042 943">
    <p class='ocr_par' dir='ltr' id='par_1_11' title="bbox 2468 868 4042 943">
     <span class='ocr_line' id='line_1_11' title="bbox 2468 868 4042 943; baseline -0.004 -17"><span class='ocrx_word' id='word_1_70' title='bbox 2468 872 2735 935; x_wconf 60' lang='grc' dir='ltr'><strong>ἐξέλθωσι,</strong></span> <span class='ocrx_word' id='word_1_71' title='bbox 2787 872 3007 943; x_wconf 77' lang='grc' dir='ltr'><strong>πρῶτον</strong></span> <span class='ocrx_word' id='word_1_72' title='bbox 3044 872 3143 941; x_wconf 83' lang='grc' dir='ltr'><strong>μὲν</strong></span> <span class='ocrx_word' id='word_1_73' title='bbox 3177 874 3266 924; x_wconf 76' lang='grc' dir='ltr'><strong>καὶ</strong></span> <span class='ocrx_word' id='word_1_74' title='bbox 3301 872 3533 933; x_wconf 75' lang='grc' dir='ltr'><strong>ἄκοντας</strong></span> <span class='ocrx_word' id='word_1_75' title='bbox 3563 873 3764 934; x_wconf 70' lang='grc' dir='ltr'><strong>αὐτοὺς</strong></span> <span class='ocrx_word' id='word_1_76' title='bbox 3789 868 4042 937; x_wconf 79' lang='grc' dir='ltr'><strong>ἐγκλείε-</strong></span> 
     </span>
    </p>
   </div>
   <div class='ocr_carea' id='block_1_12' title="bbox 783 960 2366 1034">
    <p class='ocr_par' dir='ltr' id='par_1_12' title="bbox 783 960 2349 1034">
     <span class='ocr_line' id='line_1_12' title="bbox 783 960 2349 1034; baseline 0.003 -20"><span class='ocrx_word' id='word_1_77' title='bbox 783 960 1123 1032; x_wconf 73' lang='lat' dir='ltr'><strong>impendeat,</strong></span> <span class='ocrx_word' id='word_1_78' title='bbox 1178 962 1519 1029; x_wconf 86' lang='lat' dir='ltr'><strong>declinandi,</strong></span> <span class='ocrx_word' id='word_1_79' title='bbox 1572 964 1721 1020; x_wconf 79' lang='lat' dir='ltr'><strong>exire</strong></span> <span class='ocrx_word' id='word_1_80' title='bbox 1778 965 2085 1034; x_wconf 82' lang='lat' dir='ltr'><strong>compellat.</strong></span> <span class='ocrx_word' id='word_1_81' title='bbox 2148 962 2216 1017; x_wconf 89' lang='lat' dir='ltr'><strong>Et</strong></span> <span class='ocrx_word' id='word_1_82' title='bbox 2269 963 2349 1019; x_wconf 88' lang='lat' dir='ltr'><strong>sic</strong></span> 
     </span>
    </p>
   </div>
   <div class='ocr_carea' id='block_1_13' title="bbox 2468 960 4038 1034">
    <p class='ocr_par' dir='ltr' id='par_1_13' title="bbox 2468 961 4038 1034">
     <span class='ocr_line' id='line_1_13' title="bbox 2468 961 4038 1034; baseline -0.003 -16"><span class='ocrx_word' id='word_1_83' title='bbox 2468 965 2582 1018; x_wconf 73' lang='lat' dir='ltr'><strong>30m</strong></span> <span class='ocrx_word' id='word_1_84' title='bbox 2613 965 2741 1020; x_wconf 79' lang='grc' dir='ltr'><strong>ἔνθα</strong></span> <span class='ocrx_word' id='word_1_85' title='bbox 2781 965 2876 1017; x_wconf 70' lang='grc' dir='ltr'><strong>καὶ</strong></span> <span class='ocrx_word' id='word_1_86' title='bbox 2914 966 3185 1034; x_wconf 81' lang='grc' dir='ltr'><strong>πρότερον</strong></span> <span class='ocrx_word' id='word_1_87' title='bbox 3242 966 3292 1018; x_wconf 78' lang='lat' dir='ltr'><strong>ei</strong></span> <span class='ocrx_word' id='word_1_88' title='bbox 3353 965 3597 1034; x_wconf 83' lang='grc' dir='ltr'><strong>Πατέρες</strong></span> <span class='ocrx_word' id='word_1_89' title='bbox 3630 964 3868 1033; x_wconf 71' lang='grc' dir='ltr'><strong>ὦρισαψ</strong></span> <span class='ocrx_word' id='word_1_90' title='bbox 3918 961 4038 1015; x_wconf 76' lang='grc' dir='ltr'><strong>εἶτα</strong></span> 
     </span>
    </p>
   </div>
   <div class='ocr_carea' id='block_1_14' title="bbox 781 1054 2366 1125">
    <p class='ocr_par' dir='ltr' id='par_1_14' title="bbox 781 1054 2352 1125">
     <span class='ocr_line' id='line_1_14' title="bbox 781 1054 2352 1125; baseline 0.002 -19"><span class='ocrx_word' id='word_1_91' title='bbox 781 1067 964 1120; x_wconf 85' lang='lat' dir='ltr'><strong>porro,</strong></span> <span class='ocrx_word' id='word_1_92' title='bbox 1023 1056 1273 1125; x_wconf 75' lang='lat' dir='ltr'><strong>episcopo</strong></span> <span class='ocrx_word' id='word_1_93' title='bbox 1324 1067 1613 1122; x_wconf 80' lang='lat' dir='ltr'><strong>annuente,</strong></span> <span class='ocrx_word' id='word_1_94' title='bbox 1680 1056 1918 1125; x_wconf 75' lang='lat' dir='ltr'><strong>ipsisque</strong></span> <span class='ocrx_word' id='word_1_95' title='bbox 1974 1054 2352 1118; x_wconf 86' lang='lat' dir='ltr'><strong>benedicente,</strong></span> 
     </span>
    </p>
   </div>
   <div class='ocr_carea' id='block_1_15' title="bbox 2468 1054 4038 1125">
    <p class='ocr_par' dir='ltr' id='par_1_15' title="bbox 2468 1054 4038 1125">
     <span class='ocr_line' id='line_1_15' title="bbox 2468 1054 4038 1125; baseline -0.004 -16"><span class='ocrx_word' id='word_1_96' title='bbox 2468 1058 2552 1109; x_wconf 66' lang='grc' dir='ltr'><strong>καὶ</strong></span> <span class='ocrx_word' id='word_1_97' title='bbox 2582 1057 2884 1125; x_wconf 77' lang='grc' dir='ltr'><strong>ἐπιτιμίοις</strong></span> <span class='ocrx_word' id='word_1_98' title='bbox 2937 1055 3135 1117; x_wconf 79' lang='grc' dir='ltr'><strong>αὐτοὺς</strong></span> <span class='ocrx_word' id='word_1_99' title='bbox 3163 1054 3577 1109; x_wconf 68' lang='grc' dir='ltr'><strong>ὑποϐάλλεσθαι</strong></span> <span class='ocrx_word' id='word_1_100' title='bbox 3630 1056 3717 1109; x_wconf 76' lang='grc' dir='ltr'><strong>ἵνα</strong></span> <span class='ocrx_word' id='word_1_101' title='bbox 3752 1055 4038 1124; x_wconf 78' lang='grc' dir='ltr'><strong>νηστείαις</strong></span> 
     </span>
    </p>
   </div>
   <div class='ocr_carea' id='block_1_16' title="bbox 777 1146 2366 1219">
    <p class='ocr_par' dir='ltr' id='par_1_16' title="bbox 777 1147 2351 1219">
     <span class='ocr_line' id='line_1_16' title="bbox 777 1147 2351 1219; baseline 0.003 -22"><span class='ocrx_word' id='word_1_102' title='bbox 777 1147 1140 1213; x_wconf 84' lang='lat' dir='ltr'><strong>egredientur.</strong></span> <span class='ocrx_word' id='word_1_103' title='bbox 1170 1149 1268 1214; x_wconf 81' lang='lat' dir='ltr'><strong>Qui</strong></span> <span class='ocrx_word' id='word_1_104' title='bbox 1298 1164 1425 1204; x_wconf 85' lang='lat' dir='ltr'><strong>vero</strong></span> <span class='ocrx_word' id='word_1_105' title='bbox 1457 1149 1597 1203; x_wconf 90' lang='lat' dir='ltr'><strong>nulla</strong></span> <span class='ocrx_word' id='word_1_106' title='bbox 1624 1149 1889 1219; x_wconf 82' lang='lat' dir='ltr'><strong>ejusmodi</strong></span> <span class='ocrx_word' id='word_1_107' title='bbox 1924 1163 2084 1203; x_wconf 87' lang='lat' dir='ltr'><strong>causa</strong></span> <span class='ocrx_word' id='word_1_108' title='bbox 2115 1149 2351 1202; x_wconf 86' lang='lat' dir='ltr'><strong>interce-</strong></span> 
     </span>
    </p>
   </div>
   <div class='ocr_carea' id='block_1_17' title="bbox 2468 1146 4041 1219">
    <p class='ocr_par' dir='ltr' id='par_1_17' title="bbox 2468 1146 4041 1218">
     <span class='ocr_line' id='line_1_17' title="bbox 2468 1146 4041 1218; baseline -0.003 -17"><span class='ocrx_word' id='word_1_109' title='bbox 2468 1146 2556 1201; x_wconf 77' lang='grc' dir='ltr'><strong>καὶ</strong></span> <span class='ocrx_word' id='word_1_110' title='bbox 2586 1148 3038 1217; x_wconf 86' lang='grc' dir='ltr'><strong>σκληραγωγίαις</strong></span> <span class='ocrx_word' id='word_1_111' title='bbox 3072 1148 3302 1208; x_wconf 75' lang='grc' dir='ltr'><strong>ἑαυτοὺς</strong></span> <span class='ocrx_word' id='word_1_112' title='bbox 3359 1146 3805 1218; x_wconf 79' lang='grc' dir='ltr'><strong>θεραπεύσωσιν,</strong></span> <span class='ocrx_word' id='word_1_113' title='bbox 3863 1148 4041 1217; x_wconf 79' lang='grc' dir='ltr'><strong>ἦγουν</strong></span> 
     </span>
    </p>
   </div>
   <div class='ocr_carea' id='block_1_18' title="bbox 779 1236 2366 1310">
    <p class='ocr_par' dir='ltr' id='par_1_18' title="bbox 779 1236 2355 1308">
     <span class='ocr_line' id='line_1_18' title="bbox 779 1236 2355 1308; baseline 0.002 -19"><span class='ocrx_word' id='word_1_114' title='bbox 779 1236 942 1291; x_wconf 76' lang='lat' dir='ltr'><strong>dente</strong></span> <span class='ocrx_word' id='word_1_115' title='bbox 986 1240 1181 1307; x_wconf 82' lang='lat' dir='ltr'><strong>egressi</strong></span> <span class='ocrx_word' id='word_1_116' title='bbox 1233 1240 1453 1303; x_wconf 82' lang='lat' dir='ltr'><strong>fuerint,</strong></span> <span class='ocrx_word' id='word_1_117' title='bbox 1503 1240 1678 1308; x_wconf 89' lang='lat' dir='ltr'><strong>primo</strong></span> <span class='ocrx_word' id='word_1_118' title='bbox 1724 1241 1804 1296; x_wconf 76' lang='lat' dir='ltr'><strong>vel</strong></span> <span class='ocrx_word' id='word_1_119' title='bbox 1862 1242 2060 1296; x_wconf 82' lang='lat' dir='ltr'><strong>invitos</strong></span> <span class='ocrx_word' id='word_1_120' title='bbox 2104 1242 2172 1295; x_wconf 85' lang='lat' dir='ltr'><strong>ad</strong></span> <span class='ocrx_word' id='word_1_121' title='bbox 2227 1254 2355 1295; x_wconf 84' lang='lat' dir='ltr'><strong>suas</strong></span> 
     </span>
    </p>
   </div>
   <div class='ocr_carea' id='block_1_19' title="bbox 2468 1236 3573 1310">
    <p class='ocr_par' dir='ltr' id='par_1_19' title="bbox 2468 1238 3573 1310">
     <span class='ocr_line' id='line_1_19' title="bbox 2468 1238 3573 1310; baseline 0.003 -18"><span class='ocrx_word' id='word_1_122' title='bbox 2468 1239 2521 1292; x_wconf 76' lang='grc' dir='ltr'><strong>ιδ</strong></span> <span class='ocrx_word' id='word_1_123' title='bbox 2543 1239 2645 1308; x_wconf 80' lang='grc' dir='ltr'><strong>τῆς</strong></span> <span class='ocrx_word' id='word_1_124' title='bbox 2674 1239 2886 1294; x_wconf 76' lang='grc' dir='ltr'><strong>ἑαυτῶν</strong></span> <span class='ocrx_word' id='word_1_125' title='bbox 2916 1238 3146 1310; x_wconf 82' lang='grc' dir='ltr'><strong>γνώμης</strong></span> <span class='ocrx_word' id='word_1_126' title='bbox 3182 1239 3573 1309; x_wconf 76' lang='grc' dir='ltr'><strong>εὐμετάϐολον.</strong></span> 
     </span>
    </p>
   </div>
   <div class='ocr_carea' id='block_1_20' title="bbox 781 1327 4039 1401">
    <p class='ocr_par' dir='ltr' id='par_1_20' title="bbox 781 1327 4039 1401">
     <span class='ocr_line' id='line_1_20' title="bbox 781 1327 4039 1401; baseline 0.002 -22"><span class='ocrx_word' id='word_1_127' title='bbox 781 1327 1062 1383; x_wconf 85' lang='lat' dir='ltr'><strong>clausuras</strong></span> <span class='ocrx_word' id='word_1_128' title='bbox 1111 1329 1285 1397; x_wconf 78' lang='lat' dir='ltr'><strong>rejici,</strong></span> <span class='ocrx_word' id='word_1_129' title='bbox 1328 1330 1519 1383; x_wconf 90' lang='lat' dir='ltr'><strong>deinde</strong></span> <span class='ocrx_word' id='word_1_130' title='bbox 1568 1332 1742 1399; x_wconf 74' lang='lat' dir='ltr'><strong>pmnis</strong></span> <span class='ocrx_word' id='word_1_131' title='bbox 1770 1345 1984 1401; x_wconf 89' lang='lat' dir='ltr'><strong>quoque</strong></span> <span class='ocrx_word' id='word_1_132' title='bbox 2010 1331 2062 1385; x_wconf 91' lang='lat' dir='ltr'><strong>in</strong></span> <span class='ocrx_word' id='word_1_133' title='bbox 2131 1345 2227 1386; x_wconf 87' lang='lat' dir='ltr'><strong>eos</strong></span> <span class='ocrx_word' id='word_1_134' title='bbox 2280 1328 2634 1383; x_wconf 82' lang='lat' dir='ltr'><strong>animadverti</strong></span> <span class='ocrx_word' id='word_1_135' title='bbox 2700 1331 2893 1385; x_wconf 85' lang='lat' dir='ltr'><strong>Patres</strong></span> <span class='ocrx_word' id='word_1_136' title='bbox 2939 1331 3178 1398; x_wconf 87' lang='lat' dir='ltr'><strong>jubent:</strong></span> <span class='ocrx_word' id='word_1_137' title='bbox 3241 1342 3298 1384; x_wconf 92' lang='lat' dir='ltr'><strong>ut</strong></span> <span class='ocrx_word' id='word_1_138' title='bbox 3375 1331 3597 1401; x_wconf 88' lang='lat' dir='ltr'><strong>jejuniis</strong></span> <span class='ocrx_word' id='word_1_139' title='bbox 3646 1334 4039 1398; x_wconf 62' lang='lat' dir='ltr'><strong>sevi-rioreque</strong></span> 
     </span>
    </p>
   </div>
   <div class='ocr_carea' id='block_1_21' title="bbox 783 1420 4035 1496">
    <p class='ocr_par' dir='ltr' id='par_1_21' title="bbox 783 1420 4035 1496">
     <span class='ocr_line' id='line_1_21' title="bbox 783 1420 4035 1496; baseline 0.002 -24"><span class='ocrx_word' id='word_1_140' title='bbox 783 1420 1078 1491; x_wconf 72' lang='lat' dir='ltr'><strong>disciplina:</strong></span> <span class='ocrx_word' id='word_1_141' title='bbox 1136 1424 1342 1478; x_wconf 86' lang='lat' dir='ltr'><strong>ratione</strong></span> <span class='ocrx_word' id='word_1_142' title='bbox 1403 1424 1652 1489; x_wconf 81' lang='lat' dir='ltr'><strong>exerciti,</strong></span> <span class='ocrx_word' id='word_1_143' title='bbox 1703 1437 1765 1478; x_wconf 87' lang='lat' dir='ltr'><strong>ea</strong></span> <span class='ocrx_word' id='word_1_144' title='bbox 1821 1422 1988 1479; x_wconf 83' lang='lat' dir='ltr'><strong>veluti</strong></span> <span class='ocrx_word' id='word_1_145' title='bbox 2051 1423 2345 1491; x_wconf 86' lang='lat' dir='ltr'><strong>medicina,</strong></span> <span class='ocrx_word' id='word_1_146' title='bbox 2422 1425 2662 1480; x_wconf 84' lang='lat' dir='ltr'><strong>animum</strong></span> <span class='ocrx_word' id='word_1_147' title='bbox 2718 1425 2951 1479; x_wconf 75' lang='lat' dir='ltr'><strong>levitatis</strong></span> <span class='ocrx_word' id='word_1_148' title='bbox 3010 1426 3493 1496; x_wconf 64' lang='lat' dir='ltr'><strong>inconstantiteque</strong></span> <span class='ocrx_word' id='word_1_149' title='bbox 3547 1426 3754 1482; x_wconf 84' lang='lat' dir='ltr'><strong>morbis</strong></span> <span class='ocrx_word' id='word_1_150' title='bbox 3796 1427 4035 1481; x_wconf 77' lang='lat' dir='ltr'><strong>liberare</strong></span> 
     </span>
    </p>
   </div>
   <div class='ocr_carea' id='block_1_22' title="bbox 786 1514 1050 1571">
    <p class='ocr_par' dir='ltr' id='par_1_22' title="bbox 786 1514 1050 1571">
     <span class='ocr_line' id='line_1_22' title="bbox 786 1514 1050 1571; baseline 0.004 -6"><span class='ocrx_word' id='word_1_151' title='bbox 786 1514 1050 1571; x_wconf 88' lang='lat' dir='ltr'><strong>nitantur.</strong></span> 
     </span>
    </p>
   </div>
   <div class='ocr_carea' id='block_1_23' title="bbox 784 1607 2357 1684">
    <p class='ocr_par' dir='ltr' id='par_1_23' title="bbox 784 1607 2357 1684">
     <span class='ocr_line' id='line_1_23' title="bbox 784 1607 2357 1684; baseline 0.001 -19"><span class='ocrx_word' id='word_1_152' title='bbox 784 1607 949 1677; x_wconf 81' lang='lat'><strong>208</strong></span> <span class='ocrx_word' id='word_1_153' title='bbox 967 1609 1003 1661; x_wconf 77' lang='grc' dir='ltr'><strong>Α</strong></span> <span class='ocrx_word' id='word_1_154' title='bbox 1016 1609 1187 1665; x_wconf 80' lang='lat' dir='ltr'><strong>RlST.</strong></span> <span class='ocrx_word' id='word_1_155' title='bbox 1201 1630 1219 1663; x_wconf 85' lang='grc' dir='ltr'><strong>ι</strong></span> <span class='ocrx_word' id='word_1_156' title='bbox 1248 1612 1349 1677; x_wconf 85' lang='lat' dir='ltr'><strong>Qui</strong></span> <span class='ocrx_word' id='word_1_157' title='bbox 1373 1612 1677 1669; x_wconf 87' lang='lat' dir='ltr'><strong>clausuram</strong></span> <span class='ocrx_word' id='word_1_158' title='bbox 1704 1612 2045 1684; x_wconf 85' lang='lat' dir='ltr'><strong>ingressurus</strong></span> <span class='ocrx_word' id='word_1_159' title='bbox 2057 1623 2161 1677; x_wconf 85' lang='lat' dir='ltr'><strong>est.</strong></span> <span class='ocrx_word' id='word_1_160' title='bbox 2187 1615 2357 1670; x_wconf 86' lang='lat' dir='ltr'><strong>trien-</strong></span> 
     </span>
    </p>
   </div>
   <div class='ocr_carea' id='block_1_24' title="bbox 861 1701 2357 1775">
    <p class='ocr_par' dir='ltr' id='par_1_24' title="bbox 861 1701 2357 1775">
     <span class='ocr_line' id='line_1_24' title="bbox 861 1701 2357 1775; baseline 0.006 -24"><span class='ocrx_word' id='word_1_161' title='bbox 861 1717 879 1750; x_wconf 82' lang='grc' dir='ltr'><strong>ι</strong></span> <span class='ocrx_word' id='word_1_162' title='bbox 929 1701 1073 1754; x_wconf 92' lang='lat' dir='ltr'><strong>nium</strong></span> <span class='ocrx_word' id='word_1_163' title='bbox 1104 1702 1155 1755; x_wconf 91' lang='lat' dir='ltr'><strong>in</strong></span> <span class='ocrx_word' id='word_1_164' title='bbox 1186 1706 1513 1759; x_wconf 85' lang='lat' dir='ltr'><strong>monasterio</strong></span> <span class='ocrx_word' id='word_1_165' title='bbox 1560 1705 1709 1772; x_wconf 92' lang='lat' dir='ltr'><strong>prius</strong></span> <span class='ocrx_word' id='word_1_166' title='bbox 1761 1716 1904 1775; x_wconf 90' lang='lat' dir='ltr'><strong>agat,</strong></span> <span class='ocrx_word' id='word_1_167' title='bbox 1946 1714 1999 1759; x_wconf 89' lang='lat' dir='ltr'><strong>et</strong></span> <span class='ocrx_word' id='word_1_168' title='bbox 2045 1705 2357 1775; x_wconf 85' lang='lat' dir='ltr'><strong>priusquam</strong></span> 
     </span>
    </p>
   </div>
   <div class='ocr_carea' id='block_1_25' title="bbox 865 1792 2359 1864">
    <p class='ocr_par' dir='ltr' id='par_1_25' title="bbox 865 1792 2359 1864">
     <span class='ocr_line' id='line_1_25' title="bbox 865 1792 2359 1864; baseline 0.006 -23"><span class='ocrx_word' id='word_1_169' title='bbox 865 1810 884 1841; x_wconf 76' lang='grc' dir='ltr'><strong>ι</strong></span> <span class='ocrx_word' id='word_1_170' title='bbox 930 1792 1233 1849; x_wconf 84' lang='lat' dir='ltr'><strong>includatur</strong></span> <span class='ocrx_word' id='word_1_171' title='bbox 1273 1795 1432 1848; x_wconf 91' lang='lat' dir='ltr'><strong>alium</strong></span> <span class='ocrx_word' id='word_1_172' title='bbox 1493 1810 1692 1849; x_wconf 90' lang='lat' dir='ltr'><strong>annum</strong></span> <span class='ocrx_word' id='word_1_173' title='bbox 1757 1796 2038 1864; x_wconf 88' lang='lat' dir='ltr'><strong>transigat,</strong></span> <span class='ocrx_word' id='word_1_174' title='bbox 2079 1804 2135 1851; x_wconf 88' lang='lat' dir='ltr'><strong>et</strong></span> <span class='ocrx_word' id='word_1_175' title='bbox 2164 1798 2244 1851; x_wconf 88' lang='lat' dir='ltr'><strong>sic</strong></span> <span class='ocrx_word' id='word_1_176' title='bbox 2277 1797 2359 1850; x_wconf 88' lang='lat' dir='ltr'><strong>in—</strong></span> 
     </span>
    </p>
   </div>
   <div class='ocr_carea' id='block_1_26' title="bbox 867 1884 2434 1972">
    <p class='ocr_par' dir='ltr' id='par_1_26' title="bbox 867 1884 2434 1972">
     <span class='ocr_line' id='line_1_26' title="bbox 867 1884 2434 1972; baseline 0.004 -39"><span class='ocrx_word' id='word_1_177' title='bbox 867 1900 887 1933; x_wconf 77' lang='grc' dir='ltr'><strong>σ</strong></span> <span class='ocrx_word' id='word_1_178' title='bbox 931 1884 1221 1954; x_wconf 89' lang='lat' dir='ltr'><strong>grediatur.</strong></span> <span class='ocrx_word' id='word_1_179' title='bbox 1250 1886 1312 1939; x_wconf 86' lang='lat' dir='ltr'><strong>Et</strong></span> <span class='ocrx_word' id='word_1_180' title='bbox 1338 1900 1403 1939; x_wconf 90' lang='lat' dir='ltr'><strong>ne</strong></span> <span class='ocrx_word' id='word_1_181' title='bbox 1426 1887 1755 1955; x_wconf 77' lang='lat' dir='ltr'><strong>egrediatur,</strong></span> <span class='ocrx_word' id='word_1_182' title='bbox 1786 1886 1887 1941; x_wconf 90' lang='lat' dir='ltr'><strong>nisi</strong></span> <span class='ocrx_word' id='word_1_183' title='bbox 1924 1902 2068 1943; x_wconf 84' lang='lat' dir='ltr'><strong>mors</strong></span> <span class='ocrx_word' id='word_1_184' title='bbox 2087 1897 2181 1941; x_wconf 86' lang='lat' dir='ltr'><strong>aut</strong></span> <span class='ocrx_word' id='word_1_185' title='bbox 2208 1902 2356 1942; x_wconf 86' lang='lat' dir='ltr'><strong>com-</strong></span> <span class='ocrx_word' id='word_1_186' title='bbox 2392 1918 2434 1972; x_wconf 70' lang='grc' dir='ltr'><strong>Β</strong></span> 
     </span>
    </p>
   </div>
   <div class='ocr_carea' id='block_1_27' title="bbox 868 1977 1614 2048">
    <p class='ocr_par' dir='ltr' id='par_1_27' title="bbox 868 1977 1614 2048">
     <span class='ocr_line' id='line_1_27' title="bbox 868 1977 1614 2048; baseline 0.005 -21"><span class='ocrx_word' id='word_1_187' title='bbox 868 1995 887 2027; x_wconf 77' lang='grc' dir='ltr'><strong>ι</strong></span> <span class='ocrx_word' id='word_1_188' title='bbox 936 1978 1112 2032; x_wconf 86' lang='lat' dir='ltr'><strong>munis</strong></span> <span class='ocrx_word' id='word_1_189' title='bbox 1141 1977 1348 2033; x_wconf 90' lang='lat' dir='ltr'><strong>utilitas</strong></span> <span class='ocrx_word' id='word_1_190' title='bbox 1378 1992 1556 2048; x_wconf 77' lang='lat' dir='ltr'><strong>cogat.</strong></span> <span class='ocrx_word' id='word_1_191' title='bbox 1593 1999 1614 2031; x_wconf 71' lang='grc' dir='ltr'><strong>ι</strong></span> 
     </span>
    </p>
   </div>
   <div class='ocr_carea' id='block_1_28' title="bbox 864 2070 2363 2139">
    <p class='ocr_par' dir='ltr' id='par_1_28' title="bbox 864 2070 2363 2139">
     <span class='ocr_line' id='line_1_28' title="bbox 864 2070 2363 2139; baseline 0.006 -18"><span class='ocrx_word' id='word_1_192' title='bbox 864 2070 997 2124; x_wconf 84' lang='lat' dir='ltr'><strong>Eum</strong></span> <span class='ocrx_word' id='word_1_193' title='bbox 1030 2070 1120 2137; x_wconf 91' lang='lat' dir='ltr'><strong>qui</strong></span> <span class='ocrx_word' id='word_1_194' title='bbox 1148 2070 1448 2124; x_wconf 87' lang='lat' dir='ltr'><strong>clausuram</strong></span> <span class='ocrx_word' id='word_1_195' title='bbox 1485 2073 1691 2139; x_wconf 79' lang='lat' dir='ltr'><strong>ingredi</strong></span> <span class='ocrx_word' id='word_1_196' title='bbox 1723 2083 1777 2127; x_wconf 88' lang='lat' dir='ltr'><strong>et</strong></span> <span class='ocrx_word' id='word_1_197' title='bbox 1811 2074 1911 2128; x_wconf 81' lang='lat' dir='ltr'><strong>sibi</strong></span> <span class='ocrx_word' id='word_1_198' title='bbox 1954 2074 2051 2129; x_wconf 83' lang='lat' dir='ltr'><strong>soli</strong></span> <span class='ocrx_word' id='word_1_199' title='bbox 2082 2075 2363 2130; x_wconf 88' lang='lat' dir='ltr'><strong>attendere</strong></span> 
     </span>
    </p>
   </div>
   <div class='ocr_carea' id='block_1_29' title="bbox 792 2162 2363 2232">
    <p class='ocr_par' dir='ltr' id='par_1_29' title="bbox 792 2162 2363 2232">
     <span class='ocr_line' id='line_1_29' title="bbox 792 2162 2363 2232; baseline 0.001 -16"><span class='ocrx_word' id='word_1_200' title='bbox 792 2162 958 2232; x_wconf 86' lang='lat' dir='ltr'><strong>cupit,</strong></span> <span class='ocrx_word' id='word_1_201' title='bbox 995 2170 1209 2230; x_wconf 86' lang='lat' dir='ltr'><strong>oportet</strong></span> <span class='ocrx_word' id='word_1_202' title='bbox 1241 2162 1413 2231; x_wconf 89' lang='lat' dir='ltr'><strong>primo</strong></span> <span class='ocrx_word' id='word_1_203' title='bbox 1458 2162 1512 2216; x_wconf 91' lang='lat' dir='ltr'><strong>in</strong></span> <span class='ocrx_word' id='word_1_204' title='bbox 1559 2164 1947 2217; x_wconf 85' lang='lat' dir='ltr'><strong>monasterium</strong></span> <span class='ocrx_word' id='word_1_205' title='bbox 1983 2167 2260 2229; x_wconf 84' lang='lat' dir='ltr'><strong>secedere,</strong></span> <span class='ocrx_word' id='word_1_206' title='bbox 2306 2172 2363 2218; x_wconf 91' lang='lat' dir='ltr'><strong>et</strong></span> 
     </span>
    </p>
   </div>
   <div class='ocr_carea' id='block_1_30' title="bbox 792 2252 2360 2325">
    <p class='ocr_par' dir='ltr' id='par_1_30' title="bbox 792 2252 2360 2325">
     <span class='ocr_line' id='line_1_30' title="bbox 792 2252 2360 2325; baseline 0.006 -23"><span class='ocrx_word' id='word_1_207' title='bbox 792 2265 890 2320; x_wconf 87' lang='lat' dir='ltr'><strong>per</strong></span> <span class='ocrx_word' id='word_1_208' title='bbox 932 2252 1145 2305; x_wconf 89' lang='lat' dir='ltr'><strong>triennii</strong></span> <span class='ocrx_word' id='word_1_209' title='bbox 1201 2252 1429 2321; x_wconf 84' lang='lat' dir='ltr'><strong>spatium</strong></span> <span class='ocrx_word' id='word_1_210' title='bbox 1464 2254 1535 2316; x_wconf 86' lang='lat' dir='ltr'><strong>ei,</strong></span> <span class='ocrx_word' id='word_1_211' title='bbox 1570 2255 1660 2322; x_wconf 87' lang='lat' dir='ltr'><strong>qui</strong></span> <span class='ocrx_word' id='word_1_212' title='bbox 1718 2257 1982 2310; x_wconf 85' lang='lat' dir='ltr'><strong>mansioni</strong></span> <span class='ocrx_word' id='word_1_213' title='bbox 2042 2267 2257 2325; x_wconf 76' lang='lat' dir='ltr'><strong>pra-est,</strong></span> <span class='ocrx_word' id='word_1_214' title='bbox 2307 2259 2360 2311; x_wconf 88' lang='lat' dir='ltr'><strong>iu</strong></span> 
     </span>
    </p>
   </div>
   <div class='ocr_carea' id='block_1_31' title="bbox 794 2342 2364 2419">
    <p class='ocr_par' dir='ltr' id='par_1_31' title="bbox 794 2342 2364 2419">
     <span class='ocr_line' id='line_1_31' title="bbox 794 2342 2364 2419; baseline 0.007 -25"><span class='ocrx_word' id='word_1_215' title='bbox 794 2342 889 2397; x_wconf 89' lang='lat' dir='ltr'><strong>Dei</strong></span> <span class='ocrx_word' id='word_1_216' title='bbox 938 2343 1130 2397; x_wconf 87' lang='lat' dir='ltr'><strong>timore</strong></span> <span class='ocrx_word' id='word_1_217' title='bbox 1179 2344 1409 2410; x_wconf 87' lang='lat' dir='ltr'><strong>subjici;</strong></span> <span class='ocrx_word' id='word_1_218' title='bbox 1456 2354 1510 2399; x_wconf 88' lang='lat' dir='ltr'><strong>et</strong></span> <span class='ocrx_word' id='word_1_219' title='bbox 1555 2346 1634 2399; x_wconf 87' lang='lat' dir='ltr'><strong>sic</strong></span> <span class='ocrx_word' id='word_1_220' title='bbox 1676 2362 1704 2399; x_wconf 88' lang='lat' dir='ltr'><strong>a</strong></span> <span class='ocrx_word' id='word_1_221' title='bbox 1762 2347 1863 2401; x_wconf 91' lang='lat' dir='ltr'><strong>loci</strong></span> <span class='ocrx_word' id='word_1_222' title='bbox 1910 2347 2051 2402; x_wconf 89' lang='lat' dir='ltr'><strong>illius</strong></span> <span class='ocrx_word' id='word_1_223' title='bbox 2106 2349 2364 2419; x_wconf 87' lang='lat' dir='ltr'><strong>episcopo</strong></span> 
     </span>
    </p>
   </div>
   <div class='ocr_carea' id='block_1_32' title="bbox 792 2438 2363 2513">
    <p class='ocr_par' dir='ltr' id='par_1_32' title="bbox 792 2438 2363 2513">
     <span class='ocr_line' id='line_1_32' title="bbox 792 2438 2363 2513; baseline 0.007 -24"><span class='ocrx_word' id='word_1_224' title='bbox 792 2439 1125 2507; x_wconf 89' lang='lat' dir='ltr'><strong>propositum</strong></span> <span class='ocrx_word' id='word_1_225' title='bbox 1166 2438 1287 2507; x_wconf 83' lang='lat' dir='ltr'><strong>ejus</strong></span> <span class='ocrx_word' id='word_1_226' title='bbox 1319 2440 1644 2501; x_wconf 84' lang='lat' dir='ltr'><strong>examinari.</strong></span> <span class='ocrx_word' id='word_1_227' title='bbox 1691 2456 1760 2496; x_wconf 89' lang='lat' dir='ltr'><strong>an</strong></span> <span class='ocrx_word' id='word_1_228' title='bbox 1808 2458 1907 2497; x_wconf 88' lang='lat' dir='ltr'><strong>sua</strong></span> <span class='ocrx_word' id='word_1_229' title='bbox 1956 2455 2148 2513; x_wconf 79' lang='lat' dir='ltr'><strong>sponte</strong></span> <span class='ocrx_word' id='word_1_230' title='bbox 2194 2454 2248 2500; x_wconf 91' lang='lat' dir='ltr'><strong>et</strong></span> <span class='ocrx_word' id='word_1_231' title='bbox 2296 2461 2363 2500; x_wconf 87' lang='lat' dir='ltr'><strong>ex</strong></span> 
     </span>
    </p>
   </div>
   <div class='ocr_carea' id='block_1_33' title="bbox 793 2527 2364 2600">
    <p class='ocr_par' dir='ltr' id='par_1_33' title="bbox 793 2527 2364 2600">
     <span class='ocr_line' id='line_1_33' title="bbox 793 2527 2364 2600; baseline 0.006 -20"><span class='ocrx_word' id='word_1_232' title='bbox 793 2536 906 2581; x_wconf 80' lang='lat' dir='ltr'><strong>:nto</strong></span> <span class='ocrx_word' id='word_1_233' title='bbox 932 2527 1111 2583; x_wconf 87' lang='lat' dir='ltr'><strong>animo</strong></span> <span class='ocrx_word' id='word_1_234' title='bbox 1154 2531 1315 2582; x_wconf 86' lang='lat' dir='ltr'><strong>talem</strong></span> <span class='ocrx_word' id='word_1_235' title='bbox 1362 2530 1523 2583; x_wconf 81' lang='lat' dir='ltr'><strong>vitam</strong></span> <span class='ocrx_word' id='word_1_236' title='bbox 1568 2532 1938 2600; x_wconf 87' lang='lat' dir='ltr'><strong>amplectatur.</strong></span> <span class='ocrx_word' id='word_1_237' title='bbox 1990 2534 2054 2589; x_wconf 85' lang='lat' dir='ltr'><strong>Et</strong></span> <span class='ocrx_word' id='word_1_238' title='bbox 2094 2536 2141 2589; x_wconf 85' lang='lat' dir='ltr'><strong>si</strong></span> <span class='ocrx_word' id='word_1_239' title='bbox 2189 2537 2364 2590; x_wconf 85' lang='lat' dir='ltr'><strong>adhuc</strong></span> 
     </span>
    </p>
   </div>
   <div class='ocr_carea' id='block_1_34' title="bbox 788 2619 2367 2693">
    <p class='ocr_par' dir='ltr' id='par_1_34' title="bbox 788 2619 2367 2693">
     <span class='ocr_line' id='line_1_34' title="bbox 788 2619 2367 2693; baseline 0.01 -24"><span class='ocrx_word' id='word_1_240' title='bbox 788 2619 1114 2673; x_wconf 74' lang='lat' dir='ltr'><strong>conﬁteatur</strong></span> <span class='ocrx_word' id='word_1_241' title='bbox 1166 2621 1350 2676; x_wconf 90' lang='lat' dir='ltr'><strong>eodem</strong></span> <span class='ocrx_word' id='word_1_242' title='bbox 1408 2622 1566 2676; x_wconf 84' lang='lat' dir='ltr'><strong>modo</strong></span> <span class='ocrx_word' id='word_1_243' title='bbox 1618 2638 1677 2677; x_wconf 87' lang='lat' dir='ltr'><strong>se</strong></span> <span class='ocrx_word' id='word_1_244' title='bbox 1715 2640 1832 2678; x_wconf 85' lang='lat' dir='ltr'><strong>eam</strong></span> <span class='ocrx_word' id='word_1_245' title='bbox 1883 2626 2209 2693; x_wconf 87' lang='lat' dir='ltr'><strong>desiderare,</strong></span> <span class='ocrx_word' id='word_1_246' title='bbox 2261 2628 2367 2684; x_wconf 89' lang='lat' dir='ltr'><strong>alio</strong></span> 
     </span>
    </p>
   </div>
   <div class='ocr_carea' id='block_1_35' title="bbox 795 2709 2369 2784">
    <p class='ocr_par' dir='ltr' id='par_1_35' title="bbox 795 2709 2369 2784">
     <span class='ocr_line' id='line_1_35' title="bbox 795 2709 2369 2784; baseline 0.008 -22"><span class='ocrx_word' id='word_1_247' title='bbox 795 2709 957 2762; x_wconf 90' lang='lat' dir='ltr'><strong>etiam</strong></span> <span class='ocrx_word' id='word_1_248' title='bbox 987 2725 1131 2764; x_wconf 89' lang='lat' dir='ltr'><strong>anno</strong></span> <span class='ocrx_word' id='word_1_249' title='bbox 1176 2721 1328 2765; x_wconf 81' lang='lat' dir='ltr'><strong>extra</strong></span> <span class='ocrx_word' id='word_1_250' title='bbox 1376 2713 1675 2768; x_wconf 87' lang='lat' dir='ltr'><strong>claustrum</strong></span> <span class='ocrx_word' id='word_1_251' title='bbox 1727 2716 1997 2783; x_wconf 82' lang='lat' dir='ltr'><strong>patienter</strong></span> <span class='ocrx_word' id='word_1_252' title='bbox 2043 2728 2277 2784; x_wconf 86' lang='lat' dir='ltr'><strong>maneat,</strong></span> <span class='ocrx_word' id='word_1_253' title='bbox 2308 2730 2369 2775; x_wconf 87' lang='lat' dir='ltr'><strong>ut</strong></span> 
     </span>
    </p>
   </div>
   <div class='ocr_carea' id='block_1_36' title="bbox 794 2800 2365 2877">
    <p class='ocr_par' dir='ltr' id='par_1_36' title="bbox 794 2800 2365 2877">
     <span class='ocr_line' id='line_1_36' title="bbox 794 2800 2365 2877; baseline 0.008 -27"><span class='ocrx_word' id='word_1_254' title='bbox 794 2800 1009 2867; x_wconf 84' lang='lat' dir='ltr'><strong>pluttitls</strong></span> <span class='ocrx_word' id='word_1_255' title='bbox 1039 2805 1367 2856; x_wconf 90' lang='lat' dir='ltr'><strong>demonstret</strong></span> <span class='ocrx_word' id='word_1_256' title='bbox 1394 2816 1453 2858; x_wconf 89' lang='lat' dir='ltr'><strong>se</strong></span> <span class='ocrx_word' id='word_1_257' title='bbox 1498 2820 1602 2858; x_wconf 92' lang='lat' dir='ltr'><strong>non</strong></span> <span class='ocrx_word' id='word_1_258' title='bbox 1651 2805 1719 2859; x_wconf 91' lang='lat' dir='ltr'><strong>ob</strong></span> <span class='ocrx_word' id='word_1_259' title='bbox 1762 2820 1952 2859; x_wconf 83' lang='lat' dir='ltr'><strong>vanam</strong></span> <span class='ocrx_word' id='word_1_260' title='bbox 1986 2806 2232 2877; x_wconf 79' lang='lat' dir='ltr'><strong>gloriam,</strong></span> <span class='ocrx_word' id='word_1_261' title='bbox 2272 2809 2365 2865; x_wconf 90' lang='lat' dir='ltr'><strong>sed</strong></span> 
     </span>
    </p>
   </div>
   <div class='ocr_carea' id='block_1_37' title="bbox 712 2894 2366 2971">
    <p class='ocr_par' dir='ltr' id='par_1_37' title="bbox 712 2894 2366 2971">
     <span class='ocr_line' id='line_1_37' title="bbox 712 2894 2366 2971; baseline 0.005 -24"><span class='ocrx_word' id='word_1_262' title='bbox 712 2948 719 2951; x_wconf 70' lang='grc'><strong>,</strong></span> <span class='ocrx_word' id='word_1_263' title='bbox 796 2895 865 2948; x_wconf 86' lang='lat' dir='ltr'><strong>ob</strong></span> <span class='ocrx_word' id='word_1_264' title='bbox 923 2894 1095 2962; x_wconf 90' lang='lat' dir='ltr'><strong>ipsum</strong></span> <span class='ocrx_word' id='word_1_265' title='bbox 1168 2895 1406 2961; x_wconf 91' lang='lat' dir='ltr'><strong>bonum,</strong></span> <span class='ocrx_word' id='word_1_266' title='bbox 1466 2895 1809 2951; x_wconf 86' lang='lat' dir='ltr'><strong>solitudinem</strong></span> <span class='ocrx_word' id='word_1_267' title='bbox 1877 2901 2169 2969; x_wconf 87' lang='lat' dir='ltr'><strong>persequi;</strong></span> <span class='ocrx_word' id='word_1_268' title='bbox 2247 2910 2366 2971; x_wconf 83' lang='lat' dir='ltr'><strong>post</strong></span> 
     </span>
    </p>
   </div>
   <div class='ocr_carea' id='block_1_38' title="bbox 800 2978 2368 3075">
    <p class='ocr_par' dir='ltr' id='par_1_38' title="bbox 800 2978 2368 3075">
     <span class='ocr_line' id='line_1_38' title="bbox 800 2978 2368 3075; baseline 0.006 -39"><span class='ocrx_word' id='word_1_269' title='bbox 800 2994 1010 3051; x_wconf 86' lang='lat' dir='ltr'><strong>tempus</strong></span> <span class='ocrx_word' id='word_1_270' title='bbox 1041 2995 1220 3039; x_wconf 85' lang='lat' dir='ltr'><strong>autem</strong></span> <span class='ocrx_word' id='word_1_271' title='bbox 1262 2985 1391 3040; x_wconf 91' lang='lat' dir='ltr'><strong>illud</strong></span> <span class='ocrx_word' id='word_1_272' title='bbox 1435 2985 1675 3056; x_wconf 88' lang='lat' dir='ltr'><strong>elapsum</strong></span> <span class='ocrx_word' id='word_1_273' title='bbox 1719 2990 1764 3042; x_wconf 87' lang='lat' dir='ltr'><strong>si</strong></span> <span class='ocrx_word' id='word_1_274' title='bbox 1818 2978 1880 3075; x_wconf 48' lang='lat' dir='ltr'><strong>in.</strong></span> <span class='ocrx_word' id='word_1_275' title='bbox 1914 2992 2100 3045; x_wconf 86' lang='lat' dir='ltr'><strong>eadem</strong></span> <span class='ocrx_word' id='word_1_276' title='bbox 2148 3002 2368 3048; x_wconf 87' lang='lat' dir='ltr'><strong>senten-</strong></span> 
     </span>
    </p>
   </div>
   <div class='ocr_carea' id='block_1_39' title="bbox 2469 1608 4035 1681">
    <p class='ocr_par' dir='ltr' id='par_1_39' title="bbox 2469 1608 4035 1681">
     <span class='ocr_line' id='line_1_39' title="bbox 2469 1608 4035 1681; baseline -0.003 -17"><span class='ocrx_word' id='word_1_277' title='bbox 2469 1630 2491 1664; x_wconf 75' lang='grc' dir='ltr'><strong>ι</strong></span> <span class='ocrx_word' id='word_1_278' title='bbox 2536 1609 2754 1666; x_wconf 81' lang='grc' dir='ltr'><strong>ΑΡΙΣΤ.</strong></span> <span class='ocrx_word' id='word_1_279' title='bbox 2808 1611 2870 1662; x_wconf 87' lang='grc' dir='ltr'>Ὀ</span> <span class='ocrx_word' id='word_1_280' title='bbox 2927 1610 3448 1681; x_wconf 68' lang='grc' dir='ltr'><strong>ὲγκλεισθησόμενος</strong></span> <span class='ocrx_word' id='word_1_281' title='bbox 3482 1652 3496 1673; x_wconf 94' lang='grc'><strong>,</strong></span> <span class='ocrx_word' id='word_1_282' title='bbox 3532 1608 3781 1680; x_wconf 73' lang='grc' dir='ltr'><strong>τριετίαν</strong></span> <span class='ocrx_word' id='word_1_283' title='bbox 3817 1608 4035 1676; x_wconf 76' lang='grc' dir='ltr'><strong>·ι-τροδιά⁹</strong></span> 
     </span>
    </p>
   </div>
   <div class='ocr_carea' id='block_1_40' title="bbox 2543 1699 4040 1771">
    <p class='ocr_par' dir='ltr' id='par_1_40' title="bbox 2543 1699 4040 1771">
     <span class='ocr_line' id='line_1_40' title="bbox 2543 1699 4040 1771; baseline -0.003 -17"><span class='ocrx_word' id='word_1_284' title='bbox 2543 1721 2562 1754; x_wconf 74' lang='grc' dir='ltr'><strong>ι</strong></span> <span class='ocrx_word' id='word_1_285' title='bbox 2608 1718 2721 1768; x_wconf 88' lang='grc' dir='ltr'><strong>γων</strong></span> <span class='ocrx_word' id='word_1_286' title='bbox 2752 1703 2810 1753; x_wconf 78' lang='grc' dir='ltr'><strong>έν</strong></span> <span class='ocrx_word' id='word_1_287' title='bbox 2852 1700 2930 1770; x_wconf 86' lang='grc' dir='ltr'>τῷ</span> <span class='ocrx_word' id='word_1_288' title='bbox 2982 1701 3353 1771; x_wconf 80' lang='grc' dir='ltr'><strong>μοναστηρίῳ,</strong></span> <span class='ocrx_word' id='word_1_289' title='bbox 3415 1701 3508 1753; x_wconf 80' lang='grc' dir='ltr'><strong>καὶ</strong></span> <span class='ocrx_word' id='word_1_290' title='bbox 3539 1700 3645 1769; x_wconf 77' lang='grc' dir='ltr'><strong>πρὸ</strong></span> <span class='ocrx_word' id='word_1_291' title='bbox 3694 1700 3794 1768; x_wconf 81' lang='grc' dir='ltr'><strong>τῆς</strong></span> <span class='ocrx_word' id='word_1_292' title='bbox 3824 1699 4040 1765; x_wconf 77' lang='grc' dir='ltr'><strong>ἐγκλείο</strong></span> 
     </span>
    </p>
   </div>
   <div class='ocr_carea' id='block_1_41' title="bbox 2460 1790 4045 1864">
    <p class='ocr_par' dir='ltr' id='par_1_41' title="bbox 2460 1790 4045 1864">
     <span class='ocr_line' id='line_1_41' title="bbox 2460 1790 4045 1864; baseline -0.003 -17"><span class='ocrx_word' id='word_1_293' title='bbox 2460 1852 2479 1863; x_wconf 52' lang='lat'><em>.</em></span> <span class='ocrx_word' id='word_1_294' title='bbox 2541 1815 2560 1847; x_wconf 76' lang='grc' dir='ltr'><strong>ι</strong></span> <span class='ocrx_word' id='word_1_295' title='bbox 2608 1810 2777 1864; x_wconf 85' lang='grc' dir='ltr'><strong>στρας</strong></span> <span class='ocrx_word' id='word_1_296' title='bbox 2802 1793 2993 1864; x_wconf 71' lang='grc' dir='ltr'><strong>ἕτερον</strong></span> <span class='ocrx_word' id='word_1_297' title='bbox 3018 1793 3271 1846; x_wconf 72' lang='grc' dir='ltr'><strong>ἐνιαυτὸν</strong></span> <span class='ocrx_word' id='word_1_298' title='bbox 3315 1792 3537 1863; x_wconf 83' lang='grc' dir='ltr'><strong>μετιὼν.</strong></span> <span class='ocrx_word' id='word_1_299' title='bbox 3590 1790 3765 1853; x_wconf 78' lang='grc' dir='ltr'><strong>οὕτως</strong></span> <span class='ocrx_word' id='word_1_300' title='bbox 3814 1792 4045 1843; x_wconf 79' lang='grc' dir='ltr'><strong>εἰσίτω’</strong></span> 
     </span>
    </p>
   </div>
   <div class='ocr_carea' id='block_1_42' title="bbox 2541 1884 4049 1957">
    <p class='ocr_par' dir='ltr' id='par_1_42' title="bbox 2541 1884 4049 1957">
     <span class='ocr_line' id='line_1_42' title="bbox 2541 1884 4049 1957; baseline -0.003 -17"><span class='ocrx_word' id='word_1_301' title='bbox 2541 1907 2559 1940; x_wconf 78' lang='grc' dir='ltr'><strong>ι</strong></span> <span class='ocrx_word' id='word_1_302' title='bbox 2600 1886 2696 1940; x_wconf 62' lang='lat' dir='ltr'><strong>ita).</strong></span> <span class='ocrx_word' id='word_1_303' title='bbox 2744 1885 2818 1956; x_wconf 78' lang='grc' dir='ltr'><strong>μὴ</strong></span> <span class='ocrx_word' id='word_1_304' title='bbox 2850 1886 3034 1951; x_wconf 76' lang='grc' dir='ltr'><strong>έξίτω,</strong></span> <span class='ocrx_word' id='word_1_305' title='bbox 3060 1886 3108 1937; x_wconf 83' lang='grc' dir='ltr'><strong>εί</strong></span> <span class='ocrx_word' id='word_1_306' title='bbox 3149 1887 3224 1955; x_wconf 81' lang='grc' dir='ltr'><strong>μὴ</strong></span> <span class='ocrx_word' id='word_1_307' title='bbox 3254 1885 3432 1956; x_wconf 76' lang='grc' dir='ltr'><strong>βιάζοι</strong></span> <span class='ocrx_word' id='word_1_308' title='bbox 3463 1885 3715 1948; x_wconf 80' lang='grc' dir='ltr'><strong>Θάνατος,</strong></span> <span class='ocrx_word' id='word_1_309' title='bbox 3740 1885 3775 1957; x_wconf 74' lang='grc' dir='ltr'>ἢ</span> <span class='ocrx_word' id='word_1_310' title='bbox 3802 1884 3942 1955; x_wconf 74' lang='grc' dir='ltr'><strong>πρὸς</strong></span> <span class='ocrx_word' id='word_1_311' title='bbox 3983 1884 4049 1936; x_wconf 70' lang='grc' dir='ltr'><strong>τὸ</strong></span> 
     </span>
    </p>
   </div>
   <div class='ocr_carea' id='block_1_43' title="bbox 2538 1979 3777 2034">
    <p class='ocr_par' dir='ltr' id='par_1_43' title="bbox 2538 1979 3777 2034">
     <span class='ocr_line' id='line_1_43' title="bbox 2538 1979 3777 2034; baseline -0.004 -1"><span class='ocrx_word' id='word_1_312' title='bbox 2538 2000 2557 2033; x_wconf 82' lang='lat' dir='ltr'><strong>t</strong></span> <span class='ocrx_word' id='word_1_313' title='bbox 2604 1980 2782 2034; x_wconf 70' lang='grc' dir='ltr'><strong>κοινὸν</strong></span> <span class='ocrx_word' id='word_1_314' title='bbox 2815 1979 3149 2032; x_wconf 75' lang='grc' dir='ltr'><strong>λυσιτέλεια.</strong></span> <span class='ocrx_word' id='word_1_315' title='bbox 3194 1997 3215 2028; x_wconf 74' lang='grc' dir='ltr'><strong>ι</strong></span> <span class='ocrx_word' id='word_1_316' title='bbox 3774 1986 3777 1987; x_wconf 67' lang='grc'><strong><em>⁷</em></strong></span> 
     </span>
    </p>
   </div>
   <div class='ocr_carea' id='block_1_44' title="bbox 2534 2066 4052 2141">
    <p class='ocr_par' dir='ltr' id='par_1_44' title="bbox 2534 2066 4052 2141">
     <span class='ocr_line' id='line_1_44' title="bbox 2534 2066 4052 2141; baseline -0.003 -17"><span class='ocrx_word' id='word_1_317' title='bbox 2534 2072 2640 2125; x_wconf 86' lang='grc' dir='ltr'><strong>Τὸν</strong></span> <span class='ocrx_word' id='word_1_318' title='bbox 2693 2072 2773 2134; x_wconf 75' lang='grc' dir='ltr'><strong>εἰς</strong></span> <span class='ocrx_word' id='word_1_319' title='bbox 2836 2071 3199 2141; x_wconf 78' lang='grc' dir='ltr'><strong>ἑγκλείστραν</strong></span> <span class='ocrx_word' id='word_1_320' title='bbox 3258 2070 3585 2141; x_wconf 80' lang='grc' dir='ltr'><strong>βουλόμενον</strong></span> <span class='ocrx_word' id='word_1_321' title='bbox 3637 2069 3895 2127; x_wconf 72' lang='grc' dir='ltr'><strong>εἰσιέναι,</strong></span> <span class='ocrx_word' id='word_1_322' title='bbox 3952 2066 4052 2119; x_wconf 75' lang='grc' dir='ltr'><strong>καὶ</strong></span> 
     </span>
    </p>
   </div>
   <div class='ocr_carea' id='block_1_45' title="bbox 2463 2162 4055 2235">
    <p class='ocr_par' dir='ltr' id='par_1_45' title="bbox 2463 2162 4055 2235">
     <span class='ocr_line' id='line_1_45' title="bbox 2463 2162 4055 2235; baseline -0.004 -18"><span class='ocrx_word' id='word_1_323' title='bbox 2463 2164 2645 2234; x_wconf 75' lang='grc' dir='ltr'><strong>ἑαυτῷ</strong></span> <span class='ocrx_word' id='word_1_324' title='bbox 2679 2164 2826 2233; x_wconf 75' lang='grc' dir='ltr'><strong>μόνῳ</strong></span> <span class='ocrx_word' id='word_1_325' title='bbox 2860 2162 3179 2235; x_wconf 80' lang='grc' dir='ltr'><strong>προσέχειν,</strong></span> <span class='ocrx_word' id='word_1_326' title='bbox 3212 2163 3297 2215; x_wconf 81' lang='grc' dir='ltr'><strong>δεῖ</strong></span> <span class='ocrx_word' id='word_1_327' title='bbox 3352 2162 3620 2231; x_wconf 71' lang='grc' dir='ltr'><strong>πρότερον</strong></span> <span class='ocrx_word' id='word_1_328' title='bbox 3656 2163 3715 2214; x_wconf 85' lang='grc' dir='ltr'><strong>ὲν</strong></span> <span class='ocrx_word' id='word_1_329' title='bbox 3770 2176 4055 2230; x_wconf 79' lang='grc' dir='ltr'><strong>μοναστη-</strong></span> 
     </span>
    </p>
   </div>
   <div class='ocr_carea' id='block_1_46' title="bbox 2466 2252 4054 2329">
    <p class='ocr_par' dir='ltr' id='par_1_46' title="bbox 2466 2252 4054 2329">
     <span class='ocr_line' id='line_1_46' title="bbox 2466 2252 4054 2329; baseline -0.003 -21"><span class='ocrx_word' id='word_1_330' title='bbox 2466 2256 2570 2329; x_wconf 82' lang='grc' dir='ltr'><strong>ρίῳ</strong></span> <span class='ocrx_word' id='word_1_331' title='bbox 2600 2256 2887 2319; x_wconf 68' lang='grc' dir='ltr'><strong>εἰσελθεῖν,</strong></span> <span class='ocrx_word' id='word_1_332' title='bbox 2920 2255 3014 2309; x_wconf 82' lang='grc' dir='ltr'><strong>καὶ</strong></span> <span class='ocrx_word' id='word_1_333' title='bbox 3058 2257 3152 2308; x_wconf 77' lang='grc' dir='ltr'><strong>ἐπὶ</strong></span> <span class='ocrx_word' id='word_1_334' title='bbox 3195 2255 3384 2324; x_wconf 84' lang='grc' dir='ltr'><strong>τριετῆ</strong></span> <span class='ocrx_word' id='word_1_335' title='bbox 3439 2254 3631 2324; x_wconf 76' lang='grc' dir='ltr'><strong>χρόνον</strong></span> <span class='ocrx_word' id='word_1_336' title='bbox 3695 2252 4054 2320; x_wconf 80' lang='grc' dir='ltr'><strong>ὑποταγῆναι</strong></span> 
     </span>
    </p>
   </div>
   <div class='ocr_carea' id='block_1_47' title="bbox 2467 2344 4053 2416">
    <p class='ocr_par' dir='ltr' id='par_1_47' title="bbox 2467 2344 4053 2416">
     <span class='ocr_line' id='line_1_47' title="bbox 2467 2344 4053 2416; baseline -0.003 -17"><span class='ocrx_word' id='word_1_337' title='bbox 2467 2346 2549 2416; x_wconf 82' lang='grc' dir='ltr'><strong>τῷ</strong></span> <span class='ocrx_word' id='word_1_338' title='bbox 2580 2348 2680 2413; x_wconf 72' lang='grc' dir='ltr'><strong>τῆς</strong></span> <span class='ocrx_word' id='word_1_339' title='bbox 2710 2348 2878 2415; x_wconf 87' lang='grc' dir='ltr'><strong>μονῆς</strong></span> <span class='ocrx_word' id='word_1_340' title='bbox 2908 2346 3217 2416; x_wconf 79' lang='grc' dir='ltr'><strong>προεστῶτι</strong></span> <span class='ocrx_word' id='word_1_341' title='bbox 3270 2349 3326 2399; x_wconf 84' lang='grc' dir='ltr'><strong>ὲν</strong></span> <span class='ocrx_word' id='word_1_342' title='bbox 3357 2346 3505 2415; x_wconf 73' lang='grc' dir='ltr'>φόϐῳ</span> <span class='ocrx_word' id='word_1_343' title='bbox 3532 2344 3691 2409; x_wconf 75' lang='grc' dir='ltr'><strong>Θεοῦ,</strong></span> <span class='ocrx_word' id='word_1_344' title='bbox 3723 2346 3824 2398; x_wconf 77' lang='grc' dir='ltr'><strong>καὶ</strong></span> <span class='ocrx_word' id='word_1_345' title='bbox 3872 2344 4053 2405; x_wconf 79' lang='grc' dir='ltr'><strong>οὕτως</strong></span> 
     </span>
    </p>
   </div>
   <div class='ocr_carea' id='block_1_48' title="bbox 2472 2439 4059 2511">
    <p class='ocr_par' dir='ltr' id='par_1_48' title="bbox 2472 2439 4059 2511">
     <span class='ocr_line' id='line_1_48' title="bbox 2472 2439 4059 2511; baseline -0.003 -17"><span class='ocrx_word' id='word_1_346' title='bbox 2472 2439 2578 2494; x_wconf 76' lang='grc' dir='ltr'><strong>ὑπὸ</strong></span> <span class='ocrx_word' id='word_1_347' title='bbox 2608 2440 2703 2493; x_wconf 77' lang='grc' dir='ltr'><strong>τοῦ</strong></span> <span class='ocrx_word' id='word_1_348' title='bbox 2740 2441 2884 2493; x_wconf 78' lang='grc' dir='ltr'><strong>κατὰ</strong></span> <span class='ocrx_word' id='word_1_349' title='bbox 2912 2441 3098 2510; x_wconf 80' lang='grc' dir='ltr'><strong>χώραν</strong></span> <span class='ocrx_word' id='word_1_350' title='bbox 3133 2441 3436 2494; x_wconf 75' lang='grc' dir='ltr'><strong>ἐπισκόπου</strong></span> <span class='ocrx_word' id='word_1_351' title='bbox 3465 2442 3564 2511; x_wconf 83' lang='grc' dir='ltr'><strong>τὴν</strong></span> <span class='ocrx_word' id='word_1_352' title='bbox 3596 2441 3928 2508; x_wconf 69' lang='grc' dir='ltr'><strong>προαίρεσιν</strong></span> <span class='ocrx_word' id='word_1_353' title='bbox 3959 2439 4059 2491; x_wconf 76' lang='grc' dir='ltr'><strong>αὗ-</strong></span> 
     </span>
    </p>
   </div>
   <div class='ocr_carea' id='block_1_49' title="bbox 2467 2532 4061 2605">
    <p class='ocr_par' dir='ltr' id='par_1_49' title="bbox 2467 2532 4061 2605">
     <span class='ocr_line' id='line_1_49' title="bbox 2467 2532 4061 2605; baseline -0.002 -17"><span class='ocrx_word' id='word_1_354' title='bbox 2467 2534 2566 2588; x_wconf 85' lang='grc' dir='ltr'>τοῦ</span> <span class='ocrx_word' id='word_1_355' title='bbox 2597 2533 3022 2604; x_wconf 80' lang='grc' dir='ltr'><strong>δοκιμασθῆναι.</strong></span> <span class='ocrx_word' id='word_1_356' title='bbox 3056 2536 3103 2587; x_wconf 76' lang='grc' dir='ltr'><strong>εἰ</strong></span> <span class='ocrx_word' id='word_1_357' title='bbox 3129 2534 3395 2597; x_wconf 75' lang='grc' dir='ltr'><strong>ἑκουσίως</strong></span> <span class='ocrx_word' id='word_1_358' title='bbox 3420 2535 3515 2587; x_wconf 68' lang='grc' dir='ltr'><strong>καὶ</strong></span> <span class='ocrx_word' id='word_1_359' title='bbox 3545 2534 3605 2598; x_wconf 74' lang='grc' dir='ltr'>ἐξ</span> <span class='ocrx_word' id='word_1_360' title='bbox 3628 2534 3758 2605; x_wconf 80' lang='grc' dir='ltr'><strong>ὅλης</strong></span> <span class='ocrx_word' id='word_1_361' title='bbox 3783 2532 3892 2603; x_wconf 85' lang='grc' dir='ltr'><strong>τῆς</strong></span> <span class='ocrx_word' id='word_1_362' title='bbox 3919 2550 4061 2602; x_wconf 88' lang='grc' dir='ltr'><strong>καρ-</strong></span> 
     </span>
    </p>
   </div>
   <div class='ocr_carea' id='block_1_50' title="bbox 2467 2627 4059 2699">
    <p class='ocr_par' dir='ltr' id='par_1_50' title="bbox 2467 2627 4059 2699">
     <span class='ocr_line' id='line_1_50' title="bbox 2467 2627 4059 2699; baseline -0.001 -19"><span class='ocrx_word' id='word_1_363' title='bbox 2467 2628 2588 2691; x_wconf 75' lang='grc' dir='ltr'><strong>δίας</strong></span> <span class='ocrx_word' id='word_1_364' title='bbox 2620 2630 2712 2682; x_wconf 73' lang='grc' dir='ltr'><strong>τὸν</strong></span> <span class='ocrx_word' id='word_1_365' title='bbox 2742 2627 2989 2682; x_wconf 77' lang='grc' dir='ltr'><strong>τοιοῦτον</strong></span> <span class='ocrx_word' id='word_1_366' title='bbox 3012 2627 3128 2699; x_wconf 86' lang='grc' dir='ltr'><strong>βίον</strong></span> <span class='ocrx_word' id='word_1_367' title='bbox 3157 2628 3493 2697; x_wconf 81' lang='grc' dir='ltr'><strong>ἀσπάζηται.</strong></span> <span class='ocrx_word' id='word_1_368' title='bbox 3531 2628 3643 2681; x_wconf 75' lang='grc' dir='ltr'><strong>Καὶ</strong></span> <span class='ocrx_word' id='word_1_369' title='bbox 3691 2629 3741 2680; x_wconf 82' lang='grc' dir='ltr'><strong>εί</strong></span> <span class='ocrx_word' id='word_1_370' title='bbox 3792 2627 4059 2696; x_wconf 73' lang='grc' dir='ltr'><strong>ἐπιμένει</strong></span> 
     </span>
    </p>
   </div>
   <div class='ocr_carea' id='block_1_51' title="bbox 2483 2719 4055 2789">
    <p class='ocr_par' dir='ltr' id='par_1_51' title="bbox 2483 2719 4055 2789">
     <span class='ocr_line' id='line_1_51' title="bbox 2483 2719 4055 2789; baseline -0.003 -15"><span class='ocrx_word' id='word_1_371' title='bbox 2483 2720 2761 2789; x_wconf 75' lang='grc' dir='ltr'><strong>ὁμολογῶν</strong></span> <span class='ocrx_word' id='word_1_372' title='bbox 2792 2723 3220 2789; x_wconf 83' lang='grc' dir='ltr'><strong>τοιουτοτρόπως</strong></span> <span class='ocrx_word' id='word_1_373' title='bbox 3276 2720 3560 2774; x_wconf 75' lang='grc' dir='ltr'><strong>ἔπιποθεϊν</strong></span> <span class='ocrx_word' id='word_1_374' title='bbox 3615 2719 3804 2783; x_wconf 73' lang='grc' dir='ltr'><strong>αὑτὸν,</strong></span> <span class='ocrx_word' id='word_1_375' title='bbox 3833 2720 3938 2772; x_wconf 72' lang='grc' dir='ltr'><strong>καὶ</strong></span> <span class='ocrx_word' id='word_1_376' title='bbox 3963 2719 4055 2786; x_wconf 73' lang='grc' dir='ltr'><strong>ἐφ’</strong></span> 
     </span>
    </p>
   </div>
   <div class='ocr_carea' id='block_1_52' title="bbox 2467 2808 4058 2884">
    <p class='ocr_par' dir='ltr' id='par_1_52' title="bbox 2467 2808 4058 2884">
     <span class='ocr_line' id='line_1_52' title="bbox 2467 2808 4058 2884; baseline -0.003 -18"><span class='ocrx_word' id='word_1_377' title='bbox 2467 2813 2654 2882; x_wconf 73' lang='grc' dir='ltr'><strong>ἕτερον</strong></span> <span class='ocrx_word' id='word_1_378' title='bbox 2702 2813 2948 2866; x_wconf 73' lang='grc' dir='ltr'><strong>ἐνιαυτὸν</strong></span> <span class='ocrx_word' id='word_1_379' title='bbox 2974 2815 3411 2884; x_wconf 79' lang='grc' dir='ltr'><strong>προσκαρτερεῖν</strong></span> <span class='ocrx_word' id='word_1_380' title='bbox 3463 2809 3663 2876; x_wconf 76' lang='grc' dir='ltr'><strong>ἔξωθεν</strong></span> <span class='ocrx_word' id='word_1_381' title='bbox 3688 2812 3789 2879; x_wconf 83' lang='grc' dir='ltr'><strong>τῆς</strong></span> <span class='ocrx_word' id='word_1_382' title='bbox 3827 2808 4058 2877; x_wconf 76' lang='grc' dir='ltr'><strong>ἐγκλεί-</strong></span> 
     </span>
    </p>
   </div>
   <div class='ocr_carea' id='block_1_53' title="bbox 2470 2901 4063 2977">
    <p class='ocr_par' dir='ltr' id='par_1_53' title="bbox 2470 2901 4063 2977">
     <span class='ocr_line' id='line_1_53' title="bbox 2470 2901 4063 2977; baseline -0.005 -16"><span class='ocrx_word' id='word_1_383' title='bbox 2470 2925 2660 2977; x_wconf 85' lang='grc' dir='ltr'><strong>στρας,</strong></span> <span class='ocrx_word' id='word_1_384' title='bbox 2693 2906 2768 2969; x_wconf 81' lang='grc' dir='ltr'><strong>ὡς</strong></span> <span class='ocrx_word' id='word_1_385' title='bbox 2786 2907 2853 2960; x_wconf 83' lang='grc' dir='ltr'><strong>ἂν</strong></span> <span class='ocrx_word' id='word_1_386' title='bbox 2874 2907 3276 2977; x_wconf 81' lang='grc' dir='ltr'><strong>περισσοτέραν</strong></span> <span class='ocrx_word' id='word_1_387' title='bbox 3295 2905 3525 2976; x_wconf 79' lang='grc' dir='ltr'><strong>παρέξει</strong></span> <span class='ocrx_word' id='word_1_388' title='bbox 3547 2903 3956 2976; x_wconf 76' lang='grc' dir='ltr'><strong>πληροφορίαν,</strong></span> <span class='ocrx_word' id='word_1_389' title='bbox 3983 2901 4063 2964; x_wconf 80' lang='grc' dir='ltr'><strong>ὡς</strong></span> 
     </span>
    </p>
   </div>
   <div class='ocr_carea' id='block_1_54' title="bbox 2467 2993 4064 3069">
    <p class='ocr_par' dir='ltr' id='par_1_54' title="bbox 2467 2993 4064 3069">
     <span class='ocr_line' id='line_1_54' title="bbox 2467 2993 4064 3069; baseline -0.004 -16"><span class='ocrx_word' id='word_1_390' title='bbox 2467 3000 2528 3053; x_wconf 83' lang='grc' dir='ltr'><strong>οὐ</strong></span> <span class='ocrx_word' id='word_1_391' title='bbox 2550 3000 2640 3053; x_wconf 83' lang='grc' dir='ltr'><strong>διὰ</strong></span> <span class='ocrx_word' id='word_1_392' title='bbox 2674 2999 2913 3068; x_wconf 85' lang='grc' dir='ltr'><strong>ματαίαν</strong></span> <span class='ocrx_word' id='word_1_393' title='bbox 2935 2998 3094 3065; x_wconf 76' lang='grc' dir='ltr'><strong>δόξαν</strong></span> <span class='ocrx_word' id='word_1_394' title='bbox 3115 2998 3215 3067; x_wconf 78' lang='grc' dir='ltr'><strong>τὴν</strong></span> <span class='ocrx_word' id='word_1_395' title='bbox 3242 2999 3475 3069; x_wconf 82' lang='grc' dir='ltr'><strong>ἡσυχίαν</strong></span> <span class='ocrx_word' id='word_1_396' title='bbox 3516 2995 3873 3067; x_wconf 80' lang='grc' dir='ltr'><strong>μεταδιώκει,</strong></span> <span class='ocrx_word' id='word_1_397' title='bbox 3921 2993 4064 3047; x_wconf 73' lang='grc' dir='ltr'><strong>ἀλλὰ</strong></span> 
     </span>
    </p>
   </div>
   <div class='ocr_carea' id='block_1_55' title="bbox 801 3076 2366 3158">
    <p class='ocr_par' dir='ltr' id='par_1_55' title="bbox 801 3076 2366 3147">
     <span class='ocr_line' id='line_1_55' title="bbox 801 3076 2366 3147; baseline 0.008 -21"><span class='ocrx_word' id='word_1_398' title='bbox 801 3076 868 3126; x_wconf 73' lang='lat' dir='ltr'><strong>tia</strong></span> <span class='ocrx_word' id='word_1_399' title='bbox 926 3091 1245 3144; x_wconf 85' lang='lat' dir='ltr'><strong>permanens</strong></span> <span class='ocrx_word' id='word_1_400' title='bbox 1296 3077 1604 3131; x_wconf 82' lang='lat' dir='ltr'><strong>inveniatur</strong></span> <span class='ocrx_word' id='word_1_401' title='bbox 1650 3096 1665 3132; x_wconf 91' lang='lat'><strong>:</strong></span> <span class='ocrx_word' id='word_1_402' title='bbox 1720 3089 1849 3134; x_wconf 90' lang='lat' dir='ltr'><strong>tunc</strong></span> <span class='ocrx_word' id='word_1_403' title='bbox 1914 3082 2260 3147; x_wconf 84' lang='lat' dir='ltr'><strong>includatur,</strong></span> <span class='ocrx_word' id='word_1_404' title='bbox 2314 3093 2366 3139; x_wconf 89' lang='lat' dir='ltr'><strong>et</strong></span> 
     </span>
    </p>
   </div>
   <div class='ocr_carea' id='block_1_56' title="bbox 2468 3076 4060 3158">
    <p class='ocr_par' dir='ltr' id='par_1_56' title="bbox 2468 3085 4060 3158">
     <span class='ocr_line' id='line_1_56' title="bbox 2468 3085 4060 3158; baseline -0.005 -13"><span class='ocrx_word' id='word_1_405' title='bbox 2468 3091 2535 3145; x_wconf 83' lang='grc' dir='ltr'><strong>δι’</strong></span> <span class='ocrx_word' id='word_1_406' title='bbox 2565 3092 2696 3144; x_wconf 84' lang='grc' dir='ltr'><strong>αὐτὸ</strong></span> <span class='ocrx_word' id='word_1_407' title='bbox 2717 3091 2778 3142; x_wconf 79' lang='grc' dir='ltr'><strong>τὸ</strong></span> <span class='ocrx_word' id='word_1_408' title='bbox 2806 3089 2975 3143; x_wconf 79' lang='grc' dir='ltr'><strong>καλόν</strong></span> <span class='ocrx_word' id='word_1_409' title='bbox 3001 3106 3016 3122; x_wconf 83' lang='grc'><em>’</em></span> <span class='ocrx_word' id='word_1_410' title='bbox 3050 3093 3186 3158; x_wconf 82' lang='grc' dir='ltr'><strong>μετὰ</strong></span> <span class='ocrx_word' id='word_1_411' title='bbox 3211 3090 3267 3143; x_wconf 84' lang='grc' dir='ltr'><strong>δὲ</strong></span> <span class='ocrx_word' id='word_1_412' title='bbox 3302 3090 3401 3158; x_wconf 78' lang='grc' dir='ltr'><strong>τὴν</strong></span> <span class='ocrx_word' id='word_1_413' title='bbox 3430 3088 3523 3142; x_wconf 80' lang='grc' dir='ltr'><strong>τοῦ</strong></span> <span class='ocrx_word' id='word_1_414' title='bbox 3548 3085 3805 3140; x_wconf 79' lang='grc' dir='ltr'><strong>τοσούτου</strong></span> <span class='ocrx_word' id='word_1_415' title='bbox 3850 3086 4060 3154; x_wconf 70' lang='grc' dir='ltr'><strong>χρόνου</strong></span> 
     </span>
    </p>
   </div>
   <div class='ocr_carea' id='block_1_57' title="bbox 799 3165 2366 3255">
    <p class='ocr_par' dir='ltr' id='par_1_57' title="bbox 799 3165 2365 3235">
     <span class='ocr_line' id='line_1_57' title="bbox 799 3165 2365 3235; baseline 0.006 -17"><span class='ocrx_word' id='word_1_416' title='bbox 799 3165 1031 3235; x_wconf 83' lang='lat' dir='ltr'><strong>amplius</strong></span> <span class='ocrx_word' id='word_1_417' title='bbox 1078 3169 1226 3223; x_wconf 86' lang='lat' dir='ltr'><strong>illinc</strong></span> <span class='ocrx_word' id='word_1_418' title='bbox 1280 3185 1384 3224; x_wconf 89' lang='lat' dir='ltr'><strong>non</strong></span> <span class='ocrx_word' id='word_1_419' title='bbox 1438 3178 1634 3234; x_wconf 81' lang='lat' dir='ltr'><strong>exeat,</strong></span> <span class='ocrx_word' id='word_1_420' title='bbox 1689 3171 1795 3226; x_wconf 85' lang='lat' dir='ltr'><strong>nisi</strong></span> <span class='ocrx_word' id='word_1_421' title='bbox 1868 3171 2009 3227; x_wconf 80' lang='lat' dir='ltr'><strong>forte</strong></span> <span class='ocrx_word' id='word_1_422' title='bbox 2064 3176 2365 3230; x_wconf 82' lang='lat' dir='ltr'><strong>communis</strong></span> 
     </span>
    </p>
   </div>
   <div class='ocr_carea' id='block_1_58' title="bbox 2468 3165 4065 3255">
    <p class='ocr_par' dir='ltr' id='par_1_58' title="bbox 2470 3178 4065 3255">
     <span class='ocr_line' id='line_1_58' title="bbox 2470 3178 4065 3255; baseline -0.003 -20"><span class='ocrx_word' id='word_1_423' title='bbox 2470 3182 2835 3255; x_wconf 77' lang='grc' dir='ltr'><strong>παραδρομὴν</strong></span> <span class='ocrx_word' id='word_1_424' title='bbox 2878 3184 2927 3234; x_wconf 79' lang='grc' dir='ltr'><strong>εί</strong></span> <span class='ocrx_word' id='word_1_425' title='bbox 2983 3184 3079 3235; x_wconf 73' lang='grc' dir='ltr'><strong>ἐπὶ</strong></span> <span class='ocrx_word' id='word_1_426' title='bbox 3106 3184 3203 3251; x_wconf 83' lang='grc' dir='ltr'><strong>τῆς</strong></span> <span class='ocrx_word' id='word_1_427' title='bbox 3241 3182 3409 3251; x_wconf 81' lang='grc' dir='ltr'><strong>αὐτῆς</strong></span> <span class='ocrx_word' id='word_1_428' title='bbox 3450 3182 3769 3250; x_wconf 76' lang='grc' dir='ltr'><strong>εὑρίσκεται</strong></span> <span class='ocrx_word' id='word_1_429' title='bbox 3819 3178 4065 3247; x_wconf 81' lang='grc' dir='ltr'><strong>γνώμης</strong></span> 
     </span>
    </p>
   </div>
   <div class='ocr_carea' id='block_1_59' title="bbox 798 3261 2366 3357">
    <p class='ocr_par' dir='ltr' id='par_1_59' title="bbox 798 3261 2366 3357">
     <span class='ocr_line' id='line_1_59' title="bbox 798 3261 2366 3357; baseline 0.004 -44"><span class='ocrx_word' id='word_1_430' title='bbox 798 3261 1004 3313; x_wconf 73' lang='lat' dir='ltr'><strong>utilitas</strong></span> <span class='ocrx_word' id='word_1_431' title='bbox 1035 3271 1384 3329; x_wconf 81' lang='lat' dir='ltr'><strong>proponatur,</strong></span> <span class='ocrx_word' id='word_1_432' title='bbox 1436 3273 1531 3317; x_wconf 86' lang='lat' dir='ltr'><strong>aut</strong></span> <span class='ocrx_word' id='word_1_433' title='bbox 1567 3263 1669 3357; x_wconf 60' lang='lat' dir='ltr'><strong>alia</strong></span> <span class='ocrx_word' id='word_1_434' title='bbox 1720 3264 2013 3319; x_wconf 86' lang='lat' dir='ltr'><strong>necessitas</strong></span> <span class='ocrx_word' id='word_1_435' title='bbox 2059 3274 2284 3321; x_wconf 85' lang='lat' dir='ltr'><strong>mortem</strong></span> <span class='ocrx_word' id='word_1_436' title='bbox 2321 3267 2366 3320; x_wconf 86' lang='lat' dir='ltr'><strong>ei</strong></span> 
     </span>
    </p>
   </div>
   <div class='ocr_carea' id='block_1_60' title="bbox 2468 3261 4068 3357">
    <p class='ocr_par' dir='ltr' id='par_1_60' title="bbox 2477 3268 4068 3343">
     <span class='ocr_line' id='line_1_60' title="bbox 2477 3268 4068 3343; baseline -0.004 -17"><span class='ocrx_word' id='word_1_437' title='bbox 2477 3274 2789 3343; x_wconf 64' lang='grc' dir='ltr'><strong>ἱστάμενος,</strong></span> <span class='ocrx_word' id='word_1_438' title='bbox 2838 3273 3153 3341; x_wconf 69' lang='grc' dir='ltr'><strong>έγκλεῖσθαι</strong></span> <span class='ocrx_word' id='word_1_439' title='bbox 3198 3274 3387 3336; x_wconf 76' lang='grc' dir='ltr'><strong>αὑτὸν,</strong></span> <span class='ocrx_word' id='word_1_440' title='bbox 3454 3276 3549 3325; x_wconf 75' lang='grc' dir='ltr'><strong>καὶ</strong></span> <span class='ocrx_word' id='word_1_441' title='bbox 3592 3271 3791 3341; x_wconf 80' lang='grc' dir='ltr'><strong>μηκέτι</strong></span> <span class='ocrx_word' id='word_1_442' title='bbox 3837 3268 4068 3322; x_wconf 78' lang='grc' dir='ltr'><strong>ἐκεῖθεν</strong></span> 
     </span>
    </p>
   </div>
   <div class='ocr_carea' id='block_1_61' title="bbox 802 3354 2366 3437">
    <p class='ocr_par' dir='ltr' id='par_1_61' title="bbox 802 3354 2366 3427">
     <span class='ocr_line' id='line_1_61' title="bbox 802 3354 2366 3427; baseline 0.004 -22"><span class='ocrx_word' id='word_1_443' title='bbox 802 3354 996 3407; x_wconf 83' lang='lat' dir='ltr'><strong>minata</strong></span> <span class='ocrx_word' id='word_1_444' title='bbox 1039 3372 1051 3406; x_wconf 89' lang='lat'>:</span> <span class='ocrx_word' id='word_1_445' title='bbox 1097 3364 1223 3408; x_wconf 87' lang='lat' dir='ltr'><strong>tunc</strong></span> <span class='ocrx_word' id='word_1_446' title='bbox 1252 3355 1393 3407; x_wconf 88' lang='lat' dir='ltr'><strong>enim</strong></span> <span class='ocrx_word' id='word_1_447' title='bbox 1424 3369 1545 3408; x_wconf 87' lang='lat' dir='ltr'><strong>cum</strong></span> <span class='ocrx_word' id='word_1_448' title='bbox 1579 3354 1845 3425; x_wconf 77' lang='lat' dir='ltr'><strong>episcopi,</strong></span> <span class='ocrx_word' id='word_1_449' title='bbox 1869 3357 1957 3423; x_wconf 87' lang='lat' dir='ltr'><strong>qui</strong></span> <span class='ocrx_word' id='word_1_450' title='bbox 1994 3357 2112 3411; x_wconf 87' lang='lat' dir='ltr'><strong>loco</strong></span> <span class='ocrx_word' id='word_1_451' title='bbox 2151 3367 2366 3427; x_wconf 67' lang='lat' dir='ltr'><strong>pra-est,</strong></span> 
     </span>
    </p>
   </div>
   <div class='ocr_carea' id='block_1_62' title="bbox 2468 3354 4067 3437">
    <p class='ocr_par' dir='ltr' id='par_1_62' title="bbox 2478 3360 4067 3437">
     <span class='ocr_line' id='line_1_62' title="bbox 2478 3360 4067 3437; baseline -0.002 -19"><span class='ocrx_word' id='word_1_452' title='bbox 2478 3366 2820 3437; x_wconf 75' lang='grc' dir='ltr'><strong>ἐξέρχεσθαι,</strong></span> <span class='ocrx_word' id='word_1_453' title='bbox 2877 3367 2925 3418; x_wconf 77' lang='grc' dir='ltr'><strong>εί</strong></span> <span class='ocrx_word' id='word_1_454' title='bbox 2966 3368 3038 3436; x_wconf 87' lang='grc' dir='ltr'><strong>μή</strong></span> <span class='ocrx_word' id='word_1_455' title='bbox 3080 3383 3181 3417; x_wconf 87' lang='grc' dir='ltr'><strong>που</strong></span> <span class='ocrx_word' id='word_1_456' title='bbox 3218 3367 3372 3435; x_wconf 83' lang='grc' dir='ltr'><strong>κοινὴ</strong></span> <span class='ocrx_word' id='word_1_457' title='bbox 3399 3366 3640 3434; x_wconf 75' lang='grc' dir='ltr'><strong>ὠφέλεια</strong></span> <span class='ocrx_word' id='word_1_458' title='bbox 3672 3366 3996 3435; x_wconf 61' lang='grc' dir='ltr'><strong>πρόκειται,</strong></span> <span class='ocrx_word' id='word_1_459' title='bbox 4029 3360 4067 3431; x_wconf 70' lang='grc' dir='ltr'><strong>ἢ</strong></span> 
     </span>
    </p>
   </div>
   <div class='ocr_carea' id='block_1_63' title="bbox 800 3445 2366 3527">
    <p class='ocr_par' dir='ltr' id='par_1_63' title="bbox 800 3445 2366 3513">
     <span class='ocr_line' id='line_1_63' title="bbox 800 3445 2366 3513; baseline 0.004 -14"><span class='ocrx_word' id='word_1_460' title='bbox 800 3445 1175 3499; x_wconf 85' lang='lat' dir='ltr'><strong>benedictione</strong></span> <span class='ocrx_word' id='word_1_461' title='bbox 1203 3447 1528 3513; x_wconf 77' lang='lat' dir='ltr'><strong>egredietur.</strong></span> <span class='ocrx_word' id='word_1_462' title='bbox 1575 3445 1703 3502; x_wconf 86' lang='lat' dir='ltr'><strong>Sine</strong></span> <span class='ocrx_word' id='word_1_463' title='bbox 1752 3446 1914 3502; x_wconf 89' lang='lat' dir='ltr'><strong>dictis</strong></span> <span class='ocrx_word' id='word_1_464' title='bbox 1958 3458 2136 3502; x_wconf 81' lang='lat' dir='ltr'><strong>autem</strong></span> <span class='ocrx_word' id='word_1_465' title='bbox 2188 3452 2366 3505; x_wconf 82' lang='lat' dir='ltr'><strong>causis</strong></span> 
     </span>
    </p>
   </div>
   <div class='ocr_carea' id='block_1_64' title="bbox 2468 3445 4060 3527">
    <p class='ocr_par' dir='ltr' id='par_1_64' title="bbox 2477 3452 4060 3527">
     <span class='ocr_line' id='line_1_64' title="bbox 2477 3452 4060 3527; baseline -0.005 -17"><span class='ocrx_word' id='word_1_466' title='bbox 2477 3458 2640 3527; x_wconf 82' lang='grc' dir='ltr'><strong>ἑτέρα</strong></span> <span class='ocrx_word' id='word_1_467' title='bbox 2694 3457 2936 3526; x_wconf 84' lang='grc' dir='ltr'><strong>ἀνάγκη,</strong></span> <span class='ocrx_word' id='word_1_468' title='bbox 2971 3458 3205 3509; x_wconf 83' lang='grc' dir='ltr'><strong>θάνατον</strong></span> <span class='ocrx_word' id='word_1_469' title='bbox 3242 3454 3619 3509; x_wconf 81' lang='grc' dir='ltr'><strong>ὲπαπειλοῦσα</strong></span> <span class='ocrx_word' id='word_1_470' title='bbox 3680 3452 3860 3523; x_wconf 75' lang='grc' dir='ltr'><strong>αὐτῷ·</strong></span> <span class='ocrx_word' id='word_1_471' title='bbox 3900 3470 4060 3521; x_wconf 77' lang='grc' dir='ltr'><strong>τηνι·</strong></span> 
     </span>
    </p>
   </div>
   <div class='ocr_carea' id='block_1_65' title="bbox 800 3536 2370 3610">
    <p class='ocr_par' dir='ltr' id='par_1_65' title="bbox 800 3536 2370 3610">
     <span class='ocr_line' id='line_1_65' title="bbox 800 3536 2370 3610; baseline 0.004 -21"><span class='ocrx_word' id='word_1_472' title='bbox 800 3538 843 3589; x_wconf 87' lang='lat' dir='ltr'><strong>si</strong></span> <span class='ocrx_word' id='word_1_473' title='bbox 862 3536 1201 3610; x_wconf 51' lang='lat' dir='ltr'><strong>egrediatur.</strong></span> <span class='ocrx_word' id='word_1_474' title='bbox 1237 3538 1410 3604; x_wconf 87' lang='lat' dir='ltr'><strong>primo</strong></span> <span class='ocrx_word' id='word_1_475' title='bbox 1432 3536 1647 3605; x_wconf 86' lang='lat' dir='ltr'><strong>quidem</strong></span> <span class='ocrx_word' id='word_1_476' title='bbox 1678 3537 1840 3591; x_wconf 91' lang='lat' dir='ltr'><strong>etiam</strong></span> <span class='ocrx_word' id='word_1_477' title='bbox 1892 3539 2087 3594; x_wconf 83' lang='lat' dir='ltr'><strong>invitus</strong></span> <span class='ocrx_word' id='word_1_478' title='bbox 2128 3539 2370 3595; x_wconf 86' lang='lat' dir='ltr'><strong>include-</strong></span> 
     </span>
    </p>
   </div>
   <div class='ocr_carea' id='block_1_66' title="bbox 801 3629 2372 3697">
    <p class='ocr_par' dir='ltr' id='par_1_66' title="bbox 801 3629 2372 3697">
     <span class='ocr_line' id='line_1_66' title="bbox 801 3629 2372 3697; baseline 0.004 -16"><span class='ocrx_word' id='word_1_479' title='bbox 801 3639 911 3694; x_wconf 85' lang='lat' dir='ltr'><strong>tur,</strong></span> <span class='ocrx_word' id='word_1_480' title='bbox 967 3629 1159 3683; x_wconf 89' lang='lat' dir='ltr'><strong>deinde</strong></span> <span class='ocrx_word' id='word_1_481' title='bbox 1203 3638 1378 3681; x_wconf 89' lang='lat' dir='ltr'><strong>autem</strong></span> <span class='ocrx_word' id='word_1_482' title='bbox 1420 3629 1645 3697; x_wconf 78' lang='lat' dir='ltr'><strong>jejuniis</strong></span> <span class='ocrx_word' id='word_1_483' title='bbox 1692 3639 1746 3683; x_wconf 91' lang='lat' dir='ltr'><strong>et</strong></span> <span class='ocrx_word' id='word_1_484' title='bbox 1786 3629 1910 3684; x_wconf 87' lang='lat' dir='ltr'><strong>aliis</strong></span> <span class='ocrx_word' id='word_1_485' title='bbox 1962 3632 2372 3687; x_wconf 86' lang='lat' dir='ltr'><strong>tractationibus</strong></span> 
     </span>
    </p>
   </div>
   <div class='ocr_carea' id='block_1_67' title="bbox 797 3720 2372 3792">
    <p class='ocr_par' dir='ltr' id='par_1_67' title="bbox 797 3720 2372 3792">
     <span class='ocr_line' id='line_1_67' title="bbox 797 3720 2372 3792; baseline 0.006 -20"><span class='ocrx_word' id='word_1_486' title='bbox 797 3720 955 3779; x_wconf 82' lang='lat' dir='ltr'><strong>duris</strong></span> <span class='ocrx_word' id='word_1_487' title='bbox 999 3720 1329 3789; x_wconf 86' lang='lat' dir='ltr'><strong>subjicietur,</strong></span> <span class='ocrx_word' id='word_1_488' title='bbox 1378 3732 1433 3776; x_wconf 90' lang='lat' dir='ltr'><strong>et</strong></span> <span class='ocrx_word' id='word_1_489' title='bbox 1480 3737 1576 3790; x_wconf 90' lang='lat' dir='ltr'><strong>per</strong></span> <span class='ocrx_word' id='word_1_490' title='bbox 1617 3738 1712 3777; x_wconf 87' lang='lat' dir='ltr'><strong>eas</strong></span> <span class='ocrx_word' id='word_1_491' title='bbox 1763 3724 2217 3792; x_wconf 87' lang='lat' dir='ltr'><strong>pusillanimitatis</strong></span> <span class='ocrx_word' id='word_1_492' title='bbox 2263 3743 2372 3781; x_wconf 82' lang='lat' dir='ltr'><strong>sua:</strong></span> 
     </span>
    </p>
   </div>
   <div class='ocr_carea' id='block_1_68' title="bbox 805 3812 2374 3885">
    <p class='ocr_par' dir='ltr' id='par_1_68' title="bbox 805 3812 2374 3885">
     <span class='ocr_line' id='line_1_68' title="bbox 805 3812 2374 3885; baseline 0.006 -22"><span class='ocrx_word' id='word_1_493' title='bbox 805 3812 1068 3865; x_wconf 85' lang='lat' dir='ltr'><strong>medelam</strong></span> <span class='ocrx_word' id='word_1_494' title='bbox 1107 3814 1366 3876; x_wconf 74' lang='lat' dir='ltr'><strong>inveniet,</strong></span> <span class='ocrx_word' id='word_1_495' title='bbox 1398 3813 1594 3876; x_wconf 85' lang='lat' dir='ltr'><strong>sciens.</strong></span> <span class='ocrx_word' id='word_1_496' title='bbox 1622 3813 1776 3881; x_wconf 83' lang='lat' dir='ltr'><strong>juxta</strong></span> <span class='ocrx_word' id='word_1_497' title='bbox 1801 3816 1943 3884; x_wconf 90' lang='lat' dir='ltr'><strong>quod</strong></span> <span class='ocrx_word' id='word_1_498' title='bbox 1983 3818 2239 3885; x_wconf 86' lang='lat' dir='ltr'><strong>scriptum</strong></span> <span class='ocrx_word' id='word_1_499' title='bbox 2271 3827 2374 3884; x_wconf 87' lang='lat' dir='ltr'><strong>est,</strong></span> 
     </span>
    </p>
   </div>
   <div class='ocr_carea' id='block_1_69' title="bbox 806 3902 2378 3971">
    <p class='ocr_par' dir='ltr' id='par_1_69' title="bbox 806 3902 2378 3971">
     <span class='ocr_line' id='line_1_69' title="bbox 806 3902 2378 3971; baseline 0.004 -17"><span class='ocrx_word' id='word_1_500' title='bbox 806 3903 945 3971; x_wconf 88' lang='lat' dir='ltr'><strong>quod</strong></span> <span class='ocrx_word' id='word_1_501' title='bbox 980 3902 1183 3970; x_wconf 82' lang='lat' dir='ltr'><strong>Nemo,</strong></span> <span class='ocrx_word' id='word_1_502' title='bbox 1216 3905 1307 3970; x_wconf 91' lang='lat' dir='ltr'><strong>qui</strong></span> <span class='ocrx_word' id='word_1_503' title='bbox 1342 3920 1555 3957; x_wconf 91' lang='lat' dir='ltr'><strong>manum</strong></span> <span class='ocrx_word' id='word_1_504' title='bbox 1602 3920 1753 3958; x_wconf 84' lang='lat' dir='ltr'><strong>suam</strong></span> <span class='ocrx_word' id='word_1_505' title='bbox 1791 3916 1973 3960; x_wconf 90' lang='lat' dir='ltr'><strong>aratro</strong></span> <span class='ocrx_word' id='word_1_506' title='bbox 2018 3907 2265 3971; x_wconf 89' lang='lat' dir='ltr'><strong>immisit,</strong></span> <span class='ocrx_word' id='word_1_507' title='bbox 2324 3918 2378 3963; x_wconf 90' lang='lat' dir='ltr'><strong>et</strong></span> 
     </span>
    </p>
   </div>
   <div class='ocr_carea' id='block_1_70' title="bbox 809 3998 2302 4069">
    <p class='ocr_par' dir='ltr' id='par_1_70' title="bbox 809 3998 2302 4069">
     <span class='ocr_line' id='line_1_70' title="bbox 809 3998 2302 4069; baseline 0.005 -22"><span class='ocrx_word' id='word_1_508' title='bbox 809 4004 957 4047; x_wconf 79' lang='lat' dir='ltr'><strong>retro</strong></span> <span class='ocrx_word' id='word_1_509' title='bbox 988 4010 1283 4050; x_wconf 81' lang='lat' dir='ltr'><strong>conversus</strong></span> <span class='ocrx_word' id='word_1_510' title='bbox 1308 4007 1411 4060; x_wconf 88' lang='lat' dir='ltr'><strong>est,</strong></span> <span class='ocrx_word' id='word_1_511' title='bbox 1447 4006 1605 4065; x_wconf 87' lang='lat' dir='ltr'><strong>aptus</strong></span> <span class='ocrx_word' id='word_1_512' title='bbox 1630 4006 1713 4051; x_wconf 88' lang='lat' dir='ltr'><strong>est</strong></span> <span class='ocrx_word' id='word_1_513' title='bbox 1740 3998 1999 4053; x_wconf 59' lang='lat' dir='ltr'><strong>caelorum</strong></span> <span class='ocrx_word' id='word_1_514' title='bbox 2037 4015 2203 4069; x_wconf 87' lang='lat' dir='ltr'><strong>regno</strong></span> <span class='ocrx_word' id='word_1_515' title='bbox 2234 4000 2302 4055; x_wconf 83' lang='grc'><strong>⁸⁸.</strong></span> 
     </span>
    </p>
   </div>
   <div class='ocr_carea' id='block_1_71' title="bbox 2478 3545 4069 3619">
    <p class='ocr_par' dir='ltr' id='par_1_71' title="bbox 2478 3545 4069 3619">
     <span class='ocr_line' id='line_1_71' title="bbox 2478 3545 4069 3619; baseline -0.004 -18"><span class='ocrx_word' id='word_1_516' title='bbox 2478 3548 2652 3601; x_wconf 83' lang='grc' dir='ltr'><strong>καῦτα</strong></span> <span class='ocrx_word' id='word_1_517' title='bbox 2678 3550 2786 3619; x_wconf 67' lang='grc' dir='ltr'><strong>γάρ</strong></span> <span class='ocrx_word' id='word_1_518' title='bbox 2844 3548 2960 3619; x_wconf 84' lang='grc' dir='ltr'><strong>μετ’</strong></span> <span class='ocrx_word' id='word_1_519' title='bbox 2993 3548 3246 3614; x_wconf 79' lang='grc' dir='ltr'><strong>εὺλογίας</strong></span> <span class='ocrx_word' id='word_1_520' title='bbox 3282 3548 3378 3599; x_wconf 81' lang='grc' dir='ltr'><strong>τοῦ</strong></span> <span class='ocrx_word' id='word_1_521' title='bbox 3413 3550 3557 3600; x_wconf 72' lang='grc' dir='ltr'><strong>κατὰ</strong></span> <span class='ocrx_word' id='word_1_522' title='bbox 3595 3546 3783 3615; x_wconf 80' lang='grc' dir='ltr'><strong>χώραν</strong></span> <span class='ocrx_word' id='word_1_523' title='bbox 3831 3545 4069 3597; x_wconf 60' lang='grc' dir='ltr'><strong>ἐπισκό-</strong></span> 
     </span>
    </p>
   </div>
   <div class='ocr_carea' id='block_1_72' title="bbox 2479 3639 4067 3710">
    <p class='ocr_par' dir='ltr' id='par_1_72' title="bbox 2479 3639 4067 3710">
     <span class='ocr_line' id='line_1_72' title="bbox 2479 3639 4067 3710; baseline -0.002 -17"><span class='ocrx_word' id='word_1_524' title='bbox 2479 3658 2583 3693; x_wconf 86' lang='grc' dir='ltr'><strong>που</strong></span> <span class='ocrx_word' id='word_1_525' title='bbox 2606 3640 2969 3706; x_wconf 80' lang='grc' dir='ltr'><strong>ὲξελεύσεται.</strong></span> <span class='ocrx_word' id='word_1_526' title='bbox 3001 3642 3163 3694; x_wconf 82' lang='grc' dir='ltr'><strong>Ἀνευ</strong></span> <span class='ocrx_word' id='word_1_527' title='bbox 3183 3640 3237 3694; x_wconf 80' lang='grc' dir='ltr'><strong>δὲ</strong></span> <span class='ocrx_word' id='word_1_528' title='bbox 3267 3641 3370 3693; x_wconf 83' lang='grc' dir='ltr'><strong>τῶν</strong></span> <span class='ocrx_word' id='word_1_529' title='bbox 3393 3641 3700 3710; x_wconf 74' lang='grc' dir='ltr'><strong>εἰρημένων</strong></span> <span class='ocrx_word' id='word_1_530' title='bbox 3722 3639 4067 3708; x_wconf 73' lang='grc' dir='ltr'><strong>προφάσεων</strong></span> 
     </span>
    </p>
   </div>
   <div class='ocr_carea' id='block_1_73' title="bbox 2480 3725 4067 3804">
    <p class='ocr_par' dir='ltr' id='par_1_73' title="bbox 2480 3725 4067 3804">
     <span class='ocr_line' id='line_1_73' title="bbox 2480 3725 4067 3804; baseline -0.004 -17"><span class='ocrx_word' id='word_1_531' title='bbox 2480 3736 2527 3787; x_wconf 81' lang='grc' dir='ltr'><strong>εἰ</strong></span> <span class='ocrx_word' id='word_1_532' title='bbox 2559 3732 2769 3803; x_wconf 73' lang='grc' dir='ltr'><strong>ἐξέλθῃ,</strong></span> <span class='ocrx_word' id='word_1_533' title='bbox 2799 3734 2996 3804; x_wconf 87' lang='grc' dir='ltr'><strong>πρῶτα</strong></span> <span class='ocrx_word' id='word_1_534' title='bbox 3030 3733 3129 3803; x_wconf 84' lang='grc' dir='ltr'><strong>μὲν</strong></span> <span class='ocrx_word' id='word_1_535' title='bbox 3154 3734 3305 3787; x_wconf 82' lang='grc' dir='ltr'><strong>ἄκων</strong></span> <span class='ocrx_word' id='word_1_536' title='bbox 3348 3732 3825 3801; x_wconf 78' lang='grc' dir='ltr'><strong>ἐγκλεισθήσεται,</strong></span> <span class='ocrx_word' id='word_1_537' title='bbox 3866 3725 4067 3783; x_wconf 79' lang='grc' dir='ltr'><strong>ἔπειτα</strong></span> 
     </span>
    </p>
   </div>
   <div class='ocr_carea' id='block_1_74' title="bbox 2484 3824 4066 3898">
    <p class='ocr_par' dir='ltr' id='par_1_74' title="bbox 2484 3824 4066 3898">
     <span class='ocr_line' id='line_1_74' title="bbox 2484 3824 4066 3898; baseline -0.003 -19"><span class='ocrx_word' id='word_1_538' title='bbox 2484 3825 2541 3879; x_wconf 83' lang='grc' dir='ltr'><strong>δὲ</strong></span> <span class='ocrx_word' id='word_1_539' title='bbox 2564 3824 2839 3898; x_wconf 80' lang='grc' dir='ltr'><strong>νηστείαις</strong></span> <span class='ocrx_word' id='word_1_540' title='bbox 2894 3828 2990 3878; x_wconf 74' lang='grc' dir='ltr'><strong>καὶ</strong></span> <span class='ocrx_word' id='word_1_541' title='bbox 3036 3827 3250 3897; x_wconf 79' lang='grc' dir='ltr'><strong>ἑτέραις</strong></span> <span class='ocrx_word' id='word_1_542' title='bbox 3283 3825 3728 3895; x_wconf 80' lang='grc' dir='ltr'><strong>σκληραγωγίαις</strong></span> <span class='ocrx_word' id='word_1_543' title='bbox 3777 3825 4066 3893; x_wconf 67' lang='grc' dir='ltr'><strong>ὑποπέσῃ,</strong></span> 
     </span>
    </p>
   </div>
   <div class='ocr_carea' id='block_1_75' title="bbox 2489 3913 4069 3987">
    <p class='ocr_par' dir='ltr' id='par_1_75' title="bbox 2489 3913 4069 3987">
     <span class='ocr_line' id='line_1_75' title="bbox 2489 3913 4069 3987; baseline -0.003 -18"><span class='ocrx_word' id='word_1_544' title='bbox 2489 3918 2584 3969; x_wconf 74' lang='grc' dir='ltr'><strong>καὶ</strong></span> <span class='ocrx_word' id='word_1_545' title='bbox 2618 3915 2688 3968; x_wconf 78' lang='grc' dir='ltr'><strong>δι’</strong></span> <span class='ocrx_word' id='word_1_546' title='bbox 2722 3917 2904 3969; x_wconf 70' lang='grc' dir='ltr'><strong>αὐτῶν</strong></span> <span class='ocrx_word' id='word_1_547' title='bbox 2954 3917 3053 3986; x_wconf 83' lang='grc' dir='ltr'><strong>τῆς</strong></span> <span class='ocrx_word' id='word_1_548' title='bbox 3112 3916 3475 3987; x_wconf 75' lang='grc' dir='ltr'><strong>μικροψυχίας</strong></span> <span class='ocrx_word' id='word_1_549' title='bbox 3532 3914 3697 3968; x_wconf 77' lang='grc' dir='ltr'><strong>αὐτοῦ</strong></span> <span class='ocrx_word' id='word_1_550' title='bbox 3752 3913 4069 3983; x_wconf 76' lang='grc' dir='ltr'><strong>Θεραπείαν</strong></span> 
     </span>
    </p>
   </div>
   <div class='ocr_carea' id='block_1_76' title="bbox 2486 4004 4069 4077">
    <p class='ocr_par' dir='ltr' id='par_1_76' title="bbox 2486 4004 4069 4077">
     <span class='ocr_line' id='line_1_76' title="bbox 2486 4004 4069 4077; baseline -0.005 -18"><span class='ocrx_word' id='word_1_551' title='bbox 2486 4008 2729 4077; x_wconf 82' lang='grc' dir='ltr'><strong>εὑρήσει,</strong></span> <span class='ocrx_word' id='word_1_552' title='bbox 2756 4008 3063 4074; x_wconf 83' lang='grc' dir='ltr'><strong>γινώσκων,</strong></span> <span class='ocrx_word' id='word_1_553' title='bbox 3101 4010 3242 4060; x_wconf 76' lang='grc' dir='ltr'><strong>κατὰ</strong></span> <span class='ocrx_word' id='word_1_554' title='bbox 3269 4009 3323 4058; x_wconf 74' lang='grc' dir='ltr'><strong>τὸ</strong></span> <span class='ocrx_word' id='word_1_555' title='bbox 3358 4007 3773 4076; x_wconf 75' lang='grc' dir='ltr'><strong>γεγραμμένον,</strong></span> <span class='ocrx_word' id='word_1_556' title='bbox 3803 4005 3884 4066; x_wconf 82' lang='grc' dir='ltr'><strong>ὡς</strong></span> <span class='ocrx_word' id='word_1_557' title='bbox 3912 4024 3929 4054; x_wconf 75' lang='grc' dir='ltr'><strong>ι</strong></span> <span class='ocrx_word' id='word_1_558' title='bbox 3957 4004 4069 4055; x_wconf 64' lang='grc' dir='ltr'><strong>Οὐ·</strong></span> 
     </span>
    </p>
   </div>
   <div class='ocr_carea' id='block_1_77' title="bbox 808 4087 4064 4167">
    <p class='ocr_par' dir='ltr' id='par_1_77' title="bbox 808 4087 4064 4167">
     <span class='ocr_line' id='line_1_77' title="bbox 808 4087 4064 4167; baseline 0.002 -26"><span class='ocrx_word' id='word_1_559' title='bbox 808 4087 919 4156; x_wconf 62' lang='lat'><strong>651;</strong></span> <span class='ocrx_word' id='word_1_560' title='bbox 947 4087 1124 4158; x_wconf 74' lang='grc' dir='ltr'><strong>βαλὼν</strong></span> <span class='ocrx_word' id='word_1_561' title='bbox 1156 4088 1255 4157; x_wconf 86' lang='grc' dir='ltr'><strong>τὴν</strong></span> <span class='ocrx_word' id='word_1_562' title='bbox 1276 4090 1463 4157; x_wconf 82' lang='grc' dir='ltr'><strong>χεῖραν</strong></span> <span class='ocrx_word' id='word_1_563' title='bbox 1484 4088 1648 4141; x_wconf 76' lang='grc' dir='ltr'><strong>αὐτοῦ</strong></span> <span class='ocrx_word' id='word_1_564' title='bbox 1677 4091 1764 4143; x_wconf 80' lang='grc' dir='ltr'><strong>ἐπ’</strong></span> <span class='ocrx_word' id='word_1_565' title='bbox 1797 4090 2045 4161; x_wconf 79' lang='grc' dir='ltr'><strong>ἄροτρον,</strong></span> <span class='ocrx_word' id='word_1_566' title='bbox 2072 4097 2167 4146; x_wconf 76' lang='grc' dir='ltr'><strong>καὶ</strong></span> <span class='ocrx_word' id='word_1_567' title='bbox 2197 4096 2457 4167; x_wconf 73' lang='grc' dir='ltr'><strong>στραφεὶς</strong></span> <span class='ocrx_word' id='word_1_568' title='bbox 2496 4101 2577 4165; x_wconf 81' lang='grc' dir='ltr'><strong>είς</strong></span> <span class='ocrx_word' id='word_1_569' title='bbox 2607 4102 2674 4155; x_wconf 78' lang='grc' dir='ltr'><strong>τὰ</strong></span> <span class='ocrx_word' id='word_1_570' title='bbox 2708 4101 2906 4166; x_wconf 83' lang='grc' dir='ltr'><strong>ὀπίσω,</strong></span> <span class='ocrx_word' id='word_1_571' title='bbox 2976 4100 3194 4163; x_wconf 73' lang='grc' dir='ltr'><strong>εὔθετός</strong></span> <span class='ocrx_word' id='word_1_572' title='bbox 3252 4101 3401 4152; x_wconf 81' lang='grc' dir='ltr'><strong>ἐστιν</strong></span> <span class='ocrx_word' id='word_1_573' title='bbox 3463 4100 3540 4161; x_wconf 79' lang='grc' dir='ltr'><strong>είς</strong></span> <span class='ocrx_word' id='word_1_574' title='bbox 3604 4100 3707 4167; x_wconf 82' lang='grc' dir='ltr'><strong>τὴν</strong></span> <span class='ocrx_word' id='word_1_575' title='bbox 3764 4096 4064 4167; x_wconf 74' lang='grc' dir='ltr'><strong>βασιλείαν</strong></span> 
     </span>
    </p>
   </div>
   <div class='ocr_carea' id='block_1_78' title="bbox 808 4180 1268 4253">
    <p class='ocr_par' dir='ltr' id='par_1_78' title="bbox 808 4180 1268 4253">
     <span class='ocr_line' id='line_1_78' title="bbox 808 4180 1268 4253; baseline -0.011 -15"><span class='ocrx_word' id='word_1_576' title='bbox 808 4187 918 4238; x_wconf 83' lang='grc' dir='ltr'><strong>τῶν</strong></span> <span class='ocrx_word' id='word_1_577' title='bbox 952 4180 1214 4253; x_wconf 70' lang='grc' dir='ltr'><strong>οὐρανῶν.</strong></span> <span class='ocrx_word' id='word_1_578' title='bbox 1250 4201 1268 4233; x_wconf 72' lang='grc' dir='ltr'><strong>ι</strong></span> 
     </span>
    </p>
   </div>
   <div class='ocr_carea' id='block_1_79' title="bbox 1388 4276 1817 4337">
    <p class='ocr_par' dir='ltr' id='par_1_79' title="bbox 1388 4276 1817 4337">
     <span class='ocr_line' id='line_1_79' title="bbox 1388 4276 1817 4337; baseline 0.009 -4"><span class='ocrx_word' id='word_1_579' title='bbox 1388 4276 1618 4333; x_wconf 84' lang='lat' dir='ltr'><strong>CANON</strong></span> <span class='ocrx_word' id='word_1_580' title='bbox 1658 4277 1817 4337; x_wconf 77' lang='lat' dir='ltr'><strong>XLII.</strong></span> 
     </span>
    </p>
   </div>
   <div class='ocr_carea' id='block_1_80' title="bbox 827 4372 2379 4448">
    <p class='ocr_par' dir='ltr' id='par_1_80' title="bbox 827 4372 2379 4448">
     <span class='ocr_line' id='line_1_80' title="bbox 827 4372 2379 4448; baseline 0.005 -23"><span class='ocrx_word' id='word_1_581' title='bbox 827 4393 845 4425; x_wconf 81' lang='grc' dir='ltr'><strong>ι</strong></span> <span class='ocrx_word' id='word_1_582' title='bbox 890 4374 994 4428; x_wconf 84' lang='lat' dir='ltr'><strong>Eos</strong></span> <span class='ocrx_word' id='word_1_583' title='bbox 1045 4372 1138 4443; x_wconf 88' lang='lat' dir='ltr'><strong>qui</strong></span> <span class='ocrx_word' id='word_1_584' title='bbox 1188 4373 1449 4427; x_wconf 89' lang='lat' dir='ltr'><strong>dicuntur</strong></span> <span class='ocrx_word' id='word_1_585' title='bbox 1494 4374 1756 4437; x_wconf 76' lang='lat' dir='ltr'><strong>eremitze,</strong></span> <span class='ocrx_word' id='word_1_586' title='bbox 1794 4375 1886 4443; x_wconf 90' lang='lat' dir='ltr'><strong>qui</strong></span> <span class='ocrx_word' id='word_1_587' title='bbox 1943 4373 2161 4443; x_wconf 88' lang='lat' dir='ltr'><strong>quidem</strong></span> <span class='ocrx_word' id='word_1_588' title='bbox 2209 4376 2379 4448; x_wconf 77' lang='lat' dir='ltr'><strong>nigris</strong></span> 
     </span>
    </p>
   </div>
   <div class='ocr_carea' id='block_1_81' title="bbox 898 4464 2380 4537">
    <p class='ocr_par' dir='ltr' id='par_1_81' title="bbox 898 4464 2380 4537">
     <span class='ocr_line' id='line_1_81' title="bbox 898 4464 2380 4537; baseline 0.003 -18"><span class='ocrx_word' id='word_1_589' title='bbox 898 4488 917 4519; x_wconf 75' lang='grc' dir='ltr'><strong>ι</strong></span> <span class='ocrx_word' id='word_1_590' title='bbox 963 4468 1207 4522; x_wconf 77' lang='lat' dir='ltr'><strong>vestibus</strong></span> <span class='ocrx_word' id='word_1_591' title='bbox 1240 4464 1416 4520; x_wconf 90' lang='lat' dir='ltr'><strong>induti</strong></span> <span class='ocrx_word' id='word_1_592' title='bbox 1444 4476 1497 4520; x_wconf 90' lang='lat' dir='ltr'><strong>et</strong></span> <span class='ocrx_word' id='word_1_593' title='bbox 1526 4467 1707 4534; x_wconf 88' lang='lat' dir='ltr'><strong>capite</strong></span> <span class='ocrx_word' id='word_1_594' title='bbox 1732 4467 1935 4519; x_wconf 89' lang='lat' dir='ltr'><strong>comati</strong></span> <span class='ocrx_word' id='word_1_595' title='bbox 1970 4466 2134 4522; x_wconf 88' lang='lat' dir='ltr'><strong>urbes</strong></span> <span class='ocrx_word' id='word_1_596' title='bbox 2155 4468 2380 4537; x_wconf 86' lang='lat' dir='ltr'><strong>obeunt,</strong></span> 
     </span>
    </p>
   </div>
   <div class='ocr_carea' id='block_1_82' title="bbox 898 4558 2384 4627">
    <p class='ocr_par' dir='ltr' id='par_1_82' title="bbox 898 4558 2384 4627">
     <span class='ocr_line' id='line_1_82' title="bbox 898 4558 2384 4627; baseline 0.001 -11"><span class='ocrx_word' id='word_1_597' title='bbox 898 4584 916 4616; x_wconf 81' lang='grc' dir='ltr'><strong>ι</strong></span> <span class='ocrx_word' id='word_1_598' title='bbox 953 4572 1007 4616; x_wconf 88' lang='lat' dir='ltr'><strong>et</strong></span> <span class='ocrx_word' id='word_1_599' title='bbox 1038 4576 1163 4616; x_wconf 87' lang='lat' dir='ltr'><strong>cum</strong></span> <span class='ocrx_word' id='word_1_600' title='bbox 1195 4559 1327 4613; x_wconf 77' lang='lat' dir='ltr'><strong>viris</strong></span> <span class='ocrx_word' id='word_1_601' title='bbox 1352 4558 1507 4613; x_wconf 87' lang='lat' dir='ltr'><strong>laicis</strong></span> <span class='ocrx_word' id='word_1_602' title='bbox 1540 4573 1605 4611; x_wconf 91' lang='lat' dir='ltr'><strong>ac</strong></span> <span class='ocrx_word' id='word_1_603' title='bbox 1642 4558 1963 4613; x_wconf 84' lang='lat' dir='ltr'><strong>mulieribus</strong></span> <span class='ocrx_word' id='word_1_604' title='bbox 1992 4570 2298 4627; x_wconf 79' lang='lat' dir='ltr'><strong>versantur,</strong></span> <span class='ocrx_word' id='word_1_605' title='bbox 2330 4574 2384 4618; x_wconf 91' lang='lat' dir='ltr'><strong>et</strong></span> 
     </span>
    </p>
   </div>
   <div class='ocr_carea' id='block_1_83' title="bbox 903 4650 2384 4727">
    <p class='ocr_par' dir='ltr' id='par_1_83' title="bbox 903 4650 2384 4727">
     <span class='ocr_line' id='line_1_83' title="bbox 903 4650 2384 4727; baseline -0.009 -17"><span class='ocrx_word' id='word_1_606' title='bbox 903 4678 921 4709; x_wconf 79' lang='grc' dir='ltr'><strong>ι</strong></span> <span class='ocrx_word' id='word_1_607' title='bbox 955 4656 1187 4727; x_wconf 76' lang='lat' dir='ltr'><strong>propria:</strong></span> <span class='ocrx_word' id='word_1_608' title='bbox 1224 4651 1554 4722; x_wconf 79' lang='lat' dir='ltr'><strong>professioni</strong></span> <span class='ocrx_word' id='word_1_609' title='bbox 1599 4650 1808 4705; x_wconf 80' lang='lat' dir='ltr'><strong>faciunt</strong></span> <span class='ocrx_word' id='word_1_610' title='bbox 1845 4651 2101 4719; x_wconf 89' lang='lat' dir='ltr'><strong>injuriam</strong></span> <span class='ocrx_word' id='word_1_611' title='bbox 2130 4693 2145 4716; x_wconf 89' lang='lat'><strong>,</strong></span> <span class='ocrx_word' id='word_1_612' title='bbox 2189 4656 2384 4709; x_wconf 87' lang='lat' dir='ltr'><strong>statui-</strong></span> 
     </span>
    </p>
   </div>
   <div class='ocr_carea' id='block_1_84' title="bbox 902 4742 2386 4815">
    <p class='ocr_par' dir='ltr' id='par_1_84' title="bbox 902 4742 2386 4815">
     <span class='ocr_line' id='line_1_84' title="bbox 902 4742 2386 4815; baseline -0.002 -12"><span class='ocrx_word' id='word_1_613' title='bbox 902 4773 920 4803; x_wconf 73' lang='grc' dir='ltr'><strong>ι</strong></span> <span class='ocrx_word' id='word_1_614' title='bbox 961 4765 1103 4809; x_wconf 81' lang='lat' dir='ltr'><strong>mus,</strong></span> <span class='ocrx_word' id='word_1_615' title='bbox 1151 4746 1194 4800; x_wconf 92' lang='lat' dir='ltr'><strong>si</strong></span> <span class='ocrx_word' id='word_1_616' title='bbox 1239 4744 1502 4815; x_wconf 85' lang='lat' dir='ltr'><strong>elegerint</strong></span> <span class='ocrx_word' id='word_1_617' title='bbox 1548 4742 1767 4811; x_wconf 90' lang='lat' dir='ltr'><strong>quidem</strong></span> <span class='ocrx_word' id='word_1_618' title='bbox 1819 4746 1992 4798; x_wconf 84' lang='lat' dir='ltr'><strong>tonsis</strong></span> <span class='ocrx_word' id='word_1_619' title='bbox 2039 4744 2212 4799; x_wconf 79' lang='lat' dir='ltr'><strong>comis</strong></span> <span class='ocrx_word' id='word_1_620' title='bbox 2263 4747 2386 4800; x_wconf 77' lang='lat' dir='ltr'><strong>reli—</strong></span> 
     </span>
    </p>
   </div>
   <div class='ocr_carea' id='block_1_85' title="bbox 899 4834 2383 4912">
    <p class='ocr_par' dir='ltr' id='par_1_85' title="bbox 899 4834 2383 4912">
     <span class='ocr_line' id='line_1_85' title="bbox 899 4834 2383 4912; baseline 0 -18"><span class='ocrx_word' id='word_1_621' title='bbox 899 4867 916 4894; x_wconf 73' lang='grc' dir='ltr'><strong>ε</strong></span> <span class='ocrx_word' id='word_1_622' title='bbox 954 4854 1188 4912; x_wconf 85' lang='lat' dir='ltr'><strong>quorum</strong></span> <span class='ocrx_word' id='word_1_623' title='bbox 1232 4837 1623 4891; x_wconf 86' lang='lat' dir='ltr'><strong>monachorum</strong></span> <span class='ocrx_word' id='word_1_624' title='bbox 1657 4834 1915 4889; x_wconf 89' lang='lat' dir='ltr'><strong>amictum</strong></span> <span class='ocrx_word' id='word_1_625' title='bbox 1956 4837 2255 4906; x_wconf 87' lang='lat' dir='ltr'><strong>suscipere,</strong></span> <span class='ocrx_word' id='word_1_626' title='bbox 2286 4852 2383 4894; x_wconf 83' lang='lat' dir='ltr'><strong>eos</strong></span> 
     </span>
    </p>
   </div>
   <div class='ocr_carea' id='block_1_86' title="bbox 902 4925 2387 4992">
    <p class='ocr_par' dir='ltr' id='par_1_86' title="bbox 902 4925 2387 4992">
     <span class='ocr_line' id='line_1_86' title="bbox 902 4925 2387 4992; baseline -0.001 -7"><span class='ocrx_word' id='word_1_627' title='bbox 902 4955 917 4985; x_wconf 76' lang='grc' dir='ltr'><strong>ι</strong></span> <span class='ocrx_word' id='word_1_628' title='bbox 958 4936 1011 4986; x_wconf 89' lang='lat' dir='ltr'><strong>in</strong></span> <span class='ocrx_word' id='word_1_629' title='bbox 1037 4928 1378 4988; x_wconf 88' lang='lat' dir='ltr'><strong>monasterio</strong></span> <span class='ocrx_word' id='word_1_630' title='bbox 1402 4926 1688 4992; x_wconf 90' lang='lat' dir='ltr'><strong>constitui,</strong></span> <span class='ocrx_word' id='word_1_631' title='bbox 1709 4936 1767 4980; x_wconf 86' lang='lat' dir='ltr'><strong>et</strong></span> <span class='ocrx_word' id='word_1_632' title='bbox 1789 4926 1933 4981; x_wconf 92' lang='lat' dir='ltr'><strong>inter</strong></span> <span class='ocrx_word' id='word_1_633' title='bbox 1955 4925 2150 4984; x_wconf 78' lang='lat' dir='ltr'><strong>fratres</strong></span> <span class='ocrx_word' id='word_1_634' title='bbox 2171 4927 2387 4983; x_wconf 73' lang='lat' dir='ltr'><strong>referri.</strong></span> 
     </span>
    </p>
   </div>
   <div class='ocr_carea' id='block_1_87' title="bbox 894 5089 1325 5154">
    <p class='ocr_par' dir='ltr' id='par_1_87' title="bbox 894 5089 1325 5154">
     <span class='ocr_line' id='line_1_87' title="bbox 894 5089 1325 5154; baseline 0.005 -11"><span class='ocrx_word' id='word_1_635' title='bbox 894 5094 937 5121; x_wconf 81' lang='lat'><strong>&quot;</strong></span> <span class='ocrx_word' id='word_1_636' title='bbox 964 5091 1095 5148; x_wconf 81' lang='lat' dir='ltr'><strong>Luc.</strong></span> <span class='ocrx_word' id='word_1_637' title='bbox 1127 5108 1204 5154; x_wconf 72' lang='lat' dir='ltr'><strong>ts,</strong></span> <span class='ocrx_word' id='word_1_638' title='bbox 1235 5089 1325 5146; x_wconf 80' lang='lat'><strong>6‘2.</strong></span> 
     </span>
    </p>
   </div>
   <div class='ocr_carea' id='block_1_88' title="bbox 3074 4279 3463 4336">
    <p class='ocr_par' dir='ltr' id='par_1_88' title="bbox 3074 4279 3463 4336">
     <span class='ocr_line' id='line_1_88' title="bbox 3074 4279 3463 4336; baseline -0.003 0"><span class='ocrx_word' id='word_1_639' title='bbox 3074 4279 3307 4336; x_wconf 77' lang='grc' dir='ltr'><strong>ΚΑΝΩΝ</strong></span> <span class='ocrx_word' id='word_1_640' title='bbox 3334 4279 3463 4335; x_wconf 78' lang='lat' dir='ltr'><strong>MB’.</strong></span> 
     </span>
    </p>
   </div>
   <div class='ocr_carea' id='block_1_89' title="bbox 2495 4367 4073 4444">
    <p class='ocr_par' dir='ltr' id='par_1_89' title="bbox 2495 4367 4073 4444">
     <span class='ocr_line' id='line_1_89' title="bbox 2495 4367 4073 4444; baseline -0.005 -13"><span class='ocrx_word' id='word_1_641' title='bbox 2495 4396 2515 4430; x_wconf 75' lang='grc' dir='ltr'><strong>ι</strong></span> <span class='ocrx_word' id='word_1_642' title='bbox 2561 4378 2702 4438; x_wconf 79' lang='grc' dir='ltr'><strong>Τοὺς</strong></span> <span class='ocrx_word' id='word_1_643' title='bbox 2747 4374 3077 4444; x_wconf 81' lang='grc' dir='ltr'><strong>λεγομένους</strong></span> <span class='ocrx_word' id='word_1_644' title='bbox 3129 4372 3422 4444; x_wconf 76' lang='grc' dir='ltr'><strong>έρημίτας,</strong></span> <span class='ocrx_word' id='word_1_645' title='bbox 3482 4367 3679 4433; x_wconf 81' lang='grc' dir='ltr'><strong>οίτινες</strong></span> <span class='ocrx_word' id='word_1_646' title='bbox 3733 4370 4073 4442; x_wconf 68' lang='grc' dir='ltr'><strong>μελανειμο-</strong></span> 
     </span>
    </p>
   </div>
   <div class='ocr_carea' id='block_1_90' title="bbox 2563 4462 4073 4535">
    <p class='ocr_par' dir='ltr' id='par_1_90' title="bbox 2563 4462 4073 4535">
     <span class='ocr_line' id='line_1_90' title="bbox 2563 4462 4073 4535; baseline -0.005 -13"><span class='ocrx_word' id='word_1_647' title='bbox 2563 4486 2583 4521; x_wconf 75' lang='lat' dir='ltr'><strong>t</strong></span> <span class='ocrx_word' id='word_1_648' title='bbox 2630 4469 2845 4529; x_wconf 82' lang='grc' dir='ltr'><strong>νοῦντες</strong></span> <span class='ocrx_word' id='word_1_649' title='bbox 2877 4467 2992 4535; x_wconf 69' lang='grc'><strong>(27)</strong></span> <span class='ocrx_word' id='word_1_650' title='bbox 3042 4465 3273 4525; x_wconf 75' lang='grc' dir='ltr'><strong>καὶτὰς</strong></span> <span class='ocrx_word' id='word_1_651' title='bbox 3326 4463 3572 4529; x_wconf 72' lang='grc' dir='ltr'><strong>κεφαλὰς</strong></span> <span class='ocrx_word' id='word_1_652' title='bbox 3634 4462 3927 4532; x_wconf 79' lang='grc' dir='ltr'><strong>κομῶντες</strong></span> <span class='ocrx_word' id='word_1_653' title='bbox 3978 4480 4073 4515; x_wconf 74' lang='grc' dir='ltr'><strong>πε-</strong></span> 
     </span>
    </p>
   </div>
   <div class='ocr_carea' id='block_1_91' title="bbox 2573 4554 4072 4632">
    <p class='ocr_par' dir='ltr' id='par_1_91' title="bbox 2573 4554 4072 4632">
     <span class='ocr_line' id='line_1_91' title="bbox 2573 4554 4072 4632; baseline -0.006 -19"><span class='ocrx_word' id='word_1_654' title='bbox 2573 4581 2591 4613; x_wconf 78' lang='grc' dir='ltr'><strong>ι</strong></span> <span class='ocrx_word' id='word_1_655' title='bbox 2641 4562 2894 4632; x_wconf 85' lang='grc' dir='ltr'><strong>ριάγουσι</strong></span> <span class='ocrx_word' id='word_1_656' title='bbox 2943 4558 3041 4620; x_wconf 70' lang='grc' dir='ltr'><strong>τὰς</strong></span> <span class='ocrx_word' id='word_1_657' title='bbox 3102 4556 3307 4620; x_wconf 77' lang='grc' dir='ltr'><strong>πόλεις,</strong></span> <span class='ocrx_word' id='word_1_658' title='bbox 3347 4554 3550 4625; x_wconf 78' lang='grc' dir='ltr'><strong>μεταξὺ</strong></span> <span class='ocrx_word' id='word_1_659' title='bbox 3609 4555 3824 4625; x_wconf 82' lang='grc' dir='ltr'><strong>ἀνδρῶν</strong></span> <span class='ocrx_word' id='word_1_660' title='bbox 3859 4555 4072 4609; x_wconf 82' lang='grc' dir='ltr'><strong>λαϊκῶν</strong></span> 
     </span>
    </p>
   </div>
   <div class='ocr_carea' id='block_1_92' title="bbox 2566 4649 4074 4720">
    <p class='ocr_par' dir='ltr' id='par_1_92' title="bbox 2566 4649 4074 4720">
     <span class='ocr_line' id='line_1_92' title="bbox 2566 4649 4074 4720; baseline -0.006 -13"><span class='ocrx_word' id='word_1_661' title='bbox 2566 4673 2587 4707; x_wconf 77' lang='grc' dir='ltr'><strong>ι</strong></span> <span class='ocrx_word' id='word_1_662' title='bbox 2632 4650 3033 4720; x_wconf 71' lang='grc' dir='ltr'><strong>καὶγυναικῶν</strong></span> <span class='ocrx_word' id='word_1_663' title='bbox 3082 4650 3570 4719; x_wconf 81' lang='grc' dir='ltr'><strong>ἀναστρεφόμενοι,</strong></span> <span class='ocrx_word' id='word_1_664' title='bbox 3599 4649 3693 4702; x_wconf 75' lang='grc' dir='ltr'><strong>καὶ</strong></span> <span class='ocrx_word' id='word_1_665' title='bbox 3746 4649 3813 4702; x_wconf 83' lang='grc' dir='ltr'><strong>τὸ</strong></span> <span class='ocrx_word' id='word_1_666' title='bbox 3868 4653 4074 4704; x_wconf 76' lang='grc' dir='ltr'><strong>οἰκεῖον</strong></span> 
     </span>
    </p>
   </div>
   <div class='ocr_carea' id='block_1_93' title="bbox 2565 4739 4074 4811">
    <p class='ocr_par' dir='ltr' id='par_1_93' title="bbox 2565 4739 4074 4811">
     <span class='ocr_line' id='line_1_93' title="bbox 2565 4739 4074 4811; baseline -0.009 -15"><span class='ocrx_word' id='word_1_667' title='bbox 2565 4764 2584 4796; x_wconf 75' lang='grc' dir='ltr'><strong>ι</strong></span> <span class='ocrx_word' id='word_1_668' title='bbox 2632 4742 2956 4811; x_wconf 76' lang='grc' dir='ltr'><strong>ἐπάγγελμα</strong></span> <span class='ocrx_word' id='word_1_669' title='bbox 2984 4739 3433 4809; x_wconf 79' lang='grc' dir='ltr'><strong>καθυϐρίζοντες,</strong></span> <span class='ocrx_word' id='word_1_670' title='bbox 3481 4740 3764 4809; x_wconf 75' lang='grc' dir='ltr'><strong>ὁρίζομεν,</strong></span> <span class='ocrx_word' id='word_1_671' title='bbox 3789 4742 3838 4793; x_wconf 81' lang='grc' dir='ltr'><strong>εί</strong></span> <span class='ocrx_word' id='word_1_672' title='bbox 3866 4742 3974 4811; x_wconf 77' lang='grc' dir='ltr'><strong>μὲν</strong></span> <span class='ocrx_word' id='word_1_673' title='bbox 3998 4745 4074 4796; x_wconf 71' lang='grc' dir='ltr'><strong>αι.</strong></span> 
     </span>
    </p>
   </div>
   <div class='ocr_carea' id='block_1_94' title="bbox 2569 4831 4074 4903">
    <p class='ocr_par' dir='ltr' id='par_1_94' title="bbox 2569 4831 4074 4903">
     <span class='ocr_line' id='line_1_94' title="bbox 2569 4831 4074 4903; baseline -0.003 -14"><span class='ocrx_word' id='word_1_674' title='bbox 2569 4854 2587 4889; x_wconf 83' lang='lat' dir='ltr'><strong>t</strong></span> <span class='ocrx_word' id='word_1_675' title='bbox 2636 4835 2855 4903; x_wconf 82' lang='grc' dir='ltr'><strong>ροῦνται</strong></span> <span class='ocrx_word' id='word_1_676' title='bbox 2884 4833 2983 4893; x_wconf 83' lang='grc' dir='ltr'><strong>τὰς</strong></span> <span class='ocrx_word' id='word_1_677' title='bbox 3037 4831 3213 4900; x_wconf 76' lang='grc' dir='ltr'><strong>κόμας</strong></span> <span class='ocrx_word' id='word_1_678' title='bbox 3256 4831 3686 4902; x_wconf 84' lang='grc' dir='ltr'><strong>ἀποκειράμενοι</strong></span> <span class='ocrx_word' id='word_1_679' title='bbox 3718 4833 3783 4885; x_wconf 60' lang='grc' dir='ltr'><strong>τδ</strong></span> <span class='ocrx_word' id='word_1_680' title='bbox 3817 4833 3935 4888; x_wconf 84' lang='grc' dir='ltr'><strong>τῶν</strong></span> <span class='ocrx_word' id='word_1_681' title='bbox 3960 4835 4074 4886; x_wconf 86' lang='grc' dir='ltr'><strong>λοι-</strong></span> 
     </span>
    </p>
   </div>
   <div class='ocr_carea' id='block_1_95' title="bbox 2572 4920 4072 4995">
    <p class='ocr_par' dir='ltr' id='par_1_95' title="bbox 2572 4920 4072 4995">
     <span class='ocr_line' id='line_1_95' title="bbox 2572 4920 4072 4995; baseline -0.001 -17"><span class='ocrx_word' id='word_1_682' title='bbox 2572 4948 2591 4981; x_wconf 75' lang='grc' dir='ltr'><strong>ι</strong></span> <span class='ocrx_word' id='word_1_683' title='bbox 2639 4925 2756 4980; x_wconf 83' lang='grc' dir='ltr'><strong>πῶν</strong></span> <span class='ocrx_word' id='word_1_684' title='bbox 2786 4923 3039 4995; x_wconf 88' lang='grc' dir='ltr'><strong>μοναχῶν</strong></span> <span class='ocrx_word' id='word_1_685' title='bbox 3070 4921 3435 4988; x_wconf 77' lang='grc' dir='ltr'><strong>ἀναδέξασθαι</strong></span> <span class='ocrx_word' id='word_1_686' title='bbox 3484 4920 3691 4992; x_wconf 80' lang='grc' dir='ltr'><strong>σχῆμα,</strong></span> <span class='ocrx_word' id='word_1_687' title='bbox 3742 4922 3985 4988; x_wconf 79' lang='grc' dir='ltr'><strong>τούτους</strong></span> <span class='ocrx_word' id='word_1_688' title='bbox 4015 4928 4072 4982; x_wconf 70' lang='grc' dir='ltr'><strong>ὲν</strong></span> 
     </span>
    </p>
   </div>
   <div class='ocr_carea' id='block_1_96' title="bbox 2054 5182 2846 5261">
    <p class='ocr_par' dir='ltr' id='par_1_96' title="bbox 2054 5182 2846 5261">
     <span class='ocr_line' id='line_1_96' title="bbox 2054 5182 2846 5261; baseline -0.008 -14"><span class='ocrx_word' id='word_1_689' title='bbox 2054 5184 2253 5247; x_wconf 88' lang='lat' dir='ltr'><strong>Guill.</strong></span> <span class='ocrx_word' id='word_1_690' title='bbox 2297 5182 2623 5261; x_wconf 82' lang='lat' dir='ltr'><strong>Beveregii</strong></span> <span class='ocrx_word' id='word_1_691' title='bbox 2662 5190 2846 5242; x_wconf 70' lang='lat' dir='ltr'><strong>notas.</strong></span> 
     </span>
    </p>
   </div>
   <div class='ocr_carea' id='block_1_97' title="bbox 906 5287 2394 5357">
    <p class='ocr_par' dir='ltr' id='par_1_97' title="bbox 906 5287 2394 5357">
     <span class='ocr_line' id='line_1_97' title="bbox 906 5287 2394 5357; baseline -0.001 -15"><span class='ocrx_word' id='word_1_692' title='bbox 906 5289 1017 5357; x_wconf 70' lang='lat'><strong>(2&#39;7)</strong></span> <span class='ocrx_word' id='word_1_693' title='bbox 1050 5289 1655 5357; x_wconf 74' lang='grc' dir='ltr'><strong>Μελανειμονοῦντες.</strong></span> <span class='ocrx_word' id='word_1_694' title='bbox 1704 5287 1817 5343; x_wconf 81' lang='lat' dir='ltr'><strong>Hac</strong></span> <span class='ocrx_word' id='word_1_695' title='bbox 1851 5288 2109 5343; x_wconf 87' lang='lat' dir='ltr'><strong>nimirum</strong></span> <span class='ocrx_word' id='word_1_696' title='bbox 2178 5288 2394 5357; x_wconf 72' lang='lat' dir='ltr'><strong>ratione</strong></span> 
     </span>
    </p>
   </div>
   <div class='ocr_carea' id='block_1_98' title="bbox 837 5355 2390 5413">
    <p class='ocr_par' dir='ltr' id='par_1_98' title="bbox 837 5355 2390 5413">
     <span class='ocr_line' id='line_1_98' title="bbox 837 5355 2390 5413; baseline 0.001 -4"><span class='ocrx_word' id='word_1_697' title='bbox 837 5355 1077 5413; x_wconf 63' lang='lat' dir='ltr'><strong>erctnita</strong></span> <span class='ocrx_word' id='word_1_698' title='bbox 1135 5355 1493 5413; x_wconf 78' lang='lat' dir='ltr'><strong>monasticqu</strong></span> <span class='ocrx_word' id='word_1_699' title='bbox 1564 5359 1806 5413; x_wconf 88' lang='lat' dir='ltr'><strong>habitum</strong></span> <span class='ocrx_word' id='word_1_700' title='bbox 1865 5362 2214 5412; x_wconf 87' lang='lat' dir='ltr'><strong>simularunt.</strong></span> <span class='ocrx_word' id='word_1_701' title='bbox 2258 5355 2390 5411; x_wconf 83' lang='lat' dir='ltr'><strong>Nam</strong></span> 
     </span>
    </p>
   </div>
   <div class='ocr_carea' id='block_1_99' title="bbox 836 5426 2391 5497">
    <p class='ocr_par' dir='ltr' id='par_1_99' title="bbox 836 5426 2391 5497">
     <span class='ocr_line' id='line_1_99' title="bbox 836 5426 2391 5497; baseline -0.001 -14"><span class='ocrx_word' id='word_1_702' title='bbox 836 5430 1093 5483; x_wconf 86' lang='lat' dir='ltr'><strong>m0uachi</strong></span> <span class='ocrx_word' id='word_1_703' title='bbox 1121 5430 1251 5481; x_wconf 91' lang='lat' dir='ltr'><strong>olim</strong></span> <span class='ocrx_word' id='word_1_704' title='bbox 1286 5429 1461 5497; x_wconf 78' lang='lat' dir='ltr'><strong>nigris</strong></span> <span class='ocrx_word' id='word_1_705' title='bbox 1487 5430 1734 5484; x_wconf 76' lang='lat' dir='ltr'><strong>vestibus</strong></span> <span class='ocrx_word' id='word_1_706' title='bbox 1758 5430 1934 5483; x_wconf 88' lang='lat' dir='ltr'><strong>induti</strong></span> <span class='ocrx_word' id='word_1_707' title='bbox 1971 5432 2213 5487; x_wconf 83' lang='lat' dir='ltr'><strong>luerunt.</strong></span> <span class='ocrx_word' id='word_1_708' title='bbox 2247 5426 2391 5481; x_wconf 90' lang='lat' dir='ltr'><strong>unde</strong></span> 
     </span>
    </p>
   </div>
   <div class='ocr_carea' id='block_1_100' title="bbox 837 5497 2388 5579">
    <p class='ocr_par' dir='ltr' id='par_1_100' title="bbox 837 5497 2388 5579">
     <span class='ocr_line' id='line_1_100' title="bbox 837 5497 2388 5579; baseline -0.003 -27"><span class='ocrx_word' id='word_1_709' title='bbox 837 5498 1228 5579; x_wconf 57' lang='lat' dir='ltr'><strong>Pal-bymeres,</strong></span> <span class='ocrx_word' id='word_1_710' title='bbox 1268 5497 1509 5579; x_wconf 72' lang='lat' dir='ltr'><strong>Dionysii</strong></span> <span class='ocrx_word' id='word_1_711' title='bbox 1542 5498 2048 5579; x_wconf 58' lang='lat' dir='ltr'><strong>AreOpagitiedicti</strong></span> <span class='ocrx_word' id='word_1_712' title='bbox 2081 5498 2388 5577; x_wconf 68' lang='lat' dir='ltr'><strong>paraphra-</strong></span> 
     </span>
    </p>
   </div>
   <div class='ocr_carea' id='block_1_101' title="bbox 834 5567 2394 5639">
    <p class='ocr_par' dir='ltr' id='par_1_101' title="bbox 834 5567 2394 5639">
     <span class='ocr_line' id='line_1_101' title="bbox 834 5567 2394 5639; baseline -0.003 -14"><span class='ocrx_word' id='word_1_713' title='bbox 834 5584 943 5631; x_wconf 65' lang='grc' dir='ltr'><strong>σίνε,</strong></span> <span class='ocrx_word' id='word_1_714' title='bbox 962 5567 1065 5622; x_wconf 87' lang='lat' dir='ltr'><strong>ait:</strong></span> <span class='ocrx_word' id='word_1_715' title='bbox 1086 5569 1365 5638; x_wconf 75' lang='grc' dir='ltr'><strong>Μοναχικὴ</strong></span> <span class='ocrx_word' id='word_1_716' title='bbox 1392 5567 1542 5631; x_wconf 80' lang='grc' dir='ltr'><strong>τάξις</strong></span> <span class='ocrx_word' id='word_1_717' title='bbox 1566 5567 1809 5639; x_wconf 77' lang='grc' dir='ltr'><strong>μοναχῶς</strong></span> <span class='ocrx_word' id='word_1_718' title='bbox 1833 5567 2170 5639; x_wconf 77' lang='grc' dir='ltr'><strong>πολιτεύεται</strong></span> <span class='ocrx_word' id='word_1_719' title='bbox 2192 5583 2206 5597; x_wconf 76' lang='grc' dir='ltr'><strong><em>ο</em></strong></span> <span class='ocrx_word' id='word_1_720' title='bbox 2233 5567 2394 5639; x_wconf 60' lang='grc' dir='ltr'><strong>τοῦτο</strong></span> 
     </span>
    </p>
   </div>
   <div class='ocr_carea' id='block_1_102' title="bbox 840 5635 2388 5707">
    <p class='ocr_par' dir='ltr' id='par_1_102' title="bbox 840 5635 2388 5707">
     <span class='ocr_line' id='line_1_102' title="bbox 840 5635 2388 5707; baseline -0.002 -16"><span class='ocrx_word' id='word_1_721' title='bbox 840 5639 946 5705; x_wconf 80' lang='grc' dir='ltr'><strong>γὰρ</strong></span> <span class='ocrx_word' id='word_1_722' title='bbox 979 5638 1127 5707; x_wconf 84' lang='grc' dir='ltr'><strong>δηλοί</strong></span> <span class='ocrx_word' id='word_1_723' title='bbox 1161 5635 1336 5692; x_wconf 75' lang='grc' dir='ltr'><strong>καὶτὸ</strong></span> <span class='ocrx_word' id='word_1_724' title='bbox 1355 5635 1799 5707; x_wconf 68' lang='grc' dir='ltr'><strong>ἀμφιεννύμενον</strong></span> <span class='ocrx_word' id='word_1_725' title='bbox 1837 5638 2026 5706; x_wconf 87' lang='grc' dir='ltr'><strong>μέλαν.</strong></span> <span class='ocrx_word' id='word_1_726' title='bbox 2052 5637 2196 5691; x_wconf 89' lang='lat' dir='ltr'><strong>Idem</strong></span> <span class='ocrx_word' id='word_1_727' title='bbox 2232 5635 2388 5689; x_wconf 86' lang='lat' dir='ltr'><strong>Zosi-</strong></span> 
     </span>
    </p>
   </div>
   <div class='ocr_carea' id='block_1_103' title="bbox 843 5709 2389 5771">
    <p class='ocr_par' dir='ltr' id='par_1_103' title="bbox 843 5709 2389 5771">
     <span class='ocr_line' id='line_1_103' title="bbox 843 5709 2389 5771; baseline 0.001 -11"><span class='ocrx_word' id='word_1_728' title='bbox 843 5725 963 5762; x_wconf 89' lang='lat' dir='ltr'><strong>mus</strong></span> <span class='ocrx_word' id='word_1_729' title='bbox 1021 5710 1312 5763; x_wconf 85' lang='lat' dir='ltr'><strong>historicus</strong></span> <span class='ocrx_word' id='word_1_730' title='bbox 1365 5710 1587 5771; x_wconf 90' lang='lat' dir='ltr'><strong>indicat,</strong></span> <span class='ocrx_word' id='word_1_731' title='bbox 1650 5710 1739 5762; x_wconf 88' lang='lat' dir='ltr'><strong>ubi</strong></span> <span class='ocrx_word' id='word_1_732' title='bbox 1798 5710 2067 5763; x_wconf 88' lang='lat' dir='ltr'><strong>seditione</strong></span> <span class='ocrx_word' id='word_1_733' title='bbox 2127 5709 2389 5761; x_wconf 84' lang='lat' dir='ltr'><strong>adversus</strong></span> 
     </span>
    </p>
   </div>
   <div class='ocr_carea' id='block_1_104' title="bbox 841 5780 2386 5846">
    <p class='ocr_par' dir='ltr' id='par_1_104' title="bbox 841 5780 2386 5846">
     <span class='ocr_line' id='line_1_104' title="bbox 841 5780 2386 5846; baseline -0.003 -15"><span class='ocrx_word' id='word_1_734' title='bbox 841 5781 1135 5835; x_wconf 84' lang='lat' dir='ltr'><strong>monachos</strong></span> <span class='ocrx_word' id='word_1_735' title='bbox 1188 5788 1331 5831; x_wconf 82' lang='lat' dir='ltr'><strong>mnta</strong></span> <span class='ocrx_word' id='word_1_736' title='bbox 1384 5794 1575 5831; x_wconf 85' lang='lat' dir='ltr'><strong>omnes</strong></span> <span class='ocrx_word' id='word_1_737' title='bbox 1610 5817 1625 5841; x_wconf 92' lang='lat'><strong>,</strong></span> <span class='ocrx_word' id='word_1_738' title='bbox 1662 5794 1803 5846; x_wconf 84' lang='lat' dir='ltr'><strong>quos</strong></span> <span class='ocrx_word' id='word_1_739' title='bbox 1846 5780 2062 5845; x_wconf 75' lang='lat' dir='ltr'><strong>assequi</strong></span> <span class='ocrx_word' id='word_1_740' title='bbox 2114 5784 2386 5845; x_wconf 82' lang='lat' dir='ltr'><strong>poterant,</strong></span> 
     </span>
    </p>
   </div>
   <div class='ocr_carea' id='block_1_105' title="bbox 842 5848 2385 5921">
    <p class='ocr_par' dir='ltr' id='par_1_105' title="bbox 842 5848 2385 5921">
     <span class='ocr_line' id='line_1_105' title="bbox 842 5848 2385 5921; baseline -0.002 -17"><span class='ocrx_word' id='word_1_741' title='bbox 842 5849 1011 5921; x_wconf 74' lang='lat' dir='ltr'><strong>nigris</strong></span> <span class='ocrx_word' id='word_1_742' title='bbox 1048 5850 1288 5905; x_wconf 66' lang='lat' dir='ltr'><strong>testibus</strong></span> <span class='ocrx_word' id='word_1_743' title='bbox 1312 5848 1558 5915; x_wconf 82' lang='lat' dir='ltr'><strong>indutos,</strong></span> <span class='ocrx_word' id='word_1_744' title='bbox 1589 5848 1912 5905; x_wconf 78' lang='lat' dir='ltr'><strong>interiectos</strong></span> <span class='ocrx_word' id='word_1_745' title='bbox 1937 5849 2108 5904; x_wconf 77' lang='lat' dir='ltr'><strong>fuisse</strong></span> <span class='ocrx_word' id='word_1_746' title='bbox 2140 5848 2385 5904; x_wconf 78' lang='lat' dir='ltr'><strong>tradidit.</strong></span> 
     </span>
    </p>
   </div>
   <div class='ocr_carea' id='block_1_106' title="bbox 2493 5279 4073 5353">
    <p class='ocr_par' dir='ltr' id='par_1_106' title="bbox 2493 5279 4073 5353">
     <span class='ocr_line' id='line_1_106' title="bbox 2493 5279 4073 5353; baseline -0.003 -17"><span class='ocrx_word' id='word_1_747' title='bbox 2493 5284 2608 5353; x_wconf 81' lang='grc' dir='ltr'><strong>Τὴν</strong></span> <span class='ocrx_word' id='word_1_748' title='bbox 2632 5284 2730 5351; x_wconf 83' lang='grc' dir='ltr'><strong>μὲν</strong></span> <span class='ocrx_word' id='word_1_749' title='bbox 2760 5282 3061 5353; x_wconf 74' lang='grc' dir='ltr'><strong>ἐκκλησίαν</strong></span> <span class='ocrx_word' id='word_1_750' title='bbox 3091 5284 3421 5353; x_wconf 68' lang='grc' dir='ltr'><strong>ἐπλήρωσαν</strong></span> <span class='ocrx_word' id='word_1_751' title='bbox 3436 5281 3671 5353; x_wconf 67' lang='grc' dir='ltr'><strong>νεκρῶν,</strong></span> <span class='ocrx_word' id='word_1_752' title='bbox 3696 5280 3826 5341; x_wconf 75' lang='grc' dir='ltr'><strong>τοὺς</strong></span> <span class='ocrx_word' id='word_1_753' title='bbox 3856 5279 3909 5332; x_wconf 78' lang='grc' dir='ltr'><strong><em>δ’</em></strong></span> <span class='ocrx_word' id='word_1_754' title='bbox 3935 5281 4073 5333; x_wconf 73' lang='grc' dir='ltr'><strong>ἀπο-</strong></span> 
     </span>
    </p>
   </div>
   <div class='ocr_carea' id='block_1_107' title="bbox 2492 5350 4071 5424">
    <p class='ocr_par' dir='ltr' id='par_1_107' title="bbox 2492 5350 4071 5424">
     <span class='ocr_line' id='line_1_107' title="bbox 2492 5350 4071 5424; baseline -0.002 -17"><span class='ocrx_word' id='word_1_755' title='bbox 2492 5350 2730 5424; x_wconf 77' lang='grc' dir='ltr'><strong>δράντας</strong></span> <span class='ocrx_word' id='word_1_756' title='bbox 2780 5352 3084 5418; x_wconf 74' lang='grc' dir='ltr'><strong>διώξαντες</strong></span> <span class='ocrx_word' id='word_1_757' title='bbox 3151 5350 3563 5424; x_wconf 72' lang='grc' dir='ltr'><strong>κατεκέντησαν</strong></span> <span class='ocrx_word' id='word_1_758' title='bbox 3635 5350 3892 5424; x_wconf 69' lang='grc' dir='ltr'><strong>ᾇπαντας</strong></span> <span class='ocrx_word' id='word_1_759' title='bbox 3936 5352 4071 5424; x_wconf 60' lang='lat' dir='ltr'><strong>jam</strong></span> 
     </span>
    </p>
   </div>
   <div class='ocr_carea' id='block_1_108' title="bbox 2492 5419 4067 5496">
    <p class='ocr_par' dir='ltr' id='par_1_108' title="bbox 2492 5419 4067 5496">
     <span class='ocr_line' id='line_1_108' title="bbox 2492 5419 4067 5496; baseline -0.011 -7"><span class='ocrx_word' id='word_1_760' title='bbox 2492 5419 2677 5496; x_wconf 81' lang='grc' dir='ltr'><strong>φάιαῖς</strong></span> <span class='ocrx_word' id='word_1_761' title='bbox 2716 5424 2916 5496; x_wconf 60' lang='grc' dir='ltr'><strong>ἔτυχον</strong></span> <span class='ocrx_word' id='word_1_762' title='bbox 2968 5424 3167 5496; x_wconf 58' lang='lat' dir='ltr'><strong>ﬁctiﬁcti.</strong></span> <span class='ocrx_word' id='word_1_763' title='bbox 3206 5419 3598 5496; x_wconf 56' lang='lat' dir='ltr'><strong>ﬁjtcptsqjiévot.</strong></span> <span class='ocrx_word' id='word_1_764' title='bbox 3650 5420 3861 5496; x_wconf 74' lang='lat' dir='ltr'><strong>Zosim.</strong></span> <span class='ocrx_word' id='word_1_765' title='bbox 3926 5419 4067 5496; x_wconf 65' lang='grc' dir='ltr'><strong>εζω.</strong></span> 
     </span>
    </p>
   </div>
   <div class='ocr_carea' id='block_1_109' title="bbox 2492 5490 4072 5559">
    <p class='ocr_par' dir='ltr' id='par_1_109' title="bbox 2492 5490 4072 5559">
     <span class='ocr_line' id='line_1_109' title="bbox 2492 5490 4072 5559; baseline -0.003 -10"><span class='ocrx_word' id='word_1_766' title='bbox 2492 5495 2531 5549; x_wconf 87' lang='lat' dir='ltr'><strong>l.</strong></span> <span class='ocrx_word' id='word_1_767' title='bbox 2588 5511 2642 5550; x_wconf 83' lang='grc' dir='ltr'><strong>ν.</strong></span> <span class='ocrx_word' id='word_1_768' title='bbox 2711 5492 2802 5547; x_wconf 91' lang='lat' dir='ltr'><strong>Sic</strong></span> <span class='ocrx_word' id='word_1_769' title='bbox 2825 5490 3003 5547; x_wconf 39' lang='lat' dir='ltr'><strong>&#39;etiaut</strong></span> <span class='ocrx_word' id='word_1_770' title='bbox 3054 5490 3111 5546; x_wconf 64' lang='grc' dir='ltr'>8ζ</span> <span class='ocrx_word' id='word_1_771' title='bbox 3146 5490 3479 5548; x_wconf 70' lang='grc' dir='ltr'><strong>Αιιῖαὴιιδίυε</strong></span> <span class='ocrx_word' id='word_1_772' title='bbox 3533 5492 3599 5545; x_wconf 85' lang='lat' dir='ltr'><strong>ad</strong></span> <span class='ocrx_word' id='word_1_773' title='bbox 3640 5492 3917 5559; x_wconf 75' lang='lat' dir='ltr'><strong>virginem</strong></span> <span class='ocrx_word' id='word_1_774' title='bbox 3962 5490 4072 5544; x_wconf 81' lang='lat' dir='ltr'><strong>Deo</strong></span> 
     </span>
    </p>
   </div>
   <div class='ocr_carea' id='block_1_110' title="bbox 2500 5560 4071 5633">
    <p class='ocr_par' dir='ltr' id='par_1_110' title="bbox 2500 5560 4071 5633">
     <span class='ocr_line' id='line_1_110' title="bbox 2500 5560 4071 5633; baseline -0.005 -15"><span class='ocrx_word' id='word_1_775' title='bbox 2500 5565 2731 5619; x_wconf 82' lang='lat' dir='ltr'><strong>dicatam</strong></span> <span class='ocrx_word' id='word_1_776' title='bbox 2763 5563 2837 5617; x_wconf 88' lang='lat' dir='ltr'><strong>ait</strong></span> <span class='ocrx_word' id='word_1_777' title='bbox 2865 5563 2963 5633; x_wconf 9' lang='lat' dir='ltr'><strong>:V&#39;O</strong></span> <span class='ocrx_word' id='word_1_778' title='bbox 2993 5564 3286 5633; x_wconf 82' lang='grc' dir='ltr'><strong>ὲπενδύτης</strong></span> <span class='ocrx_word' id='word_1_779' title='bbox 3312 5578 3405 5614; x_wconf 91' lang='grc' dir='ltr'><strong>σου</strong></span> <span class='ocrx_word' id='word_1_780' title='bbox 3442 5561 3607 5633; x_wconf 89' lang='grc' dir='ltr'><strong>μέλας</strong></span> <span class='ocrx_word' id='word_1_781' title='bbox 3634 5560 3733 5633; x_wconf 75' lang='grc' dir='ltr'><strong>μὴ</strong></span> <span class='ocrx_word' id='word_1_782' title='bbox 3764 5560 4071 5633; x_wconf 60' lang='grc' dir='ltr'><strong>βεϐαμένος</strong></span> 
     </span>
    </p>
   </div>
   <div class='ocr_carea' id='block_1_111' title="bbox 2496 5630 4071 5703">
    <p class='ocr_par' dir='ltr' id='par_1_111' title="bbox 2496 5630 4071 5703">
     <span class='ocr_line' id='line_1_111' title="bbox 2496 5630 4071 5703; baseline -0.001 -16"><span class='ocrx_word' id='word_1_783' title='bbox 2496 5636 2557 5687; x_wconf 83' lang='grc' dir='ltr'><strong>έν</strong></span> <span class='ocrx_word' id='word_1_784' title='bbox 2587 5634 2757 5703; x_wconf 79' lang='grc' dir='ltr'><strong>βαφῇ,</strong></span> <span class='ocrx_word' id='word_1_785' title='bbox 2785 5632 2900 5686; x_wconf 86' lang='grc' dir='ltr'><strong>ἀλλ’</strong></span> <span class='ocrx_word' id='word_1_786' title='bbox 2931 5630 3252 5701; x_wconf 60' lang='grc' dir='ltr'><strong>αὐτοφυὴς,</strong></span> <span class='ocrx_word' id='word_1_787' title='bbox 3278 5630 3579 5703; x_wconf 57' lang='grc' dir='ltr'><strong>ιδιρχριυος,</strong></span> <span class='ocrx_word' id='word_1_788' title='bbox 3616 5632 3819 5686; x_wconf 78' lang='lat' dir='ltr'><strong>Alban.</strong></span> <span class='ocrx_word' id='word_1_789' title='bbox 3855 5630 3936 5684; x_wconf 75' lang='lat' dir='ltr'><strong>De</strong></span> <span class='ocrx_word' id='word_1_790' title='bbox 3971 5632 4071 5685; x_wconf 69' lang='lat' dir='ltr'><strong>vir-</strong></span> 
     </span>
    </p>
   </div>
   <div class='ocr_carea' id='block_1_112' title="bbox 2495 5700 4071 5773">
    <p class='ocr_par' dir='ltr' id='par_1_112' title="bbox 2495 5700 4071 5773">
     <span class='ocr_line' id='line_1_112' title="bbox 2495 5700 4071 5773; baseline -0.001 -18"><span class='ocrx_word' id='word_1_791' title='bbox 2495 5700 2649 5773; x_wconf 74' lang='lat' dir='ltr'><strong>ginit.</strong></span> <span class='ocrx_word' id='word_1_792' title='bbox 2675 5700 2813 5758; x_wconf 81' lang='lat' dir='ltr'><strong>tom.</strong></span> <span class='ocrx_word' id='word_1_793' title='bbox 2856 5705 2894 5767; x_wconf 89' lang='lat' dir='ltr'><strong>l,</strong></span> <span class='ocrx_word' id='word_1_794' title='bbox 2937 5719 2991 5771; x_wconf 89' lang='lat' dir='ltr'><strong>p.</strong></span> <span class='ocrx_word' id='word_1_795' title='bbox 3027 5700 3187 5764; x_wconf 25' lang='lat'><strong>1050’,</strong></span> <span class='ocrx_word' id='word_1_796' title='bbox 3215 5704 3302 5758; x_wconf 88' lang='lat' dir='ltr'><strong>ed.</strong></span> <span class='ocrx_word' id='word_1_797' title='bbox 3336 5700 3509 5757; x_wconf 74' lang='lat' dir='ltr'><strong>Paris.</strong></span> <span class='ocrx_word' id='word_1_798' title='bbox 3542 5700 3672 5756; x_wconf 86' lang='lat' dir='ltr'><strong>Vide</strong></span> <span class='ocrx_word' id='word_1_799' title='bbox 3701 5711 3759 5755; x_wconf 90' lang='lat' dir='ltr'><strong>et</strong></span> <span class='ocrx_word' id='word_1_800' title='bbox 3794 5715 4071 5773; x_wconf 69' lang='lat' dir='ltr'><strong>canonem</strong></span> 
     </span>
    </p>
   </div>
   <div class='ocr_carea' id='block_1_113' title="bbox 2492 5770 4067 5845">
    <p class='ocr_par' dir='ltr' id='par_1_113' title="bbox 2492 5770 4067 5845">
     <span class='ocr_line' id='line_1_113' title="bbox 2492 5770 4067 5845; baseline 0 -19"><span class='ocrx_word' id='word_1_801' title='bbox 2492 5770 2561 5827; x_wconf 62' lang='lat'><strong>15</strong></span> <span class='ocrx_word' id='word_1_802' title='bbox 2629 5770 3210 5843; x_wconf 77' lang='lat' dir='ltr'><strong>pra-scutiseoueilii,</strong></span> <span class='ocrx_word' id='word_1_803' title='bbox 3253 5789 3363 5845; x_wconf 90' lang='lat' dir='ltr'><strong>quo</strong></span> <span class='ocrx_word' id='word_1_804' title='bbox 3397 5774 3694 5831; x_wconf 84' lang='lat' dir='ltr'><strong>moualium</strong></span> <span class='ocrx_word' id='word_1_805' title='bbox 3750 5771 3931 5843; x_wconf 77' lang='grc' dir='ltr'><strong>μέλαν</strong></span> <span class='ocrx_word' id='word_1_806' title='bbox 3982 5770 4067 5829; x_wconf 72' lang='lat' dir='ltr'><strong>I‘t-</strong></span> 
     </span>
    </p>
   </div>
   <div class='ocr_carea' id='block_1_114' title="bbox 2486 5845 3138 5915">
    <p class='ocr_par' dir='ltr' id='par_1_114' title="bbox 2486 5845 3138 5915">
     <span class='ocr_line' id='line_1_114' title="bbox 2486 5845 3138 5915; baseline 0.006 -16"><span class='ocrx_word' id='word_1_807' title='bbox 2486 5845 2631 5915; x_wconf 77' lang='grc' dir='ltr'><strong>ὃυμα</strong></span> <span class='ocrx_word' id='word_1_808' title='bbox 2657 5853 3138 5902; x_wconf 81' lang='lat' dir='ltr'><strong>commemoratur.</strong></span> 
     </span>
    </p>
   </div>
  </div>
