4240 6442
180 374 292 436 665

1161 385 1236 443 IN
1277 386 1442 447 C.\N.
1486 386 1645 445 XLII
1681 384 1887 445 CONC.
1934 389 2010 447 IN
2053 391 2371 455 'I‘RULLO.

3293 412 3394 469 666

212 504 219 519 εκ
254 502 273 533 ε
326 487 680 555 μοναστηρῖῳ
727 487 1182 552 ἐγκαθίστασθαι,
1213 492 1307 541 καὶ
1346 493 1454 553 τοῖς
1491 492 1735 559 ἀδελφοῖς
1766 492 1815 549 Α

1716 509 1735 553 ς
1766 492 1815 549 Α
1918 518 1934 549 ι
1972 503 2122 566 Quod
2165 506 2209 558 si
2245 508 2344 557 hoc
2379 523 2481 558 non
2515 509 2791 578 elegerint,
2825 524 2918 565 eos
2950 515 3174 567 omnino
3206 533 3268 569 ex
3301 536 3390 569 nr-

253 597 274 629 ε
320 582 786 647 ἐγκαταλέγεσθαι
830 585 982 649 (9.8)’
1014 587 1060 638 εί
1109 586 1166 637 δέ
1228 587 1301 654 μὴ
1355 587 1515 639 τοῦτο
1574 584 1737 654 προέ-

253 689 273 722 ε
319 672 521 737 λοιντο,
560 675 904 728 παντάπασιν
940 677 1139 739 αὐτοὺς
1191 676 1299 729 τῶν
1339 677 1548 730 πόλεων
1604 679 1739 730 ἀπε-

250 782 269 814 ‹
318 766 638 828 λαύνεσθαι,
669 768 759 819 xui.
792 770 888 828 τάς
920 770 1160 835 ἐρήμους
1184 770 1378 833 οἰκεῖν,
1435 766 1494 831 ἐξ
1534 762 1609 822 ὧν
1644 768 1738 822 καὶ

254 874 275 905 ε
318 858 417 915 τας
451 858 763 924 ἐπωνυμίας
797 860 1010 921 ἑαυτοῖς
1059 860 1455 913 ἀνεπλάσαντο.
1503 879 1522 911 ι

251 948 449 1001 ΒΑΛΣ.
488 950 678 1001 Πολλοὶ
708 950 999 1004 λαοπλάνοι
1026 954 1121 1015 τὰς
1150 952 1332 1014 πόλεις
1361 953 1738 1022 περιέρχονται

182 1040 704 1108 με),ανειμονοῦντες
738 1042 832 1095 καὶ
879 1044 1262 1113 ἀκειροκόμαι,
1319 1044 1577 1114 νηστείαν
1642 1046 1737 1097 καὶ

174 1131 437 1182 ἀλουσίαν
466 1131 903 1202 ὑποκρινόμενοι,
929 1137 1023 1187 καὶ
1059 1138 1373 1200 ἀπατῶντες
1397 1139 1520 1199 τοὺς
1550 1137 1743 1189 ἁπλου-

179 1224 427 1293 στέρους,
480 1224 571 1276 καὶ
630 1226 689 1277 τὸ
749 1229 1039 1297 μοναχικδν
1096 1230 1419 1298 ἐπάγγελμα
1480 1231 1738 1303 καθυϐρί-

178 1318 386 1380 ζοντες.
421 1319 529 1371 Καὶ
580 1321 627 1371 0i
670 1321 769 1389 μὲν
816 1322 873 1385 ἐξ
905 1321 1083 1374 αὐτῶν
1120 1326 1256 1391 μετὰ
1287 1322 1490 1376 λαῖκῶν
1534 1323 1741 1393 ἀνδρῶν

179 1412 277 1463 καὶ
329 1412 603 1476 γυναικῶν
635 1413 1034 1482 συνδιάγοντες,
1071 1417 1161 1468 καὶ
1210 1417 1310 1479 τὰς
1352 1416 1592 1486 τριόδους
1630 1417 1744 1469 δαι-

182 1502 473 1571 μονιώδεσι
551 1506 843 1575 διδάγμασι
908 1508 1421 1578 καταδομὸοὖντες,
1496 1509 1743 1577 εὔχονται

177 1596 345 1663 δῆθεν
389 1596 529 1666 ὑπὲρ
580 1596 675 1649 τοῦ
732 1597 900 1662 λαοῦ,
952 1599 1049 1651 καὶ
1108 1600 1394 1669 μετάνοιαν
1436 1600 1741 1670 κηρύσσου-

182 1703 309 1739 σιν’
376 1690 422 1740 οἱ
488 1688 544 1740 δέ
598 1688 815 1757 λέγουσι
843 1689 968 1741 καθ’
1021 1690 1247 1759 ὁρισμὸν
1307 1691 1442 1745 Θεοῦ
1497 1692 1556 1755 ἐξ
1608 1692 1737 1762 ἐρή-

184 1797 287 1849 μου
318 1782 395 1843 είς
417 1780 516 1843 τὰς
543 1781 727 1843 πόλεις
765 1781 961 1845 ἐλθεῖν,
996 1784 1079 1851 ἐφ’
1122 1776 1165 1850 ᾧ
1196 1785 1549 1853 προμηνῦσαι
1617 1801 1738 1837 τινα

1918 613 1935 646 ι
1975 594 2129 650 bibus
2172 600 2388 666 expelli.
2426 611 2478 652 ct
2508 616 2717 655 ercntos
2771 605 3014 659 habitare
3040 650 3053 669 ,
3085 625 3147 661 ex
3191 610 3391 676 quibus

1914 703 1933 736 ε
1977 689 2079 743 sibi
2116 692 2277 742 etiam
2310 690 2775 751 denotuinationes
2802 697 3131 755 continuere.
3171 720 3189 752 ι

1915 951 2129 1012 ΒᾹΕΞΪ
2144 958 2461 1027 Complures
2505 962 2683 1031 populi
2738 964 3068 1026 scdttctores,
3100 968 3261 1020 urltcs
3293 970 3394 1020 ob-

1846 1060 2061 1113 euntes,
2093 1052 2394 1105 induuntur
2425 1054 2591 1121 nigris
2628 1057 2899 1116 vestibus.
2930 1066 2982 1109 et
3015 1069 3140 1112 sunt
3165 1060 3394 1113 inlousis

1844 1141 2080 1205 capillis,
2106 1142 2372 1209 jejunium
2400 1159 2461 1198 ac
2491 1147 2794 1213 squalorem
2823 1165 2929 1215 ρεαδ
2960 1164 3018 1204 se
3050 1150 3306 1208 ferentes.
3341 1161 3396 1206 et

1845 1229 2211 1299 simpliciores
2243 1232 2615 1301 decipientes,
2657 1251 2717 1287 ac.
2760 1238 3133 1292 mouacltaletu
3191 1240 3397 1307 profes-

1845 1320 2054 1376 sionem
2115 1323 2309 1392 injuria
2364 1325 2679 1380 allicientes.
2742 1330 2818 1380 Ac
2877 1330 3118 1382 nonnulli
3178 1329 3393 1395 quidem

1846 1429 2057 1477 eorum,
2087 1430 2191 1469 una
2218 1430 2339 1468 cum
2373 1417 2507 1471 viris
2545 1418 2698 1473 laicis
2728 1420 3153 1491 mulieribusque
3179 1436 3397 1476 versan-

1846 1516 1949 1570 tes,
1984 1516 2038 1563 et
2073 1509 2123 1561 in
2161 1510 2337 1565 triviis
2364 1513 2712 1566 daemoniacis
2745 1514 3012 1568 doctrinis
3050 1516 3398 1569 circumstre-

1848 1610 2055 1668 pcutes,
2076 1616 2171 1670 pro
2189 1605 2387 1671 popqu
2406 1606 2591 1673 utique
2612 1615 2925 1671 precantur.
2952 1615 3003 1658 ct
3026 1607 3393 1675 pmuitentiatn

1849 1692 2165 1760 praedicant.
2198 1693 2299 1747 Alii
2334 1709 2463 1748 vero
2492 1696 2677 1749 dicunt
2711 1711 2768 1749 se
2801 1696 2887 1748 Dei
2915 1698 3073 1761 jussu
3107 1712 3170 1750 ex
3207 1698 3398 1750 solitu-

1846 1783 1973 1837 dine
2005 1783 2058 1836 in
2093 1784 2343 1837 civitates
2373 1769 2608 1849 venisse,
2638 1795 2696 1838 ut
2730 1785 2909 1838 futura
2937 1788 3176 1853 quzedam
3205 1785 3401 1854 pnedi-

184 1877 449 1945 μέλλοντα
475 1891 488 1903 ’
524 1880 612 1929 καὶ
642 1878 875 1940 ἀναιδῶς
929 1878 1109 1945 ἀγαθά
1138 1851 1260 1933 τινα
1294 1851 1405 1943 τοῖς
1436 1881 1739 1934 ἀπλουστὲ-
1769 1851 1815 1909 Β
1844 1891 1858 1929 t

1726 1911 1739 1922 -
1769 1851 1815 1909 Β
1844 1885 1970 1929 cant
2007 1895 2019 1931 :
2061 1884 2113 1930 et
2152 1874 2747 1944 simpliciorihus'bona
2780 1877 3026 1943 quaedam
3063 1878 3400 1943 impudenter

184 1984 305 2034 ροις
344 1968 774 2034 ἐπαγγέλλονται
825 1973 986 2040 χάριν
1026 1970 1252 2039 κέρδους
1296 1974 1391 2026 καὶ
1446 1974 1738 2042 ἐμπορίας.

180 2059 407 2111 Τούτων
445 2056 540 2113 οὖν
582 2062 614 2129 ἡ
654 2061 868 2123 σύνοδος
922 2062 1060 2132 αὕτη
1092 2063 1385 2134 διορίζεται
1433 2065 1532 2126 τὰς
1565 2064 1742 2135 κόμας

184 2153 493 2223 κείρεσθαι,
534 2155 627 2206 καὶ
680 2154 738 2207 ἐν
787 2155 1173 2225 μοναστηρίοις
1227 2155 1567 2225 είσάγεσθαι,
1598 2159 1740 2211 ὥστε

181 2246 276 2296 τὸν
312 2246 521 2315 μονήρη
564 2247 679 2315 βίον
737 2247 947 2314 διάγειν
978 2248 1036 2299 ἐν
1066 2248 1269 2309 αὐτοῖς.
1326 2249 1387 2300 EI
1420 2249 1465 2299 δ’
1514 2251 1575 2302 οὐ
1620 2250 1743 2320 βού-

182 2336 367 2389 λονται
401 2338 579 2401 10610,
619 2338 903 2391 ἐκδιώκειν
948 2338 1144 2399 αὐτοὺς
1172 2340 1235 2391 ἐκ
1266 2339 1380 2391 τῶν
1408 2341 1635 2405 πόλεων,
1670 2343 1745 2406 ὼς

182 2427 252 2481 ἂν
287 2429 343 2480 ἐν
374 2428 599 2497 ἐρήμοις
625 2430 857 2497 διάγωσι
878 2446 891 2461 ο
923 2431 1014 2482 καὶ
1041 2429 1111 2500 ἦν
1141 2430 1354 2493 ἑαυτοῖς
1374 2433 1745 2489 άνεπλάσαντο

181 2521 484 2591 διαγωγὴν,
520 2522 619 2575 οὐκ
654 2522 713 2587 ἐξ
763 2525 1043 2596 ἀληθείας.
1098 2525 1212 2579 ἀλλ’
1255 2526 1362 2580 ἀπὸ
1419 2526 1624 2598 πλάνης
1656 2529 1747 2582 καὶ

182 2611 397 2679 τρόπου
453 2614 670 2672 σκαιοῦ.
703 2613 836 2669 Οὑδέ
866 2617 976 2687 γὰρ
1018 2615 1241 2687 ᾤκησαν
1284 2617 1379 2687 τὴν
1416 2617 1623 2686 ἔρημον
1656 2617 1745 2671 διὰ

185 2704 471 2772 σωτηρίαν
495 2706 694 2776 ψυχῆς,
745 2710 793 2760 εί
822 2708 1028 2775 ταύτην
1058 2711 1459 2785 πραγματικῶς
1488 2709 1545 2774 ἐξ
1575 2709 1743 2776 ἀνάγ-

184 2811 293 2864 κης
332 2797 516 2865 ἔχωσι,
576 2800 649 2868 μὴ
708 2800 1197 2872 παραχωρούμενοι
1229 2802 1287 2854 ἐν
1323 2801 1509 2854 πόλεσι
1556 2819 1739 2873 παρα-

183 2886 429 2939 σάλλειν.

257 2978 502 3033 ΖΩΝΑΡ.
542 2980 752 3034 Παλαιὰ
785 2983 816 3050 ἠ
853 2984 1041 3046 κακία,
1084 2986 1171 3038 ἀεὶ
1213 2984 1415 3054 ταύτην
1460 2987 1581 3046 ταῖς
1637 2984 1749 3037 τῶν

183 3071 492 3139 ἀνθρώπων
534 3074 783 3142 καρδίαις
831 3075 923 3127 τοῦ
977 3076 1285 3144 ἀρχεκάκου
1344 3078 1743 3145 ἐνσπείροντος.

183 3160 374 3217 Ἦσαν
411 3166 517 3236 γὰρ
546 3168 641 3218 καὶ
665 3167 831 3219 πάλαι
863 3167 1027 3229 τινὲς,
1060 3169 1108 3220 οἳ
1144 3169 1343 3237 μέλανα
1366 3169 1740 3237 περιϐλήματι
1769 3200 1814 3262 C

184 3258 492 3321 ἐνεδύοντο,
556 3260 648 3311 καὶ
699 3259 797 3321 τὰς
834 3260 1006 3328 κόμας
1042 3261 1141 3311 οὐκ
1200 3260 1437 3328 ἔκειρον,
1467 3258 1584 3310 ἀλλ’
1616 3258 1743 3309 εῐων

185 3351 270 3409 εἰς
311 3348 637 3419 βοστρύχους
682 3351 850 3411 αὑτὰς
902 3350 1302 3418 καθισταμένας
1356 3351 1469 3411 τοῖς
1504 3349 1746 3414 στέρνοις

183 3440 370 3494 αὐτῶν
408 3442 503 3494 καὶ
559 3444 668 3504 τοῖς
703 3443 873 3511 ὤμοις
933 3442 1299 3511 περικεῖσθαι,
1335 3442 1429 3495 καὶ
1463 3441 1605 3493 οὕτω
1650 3441 1746 3502 τάς

186 3535 373 3598 πίλεις
423 3535 788 3606 περιέτρεχον,
841 3536 936 3588 καὶ
992 3537 1198 3599 λαῖκοῖς
1233 3534 1455 3605 ἀνδράσι
1512 3535 1747 3601 συνῆσαν

186 3626 288 3677 καὶ
314 3626 551 3692 γυναιξὶ,
585 3627 646 3677 τὸ
680 3628 971 3695 μοναχικδν
1002 3627 1326 3696 ἐπάγγελμα
1384 3625 1741 3695 καθυϐρίζον-

184 3735 302 3777 τες.
334 3718 555 3781 Τούτοις
588 3719 620 3787 ἡ
655 3718 871 3781 σύνοδος
912 3717 1053 3788 αὕτη
1082 3720 1376 3788 προτάσσει
1428 3718 1525 3776 τὰς
1572 3718 1747 3786 κόμας

187 3809 493 3875 κείρεσθαι,
515 3794 609 3861 καὶ
632 3810 689 3862 ἐν
711 3809 1095 3879 μοναστηρίοις
1122 3808 1457 3876 είσάγεσθαι,
1492 3808 1630 3860 ὥστε
1657 3826 1748 3877 μο-

188 3903 375 3969 ναχοῖς
400 3902 662 3952 συνοικεῖν
688 3916 745 3952 τε
765 3900 852 3952 καὶ
872 3902 1153 3953 συνασκεῖν
1173 3917 1188 3932 ο
1223 3901 1270 3952 εί
1296 3900 1341 3952 δ’
1374 3901 1434 3952 ού
1472 3900 1747 3969 βούλονται

187 3992 373 4057 10610,
418 3990 693 4053 παντελῶς
727 3990 838 4042 τῶν
884 3990 1093 4042 πόλεων
1123 3990 1555 4054 ἀπελαύνεσθαι,
1586 3991 1671 4044 ῖνα
1692 3992 1750 4042 ἐν

188 4084 423 4153 ἐρήμοις
450 4083 730 4150 διάγωσιν,
766 4082 822 4148 ἐξ
867 4075 941 4135 ὧν
985 4082 1084 4152 τὴν
1112 4082 1428 4149 ἐπωνυμίαν
1466 4082 1525 4134 τὸ
1560 4083 1753 4151 ἐρημῖ-

187 4191 281 4227 ται
320 4174 601 4226 καλεῖσθαι
636 4175 849 4236 ἐαυτοῖς
882 4173 1281 4225 ἀνεπλάσαντο.
1316 4172 1389 4223 Ού
1421 4171 1532 4242 γὰρ
1573 4169 1632 4235 ἐξ
1656 4171 1752 4221 αὑ-

185 4260 286 4312 τοῦ
315 4258 410 4312 τοῦ
442 4260 766 4329 πράγματος
798 4261 1065 4330 ἐσχήκασι
1108 4260 1205 4327 τὴν
1235 4260 1570 4330 ἐπωνυμίαν,
1613 4258 1747 4312 ἀλλά

186 4351 404 4419 ψευδῶς
434 4350 641 4421 ταύτην
685 4351 897 4413 ἐαυτοῖς
949 4351 1337 4420 ἐπωνόμασαν,
1386 4350 1480 4403 καὶ
1522 4349 1748 4418 πλάσμα

192 4444 385 4505 αὐτοῖς
409 4443 472 4495 τὸ
511 4442 700 4512 σχῆμά
727 4459 786 4495 τε
822 4441 917 4495 καλ⁵
946 4441 1007 4495 τὸ
1032 4441 1224 4512 δνομα.

1847 1968 2207 2035 pollicentur,
2243 1967 2379 2021 lucri
2413 1976 2466 2021 et
2501 1968 2839 2022 mercimonii
2880 1968 3071 2038 gratia.
3118 1967 3241 2022 Haec
3272 1984 3400 2038 ergo

1846 2061 2104 2132 synoduS'
2136 2062 2348 2123 statuit,
2401 2072 2458 2111 ttt
2504 2062 2585 2115 eis
2628 2075 2796 2114 conta:
2848 2061 3194 2120 tondeantur.
3239 2071 3290 2113 et
3347 2063 3397 2115 itt

1846 2154 2173 2209 monasteria
2224 2152 2663 2215 introducantur,
2713 2161 2771 2205 ttt
2819 2152 3179 2207 monasticam
3228 2154 3280 2205 itt
3321 2156 3400 2207 eis

1844 2245 2009 2298 vitam
2039 2251 2222 2315 agant.
2265 2244 2357 2297 Sin
2402 2254 2579 2297 autem
2613 2244 2714 2297 hoc
2753 2244 2948 2306 nolint,
2989 2253 3049 2298 ut
3076 2260 3140 2298 ex
3176 2244 3397 2297 urbibus

1845 2334 2205 2403 expellantur,
2248 2348 2356 2402 quo
2402 2333 2455 2386 in
2487 2335 2685 2387 eremis
2716 2348 2835 2386 eam
2882 2333 3095 2387 vivendi
3132 2334 3397 2386 rationem

1845 2434 2267 2497 persequantur,
2308 2440 2471 2494 quam
2512 2424 2649 2489 sibi,
2686 2439 2791 2478 non
2826 2441 2889 2478 ex
2928 2426 3174 2489 veritate,
3214 2426 3302 2479 sed
3333 2442 3399 2479 ex

1847 2518 2058 2574 fallacia
2111 2525 2165 2572 et
2195 2533 2403 2571 morum
2448 2516 2812 2585 improbitate.
2854 2517 3182 2571 conﬁnxere.
3218 2517 3402 2583 Neque

1847 2614 1989 2668 enim
2022 2613 2075 2666 in
2120 2623 2304 2665 eremo
2345 2618 2563 2679 propter
2611 2608 2805 2661 animae
2835 2610 3067 2662 salutem
3102 2608 3403 2662 habitavis-

1844 2712 1988 2766 settt,
2013 2703 2057 2757 si
2082 2702 2224 2756 hanc
2247 2701 2424 2768 reipsa
2458 2699 2763 2755 necessario
2792 2702 3116 2763 tenuissent,
3144 2700 3207 2753 ad
3236 2702 3404 2755 urbes

1845 2796 2107 2851 accedere
2143 2808 2251 2847 non
2284 2792 2557 2847 concessi.
3184 2777 3193 2789 ³

1915 2973 2165 3029 ZONAR.
2201 2973 2494 3041 Antiqttum
2529 2972 2632 3025 Itoc
2662 2972 2860 3025 malum
2892 2981 2995 3032 est,
3029 2972 3080 3024 itt
3117 2970 3399 3023 hominum

1846 3070 2158 3141 pectoribus
2199 3067 2269 3121 ab
2309 3067 2427 3135 ipso
2475 3066 2739 3118 malorum
2794 3065 3037 3118 omnium
3077 3073 3301 3117 auctore
3344 3069 3403 3118 et

1850 3172 2067 3231 parente
2091 3161 2522 3216 disseminatum.
2550 3156 2689 3210 Olim
2717 3171 2933 3226 quoque
2965 3155 3128 3223 igitur
3158 3171 3263 3208 non
3296 3157 3386 3207 de-

1849 3255 2015 3318 fuere,
2048 3255 2138 3323 qui
2174 3254 2329 3319 nigro
2360 3252 2583 3311 amictu,
2616 3262 2883 3315 comaque
2925 3260 3267 3315 nequaquam
3305 3246 3401 3298 dc-

1847 3354 2025 3410 tonsa,
2057 3344 2150 3399 sed
2184 3344 2235 3396 in
2264 3343 2544 3395 cincinnos
2578 3339 2731 3407 plexa
2768 3350 2819 3391 et
2860 3338 3080 3398 intorta,
3115 3338 3167 3391 itt
3204 3344 3391 3405 pectus

1849 3438 2213 3503 ltumerosque
2242 3433 2529 3495 deﬂuente,
2566 3432 2638 3484 ita
2672 3430 2886 3483 demum
2924 3429 3084 3482 urbes
3114 3429 3403 3497 pervolita~

1847 3537 1989 3592 rent,
2017 3536 2213 3581 etcum
2241 3524 2397 3577 laicis
2422 3522 2551 3575 viris
2576 3522 2778 3591 pariter
2799 3536 2861 3574 ac
2890 3519 3125 3577 feminis.
3153 3535 3256 3572 non
3283 3520 3401 3573 sine

1850 3621 2047 3691 injuria
2079 3619 2389 3672 monasticze
2418 3615 2769 3686 professionis
2804 3629 2866 3667 ac
2899 3612 3154 3675 instituti,
3184 3611 3401 3664 assidite

1848 3719 2207 3768 versarentur.
2245 3708 2351 3763 Eos
2403 3708 2566 3776 igitur
2609 3706 2857 3759 homines
2898 3703 3123 3756 detonsa
3158 3716 3309 3755 cauta
3347 3702 3417 3753 in-

1849 3805 2180 3858 monasteria
2212 3800 2431 3861 deduci,
2464 3798 2646 3865 ibique
2676 3811 2799 3849 cunt
2842 3793 3123 3846 monachis
3147 3791 3401 3858 degentes

1849 3898 2037 3951 eadem
2066 3895 2187 3949 vita:
2210 3894 2391 3947 munia
2432 3890 2583 3944 obire
2617 3906 2631 3941 :
2664 3887 2806 3958 quod
2836 3886 2879 3940 si
2919 3886 3025 3939 ltoc
3055 3898 3159 3937 non
3189 3884 3396 3944 volunt,

1859 3992 2082 4042 omnino
2143 4003 2206 4041 ex
2251 3985 2478 4039 urbibus
2520 3981 2755 4046 extrudi,
2792 3994 2856 4033 ac
2900 3979 2955 4032 in
2990 3975 3209 4037 eremis,
3243 3975 3405 4045 209

1853 4081 1997 4135 unde
2039 4078 2383 4133 eremitarum
2420 4074 2521 4129 sibi
2588 4073 2781 4126 falsum
2825 4084 3021 4123 nomen
3071 4070 3402 4127 asciverant,

1853 4171 2080 4240 relegari
2124 4169 2363 4238 synodus
2394 4165 2570 4235 jubet.
2607 4163 2718 4216 Nec
2763 4162 2907 4214 enim
2946 4174 3142 4212 nomen
3177 4157 3305 4211 illud
3336 4171 3398 4209 ex

1853 4279 1983 4317 vero
2007 4263 2254 4325 ductum,
2296 4258 2389 4312 sed
2425 4255 2567 4326 quod
2602 4253 2827 4308 sibimet
2878 4253 2979 4320 ipsi
3028 4251 3167 4304 falso
3197 4248 3405 4303 indide-

1854 4363 1998 4412 rant.
2038 4367 2161 4406 cum
2213 4350 2400 4404 habitu
2432 4345 2679 4401 mendaci
2722 4358 2914 4397 nomen
2955 4356 3171 4411 quoque
3222 4341 3403 4394 ﬁctum

1855 4446 2113 4501 habuere.

186 4533 414 4587 ΔΡΙΣΤ.
462 4548 481 4583 ι
518 4533 877 4601 Μελανείμων
938 4531 1033 4585 καὶ
1116 4533 1499 4603 ἀκερσεκόμης
1550 4531 1743 4603 ἐρημί-
1772 4527 1860 4593 Di

1728 4560 1743 4570 -
1772 4527 1821 4585 D
1846 4534 2068 4593 ARIST.
2106 4552 2124 4586 ι
2157 4533 2390 4586 Eremita
2410 4530 2582 4598 nigris
2606 4526 2849 4581 vestibus
2871 4522 3116 4586 indutus,
3140 4529 3195 4575 et
3217 4533 3402 4574 comas

267 4644 287 4676 ε
332 4641 454 4689 της,
494 4626 541 4676 εί
582 4622 658 4693 μὴ
687 4624 1003 4693 κειρόμενος
1033 4624 1452 4691 ἐγκαταλέγοιτο
1480 4624 1559 4693 τῷ
1588 4625 1751 4693 μόνα·

267 4734 287 4766 ε
338 4716 565 4785 στηρίῳ,
596 4716 695 4786 τῆς
726 4715 935 4777 πόλεως
964 4714 1368 4769 ἀπελαυνέσθω.
1407 4733 1427 4766 ι

264 4810 328 4859 Οἱ
361 4806 459 4867 τὰς
490 4806 673 4869 πόλεις
709 4805 1143 4875 περιτρέχοντες,
1166 4804 1241 4867 ὡς
1269 4804 1432 4873 δῆθεν
1469 4806 1748 4875 ἐρημῖται,

193 4900 293 4952 καὶ
328 4899 427 4961 τὰς
451 4896 691 4965 κεφαλὰς
719 4896 1021 4964 κομῶντες,
1075 4897 1172 4949 καὶ
1209 4895 1747 4965 μελανειμονοίωτες.

188 4993 222 5060 ἢ
265 4992 345 5052 εἰς
370 4990 727 5058 μοναστήριον
745 4986 1207 5055 εἰσερχέσθωσαν,
1229 4985 1325 5049 τάς
1344 4985 1537 5055 τρίχας
1566 4986 1747 5055 κειρό-

193 5099 370 5152 μενοι,
407 5080 505 5134 καὶ⁸
530 5080 593 5132 τὸ
617 5079 803 5148 σχῆμα
828 5078 938 5130 τῶν
964 5076 1168 5131 λοιπῶν
1210 5076 1461 5147 μοναχῶν
1495 5076 1751 5145 ἀναδεχό-

192 5186 369 5242 μενοιο
405 5169 442 5240 ἢ
477 5172 525 5222 εί
559 5168 634 5239 μὴ
662 5167 819 5222 τοῦτο
870 5166 1147 5237 αἱροῦνται
1169 5208 1186 5232 ,
1243 5166 1354 5218 τῶν
1410 5166 1615 5218 πόλεων
1644 5167 1749 5218 άπ-

188 5260 625 5322 ελαυνέσθωσαν,
666 5259 755 5312 ἴνα
803 5258 963 5329 μὴτὸ
990 5257 1206 5326 οίκεῖονί
1245 5254 1568 5325 ἐπάγγελμα
1616 5256 1747 5308 καθ-

190 5352 494 5421 υϐρεζωσιο
538 5352 630 5403 καὶ
662 5350 756 5412 τὰς
787 5350 1025 5422 ἐρημίας
1069 5348 1408 5412 οίκείτωσαν,
1441 5348 1498 5413 ἐξ
1548 5342 1623 5400 ῶν
1652 5346 1748 5400 καὶ

186 5445 292 5512 τὴν
320 5441 636 5511 ἐπωνυμίαν
663 5431 981 5508 ἐκτήσαντο.

1911 4645 1929 4678 ι
1967 4642 2073 4679 non
2103 4625 2385 4684 detonsus,
2422 4621 2524 4674 nisi
2559 4619 2823 4673 detonsus
2855 4615 3189 4671 monasterio
3227 4613 3403 4665 inclu-

1923 4739 1941 4771 ι
1984 4720 2163 4785 datur,
2199 4718 2332 4770 urbe
2362 4714 2687 4780 expellatur.
2729 4729 2748 4762 ι

1921 4811 2024 4876 Qui
2065 4808 2228 4862 urbes
2273 4813 2623 4875 percurrunt,
2682 4812 2740 4856 ut
2784 4801 2995 4856 scilicet
3042 4798 3305 4860 erentitae,
3350 4807 3405 4851 et

1850 4904 2082 4972 capitum
2110 4913 2321 4953 comam
2347 4896 2619 4960 nutriunt,
2637 4902 2692 4949 et
2717 4894 2887 4963 nigris
2912 4891 3209 4946 induuntur
3234 4888 3404 4943 vesti-

1848 4995 1973 5055 bus,
2024 4991 2107 5045 vel
2158 4988 2551 5043 monasterium
2604 4985 2992 5055 ingrediantur.
3031 4981 3261 5051 capillos
3308 4979 3406 5032 de-

1849 5083 2013 5148 tonsi,
2054 5088 2109 5136 et
2149 5081 2480 5149 reliquorum
2524 5076 2911 5131 monachorum
2960 5074 3201 5127 habitum
3233 5069 3405 5126 susci-

1850 5175 2083 5244 pientes,
2107 5172 2189 5225 vel
2217 5171 2261 5224 si
2292 5171 2391 5223 ltoc
2414 5182 2520 5222 non
2542 5167 2823 5235 elegerint,
2850 5165 3073 5219 urbibus
3093 5163 3402 5231 abigantur,

1853 5281 1920 5322 ne
1967 5261 2290 5333 professioni
2338 5275 2449 5314 sua:
2498 5258 2751 5325 injuriam
2802 5255 3003 5309 faciant
3051 5270 3065 5305 :
3109 5262 3165 5307 et
3192 5266 3404 5309 eretnos

1854 5354 2179 5419 inltabitent,
2206 5367 2236 5407 e
2273 5352 2469 5422 quibus
2506 5359 2562 5406 et
2592 5364 2789 5403 nomen
2824 5347 2998 5401 sortiti
3035 5354 3184 5401 sunt.

1410 5551 1605 5615 Guill.
1652 5555 1978 5635 Beveregii
2004 5564 2190 5618 notae.

261 5660 376 5731 (28)
401 5660 509 5714 Kal
559 5659 683 5725 τοῖς
731 5658 1017 5731 ἀδελφοῖς
1081 5654 1626 5731 ἐγκαταλέγεσίζαι..
1652 5652 1734 5731 Ita
1840 5658 1935 5727 [ναι

1726 5674 1734 5709 ι
1840 5658 2094 5727 fratribus
2123 5655 2369 5731 Aine-ludi,
2409 5654 2513 5711 viz.
2558 5655 2611 5709 in
2655 5654 2998 5716 monasterio,
3043 5650 3107 5706 tle
3171 5666 3275 5720 quo
3316 5650 3400 5705 hic

188 5722 412 5805 quidem
435 5745 630 5805 omnes
653 5722 839 5805 legunt
861 5722 1102 5805 codices,
1120 5722 1313 5805 praeter
1342 5722 1731 5805 Ainerbacbia-

193 5795 349 5869 nuta,
394 5800 487 5872 qui
533 5798 658 5870 legit
704 5795 1192 5869 ἱγκαταλέγεσθαι.
1238 5795 1305 5853 Ut
1331 5809 1494 5851 sensu
1527 5796 1599 5849 sit
1628 5810 1734 5849 una

1840 5744 2021 5787 seruio
2052 5728 2300 5785 habetur.
