4240 6442
821 398 918 461 6'71

2060 398 2332 463 THEOD.
2372 401 2772 467 BALSAMON

3930 401 4045 465 672

818 508 993 571 fessi,
1057 524 1085 561 a
1143 519 1401 577 suscepto
1458 508 1689 563 consilio
1745 509 2133 578 propositoque
2194 519 2377 579 postea
2409 516 2492 573 Δὶ

2364 526 2377 564 I
2409 516 2452 573 Δ
2483 515 3012 585 ἐπαγγειλαμένους,
3048 517 3144 569 καὶ
3199 516 3274 585 μὴ
3319 513 3662 583 φυλάξαντας
3713 512 3816 581 τὴν
3842 512 4038 583 ὁμολο-

818 599 1165 653 desciveriut.
1195 599 1418 668 Magnus
1446 608 1622 652 autem
1647 599 1881 654 Basilius
1907 602 1958 653 in
1984 616 2189 654 canone
2219 615 2380 654 sesa-

821 691 1049 758 gcsimo,
1087 689 1161 742 ait
1203 707 1217 744 :
1264 689 1395 756 Quae
1429 692 1627 744 mulier
1657 691 1986 761 virginitatis
2017 700 2203 746 votum
2238 710 2381 748 nun-

820 780 1061 847 cupavit,
1100 790 1153 833 et
1184 780 1342 833 iidem
1378 781 1487 833 voti
1534 794 1639 832 non
1691 783 1871 843 solvit,
1911 795 1972 833 ea
2004 781 2378 835 adulterorum

822 887 1011 939 pmnas
1042 874 1170 926 luet.
1205 871 1347 926 Idem
1372 872 1437 924 ab
1460 887 1522 925 eo
1548 870 1613 925 de
1644 874 1925 927 monachis
1953 889 2171 942 quoque
2194 876 2382 930 decre-

822 974 956 1017 tum.
998 964 1092 1018 llic
1141 976 1319 1017 autem
1368 980 1564 1028 canon,
1625 966 1670 1019 si
1726 968 1847 1033 quis
1900 971 2203 1020 monachus
2255 984 2376 1022 cum

826 1058 1052 1108 muliere
1087 1056 1462 1123 deprehensus
1514 1056 1698 1117 luerit,
1750 1056 1922 1109 sibive
1959 1056 2214 1110 feminam
2267 1074 2381 1111 ma-

824 1149 1084 1201 trimonio
1120 1149 1405 1216 copularit,
1472 1148 1720 1209 multam,
1751 1148 1951 1215 inquit,
1988 1150 2381 1203 scortatorihus

826 1241 1176 1293 constitutam
1222 1240 1515 1309 persolvat.
1564 1240 1738 1306 Atque
1780 1239 1926 1291 hunc
1960 1240 2174 1309 quidem
2217 1230 2379 1296 cano-

829 1346 974 1390 ncm,
1014 1331 1209 1398 quippe
1244 1341 1363 1398 post
1396 1331 1534 1382 alios
1571 1330 1800 1386 editum.
1830 1346 1891 1384 ex
1934 1333 2185 1387 omnibus
2228 1334 2377 1387 arbi-

826 1432 939 1475 tror
971 1423 1334 1475 retinendum.

825 1533 1049 1587 AlllST.
1101 1552 1118 1582 ι
1161 1533 1456 1588 Monachus
1493 1534 1841 1593 matrimonio
1884 1538 2249 1609 coniunctus,
2286 1546 2379 1593 aut

997 1646 1015 1678 ι
1059 1625 1380 1686 fornicatus.
1415 1643 1605 1696 poenas
1635 1628 1989 1685 fornicatoris
2016 1632 2148 1685 luat.
2193 1650 2211 1684 ι

898 1736 1155 1805 ίΕιμιιιιρε
1186 1753 1377 1806 ρωπος
1405 1741 1553 1792 dabit
1584 1742 1905 1806 monachus,
1938 1742 2052 1797 sive
2081 1743 2380 1799 fornicatus

2483 608 2633 673 γίαν.
2695 609 2753 660 Ὀ
2781 610 2836 661 δὲ
2872 609 3047 674 μέγας
3093 607 3376 667 Βασίλειος
3418 609 3476 657 ὲν
3526 607 3709 659 κανόνι
3756 605 4045 675 ἑξηκοστῷ

2483 715 2667 769 φησιν’
2713 700 2775 751 Ἢ
2820 698 3119 765 παρθενίαν
3149 698 3552 767 ὁμολογήσασα,
3600 698 3694 751 καὶ
3726 698 4043 751 ἐκπεσοῦσα

2480 789 2578 855 τῆς
2595 789 2909 856 ὁμολογίας,
2944 790 3037 841 τὸν
3082 790 3273 857 χρόνον
3320 788 3412 841 τοῦ
3464 790 3742 857 ἐπιτιμίου
3780 790 3884 857 τῆς
3922 806 4035 855 μοι·

2480 881 2632 949 χείας
2664 880 3007 949 ἐκπληρώσει
3032 897 3046 910 ·
3078 881 3279 948 ὁμοίως
3320 882 3414 932 καὶ
3463 882 3554 932 ἐπὶ
3586 881 3860 949 μοναχῶν.
3905 882 3967 931 '0
3992 880 4044 930 δέ

2483 973 2673 1042 παρὼν
2704 973 2883 1028 κανὼν
2925 974 3003 1044 τῷ
3029 974 3136 1024 τῶν
3173 974 3547 1043 πορνευόντων
3592 974 3854 1042 ἐπιτιμίῳ
3909 975 4039 1025 ὕπο-

2478 1060 2662 1117 6ἀλλεί
2717 1065 2808 1117 τὸν
2858 1065 2948 1116 ἐπὶ
3001 1064 3227 1134 πορνείᾳ
3290 1065 3484 1117 ἁλόντα
3518 1067 3771 1134 μοναχὸν,
3801 1065 3834 1131 ἢ
3870 1067 4048 1131 γάμον

2480 1156 2752 1225 ἑλόμενον.
2784 1155 2954 1226 Οἶμαι
2983 1157 3163 1210 τοίνυν
3186 1157 3277 1209 τὸν
3312 1158 3511 1210 κανόνα
3546 1157 3735 1211 τοῦτον
3765 1158 3878 1207 δεῖν
3912 1157 4047 1225 μᾶλ-

2481 1249 2573 1303 λον
2613 1252 2856 1320 κρατεῖν,
2884 1249 2956 1312 ὡς
2985 1250 3094 1301 τῶν
3125 1249 3299 1303 ἄλλων
3327 1251 3807 1318 μεταγενέστερον.

2480 1541 2697 1595 ΑΡΙΣΤ.
2776 1558 2794 1591 ι
2826 1530 3070 1607 Mox/17b;
3126 1538 3485 1606 ζευγνύμενος
3541 1538 3573 1606 ἢ
3626 1535 3907 1606 πορνεύων
3966 1537 4048 1588 δε-

2557 1652 2576 1685 s
2622 1632 2801 1701 χέσθω
2825 1631 2884 1684 τὸ
2907 1630 3001 1684 τοῦ
3032 1632 3387 1701 πορνεύοντος
3410 1630 3701 1699 ἐπιτίμιον.
3734 1648 3753 1678 s

2486 1713 2491 1719 ‘
2526 1768 2529 1769 ν
2562 1748 2787 1818 Ἐπίσης
2814 1749 2842 1801 ὁ
2871 1747 3100 1817 μοναχδς
3128 1731 3611 1815 ἐπιτιμηθήσεται,
3646 1745 3747 1796 κᾶν
3803 1760 3865 1794 τε
3910 1762 4045 1809 πορ-

829 1825 1011 1890 Interit,
1068 1831 1182 1885 sive
1235 1830 1301 1883 ad
1358 1832 1685 1887 matrimonii
1733 1835 2174 1890 eummttnionem
2228 1838 2379 1890 uxori
2417 1858 2503 1914 ην

2371 1838 2379 1889 i
2417 1861 2455 1914 Β
2483 1839 2669 1908 νεύσῃ.
2695 1840 2797 1893 κᾶν
2828 1857 2888 1891 τε
2922 1840 3069 1910 πρὸς
3118 1836 3304 1907 γάμου
3331 1837 3621 1891 κοινωνίαν
3675 1836 3901 1904 γυναικὶ
3954 1853 4045 1886 συ-

829 1921 1176 1986 coujunctus.
1214 1923 1368 1991 211
1406 1922 1822 1977 Furnicatorum
1862 1936 2045 1980 autem
2096 1942 2252 1992 poena
2301 1937 2384 1983 est

830 2020 1034 2076 Septem
1078 2027 1365 2074 annorum,
1419 2013 1571 2081 juxta
1622 2014 2134 2084 quinquagesimum
2182 2031 2383 2070 nonum

833 2099 1015 2153 Basilii
1051 2102 1225 2170 magni
1252 2117 1511 2155 canoncm
1536 2121 1549 2167 ;
1577 2102 1715 2156 duos
1747 2119 1980 2172 namque
2011 2120 2181 2160 annos
2204 2106 2387 2171 deﬂet,

833 2192 976 2245 duos
1006 2192 1173 2246 audit.
1206 2193 1342 2246 duos
1372 2194 1762 2257 substernitur,
1790 2211 1957 2248 unum
1982 2210 2103 2250 cum
2138 2196 2387 2253 ﬁdelibus

834 2286 1110 2348 consistit,
1144 2293 1197 2337 et
1240 2294 1435 2337 octavo
1482 2284 1549 2337 ad
1592 2288 2029 2341 communionem
2061 2287 2387 2343 admittitur.

1401 2416 1627 2473 CANON
1671 2417 1830 2474 XLV.

896 2527 1159 2593 Quoniam
1216 2531 1605 2597 intelleximus,
1658 2536 1712 2589 in
1760 2537 2038 2592 nonnullis
2095 2535 2387 2589 mulierum

913 2639 932 2671 ι
971 2626 1335 2689 monasteriis,
1388 2627 1645 2682 mulieres
1693 2644 1814 2697 quas
1861 2644 2017 2683 sacro
2054 2628 2144 2682 illo
2186 2626 2388 2681 amictu

916 2730 935 2763 ι
974 2712 1148 2778 digna:
1182 2714 1468 2779 habentur,
1499 2717 1650 2785 prius
1678 2718 1874 2772 sericis
1896 2731 1950 2773 et
1978 2719 2159 2773 omnis
2181 2716 2394 2788 generis

920 2825 938 2857 ι
978 2806 1241 2869 νιιειίὶιιιε,
1289 2816 1549 2877 prmterea
1596 2818 1774 2864 autem
1823 2820 1878 2865 et
1925 2810 2143 2866 mundis
2174 2826 2309 2865 auro
2340 2824 2396 2869 et

913 2916 931 2947 ‹
973 2897 1201 2967 gemmis
1231 2898 1477 2964 variatis,
1502 2901 1571 2955 ab
1606 2900 1671 2955 iis
1700 2901 1791 2971 qui
1825 2901 1946 2955 illas
1974 2901 2203 2967 ducunt,
2238 2920 2398 2960 exor-

918 3006 936 3041 ι
978 2991 1117 3055 nari,
1160 2998 1214 3046 et
1249 2992 1331 3046 sic
1363 2991 1431 3045 ad
1478 2994 1649 3046 altare
1696 2994 2041 3057 accedentes,
2086 2996 2210 3049 exui
2245 3004 2397 3051 tanto

916 3099 935 3132 ι
971 3097 1132 3149 opum
1172 3091 1455 3151 apparatu,
1488 3093 1542 3138 et
1572 3084 1758 3139 statim
1793 3086 1847 3139 in
1884 3086 1994 3141 illis
2028 3087 2140 3141 lieri
2176 3087 2396 3143 habitus

917 3190 936 3222 ι
978 3172 1433 3237 benedictionem,
1473 3175 1704 3240 illasque
1750 3176 1904 3245 nigro
1940 3178 2136 3231 amictu
2183 3179 2334 3233 indui
2371 3197 2384 3231 τ
2418 3181 2460 3237 C

917 3282 934 3313 ι
975 3266 1266 3319 Statuimus
1293 3281 1358 3319 ne
1383 3266 1487 3320 hoc
1509 3265 1762 3336 deinceps
1789 3267 1899 3322 liat.
1925 3266 2111 3334 Neque
2138 3270 2284 3324 enim
2313 3270 2393 3325 fas

916 3374 935 3405 ι
974 3367 1077 3416 est,
1104 3366 1160 3409 ut
1189 3371 1309 3425 qum
1332 3357 1441 3426 jam
1475 3360 1691 3428 propria
1714 3359 1994 3415 voluntate
2028 3376 2242 3415 omnem
2274 3364 2396 3417 vitae

914 3464 935 3498 ι
974 3446 1362 3512 iucunditatem
1397 3448 1669 3518 deposuit,
1700 3460 1756 3504 et
1785 3466 1901 3505 eam
1932 3468 2053 3522 qua:
2083 3462 2165 3508 est
2195 3470 2394 3509 secun-

919 3557 938 3588 ι
981 3539 1105 3591 dum
1142 3538 1307 3592 Deum
1335 3540 1455 3594 vitae
1480 3543 1700 3608 agenda:
1728 3541 1992 3597 rationem
2023 3545 2264 3615 amplexa
2292 3555 2393 3610 est,

920 3649 938 3681 ι
983 3631 1259 3700 ﬁrmisque
1307 3647 1371 3686 ac
1414 3634 1699 3689 stabilibus
1751 3622 2053 3691 rationibus
2106 3653 2222 3690 eain
2267 3655 2398 3692 cou-

922 3741 936 3770 ι
979 3725 1232 3788 ίιιηιιονίι,
1268 3731 1322 3776 et
1353 3726 1423 3777 ita
1468 3724 1534 3777 ad
1580 3727 1977 3781 tuonasterium
2022 3730 2276 3793 accessit,
2307 3745 2399 3798 per

922 3832 940 3863 s
980 3823 1232 3867 ornatum
1263 3815 1570 3883 huiusmodi
1595 3818 2006 3885 corruptibilcm
2033 3828 2087 3873 et
2114 3820 2399 3882 caducum,

924 3924 943 3956 ι
981 3926 1039 3957 νει
1068 3921 1294 3976 quorum
1319 3907 1429 3973 jam
1460 3908 1628 3961 oblita
1658 3918 1777 3964 erat
1804 3909 1858 3963 in
1895 3912 2209 3966 memoriam
2246 3928 2400 3967 revo-

924 4018 940 4047 ι
978 4008 1103 4061 cut;
1140 4009 1194 4054 et
1221 4014 1286 4052 ex
1326 4015 1392 4054 eo
1429 4016 1628 4071 auceps
1658 4000 1936 4066 reddatur,
1961 4012 2042 4056 et
2066 4003 2183 4070 ejus
2223 4005 2401 4058 anima

926 4107 944 4139 ι
984 4092 1331 4155 perturbetur
1357 4093 1529 4146 instar
1549 4094 1941 4149 exundantium
1971 4093 2251 4158 ﬂuctuum,
2274 4096 2406 4148 huc.

926 4199 943 4228 ι
986 4194 1091 4246 que
1122 4190 1175 4234 et
1212 4181 1340 4235 illuc
1372 4183 1734 4247 versantium,
1769 4193 1828 4237 ut
1854 4200 1954 4239 nec
1982 4185 2242 4254 reliquam
2272 4201 2407 4239 nou-

930 4288 949 4316 σ
989 4284 1262 4337 nutuquam
1295 4273 1583 4342 Iacrymam
1614 4273 1917 4327 emittendo
1945 4274 2127 4328 cordis
2164 4289 2259 4341 per
2287 4290 2410 4329 cor-

931 4380 949 4410 ι
990 4377 1092 4427 pus
1120 4371 1593 4431 compunctiouem
1616 4365 1872 4419 ostendat
1901 4382 1917 4419 :
1945 4367 2038 4419 sed
2067 4374 2119 4417 cl.
2146 4366 2189 4420 si
2214 4369 2407 4435 exigua

932 4474 950 4504 ο
988 4456 1189 4524 aliqua,
1219 4468 1275 4511 ut
1300 4468 1383 4512 est
1404 4467 1853 4523 consentaneum,
1887 4460 2124 4531 lacryma
2154 4461 2404 4525 exilicrit,

929 4565 949 4595 ι
991 4562 1098 4599 non
1143 4550 1310 4617 magis
1347 4559 1566 4619 propter
1610 4550 1948 4606 alfectionem
1997 4526 2160 4620 quam
2210 4552 2407 4607 habent
2438 4526 2481 4581 θ

936 4655 956 4687 ‹
997 4646 1210 4707 propter
1247 4641 1685 4696 esercitatorium
1729 4652 2042 4707 certamen,
2076 4659 2238 4713 quam
2282 4660 2406 4714 pro-

931 4747 953 4779 4
992 4739 1169 4797 pterea
1192 4732 1333 4799 quod
1360 4732 1620 4787 mundum
1644 4742 1698 4787 et
1721 4735 1987 4789 mundana
2014 4749 2108 4789 seu
2130 4738 2407 4790 szecularia

2464 1931 2708 2000 ,ζευχθῇ.
2742 1929 2815 1983 Τὸ
2841 1930 2899 1982 δὲ
2944 1930 3218 1999 ἐπιτίμιον
3252 1928 3361 1980 τῶν
3406 1928 3777 1996 πορνευόντων
3804 1928 3865 1978 ὲν
3908 1926 4049 1977 ἑπτά

2485 2023 2638 2074 ἐστιν
2661 2022 2806 2075 ἔτεσι
2837 2022 2979 2075 κατὰ
3026 2021 3118 2074 τὸν
3148 2020 3518 2086 πεντηκοστὸν
3571 2018 3795 2070 ἔννατον
3847 2019 4052 2069 κανόνα

2484 2110 2578 2162 τοῦ
2632 2110 2874 2179 μεγάλου
2914 2109 3217 2162 Βασιλείου.
3271 2110 3373 2161 Δύο
3419 2110 3527 2178 γὰρ
3557 2108 3650 2176 ἐτη
3703 2107 4049 2175 προσκλαίει,

2486 2203 2582 2256 δύο
2629 2204 2918 2271 ἀκροᾶται,
2979 2201 3073 2255 δύο
3124 2202 3436 2263 ὑποπίπτει,
3503 2203 3562 2253 ἐν
3612 2202 3690 2253 ἑνὶ
3734 2200 4053 2252 συνίσταται

2487 2298 2596 2358 τοῖς
2631 2297 2860 2359 πιστοῖς,
2895 2295 2987 2348 καὶ
3011 2294 3089 2363 τῷ
3108 2295 3277 2364 ὀγδόῳ
3298 2295 3510 2365 δέχεται
3535 2295 3615 2357 είς
3646 2294 3959 2347 κοινωνίαν.

3049 2430 3284 2487 ΚᾹΝΩΝ
3352 2433 3488 2486 ME'.

2496 2564 2516 2599 ι
2575 2546 2794 2615 Ἐπειδὴ
2825 2546 3223 2619 μεμαθήκαμεν
3263 2546 3320 2597 ἔν
3368 2561 3481 2599 τισι
3526 2543 3863 2611 γυναικείοις
3895 2558 4057 2609 μονα-

2570 2660 2588 2690 t
2640 2639 2880 2707 στηρίοις
2937 2639 3033 2698 τὰς
3097 2637 3394 2706 μελλούσας
3470 2635 3566 2688 τοῦ
3628 2634 3779 2702 ίεροῦ
3839 2632 4058 2685 ἐκείνου

2570 2745 2588 2777 ι
2633 2724 3023 2789 καταξιοῦσθαι
3051 2725 3347 2796 σχήματος,
3381 2724 3649 2795 πρότερον
3671 2722 3931 2793 σηρικαῖς
3962 2721 4059 2772 καὶ

2569 2838 2587 2870 ι
2644 2819 2921 2881 παντοίαις
2960 2818 3195 2880 στολαῖς,
3233 2816 3313 2869 ἔτι
3353 2817 3458 2886 μὴν
3499 2815 3593 2868 καὶ
3634 2813 3891 2882 κοσμίοις
3922 2831 4059 2883 χρυ-

2572 2931 2591 2962 ι
2642 2910 2720 2979 σῷ
2769 2910 2866 2963 καὶ
2911 2909 3046 2980 λίθῳ
3096 2907 3540 2977 πεποικιλμένοις
3594 2906 3730 2973 (31),
3790 2904 3901 2957 sua
3954 2905 4060 2955 τῶν

2572 3020 2591 3052 ι
2637 3001 3027 3069 προσαγόντων
3060 2999 3231 3068 αύτὰς
3261 2997 3738 3067 περιστέλλεσθαι,
3781 2998 3883 3048 καὶ
3917 2995 4059 3047 οὕτω

2573 3110 2593 3131 ο
2636 3092 2713 3159 τῷ
2741 3090 3115 3161 θυσιαστηρίῳ
3139 3089 3488 3161 προσιούσας,
3514 3087 3939 3140 ὲκδιδύσκεσθαι
3963 3088 4061 3152 τὴν

2570 3206 2588 3238 ι
2640 3186 2909 3253 τοσαύτην
2959 3184 3058 3252 τῆς
3106 3182 3237 3251 ὕλης
3289 3182 3573 3251 ἀμφίασιν,
3620 3180 3976 3249 παραχρῆμά
4006 3196 4059 3231 τε

2571 3292 2591 3323 ι
2635 3271 2883 3338 γίνεσθαι
2935 3271 3023 3325 ἐπ’
3071 3271 3261 3333 αὐταῖς
3293 3270 3393 3341 τὴν
3440 3269 3535 3322 τοῦ
3580 3272 3867 3339 σχήματος
3910 3269 4061 3320 εὐλο-

2576 3385 2594 3416 ι
2641 3366 2767 3425 γίαν
2793 3406 2806 3429 ,
2842 3364 2934 3417 καὶ
2974 3364 3035 3416 τὸ
3076 3363 3247 3433 μέλαν
3287 3361 3457 3424 αὐτὸς
3506 3362 3709 3429 ἔνδυμα
3757 3361 4063 3428 ἀμφιέννυ⁸

2574 3472 2595 3506 s
2643 3454 2767 3506 σθαι
2795 3470 2808 3482 ·
2838 3454 3092 3523 ὀρίσομεν
3118 3452 3256 3505 ὥστε
3291 3453 3491 3520 μηκέτι
3522 3452 3629 3504 ἀπὸ
3652 3451 3747 3504 τοῦ
3776 3452 3878 3504 νῦν
3906 3453 4063 3504 τοῦτο

2574 3566 2593 3597 ι
2638 3546 2905 3613 γίνεσθαι.
2946 3546 3081 3599 Οὐδὲ
3131 3546 3240 3614 γὰρ
3295 3545 3486 3612 εὐαγὲς
3539 3544 3780 3613 ὑπάρχει
3821 3545 3930 3611 τὴν
3964 3545 4059 3613 ἥδη

2568 3656 2586 3687 ι
2636 3636 2723 3688 διὰ
2745 3638 2845 3705 τῆς
2871 3635 3077 3697 οἰκείας
3100 3636 3470 3704 προαιρέσεως
3499 3633 3855 3702 ἀποθεμένην
3883 3635 4063 3686 πᾶσαν

2574 3748 2592 3779 ι
2644 3732 2742 3796 τὴν
2790 3729 2885 3781 τοῦ
2938 3727 3056 3797 βίου
3090 3728 3452 3797 τερπνότητα,
3505 3727 3599 3780 καὶ
3653 3727 4062 3795 ἀσπασαμένην

2577 3841 2595 3869 ‹
2644 3822 2740 3889 τὴν
2781 3820 2921 3872 κατὰ
2963 3819 3097 3872 Θεὸν
3147 3819 3426 3871 πολιτείαν
3457 3860 3473 3882 ,
3529 3817 3622 3872 καὶ
3678 3817 4063 3887 βεϐαιώσασαν

2530 3932 2533 3937 τ
2581 3931 2597 3962 ι
2648 3912 2853 3982 ταύτην
2892 3913 3171 3982 λογισμοῖς
3206 3912 3502 3970 ἀκλινὲσιν,
3542 3911 3637 3963 καὶ
3663 3909 3812 3963 οὕτω
3844 3912 3927 3980 τῷ
3973 3927 4063 3979 μσ-

2583 4024 2601 4053 s
2649 4004 2924 4073 ναστηρίῳ
2960 4001 3399 4072 προσελθοῦσαν,
3431 4002 3585 4063 αὖθις
3632 4004 3713 4063 εἰς
3749 4004 4065 4071 ἀνάμνησιν

2581 4115 2600 4147 ι
2645 4097 2729 4148 52‘:
2753 4096 2842 4149 τοῦ
2873 4096 3118 4149 τοιούτου
3154 4095 3393 4166 φθαρτοῦ
3415 4113 3473 4148 τε
3502 4096 3596 4148 καὶ
3617 4097 3837 4165 ῥέοντος
3861 4096 4064 4162 κόσμου

2581 4205 2599 4237 ι
2647 4187 2842 4250 ἐλθεῖν,
2869 4179 2944 4239 ὧν
2972 4186 3074 4255 ήδη
3108 4188 3402 4256 ἐποιήσατο
3439 4186 3609 4255 λήθην
3642 4202 3655 4215 ·
3684 4186 3751 4237 ὲκ
3779 4186 3978 4238 τούτου
4010 4201 4064 4235 τε

2588 4295 2605 4327 ι
2652 4275 2955 4342 ἀμφίϐολον
2986 4275 3348 4343 καταστῆναι,
3397 4274 3491 4327 καὶ
3519 4274 3617 4343 τὴν
3666 4273 3854 4342 ψυχὴν
3905 4272 4066 4327 ἐκτα-

2587 4389 2605 4418 ι
2657 4367 2925 4437 ραχθῇναι
2984 4366 3147 4436 δίκην
3198 4367 3458 4436 κυμάτων
3509 4364 3923 4427 ἐπικλυξόντων
3980 4368 4067 4418 καὶ

2589 4476 2606 4508 ι
2650 4461 2713 4524 τῇ
2719 4458 2775 4510 δε
2798 4458 3020 4509 κάκεῖσε
3044 4454 3536 4523 περιστρεφόντων,
3560 4455 3634 4515 ὡς
3662 4454 3803 4523 μήτε
3832 4452 4068 4519 δάκρυον

2584 4566 2604 4599 ι
2651 4528 2796 4600 ἐστὶν
2821 4549 2909 4599 ὅτε
2939 4547 3123 4598 λοιπὸν
3153 4547 3405 4611 ἀφιεῖσαν
3434 4546 3525 4596 καὶ
3556 4543 3653 4614 τὴν
3682 4546 3739 4595 ὲν
3770 4547 3837 4613 τῇ
3880 4546 4071 4614 καρδίᾳ

2588 4661 2605 4691 σ
2649 4641 2738 4692 διὰ
2769 4637 2864 4691 τοῦ
2897 4638 3149 4708 σώματος
3180 4636 3475 4702 κατὰνυξιν
3507 4633 4066 4697 ὲπιδείξασθαι.“Αλλ’

2587 4752 2605 4784 ι
2651 4735 2698 4785 εἰ
2729 4734 2823 4784 καὶ
2848 4730 3019 4801 βραχύ
3043 4746 3118 4796 τι,
3148 4730 3223 4793 ὡς
3253 4728 3421 4793 εἰκὸς,
3453 4727 3793 4797 ὲκπηδήσειε
3832 4728 4066 4796 δάκρυον

2085 4909 2286 4971 Guill.
2318 4909 2650 4989 Beveregii
2675 4915 2859 4972 notua.

931 5058 1042 5125 (3|)
1098 5059 1375 5126 Κοσμίοις
1430 5058 1634 5126 χρυσῷ
1683 5056 1781 5110 καὶ
1827 5058 1972 5121 λίθῳ
2024 5056 2404 5125 πεποικιλμέ-

863 5147 1011 5195 νοις.
1048 5128 1159 5181 Vox
1196 5132 1418 5197 κόσμιος
1481 5130 1580 5181 hoc
1624 5129 1676 5182 in
1731 5129 1875 5197 loco
1915 5130 2051 5197 idem
2100 5127 2405 5194 signiﬁcare

863 5199 1255 5265 videtur,quod
1283 5195 1455 5250 Latini
1493 5199 1740 5250 mundum
1768 5195 2065 5250 muliebrem
2090 5197 2363 5265 appellant
2388 5211 2405 5249 :

861 5270 929 5322 de
954 5285 1062 5337 quo
1100 5265 1290 5327 Varro,
1326 5267 1549 5321 Mundus
1582 5265 1848 5323 muliebris
1867 5267 2062 5337 fictus
2112 5283 2143 5337 a
2178 5266 2393 5337 mundi-

865 5332 983 5391 tiaf
1016 5348 1232 5391 ornatus
1261 5338 1410 5407 quasi
1447 5339 1509 5389 ab
1540 5354 1627 5389 ore
1657 5347 1830 5389 natus.
1867 5332 2094 5407 VaraDe
2120 5336 2245 5404 ling.
2280 5333 2399 5397 Lat,

863 5408 904 5462 l.
940 5424 1012 5461 tv.
1047 5410 1113 5462 Et
1171 5404 1475 5461 lcx'civilis
1511 5423 1526 5459 :
1560 5407 1784 5458 Mundus
1837 5404 2102 5457 muliebris
2155 5415 2255 5466 est,
2302 5418 2403 5470 quo

867 5481 1054 5530 mulier
1084 5479 1331 5530 mundior
1349 5478 1427 5543 ﬁt.
1451 5476 1797 5530 Continentur
1820 5490 1879 5526 eo
1913 5474 2140 5539 specula,
2165 5471 2400 5537 matular,

867 5560 1148 5613 unguenta,
1186 5564 1312 5599 uasa
1342 5546 1709 5613 unguentaria,
1749 5554 1795 5595 et
1828 5545 1875 5595 si
1910 5544 2248 5613 qua_similia
2297 5542 2405 5613 dici

867 5609 1102 5681 possunt,
1136 5618 1290 5669 ueluti
1336 5609 1551 5673 lauatio.
1580 5616 1765 5667 riscus.
1809 5609 1949 5667 sect.
1981 5611 2068 5671 10,
2103 5613 2138 5664 Ι.
2178 5627 2304 5674 xxv,
2342 5609 2399 5663 ﬂ'.

870 5684 946 5739 De
974 5700 1126 5746 auro,
1179 5694 1423 5755 argento.
1471 5682 1884 5755 Tertullianus;
1927 5681 2150 5733 Habitus
2193 5681 2400 5746 femina:

870 5756 1126 5813 duplicent
1158 5752 1377 5821 speciem
1430 5754 1768 5821 circumfert,
1798 5752 1995 5804 cultum
2032 5760 2081 5804 et
2135 5758 2397 5803 ornatum.

877 5823 1085 5895 Cultam
1106 5827 1346 5891 dicamus,
1368 5841 1516 5893 quem
1551 5822 1796 5879 mundum
1835 5821 2134 5876 muliebrem
2173 5830 2350 5875 vocant
2384 5836 2402 5875 .'

2508 5070 2773 5124 ornatum,
2808 5074 2957 5125 quem
2981 5055 3305 5109 immundum
3340 5053 3639 5106 muliebrem
3671 5053 3917 5125 convenit
3946 5051 4064 5125 dici.

2517 5131 2619 5185 Ille
2645 5122 2781 5182 enim
2814 5122 2867 5181 in
2912 5143 3046 5179 auro
3102 5135 3149 5177 et
3194 5135 3411 5192 avgenlo
3444 5133 3492 5175 ct
3516 5122 3730 5190 gemmis
3765 5131 3815 5174 et
3841 5124 4065 5174 uestibus

2515 5204 2797 5263 deputatur
2818 5211 2836 5249 :
2856 5200 2950 5250 iste
2979 5198 3032 5250 in
3062 5210 3192 5247 cura
3218 5194 3398 5259 capilli
3421 5205 3469 5246 et
3502 5192 3639 5263 cutis
3664 5199 3932 5263 et_ea_rum
3954 5207 4066 5263 pur-

2505 5260 2632 5324 tium
2657 5269 2907 5336 corporis.
2939 5282 3055 5336 quge
3077 5264 3250 5336 oculos
3272 5263 3505 5336 trahunt.
3530 5260 3868 5336 Tertull.__De
3907 5262 4064 5336 habit.

2510 5340 2729 5394 mulier.
2747 5328 2882 5406 "cap.
2917 5328 2971 5389 ι’.
2998 5333 3405 5406 ίΕιιιιιῙιιειῃοάὶ
3436 5328 3790 5406 sanemundi
3827 5330 3941 5406 sub
3979 5346 4065 5406 κοτ

2509 5409 2686 5477 σμίων
2746 5397 2969 5477 nomine
2995 5405 3106 5477 hic_
3143 5397 3478 5472 intelligendi
3512 5399 3810 5460 videntur;
3836 5397 4065 5477 Etiamsi

2510 5466 2613 5532 vox
2643 5477 2834 5531 Graeca
2865 5474 3044 5527 I‘arius
3094 5473 3203 5525 isto
3243 5466 3407 5524 sen'su
3470 5478 3787 5536 usurpetur.
3833 5467 3949 5521 Sed
3983 5466 4064 5517 κό-

2510 5564 2643 5616 σμος
2679 5562 2745 5600 eo
2776 5559 2938 5600 sensu
2978 5558 3007 5616 a
3032 5540 3604 5616 LXX_InteI_-pretihu_s
3621 5542 4065 5616 _usurpatur._ut

2552 5604 2583 5686 ἦ
2609 5604 2924 5686 ἐπιλήσεται
2943 5612 3125 5683 νύμφη
3154 5610 3244 5686 τὸν
3286 5604 3490 5686 κόσμον
3519 5606 3708 5686 αύτῆς.
3732 5604 3878 5686 Ιςτ..
3897 5623 3958 5668 ιι,
3982 5604 4063 5658 32.

2558 5674 2612 5738 αἱ
2646 5685 2722 5748 ὼς
2755 5674 3489 5754 ’νύμφηνᾶατεκόμησέήμε
3520 5674 3732 5747 κόσμῳ.
3771 5674 3883 5733 Isai
3949 5690 4060 5738 ut,
