4240 6442
158 409 265 474 673

240 545 260 576 ι
309 525 386 594 μὴ
428 525 624 595 μᾶλλον
658 525 756 592 τῆς
789 525 877 578 διὰ
923 525 1018 578 τὸν
1054 525 1348 595 ἀσκητικὸν
1385 528 1562 592 ἀγῶνα
1600 529 1713 580 δια⁶

249 632 269 663 ι
311 614 513 674 Θέσεως
543 614 702 682 χάριν
727 612 759 682 ἢ
782 614 871 666 διὰ
901 615 960 665 τὸ
987 615 1076 665 τὸν
1110 617 1309 681 κόσμον
1342 621 1432 666 καὶ
1462 619 1527 667 τᾶ
1555 619 1612 667 ὲν
1642 619 1718 687 τῷ

244 722 265 756 ι
313 707 505 774 κόσμῳ
550 706 889 763 καταλιπεῖν,
949 705 1095 774 παρὰ
1151 708 1262 767 τοῖς
1315 708 1513 775 ὁρῶσιν
1562 708 1720 761 τοῦτο

237 816 256 846 ι
303 795 576 864 παρελθὸν
598 796 935 864 λογισθῆναι.
967 817 985 848 ι

234 891 434 944 ΒΑΛΣ.
492 890 669 958 Ὅπερ
717 893 764 942 οἱ
798 890 932 943 θεῖοι
987 892 1228 962 Πατὲρες
1261 892 1460 961 ἔμαθον
1489 895 1610 946 τότε
1639 896 1718 957 εἰς

159 981 230 1031 τὰ
264 984 552 1046 γυναικεῖα
582 980 829 1047 γίνεσθαι
865 985 1198 1051 μοναστήρια
1223 1025 1237 1048 ,
1284 987 1374 1035 καὶ
1410 985 1718 1051 θεαρέστως

161 1073 467 1136 ἐκώλυσαν,
504 1075 661 1126 τοῦτο
688 1076 781 1127 καὶ
811 1074 905 1126 νῦν
939 1076 1145 1141 γίνεται
1177 1078 1324 1144 παρὰ
1357 1078 1467 1136 τοῖς
1503 1075 1720 1128 κελλιω-

161 1168 341 1227 τικοῖς
375 1168 468 1218 καὶ
500 1166 736 1234 μάλιστα
781 1166 1188 1234 μοναστηρίοις.
1218 1168 1330 1237 Τὴν
1359 1168 1467 1236 γὰρ
1497 1169 1719 1236 μέλλον-

163 1273 268 1309 σαν
291 1255 686 1324 ἀποκείρεσθαι
715 1253 1019 1317 στολίζουσι
1050 1255 1334 1323 νυμφικῶς
1389 1257 1527 1322 μετὰ
1566 1255 1713 1308 ἐνδυ-

165 1349 355 1414 μάτων
415 1346 725 1397 πολυτελῶν
770 1349 865 1397 καὶ
893 1347 1136 1412 κοσμίων
1191 1346 1377 1415 χρυσῷ
1412 1349 1504 1398 καὶ
1551 1346 1720 1408 λίθοις

166 1440 612 1509 πεποικιλμένων
660 1440 780 1492 κατ’
818 1439 988 1508 αὐτὴν
1042 1439 1142 1509 τὴν
1182 1440 1334 1511 ὥραν
1382 1440 1568 1507 σχεδὸν
1622 1443 1720 1511 τῆς

160 1535 546 1601 ἀποκάρσεως,
594 1531 690 1584 καὶ
717 1533 774 1583 ἐν
801 1531 877 1600 τῷ
902 1530 1014 1600 ναῷ
1043 1532 1247 1600 ταύτην
1277 1530 1421 1583 οὕτω
1445 1548 1720 1601 κεκοσμη-

165 1627 339 1691 μένην
385 1623 719 1687 εἰσάγουσι*
766 1623 862 1674 τοῦ
896 1623 949 1674 δὲ
1004 1623 1198 1691 καιροῦ
1249 1624 1571 1686 ἐπιστάντος
1621 1625 1720 1692 τῆς

161 1715 549 1781 ἁποκάρσεως,
598 1714 697 1783 τὴν
744 1713 844 1783 μὲν
882 1714 1116 1782 ματαίαν
1145 1713 1359 1782 ἐκείνην
1404 1715 1720 1782 ὲνδομενίαν

163 1807 259 1858 καὶ
309 1805 410 1873 τὴν
467 1805 733 1873 πολυτελῆ
795 1806 988 1874 στολὴν
1037 1807 1101 1857 ὲκ
1147 1807 1247 1872 τῆς
1300 1807 1719 1874 νυμφευομένης

161 1895 679 1957 απεκδιδύσκουσιν,
720 1894 923 1962 ἔνδυμα
959 1894 1016 1946 δὲ
1061 1894 1230 1962 μέλαν
1275 1900 1446 1965 ταύτῃ
1499 1912 1715 1965 περιτι-

162 1985 342 2037 θέασι.
373 1986 546 2038 Τοῦτο
566 1982 660 2038 οὖν
695 1985 944 2052 γίνεσθαι
976 1987 1010 2054 ὴ
1051 1985 1182 2051 ἁγία
1208 1985 1448 2037 ἐκώλυσε
1481 1986 1718 2050 σύνοδος,

161 2073 240 2134 ὼς
299 2073 702 2140 προτρεπτικδν
753 2073 1028 2142 κοσμικῆς
1074 2074 1385 2142 ἐπιθυμίας,
1433 2076 1527 2128 καὶ
1571 2075 1720 2145 παρὰ

160 2163 274 2214 τῶν
301 2162 605 2230 βλεπόντων
632 2164 1204 2233 καταγινωσκόμενον.
1255 2165 1342 2226 Ὦς
1377 2163 1521 2218 ἔοικε
1550 2165 1627 2229 δὲ,
1659 2168 1718 2218 οὐ

159 2255 229 2307 δι’
263 2254 391 2308 ἄλλο
415 2272 467 2307 τι
492 2257 801 2324 παρορᾶται
820 2255 881 2306 τὸ
899 2255 1140 2308 τοιοῦτον
1167 2256 1506 2327 σωτηριῶδες
1537 2257 1722 2311 θέσπι-

162 2363 302 2416 σμα,
331 2347 446 2398 ἀλλ’
468 2348 500 2416 ἦ
527 2348 612 2399 διὰ
634 2348 692 2399 τὸ
712 2346 786 2415 μὴ
812 2347 1114 2414 ἐπάγεσθαι
1145 2347 1363 2400 κόλασιν
1392 2350 1505 2412 τοῖς
1530 2351 1717 2403 τούτου

160 2438 629 2505 καταφρονηταῖς.
686 2437 841 2505 Ἐμοὶ
873 2438 928 2488 δὲ
961 2437 1107 2488 δοκεῖ
1140 2446 1221 2490 οτι
1267 2441 1467 2501 πάντες
1512 2441 1562 2492 οἱ
1599 2443 1722 2508 τοὺς

162 2531 398 2590 κανόνας
431 2527 864 2595 παραϐαίνοντες
895 2527 1036 2580 κατὰ
1063 2530 1124 2579 τὸ
1153 2529 1344 2582 δοκοῦν
1373 2531 1446 2598 τῷ
1473 2532 1724 2605 ἐγχωρίῳ

161 2621 453 2689 ἐπισκόπῳ
496 2620 976 2690 τιμωρηθήσονται
1021 2634 1036 2649 ⁰
1088 2621 1190 2672 κᾶν
1249 2622 1349 2672 οὐκ
1411 2621 1725 2695 ὲξεφωνήυη

162 2715 320 2780 παρὰ
357 2713 464 2763 τῶν
492 2715 732 2764 κανόνων
759 2711 816 2763 ἐν
845 2728 955 2764 τισι
985 2711 1045 2764 τὸ
1077 2706 1215 2774 εἶδος
1266 2713 1375 2764 τῶν
1405 2716 1722 2786 ἐπιτιμίων.

237 2803 484 2856 ΖΩΝΑΡ.
527 2803 743 2855 κωλύει
771 2806 799 2856 ό
829 2801 1012 2856 κανὼν
1043 2804 1142 2864 τὰς
1169 2805 1453 2875 κείρεσθαι
1503 2807 1725 2878 μελλού-

164 2912 272 2958 σας
319 2896 638 2964 κοσμεῖσθαι
698 2896 962 2965 πρότερον
1004 2895 1218 2964 στολαὶς
1272 2901 1677 2971 λαμπροτέραις
1707 2938 1724 2966 ,

165 2988 394 3056 χρυσοῖς
424 3004 479 3038 τε
516 2989 611 3038 καὶ
652 2986 842 3049 λίθοις,
896 2987 993 3041 καὶ
1045 2993 1187 3045 οὕτω
1237 2992 1315 3062 τῷ
1356 2992 1727 3062 θυριαστηρίῳ

168 3047 570 3148 προσάξεσθαι.
617 3047 914 3152 κάκεῖ
943 3085 1041 3153 μὲν
1077 3047 1347 3155 φλυαρίαν
1389 3047 1724 3153 denm};-

161 3167 410 3229 δύεσθαι.
448 3167 730 3226 ἐνδύεσθαι
760 3172 816 3225 δὲ
847 3176 915 3226 τὰ
951 3176 1223 3243 μοναχικὰ
1256 3176 1456 3244 ἄμφια,
1494 3177 1590 3226 καὶ
1626 3175 1727 3244 τὴν

160 3260 257 3311 ἐπ’
306 3259 492 3324 αὐτοῖς
539 3261 792 3331 εὐλογίαν
834 3265 1101 3332 γίνεσθαι,
1155 3268 1249 3318 καὶ
1293 3267 1473 3337 ὁρίζει
1528 3270 1724 3337 μηκέτι

162 3350 329 3408 τοῦτο
359 3355 628 3423 γίνεσθαι.
662 3355 816 3417 Ἦτις
834 3358 940 3425 γὰρ
963 3357 1243 3421 ἑκουσίως,
1269 3362 1454 3425 φησὶν,
1487 3359 1726 3410 ἀπέθετο

166 3447 237 3497 τὰ
265 3443 516 3512 βιωτικὰ,
550 3444 644 3495 καὶ
669 3444 954 3510 ἠσπάσατο
973 3444 1070 3506 τὴν
1099 3444 1238 3496 κατὰ
1265 3445 1399 3497 Θεὸν
1431 3445 1724 3510 πολιτείαν,

169 3537 268 3589 καὶ
294 3536 374 3605 τῷ
404 3535 748 3604 μοναστηρίῳ
781 3534 1108 3604 προσῆλθεν,
1146 3534 1285 3604 αὔτη
1312 3538 1392 3596 εἰς
1420 3536 1726 3605 ἀνάμνησιν

168 3623 325 3688 αὖθις
359 3626 577 3696 ἔρχεται
608 3624 707 3692 τῆς
739 3625 1006 3694 κοσμικῆς
1054 3626 1181 3694 ὖλης
1208 3643 1268 3676 τε
1295 3629 1388 3678 καὶ
1415 3629 1722 3696 τερπνότη-

167 3731 264 3777 τος
311 3714 402 3766 διὰ
438 3713 533 3766 τοῦ
582 3713 904 3783 κοσμεῖσθαι
947 3717 1060 3776 τοῖς
1108 3716 1362 3782 φθαρτοῖς
1413 3717 1510 3769 καὶ
1544 3720 1727 3788 ῥέουσι

171 3807 426 3874 κόσμοις,
459 3808 554 3858 καὶ
596 3807 1002 3875 ἑκταράσσεται
1033 3807 1132 3874 τὴν
1163 3807 1340 3878 ψυχὴν
1377 3811 1470 3877 τῆς
1503 3811 1726 3880 μνήμης

169 3897 282 3949 τῶν
313 3899 483 3966 ἡδέων
529 3896 624 3949 τοῦ
672 3897 878 3965 κόσμου
930 3900 1379 3967 ὲπεγειρομένης,
1424 3903 1517 3952 καὶ
1569 3902 1727 3971 δίκην

171 3987 438 4054 κυμάτων
465 3985 976 4054 καταδαπτιζούσης
997 3986 1165 4055 αὐτήν
1210 4003 1225 4017 ·
1261 3989 1350 4038 καὶ
1379 3987 1627 4042 τοσοῦτον
1654 3991 1727 4052 ὡς

172 4078 312 4148 μηδὲ
346 4077 640 4141 κατάνυξιν
665 4079 802 4146 αὐτῇ
830 4079 950 4127 τότε
983 4078 1394 4146 προσγίνεσθαι,
1420 4079 1486 4148 ἢν
1523 4096 1727 4150 τεκμη-

170 4170 358 4242 ριοῦσι
386 4169 452 4221 τὰ
473 4167 702 4237 δάκρυα.
731 4169 793 4220 Εἰ
818 4168 876 4220 δὲ
900 4168 991 4219 καὶ
1011 4167 1295 4236 δακρύσει,
1324 4170 1475 4238 φησὶ,
1506 4172 1728 4223 κακεῖνο

169 4263 283 4322 τοῖς
314 4260 513 4329 ὁρῶσιν
542 4258 839 4327 ἀμφίϐολον
877 4260 1144 4327 κρίνεται,
1190 4258 1302 4310 τῶν
1358 4259 1613 4312 πλειόνων
1642 4261 1729 4314 διὰ

166 4357 271 4419 τῆν
290 4351 383 4403 τοῦ
405 4352 606 4419 κόσμου
631 4353 883 4420 στέρησιν
920 4351 1013 4400 καὶ
1046 4349 1156 4401 τῶν
1188 4349 1354 4419 ἡδέων
1383 4350 1544 4403 αὑτοῦ
1584 4354 1729 4420 λογι-

172 4448 421 4511 ζομένων
456 4441 714 4513 δακρύειν
735 4442 924 4510 αὑτήν.

1213 419 1293 477 ΙΝ
1325 419 1485 479 CAN.
1519 421 1662 481 XLV
1704 422 1908 484 CONC.
1955 423 2034 484 ΙΝ
2077 425 2395 488 TliULLO.

1895 552 1912 584 ι
1955 537 2290 604 relinquant,
2343 553 2403 591 ea
2461 555 2488 591 a
2539 542 2842 597 videntibus
2901 547 3219 614 proﬂuxisse
3270 570 3368 619 pn—

1899 646 1915 676 ι
1955 638 2115 681 tctttr.
2156 645 2177 681 ι

1745 537 1787 591 Α

1891 889 2081 945 BALS.
2123 893 2274 959 Quod
2322 873 2623 952 didicentiiit
2659 900 2824 953 divini
2873 901 3055 957 Patres
3090 905 3141 956 in
3176 906 3364 958 mulie-

1820 994 1936 1032 rum
1973 981 2086 1034 ﬁeri
2121 986 2491 1049 monasteriis,
2535 999 2588 1041 et
2635 992 2718 1058 pie.
2771 1006 2832 1042 ac.
2867 1003 3051 1044 sancte
3104 996 3363 1060 prohibu-

1817 1083 2006 1133 erunt,
2079 1073 2177 1126 hoc
2235 1091 2376 1129 nunc
2439 1078 2518 1131 vel
2559 1081 2809 1134 mraxime
2875 1081 2932 1133 ﬁt
2988 1097 3015 1134 a
3072 1085 3367 1138 cellulariis

1820 1165 2178 1219 monasteriis.
2225 1166 2350 1221 Eam
2383 1171 2526 1222 enim
2567 1187 2686 1238 qua:
2729 1183 2809 1225 est
2855 1175 3144 1236 tondenda,
3196 1176 3368 1229 instar

1819 1272 2031 1324 sponsa!
2072 1260 2406 1327 sumptuosis
2436 1271 2488 1313 et
2530 1261 2832 1327 splendidis
2871 1264 3106 1316 vestibus
3143 1280 3278 1316 auro
3309 1282 3371 1318 ac

1801 1336 2039 1418 ’gemmis
2097 1352 2353 1412 variatis,
2419 1351 2470 1404 in
2521 1354 2638 1420 ipso
2690 1351 2804 1406 fere
2849 1364 3083 1408 tonsum
3130 1369 3372 1424 tempore

1819 1443 2067 1505 induunt,
2109 1452 2160 1496 et
2200 1460 2316 1498 eam
2348 1446 2427 1496 sic
2457 1456 2769 1499 exornatam
2806 1448 2858 1498 in
2888 1447 3143 1514 templum
3166 1450 3363 1501 tintrn-

1819 1535 2023 1587 ducunt
2050 1553 2062 1587 :
2097 1550 2218 1588 cum
2250 1545 2430 1588 autem
2460 1537 2623 1588 instat
2647 1546 2882 1590 tonsura:
2910 1546 3144 1605 tempus,
3179 1553 3368 1607 super-7

1818 1609 2136 1680 vacaneam'I
2165 1629 2310 1680 illam
2361 1637 2416 1681 et
2473 1637 2845 1696 sumptuosam
2899 1639 3100 1682 vestem
3155 1606 3380 1698 sponsa;

1817 1727 2039 1778 exuunt.
2089 1729 2141 1772 et
2188 1719 2331 1772 illam
2382 1719 2549 1786 nigris
2608 1719 2946 1772 vestimentis
2995 1719 3246 1773 induunt.
3291 1718 3368 1773 Ne

1820 1817 1998 1862 autem
2055 1810 2156 1863 hoc
2209 1809 2377 1870 fieret,
2430 1819 2615 1863 sancta
2670 1811 2947 1878 prohibuit
2997 1813 3260 1879 synodus,
3311 1821 3372 1864 ut

1820 1901 1960 1968 quod
1987 1911 2039 1953 et
2069 1901 2134 1953 ad
2171 1900 2354 1953 mundi
2394 1902 2740 1970 cupiditatem
2773 1904 2993 1964 excitet,
3023 1913 3076 1956 et
3111 1919 3136 1956 τι
3176 1903 3368 1957 viden-

1821 1992 1966 2045 tibus
1997 1990 2301 2044 damnetur.
2334 1991 2403 2046 Ut
2428 2002 2510 2045 est
2534 1999 2712 2045 autem
2741 1992 3051 2055 verisimile,
3072 2008 3177 2046 non
3208 1995 3366 2047 aliam

1819 2082 1887 2134 ob
1935 2096 2153 2136 causam
2202 2086 2570 2136 contemnitur
2625 2083 2726 2136 hoc
2779 2084 3014 2138 salutare
3065 2085 3366 2148 decretum,

1819 2187 1981 2241 quam
2029 2173 2169 2245 quod
2205 2174 2322 2243 ejus
2354 2174 2820 2243 conteniptoribus
2866 2177 3192 2246 supplicium
3231 2195 3370 2247 quo-

1819 2281 1924 2332 que
1952 2280 2057 2321 non
2091 2267 2252 2322 simul
2284 2267 2352 2320 ab
2398 2282 2462 2320 eo
2495 2267 2800 2321 inducatur.
2850 2268 2972 2321 Mihi
3009 2279 3188 2323 autem
3224 2272 3373 2323 vide-

1821 2365 1930 2421 tur,
1960 2359 2101 2426 quod
2129 2372 2340 2420 omnes,
2371 2357 2460 2427 qui
2494 2372 2732 2412 canones
2758 2358 3247 2428 transgrediuntur,
3274 2377 3373 2429 pro
3395 2359 3420 2406 ιί

1825 2451 2058 2518 regionis
2096 2451 2333 2519 episcopi
2386 2451 2648 2503 arbitratu
2697 2450 3010 2518 punientur,
3054 2451 3265 2504 etiamsi
3314 2453 3370 2505 in

1825 2541 2099 2596 nonnullis
2136 2555 2240 2594 non
2273 2541 2432 2596 fuerit
2465 2557 2638 2611 genus
2673 2541 2925 2611 supplicii
2957 2541 3254 2598 canonibus
3278 2557 3372 2596 ex-

1826 2645 2095 2698 pressum.

1751 1879 1789 1931 Β

1893 2805 2140 2861 ZONAR.
2180 2805 2453 2866 Mulieres,
2486 2815 2773 2877 antequam
2808 2807 3156 2872 tondeantur,
3186 2809 3374 2878 splen-

1824 2899 1954 2954 dido
1983 2890 2208 2952 vestium
2260 2907 2540 2967 apparatu.
2580 2912 2817 2969 auroque
2864 2915 2925 2953 ac
2960 2901 3184 2969 gemmis
3228 2915 3368 2953 con-

1827 2994 2043 3063 spicuas
2090 2992 2151 3045 ad
2209 2991 2374 3044 altare
2435 2992 2681 3051 sistendi,
2744 2992 2926 3058 ibique
2983 2992 3071 3044 illa
3135 3001 3361 3044 ornatus

1828 3082 2091 3135 inanitate
2135 3081 2336 3143 exutis,
2395 3080 2692 3133 monastica
2749 3079 3060 3133 indumenta
3107 3079 3174 3134 de
3225 3094 3374 3133 more

1751 3186 2140 3266 cconsecrata
2203 3173 2466 3227 tribuendi
2533 3172 2980 3264 consuetudinem
3043 3173 3131 3226 hic
3193 3187 3370 3224 canon

1828 3267 2078 3327 damnat;
2116 3264 2274 3334 idque
2326 3265 2378 3317 in
2427 3273 2698 3332 posterum
2757 3263 2869 3317 ﬁeri
2925 3265 3146 3317 omnino
3204 3271 3372 3317 vetat.

1828 3356 1958 3409 Nam
2005 3369 2125 3422 qua:
2170 3355 2383 3418 mulier,
2432 3355 2626 3423 inquit,
2677 3354 2927 3407 oumibus
2978 3352 3144 3420 hujus
3193 3354 3372 3406 saeculi

1827 3447 1986 3502 rebus
2017 3463 2046 3499 a
2082 3461 2140 3499 se
2165 3455 2353 3514 sponte
2384 3444 2666 3507 abdicatis,
2697 3444 3115 3512 religiosumque
3157 3443 3372 3496 vivendi

1827 3537 2134 3593 institutum
2165 3547 2349 3588 secuta
2376 3534 2443 3587 ad
2474 3534 2860 3587 monasterium
2884 3541 3209 3595 accesserat,
3239 3533 3372 3596 haec,

1829 3619 1916 3680 ubi
1947 3641 2066 3679 sese
2094 3624 2236 3678 ﬂuxo
2261 3632 2315 3677 et
2345 3625 2548 3677 caduco
2571 3631 2765 3676 ornatu
2797 3630 3064 3691 comptam
3099 3632 3260 3690 atque
3281 3639 3376 3676 ex-

1830 3718 2026 3771 cultam
2085 3716 2250 3779 videt,
2301 3714 2695 3768 mundanarum
2743 3711 2982 3767 sordium
3031 3712 3376 3781 profanaequ

1831 3809 2117 3876 voluptatis
2146 3808 2341 3861 iterum
2367 3806 2724 3859 reviviscente
2756 3806 3035 3866 memoria,
3065 3817 3375 3857 commove-

1833 3907 1920 3950 tur
1952 3898 2134 3952 animu
2173 3912 2235 3949 ac
2270 3896 2633 3965 perturbatur,
2669 3902 3113 3961 terrenarumque
3143 3891 3380 3945 suavita-

1832 4000 1945 4044 tmn
1981 3989 2272 4042 identidem
2307 3987 2571 4039 subeunte
2600 3985 2994 4047 recordatione,
3019 3982 3173 4053 quasi
3200 3982 3379 4035 ﬂucti-

1831 4083 1934 4136 bus
1956 4080 2193 4134 vicissim
2222 4077 2598 4147 ingruentibus
2626 4076 2944 4130 absorbetur
2977 4092 2991 4129 :
3017 4089 3190 4144 usque
3223 4074 3378 4136 adeo,

1834 4181 1892 4225 ut
1915 4186 2014 4224 nec
2035 4167 2376 4238 compunctio
2390 4166 2631 4235 quidem,
2647 4180 2808 4235 quam
2827 4175 3091 4220 testantur
3111 4168 3378 4234 lacrylnze,

1834 4265 1882 4318 ei
1916 4263 2201 4317 excitetur.
2244 4258 2375 4312 Nam
2410 4258 2512 4312 etsi
2545 4259 2742 4328 aliquis
2773 4261 2957 4321 etiam,
2993 4257 3188 4326 inquit,
3219 4257 3380 4311 ﬂetus

1835 4355 2085 4416 exsistat,
2125 4352 2303 4405 dubias
2333 4359 2513 4403 tamen
2547 4349 2723 4404 adhuc
2754 4351 3089 4403 intuentibus
3133 4351 3381 4419 lacrynne

1840 4447 1946 4500 illa:
1971 4457 2026 4500 et
2052 4453 2316 4512 suspectae
2346 4449 2514 4508 sunt;
2542 4457 2680 4510 quas
2707 4442 2962 4494 nimirum
2991 4443 3231 4511 plerique
3261 4443 3384 4494 vitae

169 4541 455 4598 solutioris
500 4553 564 4592 ac
612 4550 826 4600 earum,
869 4534 1066 4606 quibus
1113 4537 1406 4592 carituram
1441 4553 1502 4595 se
1549 4540 1952 4606 animadvertit,
1984 4541 2310 4608 voluptatum
2377 4536 2649 4591 desiderio
2711 4552 2996 4607 expressas
3059 4552 3180 4592 esse
3241 4539 3388 4592 arbi-

183 4648 425 4690 trantnr.

167 4745 394 4803 ΑΡΙΣΤ.
455 4761 474 4794 ι
533 4743 647 4795 Οὐκ
697 4739 1064 4809 ἀμφιάσουτιν
1139 4741 1189 4794 οί
1254 4745 1429 4810 γονεῖς
1484 4746 1727 4815 σηρικοῖς

246 4859 265 4891 ι
313 4837 412 4906 τὴν
441 4830 806 4902 προελομένην
839 4829 1069 4899 μονάσαι
1093 4868 1110 4892 ,
1158 4831 1253 4884 καὶ
1286 4831 1426 4884 οὕτω
1453 4834 1513 4885 τὸ
1542 4833 1722 4903 σχῆμα

246 4952 265 4982 ι
317 4927 704 4996 περιθήσουσιν
730 4934 746 4949 ⁸
789 4921 1094 4990 ἀνάμνησις
1124 4922 1233 4992 γὰρ
1265 4924 1425 4976 τοῦτο
1453 4925 1543 4977 τοῦ
1574 4927 1725 4995 ῥέον-

250 5039 270 5070 ι
323 5035 413 5079 τος
443 5017 670 5082 κόσμου.
715 5030 734 5062 ι

239 5108 620 5166 Μανθάνοντες
655 5105 704 5156 οί
743 5101 985 5173 Πατίρες
1017 5102 1090 5167 ὥς
1118 5121 1268 5169 τινες
1293 5107 1401 5160 τῶν
1431 5108 1727 5175 γυναικῶν,

168 5205 270 5258 τοῦ
331 5195 616 5270 μοναδικοῦ
659 5194 1048 5258 καταξιοῦσθαι
1095 5197 1384 5265 μέλλουσαι
1429 5202 1725 5270 σχήματος,

170 5295 442 5365 πρότερον
479 5288 679 5359 σηρικά
713 5286 902 5356 ἱμάτια
923 5286 1317 5341 ὲνδιδύσκονται
1347 5293 1440 5343 καὶ
1469 5293 1728 5344 παντοίαν

170 5386 345 5453 ἄλλην
381 5381 575 5446 στολὴν
605 5377 792 5449 χρυσῷ
831 5376 927 5428 καὶ
956 5376 1126 5440 λίθοις
1158 5380 1586 5451 πεποικιλμένην
1624 5383 1729 5434 ὑπὸ

170 5476 284 5530 τῶν
320 5470 700 5541 προσαγόντων
732 5465 900 5530 αὑτὰς
925 5503 941 5529 ,
990 5469 1080 5520 καὶ
1128 5467 1270 5524 οὕτω
1320 5473 1725 5541 κεκοσμημέναι

1761 4749 1804 4804 D
1836 4743 1997 4812 212
2045 4737 2270 4794 ARIST.
2307 4758 2325 4791 ι
2363 4737 2618 4794 Parentes
2661 4756 2800 4805 eam,
2858 4755 2976 4808 qua:
3030 4740 3383 4794 monasticam

1906 4852 1925 4885 ι
1963 4835 2123 4887 vitam
2152 4831 2322 4898 eligit.
2358 4831 2546 4884 sericis
2581 4846 2686 4884 non
2729 4832 2974 4894 induent,
3009 4840 3062 4884 et
3103 4833 3182 4886 sic
3232 4833 3386 4886 habi-

1904 4943 1923 4975 ι
1960 4933 2072 4977 tum
2113 4922 2161 4976 ei
2197 4922 2634 4990 circutnponent.
2679 4921 2792 4975 Hoc
2842 4922 2984 4975 enim
3032 4932 3114 4976 est
3153 4923 3384 4978 labentis

1907 5035 1925 5068 ι
1965 5013 2147 5068 mundi
2179 5015 2231 5067 in
2265 5015 2501 5067 animum
2538 5013 2829 5066 revocatio.
2876 5031 2894 5064 ι

1903 5108 2090 5161 Patres
2123 5108 2500 5175 iutelligentes.
2528 5105 2672 5173 quod
2698 5106 2950 5159 mulieres
2974 5107 3237 5175 quaedam,
3260 5123 3382 5170 qua:

1834 5201 2131 5253 monastico
2183 5200 2383 5250 amictu
2429 5198 2697 5249 habentur
2736 5197 2944 5265 dignae,
2993 5211 3163 5264 prnno
3194 5199 3385 5251 sericis

1835 5267 2188 5355 vestimentis,
2232 5299 2285 5343 et
2315 5289 2420 5341 alio
2457 5289 2632 5340 omnis
2680 5289 2894 5357 generis
2929 5298 3150 5341 auro-et
3196 5290 3386 5356 lapidi-

1836 5383 1934 5434 bus
1970 5381 2247 5450 variegatu
2285 5379 2482 5432 amictu
2506 5419 2522 5443 ,
2556 5380 2624 5432 ab
2659 5379 2724 5432 iis
2758 5379 2848 5446 qui
2893 5393 2985 5432 eas
3029 5379 3384 5432 introducunt

1835 5473 2155 5538 induuntur,
2185 5484 2238 5526 et
2261 5474 2337 5525 sic
2363 5473 2510 5524 omni
2542 5469 2701 5523 modo
2732 5479 2936 5523 ornatae
2965 5470 3120 5522 altari
3149 5471 3384 5523 alterun-

1347 5602 1539 5664 Guill.
1577 5605 1902 5682 Beveregii
1932 5615 2120 5668 noue.

246 5736 359 5805 :32)
394 5729 572 5787 Τοῦτο
593 5725 890 5795 παρελθὸν
920 5725 1297 5794 λογισθῆναι.
1324 5725 1500 5781 Codex
1558 5728 1913 5783 Amerbacbia

1714 5728 2022 5785 'bachianus
2088 5733 2172 5785 hic
2227 5744 2322 5800 pro
2384 5730 2649 5800 παρελθόν
2725 5729 2927 5785 rectius
3005 5728 3131 5801 legit
3197 5726 3388 5799 προελ-

173 5809 310 5862 θεῖν.
