4240 6442
203 394 307 458 677

1198 390 1273 448 IN
1318 391 1483 449 CAN.
1529 391 1741 452 XLVII
1777 394 1983 455 CONC.
2017 396 2093 454 IN
2135 396 2451 455 TRULLO.

3320 399 3422 468 673

199 510 300 576 μὲν
359 503 614 572 γυναῖκες
668 501 807 570 μετὰ
865 501 1068 568 ἑτέρων
1120 498 1367 552 εὐλαϐὦν
1411 500 1762 569 μοναζουσῶν
1789 506 1873 565 At

1746 519 1762 552 ι
1789 506 1838 565 Α
1867 505 2218 566 necessitate,
2249 505 2408 572 idque
2432 504 2654 557 omnino
2683 514 2903 574 propter
2937 505 3216 560 muliebris
3256 513 3420 560 animi

197 595 519 666 ἐξέρχεσοαι
585 593 688 661 τῆς
741 593 908 663 μονῆς
957 593 1454 661 παραχωροῦνται,
1513 594 1757 662 ἀνάγκης

197 689 348 742 ἐστὶν
379 689 464 739 ὅτε
514 683 947 752 κατεπειγούσης
973 726 986 745 ,
1023 683 1239 746 πάντως
1264 683 1352 736 διά
1379 685 1441 736 τὸ
1473 684 1762 751 ὀλισθηρῆν

198 778 294 830 τοῦ
344 779 662 844 γυναικείου
715 779 1104 844 φρονήματος·
1136 774 1188 824 oi.
1244 774 1300 826 δὲ
1359 775 1584 844 μοναχοὶ
1639 775 1761 828 καθ’

201 871 430 930 ἑαυτοὺς
465 871 558 919 καὶ
591 868 785 935 μόνους
817 867 1013 918 ἀπίασι
1046 868 1164 935 μετ’
1193 866 1441 932 εὐλογίας
1467 869 1763 935 ήγουμενι-

200 961 302 1026 κῆς
334 959 446 1027 ὧι)
483 961 564 1017 εἰς
595 958 692 1016 τὰς
721 956 1156 1023 κατεπειγούσας
1181 955 1419 1017 δουλείας
1454 958 1546 1008 καὶ
1581 957 1758 1025 μόνον.

203 1050 391 1103 Ταῦτα
428 1051 484 1100 δὲ
518 1050 719 1109 πάντα,
753 1049 828 1110 ὡς
860 1050 978 1122 ἐμοὶ
1012 1048 1194 1108 δοκεῖ,
1227 1049 1352 1117 περὶ
1392 1049 1647 1099 ὑπόπτων
1675 1047 1762 1098 διά

198 1145 298 1212 τὴν
359 1144 588 1212 νεότητα
639 1142 926 1210 ὀφείλομεν
975 1142 1170 1203 εἰπεῖν,
1220 1140 1280 1192 οὐ
1333 1139 1442 1209 μὴν
1493 1139 1587 1191 καὶ
1634 1137 1762 1207 περὶ

200 1237 534 1287 ἀνυπόπτων
563 1233 650 1284 διὰ
685 1234 858 1302 γῆρας
891 1235 984 1286 καὶ
1016 1234 1238 1300 ἀρετήν.

272 1323 512 1378 ΖΩΝᾹΡ.
551 1325 661 1386 Τὰς
693 1321 1028 1392 μοναζούσας
1062 1322 1354 1390 ἀπροῖτους
1391 1319 1666 1388 βούλονται
1713 1318 1764 1371 oi

205 1417 449 1482 Πατέρες
483 1415 690 1480 διάγειν
717 1415 774 1464 ὲν
804 1416 868 1482 τῇ
908 1414 1068 1481 μονῇ.
1096 1412 1155 1463 Ei
1186 1412 1242 1462 δέ
1269 1424 1399 1463 ποτε
1425 1427 1506 1472 τις
1538 1412 1762 1478 γένηται

199 1504 576 1572 ἀπαραίτητος
603 1502 815 1571 ἀνάγκη
846 1501 1086 1566 ἐξελθεῖν
1127 1499 1224 1552 τοῦ
1262 1501 1624 1571 μοναστηρίου
1665 1516 1763 1585 ξέο-

201 1595 493 1657 νάζουσαν,
525 1595 618 1646 καὶ
652 1596 772 1646 τότε
809 1595 926 1663 μετ’
949 1593 1254 1663 ἐπιτροπῆς
1279 1596 1378 1663 τῆς
1410 1593 1762 1664 προεστὼσης

199 1689 524 1757 ὲξέρχεσθαι
579 1689 992 1750 διατάττονται,
1055 1689 1150 1740 καὶ
1203 1687 1336 1757 μηδὲ
1393 1687 1589 1755 μόνας,
1627 1685 1763 1737 ἀλλὰ

202 1786 442 1834 συνεῖναι
494 1783 687 1844 αὑταῖς
743 1783 832 1834 καί
885 1799 1037 1839 τινας
1091 1782 1202 1834 τῶν
1258 1782 1633 1851 γηραιοτέρων
1668 1780 1764 1833 καὶ

199 1873 600 1942 πρωτευουσῶν
633 1872 712 1941 τῷ
747 1889 804 1924 τε
840 1873 1018 1944 χρόνῳ
1051 1873 1141 1924 καὶ
1172 1874 1238 1942 τῇ
1273 1847 1463 1941 ἀρετῇ,
1503 1847 1593 1922 καὶ
1629 1869 1762 1939 μηδὲ
1795 1847 1836 1900 Β

201 1967 307 2030 ἔξω
355 1966 454 2034 τῆς
513 1965 676 2034 μονῆς
733 1964 832 2032 τὴν
887 1963 1056 2016 νύκτα
1088 1963 1297 2031 διάγειν
1333 1962 1512 2029 (τοῦτο
1544 1963 1649 2032 γὰρ
1702 1961 1764 2015 τὸ

198 2057 550 2126 ἐξωκοιτεϊν).
582 2058 684 2108 Καὶ
715 2057 765 2107 οἱ
797 2056 1033 2125 ἀσκηταὶ⁵
1061 2056 1140 2119 δὲ,
1168 2055 1333 2123 φησὶν
1367 2057 1394 2108 ὁ
1422 2053 1599 2106 κανὼν
1628 2055 1760 2122 (55),

196 2153 287 2202 ὅτε
325 2151 478 2219 χρεία
511 2167 596 2212 τις
633 2152 966 2216 κατεπείγει,
1007 2151 1125 2220 μετ’
1173 2149 1422 2217 εὐλογίας
1455 2148 1550 2201 τοῦ
1601 2150 1765 2217 mou-

200 2243 730 2310 μένουνὲξιέτωσαν.
767 2243 829 2294 Οἱ
881 2242 936 2292 δὲ
983 2241 1058 2311 μὴ
1105 2239 1246 2293 οὕτω
1300 2239 1600 2306 ποιοῦντες,
1658 2242 1764 2292 κᾶν

199 2335 416 2403 ἄνδρες,
451 2334 552 2386 κᾶν
586 2333 842 2398 γυναῖκες
874 2326 998 2397 ὦσι,
1031 2333 1353 2403 προσφόρως
1385 2332 1760 2400 ὲπιτιμάσθω-

197 2443 324 2488 σαν,
374 2425 495 2476 ἀντὶ
542 2424 635 2475 τοῦ
691 2425 828 2476 κατὰ
863 2423 961 2493 τὴν
986 2424 1217 2476 ἑκάστου
1250 2423 1490 2478 διάθεσιν
1519 2426 1548 2476 ὁ
1597 2439 1763 2492 προε-

199 2514 342 2575 στὼς
375 2515 556 2575 αὐτοῖς
604 2513 852 2578 ἐπαγέτω
882 2512 956 2564 τὸ
993 2513 1285 2582 ἐπιτίμιον,
1312 2513 1346 2583 ἢ
1381 2513 1764 2582 μαλακώτερον

198 2608 232 2673 ἦ
288 2605 661 2676 σφοδρότερον.
714 2606 838 2668 Τοῖς
891 2605 989 2675 μὲν
1020 2607 1128 2676 γάρ
1170 2604 1620 2674 ταπεινουμένοις
1669 2602 1764 2656 καὶ

205 2697 700 2767 μεταμελουμένοις
739 2698 831 2748 ἐπὶ
863 2697 939 2766 τῷ
971 2696 1249 2765 σφάλματι
1281 2695 1470 2765 ἀνήσει
1499 2697 1559 2746 τί)
1591 2696 1764 2746 ἐπιτί-

199 2803 353 2857 μιον,
383 2789 474 2840 καὶ
507 2790 723 2857 ποιήσει
755 2788 1086 2857 κουφότερον
1111 2803 1125 2818 ο
1162 2789 1272 2849 τοῖς
1306 2787 1364 2840 δὲ
1396 2786 1765 2855 σκληρυνομέ-

197 2894 316 2940 νοις
388 2880 479 2932 καὶ
529 2878 970 2947 ἀναιδευομένοις
1034 2879 1394 2950 ἐντονωτέραν
1464 2877 1620 2946 θήσει
1675 2878 1765 2929 καὶ

200 2970 513 3040 βαρυτέραν
560 2969 658 3037 τὴν
710 2971 1048 3040 ἐπιτίμησιν,
1108 2971 1201 3022 καὶ
1251 2970 1393 3021 οὕτω
1439 2971 1766 3041 προσφόρως

197 3060 422 3129 ἑκάστῳ
445 3062 786 3130 ἐπιτιμήσει.

198 3152 424 3204 ΔΡΙΣΤ.
454 3169 472 3202 ι
503 3157 613 3205 Οὐκ
643 3152 806 3214 ἔξεισι
838 3150 1118 3218 μονάσασα
1147 3149 1242 3219 τῆς
1278 3150 1443 3220 μονῆς
1473 3150 1521 3202 εί
1546 3149 1620 3220 μὴ
1647 3150 1765 3220 μετ’

283 3261 301 3293 ι
349 3243 598 3309 εὐλογίας
629 3247 725 3310 τῆς
755 3243 1131 3311 προεστώσης·
1159 3243 1255 3293 καὶ
1283 3241 1402 3294 οὐδὲ
1439 3243 1594 3312 μόνη,
1630 3243 1766 3294 ἀλλά

284 3351 302 3385 ι
353 3333 471 3402 μεθ’
527 3334 722 3402 ἐτέρας
776 3332 1154 3402 πρεσϐύτιδος.
1229 3333 1540 3395 Ἐξώκοιτος
1598 3334 1654 3386 δὲ
1705 3334 1768 3386 τὸ

282 3445 300 3476 ι
350 3423 610 3495 παράπαν
638 3424 699 3475 οὐ
727 3423 956 3491 γίνεται.
991 3424 1143 3474 Κατά
1173 3422 1338 3475 ταυτὺ
1392 3425 1485 3474 καὶ
1519 3424 1769 3492 μονάζων

285 3537 304 3571 ι
349 3520 397 3570 εί
436 3518 510 3588 μὴ
539 3515 656 3587 μετ’
687 3516 988 3586 ἐπιτροπῆς
1023 3515 1329 3585 ἡγουμένου
1361 3514 1461 3584 τῆς
1496 3516 1662 3585 μονῆς
1692 3517 1766 3586 μὴ

282 3631 301 3663 ι
349 3611 558 3674 eam).

277 3699 349 3749 Τὸ
385 3699 482 3767 μὲν
514 3696 694 3767 μεῖναί
739 3713 868 3748 ποτε
917 3696 1040 3748 καθ’
1079 3697 1378 3766 οίονδήτινα
1424 3697 1622 3766 τρόπον
1667 3695 1770 3761 ἔξω

196 3788 300 3841 τοῦ
360 3789 722 3859 μοναστηρίου
782 3791 1122 3860 μονάζουσαν
1176 3789 1457 3850 παντελῶς
1509 3790 1537 3840 ὁ
1591 3789 1769 3841 κανὼν

202 3880 558 3949 ἀπηγόρευσε
582 3894 595 3908 ⁸
630 3882 688 3931 τὸ
717 3880 772 3932 δὲ
801 3881 1047 3948 ἀνάγκης
1071 3881 1445 3950 ἀπαραιτήτου
1483 3895 1768 3950 παρεμπι-

201 3972 452 4041 πτούσης
509 3972 709 4037 ταύτην
756 3972 1076 4041 ὲξέρχεσθαι
1125 3976 1222 4041 τῆς
1262 3972 1431 4041 μονῆς
1463 3973 1602 4040 μετά
1631 3974 1768 4038 γνώ-

206 4082 319 4135 μης
347 4065 438 4116 καὶ
471 4062 720 4128 εὐλογίας
748 4065 846 4130 τῆς
880 4063 1256 4134 προεστώσης,
1307 4065 1401 4117 καὶ
1430 4060 1584 4126 αὖθις
1632 4065 1768 4115 ὐπο-

204 4152 489 4222 στρέφειν,
525 4153 618 4206 καὶ
653 4151 834 4220 μένειν
865 4155 923 4202 ἐν
957 4153 1120 4220 αὐτῇ,
1150 4152 1211 4202 οὐ
1268 4153 1598 4216 κεκώλυκεν,
1633 4153 1769 4205 ἀλλὰ

201 4244 494 4314 ἐπιτρέπει
527 4243 796 4312 γίνεσθαι.
840 4244 987 4312 Πλὴν
1015 4246 1107 4296 καὶ
1136 4246 1190 4296 ἐν
1219 4243 1391 4313 τούτῳ
1443 4244 1766 4314 προστίθησι

200 4336 269 4388 τὸ
308 4335 383 4404 μὴ
413 4334 581 4402 μόνην
617 4334 956 4403 ὲξέρχεσθαι,
993 4333 1129 4385 ἀλλὰ
1163 4335 1302 4402 μετά
1335 4350 1497 4386 τινων
1527 4339 1770 4404 πρεσϐυ-

201 4425 367 4478 τίδων
397 4427 488 4478 καὶ
517 4425 915 4493 πρωτευουσῶν
948 4425 1006 4477 ὲν
1037 4425 1115 4493 τῷ
1169 4424 1535 4494 μοναστηρίῳ.
1575 4422 1770 4478 Ὡσαύ-

1865 593 2228 648 lubricitatem
2277 605 2330 648 et
2381 597 2826 650 inconstantiam.
2863 595 3108 650 Mouachi
3157 613 3286 651 \ero
3331 615 3425 664 per

1861 699 1922 738 se
1955 695 2010 737 et
2042 686 2167 746 soli,
2205 701 2327 738 cum
2366 687 2594 740 rectoris
2622 687 3023 749 benedictione,
3065 689 3129 741 ad
3172 693 3423 757 urgentia

1861 776 2165 829 ministeria
2192 785 2244 828 et
2283 777 2456 830 solum
2491 779 2712 830 abeunt.
2757 776 2885 830 Hart:
2915 787 3094 831 autem
3125 779 3328 842 omnia,
3362 791 3422 833 ut

1863 867 1995 921 mihi
2022 869 2263 933 videtur,
2303 870 2531 924 dicenda
2567 870 2632 923 de
2669 871 2758 933 iis,
2793 873 2884 940 qui
2921 871 3419 941 propturjuventu-

1861 964 1969 1010 tem
2012 960 2247 1028 suspecti
2284 970 2410 1013 sunt
2446 979 2459 1012 :
2507 976 2613 1013 non
2648 972 2825 1014 autem
2865 963 2929 1015 de
2957 964 3045 1026 iis,
3075 965 3165 1031 qui
3203 975 3424 1033 prOpter

1863 1051 2074 1104 senium
2101 1058 2153 1105 et
2182 1055 2436 1106 virtutem
2474 1067 2501 1105 a
2535 1055 2852 1122 suspicione
2884 1063 3012 1107 sunt
3055 1056 3242 1108 aheni.

1933 1315 2093 1385 213
2117 1314 2364 1370 ZONAR.
2409 1315 2730 1369 Monialihus
2755 1327 2903 1369 extra
2940 1318 3253 1370 monasterii
3275 1326 3424 1385 septa

1862 1410 2176 1476 egrediendi
2218 1409 2531 1461 facultatem
2563 1424 2684 1461 esse
2736 1409 2924 1460 I’atres
2983 1419 3227 1460 vetuere.
3268 1407 3424 1472 Quod

1864 1501 1910 1555 si
1955 1502 2263 1555 necessaria
2292 1501 2524 1553 exetnnli
2557 1515 2725 1552 causa
2762 1501 3095 1568 quandoque
3145 1502 3422 1562 inciderit,

1872 1592 1924 1645 id
1960 1591 2178 1644 nonnisi
2216 1590 2482 1660 praefecti}:
2540 1590 2798 1644 facultate
2844 1591 3146 1659 impetrata,
3203 1608 3303 1645 nec
3344 1605 3425 1644 Ia-

1867 1698 1988 1735 men
2023 1682 2175 1741 solis,
2209 1683 2299 1734 sed
2349 1697 2560 1746 earum,
2589 1697 2709 1750 qum
2733 1697 2854 1736 cum
2904 1691 3062 1737 aetate
3108 1685 3426 1753 grandiores

1869 1781 1984 1826 tum
2022 1772 2266 1827 moribus
2297 1787 2406 1841 pra:
2459 1776 2672 1828 caeteris
2723 1775 2964 1842 probatae
3017 1775 3151 1837 sint,
3195 1776 3426 1828 honesto

1869 1869 2130 1919 comitatu
2191 1868 2382 1935 septis,
2421 1867 2582 1920 licere
2621 1867 2964 1931 decernunt;
3007 1874 3060 1920 et
3111 1877 3264 1919 extra
3301 1884 3418 1919 mo-

1869 1962 2171 2011 nasterium
2205 1957 2354 2010 nullo
2386 1958 2546 2010 modo
2600 1965 2922 2026 pernoctent
2979 1959 3052 2027 (ul
3089 1956 3231 2012 enim
3260 1960 3424 2012 verbo

1869 2051 2179 2116 ὲξωκοιτεῖν
2231 2052 2387 2116 plane
2440 2050 2785 2104 iudicatum).
2850 2050 2954 2104 Sed
3009 2053 3256 2104 monachi
3287 2069 3428 2120 quo-

1868 2159 1995 2212 que,
2037 2142 2436 2210 inqultcanon,
2485 2158 2607 2196 cum
2664 2144 2713 2196 id
2766 2144 2945 2210 aliqua
2992 2146 3291 2198 necessitas
3325 2161 3424 2215 pu-

1869 2233 2174 2298 stulaverit,
2212 2234 2463 2302 praelecto
2515 2234 2646 2303 ipsis
2679 2235 3028 2288 benedicente
3057 2238 3426 2305 egrediantur.

1869 2326 1972 2390 Qui
2000 2341 2158 2381 secus
2186 2323 2434 2387 fecerint,
2477 2328 2589 2379 sive
2623 2325 2744 2388 viri,
2779 2326 2894 2380 sive
2927 2327 3204 2390 mulieres,
3247 2330 3298 2382 in
3333 2346 3427 2384 eos

1872 2418 2282 2472 accommodate
2332 2429 2495 2485 atque
2529 2419 2792 2484 apposite,
2821 2418 2922 2472 hoc
2963 2427 3070 2484 est,
3103 2419 3304 2474 leviore
3333 2431 3427 2474 aut

1873 2509 2148 2561 acerbiore
2179 2523 2360 2576 poena,
2421 2520 2581 2576 prout
2629 2524 2900 2578 quemque
2948 2511 3199 2564 aﬂ'ectum
3243 2515 3427 2566 animo

1870 2601 2088 2658 viderit,
2119 2602 2402 2666 pr:ul'ectus
2431 2600 2828 2652 animadvertat
2885 2601 3034 2666 Quos
3071 2605 3213 2656 enim
3245 2605 3426 2656 animo

1871 2699 2270 2750 consternatos,
2297 2691 2580 2758 culpatque
2633 2703 2895 2761 pertaesos
2922 2697 3188 2763 cognorit,
3223 2697 3427 2751 leviore

1872 2783 1926 2836 in
1955 2798 2049 2837 eos
2077 2784 2174 2834 erit
2212 2782 2684 2837 animadversione
2709 2793 3003 2842 contentus
3027 2805 3039 2839 :
3072 2799 3427 2842 contumaces

1873 2889 2003 2926 vero
2057 2885 2218 2941 atque
2241 2885 2562 2942 arrogantes
2590 2915 2606 2939 ,
2643 2877 2866 2930 omnino
2905 2881 3148 2934 severius
3180 2881 3429 2950 accipiet,

1871 2978 2042 3031 eaque
2079 2965 2290 3016 ratiOue
2342 2966 2760 3020 accommodate
2814 2977 2977 3037 atque
3015 2973 3264 3040 apposite
3309 2989 3429 3040 poe-

1872 3068 1996 3107 nam
2027 3054 2255 3122 singulis
2290 3053 2611 3109 decrevisse
2652 3058 3076 3114 existimabitur.

1877 3165 1898 3199 ι
1936 3144 2162 3200 ARIST.
2225 3145 2478 3200 Mouialis
2542 3151 2879 3204 monasterio
2933 3169 3038 3206 nou
3095 3155 3429 3223 egredietur,

1943 3257 1962 3292 ι
2003 3240 2107 3292 nisi
2141 3242 2260 3307 ejus
2292 3255 2412 3306 quae
2465 3240 2714 3308 praelecta
2768 3251 2853 3294 est
2919 3243 3297 3299 benedictione
3333 3266 3345 3300 :
3380 3257 3433 3299 et

1943 3349 1964 3384 ι
2007 3347 2180 3410 neque
2227 3333 2364 3394 sola,
2420 3347 2611 3384 verum
2667 3348 2790 3383 cum
2847 3333 2950 3384 alia
3005 3335 3208 3386 vetula.
3268 3335 3430 3390 Extra

1942 3443 1963 3476 ι
1997 3429 2198 3478 cubare
2237 3426 2388 3478 nullo
2421 3425 2581 3476 modo
2606 3424 2752 3477 licet.
2788 3423 2990 3478 Eodem
3033 3428 3193 3480 modo
3240 3437 3294 3481 et
3319 3445 3434 3480 mo-

1945 3537 1962 3569 ι
2001 3519 2230 3581 nachus,
2270 3519 2372 3570 nisi
2402 3519 2662 3586 praefecto
2693 3518 3061 3586 permittente,
3095 3523 3432 3576 monasterio

1945 3627 1963 3660 ι
2009 3624 2113 3661 non
2147 3607 2474 3677 egredietur.
2508 3629 2527 3660 ›

1940 3698 2225 3753 Martialem
2268 3715 2595 3768 quocunque
2624 3700 2780 3754 modo
2825 3709 2980 3756 extra
3033 3704 3427 3758 monasterium

1873 3805 2113 3858 unquam
2143 3805 2362 3844 manere
2413 3805 2590 3844 canon
2659 3793 2886 3847 omnino
2944 3793 3242 3863 prohibet:
3309 3810 3427 3848 eam

1872 3891 2074 3945 autem,
2123 3883 2167 3934 si
2204 3883 2553 3936 inexorabilis
2599 3885 2778 3952 aliqua
2810 3886 3062 3939 inciderit
3103 3887 3427 3950 necessitas,

1872 3976 2154 4026 mansione
2213 3977 2364 4028 exire
2423 3989 2546 4027 eum
2598 3976 2872 4030 voluntate
2939 3989 2994 4031 et
3052 3979 3434 4032 benedictione

1871 4065 1985 4133 ejus
2011 4065 2102 4133 qui
2137 4076 2356 4133 praeest,
2410 4074 2464 4120 et
2501 4081 2717 4119 rursum
2763 4069 2960 4129 redire,
2993 4078 3046 4122 et
3116 4069 3168 4122 in
3230 4084 3293 4122 ea
3322 4084 3433 4121 tua-

1873 4172 2002 4211 nere
2058 4171 2168 4212 non
2203 4158 2476 4227 prohibet,
2532 4159 2624 4213 sed
2679 4159 2794 4213 ﬁeri
2835 4161 3116 4229 permittit.
3154 4160 3258 4215 Sed
3288 4172 3340 4214 et
3378 4162 3432 4215 in

1882 4265 1947 4302 eo
1978 4251 2148 4312 addit,
2177 4265 2294 4305 eam
2329 4267 2431 4304 non
2462 4251 2629 4305 solam
2687 4253 2854 4315 exire,
2918 4253 3010 4305 sed
3070 4269 3192 4306 cum
3243 4254 3436 4308 vetulis

1873 4343 2200 4410 quibusdam
2256 4351 2310 4395 et
2358 4359 2477 4412 quae
2527 4353 2656 4397 sunt
2732 4359 2784 4395 ιιι
2830 4347 3161 4397 nteiiasterio
3224 4361 3432 4413 primm.

1878 4433 2143 4487 Similiter
2198 4449 2343 4498 vero,
2375 4449 2473 4488 nec
2518 4433 2863 4496 monachum,
2899 4435 3017 4489 sine
3057 4436 3434 4490 benedictione

200 4535 316 4578 τως
349 4516 405 4568 δὲ
430 4516 549 4568 οὐδὲ
581 4521 810 4586 μοναχὸν
839 4515 968 4570 ἄνευ
1004 4515 1252 4582 εὐλογίας
1281 4513 1374 4566 τοῦ
1427 4513 1771 4584 προεστῶτος
1804 4535 1847 4591 D

1761 4531 1771 4577 τ
1804 4535 1847 4591 D
1875 4527 1994 4595 ejus
2018 4526 2110 4595 qui
2145 4526 2245 4594 ipsi
2280 4539 2496 4594 praaest,
2525 4527 2860 4580 monasterio
2915 4528 3063 4580 exire
3097 4529 3277 4582 vellet.
3313 4529 3435 4583 llmc

201 4611 374 4662 αὑτοῦ
426 4608 673 4676 βούλεται
713 4608 810 4660 τοῦ
865 4607 1226 4679 μοναστηρίου
1257 4606 1514 4673 ἐξελθεῖν.
1544 4608 1683 4670 Τοὺς
1714 4607 1771 4661 δὲ

201 4699 645 4769 παραϐαίνοντας
681 4700 748 4752 τὰ
775 4700 1061 4768 ὁρισθέντα
1098 4701 1428 4769 προσφόροις
1477 4698 1767 4753 ὑποϐάλλει

201 4809 523 4860 επιτιμιοις.

785 4884 1020 4938 ΚΑΝΩΝ
1059 4885 1105 4936 Μ
1114 4885 1185 4938 Ζ’.

209 4993 230 5026 ‘
281 4975 432 5042 “*5
488 4973 545 5026 δδ
594 4975 652 5028 έν
715 4975 942 5045 ἀνδρείῳ
1014 4975 1363 5045 μοναστηρίφ
1420 4976 1530 5047 (56)
1589 4977 1723 5047 γυνὴ
1757 5014 1775 5041 ν

287 5087 305 5118 ι
356 5069 494 5137 μήτε
537 5070 596 5120 ὲν
637 5069 934 5139 γυναικείῳ
983 5070 1122 5139 ἀνὴρ
1179 5069 1504 5122 καθευδέτω.
1564 5070 1770 5134 Παντὸς

286 5177 305 5209 ι
356 5163 464 5228 γάρ
510 5159 930 5228 προσκόμματος
981 5162 1075 5212 καὶ
1126 5159 1421 5213 σκανδάλου
1472 5159 1577 5225 ἔξω
1630 5161 1772 5214 εἶναι

291 5268 308 5300 ι
353 5251 434 5303 δεῖ
484 5252 610 5315 τοὺς
663 5253 911 5316 πιστοὺς,
956 5253 1050 5303 καὶ
1097 5251 1233 5320 προς
1269 5250 1326 5302 τὺ
1359 5249 1636 5319 εὖσχημον
1675 5253 1769 5303 καὶ

1879 4629 2060 4672 autem
2090 4620 2304 4672 decreta
2339 4621 2716 4672 transilientes
2751 4620 3211 4674 convenientibus
3263 4622 3435 4690 poenis

1886 4711 2122 4780 subjicit.

2399 4888 2626 4943 CANON
2694 4890 2911 4946 XLVII.

1885 4999 1904 5033 ι
1930 4979 2116 5051 Neque
2146 4981 2345 5036 mulier
2381 4983 2433 5036 in
2473 4985 2710 5036 virorum
2763 4984 3116 5046 monasterio,
3148 5001 3322 5055 neque
3351 4985 3434 5039 vir

1949 5075 2057 5127 «in
2135 5075 2424 5128 mulierum
2480 5076 2738 5130 dormiat.
2808 5076 2970 5131 Extra
3036 5077 3430 5132 oll‘endiculum

1959 5183 1978 5217 ι
2019 5166 2162 5220 enim
2196 5177 2250 5222 et
2283 5166 2603 5221 scandalum
2637 5168 2822 5223 tideles
2851 5184 2974 5224 esse
3010 5179 3249 5239 oportet,
3285 5181 3338 5223 et
3371 5170 3438 5223 ad

1959 5276 1976 5309 ι
2023 5260 2073 5312 id
2124 5261 2265 5328 quod
2321 5273 2402 5316 est
2453 5260 2710 5314 decorum
2757 5277 2820 5316 ac
2862 5262 3174 5326 honestum,
3223 5262 3441 5331 Deoque

1380 5366 1578 5427 Guill.
1613 5367 1941 5450 Beveregii
1982 5382 2166 5436 notae.

285 5476 399 5543 (54)
425 5474 562 5528 Μετ’
589 5473 865 5541 εὐλογίας
903 5469 1411 5543 ᾐγουμενικ-ῆςειη
1444 5483 1545 5543 ιηεέ
1575 5469 1771 5543 Amer-

209 5538 478 5605 liachiauo
516 5538 964 5612 rectius’legtlur
1002 5540 1116 5608 μετ’
1162 5540 1407 5606 εὐλογίας
1453 5538 1549 5612 τοῦ
1606 5541 1772 5606 ἡγου-

214 5626 406 5688 μένου.
441 5615 544 5668 Per
578 5611 861 5688 liteceuim
891 5613 1177 5688 Balsamou
1207 5614 1305 5662 ista
1330 5611 1556 5685 canonis
1589 5615 1770 5688 verba,

209 5679 281 5746 de
315 5691 512 5756 qudius
548 5696 672 5738 ante
696 5684 867 5756 locuti
900 5695 1112 5756 sumus,
1168 5679 1574 5756 interpretatur,
1609 5681 1772 5733 nimi-

213 5750 345 5813 runr
370 5756 483 5826 μετ’
508 5756 752 5822 εὐλογίας
782 5752 873 5805 τοῦ
900 5753 992 5818 τὴν
1021 5753 1379 5822 ἡγουμενείαν
1410 5750 1773 5818 ἐμπεπιστευ-

215 5849 279 5883 με
317 5846 398 5878 ου.

1955 5477 2063 5547 (ὖῦ)
2097 5479 2201 5531 Καὶ
2236 5482 2290 5532 οι
2323 5479 2576 5545 ἀσκηταὶ
2608 5479 2698 5543 δὲ,
2730 5496 2940 5546 φησιν.
2973 5482 3152 5536 Codex
3177 5482 3443 5537 Amerha-

1885 5546 2116 5620 Chianus
2150 5561 2350 5620 rectius
2383 5551 2531 5619 legit.
2568 5554 2658 5602 καὶ
2690 5554 2736 5602 οί
2771 5570 3017 5620 μοναχοι.

1953 5618 2063 5684 (56)
2089 5619 2250 5684 Μὴτε
2275 5621 2343 5671 δὲ
2363 5621 2430 5672 ἐν
2445 5618 2699 5687 ἀνδρείῳ
2717 5618 3115 5690 μονασήτηρίῳ.
3139 5623 3227 5676 Sic
3249 5637 3440 5676 attines

1885 5685 2072 5764 legunt
2090 5693 2326 5764 codices,
2356 5685 3088 5764 pra-ter’Aniei'bachianiini,
3113 5693 3167 5748 in
3199 5710 3306 5764 quo
3336 5710 3437 5762 pro

1882 5757 2108 5828 ἀνδρείῳ
2133 5761 2294 5830 legitu
2306 5777 2328 5813 r
2352 5757 2574 5831 ἀνδρόῳ.
