4240 6442
214 395 309 464 δτι
1185 399 1264 459 IN
1299 399 1439 457 CAN
1500 398 1703 457 XLVII
1747 397 1952 455 CONC.
1997 399 2078 458 IN
2143 401 2462 462 TRULLO.

3347 412 3453 473 6⁸·ἶὲ

215 511 306 562 θεν
361 507 573 560 ὁλισθον
627 506 943 575 κωλύσομεν
965 525 977 538 ο
1031 507 1184 560 ἔσται
1214 507 1392 577 πολλῷ
1424 509 1568 578 ῥᾴων
1601 525 1656 559 τε
1695 509 1785 559 καὶ
1816 514 1858 566 Α

1777 529 1785 557 ι
1816 514 1858 566 Α
1892 509 2102 574 planior
2133 511 2305 565 sacris
2339 513 2815 568 concertatoribus
2861 516 2984 569 vitze
3035 517 3278 575 melioris
3323 535 3451 571 cor-

216 597 562 665 εὐκολωτέρα
589 599 700 659 τοῖς
735 599 776 648 is
788 601 900 666 ροϊς
934 599 1260 664 ἀγωνισταῖς
1287 599 1318 666 ἠ
1348 597 1441 650 τοῦ
1476 599 1782 666 κρείττονος

218 690 333 756 βίου
366 689 727 758 κατόρθωσις.
764 691 969 752 Πάντες
999 691 1178 742 τοίνυν
1209 689 1342 760 τῷδε
1373 689 1452 757 τῷ
1480 691 1628 756 νίμῳ
1661 705 1782 739 πει-

215 780 632 843 θέσθωσαν,καὶ
666 783 798 849 μήτε
823 783 1014 852 ἀνδρες
1037 783 1486 834 ἀποτιθέσθωσαν
1517 782 1574 832 ὲν
1603 797 1786 844 γυναι-

215 873 381 926 κείων
415 874 789 943 μοναστηρίων
815 874 1022 941 τάφοις,
1057 875 1193 943 μήτε
1227 877 1482 941 γυναῖκες
1511 873 1783 942 ἀνδρικοίς

219 967 609 1037 μοναστηρίοις
655 968 1197 1036 κατορυττέσθωσαν.
1253 967 1383 1020 Οὐδὲ
1417 968 1524 1034 γὰρ
1560 967 1784 1033 ἀνδςὰαι

214 1059 659 1126 γυναικωνίτιδες
689 1059 1157 1126 πρέπουσιν,οῠτε
1192 1059 1346 1120 αὖθις
1376 1059 1645 1128 ἀνδρῶνες
1673 1061 1786 1122 τοῖς

213 1151 327 1204 τῶν
373 1151 650 1218 γυναικῶν
699 1152 1043 1220 καταλόγοις.
1078 1153 1211 1204 οὐδὲ
1246 1150 1495 1204 ἐντεῦθεν
1541 1151 1630 1204 διὰ
1660 1151 1786 1214 τοὺς

213 1244 647 1312 τελευτήσαντας
676 1246 790 1306 τοῖς
818 1243 1197 1311 περιοῦσι-τὰς
1227 1245 1544 1312 ἀσχήμονας
1576 1242 1785 1305 ταύτας

215 1333 492 1402 ὲπιμίξεις
519 1333 763 1400 γίνεσθαι
798 1333 1105 1404 βουλόμεθα
1130 1351 1145 1366 ⁸
1195 1335 1282 1386 ῐνα
1328 1335 1403 1403 μὴ
1437 1335 1670 1404 πάροδος
1703 1323 1790 1387 ινέ

213 1423 408 1477 τεῦθεν
443 1424 666 1493 γίνηται
693 1427 762 1495 τῇ
794 1423 954 1492 φύσει.
985 1426 1120 1495 πρὸς
1153 1424 1379 1495 ἑαυτὴν,
1431 1425 1466 1479 ἀ
1516 1427 1588 1496 μὴ
1629 1426 1786 1493 θέμις

213 1518 430 1588 τρυφᾷν
475 1533 533 1569 τε
583 1517 674 1570 καὶ
722 1514 963 1580 παίζειν,
994 1519 1088 1570 καὶ
1141 1518 1207 1570 τά
1242 1517 1358 1570 θεῖα
1407 1519 1788 1589 καταισχύνειν

213 1609 544 1677 πράγματα.
579 1609 674 1661 καὶ
710 1609 994 1672 εὐσεϐείας
1021 1610 1183 1677 δῆθεν
1217 1609 1647 1680 προκαλύμματι
1697 1610 1788 1662 καὶ

211 1701 296 1769 τῷ
338 1701 438 1770 τῆς
468 1700 621 1763 ὁσίας
669 1702 914 1771 σχήματι
945 1702 1123 1756 ταῦτα
1159 1703 1442 1772 πράττειν,
1473 1702 1616 1772 ἅπερ
1668 1703 1786 1755 οὐδὲ
1849 1749 1852 1754 .

212 1790 396 1857 λέγειν
426 1791 549 1843 οὐδὲ
574 1792 773 1843 ἐννοεῖν
803 1794 915 1854 τοῖς
949 1793 1161 1862 μονήρη
1192 1791 1307 1861 βίον
1341 1791 1571 1844 ἀσκοῦσι
1601 1792 1784 1844 καλόν.

1892 601 2084 652 rectio.
2123 598 2324 654 Omnes
2366 617 2498 670 ergo
2543 603 2617 655 illi
2654 604 2754 672 legi
2817 615 3062 672 pareant,
3093 617 3146 660 et
3184 623 3281 660 nec
3345 608 3452 662 viri

1894 690 1946 742 in
2004 691 2292 744 mulierum
2349 696 2806 746 monasteriorum
2857 697 3126 763 sepulcris
3181 715 3453 764 reponan-

1893 787 2002 840 tur,
2035 795 2132 832 nec
2161 781 2417 834 mulieres
2469 783 2520 833 in
2556 783 2794 835 virorum
2863 784 3212 838 inhutnentur
3247 804 3443 839 mona-

1892 871 2091 923 stet-iis.
2154 870 2337 939 Neque
2396 873 2538 925 enim
2601 877 2731 927 viris
2783 873 3065 944 Gynccei-a,
3104 893 3200 930 nec
3257 893 3450 932 rursus

1895 961 2180 1015 mulierum
2235 964 2501 1029 catalogis
2560 967 2804 1018 virorum
2876 968 3184 1020 habitacula
3251 985 3455 1022 conve-

1895 1055 2070 1106 niunt.
2117 1051 2255 1108 Hinc
2281 1071 2379 1108 nec
2419 1068 2642 1126 propter
2693 1058 2984 1112 defunctos
3031 1061 3320 1114 indecoras
3355 1063 3452 1114 has

1893 1145 2373 1213 cougressionesa
2432 1150 2992 1215 supchIitibusvticri
3055 1155 3338 1206 volumus:
3387 1171 3453 1206 ne

1893 1253 1956 1292 ex
1991 1253 2056 1290 eo
2090 1247 2302 1292 natura
2340 1239 2406 1292 ad
2475 1241 2707 1306 seipsam
2759 1243 2919 1295 detur
2973 1243 3172 1309 aditus,
3217 1258 3274 1297 ut
3320 1261 3453 1313 quu-

1895 1331 2055 1382 modo
2087 1345 2193 1383 non
2232 1331 2312 1384 fas
2341 1341 2424 1383 est
2455 1347 2512 1384 se
2547 1333 2778 1386 delicate
2799 1343 3028 1403 geratet
3061 1335 3228 1399 iudat,
3261 1346 3314 1390 et
3366 1352 3454 1391 res

1894 1423 2105 1476 divinas
2163 1423 2360 1488 injuria
2419 1424 2638 1486 alliciat,
2692 1435 2743 1478 et
2791 1427 3006 1491 pietatis
3059 1430 3249 1496 utique
3320 1444 3458 1498 prae-

1896 1522 2045 1566 textu
2083 1524 2136 1565 et
2191 1513 2294 1567 sub
2347 1516 2652 1567 sanctitatis
2701 1517 2883 1584 specie
2915 1532 2974 1568 ea
3004 1527 3150 1585 agat,
3208 1536 3329 1586 quae
3387 1535 3454 1572 ne

1893 1603 2073 1657 dicere
2108 1605 2328 1672 quidem
2374 1621 2471 1657 nec
2501 1607 2743 1674 cogitare
2783 1606 2865 1661 fas
2891 1617 2976 1661 est
3009 1624 3102 1661 eos
3143 1611 3234 1678 qui
3285 1611 3443 1665 hone-

1895 1703 2032 1747 stam
2065 1694 2230 1747 vitam
2277 1677 2639 1748 monasticam
2697 1708 3130 1766 persequuntur.
3183 1700 3316 1753 Cum
3351 1702 3456 1754 hoc

1896 1792 2074 1836 autem
2103 1787 2170 1837 sit
2201 1796 2475 1854 apertum,
2508 1802 2734 1841 necesse
2764 1798 2845 1842 est
2875 1805 2971 1842 eos
3030 1790 3123 1858 qui
3158 1793 3458 1860 sepulturi:

228 1884 470 1936 Ἐκείνου
500 1885 556 1936 δὲ
585 1883 729 1936 οὓτω
763 1883 1002 1952 φανεροῦ
1035 1883 1210 1945 ὄντος,
1242 1884 1456 1952 ἀνάγκη
1479 1883 1788 1951 καθέστηκε
1821 1865 1861 1918 Β
1891 1892 1902 1927 t

1784 1904 1788 1932 ι
1821 1865 1861 1918 Β
1891 1876 2224 1940 deserviunt,
2261 1885 2314 1930 et
2343 1893 2434 1930 eos
2473 1879 2708 1932 maxime
2746 1880 2840 1946 qui
2896 1880 3098 1934 lectum
3158 1887 3358 1947 ferunt,
3403 1890 3458 1938 ct

212 1975 343 2035 τοὺς
372 1959 716 2041 ταῖςταφαίς
743 1973 1249 2042 ὑπηρετουμένους.
1277 1974 1369 2026 καὶ
1401 1974 1636 2042 μάλιστα
1665 1975 1791 2035 τοὺς

210 2063 316 2130 τὴν
353 2063 544 2133 κλίνην
576 2063 866 2132 φέροντας,
888 2064 1011 2125 τούς
1038 2080 1096 2115 τε
1128 2063 1476 2134 ὀρύττοντας,
1510 2065 1790 2131 εἰσφοιτᾷν

213 2155 297 2215 είς
325 2154 395 2207 τὰ
424 2156 788 2225 μοναστήρια.
817 2155 922 2206 Καὶ
952 2156 1011 2206 εν
1059 2155 1160 2223 μὲν
1207 2157 1318 2216 τοῖς
1369 2155 1647 2223 ἀνδρικοῐς
1700 2171 1792 2222 μο-

214 2247 535 2315 ναστηρίοις
582 2247 644 2299 τὸ
679 2244 920 2317 πρᾶγμα
967 2246 1189 2299 εὔκολόν
1239 2249 1411 2308 ἐστιν,
1461 2249 1518 2299 ὲν
1567 2246 1623 2298 δὲ
1681 2249 1792 2308 τοίς

214 2339 552 2404 γυναικείοις
605 2339 704 2406 οὐχ
756 2338 930 2396 οὕτως
964 2337 1055 2389 διὰ
1089 2338 1188 2406 τὴν
1236 2339 1532 2408 εἰρημένην
1585 2337 1793 2403 ἀπαγό-

219 2443 433 2498 ρευσιν.
477 2429 823 2496 Θεσπίζομεν
852 2430 1054 2494 τοίνυν,
1090 2427 1298 2480 εἴποτε
1335 2428 1516 2496 μέλλοι
1553 2428 1794 2481 τοιοῦτον

220 2519 499 2586 γίνεσθαι,
549 2523 641 2572 καὶ
675 2519 978 2572 θάπτεσθαί
1011 2536 1094 2580 τις
1129 2518 1265 2588 γυνὴ
1296 2523 1352 2571 ὲν
1375 2521 1672 2588 γυναικείῳ
1698 2537 1792 2586 μο-

215 2607 501 2676 ναστηρίῳ
529 2607 752 2677 (ἀνδρας
783 2610 894 2678 γὰρ
929 2608 1027 2660 οὐκ
1060 2607 1328 2676 ἐφίεμεν),
1359 2611 1456 2670 τὰς
1491 2610 1589 2676 μὲν
1636 2609 1798 2661 εὐλα-

217 2697 492 2758 ϐεστάτας
512 2701 778 2764 γυναῖκας
799 2699 858 2749 ἐν
880 2698 959 2767 τῷ
987 2687 1172 2765 οἰκείὶρ
1203 2698 1390 2767 μένειν
1418 2717 1658 2768 μοναστη
1670 2700 1792 2768 ρίῳ·

221 2789 398 2858 μόνην
429 2788 486 2840 δὲ
530 2788 633 2847 τὴν
677 2788 924 2858 θυρωρὸν
973 2789 1006 2858 ἢ
1053 2789 1151 2850 τὰς
1200 2789 1507 2859 θυρωροὺς,
1556 2792 1647 2843 καὶ
1697 2792 1795 2858 τὴν

215 2878 536 2947 ἡγουμένην
570 2881 698 2942 ίσως
727 2878 918 2949 αὐτὴν,
954 2880 1004 2930 εί
1040 2878 1353 2949 βουληθείη,
1389 2884 1648 2948 παρεῖναι
1679 2884 1792 2944 τοῖς

219 2971 559 3037 γινομένοις·
597 2971 692 3022 καὶ
724 2970 918 3023 θᾶττον
949 2970 1192 3034 ἐκείνους
1224 2971 1542 3043 πράξαντας
1571 2973 1640 3026 τά
1671 2975 1796 3042 περὶ

218 3061 324 3126 τὴν
358 3058 511 3111 ὁσίαν
541 3059 932 3127 νενομισμένα,
967 3061 1062 3113 καὶ
1112 3061 1206 3113 τὸν
1251 3061 1422 3128 τάφον
1471 3062 1793 3132 ὀρύξαντας,

1893 1968 1984 2035 qui
2019 1967 2249 2031 fodiunt,
2279 1970 2344 2021 ad
2394 1971 2784 2023 monasterium
2835 1973 3117 2027 accedere.
3155 1972 3219 2026 Et
3268 1978 3320 2028 in
3376 1977 3450 2030 vi.

1894 2071 2080 2109 rerum
2113 2058 2332 2127 quidem
2362 2060 2710 2114 monasteriis
2739 2077 2828 2115 res
2860 2072 2943 2114 est
2995 2063 3195 2125 facilis,
3224 2066 3315 2118 sed
3347 2081 3452 2119 non

1897 2152 2061 2204 sicin
2096 2152 2406 2213 mulierum,
2467 2164 2690 2218 propter
2747 2153 2948 2206 dietam
3004 2155 3454 2222 prohibitionem.

1896 2242 2202 2296 Statuimus
2267 2244 2472 2311 itaque.
2499 2245 2542 2296 si
2577 2245 2792 2312 quando
2823 2243 2952 2312 quid
3008 2245 3277 2312 ejusmodi
3309 2247 3458 2300 futti-

1895 2348 2014 2385 rttm
2062 2346 2164 2394 est,
2195 2341 2248 2386 et
2279 2333 2588 2402 sepelienda
2620 2336 2689 2387 sit
2720 2335 2916 2386 tnulier
2951 2335 3002 2387 in
3040 2335 3131 2386 tali
3165 2337 3455 2390 mulierum

1895 2423 2228 2478 monasterio
2253 2423 2456 2494 (virum
2488 2427 2630 2477 enim
2661 2440 2767 2476 non
2798 2425 3163 2495 admittimus)
3214 2440 3271 2479 ut
3329 2429 3457 2481 reli-

1895 2517 2220 2584 giosissima:
2278 2517 2498 2584 quidem
2557 2516 2817 2570 mulieres
2863 2517 2916 2568 in
2964 2533 3065 2570 suo
3121 2521 3460 2574 monasterio

1897 2614 2180 2670 maneant;
2207 2604 2320 2658 sola
2363 2614 2543 2657 autem
2579 2606 2800 2658 ostiaria
2837 2606 2918 2658 vel
2958 2608 3196 2661 ostiaria:
3246 2620 3297 2660 et
3345 2611 3458 2676 ipsa

1899 2698 2036 2750 forte
2065 2699 2292 2758 recti-ix.
2327 2698 2372 2751 si
2407 2699 2555 2759 velit,
2586 2696 2769 2750 adsint
2806 2699 2872 2751 iis
2926 2716 3046 2767 qua:
3078 2703 3214 2753 tiunt
3243 2719 3253 2753 :
3303 2714 3354 2755 et
3383 2703 3459 2756 illi

1897 2803 2020 2841 cum
2053 2787 2287 2857 primum
2338 2788 2483 2855 justa
2521 2800 2575 2842 et
2605 2791 2895 2858 exsequias
2955 2805 3116 2860 quam
3173 2794 3461 2848 celerrime

1897 2880 2147 2940 fecerint.
2181 2890 2236 2932 et
2267 2882 2578 2949 sepulcrum
2653 2881 2912 2946 foderint,
2973 2898 3282 2952 corpusque
3326 2899 3461 2938 con-

1901 2972 2159 3036 texerint,
2185 2975 2369 3026 statim
2405 2971 2684 3036 recedant,
2716 2991 2818 3028 nec
2842 2975 2969 3028 ullis
2994 2991 3021 3026 a
3056 2991 3113 3028 se
3155 2977 3290 3028 visis
3315 2977 3460 3030 reli-

1897 3064 2226 3132 giosissimis
2261 3064 2504 3125 feminis.
2540 3082 2638 3118 nec
2676 3068 2757 3120 eis
2790 3067 3030 3120 vicissim
3069 3067 3136 3120 ab
3187 3069 3312 3122 ullis
3367 3083 3461 3122 ea-

217 3149 323 3200 καὶ
351 3149 412 3202 τὸ
437 3151 594 3218 σῶμα
626 3151 1002 3218 καλύψαντας,
1035 3153 1197 3214 εὐθὺς
1227 3155 1538 3222 ἀποχωρεῖν
1572 3155 1648 3225 μὴ
1702 3172 1792 3207 τε·
1825 3195 1864 3250 C

1787 3185 1864 3250 -Ο
1893 3170 2021 3216 rum
2077 3157 2412 3224 conspectis.
2456 3155 2560 3209 Sed
2620 3171 2720 3208 nec
2767 3159 2869 3210 viri
2918 3158 3084 3210 alium
3153 3160 3461 3227 excogitent

213 3238 520 3310 θεαμένους
547 3241 698 3303 τινας
726 3243 833 3294 τῶν
864 3242 1273 3296 εὐλαϐεστάτων
1301 3245 1598 3312 γυναικῶν,
1634 3249 1772 3314 μήτε

216 3331 379 3398 παρά
426 3348 585 3382 τινων
615 3333 796 3384 αὐτῶν
829 3333 1143 3392 θεαθέντας.
1188 3334 1351 3389 Ἀλλά
1383 3336 1522 3406 μηδὲ
1556 3338 1796 3390 ἐπινοεί·

213 3441 406 3476 τωσαν
441 3425 712 3493 πρόφασιν
743 3425 775 3493 ἦ
808 3425 1000 3495 ἄνδρες
1031 3427 1141 3478 τῶν
1188 3428 1269 3490 είς
1302 3430 1592 3495 γυναικεῖα
1626 3446 1794 3498 μονα-

198 3515 425 3586 ’στήρια
462 3516 735 3586 παρόδων,
767 3517 800 3585 ἢ
834 3520 1090 3584 γυναῖκες
1115 3517 1222 3569 τῶν
1275 3519 1538 3588 ἀνδράσιν
1585 3521 1796 3590 ἀφωρι-

218 3604 462 3672 σμένων,
495 3606 590 3657 καὶ
617 3606 889 3674 προφάσει
920 3606 1028 3657 τῶν
1064 3609 1193 3674 περὶ
1226 3607 1326 3676 τὴν
1372 3609 1523 3660 ὁσίαν
1560 3626 1796 3677 πραττο-

220 3700 447 3765 μένων
498 3696 565 3760 ἃς
613 3695 676 3767 δὴ
725 3701 950 3766 μνήμας
997 3699 1266 3761 ποιοῦσιν,
1317 3701 1398 3761 είς
1445 3701 1637 3771 τρίτην
1699 3704 1796 3756 καὶ

215 3789 455 3853 ὲννάτην
503 3788 774 3851 συνιόντες
822 3790 1124 3859 ήμέρας,ἢ
1173 3791 1336 3860 ἡνίκα
1382 3794 1794 3862 τεσσαράκοντα

213 3880 491 3950 ἑξήκοιεν,
527 3880 559 3950 ἢ
609 3881 702 3934 καὶ
733 3881 1014 3943 ἐνιαυτός·

213 4154 662 4227 παρατηρήσεων
703 4153 917 4217 ἀδοξίαν
951 4156 1076 4207 τινὰ
1109 4159 1222 4218 τοῖς
1255 4156 1480 4224 εὐαγέσι
1518 4174 1794 4228 μοναστη-

216 4247 364 4318 ρίοις
390 4245 833 4314 προστρίᾱσθαι.
1434 4302 1443 4312 ,

293 4330 538 4391 ΖΩΝΑῬ.
573 4336 776 4398 Παντὸς
828 4333 1132 4389 σκανδάλου
1163 4336 1509 4407 ἀπηλλάχθαι
1552 4338 1580 4390 ὁ
1614 4337 1794 4392 κανὼν

212 4429 345 4499 οὐχὶ
394 4429 520 4490 τοὺς
575 4427 820 4497 ἁσκητὰς
882 4427 1142 4491 ἀπαιτεῖ,
1198 4427 1338 4480 ἀλλὰ
1387 4433 1514 4492 τοὺς
1568 4429 1794 4493 πιστοὺς

1068 3881 1211 3947 ἐξὸν,
1245 3885 1293 3935 εί
1349 3887 1446 3954 μὲν
1483 3889 1796 3952 γυναικεῖον

211 3973 309 4043 εἴη
335 3973 397 4024 τὸ
426 3974 812 4042 μοναστήριον,
841 3976 1111 4040 γυναῖκας
1143 3975 1360 4028 ἅπαντα
1398 3977 1691 4044 πράττειν’
1746 3980 1796 4032 εί

211 4066 278 4119 δὲ
312 4063 578 4134 ἀνδρῷον,
613 4063 840 4133 ἄνδρας·
875 4064 969 4116 καὶ
996 4065 1070 4134 μὴ
1102 4065 1372 4134 προφάσει
1401 4067 1508 4120 τῶν
1539 4066 1796 4121 τοιούτων

1900 3253 2239 3313 praetextum,
2275 3260 2382 3313 quo
2418 3244 2483 3298 ad
2517 3245 2801 3299 mulierum
2821 3248 3150 3300 monasteria
3176 3249 3460 3311 accedant,

1898 3336 1979 3388 vel
2037 3336 2298 3390 mulieres
2347 3336 2414 3390 ad
2481 3337 2811 3391 monasteria
2879 3353 3000 3407 qua:
3031 3339 3163 3393 viris
3213 3342 3464 3396 dedicata

1896 3436 2044 3491 sunt,
2086 3429 2158 3480 ab
2183 3427 2407 3480 obtentu
2457 3443 2646 3482 eorum
2679 3444 2799 3498 quae
2835 3429 2888 3481 in
2923 3431 3200 3499 exsequiis
3225 3437 3276 3484 et
3298 3431 3462 3498 justis

1899 3527 2116 3571 mortuo
2168 3519 2473 3588 praebendis
2499 3518 2672 3583 ﬁunt;
2707 3527 2764 3571 ut
2807 3518 2898 3587 qui
2926 3535 3112 3572 eorum
3145 3525 3458 3575 memoriam

1895 3610 2121 3673 faciunt,
2154 3612 2311 3664 tertio
2343 3619 2396 3664 et
2418 3625 2563 3663 nono
2589 3609 2676 3664 die
2701 3612 3105 3677 convenientes,
3140 3613 3222 3664 vel
3243 3628 3460 3680 quanuc

1893 3701 2253 3770 quadraginta
2285 3701 2406 3754 dies
2439 3701 2714 3765 venerint,
2748 3702 2829 3754 vel
2881 3703 3045 3754 etiam
3080 3716 3282 3768 annus,
3334 3721 3460 3758 cuin

1896 3795 2057 3848 liceat
2092 3794 2312 3862 quidem
2348 3792 2693 3856 mulieribus,
2725 3792 2771 3846 si
2824 3793 3115 3847 mulierum
3151 3797 3222 3849 sit
3275 3812 3467 3850 mona-

1895 3887 2145 3948 sterium,
2184 3886 2366 3938 omnia
2395 3883 2612 3949 facere;
2651 3886 2735 3939 sin
2769 3894 2948 3939 autem
2985 3887 3248 3951 virorum,
3288 3889 3459 3953 viris;

1894 3987 1948 4032 et
1985 3993 2093 4031 non
2126 3977 2312 4030 talimn
2336 3976 2786 4030 Observationum
2813 3985 3076 4045 praetextu
3111 3982 3317 4036 sanctis
3351 3997 3466 4036 mo-

1896 4069 2155 4124 nasteriis
2184 4069 2424 4139 aliquam
2455 4065 2694 4122 infamia).
2722 4079 2905 4123 notam
2937 4070 3177 4126 inurere.

1967 4328 2227 4385 ZONAR.
2254 4329 2599 4384 Oﬂ'enstones
2631 4345 2824 4386 omnes
2858 4339 2914 4385 et
2942 4334 3202 4387 scandala
3229 4337 3456 4401 evitare

1896 4439 2072 4493 neque
2103 4422 2186 4477 vel
2220 4438 2284 4476 ex
2319 4423 2441 4476 aliis
2469 4423 2573 4477 sibi
2614 4426 2871 4491 peccandi
2927 4428 3252 4482 occasiones
3309 4445 3457 4499 qna:-

212 4522 490 4578 ᾶπαντας,
544 4518 638 4569 καὶ
691 4517 829 4588 μῄτε
879 4517 1094 4578 ἑαυτοῖς
1140 4517 1210 4568 δι’
1248 4517 1452 4586 ἑτέρων
1487 4523 1796 4588 περιποιεῖν
1822 4535 1870 4591 ι)

1786 4532 2044 4591 tDrcre,
2088 4515 2174 4570 vel
2234 4515 2359 4567 aliis
2421 4514 2523 4582 ipsi
2584 4515 2848 4582 praebere,
2916 4530 3024 4570 non
3084 4529 3304 4583 ascetae,
3363 4522 3460 4575 sed

213 4610 517 4680 σκάνδαλα,
573 4609 700 4676 μήθ’
731 4609 940 4676 ἑτέροις
989 4607 1058 4659 δι’
1088 4608 1321 4670 ἑαυτῶν,
1373 4611 1501 4673 τοὺς
1537 4611 1594 4663 δὲ
1630 4629 1795 4681 μοναο

211 4705 348 4774 χοὺς
381 4700 563 4770 πολλῷ
601 4699 784 4752 πλέον.
819 4698 891 4751 Τὸ
924 4697 980 4750 δὲ
1008 4698 1065 4749 ἐν
1091 4699 1391 4768 γυναικείῳ
1446 4703 1792 4772 μοναστηρίῳ

213 4795 506 4850 καθεύδειν
537 4793 757 4862 ἀνδρας,
785 4791 817 4861 ἢ
849 4783 1186 4853 τούναντίον,
1221 4789 1315 4843 καὶ
1347 4792 1531 4854 αὐτοῖς
1563 4793 1790 4856 ἐκείνοις

213 4888 534 4942 σκανδάλων
584 4885 758 4938 αίτιον
806 4883 960 4935 ἔσται
1010 4885 1104 4935 καὶ
1137 4885 1338 4945 ἄλλοις.
1372 4885 1652 4952 Ἐμφυτον
1683 4885 1790 4954 γὰρ

212 4981 286 5048 τῇ
323 4979 491 5046 σαρκὶ
519 4976 581 5028 τὸ
616 4975 727 5046 πῦρ
754 4974 816 5026 τὸ
861 4977 925 5026 ὲκ
961 4973 1071 5026 τῶν
1099 4973 1309 5034 παθῶν,
1345 4980 1435 5027 καὶ
1471 4975 1624 5044 μόλις
1658 4977 1790 5044 ἡμῖν

210 5071 356 5138 ὓλης
402 5065 750 5134 ἀναπτούσης
802 5063 935 5118 αὔτὸ
984 5066 1173 5136 πόρῤω
1208 5065 1436 5128 ἑαυτοὺς
1488 5067 1791 5118 καθεστῶσι

213 5160 648 5234 μαλθακώτερον
696 5158 893 5225 γένοιτ’
928 5157 1014 5210 ἄν.
1060 5158 1122 5209 El.
1150 5158 1204 5210 δὲ
1237 5160 1394 5228 ἡμεῖς
1423 5158 1572 5228 αὑτῷ
1607 5174 1792 5229 παραυ

217 5253 478 5322 ειθέαμεν
527 5249 955 5319 ὑπεκκαύματα,
987 5247 1190 5319 λαῦρον
1235 5250 1441 5314 ἔσεται,
1495 5251 1588 5301 καὶ
1621 5267 1791 5303 κατα-

208 5346 423 5416 πρήσει
478 5343 552 5404 ὡς
609 5344 802 5410 χόρτον
857 5341 1054 5412 ῥᾳδίως
1106 5343 1274 5411 ἡμᾶς.
1340 5341 1403 5393 Τί
1440 5341 1581 5394 δ’ἂν
1640 5341 1792 5395 ἔσται

202 5436 446 5505 ἀνδράσι
481 5436 614 5501 πρὸς
648 5435 707 5487 τὸ
743 5435 842 5503 τῆς
871 5433 1176 5502 ἐπιθυμίας
1207 5433 1317 5504 πῦρ
1347 5433 1792 5504 δραστικώτερον

201 5529 553 5596 ὑπέκκαυμα
577 5530 856 5595 γυναικὸς,
891 5528 924 5600 ἢ
959 5526 1210 5594 γυναιξὶν
1242 5520 1400 5586 αὗθις
1429 5525 1624 5595 ἀνδρὸς
1655 5526 1792 5594 πρὸς

198 5620 409 5691 εξαψιν
458 5619 560 5688 τῆς
589 5607 844 5685 τοιαύτης
877 5616 1096 5683 φλογός.
1132 5615 1240 5666 Καὶ
1273 5613 1416 5665 οὕτω
1468 5614 1567 5682 μὲν
1628 5614 1792 5683 ἀλλή-

195 5716 330 5776 λοις
388 5713 436 5764 ot
497 5714 766 5780 μονασταὶ
823 5711 993 5770 λαόἀς
1056 5707 1360 5760 σκανδάλου
1412 5696 1742 5775 παρέξουσιν
1776 5748 1790 5772 ,

197 5805 440 5875 ἑτέρους
487 5803 544 5854 δὲ
590 5802 1059 5864 σκανδαλίσουσιν,
1107 5800 1352 5870 ὁρῶντας
1406 5803 1674 5869 γυναῖκας
1734 5802 1792 5854 ὲν

478 5897 752 5958 Puncta
789 5901 904 5961 Gn.
938 5895 1308 5962 CXXXV”.

1896 4622 2088 4662 omnes
2135 4606 2355 4675 quidem
2391 4605 2514 4660 ﬁdei
2551 4606 2828 4675 mysteriis
2861 4608 3088 4670 initiati,
3116 4611 3461 4680 proindeque

1898 4699 2069 4754 multo
2098 4697 2272 4767 magis
2303 4697 2557 4761 monachi
2589 4698 2692 4750 hoc
2719 4713 2931 4752 canone
2986 4700 3268 4767 jubentur.
3305 4702 3459 4769 Quod

1897 4791 1940 4846 si
1979 4791 2033 4844 in
2065 4789 2413 4844 monasteriis
2447 4790 2738 4842 mulierum
2777 4791 2877 4843 viri
2949 4803 3301 4859 pernuctent,
3357 4806 3453 4850 aut

1896 4891 2110 4944 contra,
2164 4882 2217 4933 in
2255 4893 2484 4939 co,tum
2527 4880 2772 4944 ipsorum
2831 4883 2921 4949 qui
2976 4883 3026 4933 id
3075 4884 3285 4937 faciunt
3345 4897 3460 4939 tum

1896 4974 2122 5028 aliorum
2154 4988 2393 5041 quoque,
2431 4972 2788 5025 oll'ensionem
2829 4975 3070 5041 aliquam
3121 4977 3462 5031 intercedere

1897 5080 2119 5120 necesse
2145 5073 2250 5118 est.
2282 5064 2447 5118 Carni
2480 5066 2622 5117 enim
2652 5065 2872 5119 innatus
2904 5077 2987 5119 est
3039 5070 3203 5120 animi
3241 5083 3457 5137 pertur-

1897 5157 2367 5224 bationumiguis,
2406 5167 2457 5208 et
2487 5157 2570 5208 vix
2643 5157 2820 5220 nobis,
2882 5161 3067 5225 procul
3120 5176 3146 5211 a
3207 5165 3459 5222 materia.

1895 5265 2016 5319 qua:
2046 5263 2169 5302 eum
2201 5249 2469 5312 accendit,
2533 5259 2748 5303 nosmet
2801 5253 3272 5308 eonstitmnitilms
3309 5254 3455 5307 debi-

1896 5342 2000 5395 lior
2035 5340 2145 5393 ﬂat.
2182 5339 2335 5404 Quod
2374 5340 2419 5392 si
2459 5344 2625 5392 etiam
2681 5341 2923 5394 fomitem
2978 5344 3193 5409 ipsitnct
3250 5345 3455 5410 ingera-

1896 5443 2036 5494 mus,
2071 5433 2368 5486 invalescet
2401 5433 2801 5497 vehementius,
2867 5451 3080 5502 nosque
3110 5437 3258 5489 nullo
3293 5455 3458 5505 ncom-

1897 5525 1974 5578 tio
2015 5523 2149 5576 {uani
2183 5524 2463 5592 stipulzet‘e
2487 5525 2660 5576 instar
2691 5527 2963 5577 absumet.
3018 5526 3156 5590 Quid
3202 5545 3365 5597 porro
3397 5531 3462 5582 ad

1895 5619 2216 5688 cupiditatis
2244 5623 2296 5672 iu
2342 5620 2563 5671 homine
2631 5618 2904 5674 ﬂanunam
2962 5625 3306 5675 excitandam
3342 5642 3461 5676 mu-

1895 5711 2026 5765 liere
2058 5710 2485 5764 vehementius?
2514 5711 2638 5780 quid
2678 5712 2940 5777 vicissim,
2983 5725 3039 5765 ut
3093 5713 3451 5771 inﬂammetnt

1896 5802 2001 5857 hoc
2033 5802 2152 5873 igne
2190 5802 2406 5870 mulier,
2441 5803 2661 5857 homine
2695 5805 3099 5872 pericuiosius?
3137 5805 3308 5861 Erunt
3360 5811 3460 5879 ἱείς

3091 5898 3164 5957 22
