4240 6442
758 378 866 441 683

2004 369 2282 430 THEOD.
2333 369 2732 431 BALSAMON

3872 369 3989 434 684

759 497 978 541 turlum
1012 481 1512 549 sihiinvicem,‘qui
1569 480 1623 533 in
1683 479 2031 534 monasteriis
2085 479 2310 549 degunt,
2338 481 2433 546 Ad

2338 490 2388 546 Α
2414 479 2627 548 ἀνδρῶν
2651 479 3024 548 καταγωγίοις
3054 479 3598 552 διανυκτερευοὼσς,
3631 480 3664 553 ᾖ
3693 481 3893 552 ἄνδρας
3925 486 3991 536 ὲν

757 577 1076 633 oli'ensionis
1112 573 1274 644 215
1297 587 1486 632 causa.
1511 583 1627 624 tum
1659 573 1783 628 aliis
1813 587 2055 640 quoque,
2079 573 2318 641 quicun-

758 685 866 738 que
890 677 984 722 aut
1013 667 1337 721 muliebrem
1378 665 1432 718 in
1456 664 1766 720 diversorio
1798 664 1963 727 virili,
2009 670 2107 716 aut
2170 663 2318 717 viro-

761 777 880 814 rum
930 761 984 812 in
1046 757 1297 812 muliebri
1356 758 1627 810 asceterio
1669 755 2133 824 pernoctationem
2199 753 2318 806 ani-

764 851 1172 922 madverterint.
1239 847 1539 916 Su5piciosi
1589 846 1791 900 etenim
1867 854 1998 901 sunt
2068 845 2318 915 plerique

761 943 1031 1005 homines,
1063 941 1265 1011 quique
1294 938 1615 994 ollensionis
1651 946 1708 992 et
1737 937 2026 992 calumniae
2063 936 2316 990 occasio-

2417 571 2741 642 ἀσκητηρίῳ
2788 571 3064 639 γυναικῶν
3111 571 3313 641 ὁμοίως
3362 573 3670 637 ποιοῦντας.
3725 572 3991 644 Tarii-lao-

2418 674 2544 711 πτοι
2571 660 2678 728 γάρ
2706 660 2756 711 οί
2787 659 3025 724 πλείους,
3061 660 3158 714 καὶ
3188 663 3446 732 ἀφορμὰς
3481 662 3774 734 ζητοῦντες
3811 681 3991 718 σκαν-

2418 749 2590 802 δάλων
2636 750 2670 821 ἢ
2729 749 2822 804 καὶ
2879 751 3165 808 ausam”.
3223 753 3318 807 Διδ
3378 755 3475 806 καὶ
3527 756 3643 818 τοῖς
3697 756 3993 826 Πατράσιν

2418 840 2789 911 ἀπηγόρευται
2816 840 2976 895 τοῦτο
3002 841 3078 906 ὡς
3104 843 3205 897 οὐκ
3231 843 3508 916 εὔσχημον
3533 862 3549 878 ·
3576 847 3706 912 τοὺς
3737 848 3796 901 δὲ
3827 849 3993 919 παρά

2419 934 2592 987 ταῦτα
2625 933 2915 996 ποιοῦντας
2940 935 3232 1007 ἀφορισμῷ
3255 937 3598 1001 κολάζουσιν.

761 1055 858 1093 nes
898 1038 1132 1107 undique
1161 1042 1526 1106 ancupantur.
1557 1034 1685 1088 Eam
1715 1049 1828 1089 rem
1892 1034 2078 1104 igitur,
2111 1047 2142 1086 a
2173 1030 2308 1086 recti
2377 1030 2556 1098 specie
2603 1031 2807 1100 quippe
2883 1028 3140 1096 alienam,
3201 1031 3394 1090 Patres
3475 1035 3577 1091 hac
3597 1037 3994 1094 constitutione
4060 1016 4070 1042 ἶ

760 1137 1051 1196 damnant;
1089 1131 1290 1198 quique
1313 1127 1694 1183 constitutioni
1735 1141 1841 1181 non
1880 1123 2189 1194 paruerint,
2211 1136 2310 1177 eos
2339 1121 2710 1191 segregatione
2743 1121 2959 1174 multari
2986 1121 3203 1190 iubent.

763 1229 985 1288 AlllST.
1029 1247 1048 1280 ι
1078 1226 1263 1298 Neque
1297 1227 1582 1280 mulierem
1624 1225 1677 1278 in
1703 1224 1967 1288 virorum,
2009 1237 2110 1278 nec
2145 1222 2321 1276 virum

838 1343 855 1374 ι
891 1327 941 1374 in
992 1322 1278 1375 mulierum
1334 1317 1664 1372 monasterio
1719 1317 1958 1372 dormire
2018 1321 2250 1385 oportet.
2293 1332 2316 1366 ι

834 1413 1167 1482 Perspicua“.

1280 1501 1512 1557 CANON
1567 1499 1798 1554 XLVIII.

768 1616 785 1648 ι
821 1593 971 1652 Uxor
1001 1595 1143 1663 ejus,
1181 1595 1271 1662 qui
1306 1595 1371 1648 ad
1413 1592 1776 1661 episcopalem
1829 1591 2150 1661 dignitatem
2187 1605 2318 1660 pro-

839 1709 858 1740 ι
903 1699 1081 1742 motus
1111 1695 1216 1751 cst,
1248 1685 1522 1739 communi
1557 1686 1643 1739 sui
1672 1685 1772 1738 viri
1825 1699 2096 1738 consensu
2166 1685 2320 1750 prius
2364 1737 2373 1748 ,

838 1800 855 1831 ι
895 1791 1165 1849 separata,
1194 1786 1481 1847 postquam
1546 1778 1601 1830 in
1658 1778 1977 1844 episcopum
2030 1774 2318 1828 ordinatus

2427 1217 2649 1269 ΑΡΙΣΤ.
2683 1234 2701 1266 ι
2736 1216 2874 1269 Οὔτε
2901 1221 3134 1284 γυναῖκα
3154 1219 3328 1289 χρεὼν
3351 1219 3408 1272 ὲν
3429 1219 3639 1288 ἀνδρῶν
3657 1221 3994 1291 ωθευδῆσαι

2505 1327 2524 1361 ι
2570 1312 2938 1380 μοναστηρίῳ,
2969 1313 3093 1364 οὔτε
3121 1313 3396 1381 γυναικῶν
3423 1314 3607 1384 ἄνδρα.
3634 1332 3656 1366 ι
3686 1314 3916 1385 Σαφής.

2995 1488 3236 1542 ΚΔΝΩΝ
3271 1491 3411 1544 MH'.

2432 1598 2450 1631 ι
2508 1580 2572 1633 'H
2616 1580 2708 1632 τοῦ
2761 1580 2897 1651 πρὸς
2953 1580 3259 1650 ἐπισκοπῆς
3303 1582 3602 1654 προεδρίαν
3645 1583 3992 1653 ἀναγομένου

2501 1691 2520 1725 ι
2565 1675 2704 1743 γυνὴ
2752 1673 2895 1726 κατά
2929 1673 3114 1744 κοινὴν
3143 1675 3462 1743 συμφωνίαν
3512 1674 3604 1728 τοῦ
3652 1677 3860 1730 οἰκείου
3887 1678 3994 1730 ἀν⁶

2502 1784 2520 1817 ι
2565 1766 2689 1836 δρὸς
2743 1765 3230 1836 προδιαζευχθεῖσα
3263 1767 3400 1834 μετά
3457 1769 3557 1838 τὴν
3591 1769 3675 1823 ἐπ’
3707 1771 3860 1841 αὐτῷ
3889 1773 3993 1840 τῆς

837 1893 854 1925 ι
907 1881 1009 1936 est,
1049 1870 1440 1923 monasterium
1480 1866 1817 1936 ingrediatur
1865 1865 2052 1935 procul
2111 1865 2180 1919 ab
2202 1851 2392 1934 epi-B
2497 1875 2511 1908 ι

2346 1851 2392 1910 Β
2497 1875 2516 1908 ι
2563 1857 2866 1925 ἐπισκοπῆς
2917 1857 3254 1928 χειροτονίαν
3298 1860 3358 1910 ἐν
3408 1861 3757 1931 μοναστηρίῳ
3801 1863 3995 1915 εἰσίτω

835 1983 854 2016 ι
891 1964 1038 2032 scopi
1065 1962 1400 2014 habitatione
1437 1967 1800 2023 exstructum,
1832 1966 1885 2012 et
1913 1957 2157 2027 episcopi
2196 1973 2321 2026 pro-

841 2079 859 2107 4
898 2057 1135 2110 videntia
1172 2055 1403 2107 fruatur.
1440 2051 1536 2105 Sin
1578 2063 1758 2105 autem
1797 2050 1960 2120 digna
1988 2051 2102 2104 visa
2134 2049 2320 2114 fuerit,

838 2167 856 2200 ι
899 2150 1065 2204 etiam
1095 2147 1160 2200 ad
1200 2146 1523 2199 diaconatus
1553 2143 1869 2214 dignitatem
1923 2141 2268 2211 provelietur.
2295 2157 2315 2190 ι

832 2329 1028 2384 BALS.
1100 2328 1282 2382 Sancti
1336 2327 1555 2397 quidem
1631 2325 1863 2395 apostoli
1920 2324 1977 2378 in
2031 2325 2065 2379 5
2114 2339 2322 2379 canone

763 2424 1113 2484 deﬁnientes,
1134 2420 1441 2489 episcopus,
1485 2417 1569 2472 vel
1601 2419 1910 2487 presbyter,
1945 2417 2028 2470 vel
2057 2415 2322 2470 diaconus

763 2531 916 2569 suam
943 2527 1167 2565 uxorem
1209 2527 1275 2568 ne
1313 2510 1496 2578 eiiciat
1520 2507 1734 2577 pietatis
1780 2513 2064 2576 practextu,
2096 2521 2323 2561 conces-

765 2607 1395 2677 seruntepiscopospost
1414 2598 1821 2656 ordinationem
1847 2597 2059 2656 habere
2072 2599 2324 2670 proprias

769 2717 988 2754 uxores.
1025 2699 1319 2753 Praesentis
1356 2706 1536 2750 autem
1589 2695 1785 2766 synodi
1837 2694 2014 2748 sancti
2057 2692 2240 2746 Patres
2266 2693 2320 2745 in

767 2792 835 2845 12
864 2792 1080 2859 quidem
1115 2805 1325 2842 canone
1358 2788 1713 2849 deﬁnierunt,
1748 2801 1870 2855 qua:
1899 2788 2117 2841 tandem
2186 2785 2322 2839 deii-

765 2885 1007 2936 nierunt.
1061 2881 1211 2934 Nunc
1239 2890 1421 2933 autem
1456 2878 1648 2946 jubent
1685 2893 1834 2944 eum,
1868 2878 1961 2947 qui
2011 2878 2222 2931 electus
2243 2885 2324 2930 est

765 2974 1082 3042 cpiscopus,
1152 2972 1221 3024 ab
1278 2984 1339 3024 ea
1369 2983 1532 3037 quam
1596 2968 1758 3023 habet
1811 2981 1984 3021 uxore
2048 2966 2324 3021 communi

767 3081 1037 3120 consensu
1077 3063 1345 3132 separari,
1369 3071 1424 3115 et
1447 3068 1568 3129 post
1595 3059 2073 3114 consecrationem
2131 3060 2326 3112 mulie-

770 3171 879 3208 rem
911 3153 1304 3207 monasterium
1333 3152 1566 3218 ingredi,
1607 3150 1753 3218 quod
1804 3151 1876 3204 sit
1916 3151 2073 3220 longe
2101 3151 2170 3203 ab
2193 3151 2325 3221 epi-

769 3254 1017 3312 scopatu.
1077 3241 1147 3295 Sc
1216 3243 1362 3295 enim
1433 3241 1663 3293 invicem
1714 3240 2025 3309 frequenter
2090 3242 2316 3302 intueri.

768 3338 1004 3407 priorem
1047 3349 1233 3386 eorum
1264 3332 1386 3384 vitae
1430 3333 1700 3384 rationem
1749 3347 1810 3384 ac
1861 3333 2319 3385 consuetudinem

766 3426 1088 3483 estomnino
1119 3425 1169 3476 in
1201 3425 1513 3475 memoriam
1553 3424 1633 3476 eis
1665 3430 2067 3486 revocaturum,
2089 3431 2144 3476 et
2179 3437 2322 3476 amo-

771 3533 881 3572 rem
915 3532 1295 3571 accensurum.
1333 3513 1466 3567 Cum
1495 3515 1597 3568 hoc
1631 3523 1807 3566 autem
1845 3514 1926 3567 sic
1987 3513 2097 3575 llat,
2131 3515 2327 3568 mulie-

770 3623 879 3662 rem
903 3607 1118 3675 quidem
1151 3605 1219 3657 ab
1256 3605 1515 3672 cpiscOpo
1565 3605 1781 3672 dignam
1840 3601 2146 3655 existimari
2199 3619 2328 3670 pro-

771 3700 1004 3753 videntia
1047 3696 1344 3765 corporali,
1383 3697 1428 3749 si
1487 3696 1558 3748 sit
1619 3710 1861 3764 pauper:
1925 3697 2005 3750 sin
2039 3707 2222 3749 autem
2260 3697 2330 3750 sit

770 3791 1035 3858 locuples,
1077 3787 1215 3840 nihil
1247 3785 1295 3838 ei
1330 3785 1400 3839 ab
1452 3787 1708 3854 episcopo
1763 3785 1985 3853 dignam
2028 3785 2330 3840 exiStimari

773 3881 1112 3951 providentia
1144 3879 1435 3947 corporali.
1463 3878 1506 3931 si
1545 3879 1615 3930 sit
1648 3892 1889 3946 pauper:
1937 3879 2021 3934 sin
2053 3887 2234 3934 autem
2260 3880 2332 3934 sit

771 3974 1029 4044 locuples,
1066 3972 1196 4024 nihil
1235 3970 1284 4025 ei
1311 3970 1378 4022 ab
1411 3969 1664 4038 episcopo
1685 3968 1930 4036 dabitur;
1953 3973 2206 4039 quoniam
2231 3987 2332 4026 nec.

773 4067 818 4118 si
855 4068 965 4134 ipse
1012 4063 1228 4133 quidem
1274 4064 1344 4115 sit
1415 4061 1676 4129 locuples,
1732 4077 1798 4114 ex
1835 4061 2146 4130 episcopatu
2190 4063 2332 4115 redi-

775 4157 917 4210 tibus
963 4156 1265 4225 quidquam
1299 4161 1479 4224 potest
1517 4153 1571 4206 in
1617 4154 1858 4222 scipsum
1908 4153 2237 4220 expendere.
2277 4155 2331 4207 Si

773 4258 952 4302 autem
987 4247 1104 4314 eius
1146 4249 1333 4299 uxoris
1373 4247 1476 4299 vita
1513 4246 1585 4300 sit
1625 4248 1806 4314 gravis
1839 4255 1892 4300 et
1944 4247 2117 4317 gradu
2146 4247 2334 4300 diaco-

2495 1966 2515 2000 ι
2561 1936 2750 2018 πόρρω
2775 1946 2874 2009 τῆς
2902 1945 2997 1999 τοῦ
3029 1949 3325 2001 ἐπισκόπου
3354 1950 3681 2019 καταγωγῆς
3709 1949 4001 2023 ᾠκοδομη-

2497 2057 2516 2091 ι
2563 2041 2737 2110 μένῳ,
2768 2040 2986 2106 καὶτῆς
3016 2042 3082 2094 ἐκ
3107 2042 3202 2093 τοῦ
3237 2041 3535 2095 ἐπισκόπου
3567 2045 3824 2113 προνοίας
3855 2045 4000 2101 ἀπο-

2495 2150 2514 2183 i
2559 2123 2769 2185 λαυέτω
2790 2145 2807 2162 ο
2839 2133 2887 2185 εί
2915 2132 2973 2185 δὲ
3002 2135 3091 2186 καὶ
3118 2132 3241 2198 ἀξία
3266 2133 3491 2204 φανείη,
3519 2135 3614 2188 καὶ
3641 2135 3776 2206 πρὸς
3805 2138 3870 2192 τὺ
3893 2138 3999 2208 τῆς

2495 2243 2516 2276 ε
2560 2223 2833 2287 διακονίας
2863 2223 3358 2295 ἀναϐιϐασθήσεται
3384 2226 3622 2296 ἀξίωμα.
3667 2247 3688 2281 ι

2492 2317 2688 2372 ΒΑΛΣ.
2724 2318 2786 2370 Ol
2822 2317 2920 2387 μὲν
2951 2316 3094 2385 ἅγιοι
3125 2317 3416 2373 ἀπόστολοι
3445 2319 3502 2375 ἐν
3532 2321 3766 2394 πέμπτῳ
3802 2325 3998 2380 κανόνι

2420 2408 2793 2478 διοριζόμενοι,
2845 2409 3141 2473 ἰιπὶσκοπος
3177 2411 3210 2484 ἢ
3261 2411 3630 2484 πρεσϐύτερος
3667 2415 3700 2486 ἦ
3742 2416 3999 2483 διάκονος

2420 2502 2519 2571 τὴν
2561 2499 2756 2554 ἑαυτοῦ
2801 2503 3036 2570 γυναῖκα
3083 2504 3158 2574 μὴ
3201 2504 3479 2558 ὲκὸαλέτω
3519 2508 3791 2575 προφάσει
3831 2510 4004 2564 εὐλα-

2425 2595 2596 2661 ϐείας,
2622 2593 2889 2650 ινέδωκαν
2912 2599 3026 2660 τοῖς
3055 2599 3372 2661 ἐπισκόποις
3398 2599 3491 2651 καὶ
3519 2602 3654 2668 μετὰ
3682 2601 3780 2671 τὴν
3810 2618 4003 2672 χειρο-

2421 2691 2603 2744 τονίαν
2630 2691 2774 2761 ἔχειν
2801 2693 2897 2754 τὰς
2926 2693 3132 2755 οἰκείας
3161 2694 3426 2759 γυναῖκας
3454 2712 3469 2726 ·
3499 2693 3549 2747 οί
3577 2694 3633 2747 δὲ
3659 2695 3756 2761 τῆς
3785 2697 4003 2765 παρού-

2425 2802 2524 2855 σης
2570 2785 2789 2838 συνόδου
2842 2785 2985 2852 ἆγιοι
3043 2785 3282 2854 [lati-ips;
3333 2786 3392 2838 ἒν
3442 2786 3540 2856 μὲν
3583 2785 3657 2856 τῷ
3708 2786 3778 2857 ιβ’
3810 2790 4001 2842 κανόνι

2421 2874 2741 2947 διωρίσαντο
2774 2877 2872 2930 ὅσα
2905 2876 3038 2947 δῆτα
3072 2878 3166 2929 καὶ
3200 2875 3442 2948 ὥρισανο
3475 2879 3680 2947 ἀρτίως
3717 2880 3772 2932 δὲ
3814 2897 4003 2948 παραυ

2422 2967 2733 3020 κελεύονται
2774 2967 2866 3020 τὸν
2910 2967 3252 3037 ψηφισθέντα
3300 2969 3380 3030 είς
3429 2968 3734 3040 ἐπισκοπὴν
3785 2972 4005 3024 ἀποδεί-

2425 3060 2653 3113 στασθαι
2684 3061 2784 3128 τῆς
2820 3059 3124 3129 προσούσης
3157 3060 3304 3129 αὐτῷ
3339 3061 3594 3128 γυναικὸς
3630 3061 3769 3115 κατά
3808 3065 4005 3132 κοινὴν

2429 3152 2747 3223 ἀρέσκειαν,
2777 3153 2873 3204 καὶ
2906 3144 3043 3222 μετά
3068 3153 3167 3221 τὴν
3194 3155 3529 3224 χειροτονίαν
3557 3156 3614 3206 ἐν
3644 3159 4008 3226 μοναστηρίφ

2429 3243 2768 3314 είσὲρχεσθαι
2791 3246 2888 3310 τὴν
2909 3247 3162 3310 γυναῖκα,
3188 3245 3378 3316 πόρρω
3401 3247 3514 3299 ὄντι
3534 3246 3634 3315 τῆς
3661 3248 4004 3314 ἐπισκοπῆς.

2429 3336 2503 3388 'I‘b
2533 3337 2642 3406 γὰρ
2676 3336 2934 3404 ἀλλήλους
2964 3338 3095 3407 ὁρᾷν
3125 3338 3364 3406 συνεχῶς
3395 3339 3838 3407 ἀναμιμνήσκειν
3870 3339 4005 3407 μέλε

2427 3427 2509 3480 λει
2550 3430 2765 3491 πάντως
2800 3429 2997 3490 αὐτοὺς
3031 3430 3129 3496 τῆς
3169 3430 3444 3498 προτέρας
3485 3430 3761 3499 διαγωγῆς
3805 3449 3866 3483 τε
3909 3433 4003 3485 καὶ

2429 3518 2806 3586 συμϐιώσεως,
2851 3521 2942 3571 καὶ
2988 3520 3308 3572 ὑπεκκαίειν
3352 3521 3444 3573 τὸν
3487 3521 3684 3589 ἔρωτα.
3742 3521 3906 3575 Οὕτω
3949 3523 4008 3575 δὲ

2427 3609 2614 3662 τούτου
2649 3611 2962 3679 γινομένου,
3004 3610 3283 3674 ἀξιοῦσθαι
3314 3615 3414 3680 τὴν
3447 3615 3677 3678 γυναῖκα
3715 3614 3873 3682 παρὰ
3907 3614 4006 3666 τοῦ

2428 3703 2724 3755 ἐπισκόπου
2754 3703 3008 3772 προνοίας
3035 3705 3371 3772 σωματικῆς,
3400 3704 3548 3774 ἐνδεῆ
3580 3702 3744 3756 οὖσαν
3765 3720 3781 3736 ⁸
3814 3708 3866 3756 εί
3895 3707 4008 3776 γὰρ

2427 3790 2678 3858 εὐπορεῖ,
2709 3790 2859 3842 οὐδέν
2888 3807 2939 3843 τι
2971 3789 3260 3859 δοθήσεται
3297 3793 3432 3862 αὐτῇ
3469 3795 3617 3861 παρὰ
3644 3793 3739 3845 τοῦ
3772 3797 4007 3848 ἐπισκό-

2430 3896 2552 3932 που.
2591 3880 2665 3931 Οὐ
2708 3879 2813 3947 γὰρ
2851 3879 3013 3941 αὐτὸς
3054 3881 3301 3943 εὐπορῶν
3334 3881 3556 3934 δύναταί
3589 3900 3642 3935 τι
3685 3885 3762 3944 εἰς
3809 3885 4008 3939 tam?”

2427 3969 2668 4039 δαπανᾷν
2699 3973 2759 4022 ἐκ
2788 3971 2896 4023 τῶν
2925 3972 3144 4024 εἰσόδων
3173 3973 3272 4041 τῆς
3300 3974 3628 4043 ἐπισκοπῆς.
3663 3975 3726 4026 Εἰ
3756 3975 3818 4026 δὲ
3853 3977 3950 4029 καὶ
3980 3979 4009 4029 ὁ

2432 4059 2545 4126 βίος
2576 4061 2672 4127 τῆς
2708 4060 2970 4126 γυναικὸς
3012 4061 3206 4129 σεμνός
3242 4063 3356 4114 ἐστι
3392 4065 3485 4116 καὶ
3518 4064 3612 4115 τοῦ
3651 4063 3870 4132 βαθμοῦ
3908 4067 4009 4135 τῆς

2431 4149 2706 4212 διακονίας
2739 4151 2908 4215 ἄξιος,
2940 4152 3031 4203 καὶ
3059 4153 3193 4224 πρὸς
3217 4154 3423 4225 ταύτην
3450 4157 4008 4230 προανασιεασθήσε-

2429 4259 2539 4296 ται.
2568 4242 2752 4297 Ταῦτα
2778 4244 2871 4295 τοῦ
2903 4246 3123 4307 κανόνος
3151 4245 3554 4317 διοριζομένου,
3588 4250 3864 4320 ἐρωτήσει
3891 4269 4006 4316 τις,

777 4347 934 4390 natus
985 4337 1172 4405 digna,
1231 4335 1294 4388 ad
1351 4351 1468 4389 cam
1531 4350 1747 4405 quoque
1802 4338 2149 4405 provchctnr.
2208 4335 2334 4390 llaec
2428 4335 2451 4387 ι]

2428 4335 2502 4397 ὼς
2523 4337 2620 4405 τῆς
2646 4337 2761 4405 px?
2791 4336 3209 4392 Ἰουστινιανείου
3233 4339 3451 4408 Νεαρᾶς
3476 4339 3586 4408 (40)
3608 4343 3708 4409 τῆς
3736 4343 4008 4407 πολλάκις

773 4445 896 4483 cum
938 4448 965 4481 τι
991 4438 1201 4483 canone
1231 4424 1616 4491 (Ιονοι-ηοιιιιιτ,
1644 4428 2000 4495 interrogabit
2020 4429 2287 4496 quispiam
2315 4446 2329 4482 :
2429 4427 2447 4478 ὲ

2429 4427 2487 4479 ὲν
2514 4427 2592 4497 τῷ
2625 4427 2853 4498 παρόντι
2887 4426 3079 4499 βιϐλίῳ
3113 4430 3590 4500 καταστρωθείσης
3625 4433 4010 4504 ἀπαγορευού-

776 4520 908 4573 Cum
943 4519 1240 4573 Iustiniani
1267 4520 1364 4572 127
1399 4520 1630 4580 novella,
1666 4535 1786 4590 quae
1813 4519 1866 4572 in
1905 4521 2160 4588 pnesenti
2191 4521 2330 4574 libro
2363 4549 2405 4605 υ
2435 4535 2450 4570 c

2363 4549 2405 4605 Β
2435 4535 2534 4588 σης
2571 4520 2632 4571 τὸ
2676 4521 2815 4573 κατὰ
2857 4521 3162 4574 συναίνεσιν
3200 4523 3306 4574 τῶν
3341 4523 3630 4591 ὁμοζύγων
3667 4525 3902 4580 λύεσθαι
3941 4529 4009 4582 τά

777 4627 920 4681 saepe
953 4611 1132 4680 posita
1197 4620 1305 4672 est,
1371 4612 1659 4680 prohibeat
1718 4610 2013 4680 coniugum
2059 4624 2329 4664 consensu
2436 4627 2451 4662 <

2436 4609 2778 4672 συνοικέσια,
2814 4611 2931 4674 πῶς
2964 4614 2993 4666 ό
3029 4611 3216 4682 παρὼν
3249 4613 3430 4666 κανὼν
3459 4614 3756 4684 διορίζεται
3789 4619 4008 4672 ἀποδιί-

778 4703 1001 4759 dissolvi
1039 4704 1466 4765 matrimonium,
1498 4703 1780 4771 quomodo
1815 4700 2060 4754 decernit
2089 4714 2333 4769 praesens
2433 4717 2452 4752 ι

2433 4699 2661 4753 στασθαι
2695 4702 2836 4754 κατά
2871 4703 3174 4756 συναίνεσιν
3202 4703 3298 4757 τοῦ
3334 4704 3642 4774 ὐποψηφίου
3679 4708 3883 4778 ἀνδρὸς
3912 4709 4011 4779 τὴν

779 4810 974 4852 canon.
1012 4809 1231 4846 uxorem
1268 4795 1334 4846 ab
1365 4794 1539 4845 electo
1598 4792 1795 4843 marito
1848 4804 2117 4846 consensu
2174 4803 2334 4858 sepa-
2431 4809 2453 4860 γ

2431 4795 2694 4860 γυναῖκας
2721 4795 2928 4860 Λύσις.
2960 4796 3112 4848 Κατά
3139 4796 3437 4849 συναίνεσιν
3465 4798 3564 4866 μὲν
3587 4799 3646 4851 οὐ
3665 4799 3860 4852 λύεται
3889 4816 4011 4853 συνο

780 4888 886 4940 rari
914 4887 936 4938 ?
965 4885 1185 4938 Salutio.
1217 4884 1491 4938 Conseusu
1545 4882 1763 4951 quidem
1801 4878 1908 4934 non
1957 4881 2188 4935 solvitur
2214 4895 2332 4934 ma-
2432 4900 2454 4935 ο

2432 4883 2701 4937 οικέσιον·
2741 4886 2801 4949 ἐξ
2836 4886 3057 4953 εὐλόγου
3097 4887 3154 4939 δὲ
3192 4887 3376 4948 αἰτίας
3413 4887 3618 4941 λύεται.
3661 4890 3776 4944 Καὶ
3819 4892 4011 4960 ὥσπερ

781 4976 1089 5029 u-imoninm
1134 4993 1149 5030 :
1186 4975 1278 5044 sed
1305 4975 1446 5045 insta
1487 4975 1553 5027 de
1575 4987 1739 5027 causa
1760 4972 2030 5027 solvitur:
2057 4980 2110 5026 et
2142 4987 2338 5042 qucm-
2435 4991 2455 5025 ιι

2337 5003 2338 5008 η
2435 4973 2530 5025 τοῦ
2553 4973 2669 5037 ἑνὸς
2688 4975 2794 5027 τῶν
2814 4975 3100 5045 ὀμοζύγων
3117 4977 3546 5046 ἀποκειρομένου
3569 4979 3809 5049 λέγομεν
3831 4981 4011 5051 ἀγαθῇ

779 5068 1092 5128 admodum,
1129 5069 1170 5121 si
1197 5083 1338 5120 unus
1379 5082 1443 5120 ex
1476 5065 1810 5134 coniugibus
1841 5062 2152 5127 tondeatur,
2202 5063 2335 5116 dici-
2439 5083 2453 5134 γ

2439 5065 2620 5135 χάριτι
2649 5064 2745 5135 τὴν
2773 5065 3048 5132 διάζευξιν
3075 5065 3354 5136 γίνεσθαι·
3385 5066 3527 5122 οὕτω
3563 5069 3656 5122 καὶ
3688 5069 3788 5122 τοῦ
3824 5071 4014 5141 ἀνδρὸς

783 5173 904 5212 mus
958 5159 1095 5212 bona
1152 5157 1321 5226 gratia
1381 5155 1776 5224 separationem
1828 5151 1980 5206 ﬁeri:
2011 5151 2084 5205 ita
2133 5158 2191 5206 et
2224 5150 2339 5203 viro
2437 5153 2457 5221 q

2437 5152 2830 5221 ψηφισθέντος,
2859 5155 3146 5226 λυθήσεται
3179 5155 3319 5224 μετά
3343 5158 3442 5225 τὴν
3467 5160 3811 5229 χειροτονίαν
3837 5162 3930 5214 καὶ
3956 5160 4015 5213 τδ

783 5251 955 5302 electo
989 5242 1111 5317 pust
1141 5247 1541 5301 ordinationem
1588 5244 1826 5300 solvetur
1864 5242 2198 5312 coniugium.
2225 5239 2336 5296 Nec
2442 5259 2457 5294 ι

2442 5243 2796 5299 συκικέσιον.
2833 5245 2946 5300 Καὶ
2981 5246 3043 5299 οὐ
3080 5245 3231 5302 δοκεῖ
3268 5249 3407 5301 κατά
3445 5249 3758 5303 συναίνεσιν
3792 5251 4014 5305 λύεσθαι

2039 5383 2230 5446 Guill.
2255 5386 2584 5464 Beveregii
2617 5395 2803 5450 notua.

829 5529 966 5608 140)
989 5532 1070 5599 βξ.
1124 5546 1256 5599 κερ.
1310 5530 1414 5594 τῆς
1458 5537 1611 5608 ρκγθ.
1659 5533 2144 5608 Ἰουστινιανειόυ
2202 5549 2335 5608 νεα·
2440 5549 2502 5588 ce

2440 5549 2560 5608 cep.
2627 5535 2719 5598 15,
2772 5535 2956 5608 til._l,
2992 5537 3031 5591 1.
3094 5553 3146 5591 iv
3207 5536 3423 5592 Basilio.
3488 5535 3756 5598 citantur,
3806 5553 3909 5608 pro
3955 5549 4017 5592 ιε’

777 5602 908 5667 ρᾶς.
937 5602 1014 5676 ita
1074 5616 1206 5654 sane
1261 5617 1450 5656 omnes
1484 5607 1693 5676 habent
1733 5616 1887 5676 ms_s.,
1924 5605 2033 5676 As_e_d
2067 5619 2162 5676 pro
2189 5602 2328 5676 ρκγ’.
2440 5620 2451 5657 ι

2440 5607 2785 5659 scribendum
2822 5604 2910 5672 ιη’.
2945 5607 3060 5661 Non
3119 5609 3262 5661 enim
3296 5608 3349 5661 in
3407 5609 3622 5662 decimo
3666 5602 3896 5676 quinto,
3920 5611 4014 5663 sed

783 5669 1064 5748 legendum
1118 5681 1202 5748 est
1229 5676 1394 5748 _pxy',
1447 5688 1553 5748 non
1608 5673 1752 5725 enim
1793 5672 1852 5748 _in
1891 5672 2037 5748 Ἰδζό,
2074 5674 2165 5724 sed
2192 5669 2199 5670 ί
2229 5675 2329 5727 155
2438 5691 2457 5727 ι

2438 5669 2878 5730 duodevicesimo
2946 5679 3122 5748 capite
3178 5678 3337 5734 istius
3399 5679 3558 5738 tituli.
3615 5669 4016 5737 ea'inveniun-

782 5740 1012 5792 Novella
1041 5739 1334 5793 Justininni
1387 5744 1564 5810 capite
1604 5742 1844 5794 secundo
1891 5741 2181 5804 habentur,
2208 5760 2330 5808 qua:
2443 5752 2549 5799 tur.

781 5810 869 5864 hic
897 5813 1137 5864 citantur
1173 5828 1183 5861 :
1219 5811 1290 5863 uti
1345 5821 1396 5865 et
1455 5827 1572 5863 mos
1631 5823 1838 5878 postea,
1895 5812 1984 5864 ubi
2030 5817 2214 5866 eadem
2262 5827 2321 5866 ex
