4240 6442
236 368 350 434 685

1227 376 1304 435 IN
1331 377 1472 433 CAN
1503 373 1742 434 XLVIII
1786 369 2022 429 CONC..
2066 372 2144 430 IN
2186 375 2510 433 TRUI.I.0.

3373 378 3476 440 686

232 491 348 549 ταῖς
394 489 576 556 νόμοις
619 489 1000 559 ἀπαράδεκτον
1028 506 1040 519 ·
1091 494 1196 556 πρὸ
1237 493 1293 543 δὲ
1339 492 1435 559 τῆς
1481 487 1812 557 χειροτονίας

1881 527 1884 539 .
1921 487 2132 539 videtur
2185 504 2455 542 consensu
2506 491 2638 542 solvi
2679 490 3114 556 matrimonium,
3166 496 3309 562 quod
3347 497 3444 562 legi

231 582 294 632 οὐ
343 581 558 646 λύεται,
593 583 674 632 ὅτι
714 583 861 643 είκός
901 583 1049 634 ἐστιν
1084 584 1256 652 αὐτὴν
1293 584 1367 650 μὴ
1418 581 1686 650 προϐῆναι
1724 580 1811 631 διά
1843 598 1854 610 δ

231 689 358 727 τινα
393 674 816 742 ἀναφυησόμενα
854 675 1050 743 εῠλογα
1087 677 1253 729 αἴτια.
1290 676 1354 727 Τί
1387 675 1464 735 δὲ,
1495 675 1594 741 τῆς
1628 691 1813 740 γυναι-

233 764 329 826 κὸς
364 764 439 832 μὴ
471 765 849 834 ἀρεσκομένης
881 766 1252 835 ίδιοστατῆσαι
1285 768 1351 820 ὲκ
1381 765 1476 818 τοῦ
1505 764 1811 834 ψηφισθέν-

232 868 325 917 to;
359 854 628 924 ὁμοζύγου
663 856 866 925 αὐτῆς,
903 858 1362 929 ὲμποδισθήσεται
1400 861 1432 930 ἡ
1469 856 1808 928 χειροτονία;

234 948 448 1010 Λύσις.
469 951 624 1000 Δοκεῖ
652 965 741 1017 μοι
769 950 866 1018 τὴν
894 951 1076 1019 ψῆφον
1101 949 1456 1021 ἀκυροῦσθαι,
1490 952 1584 1003 ἐὰν
1613 951 1644 1019 ὴ
1679 948 1812 1020 γυνὴ

231 1038 327 1089 τοῦ
360 1037 551 1107 ἀνδρὸς
580 1040 917 1109 ἀνακαλῆται
949 1043 1046 1111 τὴν
1079 1043 1364 1111 συζυγίαν.
1392 1042 1490 1095 Διά
1520 1041 1677 1094 τοῦτο
1706 1041 1814 1109 γὰρ

232 1129 456 1198 είρηκεν
485 1129 512 1180 ὀ
545 1130 722 1182 κανὼν
753 1131 895 1183 κατὰ
927 1134 1232 1186 συναίνεσιν
1259 1135 1352 1186 καὶ
1380 1135 1551 1204 αὐτῆς
1576 1134 1674 1202 τὴν
1701 1134 1816 1186 διά-

235 1235 429 1270 στάσιν
454 1220 728 1287 γίνεσθαι,
752 1223 826 1284 ὼς
859 1223 934 1294 μὴ
959 1225 1266 1294 δυναμένην
1290 1225 1572 1293 γενέσθαι,
1601 1224 1649 1275 εί
1676 1223 1814 1293 αὕτη

231 1311 599 1366 ἀπαναίνεται
632 1319 730 1382 τὴν
761 1315 1054 1379 διάζευξιν.
1090 1315 1153 1370 Εἰ
1190 1319 1245 1370 δέ
1274 1335 1358 1380 τις
1393 1319 1527 1385 ὲρεί,
1563 1317 1670 1368 Καὶ
1708 1316 1815 1384 μὴν

231 1402 267 1470 ἠ
292 1401 600 1473 ἀπόκαρσις
629 1406 723 1458 καὶ
753 1407 828 1475 μὴ
857 1407 1102 1470 Θέλοντος
1131 1408 1362 1479 θατέρου
1391 1408 1497 1460 τῶν
1523 1408 1814 1476 ὀμοζύγων

231 1493 445 1558 γίνεται
478 1496 768 1564 ἀσφαλῶς·
801 1498 923 1552 είπὲ
961 1500 1098 1566 πρὸς
1132 1499 1293 1551 αὐτὸν
1330 1502 1412 1552 ὅτι
1448 1500 1541 1551 ἐπὶ
1583 1500 1680 1567 μὲν
1715 1499 1815 1566 τῆς

197 1583 597 1654 «ἀποκάρσεως
635 1589 662 1639 ὀ
701 1589 1068 1657 περιλειφθεὶς
1109 1590 1337 1642 δύναται
1377 1593 1513 1659 πρὸς
1553 1590 1814 1656 συζυγίαν

231 1676 434 1746 ἑτέραν
471 1677 675 1740 ἔλθεῖν,
714 1681 808 1732 καὶ
848 1681 947 1732 οὐκ
987 1682 1262 1734 ἀδικεῖται
1299 1680 1555 1734 τοσοῦτον
1579 1699 1592 1712 ·
1631 1682 1722 1734 ἐπὶ
1760 1683 1815 1734 δὲ

231 1766 336 1834 τῆς
366 1768 701 1836 χειροτονίας
728 1767 788 1820 οὐ
815 1769 1036 1823 δύναται
1064 1771 1199 1838 πρὸς
1228 1772 1413 1838 ἕτερον
1438 1771 1616 1839 γάμον
1639 1771 1812 1823 ἐλθεῖν

231 1859 268 1928 ἠ
305 1858 402 1910 τοῦ
444 1860 918 1935 χειροτονηθέντας
957 1862 1094 1930 γυνὴ
1134 1863 1566 1933 ἀποκειραμένη,
1606 1864 1696 1914 καὶ
1737 1863 1811 1923 ὼς

237 1950 493 2019 μεγάλως
526 1949 776 2004 ἐντεῦθεν
806 1951 1136 2022 ἀδικουμένη
1160 1991 1176 2014 .
1210 1954 1703 2024 εἰσακουσθήσεται
1742 1955 1816 2024 μὴ

234 2041 470 2095 θέλουσα
509 2046 605 2112 τὴν
643 2043 936 2107 διάζευξιν.
976 2045 1050 2096 Τὸ
1092 2047 1222 2114 περὶ
1260 2046 1354 2097 τοῦ
1396 2047 1473 2114 μὴ
1515 2047 1819 2113 ἀναγκάζε-

234 2131 367 2185 σθαι
400 2133 513 2201 (Η)
546 2133 644 2202 τὴν
678 2137 912 2199 γυναῖκα
946 2135 1040 2186 τοῦ
1083 2136 1555 2206 χειροτονηθέντας
1594 2137 1819 2190 ἀποκεί-

236 2222 430 2291 ρεσθαι
465 2223 556 2275 καὶ
591 2224 849 2292 μονάζειν
879 2226 1112 2296 ἐλαλήθη
1151 2225 1384 2280 ἐνώπιον
1420 2229 1513 2282 τοῦ
1551 2229 1818 2298 βασιλέως

231 2314 332 2368 τοῦ
377 2314 534 2379 ἁγίου
577 2315 746 2385 κυροῦ
781 2317 1051 2370 Ίσαακίου
1094 2317 1187 2370 τοῦ
1241 2318 1498 2387 ’Λγγέλου
1543 2320 1684 2373 κατά
1723 2320 1818 2374 τὸν

233 2403 612 2474 Σεπτέμδριον
640 2404 787 2474 μῆνα
814 2405 914 2474 τῆς
941 2404 983 2458 ε’
1010 2407 1338 2471 ίνόικτιῶνος
1355 2446 1371 2471 ,
1400 2409 1681 2477 παρόντων
1709 2426 1819 2462 πα·-

231 2497 515 2568 τριαρχῶν
542 2498 730 2567 τριῶν,
762 2498 856 2550 τοῦ
889 2499 1538 2564 Κωνσταντινουπόλεως,
1568 2502 1663 2554 τοῦ
1699 2503 1817 2553 Ἀν-

234 2590 501 2659 τιαχείας,
545 2587 643 2642 καὶ
683 2588 777 2642 τοῦ
811 2589 1222 2660 Ἰεροσολύμων,
1268 2592 1363 2645 καὶ
1406 2593 1818 2662 μητροπολιτῶν

237 2679 376 2733 ὡσεὶ
413 2679 486 2750 μ’,
517 2685 608 2733 καὶ
645 2680 944 2751 διεγνώσθη
984 2682 1219 2749 ὀφείλειν
1253 2683 1637 2752 ἀποκείρεσθαι
1677 2683 1819 2736 κατά

236 2777 304 2828 τὸ
347 2776 722 2845 ἀπαραίτητον
762 2777 860 2845 τὴν
905 2779 1140 2844 γυναῖκα
1184 2776 1276 2829 τοῦ
1327 2777 1817 2847 χειροτονηθέντας.

235 2866 404 2935 Ζήτει
444 2865 574 2933 γοῦν
614 2867 674 2918 τὸ
713 2865 954 2919 τοιοῦτον
996 2865 1291 2936 σημείωμα
1332 2866 1718 2936 καταστρωθὲν
1761 2869 1819 2919 ὲν

235 2957 321 3027 τῷ
345 2956 782 3027 χαρτοφυλακίῳ.
807 2956 928 3008 Ἔτι
959 2957 1226 3026 ἐρωτήσει
1255 2973 1338 3020 τις
1367 2957 1456 3009 διὰ
1483 2958 1558 3022 τί,
1588 2956 1682 3009 τοῦ
1715 2974 1815 3008 κα-

237 3049 393 3109 νόνος
420 3048 666 3116 λέγοντος
698 3047 906 3118 μηδένα
930 3049 1021 3101 τὸν
1070 3049 1282 3118 μονήρη
1314 3047 1428 3118 βίον
1456 3049 1658 3102 ἅκαντα
1689 3049 1818 3101 ὑπα-

1917 578 2021 630 lius
2064 595 2170 631 non
2197 581 2525 633 admittitur.
2554 582 2692 634 Ante
2723 583 3126 635 ordinationem
3167 596 3346 636 autem
3367 605 3472 639 non

1913 670 2164 733 solvitur,
2221 673 2483 740 quoniam
2541 683 2971 726 consentaneum
3023 687 3108 728 est
3167 694 3288 728 eum
3346 680 3482 729 torte

1914 776 2020 813 non
2051 765 2457 828 provehendum
2493 777 2714 834 propter
2747 769 2960 836 aliquas
2994 769 3304 836 probabiles
3340 789 3479 822 eau-

1914 867 2004 905 sas
2029 855 2353 906 exorituias.
2387 855 2540 920 Q-Iod
2567 859 2612 909 si
2664 859 2878 910 mulieri
2920 875 3024 911 nou
3091 861 3295 927 placeat
3332 877 3482 913 seor-

1915 961 2032 998 sum
2058 962 2086 998 a
2112 962 2212 998 suo
2246 949 2499 1016 conjuge,
2529 951 2621 1017 qui
2653 951 2861 1004 electus
2913 962 3023 1011 est.
3083 955 3250 1004 vitam
3295 969 3480 1020 agerc,

1881 1089 1889 1098 ,
1917 1036 2317 1105 impedieturne
2357 1041 2675 1093 ordinatio?
2698 1040 2928 1094 Solutio.
2958 1042 3180 1094 Videtur
3207 1043 3336 1094 mihi
3361 1059 3482 1096 esse

1916 1127 2236 1181 inﬁrmanda
2265 1130 2475 1191 electio,
2508 1130 2550 1182 si
2588 1147 2722 1183 uxor
2757 1131 2932 1183 mariti
2983 1132 3298 1200 conjugiuiu
3329 1148 3484 1184 revo-

1913 1225 2018 1270 cet.
2052 1216 2339 1285 Propterea
2381 1221 2524 1271 enim
2551 1221 2686 1271 dixit
2715 1236 2886 1272 canon
2939 1221 3057 1286 ejus
3103 1238 3319 1288 quoque
3351 1239 3482 1273 eou-

1915 1321 2079 1360 sensu
2111 1309 2505 1376 separationem
2546 1312 2655 1362 lieri
2681 1327 2692 1362 :
2718 1320 2774 1362 ut
2799 1326 2917 1378 qum
2950 1328 3052 1362 non
3092 1313 3260 1378 possit
3281 1311 3417 1370 ﬁeri,
3439 1313 3482 1362 si

1916 1399 2028 1468 ipsa
2060 1400 2352 1453 divortium
2388 1409 2626 1458 recuset.
2665 1401 2720 1455 Si
2753 1405 2875 1470 quis
2908 1413 3086 1456 autem
3117 1406 3286 1465 dicat,
3320 1406 3480 1470 Atqui

1917 1490 2260 1543 mouaclialis
2293 1500 2541 1555 tonsura,
2572 1492 2735 1543 etiam
2779 1493 3000 1544 nolente
3041 1493 3212 1546 altero
3259 1508 3323 1546 ex
3352 1508 3483 1545 con-

1912 1578 2156 1649 jugibus,
2201 1580 2258 1633 lit
2306 1597 2524 1645 Secure;
2561 1583 2648 1635 dic
2684 1584 2753 1646 ei,
2786 1584 2929 1652 quod
2993 1585 3045 1636 in
3114 1593 3338 1636 tonsura
3364 1585 3485 1652 qui-

1917 1672 2062 1735 dem,
2102 1675 2146 1726 is
2167 1675 2257 1743 qui
2293 1675 2518 1728 relictus
2554 1685 2658 1740 est,
2700 1688 2881 1744 pozest
2912 1681 2976 1728 ad
3017 1678 3247 1730 alterum
3288 1677 3481 1730 venite

1921 1764 2258 1834 conjugiuin,
2295 1781 2393 1818 nec
2425 1775 2584 1819 tanta
2620 1767 2821 1837 injuria
2864 1769 3135 1822 allieilur:
3179 1771 3231 1821 iu
3290 1786 3456 1822 couse

1923 1859 2164 1912 cratione
2195 1870 2372 1910 autem
2409 1874 2514 1910 non
2549 1868 2730 1926 potest
2762 1859 2826 1910 ad
2887 1860 3112 1911 alterum
3139 1861 3326 1911 venire
3363 1875 3483 1912 ma-

1922 1949 2240 2003 trimonium
2277 1952 2582 2003 consecrati
2611 1951 2849 2018 episcopi
2879 1967 3018 2003 uxor
3043 1967 3162 2018 qum
3197 1950 3478 2011 tondetur,

1919 2052 1969 2096 et
2003 2051 2061 2095 ut
2090 2057 2209 2111 qua:
2237 2056 2438 2109 magna
2463 2055 2525 2094 ea
2564 2057 2626 2094 ex
2659 2057 2714 2092 re
2737 2041 2937 2104 injuria
2971 2040 3255 2098 aﬂiciatur.
3291 2041 3479 2092 audie—

1915 2143 2007 2188 tur
2031 2137 2078 2187 si
2115 2134 2250 2188 nolit
2302 2134 2567 2202 separari.
2611 2132 2765 2198 Quod
2809 2141 2993 2185 autem
3031 2133 3269 2185 ordinati
3301 2133 3483 2200 E216

1891 2233 2057 2281 ’uxor
2110 2224 2349 2285 tenderi,
2393 2235 2448 2276 et
2501 2225 2866 2275 monasticam
2935 2223 3098 2274 vitam
3157 2238 3320 2289 agere
3372 2238 3479 2274 non

1917 2324 2163 2384 cogetur,
2200 2328 2386 2367 coram
2420 2313 2752 2381 imperatore
2783 2322 2977 2364 saneto
3029 2312 3252 2363 domino
3278 2311 3482 2362 lsaaeio

1920 2406 2131 2474 Angelo
2164 2389 2528 2471 diseepiatum
2581 2413 2686 2465 εει,
2743 2419 2926 2457 mense
2983 2401 3284 2471 Septembri
3342 2401 3486 2454 indi-

1917 2498 2117 2553 ctionis
2145 2500 2198 2561 5,
2234 2497 2594 2563 praesentibus
2624 2495 2799 2548 tribus
2832 2495 3181 2562 patriarehis,
3215 2493 3488 2545 Constan-

1920 2592 2303 2661 tinOpolitano,
2357 2587 2702 2642 Antiocheuo
2753 2596 2804 2640 et
2858 2585 3382 2654 Hierosolymitano.
3430 2595 3484 2636 et

1909 2681 2354 2749 ametmpolitanis
2402 2679 2624 2733 circiter
2659 2679 2728 2733 40
2766 2687 2821 2730 et
2858 2677 3306 2745 judicatumzest,
3340 2679 3484 2744 quod

1920 2774 2157 2830 ordinati
2191 2787 2333 2826 uxor
2398 2771 2712 2825 necessario
2748 2769 3034 2822 detonderi
3070 2769 3248 2822 debet.
3285 2768 3477 2832 Quer

1922 2867 2088 2936 igitur
2141 2866 2340 2918 dictam
2393 2862 2865 2922 constitutionem,
2919 2861 2969 2913 in
3034 2861 3488 2928 chartopbylaelo

1920 2956 2244 3027 repositam.
2288 2954 2553 3007 Praeterea
2587 2948 3186 3018 interrogabitaliquis,
3214 2962 3332 3006 cur.
3362 2964 3484 3000 eum

1921 3064 2097 3105 canon
2144 3048 2312 3110 dicat,
2361 3046 2572 3098 nullum
2627 3043 2985 3098 monasticam
3038 3042 3205 3091 vitam
3257 3041 3485 3092 invitum

239 3141 499 3205 δύεσθαι,
539 3143 572 3210 ἡ
608 3142 704 3193 τοῦ
746 3140 1216 3210 χειροτονηθέντας
1254 3143 1392 3211 γυνὴ
1432 3143 1597 3213 μηδὲν
1633 3144 1819 3214 ἀδική-

1881 3165 1888 3218 ς
1923 3141 2112 3196 subire
2141 3147 2417 3208 oportere,
2450 3136 2590 3204 ejus.
2650 3135 2741 3200 qui
2776 3134 2985 3187 electus
3013 3141 3118 3192 εδει,
3179 3147 3337 3192 uxor,
3367 3147 3488 3200 quae

241 3250 393 3288 σασα
428 3234 731 3302 ὲγκλείεται
772 3235 852 3295 είς
890 3233 950 3286 τὸ
986 3235 1384 3303 μοναστήριον;
1421 3237 1633 3300 Λύσις.
1664 3237 1818 3299 Τινὲς

236 3327 493 3396 λέγουσιν
522 3326 598 3388 ὡς
618 3366 633 3384 .
667 3324 790 3379 ἐπεὶ
817 3326 847 3378 ὀ
881 3323 1061 3379 κανὼν
1092 3325 1154 3376 οὐ
1188 3326 1484 3394 διορίζεται
1519 3328 1689 3396 αὐτὴν
1720 3330 1816 3397 ρη-

236 3421 353 3482 τῶς
385 3418 773 3490 ἀποκείρεσθαι
793 3454 810 3480 ,
843 3416 1338 3486 ἀποκλεισθήσεται
1375 3420 1475 3485 μὲν
1509 3421 1586 3480 εἰς
1618 3420 1680 3472 τὸ
1716 3437 1816 3488 μα-

238 3510 536 3580 ναστήριον
568 3509 704 3578 (42),
735 3508 1083 3575 ἀπακαρῆναι
1114 3507 1171 3560 δὲ
1200 3509 1300 3561 οὐκ
1331 3510 1814 3580 ἀναγκασθήσεται

237 3601 388 3654 κατά
412 3601 510 3662 τάς
544 3598 920 3669 μοιχευθείσας
946 3601 1231 3663 γυναῖκας,
1260 3597 1293 3668 ἢ
1327 3599 1420 3649 καὶ
1449 3599 1623 3661 ἄλλως
1649 3601 1812 3669 έσχά-

238 3708 351 3754 τως
397 3689 853 3760 παραπεσούσαςο
898 3689 991 3740 καὶ
1039 3689 1274 3752 μάλιστα
1318 3689 1399 3742 ὅτι
1440 3689 1535 3742 καὶ
1579 3693 1714 3762 πρὸς
1753 3695 1814 3745 τὸ

237 3784 343 3854 τῆς
377 3782 650 3845 διακονίας
683 3780 898 3850 ἀξίωμα
933 3781 1075 3834 θέλει
1107 3780 1311 3851 ταύτην
1343 3783 1717 3851 προάγεσθαι,
1752 3786 1814 3838 τὸ

240 3878 366 3941 ταῖς
391 3877 603 3938 λαῖκαίς
630 3873 843 3942 γυναιξί
874 3890 1004 3925 ποτε
1038 3872 1419 3942 χαριζόμενον.
1457 3875 1611 3943 Ἐμοὶ
1641 3876 1698 3928 δὲ
1726 3878 1817 3930 δο-

240 3969 334 4023 κεῖ
367 3965 426 4030 ἐξ
457 3967 700 4036 ἀνάγκης
735 3963 975 4032 ὀφείλειν
1005 3965 1174 4034 αὐτὴν
1207 3964 1619 4035 ἀποκείρεσθαι.
1658 3969 1816 4039 Ἐξῆν

245 4062 358 4131 γὰρ
381 4058 554 4129 ταύτῃ
583 4058 687 4126 πρὸ
709 4058 810 4126 τῆς
837 4056 1192 4126 χειροτονίας,
1220 4057 1294 4118 ὡς
1325 4059 1562 4128 είρηται,
1595 4060 1670 4129 μὴ
1699 4063 1815 4114 δια-

245 4152 480 4220 ζυγῆναι
510 4149 604 4202 τοῦ
634 4149 836 4201 οἰκείου
866 4148 1084 4219 ἀνδρὸς,
1120 4147 1416 4200 κάντεῦθεν
1448 4151 1543 4201 καὶ
1573 4151 1671 4218 τὴν
1701 4169 1817 4221 χει..

242 4241 489 4307 ρατονίαν
529 4239 880 4311 ἁπρακτῆσαι
926 4238 1018 4290 καὶ
1059 4236 1157 4306 τὴν
1197 4237 1528 4306 ἀπόκαρσιν.
1566 4239 1718 4293 Ἐπεὶ
1760 4241 1815 4294 δὲ

1919 3232 2059 3287 nihil
2093 3231 2218 3283 mali
2280 3229 2428 3290 ferit,
2469 3230 2520 3280 iu
2577 3225 2976 3280 monasterium
3015 3222 3353 3276 includitur?
3391 3225 3492 3275 So-

1919 3325 2074 3380 lutio.
2109 3324 2306 3376 Dicunt
2353 3321 2598 3390 quidam,
2658 3318 2800 3387 quod
2852 3323 3112 3385 quoniam
3144 3331 3320 3367 canon
3380 3331 3488 3367 non

1920 3419 2392 3481 statuitexpresse
2447 3426 2565 3465 eam
2599 3425 2719 3463 esse
2775 3409 3127 3471 tondennam,
3179 3407 3492 3461 includetur

1919 3509 2138 3580 quidem
2159 3508 2212 3559 in
2247 3503 2598 3564 monasterio,
2630 3498 2846 3552 tonderi
2879 3507 3061 3550 tamen
3091 3513 3198 3550 non
3232 3509 3486 3566 cogetur,

1919 3601 2383 3670 quemadmodum
2435 3606 2489 3648 et
2548 3593 2864 3646 adulterata:
2903 3592 3182 3656 mulieres,
3246 3593 3324 3646 vel
3367 3610 3487 3661 quae

1921 3695 2060 3748 alias
2089 3702 2334 3747 extreme
2384 3689 2769 3754 deliquerunt:
2824 3695 2878 3737 et
2937 3686 3174 3738 maxime
3223 3689 3482 3753 quoniam

1917 3788 2080 3842 etiam
2131 3784 2196 3838 ad
2228 3783 2552 3837 diaconatus
2605 3778 2920 3846 dignitatem
2975 3779 3092 3830 vult
3152 3794 3272 3832 eam
3322 3795 3482 3847 posse

1911 3879 2159 3949 provehi,
2190 3891 2311 3945 quae
2357 3873 2654 3942 aliquando
2703 3872 3032 3925 mulieribus
3083 3873 3246 3925 laicis
3281 3887 3482 3925 conce—

1913 3970 2166 4025 debatur.
2219 3965 2348 4018 Mihi
2381 3972 2562 4016 autem
2602 3960 2819 4015 videtur
2855 3970 3110 4030 oportere
3139 3977 3259 4014 eam
3288 3976 3480 4014 neces-

1914 4064 2056 4119 sario
2086 4056 2557 4114 tonderi.Licebat
2587 4055 2730 4106 enim
2754 4055 2800 4106 ei
2833 4065 2957 4106 ante
2983 4057 3482 4118 consecrationem,

1915 4165 1973 4208 ut
2013 4155 2215 4207 dictum
2252 4158 2359 4213 est,
2395 4165 2423 4201 a
2465 4147 2687 4216 proprio
2722 4148 2922 4198 marito
2965 4163 3071 4200 non
3124 4148 3393 4214 separari,
3429 4159 3482 4198 et

1914 4250 1989 4302 ita
2026 4245 2262 4305 eﬂicere,
2303 4254 2361 4295 ut
2393 4256 2493 4294 nec
2522 4240 2869 4293 consecratio
2900 4254 3000 4292 nec
3041 4242 3271 4291 tensura
3300 4239 3481 4291 locum

1480 4398 1672 4460 Guill.
1710 4403 2038 4485 Beveregii
2079 4411 2263 4464 nota}.

321 4523 434 4594 (4-1)
463 4520 532 4598 τῤ
565 4519 694 4598 περὶ
728 4516 1169 4598 ᾀναγκάζεοθριι.
1198 4517 1526 4598 Iliacusque
1553 4525 1617 4598 ad
1651 4527 1710 4577 ὲν
1735 4545 1810 4596 τῳ
1846 4536 1886 4587 D
1918 4527 2223 4598 τηνικαῦτα
2283 4524 2494 4594 προὸἀν
2555 4524 2869 4598 σημείωμα,
2891 4595 2902 4598 _
2922 4524 3016 4598 καὶ
3089 4527 3481 4598 καταστροώὲν

246 4591 692 4668 χαρτρφυλακίῳ,
740 4591 793 4642 in
851 4591 1132 4668 impressis
1164 4592 1442 4668 “antehac
1516 4591 1809 4652 codicibus

252 4657 586 4723 desiderata,
616 4676 680 4714 ex
715 4675 818 4712 uis.
847 4669 1036 4731 nostro
1071 4657 1360 4712 Bodleiano
1395 4677 1540 4716 nunc
1578 4668 1810 4731 primum

248 4736 486 4790 edimus.
513 4731 716 4803 Utrum
760 4734 836 4803 ad
873 4729 1208 4803 Balsamonis
1257 4737 1461 4803 textum
1497 4729 1621 4801 jure
1648 4738 1813 4803 peni-

247 4814 444 4864 neant,
476 4802 568 4854 alii
607 4800 859 4852 viderint.
889 4799 1034 4852 Sane
1061 4813 1183 4852 cum
1226 4799 1661 4864 praecedentibus
1692 4822 1802 4859 non

244 4876 556 4937 cohaerent;
583 4885 646 4923 ac
673 4880 958 4938 propterea
985 4884 1014 4921 e
1049 4868 1299 4938 margine
1331 4871 1383 4922 in
1417 4881 1618 4926 textum
1647 4877 1814 4930 nobis

248 4945 581 5010 transcripta
615 4937 890 5010 videniur.
918 4937 1074 5003 Quod
1113 4937 1333 5010 vei-iet
1364 4955 1429 4993 eo
1462 4941 1519 4994 Iit
1551 4946 1808 5009 similius,

246 5015 396 5082 quod
437 5008 509 5084 ini
533 5009 978 5084 Amerbachiano
1023 5024 1125 5064 ius.
1153 5008 1342 5084 eadem
1371 5012 1590 5078 quidem
1624 5008 1810 5084 legaué

245 5080 366 5144 tur,
424 5083 517 5137 sed
569 5082 698 5153 aliis
743 5081 1062 5149 plerumque
1100 5080 1278 5133 verbis
1336 5094 1638 5153 concepta;
1679 5080 1802 5153 quae

247 5154 606 5209 nihilosecius
629 5219 666 5222 μ
688 5150 739 5202 in
823 5153 1167 5222 curiosorum
1202 5152 1477 5222 “gratiam
1513 5150 1813 5222 Vappouerc

243 5228 426 5278 visum
463 5231 566 5276 est.
611 5219 684 5272 Τὸ
714 5223 841 5292 περὶ
879 5220 972 5272 τοῦ
1004 5219 1412 5285 ἀναγκάζεσθαι
1446 5224 1543 5292 τὴν
1577 5219 1812 5290 γυναῖκα

242 5294 342 5348 τοῦ
396 5291 861 5361 χειροτονηθέντας
899 5291 1006 5361 ,τὸν
1066 5291 1360 5361 μοναχικὸν
1405 5291 1520 5360 βίον
1576 5296 1813 5355 ἑλέσθαι,

245 5360 591 5432 συνεζητήθη
647 5361 799 5434 παρά
852 5360 931 5434 τέ)
977 5360 1187 5434 βασιλεί
1231 5361 1383 5434 κυρῴ
1444 5363 1701 5434 Ίσαακίῳ
1734 5367 1812 5427 τῷ

260 5435 504 5501 ’Δγγέλῳ
539 5431 677 5503 κατά
725 5431 816 5482 τὸν
872 5431 1248 5503 Σεπτέμόριον
1281 5433 1428 5498 μῆνα
1474 5436 1570 5503 τῆς
1599 5433 1641 5485 ε’
1676 5431 1812 5488 ὶνδι-

249 5500 486 5564 κτιῶνας
497 5501 776 5574 παρόντων
799 5503 892 5574 καὶ
914 5500 1080 5574 τριῶν
1094 5502 1415 5574 ἁγιωτάτων
1438 5500 1810 5574 πατριάρχῶν,

239 5576 342 5627 ἀὖ
369 5571 764 5645 οἰκουμενικαῠ,
785 5571 877 5645 τοῦ
913 5571 1259 5645 ’ᾼντιοχείας,
1287 5573 1485 5645 καὶτοῦ
1517 5571 1814 5645 Ἰεροσολυει⁵

291 5663 393 5707 ων,
446 5644 542 5695 καὶ
576 5641 991 5712 μητροπολιτῶν
1041 5641 1657 5712 ὡσεὶγτεσσαράκοντα,
1713 5651 1809 5699 καὶ

291 5665 393 5707 ων,
446 5665 542 5695 και
576 5665 991 5712 μητρυπυλιτων
1041 5665 1172 5693 ωσει
1220 5665 1657 5711 τεσσαρακοντα,
1713 5665 1809 5699 και

249 5665 554 5782 ἱιγνώσθη
611 5714 846 5779 ὀφείλειν
883 5711 1270 5781 ἀποκείρεσθαι
1319 5715 1418 5781 τὴν
1457 5719 1691 5784 γυναῖκα
1714 5719 1810 5768 τοῦ

252 5784 721 5858 χειροτονηθέντας
752 5785 891 5836 κατά
919 5786 979 5835 τὸ
1012 5784 1416 5852 ἀπαραίτητον·
1452 5790 1541 5837 καὶ
1578 5787 1808 5856 ζητειτὸ

1920 4595 2061 4652 κατά
2102 4599 2192 4648 τὸν
2229 4598 2390 4647 αὑτὸν
2420 4595 2609 4663 καιρὸν
2652 4597 2730 4656 είς
2761 4596 2860 4662 τὴν
2885 4595 3033 4644 θέσιν
3076 4596 3167 4646 τοῦ
3199 4615 3476 4664 χαρτοφυ.

1917 4669 2129 4720 λακίου.
2161 4667 2256 4719 IIic
2296 4681 2398 4717 non
2452 4681 2587 4733 opus
2635 4674 2718 4718 est
2769 4666 3086 4730 interprete,
3134 4682 3254 4717 eum
3283 4670 3476 4721 eadem

1919 4741 2030 4792 fere
2063 4738 2241 4790 versio
2301 4736 2448 4788 hisce
2511 4736 2690 4788 verbis
2756 4735 3039 4795 inserviat,
3073 4751 3235 4802 quam
3277 4738 3342 4787 ad
3381 4742 3448 4787 llll

1915 4823 2106 4877 pressa
2134 4810 2234 4860 hoc
2267 4807 2386 4857 loco
2413 4806 2796 4877 apposuiiuus.
2827 4804 2932 4855 Sed
2967 4823 3073 4877 non
3111 4808 3470 4858 omittendum

1915 4874 2022 4940 est,
2068 4878 2255 4928 eadem
2289 4877 2454 4928 etiam
2499 4875 2641 4942 apud
2692 4874 3006 4926 Malllizeuui
3037 4876 3329 4928 Blastarem
3381 4877 3476 4928 Iza-

1919 4948 2058 5010 beri,
2125 4948 2350 5016 Syntag.
2393 4946 2472 4998 lit.
2528 4945 2588 5009 Γ,
2643 4943 2998 5016 cap.17.7Et,
3031 4946 3177 5013 quod
3223 4961 3306 4996 uie
3342 4963 3478 5013 pene

1918 5015 2301 5085 fugerat,li:ee
2349 5017 2401 5067 in
2459 5029 2560 5068 ms.
2619 5015 3053 5085 Auierbaehiano
3108 5031 3210 5066 nou
3262 5020 3475 5076 eodem,

1918 5084 2026 5156 quo
2059 5089 2111 5140 in
2146 5097 2354 5149 nostro,
2390 5085 2531 5147 loco,
2575 5087 2668 5139 sed
2703 5084 2768 5137 ad
2807 5086 2983 5151 ipsum
3019 5087 3179 5152 hujus
3208 5085 3429 5152 intnrpr.
3451 5116 3478 5125 -

1919 5155 2144 5210 tatiOuis
2173 5157 2356 5220 linem,
2399 5157 2514 5209 sive
2565 5167 2680 5222 post
2735 5155 2980 5221 ἀφωνίαν
3023 5157 3474 5224 εἰσπράττεσθαι,

1918 5228 2178 5280 collocari
2205 5244 2218 5291 ;
2256 5225 2400 5294 quod
2429 5235 2639 5278 tantum
2675 5242 2781 5277 non
2808 5226 3179 5278 indubitatum
3207 5227 3382 5277 reddit
3412 5244 3473 5280 ea

1920 5302 1987 5350 ab
2016 5299 2172 5351 initio
2204 5300 2255 5349 in
2310 5306 2462 5347 textu
2499 5311 2606 5348 non
2642 5296 2942 5356 exstitisse,
2981 5312 3103 5349 cum
3132 5299 3183 5346 in
3241 5297 3475 5348 diversis

1924 5384 2054 5420 mss.
2094 5369 2305 5420 diversa
2369 5369 2483 5418 loca
2536 5367 2842 5426 obtineant,
2877 5368 3130 5418 nimirqu
3194 5377 3352 5431 prout
3390 5369 3478 5419 de-

1918 5438 2281 5504 scriptoribus
2327 5438 2500 5488 visum
2539 5446 2663 5498 est;
2717 5438 2807 5503 qui
2842 5452 2964 5488 cum
2999 5452 3058 5488 ea
3131 5437 3182 5487 in
3233 5453 3476 5502 margine

1917 5510 2120 5575 scripta
2146 5510 2550 5570 obscrvassent,
2579 5508 2664 5559 hic
2703 5505 2816 5568 uni,
2849 5507 2936 5558 ille
2970 5509 3122 5560 alteri
3159 5515 3338 5559 textus
3359 5513 3478 5559 loco

1916 5580 2165 5631 inseruit.

1988 5648 2100 5718 (Ω)
2155 5646 2718 5716 Ἄποὶιλεισθήσεται
2765 5647 2880 5715 μὲν
2932 5650 3018 5712 είς
3057 5649 3122 5700 τὸ
3178 5648 3478 5714 parturn}.-

1908 5736 2062 5786 ριον.
2095 5718 2191 5771 Ms.
2223 5720 2688 5773 Amerbacliiauus
2735 5719 2935 5774 rectius
2973 5724 3101 5790 legit
3156 5721 3475 5790 ἐγκλειαθη-

1917 5807 2087 5842 σεται.
