4240 6442
273 338 385 400 693

1335 339 1413 399 IN
1434 339 1600 398 CAN.
1636 338 1708 397 LI
1745 335 1952 396 CONlI.
1990 337 2065 394 IN
2102 338 2416 397 THULLO

3397 337 3508 402 694

271 454 501 511 λαῖκοὺς
532 451 1011 521 δὲ,ἀφορίζεσθαι;
1039 452 1249 517 Λύσις.
1289 452 1511 521 Ἔτερόν
1553 453 1668 503 ἐστι
1696 467 1862 519 φορη-

1895 450 1932 508 Δ
1962 454 2113 524 gari?
2142 455 2367 509 Solutio.
2396 454 2640 507 Alterum
2698 462 2780 507 est
2819 453 3180 516 tolerabilius,
3215 455 3505 510 ascendere

272 546 500 614 τότερω
533 543 595 594 τὸ
624 543 832 596 ἀνιέναι
862 544 1011 604 τινάς
1041 543 1122 614 είς
1155 543 1524 613 ἱπποδρομίας
1553 543 1698 594 ἐστιν
1729 543 1838 606 ὅτε,

195 700 198 704 ,
272 637 311 706 ἢ
345 613 438 688 ιτέι
458 634 768 703 θυμελικοῖς
791 613 1065 699 παιγνίοις
1078 634 1282 686 ἀθιῶναι
1310 649 1324 663 ο
1353 635 1444 686 καὶ
1461 635 1644 701 ἕτερον
1668 630 1844 701 ἀσύγ-

274 741 525 791 γνωστον
574 722 637 775 τὸ
693 721 942 776 ἐκδοῦναι
992 723 1220 786 ἑαυτοὺς
1251 725 1330 785 είς
1357 723 1428 776 τά
1471 722 1719 788 τοιαῦτα,
1750 722 1843 777 καὶ

271 814 441 867 τοῦτο
471 814 634 885 ἔργον
668 813 815 883 ἐχειν
849 815 1116 885 διηνεκές.
1151 816 1313 868 Ὀθέν
1345 816 1434 869 καὶ
1481 816 1531 867 οί
1560 815 1659 884 μὲν
1707 816 1841 883 ἐφά-

272 910 392 976 παξ
451 912 590 979 μετὰ
645 913 920 982 προσοχῆς
971 913 1381 984 ἁμαρτάνοντες
1437 914 1841 982 ὲπιφωνοῦνται

273 1002 616 1068 παύσασθαι,
656 1005 704 1057 εἰ
737 1005 811 1074 μὴ
849 1005 1062 1057 θέλουσι
1123 1007 1512 1075 καθαιρεθῆναι
1535 1024 1549 1040 ο
1582 1008 1632 1059 ei
1661 1007 1716 1059 δὲ
1747 1023 1844 1059 κα-

275 1095 629 1164 ταχρώμενοι
657 1094 736 1163 τῷ
765 1095 941 1163 κακῷ,
973 1098 1229 1168 κληρικοὶ
1258 1099 1356 1167 μὲν
1383 1100 1554 1162 ὄντες,
1583 1099 1846 1152 ἀπεντεῦ-

275 1187 376 1238 θεν
413 1187 825 1259 καθαιροῦνται,
849 1189 1028 1242 λαῖκοὶ
1077 1191 1154 1255 δὲ,
1204 1191 1578 1260 ἀφορίζονται.
1613 1192 1744 1243 "Eoo
1785 1191 1842 1243 δὲ

277 1277 442 1339 εἰδὼς
480 1279 575 1342 ὼς,
629 1280 679 1332 εί
725 1280 820 1331 καὶ
857 1281 914 1332 ἀν
951 1279 1147 1348 ἐκείνῳ
1176 1280 1253 1350 τῷ
1307 1281 1492 1333 κανόνι
1523 1280 1845 1351 ἐγράψαμεν

280 1369 354 1420 τά
389 1368 544 1438 παρά
586 1385 750 1422 τινων
788 1369 1082 1438 λεγόμενα,
1115 1372 1276 1441 χάριν
1305 1369 1399 1424 τοῦ
1431 1373 1503 1442 μὴ
1540 1371 1843 1424 κωλύεσθαι

273 1461 379 1523 τάς
418 1462 654 1531 σήμερον
681 1461 1013 1531 τελουμένας
1050 1461 1434 1532 ἱπποδρομίας,
1484 1463 1621 1514 ἀλλά
1652 1479 1714 1530 γε
1744 1462 1844 1524 τάς

277 1553 377 1604 ἐπὶ
407 1554 610 1622 σκηνῆς
639 1554 893 1624 ὀρχήσεις
923 1555 1014 1606 καὶ
1038 1555 1106 1606 τά
1133 1555 1225 1606 ἐπὶ
1257 1554 1496 1623 θυμέλης
1524 1556 1634 1607 τῶν
1663 1555 1844 1624 μίμων

261 1643 485 1715 ’θεώρια
537 1646 894 1710 ἀδιαστίκτως
942 1646 1269 1710 κολάζεσθαι
1328 1649 1555 1709 πάντες
1599 1648 1843 1716 λέγουσι,

282 1735 379 1787 καὶ
410 1735 470 1799 ἐξ
500 1737 828 1807 ἀμφοτέρων
862 1738 970 1791 τῶν
997 1738 1260 1791 κανόνων.
1291 1739 1583 1806 Κυνηγίων
1619 1738 1673 1790 δὲ
1709 1739 1845 1790 θεώ-

279 1845 375 1898 ρια
414 1829 561 1898 λέγει
591 1832 618 1883 ὁ
657 1830 836 1884 κανὼν
877 1831 976 1894 τὰς
1023 1831 1412 1901 θηριομαχίαςο
1464 1826 1624 1884 αὗται
1654 1831 1710 1882 δὲ
1741 1848 1847 1883 κω·-

275 1919 498 1972 λύονται
524 1908 631 1975 ’ὀύ
667 1921 774 1991 μὴν
795 1924 863 1974 τὰ
885 1923 1298 1991 λαγωκυνήγια..
1347 1923 1529 1975 ’Ἐοικε
1565 1923 1619 1974 δὲ
1651 1923 1738 1974 διὰ
1779 1923 1845 1975 τὰ

273 2012 388 2065 τῶν
419 2014 681 2082 τοιούτων
720 2016 962 2070 κανόνων
985 2017 1240 2082 ἐπιτίμια
1265 2016 1616 2086 ἐπινοηθῆναι
1649 2018 1719 2068 τὰ
1748 2017 1847 2085 βα-

282 2104 467 2157 σιλικά
536 2105 794 2174 παίγνια⁶
849 2106 942 2159 τὸν
1013 2108 1410 2176 κοντοπαίκτην
1460 2108 1702 2178 δηλαδὴ,
1756 2109 1847 2161 τὸν

275 2195 542 2266 Μάρωνα,
578 2197 668 2250 τὸν
711 2198 953 2268 ’Ᾱχιλλέα
987 2198 1120 2267 (49),
1147 2200 1245 2269 τὴν
1287 2199 1615 2268 Ὀκτώηχον,
1658 2202 1751 2252 καὶ
1777 2201 1848 2253 τὰ

276 2288 464 2351 λοιπά,
523 2291 598 2352 ὡς
655 2291 729 2362 μὴ
785 2292 1032 2361 διάχυσιν
1085 2293 1179 2345 καὶ
1228 2293 1438 2362 γέλωτα
1461 2292 1695 2364 ἄσεμνον
1745 2293 1846 2362 ὲμ-

276 2381 534 2434 ποιοῦντα
565 2383 676 2447 τρῖς
715 2383 1024 2453 βλέπουσιν.

354 2471 598 2526 ΖΩΝΔΡ.
628 2474 766 2537 Τοὺς
798 2478 1024 2539 πιστοὺς
1051 2479 1085 2547 ὴ
1117 2477 1377 2548 ἀκρίὸεια
1424 2477 1526 2547 τῆς
1563 2478 1848 2546 εὐαγγελι-

279 2563 388 2633 κῆς
437 2564 712 2629 πολιτείας
779 2567 855 2639 μὴ
904 2569 1213 2639 ἀνειμένως
1285 2571 1379 2623 καὶ
1433 2572 1850 2640 διακεχυμένως

279 2651 434 2722 βιοῦν
459 2654 731 2723 βούλεται,
781 2657 896 2710 ἀλλ’
946 2657 1020 2718 ὡς
1055 2660 1256 2730 πρέπει
1316 2661 1513 2728 ἀγίοις.
1552 2661 1654 2713 Διά
1692 2660 1850 2714 τοῦτο

280 2744 378 2798 οὖν
406 2747 433 2800 ὁ
457 2747 640 2802 κανὼν
661 2745 816 2812 οὗτος
848 2750 948 2803 ὅσα
979 2752 1223 2821 διάχυσιν
1272 2755 1336 2824 τῇ
1367 2749 1512 2824 ψυχῇ
1563 2753 1848 2824 ἐμποιοῦσι

280 2840 434 2910 παρά
472 2841 533 2892 τὸ
563 2843 882 2910 ἀναγκαῖον,
913 2843 1165 2899 ἐκλύουσι
1213 2863 1271 2899 τε
1305 2846 1402 2900 καὶ
1453 2849 1712 2916 χαυνοῦσι
1736 2849 1847 2921 (50)

275 2931 375 2983 τὸν
424 2931 577 2984 τόνον
618 2933 812 3002 αὐτῆς,
844 2935 939 2988 καὶ
979 2936 1117 3004 πρὸς
1160 2937 1402 3004 γέλωτας
1438 2937 1849 3009 βρασματώδεις

279 3026 648 3097 παρακινοῦσι
705 3029 801 3082 καὶ
857 3031 1241 3098 καγχασμοὺς,
1297 3033 1702 3103 ἀπηγόρευσεν,
1761 3030 1851 3089 οἷά

1943 547 2266 616 quandoque
2297 547 2531 614 aliquem
2573 545 2639 598 ad
2673 560 2939 612 equorum
2971 547 3263 607 curricula,
3310 555 3402 599 aut
3453 551 3504 600 in

1945 641 2086 693 ludis
2118 639 2349 693 scenicis
2378 639 2712 707 deprehendi
2743 656 2756 690 :
2785 638 2940 689 alteri
2974 647 3160 691 autem
3193 641 3348 691 venia
3378 639 3497 691 dari

1945 746 2054 784 non
2096 739 2294 798 potest,
2321 731 2364 782 si
2397 730 2522 798 quis
2549 728 2823 796 ejusmodi
2854 730 3013 782 rebus
3042 744 3099 783 se
3127 727 3420 792 dediderit,
3445 739 3500 782 et

1945 822 2046 877 hoc
2093 837 2234 891 Opus
2289 830 2553 891 perpetuo
2607 830 2881 875 exerceat.
2941 821 3117 884 Unde,
3184 820 3274 889 qui
3337 822 3507 875 semel

1943 915 2184 984 quidem,
2218 914 2622 984 prudentesque
2655 929 2719 967 ac
2750 913 2988 967 scientes
3029 922 3280 983 peccant,
3306 921 3502 969 utces-

1946 1008 2481 1062 sentadmoneutur:
2534 1007 2577 1060 si
2616 1006 2808 1070 nolint,
2869 1006 3234 1076 deponuntur.
3274 1005 3375 1071 Qui
3407 1021 3507 1059 au-

1945 1107 2055 1152 tem
2094 1100 2237 1152 malo
2286 1107 2538 1163 utuntur,
2590 1100 2635 1153 si
2671 1100 2784 1154 sint
2821 1100 3040 1169 quidem
3086 1099 3290 1163 clerici,
3327 1114 3390 1152 ex
3439 1114 3506 1153 eo

1930 1183 2326 1259 \deponuntur:
2365 1191 2409 1244 si
2467 1202 2645 1244 autem
2698 1190 2842 1254 laici,
2904 1200 3281 1260 segregantur.
3349 1188 3504 1244 Scias

1946 1290 2149 1346 autem,
2186 1281 2328 1350 quod
2403 1281 2618 1336 etiamsi
2673 1281 2726 1334 in
2777 1281 2869 1334 illo
2919 1296 3129 1336 canone
3180 1281 3506 1350 scripsimus

1947 1387 2068 1443 quise
2132 1386 2161 1424 a
2195 1373 2474 1428 nonnullis
2515 1373 2794 1439 dicuntur,
2832 1373 2979 1443 quod
3013 1387 3120 1428 non
3152 1373 3507 1444 prohibentur

1947 1468 2054 1537 qui
2108 1466 2272 1520 hodie
2323 1465 2459 1519 ﬁunt
2525 1481 2792 1535 equorum
2864 1480 3113 1520 cursus:
3171 1467 3264 1520 sed
3329 1477 3506 1520 tamen

1950 1556 2197 1610 scenicas
2227 1555 2570 1622 saltationes,
2593 1566 2644 1610 et
2690 1556 2980 1609 mimorum
3017 1556 3068 1609 in
3113 1556 3351 1627 thymele
3381 1573 3506 1627 spe-

1950 1650 2182 1713 ctacula,
2220 1647 2540 1702 indistincte.
2577 1647 2856 1718 prohiberi
2920 1663 3112 1703 omnes
3157 1659 3410 1703 asserunt
3442 1665 3506 1702 cx

1953 1741 2197 1808 utrisque
2227 1741 2558 1795 canonibus.
2599 1739 2962 1794 Venationum
3005 1748 3188 1794 autem
3215 1741 3506 1810 spectatio-

1950 1850 2046 1889 nes
2103 1843 2261 1888 voeat
2298 1849 2474 1887 canon
2504 1875 2519 1899 ,
2584 1835 2883 1888 bestiarum
2937 1850 3192 1904 pugnas,
3245 1850 3322 1888 eae
3363 1833 3505 1887 enim

1949 1927 2327 1995 prohibentur,
2367 1942 2472 1980 non
2512 1935 2693 1981 tamen
2754 1934 2809 1981 et
2855 1927 3102 1996 leporum
3165 1928 3504 1980 venationes.

1947 2020 2175 2090 Propter
2208 2021 2404 2074 borum
2439 2029 2620 2074 autem
2679 2035 2804 2074 can.
2841 2035 3033 2089 pmnas
3079 2019 3334 2073 videntur
3387 2034 3510 2072 esse

1945 2111 2237 2180 excogitati
2290 2111 2400 2165 ludi
2451 2111 2579 2180 imp.
2650 2119 3013 2179 contopa-ctes
3069 2111 3303 2174 scilicet,
3339 2109 3510 2173 Maro,

1947 2206 2208 2268 Achilles,
2236 2202 2550 2259 OetoechUS
2579 2211 2632 2258 et
2665 2205 2870 2267 caeteri,
2907 2212 2966 2257 ut
3000 2204 3093 2273 qui
3135 2202 3509 2271 spectantibus

1946 2297 2362 2353 dissolutionem
2399 2305 2451 2350 et
2476 2296 2830 2350 immodicum
2864 2295 3038 2350 risum
3091 2310 3199 2348 non
3232 2303 3473 2350 movent.

2017 2476 2266 2533 ZONAR.
2300 2476 2416 2530 Non
2435 2476 2661 2529 remisse
2678 2482 2770 2527 aut
2785 2473 3048 2528 dissolute
3080 2474 3242 2528 vitam
3264 2473 3487 2527 institue
3506 2510 3509 2511 ν

1948 2587 2030 2634 re,
2049 2571 2142 2627 sed
2174 2585 2292 2624 eam
2319 2585 2437 2638 quae
2461 2578 2679 2622 sanctos
2696 2569 2843 2623 viros
2881 2567 3034 2622 decet
3060 2582 3268 2621 morum
3293 2566 3519 2636 integri-

1945 2673 2110 2718 tatem
2146 2679 2208 2718 ae
2235 2663 2578 2716 severitatem
2617 2660 2779 2725 tueri,
2827 2676 2892 2715 ex
2935 2660 3253 2729 praescripto
3284 2674 3516 2727 evange-

1949 2757 2066 2811 liem
2099 2755 2399 2825 disciplima
2437 2752 2623 2806 ﬁdeles
2651 2752 2932 2819 jubentur.
2971 2750 3144 2819 lgilur
3213 2761 3277 2802 ea
3309 2746 3516 2810 omnia,

1951 2867 2046 2920 per
2107 2864 2227 2918 qua:
2259 2848 2477 2901 animus
2536 2844 2761 2898 minime
2819 2841 3132 2896 necessaria
3183 2839 3508 2894 remissione

1951 2943 2144 3009 laxari,
2166 2941 2520 3011 ejusdemque
2553 2937 2830 2992 contentio
2858 2935 3083 2989 dissolvi
3117 2941 3313 3004 potest,
3352 2934 3521 2986 unde-

1952 3048 2058 3104 que
2104 3032 2248 3086 risus
2301 3028 2581 3084 immodici
2622 3037 2676 3080 et
2704 3024 3155 3080 eaehinnationes
3211 3021 3511 3086 exsistunt,

278 3119 388 3170 είσι
417 3118 483 3171 τά
537 3120 645 3172 τῶν
677 3121 885 3190 μίμων,
926 3122 979 3174 οἳ
1010 3124 1142 3176 ποτὲ
1173 3125 1273 3193 μὲν
1312 3126 1608 3194 Ἀραὸίτας
1640 3130 1842 3198 μιμού-

1895 3137 1914 3194 ;
1948 3126 2113 3180 vetita
2129 3124 2292 3191 hujus
2324 3121 2552 3177 canonis
2573 3119 2794 3173 decreto
2819 3126 2981 3186 atque
3009 3115 3300 3170 interdicta
3339 3114 3513 3169 luere.

283 3227 465 3279 μενοι,
495 3213 624 3264 ποτὲ
659 3212 716 3264 δὲ
757 3214 1100 3283 Ἀρμενίους,
1139 3217 1268 3268 ποτὲ
1301 3216 1357 3268 δὲ
1385 3218 1628 3286 δούλους,
1673 3221 1845 3275 ἐνίοτε

276 3303 327 3356 δ’
361 3302 504 3373 Ξτερ⁹
533 3304 668 3358 ἀττα
707 3307 818 3367 τοῖς
851 3306 944 3359 ἐπὶ
969 3309 1175 3378 κόρρης
1211 3309 1521 3378 ραπίσμασι
1553 3313 1646 3364 καὶ
1668 3313 1849 3383 ψοφή-

284 3411 446 3464 μασι,
494 3396 743 3464 γέλωτας
788 3399 1063 3468 ἀπρεπεῖς
1123 3399 1357 3463 κινοῦσι,
1388 3403 1483 3454 καὶ
1505 3398 1617 3455 οἷον
1645 3403 1851 3457 ικ6ακ-

278 3487 505 3556 χεύουσι
555 3489 680 3552 τοὺς
707 3489 1108 3561 ἀφελεστέρους
1139 3493 1172 3562 ἢ
1205 3490 1731 3565 ἀπροσεκτοτέρους.
1770 3471 1851 3550 Td

276 3581 337 3633 δὲ
370 3581 478 3632 τῶν
510 3582 787 3650 κυνηγίων
845 3583 1051 3653 θεώρια
1105 3587 1166 3637 οὐ
1198 3586 1258 3637 τὸ
1320 3586 1574 3658 θηρεύειν
1606 3591 1694 3643 διὰ
1741 3590 1851 3642 τῶν

279 3673 462 3725 κυνῶν
501 3674 534 3744 ἢ
582 3675 756 3736 ἄλλως
809 3675 946 3729 ὲστί.
1005 3676 1176 3732 Τοῦτο
1207 3679 1315 3749 γάρ
1342 3681 1402 3732 οὐ
1449 3681 1699 3750 θεώριον,
1733 3683 1850 3736 ἀλλ’

277 3765 444 3834 ἔργον
475 3766 644 3820 ἐστίν.
696 3767 787 3820 Ἐν
815 3769 933 3831 ταῖς
965 3769 1155 3822 πόλεσι
1187 3771 1243 3824 δὲ
1275 3775 1400 3834 ταῖς
1428 3774 1718 3841 μεγίσταις
1750 3775 1850 3844 θη-

278 3859 375 3927 ρία
406 3860 697 3928 ἐτρέφοντο
749 3858 965 3922 λέοντες
994 3860 1086 3912 καὶ
1119 3861 1332 3931 ἀρκτοι,
1371 3865 1469 3916 καὶ
1528 3865 1668 3920 κατά
1699 3882 1851 3929 τινας

279 3952 509 4019 καιροὺς
541 3949 796 4018 ἑξήγοντο
828 3951 908 4013 είς
934 3951 1004 4004 τά
1034 3950 1257 4022 θέατρα,
1294 3955 1391 4007 καὶ
1421 3956 1552 4008 ποτὲ
1585 3956 1684 4026 μὲν
1717 3957 1851 4010 ταύ-

277 4059 402 4112 ροις
432 4042 718 4111 ἐμάχοντο,
743 4041 876 4094 ποτὶ
904 4041 960 4094 δὲ
993 4043 1089 4094 καὶ
1125 4043 1456 4114 ἀνθρώποις,
1481 4047 1851 4116 αἰχμαλώτοις

258 4134 449 4203 ιτυχὺν
486 4133 518 4204 ἢ
555 4134 932 4203 κατακρίτοις,
978 4137 1072 4187 καὶ
1101 4131 1244 4206 ἦσαν
1295 4138 1469 4191 ταῦτα
1496 4141 1608 4202 τοῖς
1645 4140 1851 4212 θεωμέ-

274 4243 396 4288 νοις
428 4227 563 4296 πρδς
607 4227 820 4296 ἡδονήν.
854 4225 1042 4280 Ταῦτα
1087 4229 1145 4281 δὲ
1176 4230 1515 4299 ἀπαγορεύει
1547 4231 1794 4298 γίνεσθαι
1825 4236 1852 4287 ό

275 4319 485 4383 κανὼν,
512 4320 586 4383 ὼς
614 4320 877 4390 ὠμότητα
935 4322 1351 4393 κατηγοροῦντα
1383 4324 1492 4376 τῶν
1520 4325 1848 4397 θεωμένων,

271 4415 376 4466 καὶ
421 4415 516 4468 τὰς
555 4416 759 4484 ἑτέρων
805 4416 1096 4486 συμφορὰς
1133 4416 1417 4486 χαρμονάς
1448 4419 1660 4483 οίκείας
1687 4421 1848 4489 λογι-

1895 3241 1906 3249 -
1954 3217 2094 3272 Sunt
2141 3217 2261 3286 ejus
2321 3213 2538 3284 generis
2597 3213 2887 3265 mimorum
2948 3209 3171 3263 ludicra:
3199 3217 3366 3268 artes.
3425 3205 3518 3274 qui

1952 3325 2099 3365 nunc
2129 3309 2361 3371 Arabas,
2395 3320 2544 3359 nunc
2571 3304 2883 3368 Armenios,
2939 3317 3087 3355 nunc
3137 3301 3280 3356 servi
3327 3315 3519 3369 perso-

1953 3416 2099 3464 nam,
2153 3413 2298 3452 nunc
2331 3399 2436 3450 alia
2503 3373 2751 3465 quaedam
2807 3383 3115 3448 imitatione
3175 3391 3515 3461 elﬁngentes,

1953 3493 2197 3562 colaphis
2227 3473 2328 3546 sibi
2354 3490 2596 3546 vicissim
2624 3487 2877 3556 impaetis
2907 3486 3252 3556 strepituque
3304 3485 3516 3537 incom-

1955 3587 2134 3658 posito
2190 3586 2334 3640 risus
2408 3581 2721 3636 inconditos
2779 3589 3040 3656 movent,
3119 3577 3517 3646 rudiorumque

1954 3680 2187 3750 proinde
2252 3677 2530 3747 simplices
2588 3675 2803 3729 animos
2840 3673 3073 3743 quodam
3127 3673 3283 3740 quasi
3337 3670 3520 3724 furore

1954 3772 2279 3846 percellunt.
2313 3768 2680 3823 Venationum
2718 3781 2846 3819 vero
2903 3765 3234 3833 spectacula,
3277 3779 3398 3831 qua:
3430 3763 3518 3815 hic

1955 3865 2317 3936 prohibentur
2350 3878 2459 3916 non
2520 3876 2581 3914 ea
2612 3859 2958 3928 intelligenda
3012 3866 3163 3919 sunt,
3213 3873 3344 3925 cum
3393 3857 3522 3909 feras

1955 3973 2152 4012 cauum
2181 3955 2514 4020 ministerio,
2545 3962 2638 4007 aut
2667 3953 2771 4006 alia
2815 3951 2982 4006 simili
3039 3951 3255 4003 ratione
3294 3956 3521 4018 captan-

1957 4059 2079 4113 tur;
2112 4063 2211 4103 nec
2239 4048 2381 4101 enim
2416 4044 2719 4116 spectaculi
2754 4043 2952 4105 vicem,
2986 4041 3081 4094 sed
3134 4041 3366 4095 actionis
3423 4055 3520 4107 po-

1957 4142 2066 4194 tius
2095 4138 2376 4208 cujusdam
2420 4151 2482 4189 ea
2508 4150 2597 4188 res
2647 4134 2880 4187 obtinet.
2946 4131 3145 4186 Verum
3198 4131 3253 4183 in
3312 4131 3521 4197 magnis

1960 4234 2188 4286 urbibus
2223 4231 2351 4283 l’cra:
2378 4226 2588 4289 bestia,
2617 4225 2800 4279 leones
2836 4223 3100 4276 nimirum
3133 4222 3380 4290 ursique,
3409 4225 3522 4273 ale-

1956 4327 2176 4386 bantur,
2207 4336 2326 4390 qua:
2370 4319 2616 4389 quidem,
2654 4332 2778 4372 eum
2821 4314 2980 4369 statis
3013 4312 3356 4380 temporibus
3397 4327 3524 4380 pro-

1959 4419 2293 4471 ducerentur
2321 4413 2375 4465 in
2414 4412 2718 4471 theatrum,
2768 4407 2955 4475 illique
3011 4404 3096 4458 vel
3149 4419 3273 4456 cum
3326 4404 3521 4467 tauris,

273 4507 543 4572 ζομένων.
580 4478 688 4558 καὶ
711 4509 811 4569 τὰς
854 4478 946 4559 sui;
997 4478 1288 4578 σκηνῆςόὲ
1340 4478 1594 4580 ὀρχήσεις
1626 4478 1848 4569 κωλύει.

1895 4478 1926 4531 D
1959 4512 2040 4564 vel
2078 4509 2240 4563 etiam
2273 4519 2398 4560 eum
2425 4501 2760 4563 hominibus,
2788 4507 2884 4552 aut
2925 4497 3159 4567 captivis
3185 4504 3279 4549 aut
3313 4497 3391 4550 rei
3427 4510 3518 4547 ea-

274 4599 465 4667 Σκηνὴ
503 4597 560 4650 δέ
593 4597 800 4667 ἑστινή
836 4597 1205 4688 προσποίησις
1251 4601 1344 4652 καὶ
1379 4601 1688 4672 ὑπόκρισις,
1728 4604 1849 4656 ὅθεν

273 4690 376 4745 καὶ
413 4691 663 4760 σκηνικοὶ
692 4690 945 4759 λέγονται
980 4693 1028 4743 οἱ
1061 4690 1517 4762 ὑποκρινόμενοι,
1555 4696 1648 4748 καὶ
1685 4697 1848 4750 ἀπει-

271 4781 538 4845 κάζοντες
579 4783 808 4845 ἑαυτοὺς
841 4783 971 4836 ποτὲ
1008 4783 1109 4850 μιν
1140 4783 1373 4850 δούλοις,
1415 4788 1547 4840 ποτὲ
1575 4787 1628 4840 δὲ
1657 4788 1852 4847 δεσπό-
1891 4813 1900 4817 ·

271 4893 421 4938 ταις,
458 4876 586 4928 ποτὲ
616 4875 673 4929 δὲ
707 4879 1034 4946 στρατηγοῖς
1064 4878 1158 4931 καὶ
1192 4879 1470 4949 ἄρχουσιν.
1514 4881 1725 4954 Ὠσπερ
1759 4880 1853 4937 οὖν

272 4967 457 5022 ταῦτα
483 4966 818 5034 ἑκώλυσενό
841 4966 1024 5021 κανὼν
1055 4967 1144 5022 διὰ
1191 4969 1300 5022 τῶν
1338 4971 1543 5041 μίμων,
1579 4971 1722 5026 οὓτω
1751 4975 1848 5028 καὶ

1957 4602 2140 4673 pitalis
2166 4598 2461 4660 damnatis,
2484 4595 2980 4655 committerentur,
3004 4591 3188 4659 plures
3215 4604 3278 4642 e0
3296 4595 3519 4655 aspectu

1955 4692 2221 4749 oblectari
2257 4687 2406 4744 soliti
2455 4694 2603 4739 sunt.
2632 4680 2797 4752 219
2830 4681 2898 4733 Ea
2954 4679 3123 4747 igitur
3185 4676 3522 4747 spectacula,

1957 4787 2157 4857 quippe
2196 4782 2417 4838 srevitize
2466 4778 2767 4831 astantium
2815 4780 3162 4840 argumenta,
3218 4770 3310 4838 qui
3345 4767 3523 4822 aliena

1957 4878 2114 4936 clade
2167 4875 2235 4928 ad
2287 4887 2414 4927 suas
2476 4869 2577 4938 ipsi
2639 4867 2948 4935 voluptates
2994 4864 3376 4924 abuterentur,
3435 4857 3522 4911 edi

1956 4982 2104 5027 vetat
2133 4983 2332 5025 canon.
2365 4962 2701 5019 Saltationes
2751 4973 2971 5030 quoque
3020 4958 3075 5010 in
3135 4955 3318 5011 scenis
3367 4952 3524 5009 exhi-

1471 5088 1667 5152 Guill.
1692 5092 2023 5172 Beveregii
2057 5094 2249 5151 notua.

354 5212 619 5284 “9).”?
650 5213 956 5282 Ἀχιλλέα.
1009 5214 1088 5268 Ita
1149 5212 1369 5281 quidem
1431 5224 1625 5268 omnes
1669 5227 1846 5268 nosm

273 5299 418 5339 mss.
486 5301 590 5339 una
641 5300 765 5338 eum
812 5285 1098 5350 impressis
1143 5284 1426 5339 codicibus
1477 5286 1696 5348 lettunt;
1753 5285 1846 5339 sed

270 5356 522 5412 Joannes
568 5353 843 5408 Meursius
882 5355 937 5409 in
970 5353 1245 5409 Glossario
1303 5354 1486 5409 Cra’co
1514 5354 1756 5408 Barbara
1791 5359 1845 5409 in

272 5425 679 5509 voceuMdtp‘mlv,
735 5425 837 5509 ubi
881 5425 1040 5509 hunc,
1072 5425 1412 5509 Balsam‘ouis
1477 5427 1653 5506 locum
1690 5428 1844 5487 citat,

271 5511 382 5566 pro
422 5494 694 5566 ’Δχὶλλέα,
741 5497 867 5563 legit
913 5496 1220 5565 ἀγχίαλλον.
1257 5494 1322 5548 Et
1350 5512 1419 5550 ne
1451 5498 1577 5566 quis
1597 5504 1842 5550 erratum

275 5565 743 5634 iypographieum
772 5580 894 5620 esse
930 5567 1267 5634 suspicetur,
1305 5565 1478 5633 ipsam
1523 5581 1712 5634 vocem
1744 5568 1844 5634 ἀγ-

272 5633 688 5717 χίέαὶελοςίίιιεκο
712 5651 889 5717 _g_euus
947 5633 1376 5717 interpretatur;
1411 5633 1697 5717 sed'alium
1735 5651 1845 5717 non

271 5705 443 5764 ilert
461 5706 640 5761 locum
674 5705 763 5760 ubi
793 5706 1058 5776 occurrit,
1080 5705 1455 5776 preter-hunc
1482 5707 1848 5768 Balsamonis,

278 5780 450 5848 quem
483 5777 586 5835 sub
617 5777 875 5835 manibus
904 5773 1189 5835 habemus.
1250 5774 1406 5834 Unde
1465 5785 1649 5834 autem
1707 5778 1849 5835 hanc

1951 5213 2240 5269 lectionem
2298 5201 2543 5260 hauserit
2595 5215 2682 5254 me
2733 5200 2907 5254 latet:
2943 5199 3038 5253 sed
3080 5214 3146 5253 ex
3198 5212 3297 5251 ms.
3335 5196 3520 5267 aliquo

1952 5300 2072 5338 eam
2106 5283 2449 5348 desumptam
2481 5286 2604 5327 esse
2653 5287 2719 5324 ex
2753 5285 2818 5324 eo
2865 5269 3194 5348 colligimus.
3228 5270 3373 5333 quod
3434 5269 3520 5348 hic

1955 5356 2108 5409 locus
2143 5339 2386 5404 inter-ea
2423 5350 2794 5405 recenseatur,
2829 5357 2952 5410 quae
3011 5343 3129 5408 ipse
3158 5354 3225 5393 ex
3280 5339 3518 5410 auctori-

1953 5427 2056 5479 bus
2108 5420 2314 5478 Grzecis
2366 5418 2638 5472 hactenus
2700 5427 2809 5465 non
2854 5409 3040 5467 editis
3109 5425 3168 5466 se
3229 5409 3515 5478 collegisse

1953 5496 2141 5550 refert.

2023 5565 2135 5632 (50)
2177 5559 2519 5632 ‘Exldoual
2537 5576 2600 5612 τε
2630 5556 2729 5611 καὶ
2771 5553 3094 5632 χαυνοῦςι.
3123 5549 3518 5632 Βςξπᾼωςξῢτξ-

1954 5620 2185 5691 cltianits
2224 5633 2354 5702 legit
2396 5629 2649 5702 ἑλκύουσι
2706 5620 2811 5702 xui;
2840 5621 3335 5702 xauvoﬁet._Editio
3364 5620 3520 5702 Pari-

1957 5708 2158 5762 siensis
2226 5691 2482 5759 ἑκυλύουσί
2515 5717 2576 5754 τε
2615 5691 2876 5771 χαυνοῦσί
2921 5692 3189 5766 particula
3238 5692 3332 5744 καὶ
3382 5691 3524 5746 male

1915 5830 1920 5834 .
1957 5778 2179 5834 omissa.
