4240 6442
249 408 253 411 ,
289 354 395 416 693

1346 353 1424 412 IN
1445 353 1610 411 CAN.
1647 351 1718 410 LI
1757 349 1963 409 CONlI.
2001 349 2077 407 [Ν
2113 350 2427 409 THULLO

3408 348 3519 413 694

287 469 512 526 λαῖκοὺς
543 465 1022 536 δέ,ἀφορίζεσθαι;
1051 466 1260 530 Λύσις.
1300 466 1522 535 ’Ἑτερόν
1564 467 1680 516 ἐστι
1707 480 1873 532 φορη-

1911 463 1943 520 Ᾱ
1973 467 2124 537 gari?
2153 467 2378 522 Solutio.
2408 466 2652 519 Alterum
2709 473 2791 518 est
2831 464 3192 527 tolerabilius,
3227 466 3517 520 ascendere

287 561 512 629 τότερω
544 558 606 610 τὸ
635 557 843 610 ἀνιέναι
873 558 1022 618 τινάς
1052 558 1133 629 εἰς
1167 557 1535 627 ἱπποδρομίας
1564 557 1710 608 ἐστιν
1740 556 1849 617 ὅτε,

212 715 216 718 Λ
288 652 324 721 ἢ
355 627 448 704 ἐπὶ
469 649 780 719 θυμελικοῖς
803 627 1076 714 παιγνίοις
1089 648 1293 699 ἀλῶναι
1321 663 1335 678 ⁸
1365 648 1456 700 καὶ
1472 648 1656 714 ἕτερον
1680 643 1855 714 ἀσύγ-

288 755 536 806 γνωστον
587 737 648 790 τὸ
705 736 953 790 ἐκδοῦναι
1003 738 1231 800 ἑαυτοὺς
1263 739 1342 799 είς
1369 737 1439 789 τὰ
1482 735 1730 802 τοιαῦτα,
1761 735 1855 790 καὶ

287 829 452 883 τοῦτο
483 829 645 900 ἔργον
680 827 827 898 ἐχειν
861 829 1128 899 διηνεκές.
1163 829 1325 882 Ὅθεν
1355 829 1446 883 καὶ
1493 829 1542 881 οί
1572 829 1670 898 μὲν
1719 829 1852 896 ἐφά-

287 925 403 991 παξ
462 926 602 994 μετά
657 927 932 996 προσοχῆς
983 927 1394 998 ἁμαρτάνοντες
1448 927 1853 996 ἐπιφωνοῦνται

288 1017 628 1082 παύσασθαι,
669 1020 716 1071 εί
749 1019 822 1088 μὴ
862 1019 1074 1071 θέλουσι
1135 1020 1525 1089 καθαιρεθῆναι
1547 1037 1562 1053 ο
1594 1021 1644 1072 οἱ
1673 1020 1728 1072 δέ
1759 1037 1856 1072 κα-

288 1110 641 1179 ταχρώμενοι
669 1109 748 1178 τῷ
777 1110 953 1178 κακῷ,
986 1112 1242 1182 κληρικοὶ
1271 1112 1368 1181 μέν
1396 1113 1566 1175 ὄντες,
1595 1112 1858 1165 ἀπεπεῦ-

289 1203 387 1254 θεν
425 1203 838 1273 καθαιροῦνται,
861 1203 1040 1256 λαῖκοὶ
1088 1205 1166 1269 δέ,
1216 1204 1590 1274 ἀφορίζονται.
1626 1205 1757 1257 Ἔσο
1797 1203 1854 1256 δέ

291 1292 453 1354 εἰδὼς
493 1293 587 1357 ὡς,
641 1295 691 1346 εί
739 1294 833 1346 καὶ
869 1295 927 1346 ἐν
963 1294 1159 1362 ἐκείνῳ
1188 1295 1266 1364 τῷ
1320 1294 1505 1347 κανόνι
1536 1293 1857 1364 ἐγράψαμεν

293 1384 365 1434 τὰ
401 1383 556 1452 παρά
599 1400 763 1437 τινων
801 1383 1094 1454 λεγόμενα,
1128 1386 1288 1455 χάριν
1318 1383 1412 1437 τοῦ
1443 1386 1516 1455 μὴ
1552 1384 1856 1437 κωλύεσθαι

287 1475 392 1538 τὰς
430 1477 668 1546 σήμερον
694 1476 1026 1546 τελουμένας
1062 1475 1447 1546 ἱπποδρομίας,
1498 1477 1634 1528 ἀλλά
1665 1492 1727 1543 γε
1757 1475 1856 1537 τὰς

292 1568 390 1619 ἐπὶ
420 1569 623 1637 σκηνῆς
652 1569 906 1638 ὀρχήσεις
936 1569 1118 1621 καὶτὰ
1145 1569 1238 1621 ἐπὶ
1269 1568 1510 1637 θυμέλης
1537 1569 1646 1620 τῶν
1676 1568 1857 1637 μίμων

274 1658 498 1730 ’θεώρια
550 1647 1282 1724 ἀδιαστίκτωςίκολάξεσθαι
1341 1662 1566 1723 πάντες
1612 1661 1856 1729 λέγουσι,

295 1749 392 1802 καὶ
423 1750 484 1814 ἐξ
514 1752 841 1822 ἀμφοτέρων
875 1753 983 1805 τῶν
1010 1752 1273 1805 κανόνων.
1304 1753 1596 1820 κυνηγίων
1633 1751 1686 1803 δέ
1722 1752 1859 1803 θεώ-

293 1861 388 1914 ρια
427 1844 631 1912 λέγειὸ
671 1845 850 1899 κανὼν
891 1845 990 1908 τὰς
1036 1846 1425 1915 θηριομαχίαςο
1477 1839 1637 1897 αὗται
1667 1845 1723 1896 δὲ
1754 1835 1860 1896 κω-

288 1935 511 1988 λύονται
537 1923 645 1990 ’ὀύ
681 1936 788 2006 μὴν
809 1938 877 1988 τά
899 1937 1313 2005 λαγωκυνήγια.
1360 1937 1543 1988 Ἔοικε
1578 1937 1632 1987 δὲ
1664 1936 1752 1987 διά
1793 1936 1859 1989 τὰ

286 2027 402 2080 τῶν
435 2029 695 2081 τοιούτων
733 2031 975 2084 κανόνων
998 2031 1254 2096 ἐπιτίμια
1278 2029 1630 2099 ἐπινοηθῆναι
1663 2032 1733 2082 τὰ
1762 2030 1860 2098 βα-

295 2119 480 2172 σιλικά
550 2120 808 2188 παίγνια·
863 2120 956 2174 τὸν
1026 2121 1423 2190 κοντοπαίκτην
1473 2121 1716 2191 δηλαδὴ,
1771 2121 1861 2174 τὸν

289 2211 555 2281 Μάρωνα,
592 2212 682 2265 τὸν
724 2212 967 2282 Ἀχιλλέα
1000 2212 1134 2282 (49),
1161 2215 1259 2282 τὴν
1301 2213 1629 2281 Ὀκτώηχον,
1672 2215 1766 2265 καὶ
1792 2214 1861 2266 τὰ

290 2304 478 2367 λοιπά,
537 2306 612 2367 ὡς
670 2306 743 2376 μὴ
798 2306 1046 2376 διάχυσιν
1099 2307 1194 2359 καὶ
1242 2307 1452 2376 γέλωτα
1475 2306 1710 2376 ἄσεμνον
1759 2307 1861 2375 ἐμ-

290 2395 548 2448 ποιοῦντα
579 2399 690 2461 τρίς
729 2397 1039 2468 βλέπουσιν.

368 2487 612 2540 ΖΩΝΑΡ.
642 2489 780 2552 Τοὺς
813 2492 1039 2553 πιστοὺς
1066 2493 1100 2561 η
1131 2491 1392 2562 ἀκρίϐεια
1438 2491 1540 2560 τῆς
1578 2491 1862 2559 εὐαγγελι-

293 2579 402 2647 κῆς
452 2579 725 2644 πολιτείας
794 2582 870 2653 μὴ
918 2583 1228 2653 ἀνειμένως
1300 2585 1394 2637 καὶ
1448 2585 1864 2654 διακεχυμένως

294 2666 448 2737 βιοῦν
473 2669 745 2738 βούλεται,
795 2671 911 2724 ἀλλ’
959 2672 1035 2731 ὡς
1069 2674 1272 2743 πρέπει
1331 2675 1528 2742 ἁγίοις.
1567 2675 1670 2726 Διά
1707 2673 1864 2727 τοῦτο

295 2759 392 2813 οῦν
420 2764 446 2814 ὁ
472 2762 655 2817 κανὼν
676 2760 831 2826 οὗτος
863 2765 962 2818 ὅσα
993 2766 1238 2834 διάχυσιν
1287 2770 1351 2838 τῇ
1383 2762 1527 2837 ψυχῇ
1578 2766 1863 2838 ἐμποιοῦσι

295 2855 450 2926 παρά
486 2856 547 2908 τὸ
577 2858 897 2924 ἀναγκαῖον,
927 2858 1180 2912 ἐκλύουσί
1228 2877 1285 2912 τε
1321 2859 1417 2914 καὶ
1467 2861 1727 2930 χαυνοῦσι
1751 2862 1862 2934 (50)

291 2946 390 2999 τὸν
439 2946 592 2998 τόνον
633 2947 827 3017 αὐτῆς,
860 2950 954 3002 καὶ
994 2951 1133 3018 πρὸς
1175 2951 1417 3018 γέλωτας
1453 2951 1864 3023 βρασματώδεις

295 3041 664 3112 παρακινοῦσι
720 3045 816 3097 καὶ
872 3046 1257 3112 καγχασμοὺς,
1313 3046 1717 3116 ἀπηγόρευσεν,
1776 3043 1866 3103 οἷά

1955 559 2278 629 quandoque
2309 559 2542 626 aliquem
2584 557 2650 610 ad
2684 572 2950 624 equorum
2983 557 3274 617 curricula,
3321 565 3414 609 aut
3465 561 3516 610 in

1957 653 2098 706 ludis
2129 652 2361 706 scenicis
2389 650 2724 718 deprehendi
2755 667 2768 702 :
2797 649 2952 700 alteri
2987 658 3172 702 autem
3205 652 3360 702 venia
3389 650 3509 701 dari

1957 759 2066 797 non
2107 751 2306 810 potest,
2333 743 2376 794 si
2409 742 2534 811 quis
2561 740 2834 808 ejusmodi
2866 742 3025 794 rebus
3053 755 3111 794 se
3139 738 3431 802 dediderit,
3456 749 3512 793 et

1957 835 2058 890 hoc
2105 850 2246 904 opus
2301 843 2565 904 perpetuo
2619 842 2893 887 exerceat.
2953 832 3130 895 Unde,
3195 831 3286 900 qui
3348 832 3519 885 semel

1955 927 2196 998 quidem,
2231 926 2634 996 prudentesque
2667 940 2731 979 ac
2763 924 3001 979 scientes
3042 933 3292 994 peccant,
3318 933 3514 979 utcess

1958 1020 2493 1075 sentadmonentur:
2546 1019 2589 1073 si
2628 1018 2820 1082 nolint,
2881 1018 3245 1088 deponuntur.
3286 1015 3388 1081 Qui
3420 1032 3519 1069 au-

1958 1119 2067 1165 tem
2106 1113 2249 1164 malo
2298 1120 2550 1174 utuntur,
2603 1112 2647 1165 si
2683 1111 2796 1166 sint
2834 1111 3053 1180 quidem
3098 1110 3302 1173 clerici,
3340 1124 3401 1163 ex
3451 1125 3519 1163 eo

1943 1197 2339 1272 deponuntur:
2378 1203 2422 1256 si
2480 1214 2657 1256 autem
2711 1201 2855 1265 laici,
2916 1211 3294 1271 segregantur.
3361 1199 3516 1254 Scias

1959 1303 2162 1359 autem,
2198 1293 2340 1362 quod
2416 1293 2630 1348 etiamsi
2686 1293 2739 1346 in
2789 1293 2881 1346 illo
2931 1307 3141 1348 canone
3193 1291 3518 1360 scripsimus

1960 1399 2080 1456 quae
2144 1399 2173 1437 a
2208 1385 2487 1440 nonnullis
2527 1385 2807 1450 dicuntur,
2845 1384 2992 1454 quod
3026 1398 3132 1438 non
3165 1383 3519 1455 prohibentur

1959 1481 2066 1549 qui
2121 1479 2284 1533 hodie
2335 1478 2471 1532 ﬁunt
2537 1493 2805 1547 equorum
2876 1491 3127 1531 cursus:
3183 1477 3278 1531 sed
3342 1486 3520 1530 tamen

1963 1569 2210 1623 scenicas
2240 1567 2582 1634 saltationes,
2607 1578 2658 1622 et
2702 1568 2992 1620 mimorum
3030 1568 3082 1620 in
3126 1567 3364 1637 thymelc
3393 1584 3519 1637 Spe-

1963 1662 2194 1725 ctacula,
2233 1659 2553 1714 indistincte
2591 1659 2869 1730 prohiberi
2933 1674 3125 1714 omnes
3170 1669 3423 1714 asserunt
3455 1675 3518 1712 cx

1965 1753 2210 1821 utrisque
2241 1753 2572 1807 canonibus.
2611 1751 2975 1806 Venationum
3018 1759 3202 1805 autem
3228 1752 3519 1820 spectatio-

1963 1863 2060 1901 nes
2116 1855 2275 1900 vocat
2311 1860 2532 1911 canon,
2597 1847 2896 1900 bestiarum
2950 1861 3205 1915 pugnas,
3259 1860 3335 1898 ea:
3377 1844 3519 1897 enim

1963 1939 2341 2008 prohibentur,
2380 1953 2486 1992 non
2526 1948 2707 1993 tamen
2767 1945 2822 1992 et
2868 1938 3116 2007 leporum
3179 1938 3518 1991 venationes.

1961 2033 2189 2102 Propter
2221 2033 2418 2086 borum
2453 2040 2634 2085 autem
2693 2047 2818 2085 can.
2855 2047 3046 2100 plenas
3093 2030 3348 2084 videntur
3401 2044 3523 2083 esse

1960 2124 2251 2192 excogitati
2304 2123 2414 2177 ludi
2466 2123 2593 2192 imp.
2664 2131 3027 2191 eontopa-ctes
3083 2123 3317 2185 scilicet,
3352 2119 3523 2183 Maro,

1961 2218 2222 2280 Achilles,
2249 2214 2563 2272 θειοεοιιυε
2592 2223 2646 2270 et
2679 2217 2884 2277 caeleri,
2920 2224 2980 2268 ut
3014 2215 3106 2284 qui
3149 2212 3524 2282 spectantibus

1961 2310 2376 2366 dissolutionem
2413 2317 2466 2362 et
2490 2308 2844 2362 immodicum
2878 2305 3051 2361 risum
3105 2320 3213 2359 non
3246 2314 3487 2360 movent.

2031 2489 2281 2545 ZONAR.
2315 2488 2430 2542 Non
2449 2488 2674 2541 remisse
2692 2485 3063 2539 autdissolute
3095 2485 3256 2538 vitam
3278 2483 3500 2538 institue

1963 2600 2044 2647 re,
2063 2583 2155 2639 sed
2188 2598 2307 2637 eam
2333 2597 2451 2650 quze
2475 2590 2693 2634 sanctos
2710 2580 2857 2634 viros
2895 2578 3048 2633 decet
3074 2593 3282 2632 morum
3307 2577 3534 2646 integri-

1961 2685 2124 2731 tatem
2160 2692 2222 2731 ac
2249 2674 2592 2729 severitatem
2631 2672 2794 2736 tueri,
2841 2687 2907 2726 ex
2950 2670 3268 2740 praescripto
3299 2684 3531 2737 evange-

1964 2770 2080 2824 licae
2114 2767 2414 2837 disciplinae
2453 2764 2637 2818 ﬁdeles
2665 2764 2947 2831 iubentur.
2985 2761 3158 2829 igitur
3227 2773 3292 2812 ea
3323 2757 3530 2819 omnia,

1965 2879 2062 2933 per
2122 2877 2242 2931 quas
2274 2859 2492 2913 animus
2551 2856 2776 2910 minime
2833 2852 3147 2908 necessaria
3197 2850 3523 2905 remissione

1966 2956 2159 3022 laxari,
2181 2953 2535 3023 ejusdemque
2567 2949 2845 3004 contentio
2873 2945 3097 3000 dissolvi
3132 2952 3328 3014 potest,
3367 2943 3536 2996 unde-

1967 3060 2073 3116 que
2119 3045 2262 3099 risus
2316 3040 2596 3096 inmodici
2637 3049 2692 3092 et
2719 3035 3170 3091 cachinnationes
3226 3032 3526 3096 exsistunt,

294 3133 404 3186 εισι
431 3133 498 3186 τά
553 3135 661 3187 τῶν
693 3136 900 3204 μίμων,
941 3137 994 3189 οἳ
1025 3137 1157 3190 ποτέ
1189 3139 1289 3207 μὲν
1327 3140 1624 3209 Ἀραϐίτας
1655 3143 1858 3211 μιμού-

1911 3150 1930 3207 ;
1964 3136 2307 3204 vetitahujus
2339 3133 2567 3188 canonis
2588 3130 2810 3184 decreto
2833 3137 2996 3198 atque
3025 3126 3316 3181 interdicta
3354 3125 3528 3179 fuere.

299 3242 480 3295 μενοι,
511 3228 641 3279 ποτὲ
675 3227 731 3279 δὲ
773 3229 1116 3298 Ἀρμενίους⁹
1154 3231 1284 3282 ποτέ
1316 3230 1373 3282 δὲ
1400 3231 1644 3300 δούλους,
1688 3235 1861 3288 ἐνίοτε

293 3318 344 3372 δ’
378 3317 520 3388 ἕτερ’
548 3320 684 3373 ἄττα
722 3322 834 3382 τοῖς
867 3321 959 3374 ἐπὶ
984 3323 1190 3392 κόρρης
1227 3323 1537 3392 ῥαπίσμασι
1569 3327 1662 3378 καὶ
1684 3326 1865 3396 ψοφή-

300 3427 461 3479 μασι,
509 3411 758 3480 γέλωτας
804 3413 1078 3483 ἀπρεπεῖς
1139 3413 1373 3478 κινοῦσι,
1404 3416 1499 3468 καὶ
1521 3411 1633 3468 οἷον
1661 3417 1867 3470 ἐκϐακ-

296 3501 522 3571 χεύουσι
571 3503 696 3567 τοὺς
722 3504 1124 3575 ἀφελεστέρους
1155 3507 1188 3576 ἢ
1221 3507 1747 3579 ἀπροσεκτοτέρους.
1786 3485 1867 3564 Τθά

294 3596 353 3648 δὲ
386 3596 495 3648 τῶν
527 3597 804 3665 κυνηγίων
861 3597 1067 3667 θεώρια
1121 3601 1182 3651 ού
1214 3599 1274 3651 τὸ
1337 3600 1591 3672 θηρεύειν
1622 3604 1710 3656 διὰ
1757 3603 1868 3655 τῶν

297 3688 478 3741 κυνῶν
518 3689 550 3759 ἢ
599 3689 772 3751 ἄλλως
826 3690 962 3743 ἐστί.
1021 3690 1192 3746 Τοῦτο
1224 3693 1331 3762 γάρ
1358 3694 1419 3746 ού
1466 3695 1715 3763 θεώριον,
1749 3696 1867 3749 ἀλλ’

295 3780 460 3850 ἔργον
491 3781 660 3835 ἐστίν.
712 3782 804 3835 Ἐν
831 3783 950 3846 ταῖς
981 3783 1171 3836 πόλεσι
1203 3785 1260 3837 δὲ
1292 3789 1417 3849 ταῖς
1445 3788 1734 3855 μεγίσταις
1767 3788 1867 3858 θη-

297 3874 391 3942 ρία
422 3875 714 3943 ἐτρέφοντο
765 3873 982 3936 λέοντες
1010 3875 1103 3926 καὶ
1135 3876 1350 3945 ἀρκτοι,
1388 3878 1486 3930 καὶ
1545 3878 1684 3934 κατά
1716 3895 1868 3942 τινας

297 3967 526 4034 καιροὺς
557 3965 812 4032 ἐξήγοντο
844 3965 924 4028 είς
951 3966 1021 4018 τά
1051 3964 1273 4037 θέατρα,
1311 3969 1408 4021 καὶ
1437 3969 1569 4021 ποτέ
1602 3969 1700 4039 μὲν
1733 3970 1868 4023 ταύ‹

296 4075 418 4128 ροις
448 4056 734 4126 ἐμάχοντο,
759 4056 893 4109 ποτέ
921 4055 976 4108 δέ
1010 4058 1106 4109 καὶ
1142 4058 1474 4128 ἀνθρώποις,
1498 4061 1868 4130 αἰχμαλώτοις

278 4149 466 4218 ιτυχδν
503 4148 535 4219 ἢ
573 4149 948 4217 κατακρίτοις,
995 4151 1089 4202 καὶ
1119 4145 1261 4220 ἦσαν
1312 4151 1486 4205 ταῦτα
1513 4155 1624 4215 τοῖς
1661 4153 1868 4225 θεωμέ-

293 4258 413 4304 νοις
445 4242 580 4311 πρὺς
624 4242 837 4311 ἡδονήν.
870 4240 1060 4295 Ταῦτα
1105 4243 1162 4295 δὲ
1193 4243 1533 4313 ἀπαγορεύει
1564 4245 1811 4312 γίνεσθαι
1842 4249 1869 4300 ό

294 4335 503 4399 κανὼν,
529 4335 602 4398 ὡς
631 4335 894 4406 ὠμότητα
952 4337 1368 4407 κατηγοροῦντα
1400 4337 1510 4390 τῶν
1536 4338 1865 4410 θεωμένων,

290 4431 393 4482 καὶ
437 4429 534 4484 τὰς
572 4431 776 4499 ἐτέρων
823 4430 1114 4501 συμφορὰς
1151 4430 1435 4500 χαρμονάς
1465 4433 1677 4497 οἰκείας
1705 4434 1866 4502 λογις-

291 4522 561 4588 ζομένων.
597 4522 705 4573 Καὶ
729 4523 828 4584 τάς
872 4522 964 4574 ἐπὶ
1014 4522 1222 4593 σκηνῆς
1251 4523 1306 4575 δέ
1357 4525 1611 4594 ὀρχήσεις
1644 4526 1866 4582 κωλύει.

293 4613 483 4683 Σκηνὴ
521 4612 578 4664 δέ
610 4614 756 4665 ἐστιν
784 4612 818 4682 ἡ
853 4611 1223 4676 προσποίησις
1269 4615 1362 4666 καὶ
1397 4614 1706 4685 ὑπόκρισις,
1745 4617 1866 4669 ὅθεν

292 4706 393 4761 καὶ
430 4706 681 4776 σκηνικοὶ
709 4705 962 4774 λέγονται
998 4707 1046 4757 ol
1079 4693 1535 4776 ὑποκρινόμενοι,
1573 4708 1666 4762 καὶ
1703 4710 1866 4762 ἀπει-

289 4797 556 4860 κάζοντες
597 4797 825 4860 ἑαυτοὺς
859 4797 989 4850 ποτὲ
1026 4797 1128 4864 μὲν
1158 4797 1392 4864 δούλοις,
1434 4801 1565 4853 ποτὲ
1593 4801 1646 4853 δὲ
1675 4801 1870 4863 δεσπό-
1909 4826 1918 4831 ~

291 4907 440 4953 ταις,
476 4891 604 4943 ποτέ
634 4891 691 4944 δὲ
724 4893 1053 4961 στρατηγοῖς
1082 4892 1177 4945 καὶ
1210 4893 1489 4963 ἄρχουσιν.
1532 4894 1743 4966 Ὥσπερ
1777 4893 1872 4950 οὖν

293 4983 474 5037 ταῦτα
501 4981 837 5048 ἐκώλυσενύ
859 4981 1042 5036 κανὼν
1074 4981 1162 5036 διά
1210 4984 1318 5036 τῶν
1357 4984 1562 5055 μίμων,
1597 4984 1741 5038 οὕτω
1769 4988 1867 5041 καὶ

1911 3255 1922 3262 ·
1970 3230 2110 3284 Sunt
2157 3229 2276 3298 ejus
2337 3225 2553 3296 generis
2613 3225 2903 3276 mimorum
2963 3220 3187 3274 ludicra:
3214 3227 3380 3278 artes,
3441 3215 3533 3285 qui

1968 3337 2114 3377 nunc
2145 3320 2377 3382 Arabas,
2411 3332 2559 3372 nunc
2586 3316 2899 3378 Armenios,
2954 3328 3103 3366 nunc
3152 3311 3295 3366 servi
3342 3326 3534 3380 perso-

1968 3429 2115 3476 nam,
2168 3426 2313 3464 nunc
2347 3411 2453 3462 alia
2519 3385 2767 3477 quaedam
2822 3395 3130 3459 imitatione
3191 3403 3531 3472 eliingentes,

1969 3505 2213 3575 colaphis
2243 3485 2344 3558 sibi
2370 3502 2611 3558 vicissim
2640 3499 2892 3567 impactis
2923 3497 3268 3567 strepituque
3319 3496 3532 3548 incom-

1971 3600 2150 3671 posito
2206 3599 2350 3652 risus
2424 3592 2737 3648 inconditos
2795 3600 3056 3667 movent,
3135 3589 3533 3655 rudiorumque

1971 3692 2202 3762 proinde
2268 3689 2546 3759 simplices
2604 3687 2819 3741 animos
2856 3684 3090 3754 quodam
3143 3683 3298 3751 quasi
3353 3681 3537 3735 furore

1971 3785 2296 3858 percellunt.
2330 3780 2696 3835 Venationum
2734 3792 2862 3831 vero
2919 3776 3250 3844 spectacula,
3293 3789 3414 3842 qua:
3446 3773 3535 3826 hic

1972 3878 2334 3949 prohibentur
2367 3890 2476 3928 non
2516 3888 2598 3945 ea
2629 3870 2976 3940 intelligenda
3028 3877 3179 3930 sunt,
3229 3884 3361 3935 cum
3410 3866 3537 3919 fera:

1971 3985 2168 4025 canum
2198 3967 2530 4031 ministerio,
2562 3973 2655 4018 aut
2683 3964 2788 4017 alia
2831 3962 2998 4017 simili
3055 3961 3271 4014 ratione
3311 3967 3538 4028 captan-

1974 4072 2096 4126 tur;
2128 4075 2228 4115 nec
2255 4060 2398 4114 enim
2433 4056 2736 4128 spectaculi
2770 4055 2969 4115 vicem,
3002 4052 3097 4105 sed
3150 4052 3383 4105 actionis
3441 4065 3536 4117 pn-

1974 4155 2083 4207 tius
2112 4150 2394 4221 cujusdam
2437 4163 2498 4202 ea
2526 4162 2614 4200 res
2664 4145 2896 4198 obtinet.
2963 4143 3162 4197 Verum
3215 4143 3271 4194 in
3328 4142 3538 4207 magnis

1977 4246 2204 4299 urbibus
2240 4243 2368 4296 ferae
2396 4238 2605 4300 bestias,
2635 4237 2817 4290 leones
2853 4235 3118 4287 nimirum
3150 4233 3397 4300 ursique,
3426 4235 3538 4282 ale-

1974 4340 2193 4400 bantur,
2225 4348 2343 4403 quae
2387 4331 2633 4401 quidem,
2671 4344 2795 4383 cum
2838 4325 2997 4380 statis
3031 4323 3374 4391 temporibus
3415 4338 3542 4390 pro-

1976 4432 2311 4485 ducerentur
2339 4425 2392 4477 in
2432 4424 2734 4482 theatrum,
2785 4419 2972 4486 illique
3029 4416 3114 4470 vel
3167 4430 3290 4467 Clllll
3344 4414 3538 4477 tauris,

1976 4525 2058 4577 vel
2096 4521 2258 4576 etiam
2290 4531 2416 4572 cum
2443 4513 2778 4575 hominibus,
2806 4519 2902 4563 aut
2943 4508 3177 4578 captivis
3203 4515 3296 4560 aut
3331 4507 3408 4560 rei
3444 4521 3535 4557 ca-

1975 4615 2157 4686 pitalis
2184 4610 2479 4671 damnatis,
2502 4605 2998 4667 committerentur,
3021 4602 3205 4670 plures
3233 4614 3296 4652 eo
3314 4605 3537 4666 aspectu

1973 4704 2238 4762 oblectari
2275 4699 2423 4756 soliti
2473 4705 2621 4751 sunt.
2650 4691 2814 4763 219
2848 4691 2916 4744 Ea
2972 4690 3140 4758 igitur
3203 4687 3540 4757 spectacula,

1975 4799 2175 4870 quippe
2215 4794 2435 4850 saevitiae
2484 4789 2785 4842 astantium
2833 4791 3180 4852 argumenta,
3236 4780 3328 4848 qui
3363 4777 3541 4831 aliena

1975 4868 2132 4948 clade
2186 4887 2253 4940 ad
2304 4899 2433 4938 suas
2494 4880 2595 4950 ipsi
2657 4879 2966 4946 voluptates
3012 4875 3395 4934 abuterentur,
3453 4868 3539 4921 edi

1975 4993 2122 5040 vetat
2151 4995 2350 5037 canon.
2383 4974 2720 5031 Saltationes
2769 4985 2989 5041 quoque
3039 4968 3093 5020 in
3153 4965 3336 5022 scenis
3386 4962 3543 5019 exhi-

1490 5101 1685 5164 Guill.
1710 5104 2042 5184 Bcveregii
2076 5106 2267 5164 notae.

372 5227 638 5298 (ι9)ςΤὸν
669 5228 976 5297 Ἀχιλλέα.
1028 5229 1107 5283 Ita
1168 5226 1387 5294 quidem
1449 5237 1644 5281 omnes
1687 5239 1864 5281 nostri

293 5297 437 5355 mss.
472 5297 609 5354 una
660 5315 784 5352 eum
831 5299 1117 5365 impressis
1161 5298 1446 5352 codicibus
1496 5300 1715 5361 legunt;
1771 5297 1864 5351 sed

289 5371 540 5426 Joannes
587 5368 862 5423 Meursius
901 5370 956 5423 in
989 5368 1263 5422 Glossario
1322 5367 1775 5422 Gra'coBarbaro
1809 5371 1864 5422 in

291 5453 436 5493 voce
467 5440 698 5500 Μάρων.
755 5441 845 5493 ubi
900 5440 1046 5493 hunc
1091 5439 1432 5492 Balsamonis
1496 5441 1672 5492 locum
1709 5441 1863 5500 citat,

291 5457 436 5493 voce
467 5457 558 5494 mat
597 5457 698 5499 ων.
755 5457 845 5493 um
900 5457 1046 5493 nunc
1093 5457 1432 5492 balsamottls
1496 5457 1672 5492 locum
1709 5457 1861 5500 citat,

291 5526 401 5582 pro
441 5457 713 5589 ’Δχίξλέω
760 5511 886 5577 legit
933 5509 1239 5589 ἀγχίαλλον.
1276 5507 1341 5589 Et
1369 5525 1438 5563 ne
1470 5511 1596 5579 quis
1617 5518 1861 5589 erratum

294 5580 762 5649 iypographicum
791 5594 914 5634 esse
949 5581 1286 5648 suspicetur,
1324 5580 1497 5647 ipsam
1542 5593 1731 5649 vocem
1763 5581 1863 5645 ἀγ-

291 5646 708 5723 χίαλλοξίωιιι
731 5665 908 5723 ασκεω
966 5646 1396 5723 interpretatur;
1430 5646 1717 5723 sed'alium
1755 5663 1864 5723 non

279 5719 463 5779 ’ἶσοι-ι
480 5721 660 5776 locum
694 5720 1078 5792 ubioccurrlt,
1099 5719 1313 5792 praeter_
1331 5719 1474 5774 hunc
1503 5721 1867 5792 Balsamonis,

297 5797 470 5863 quem
503 5792 606 5849 sub
636 5791 894 5849 manibus
923 5788 1209 5849 habemus.
1271 5788 1425 5848 Unde
1484 5798 1669 5847 autem
1727 5791 1869 5848 hanc

1969 5225 2259 5282 lectionem
2316 5213 2562 5272 hauserit
2614 5227 2701 5266 me
2752 5210 3058 5282 latetzsed
3099 5225 3164 5264 ex
3217 5223 3316 5262 ms.
3354 5207 3539 5282 aliquo

1971 5279 2091 5351 eam
2125 5295 2468 5360 desumptam
2500 5297 2623 5339 esse
2673 5298 2737 5336 ex
2772 5297 2837 5336 eo
2883 5280 3212 5360 colligimus,
3247 5280 3392 5344 quod
3453 5279 3539 5358 hic

1974 5348 2406 5421 locusinter'ea
2442 5362 2813 5416 recenseatur,
2848 5368 2970 5422 quae
3030 5353 3147 5419 ipse
3177 5365 3244 5404 ex
3299 5348 3536 5422 auctori-

1971 5419 2081 5492 bus
2102 5419 2334 5490 ‘Graecis
2386 5430 2656 5484 hactenus
2719 5438 2828 5476 non
2871 5419 3059 5478 editis
3129 5435 3188 5476 se
3248 5419 3534 5488 collegisse

1973 5508 2160 5562 refert.

2042 5578 2154 5645 (50)
2197 5571 2538 5645 Ἐκλύομαι-
2556 5588 2618 5624 τε
2650 5568 2748 5623 καί
2790 5565 3112 5645 χαυνοῦςνι.
3142 5560 3537 5645 λξξτᾼῐηςξὶιο-

1973 5631 2205 5704 cltianits
2243 5645 2373 5714 legit
2415 5641 2668 5714 ἐλκύουσι
2725 5631 2830 5714 xui:
2859 5631 3354 5714 xauvoﬁet._Editip
3383 5631 3540 5714 Pari-

1976 5702 2178 5774 siensis
2245 5702 2502 5771 ἐκλύουσι
2533 5729 2595 5766 τε
2634 5702 2896 5783 χαυνοῦσι
2941 5703 3208 5777 particula
3257 5703 3352 5755 καὶ
3402 5702 3544 5755 male

1933 5843 1938 5847 .
1977 5791 2199 5847 omissa.
