4240 6442
242 387 356 449 ’105

1271 388 1342 447 IN
1387 389 1544 447 CAN.
1592 387 1712 448 ων
1743 388 1955 450 (IONC.
2002 389 2077 449 ΙΝ
2123 389 2436 448 '[RULLO.

3356 387 3462 453 706

324 519 346 551 ι
388 500 478 551 καὶ
503 499 582 569 τῷ
628 500 978 569 ἀδιαγνώστῳ
1018 502 1112 569 τῆς
1140 499 1246 551 τῶν
1302 502 1552 571 ἀθέσμων
1616 503 1807 571 γάμων

1982 523 1998 551 ο
2051 515 2225 559 tarum
2275 510 2582 573 nuptiarum
2630 506 2943 589 proliibitlt‘).
2987 507 3221 574 scipsam
3268 511 3460 558 natura

322 609 345 643 ε
389 593 811 662 ἀπαγορεύσεως
844 594 1039 663 ἑαυτὴν
1084 595 1116 663 ή
1156 594 1316 663 φύσις
1351 596 1594 668 συνέχεε,
1627 595 1800 648 συνεί-

321 700 343 732 (
390 683 553 751 δομεν
610 685 945 754 γυμνότερον
999 685 1066 737 τὰ
1127 686 1254 755 περὶ
1276 685 1467 737 τούτου
1528 686 1804 749 ἐκθέσθαι,

322 794 338 822 ι
388 774 667 844 ὁρίζοντες
696 775 804 828 ἀπὸ
830 775 921 827 τοῦ
966 775 1058 827 νῦν
1106 776 1198 828 τὸν
1223 779 1285 845 τῇ
1327 778 1502 847 οἰκείᾳ
1541 775 1807 848 ἐξαδέλφῃ

322 884 343 915 ι
391 867 526 931 πρὸς
550 868 728 936 γάμου
765 867 1051 920 κοινωνίαν
1085 868 1485 937 συναπτόμενον
1514 870 1566 939 (ἢ
1599 871 1809 938 πατέρα

206 998 211 999 γ
317 976 337 1008 ι
382 961 474 1011 καὶ
498 960 609 1010 υἱὶν
633 960 824 1029 μητέρι
844 961 937 1011 καὶ
962 959 1209 1030 θυγατρὶ,
1242 960 1272 1029 ἦ
1296 960 1413 1013 δυσὶ
1447 962 1634 1028 κόραις
1661 961 1810 1014 ἀδελ-

318 1070 337 1099 ι
381 1053 506 1117 φαῖς
533 1052 743 1121 πατέρα
780 1052 878 1103 καὶ
911 1053 1046 1114 υἱὸν,
1106 1054 1409 1123 ἥάδελφοῖς
1452 1055 1572 1107 δυσὶ
1600 1056 1810 1125 μητέρα

320 1157 339 1188 ι
383 1140 479 1191 καὶ
532 1139 824 1208 θυγατέρα,
855 1141 885 1209 ἢ
917 1141 1178 1209 ἀδελφοὺς
1218 1142 1309 1194 δύο
1332 1143 1480 1196 δυσὶν
1533 1145 1809 1214 ἀδελφαῖς)

318 1243 338 1274 ι
383 1226 495 1277 ὑπὸ
516 1229 607 1279 τὸν
630 1227 728 1295 τῆς
758 1230 1044 1292 ἑπταετίας
1078 1231 1296 1283 πίπτειν
1326 1234 1543 1296 κανόνα,
1576 1238 1809 1301 ἀφιστα-

322 1333 342 1366 ε
391 1319 566 1385 μένων
595 1319 772 1371 αὐτῶν
799 1321 1076 1391 προδήλως
1105 1322 1195 1375 τοῦ
1222 1325 1535 1395 παρανόμου
1562 1343 1817 1403 συνοικε-ί

321 1425 343 1459 ‹
387 1409 558 1465 σίου.»

242 1520 259 1529 -
318 1499 513 1553 ΒΑΛΣ.
542 1500 719 1562 Τινὲς,
755 1500 833 1569 τῷ
892 1506 989 1564 πςν
1024 1486 1210 1554 κανόνι
1252 1500 1344 1554 τοῦ
1379 1502 1615 1573 μεγάλου
1648 1502 1810 1554 Βασι-

243 1588 393 1644 λείου
422 1592 716 1660 χρώμενοι,
745 1592 1144 1663 ἀπαριθμοῦντι
1169 1594 1376 1663 γάμους
1398 1596 1809 1665 κεκωλυμένους

241 1682 332 1734 διὰ
379 1683 722 1751 συγγένειαν,
764 1684 948 1752 ἔλεγον
976 1688 1182 1747 πάντας
1218 1687 1343 1748 τοὺς
1387 1686 1539 1756 παρά
1585 1687 1808 1750 τούτους

243 1777 556 1839 ἁκι-ιλύτους
588 1773 766 1862 ὶεῖναι.
816 1778 985 1832 Τοῦτο
1024 1776 1116 1832 οὖν
1160 1780 1555 1851 ἀνατρέποντες
1592 1782 1639 1833 oi
1675 1781 1806 1833 θεῖοι

1989 614 2004 646 ι
2050 594 2317 659 confudit,
2342 596 2496 647 nobis
2526 593 2697 646 visum
2726 603 2809 647 est
2835 575 3078 663 ca'paulo
3108 595 3349 663 apertius
3373 607 3463 648 ex-

1990 704 2007 736 ι
2056 700 2275 752 ponere,
2306 687 2373 737 ab
2406 684 2506 736 hoc
2544 682 2802 750 deinceps
2828 695 3068 753 tempore
3100 685 3461 748 decernendo,

1990 795 2009 828 ι
2050 786 2107 829 ut
2136 778 2225 845 qui
2256 791 2379 829 cum
2422 775 2603 828 fratris
2637 776 2718 827 sui
2764 776 2869 827 lilia
2917 776 3245 828 matrimonii
3281 776 3460 829 socie-

1992 888 2009 919 ι
2052 878 2211 921 tatem
2267 868 2475 931 coierit,
2536 868 2640 935 (vel
2693 875 2846 937 pater
2892 877 2945 921 ct
2997 869 3167 935 lilius,
3204 868 3295 937 qui
3336 883 3458 923 cum

1992 977 2009 1010 ι
2054 970 2224 1012 matre
2252 969 2306 1012 et
2338 958 2467 1022 lilia,
2498 958 2576 1010 vel
2617 974 2738 1011 cum
2780 958 2988 1011 duabus
3022 960 3212 1025 puellis
3263 959 3456 1012 sorori-

1989 1070 2007 1103 ι
2055 1050 2173 1116 bus,
2210 1062 2362 1121 pater
2388 1058 2440 1102 et
2479 1050 2642 1109 ﬁlius,
2679 1053 2758 1103 vel
2786 1066 2907 1103 cum
2932 1050 3143 1104 duobus
3180 1050 3461 1117 fratribus,

1990 1162 2008 1193 ι
2058 1153 2228 1197 mater
2260 1153 2313 1196 et
2344 1144 2471 1207 ﬁlia,
2508 1141 2590 1196 vel
2623 1140 2815 1196 fratres
2850 1143 2955 1194 duo
2983 1158 3104 1195 cum
3139 1143 3350 1197 duabus
3376 1158 3464 1197 so-

1992 1256 2009 1289 ι
2049 1237 2281 1306 roribus)
2336 1238 2386 1289 in
2437 1238 2700 1305 septennii
2761 1250 3023 1289 cauonem
3069 1236 3334 1298 incidant,
3396 1236 3467 1291 iis

1991 1348 2010 1380 ι
2051 1335 2235 1398 aperte
2265 1329 2529 1398 separatis
2554 1343 2582 1380 a
2614 1326 2822 1382 nefario
2853 1329 3229 1384 contubernio.
3262 1347 3281 1380 ι

1985 1504 2176 1595 BAL?»
2211 1503 2444 1571 Quidam
2492 1504 2559 1558 86
2587 1506 2775 1572 ‘magni
2818 1505 3003 1560 Basilii
3052 1520 3259 1561 canone
3306 1517 3465 1564 uten-

1915 1605 2017 1663 tes,
2057 1599 2151 1669 qui
2180 1599 2397 1668 nuptias
2429 1605 2650 1666 propter
2692 1599 3067 1665 cognationem
3108 1600 3302 1654 vetitas
3326 1617 3463 1655 enu-

1876 1681 1885 1693 ’
1916 1680 2108 1752 mei-at,
2143 1689 2396 1743 dicebant
2420 1701 2610 1740 omnes
2639 1686 2773 1739 alias
2813 1686 2897 1739 his
2932 1687 3174 1754 exceptis
3198 1701 3306 1739 non
3341 1702 3463 1742 esse

1915 1781 2242 1851 prohibitas.
2289 1778 2468 1832 Divini
2501 1794 2628 1863 ergo
2675 1778 2862 1830 Patres
2915 1777 3017 1831 hoc
3060 1778 3463 1845 subvertentes,

250 1869 507 1936 Πατέρες,
544 1869 761 1939 πρῶτον
794 1872 891 1939 μὲν
920 1869 1073 1924 εἷπον
1100 1872 1279 1924 πᾶσαν
1305 1872 1631 1941 συγγενικὴν
1670 1890 1801 1924 συν⁴

1908 1874 2140 1943 primum
2175 1870 2392 1940 quidem
2426 1870 2679 1924 dixerunt
2720 1885 2936 1924 omnem
2985 1885 3110 1923 cum
3142 1883 3241 1923 sua
3264 1883 3459 1941 cogna-

243 1961 442 2026 ἀφειαν
470 1964 776 2017 κωλύεσθαι
808 1964 894 2017 διά
926 1964 1019 2017 τοῦ
1046 1964 1338 2019 Μωσαῖκοῦ
1370 1963 1532 2033 νόμου
1562 1964 1656 2017 τοῦ
1696 1964 1813 2017 δια·

243 2052 636 2122 λαμϐάνοντος,
680 2074 698 2107 ι
737 2058 851 2109 Οὐκ
903 2056 1182 2128 είσελεύσῃ
1212 2057 1346 2128 πρὸς
1396 2059 1570 2111 πάντα
1614 2059 1811 2110 οἰκεῖον

245 2145 450 2214 σαρκός
487 2163 576 2199 σου
602 2147 949 2215 ἀποκαλύψαι
982 2148 1369 2219 ἀσχημοσύνην
1417 2147 1617 2207 αὐτοῦ.»
1650 2167 1668 2201 ι
1692 2143 1809 2201 εἷτα

242 2238 810 2310 ὑπεραπολογούμενοι
878 2239 1063 2311 ὥσπερ
1107 2242 1203 2294 τοῦ
1260 2242 1516 2312 ῥηθέντος
1573 2240 1809 2311 μεγάλου

247 2329 482 2399 Πατρὸς,
519 2332 796 2401 ἐπήγαγον
820 2332 916 2397 ὡς,
964 2335 1012 2385 εί
1046 2332 1141 2387 καὶ
1189 2334 1262 2403 μὴ
1293 2334 1521 2405 ῥητῶςίὸ
1556 2332 1808 2404 θεοφόρος

242 2414 400 2484 οὗτος
459 2424 645 2494 Πατὴρ
696 2426 753 2477 ἐν
812 2428 926 2488 τοῖς
957 2425 1181 2487 οἰκείοις
1208 2426 1397 2478 κανόσι
1433 2425 1641 2488 πάντας
1684 2427 1811 2487 τοὺς

242 2515 656 2583 κεκωλυμένους
676 2521 1032 2586 συγγενικοὺς
1048 2514 1255 2588 γάμους
1273 2517 1534 2584 διέλαϐεν,
1555 2519 1669 2571 ἀλλ’
1687 2518 1810 2570 ἐπεὶ
1842 2548 1851 2565 ε

240 2606 465 2671 τούτους
498 2610 839 2678 ἀκαθάρτους
869 2610 1169 2680 ὠνόμασεν,
1194 2611 1270 2675 ὡς
1321 2612 1808 2682 ἀπηγορευμένους

237 2698 333 2750 διά
358 2700 457 2769 τὴν
507 2702 825 2769 συγγένειαν
876 2703 1034 2774 κοινῷ
1086 2705 1227 2773 λόγῳ
1261 2709 1466 2767 πάντας
1508 2706 1807 2774 συμπεριε-

238 2789 397 2852 λαϐε,
428 2793 520 2842 καὶ
552 2792 639 2845 διά
676 2794 936 2863 ῥημάτων
970 2796 1165 2862 ὀλίγων
1211 2796 1320 2863 (58)
1365 2797 1425 2848 οὐ
1468 2797 1627 2865 μόνον
1684 2798 1807 2860 τοὺς

240 2883 731 2954 ἀπαριθμηθέντας
786 2887 1081 2955 ἐκώλυσεν,
1120 2888 1255 2941 ἀλλά
1319 2890 1413 2941 καὶ
1447 2891 1651 2950 πάντας
1681 2890 1806 2949 τοὺς

243 2972 352 3024 ἀπὸ
399 2958 720 3041 συγγενείας
754 2980 1181 3047 καταγομένους.
1209 2980 1315 3032 Kal.
1340 2980 1401 3032 οὐ
1435 2980 1539 3049 χρὴ
1570 2979 1692 3042 τοὺς
1740 2979 1808 3031 δι’

242 3065 533 3119 εὐλάϐειαν
574 3068 649 3137 μὴ
697 3069 1113 3138 ἑκφωνηθέντας
1153 3071 1468 3133 ἀκωλύτους
1510 3071 1804 3138 κατονομά-

242 3157 455 3219 ζεσθαι.
482 3162 573 3211 Διὸ
600 3163 695 3212 καὶ
717 3161 921 3230 ὥρισαν
945 3162 1153 3233 γάμους
1184 3152 1463 3232 ἀθέσμουςἱ
1493 3160 1631 3215 εἶναι
1658 3162 1804 3213 τόνδε

1914 1967 2060 2020 tione
2102 1963 2541 2031 coniunctionem
2583 1960 2860 2030 prohiberi
2917 1976 3012 2032 per
3050 1960 3340 2019 Mosaicam
3388 1963 3460 2019 le-

1874 2072 2051 2128 _gem,
2099 2071 2218 2125 qua:
2266 2056 2344 2110 sic
2386 2055 2545 2108 habet
2582 2073 2595 2107 :
2634 2051 2749 2107 Non
2783 2054 3105 2122 ingrediaris
3134 2056 3199 2108 ad
3239 2070 3459 2111 onmem

1909 2149 2370 2218 consanguineum
2432 2147 2613 2201 carnis
2671 2158 2773 2201 tum
2823 2146 2887 2199 ad
2940 2147 3278 2202 revelandam
3340 2152 3461 2218 eius

1909 2240 2339 2311 turpitudinem:
2381 2237 2597 2303 deinde,
2634 2238 2799 2292 veluti
2841 2239 3155 2307 praedictum
3202 2256 3457 2310 magnum

1911 2329 2545 2405 Patrequel'endentes,
2599 2328 3019 2395 subiunxerunt,
3062 2330 3207 2399 quod
3237 2332 3457 2387 etiamsi

1909 2438 2015 2476 non
2048 2406 2298 2492 expresse
2340 2423 2425 2475 hic
2458 2422 2677 2475 divinus
2705 2422 2865 2476 Pater
2902 2423 2954 2476 in
2998 2424 3113 2478 suis
3155 2426 3460 2481 eanonibus

1908 2528 2097 2569 omnes
2144 2525 2362 2583 prepter
2428 2513 2805 2582 cbgnationem
2873 2514 3193 2569 interdictas
3243 2519 3460 2585 nuptias

1908 2605 2403 2675 comprehenderit,
2436 2605 2531 2659 sed
2568 2606 2827 2674 quoniam
2864 2606 2962 2660 has
3002 2608 3246 2676 ilnpuras
3280 2611 3460 2662 nomié

1909 2700 2077 2760 navit,
2119 2706 2177 2751 ut
2208 2712 2327 2767 quae
2356 2698 2467 2751 sint
2501 2706 2721 2765 propter
2746 2698 3123 2765 cognationem
3148 2699 3458 2769 proliibitae,

1912 2803 2101 2843 omnes
2140 2787 2412 2841 communi
2460 2786 2670 2840 ratione
2699 2786 3144 2854 comprehendit,
3179 2797 3232 2842 et
3268 2790 3459 2858 paucis

1906 2880 2088 2936 verbis
2128 2894 2234 2933 non
2278 2878 2454 2933 solum
2495 2885 2842 2933 enumeratas
2884 2879 3198 2945 prohibuit,
3256 2879 3351 2935 sed
3402 2889 3459 2935 et

1906 2986 2094 3027 omnes
2118 2986 2235 3040 quae
2268 2986 2296 3023 a
2330 2962 2652 3040 cognatione
2674 2969 3039 3024 deducuntur.
3090 2970 3201 3024 Nec
3246 2980 3461 3039 Oportet

1907 3063 2013 3117 dici
2041 3077 2132 3117 eas
2166 3077 2272 3115 non
2304 3076 2424 3115 esse
2448 3060 2750 3128 prohibitas
2790 3074 2908 3129 qua:
2947 3071 3163 3130 propter
3194 3077 3458 3116 verecun-

1908 3154 2052 3207 diam
2084 3169 2192 3207 non
2224 3162 2350 3207 sunt
2383 3167 2675 3221 expressae.
2724 3150 2789 3204 Et
2829 3152 2949 3206 ideo
2994 3153 3320 3208 deﬁnierunt
3351 3157 3459 3209 illi-

239 3248 340 3299 καὶ
362 3250 529 3301 τόνδε·
554 3250 907 3336 προσθέμενοι
922 3252 1046 3315 τοὺς
1066 3254 1462 3323 ἀφισταμένους
1482 3254 1658 3307 αὐτῶν
1679 3269 1807 3322 προ·
1833 3242 1834 3245 η

1910 3246 2045 3299 citas
2078 3255 2131 3298 et
2169 3242 2407 3297 nel'arias
2443 3242 2662 3311 nuptias
2688 3256 2808 3296 esse
2836 3242 2931 3296 has
2962 3254 3012 3295 et
3037 3243 3164 3311 has;
3215 3245 3316 3299 hoc
3357 3245 3459 3299 ad-

236 3340 431 3411 δήλως,
458 3343 695 3393 τουτέστι
716 3344 849 3411 μετὰ
866 3344 1315 3412 ἐξομολογήσεως,
1328 3345 1404 3413 τῷ
1416 3346 1508 3414 τῆς
1526 3346 1808 3433 ἑπταετίας

238 3432 426 3483 κανόνι
457 3433 845 3501 ἐπιτιμᾶσθαι·
872 3434 947 3497 ὼς
979 3432 1115 3488 εἶναι
1145 3436 1302 3505 δῆλον
1320 3432 1686 3505 ,σφοδρότερον
1718 3432 1806 3488 ξιο-

238 3525 502 3587 λάςεσθαι
528 3527 652 3587 τοὺς
680 3526 754 3596 μὴ
788 3528 1191 3596 ἀφισταμένους
1232 3527 1449 3597 ῥᾳδίως,
1475 3527 1611 3579 ἀλλά
1642 3545 1806 3580 κατα-

241 3618 629 3687 κρινομένους.
664 3618 833 3670 Τοῦτο
860 3618 966 3687 γάρ
992 3619 1475 3698 ἁναφαίνεταφάπὸ
1497 3619 1604 3671 τῶν
1626 3621 1804 3689 ῥημά-
1838 3654 1842 3660 -

241 3727 358 3761 των
416 3708 505 3760 τοῦ
581 3700 803 3769 κανόνος
861 3711 972 3761 τῶν
1030 3710 1333 3799 λεγόντωχ·
1400 3711 1803 3781 Ἀφισταμένων

240 3800 423 3852 αὐτῶν
458 3801 740 3872 προδήλως
772 3803 866 3855 τοῦ
897 3804 1218 3873 παρανόμου
1255 3806 1612 3857 συνοικεσίου.
1655 3806 1803 3857 Ἐπεὶ

235 3895 300 3947 δὲ
328 3895 455 3963 περὶ
480 3896 873 3965 κεκωλυμένων
894 3896 1087 3965 γάμων
1130 3896 1460 3965 πλατύτερον
1485 3899 1803 3967 ἐγράψαμεν

243 3991 329 4043 εἰς
358 3989 420 4040 τὸ
453 3989 496 4058 β’
557 4005 682 4055 κεφ.
717 3988 813 4041 τοῦ
841 3986 909 4056 ιγ’
949 3988 1244 4041 τίτλουτοῢ
1278 3990 1543 4058 παρόντος
1573 3991 1801 4055 συντάγ-

244 4095 433 4143 ματος,
464 4077 734 4145 ἀνάγνωθι
760 4079 915 4132 τοῦτο
946 4080 1038 4132 καὶ
1060 4080 1130 4131 τά
1157 4080 1213 4131 ἐν
1236 4078 1382 4148 αὐτῷ
1405 4080 1798 4150 χρησιμώτατα

243 4170 390 4224 ὄντα.

311 4263 555 4316 ΖΩΝΔΡ.
594 4260 657 4315 ⁸0
683 4263 853 4332 μέγας
878 4264 1174 4329 Βασίλειος,
1207 4263 1499 4334 ἐρωτηθεὶς
1523 4267 1569 4318 εἰ
1591 4264 1801 4319 δύναιτό

234 4372 324 4416 τις
358 4355 495 4425 μετά
514 4353 737 4421 θάνατον
768 4355 863 4422 τῆς
896 4354 1030 4417 ἰδίας
1072 4354 1301 4425 συμδίου
1331 4360 1397 4426 τῇ
1428 4357 1627 4427 ἀδελφῇ
1661 4358 1801 4410 ὲκεί-

239 4466 341 4517 νης
372 4446 758 4511 συνάπτεσθαι,
788 4446 1136 4517 ἀπηγόρευσε
1164 4446 1341 4500 τοῦτο.
1374 4448 1482 4500 Καὶ
1511 4447 1644 4515 πρὸς
1670 4448 1796 4511 τοὺς

1902 3339 2068 3406 jecto,
2125 3334 2433 3405 quod,‘qui
2464 3335 2532 3388 ab
2560 3335 2668 3389 illis
2712 3343 2895 3405 aperte
2936 3336 3228 3404 desistunt,
3279 3337 3331 3391 id
3374 3346 3459 3393 est

1906 3445 2028 3485 cum
2062 3430 2406 3485 confessione
2429 3468 2443 3492 ,
2485 3437 2540 3482 et
2585 3429 2704 3482 sine
2728 3427 3180 3483 condemnatione
3204 3467 3221 3496 ,
3253 3446 3319 3484 ex
3365 3444 3452 3484 se-
3518 3453 3525 3459 ο

1908 3522 2112 3591 ptennii
2148 3535 2356 3574 canone
2380 3520 2727 3589 puniuntur;
2773 3529 2830 3573 ut
2861 3520 3206 3575 manifestum
3252 3522 3321 3574 sit
3361 3536 3456 3578 eos

1906 3615 2279 3669 vehementius
2311 3613 2522 3682 punire,
2557 3612 2646 3680 qui
2690 3626 2795 3664 non
2822 3610 2998 3678 facile
3036 3612 3325 3675 desistunt,
3359 3615 3454 3667 sed

1905 3705 2361 3761 condemnamur.
2391 3701 2504 3755 Hoc
2531 3704 2673 3755 enim
2707 3710 2930 3771 apparet
2976 3718 3041 3755 ex
3084 3704 3263 3757 verbis
3290 3719 3456 3759 cano-

1905 3798 2011 3861 nis,
2044 3813 2163 3866 qua:
2192 3796 2411 3848 dicunt:
2442 3793 2537 3847 His
2561 3805 2742 3862 aperte
2778 3792 3165 3849 desistentibus
3187 3810 3217 3847 a
3245 3795 3454 3851 nefario
3502 3831 3509 3837 -

1904 3888 2284 3946 contubernio.
2337 3887 2606 3952 Quoniam
2662 3894 2841 3939 autem
2889 3886 2961 3940 de
3007 3886 3186 3941 vetitis
3244 3889 3449 3956 nuptiis

1902 3980 2048 4035 aliud
2076 3977 2397 4046 scripsimus
2450 3976 2503 4028 in
2539 3976 2594 4041 2,
2629 3990 2749 4041 cap.
2784 3977 2838 4039 5,
2868 3976 2949 4030 tit.
2988 3977 3266 4044 praesentis
3318 3992 3447 4046 ope-

1903 4074 2001 4135 ris,
2051 4071 2101 4124 id
2149 4071 2283 4139 lege,
2316 4076 2371 4124 et
2406 4084 2527 4136 qua:
2564 4068 2619 4121 iu
2666 4067 2841 4136 ipsum
2881 4069 3088 4136 scripta
3124 4078 3253 4122 sunt
3294 4068 3451 4139 longe

1902 4165 2204 4219 utilissima.

1971 4256 2218 4312 ZONAR.
2249 4256 2383 4311 Cum
2415 4255 2480 4311 de
2508 4270 2704 4324 magno
2738 4255 2938 4312 Basilio
2974 4260 3259 4328 qumsitum
3284 4266 3447 4325 esset,

1899 4362 1967 4402 an
2016 4346 2211 4401 marito
2246 4345 2510 4399 defuncta:
2555 4345 2739 4398 uxoris
2781 4345 2883 4399 sibi
2930 4344 3275 4399 matrimonio
3326 4345 3441 4413 jun-

1902 4440 2056 4511 gendi
2091 4438 2320 4493 facultas
2347 4445 2515 4501 esset,
2548 4437 2638 4491 ille
2669 4451 2798 4491 vero
2832 4438 3048 4507 negavit
3072 4438 3254 4492 licere.
3287 4436 3447 4502 Tum,

245 4538 299 4588 τὸ
330 4536 569 4588 ἐναντίον
609 4534 937 4603 φρονοῦντας
989 4537 1204 4606 γράψας
1256 4537 1347 4589 τὸν
1393 4539 1591 4590 οἰκεῖον
1644 4537 1834 4605 λόγον]

1904 4531 2167 4587 adversus
2198 4543 2292 4583 eos
2318 4528 2412 4599 qui
2443 4542 2602 4583 secus
2638 4528 3007 4598 opinabantur
3031 4528 3304 4591 scribens,
3327 4544 3454 4581 sen-

244 4627 598 4695 γενναιότατα
627 4627 1019 4690 κατεσκεύασε,
1049 4628 1142 4680 καὶ
1174 4628 1335 4693 ἀξίως
1370 4627 1461 4681 τοῦ
1486 4628 1680 4697 βάθους
1700 4631 1798 4699 τῆς

237 4720 476 4781 διανοίας
528 4719 711 4774 αὑτοῦ.
759 4713 890 4771 Εἶτα
943 4718 1037 4775 καί
1063 4736 1222 4771 τινων
1262 4719 1515 4789 ἀθέσμων
1550 4721 1792 4791 ἐμνήσθη

241 4810 436 4879 γάμων
471 4810 564 4863 καὶ⁵
619 4811 1100 4880 ἀπηγορευμένων,
1149 4812 1275 4873 τοὺς
1322 4811 1515 4875 ἀλλους
1569 4813 1647 4883 τῷ
1694 4812 1794 4881 τῆς

236 4903 586 4972 ἀκαθαρσίας
614 4903 835 4972 ὀνόματι
885 4900 1331 4972 συμπαραλαϐὼν
1354 4903 1447 4955 καὶ
1469 4904 1796 4975 παραδηλῶ-

238 5012 367 5057 σας.
418 4994 483 5047 Ἦ
519 4994 578 5046 δὲ
627 4998 755 5063 περὶ
800 4992 1009 5047 τούτων
1061 4992 1384 5063 διαταγὴκὲν
1428 4996 1538 5057 τοῖς
1579 4996 1796 5048 κανόσιν

236 5085 544 5155 ἡρίθμηται
573 5084 666 5139 τοῦ
695 5085 994 5153 θεολήπτου
1027 5084 1234 5154 [ἰατρὸς
1269 5083 1619 5155 ὀγδοηκοστὸς
1642 5085 1795 5150 ἕκτος

238 5170 382 5228 οὖσα
405 5174 581 5241 κανών
616 5174 751 5244 (59).
786 5173 971 5245 Τούτῳ
990 5168 1082 5227 οὖν
1113 5172 1201 5256 τῷ¹
1218 5173 1404 5226 κανόνι
1424 5172 1564 5237 τινές
1594 5191 1795 5246 κεχρη-

1900 4623 2118 4678 tentiam
2176 4636 2351 4683 suam,
2420 4635 2518 4690 pro
2572 4633 2632 4673 ea
2670 4634 2775 4689 qua
2814 4621 2950 4673 mire
2995 4620 3209 4673 valebat
3250 4620 3450 4689 ingenii

1901 4711 2235 4781 praestantia.
2287 4711 2500 4779 egregie
2539 4707 2900 4762 conﬁrmavit.
2950 4708 3077 4763 lude
3118 4724 3267 4771 vero,
3319 4724 3449 4763 cum
3517 4703 3521 4706 ’

1903 4803 2211 4872 nuptiarum
2244 4816 2441 4868 genera
2466 4802 2708 4870 quadam
2736 4800 2947 4870 legibus
2981 4801 3267 4856 interdicta
3292 4801 3447 4870 sigil-

1902 4897 2048 4951 latim
2090 4903 2570 4949 commemorasset
2598 4929 2613 4955 ,
2660 4893 2868 4958 reliqua
2897 4892 3089 4948 deinde
3119 4907 3230 4946 uno
3268 4890 3447 4960 impne

1897 4990 2074 5042 ritatis
2116 4987 2375 5040 vocabulo
2404 4986 2721 5054 complexus
2749 4992 2833 5039 est
2864 4994 2917 5039 et
2945 4985 3225 5039 indicavit.
3271 4985 3447 5052 Atque

1896 5081 2011 5135 haec
2037 5079 2253 5150 quidem
2300 5078 2379 5131 sic
2420 5092 2449 5131 a
2482 5077 2666 5131 divino
2702 5077 2859 5132 Patre
2887 5078 3175 5131 constituta
3203 5077 3443 5145 ejusdem

1898 5170 2230 5242 octogesimo
2283 5175 2437 5224 sexto
2482 5182 2691 5223 canone
2729 5168 3000 5236 explicata
3052 5169 3313 5237 reperias.
3368 5168 3446 5222 Eo

1456 5289 1648 5351 Guill.
1682 5289 2008 5369 Beveregii
2045 5296 2230 5347 notae.

313 5393 427 5463 (58)
466 5395 570 5449 Kal
599 5393 694 5449 διὰ
717 5394 997 5461 ῥημάτων
1022 5392 1283 5463 ὀλίγων,
1326 5390 1448 5446 Haec
1498 5408 1672 5463 usque
1721 5394 1786 5447 ad

235 5462 505 5519 ἀλλὰκαὶ
545 5467 597 5517 iu
630 5481 734 5519 ms.
778 5462 1209 5517 Ainerbacliiano
1256 5462 1653 5516 desiderantur.

317 5535 427 5601 (59)
447 5534 872 5602 Ὀγδοηκοστὸς
896 5534 1065 5596 ἕκτος
1090 5526 1245 5584 οὖσα
1276 5531 1488 5584 κανών,
1513 5532 1602 5587 Sic
1625 5534 1785 5586 etiam

238 5606 532 5661 Balsamou
564 5606 706 5657 hunc
739 5606 911 5657 sancti
937 5602 1114 5656 Basilii
1138 5617 1397 5655 canonem
1433 5614 1610 5663 vocat,
1639 5603 1788 5657 vide-

237 5679 375 5733 licet
406 5675 793 5743 octogesimum
846 5671 1261 5743 sextum,_etiam
1288 5672 1339 5723 iu
1370 5687 1470 5743 ms.
1522 5673 1788 5743 Amerha-

239 5748 473 5805 cliiano;
510 5740 599 5797 ubi
626 5753 808 5798 tamen
850 5747 901 5796 in
952 5744 1053 5795 hoc
1089 5740 1312 5794 Zonara'.
1368 5742 1485 5795 loco
1531 5742 1788 5795 scribitur

241 5815 602 5885 ὀγδοηκοστὸς
630 5813 832 5879 δγδοος.
867 5813 931 5867 Et
962 5811 1176 5885 quidem
1210 5812 1262 5864 in
1287 5820 1494 5885 nostra
1533 5812 1631 5865 hac
1673 5814 1790 5866 edi-

252 5880 408 5942 tione
445 5899 711 5941 canonutu
760 5885 933 5940 sancti
974 5880 1173 5947 Basilii,
1207 5883 1299 5953 qui
1323 5882 1408 5937 hic
1452 5883 1670 5949 citetur,
1703 5899 1784 5939 re-

1894 5406 2021 5446 vera
2050 5399 2134 5445 est
2168 5385 2535 5455 octogesimus
2568 5395 2809 5441 octavus.
2846 5384 2900 5440 In
2941 5384 3236 5439 Parisiensi
3258 5395 3435 5439 autem

1893 5462 2134 5517 editione
2192 5460 2369 5511 nullus
2416 5458 2593 5511 cuivis
2655 5472 2729 5510 ex.
2776 5457 2895 5509 istis
2948 5455 3250 5510 eanonibus
3303 5458 3441 5510 ultra

1893 5531 2285 5599 octogesimum
2315 5528 2563 5595 quintqu
2614 5542 2875 5599 numerus
2930 5526 3244 5599 apponitur,
3289 5525 3440 5595 quod

1897 5595 2144 5655 tuendum
2196 5613 2338 5653 esset
2373 5612 2439 5651 ex
2477 5600 2575 5651 hoc
2600 5600 2723 5665 ipso
2765 5598 2879 5650 loco
2912 5605 3146 5649 constat.
3206 5595 3279 5650 Ex
3307 5613 3446 5664 pra:-
3468 5615 3479 5624 ε

1894 5672 2075 5724 missis
2113 5684 2262 5722 error
2287 5667 2452 5723 etiam
2486 5669 2537 5721 in
2569 5668 2804 5721 Aristeui
2838 5668 3063 5721 scitoliis
3090 5668 3140 5718 in
3166 5667 3440 5733 epitomen

1895 5742 2060 5808 hujus
2097 5740 2319 5791 canonis
2356 5736 2815 5804 deprehenditur;
2842 5739 3041 5806 quippe
3067 5736 3264 5808 quibus
3302 5735 3444 5808 ἐδδο·

1896 5807 2162 5879 μηκοστὺν
2181 5809 2387 5879 ὃγδοον,
2408 5809 2663 5863 mendose
2684 5808 2941 5863 scribitur
2968 5823 3065 5877 pro
3082 5807 3439 5877 ὀγδοηκοστὸν

1890 5880 2090 5949 ὄγδοον.
