4240 6442
793 402 900 467 707

2041 386 2313 447 TIIEOD.
2361 385 2762 447 BALSAMON

3901 380 4014 443 708

790 513 958 582 igitur
988 521 1196 564 canone
1221 504 1437 576 quidam
1485 509 1700 558 utentes
1741 513 2077 568 quaecunque
2112 513 2180 552 eo
2219 498 2340 550 loco
2371 505 2411 557 Α
2444 517 2464 567 ε

2339 505 2411 557 ηΑ
2444 499 2613 567 μένοι,
2668 497 2794 557 τοὺς
2842 495 2916 565 μὴ
2952 494 3443 564 ἀπηριθμημένους
3484 493 3542 544 ὲν
3588 492 3737 560 αὖτῷ
3795 493 4013 560 γάμους

790 604 996 674 ηιιιιιὶω
1051 603 1196 654 lnter
1247 598 1531 652 damnatas
1598 608 1947 662 nequaquam
2009 601 2344 644 enumerata:

794 696 1034 756 fuerant,
1072 691 1286 746 easdem
1317 687 1472 758 quasi
1501 698 1792 741 concessas
1821 698 2089 753 usurpare
2124 682 2230 751 ipsi
2264 682 2346 734 ni-

788 788 1064 845 tebantur,
1100 781 1403 849 violataque
1445 789 1654 833 naturae
1699 780 1815 848 lege
1855 793 1978 831 cum
2022 775 2345 846 propinquis

780 862 1028 932 coibant.
1057 874 1282 928 Proinde
1312 874 1459 927 illum
1510 887 1776 927 canonem
1812 872 1915 924 hoc
1956 869 2073 923 loco
2103 868 2346 939 synodus

790 970 1080 1039 spectavit,
1139 982 1312 1036 eaque
1371 968 1580 1019 ratione
1628 963 1888 1026 adducta,
1952 961 2122 1014 multa
2181 959 2234 1012 in
2280 972 2346 1012 eo

797 1072 1052 1115 sanctum
1087 1058 1255 1111 virum
1313 1057 1584 1110 silentium
1639 1052 1934 1107 involvisse
1974 1048 2233 1114 defendit,
2281 1063 2347 1101 ne

789 1154 1001 1209 scilicet
1051 1151 1178 1205 dum
1235 1148 1478 1203 damnati
1532 1146 1776 1215 conjugii
1836 1159 2033 1214 genera
2092 1143 2344 1196 universa

791 1246 1160 1316 persequitur,
1181 1243 1478 1297 orationem
1507 1253 1666 1294 suam
1694 1237 1986 1292 verborum
2011 1234 2347 1305 turpitudine

791 1336 951 1406 223
1001 1334 1330 1402 inquinaret,
1365 1346 1428 1385 ac
1467 1329 1673 1384 idcirco
1705 1327 2004 1399 generatim
2035 1327 2217 1379 omnia
2252 1340 2348 1379 vo-

794 1429 962 1482 luisse
1003 1441 1112 1480 uno
1144 1423 1474 1494 impuritatis
1511 1422 1737 1475 nomine
1779 1421 2046 1475 indicare.
2087 1417 2342 1486 Singulos

792 1515 991 1572 deinde
1047 1516 1333 1570 vetitarum
1406 1513 1720 1583 nuptiarum
1771 1511 1963 1566 modos
2002 1510 2190 1564 Patres
2246 1508 2342 1578 ipsi

792 1619 1153 1681 percensent,
1181 1625 1244 1662 ac
1274 1607 1540 1675 ejusmodi
1563 1607 1780 1676 quidem
1811 1604 2064 1674 conjugia
2127 1605 2345 1657 omnino

790 1703 1038 1765 dissolvi,
1073 1717 1134 1755 ea
1163 1716 1290 1754 vero
1319 1701 1412 1771 qui
1451 1698 1796 1762 attentarint,
1838 1695 2108 1766 septennii
2139 1709 2340 1749 canone

800 1793 982 1863 puniri
1004 1792 1215 1860 jubent.

2447 590 2520 650 ὡς
2556 588 2905 658 παρανόμους
2932 586 3244 646 ἀκωλύτους
3294 584 3576 646 ἐϐιάζοντο
3625 584 3865 652 φρονεῖν,
3920 585 4018 634 καὶ

2445 682 2542 747 τὴν
2565 680 2723 747 φύσιν
2746 678 2996 746 συνέχεον
3019 679 3304 742 συγγενέσι
3340 677 3684 744 μιγνύμενοι.
3710 677 3811 727 Διά
3838 673 4020 726 ταῦτα

2446 772 2580 839 πρὸς
2629 769 2719 821 τὸν
2760 769 2958 820 κανόνα
3018 767 3206 820 τοῦτον
3253 767 3471 818 ἀπεῖδεν
3527 767 3561 836 ἡ
3619 765 3856 830 σύνοδος,
3921 767 4021 816 καὶ

2447 860 2794 926 ἀπολογεῖται
2830 857 2930 927 μὲν
2959 858 3048 911 διά
3103 855 3156 910 τί
3209 859 3275 909 τά
3326 856 3498 909 πλείω
3548 859 3726 926 σιωπῇ
3769 857 3798 907 ὁ
3857 856 4021 923 ἅγιος

2449 950 2810 1019 παρέδραμεν·
2835 949 2970 1010 Ἵνα,
3003 948 3157 1017 φησὶ,
3191 949 3266 1019 μὴ
3292 947 3382 1001 τὸν
3410 949 3568 1016 λόγον
3593 946 3951 1018 καταρρυπαί
3985 963 4021 1018 ῃ

2446 1044 2556 1103 τοῖς
2615 1042 2851 1110 ῥήμασιν
2901 1041 3130 1093 ἕκαστον
3189 1042 3296 1092 τῶν
3333 1031 3588 1109 ἀθέσμων
3631 1041 3825 1107 γάμων
3867 1043 4016 1090 ἀπα-

2453 1131 2682 1202 ριθμῶν·
2709 1131 3068 1200 περιεκτικῶς
3091 1131 3145 1182 δὲ
3176 1129 3252 1200 τῷ
3277 1131 3374 1198 τῆς
3403 1130 3745 1198 ἀκαθαρσίας
3791 1131 4023 1197 ὀνόματι

2449 1226 2571 1286 τοὺς
2600 1223 2947 1292 παρανόμους
2979 1222 3186 1291 γάμους
3223 1220 3518 1285 ὑπέδειξεν.
3557 1216 3692 1273 Εἶτα
3730 1221 4022 1288 ἐπήγαγον

2447 1317 2496 1368 οἱ
2530 1314 2626 1383 τῆς
2660 1313 2879 1366 συνόδου
2901 1313 3145 1384 Πατέρες
3177 1313 3272 1366 καὶ
3330 1316 3543 1381 γάμους
3588 1311 3886 1380 ἀθέσμους,
3925 1309 4023 1370 οὓς

2447 1410 2540 1462 καὶ¹
2572 1405 3046 1477 ἀπηριθμήσαντο,
3091 1407 3185 1458 καὶ
3231 1405 3565 1460 διασπᾶσθαι
3588 1403 3688 1474 μὲν
3733 1399 3879 1467 toi»;-
3907 1421 4024 1456 τοι.-

2445 1501 2629 1564 ούτους
2689 1499 2900 1570 γάμους
2964 1500 3038 1550 ὲκι
3094 1498 3294 1560 παντὸς
3357 1497 3700 1566 διωρίσαντο,
3773 1496 3905 1557 τοὺς
3967 1495 4025 1546 δὲ

2445 1593 2773 1663 χρανθέντας
2817 1592 3000 1655 αὐτοῖς
3039 1589 3121 1661 τῷ
3161 1590 3261 1661 τῆς
3289 1590 3585 1654 ἑπταετίας
3612 1589 3804 1643 κανόνι
3837 1589 4026 1640 ἐπιτι-

2447 1685 2670 1756 μᾶσθαι.

1366 1881 1531 1934 ﬁlium
1557 1895 1679 1935 cum
1710 1879 1895 1934 fratris
1933 1878 2039 1931 lilia
2075 1876 2347 1932 matn'mo—
2370 1841 2418 1901 Β
2447 1870 2465 1918 λ

2370 1841 2667 1920 ΒΑΡΙΣΤ.
2720 1885 2738 1917 ι
2771 1865 2847 1922 Οὐ
2900 1865 3276 1949 συγχωρήσεις
3327 1860 3595 1935 ὲξαδέλφῃ
3647 1860 4028 1931 συζευχθῆναι

869 1994 888 2028 ι
927 1978 1014 2030 nia
1046 1974 1300 2043 conjungi
1335 1987 1442 2026 non
1497 1973 1821 2042 permittes;
1876 1984 1975 2024 nec
2007 1986 2128 2024 cum
2167 1969 2258 2022 liia
2292 1976 2347 2023 et

870 2087 889 2120 ι
921 2080 1114 2132 matre,
1146 2068 1309 2121 filium
1339 2075 1393 2121 et
1417 2074 1666 2136 patrem:
1723 2079 1823 2118 nec
1848 2073 2074 2117 matrem
2109 2071 2162 2117 et
2196 2061 2343 2115 iliam

871 2181 889 2214 r
918 2178 1038 2216 cum
1067 2162 1275 2216 duobus
1303 2159 1602 2224 fratribus;
1639 2173 1738 2212 nec
1772 2159 1970 2212 fratres
1996 2171 2118 2211 cum
2149 2154 2347 2209 duabus

870 2267 893 2304 ι
923 2251 1224 2307 sororibus.
1249 2249 1303 2304 Si
1327 2247 1458 2319 quid
1478 2256 1659 2301 autem
1684 2245 1996 2301 istiusmodi
2015 2246 2201 2299 fac-tun
2227 2243 2347 2298 fue-

875 2364 893 2396 ι
927 2344 1019 2407 rit,
1043 2358 1148 2396 una
1171 2357 1292 2396 cum
1321 2341 1656 2395 matrimonii
1690 2339 2052 2394 dissolutione
2077 2336 2348 2408 sepEnnio

875 2455 894 2488 ί
927 2435 1310 2503 subjicientur.
1341 2452 1360 2484 ι

868 2527 936 2583 Ει
964 2527 1273 2597 ιιιήυςιιιοάἱ
1291 2525 1548 2596 conjugis
1576 2535 1634 2580 ut
1659 2523 1937 2596 prohibita
1959 2523 2344 2578 dissolvatur:

798 2629 854 2676 et
887 2621 978 2691 qui
1010 2636 1071 2674 ea
1102 2619 1439 2673 contrahunt
1459 2617 1616 2687 juxta
1641 2627 1965 2686 praesentem
1989 2626 2045 2670 et
2077 2625 2350 2685 sepuage-

800 2714 1000 2769 simum
1051 2721 1304 2765 octavum
1379 2709 1571 2766 Basilii
1619 2708 1802 2779 magni
1846 2696 2145 2772 canonem,
2178 2717 2350 2759 unum

801 2819 1004 2859 annum
1037 2801 1332 2866 deflebunt,
1352 2802 1493 2856 duos
1524 2801 1771 2864 audient,
1800 2810 1910 2854 tres
1929 2799 2351 2860 substerrentur,

801 2904 856 2950 et
883 2893 1119 2965 septimo
1153 2907 1261 2947 una
1304 2909 1428 2948 cum
1469 2891 1718 2947 fidelibus
1767 2889 2107 2955 consistent;
2155 2898 2200 2944 at
2243 2889 2346 2952 sic,

802 2989 849 3043 si
883 3002 1006 3042 cum
1058 2986 1316 3057 lacrymis
1348 2985 1706 3056 resipiscant,
1755 2983 1957 3038 divinis
2006 2980 2356 3039 sacrzmentis

803 3081 951 3152 digni
982 3079 1353 3135 habebuntur.

1397 3257 1629 3313 CANON
1665 3258 1776 3313 LV.

812 3371 833 3409 ι
861 3353 1124 3419 Quoniam
1160 3350 1530 3406 intelleximus
1557 3364 1676 3416 eos,
1721 3349 1815 3419 qui
1847 3357 1972 3404 sunt
2004 3347 2056 3402 in
2087 3346 2362 3402 Romano-

884 3466 903 3499 ι
934 3462 1054 3501 rum
1091 3446 1335 3510 civitate,
1368 3445 1420 3500 in
1453 3445 1660 3500 sanctis
1682 3439 2360 3512 Quadragesimaejejuniis

883 3558 900 3591 ι
937 3538 1058 3608 ejus
1094 3538 1350 3592 Sabbatis
1402 3536 1675 3606 jejunare,
1712 3545 1903 3604 praeter
1935 3533 2359 3589 ecclesiasticam

882 3648 899 3682 ι
929 3629 1186 3684 traditam
1211 3629 1697 3698 consequentiam:
1732 3634 1932 3682 sanctae
1958 3626 2163 3697 synodo
2193 3627 2361 3680 visum

882 3741 899 3774 ι
933 3731 1038 3789 est,
1071 3730 1131 3776 ut
1161 3721 1214 3776 in
1252 3720 1625 3776 Romanorum
1673 3736 1889 3790 quoque
1923 3719 2164 3776 Ecclesia
2195 3720 2366 3775 invio-

881 3833 900 3868 ι
931 3814 1165 3870 l‘abiliter
1193 3815 1438 3868 obtineat
1468 3827 1671 3877 canon,
1700 3815 1789 3883 qui
1820 3813 1987 3866 dicit':
2022 3812 2077 3866 Si
2109 3813 2231 3883 quis
2258 3813 2368 3868 cle-

885 3922 905 3957 ι
939 3905 1089 3959 ricus
1140 3903 1393 3958 inventus
1427 3903 1594 3957 fuerit
1639 3903 1693 3956 in
1731 3911 1922 3957 sancto
1958 3901 2244 3958 Dominico
2281 3902 2366 3957 vel

883 4015 900 4050 ι
936 3995 1175 4054 Sabbato
1203 3996 1475 4066 jejunare,
1527 4008 1720 4066 praeter
1751 4011 1918 4049 unum
1956 4005 2010 4050 et
2039 3997 2240 4065 solum,
2273 3996 2365 4052 de-

880 4107 901 4143 ι
931 4101 1205 4161 ponatur:
1239 4091 1324 4144 sin
1357 4098 1536 4144 autem
1562 4089 1759 4154 laicus,
1805 4099 2137 4159 segregetur.
2178 4107 2199 4143 ι

881 4265 1072 4322 BALS.
1115 4264 1254 4320 Tum
1289 4273 1512 4337 propter
1540 4265 1646 4319 alia
1679 4265 1872 4331 multa,
1906 4276 2022 4320 tum
2051 4268 2213 4322 etiam
2249 4283 2371 4338 pro-

809 4376 930 4433 pter
979 4370 1297 4431 prazsentem
1365 4375 1653 4423 canonem,
1705 4361 1919 4424 dicunt,
1987 4362 2080 4430 qui
2135 4370 2369 4416 veterem

811 4457 1033 4510 Romam
1066 4454 1331 4520 incolunt,
1361 4468 1470 4506 non
1499 4469 1624 4507 esse
1657 4461 1900 4508 sanctam
1933 4455 2073 4508 lianc
2103 4457 2367 4526 synodum

2525 1976 2543 2010 ‹
2580 1957 2868 2025 ὲξάδελφον
2890 1973 2902 1987 ⁸
2931 1956 3054 2009 οὐδὲ
3079 1953 3310 2024 θυγατρὶ
3340 1953 3436 2006 καὶ
3467 1953 3582 2006 υἱὸν
3613 1953 3708 2006 καὶ
3763 1953 3993 2022 πατέρα
4013 1968 4027 1980 ·

2528 2070 2546 2103 ι
2584 2052 2706 2104 οὐδὲ
2736 2050 2889 2103 δυσὶν
2921 2049 3172 2117 ἀδελφοῖς
3204 2046 3418 2117 μητέρα
3449 2048 3546 2099 καὶ
3579 2047 3856 2115 θυγατέρα
3888 2061 3906 2074 ο
3933 2046 4028 2096 οὑ-

2521 2163 2540 2197 (
2577 2143 2632 2197 δὲ
2662 2143 2816 2196 δυσὶν
2843 2142 3102 2212 ἀδελφαῖς
3123 2142 3390 2211 ἀδελφούς
3414 2158 3428 2171 ’
3482 2144 3532 2194 εἰ
3563 2140 3619 2194 δέ
3683 2157 3737 2193 τι
3781 2137 4029 2192 τοιοῦτον

2525 2253 2544 2289 ι
2575 2235 2809 2304 γένοιτο,
2844 2236 2983 2305 μιτά
3010 2237 3109 2306 τῆς
3140 2232 3441 2298 διαλύσεως
3469 2233 3765 2287 ἑπταετίαν
3816 2233 4029 2284 ὕποπτα

2523 2349 2542 2383 ι
2582 2332 2885 2384 πτέτωσαν.
2931 2346 2950 2381 ι

2518 2507 2631 2562 Καὶ
2660 2502 2876 2562 οὗτοιοί
2901 2507 3091 2578 γάμοι,
3122 2507 3198 2572 ὥς
3241 2507 3706 2579 ἀπηγορευμένοι,
3759 2505 4032 2572 διαλυθή-

2452 2618 2634 2654 σονται
2666 2617 2680 2631 ·
2711 2600 2806 2654 καὶ
2826 2602 2875 2654 οί
2908 2601 3338 2665 συναλλάξαντες
3363 2601 3562 2664 αὐτοὺς
3587 2600 3729 2653 κατά
3753 2602 3844 2652 τὸν
3877 2616 4032 2667 παρ-

2451 2694 2573 2747 όντα
2597 2693 2797 2748 κανόνα
2827 2695 2919 2748 καὶ
2945 2694 3036 2747 τὸν
3074 2695 3474 2766 ἑϐδομηκοστὸν
3514 2695 3698 2762 ὄγδοον
3730 2694 3824 2747 τοῦ
3849 2695 4032 2760 μεγά-

2451 2785 2543 2837 λου
2575 2785 2854 2839 Βασιλείου
2882 2787 3125 2840 ἐνιαυτὸν
3173 2787 3638 2856 προσκλαύσουσι,
3682 2786 3892 2840 διετίαν
3927 2787 4029 2834 ὑπ-

2454 2878 2829 2947 ακροόισονται,
2860 2879 3099 2947 τριετίαν
3137 2878 3557 2944 ὑποπεσοῦνται,
3588 2879 3682 2930 καὶ
3709 2878 3786 2946 τῷ
3807 2877 4035 2944 ἑϐδόμῳ

2458 2970 2808 3039 συστήσονται
2839 2971 2976 3040 μετά
3000 2971 3109 3023 τῶν
3131 2971 3338 3024 πιστῶν
3368 2989 3383 3003 ο
3414 2971 3509 3025 κα)⁸
3544 2971 3736 3034 οὕτως,
3765 2972 3861 3023 ὲάν
3886 2974 4036 3038 μετά

2456 3059 2703 3130 δακρύων
2727 3063 3125 3132 μετανοήσωσι,
3153 3064 3261 3115 τῶν
3293 3063 3453 3116 θείων
3482 3063 3840 3132 ἀγιασμάτων
3864 3064 4038 3128 ἀξιω-

2460 3150 2732 3222 θήσονται.

3037 3245 3269 3301 ΚΔΝΩΝ
3300 3248 3429 3301 ΛΕ¹.

2468 3357 2486 3389 ι
2525 3337 2736 3408 Ἐπειδὴ
2773 3337 3175 3408 μεμαθήκαμεν
3200 3341 3327 3402 τοὺς
3359 3341 3417 3392 ὲν
3444 3344 3510 3411 τῇ
3554 3343 3844 3411 Ῥωμαίων
3869 3344 4036 3395 πόλει

2459 3471 2471 3486 ,
2534 3447 2552 3479 ι
2587 3431 2643 3482 ὲν
2669 3431 2787 3492 ταῖς
2815 3429 2996 3496 ἁγίαις
3013 3431 3109 3498 τῆς
3140 3431 3569 3498 Τεσσαρακοσῆς
3598 3433 3877 3498 νηστείαις
3913 3436 4034 3495 τοῖς

2535 3540 2552 3572 ε
2585 3521 2784 3589 ταύτης
2812 3521 3108 3586 Σαϐϐἀτοις
3137 3521 3417 3591 νηστεύειν
3449 3522 3601 3592 παρά
3627 3524 3725 3592 τὴν
3787 3520 4038 3593 παρέδο-

2533 3632 2551 3665 r
2590 3613 2773 3666 θεῖσαν
2817 3615 3275 3684 ἐκκλησιαστικὴν
3340 3614 3663 3666 ἀκολουθίαν
3697 3626 3714 3642 ’
3761 3614 3913 3676 ἔδοξε
3969 3619 4034 3683 τῇ

2540 3722 2556 3756 ι
2594 3706 2722 3776 ἁγίᾳ
2753 3706 2951 3777 συνόδῳ
2977 3705 3117 3758 ὥστε
3150 3709 3373 3776 κρατεῖν
3397 3709 3490 3759 καὶ
3516 3707 3609 3759 ἐπὶ
3637 3709 3701 3775 τῇ
3738 3705 4037 3782 Ῥωμαίων

2542 3816 2559 3847 ι
2593 3797 2890 3868 Ἐκκλησία
2918 3798 3389 3866 ἀπαρασαλεύτως
3418 3798 3509 3852 τὸν
3536 3799 3761 3862 κανόνα,
3815 3799 3912 3850 τὸν
3947 3801 4036 3851 λέ-

2540 3906 2557 3941 t
2596 3905 2762 3958 γοντα
2797 3895 2812 3918 ⁶
2849 3889 2917 3941 Εἴ
2953 3907 3034 3952 τις
3063 3890 3613 3962 κληρικὸς.εύρεθείη
3642 3897 3709 3962 τῇ
3755 3893 3891 3962 ἀξίᾳ.
3920 3895 4036 3945 Κυ-

2547 4001 2564 4034 r
2605 3986 2766 4054 ριακῇ
2810 3982 3084 4053 νηστεύων
3115 3983 3146 4053 ἢ
3175 3984 3236 4035 τὸ
3270 3984 3549 4037 Σάϐϐατον
3579 3985 3717 4054 πλὴν
3766 3985 3864 4039 τοῦ
3920 3989 4038 4050 ἑνὸς

2545 4095 2562 4128 ι
2601 4079 2694 4130 καὶ
2733 4076 2922 4146 μόνου,
2954 4075 3322 4143 καθαιρείσθω
3347 4091 3363 4108 ο
3395 4079 3444 4128 εί
3486 4076 3546 4129 δὲ
3597 4077 3806 4143 λαῖκὸς,
3839 4081 4039 4151 ἀφορι-

2546 4189 2564 4223 r
2597 4170 2790 4234 ζέσθω.
2835 4191 2853 4223 ι

2541 4265 2731 4319 ΒΑΛΣ.
2769 4267 2877 4318 Καὶ
2918 4266 2998 4329 είς
3033 4265 3168 4317 ἄλλα
3211 4265 3310 4334 μὲν
3339 4263 3531 4331 πολλὰ,
3559 4266 3696 4330 τέως
3725 4267 3782 4320 δὲ
3821 4269 3921 4320 καὶ
3951 4270 4040 4320 διά

2470 4359 2558 4412 τὸν
2615 4360 2854 4430 παρόντα
2929 4359 3150 4422 κανόνα,
3204 4359 3456 4427 λέγουσιν
3509 4361 3559 4411 οἱ
3613 4361 3715 4429 τῆς
3793 4363 4040 4425 παλαιᾶς

2485 4452 2695 4523 Ῥώμης
2726 4457 2799 4522 μὴ
2833 4448 2970 4506 εἶναι
2996 4451 3094 4523 τὴν
3121 4453 3282 4520 ἁγίαν
3314 4454 3522 4522 ταύτην
3559 4453 3779 4506 σύνοδον
3847 4459 4036 4506 οἰκοδο

809 4549 1225 4612 occumenicain,
1255 4548 1398 4602 sicut
1423 4557 1478 4600 et
1505 4548 1562 4601 in
1591 4547 1710 4614 ejus
1733 4549 2001 4616 procemio
2026 4549 2368 4617 scripsimus.
2402 4573 2445 4628 υ
2477 4565 2483 4615 ι

2402 4573 2445 4628 D
2477 4548 2720 4618 μενικὴν,
2757 4545 2934 4609 καθὼς
2957 4550 3051 4600 καὶ
3081 4551 3141 4599 ὲν
3165 4546 3241 4616 τῷ
3281 4547 3554 4615 προοιμίῳ
3577 4548 3746 4616 αὐτῆς
3796 4550 4044 4617 ἔγραψα-

810 4644 1090 4712 Tanquam
1123 4641 1269 4718 enim
1303 4639 1508 4694 ferrum
1543 4655 1641 4694 cor
1672 4656 1858 4695 eorum
1889 4643 2148 4711 pervasit,
2177 4657 2373 4711 eosque

813 4738 1021 4806 pungit,
1055 4744 1114 4788 ut
1137 4735 1231 4804 qui
1255 4746 1445 4787 contra
1469 4736 1830 4803 apostolicum
1862 4750 2126 4790 canonem
2153 4735 2373 4802 faciant,

812 4830 904 4897 qni
941 4829 1103 4882 dicit:
1138 4827 1346 4894 Siquis
1373 4826 1612 4881 clericus
1648 4827 1906 4882 inventus
1966 4828 2133 4881 fuerit
2185 4838 2376 4883 sancto

815 4920 1096 4974 Dominico
1122 4929 1175 4974 et
1206 4920 1446 4975 Sabbato
1472 4921 1749 4990 jejunare,
1795 4929 2154 4990 praeterquam
2188 4936 2295 4974 uno
2322 4930 2377 4975 et

814 5013 951 5077 solo,
976 5014 1318 5082 deponatur:
1360 5013 1406 5066 si
1459 5021 1646 5065 autem
1696 5012 1892 5075 laicus,
1945 5021 2280 5081 segregetur.
2336 5013 2374 5066 li

809 5120 943 5173 ergo
979 5106 1134 5159 venia
1167 5106 1317 5175 digni
1351 5119 1458 5159 non
1494 5114 1641 5169 sunt,
1679 5105 1770 5173 qui
1827 5120 1940 5158 sua;
1971 5121 2163 5160 rursus
2201 5107 2380 5175 priva-

815 5208 882 5251 ta:
919 5199 1296 5252 constitutioni
1325 5199 1617 5261 inhaerent,
1649 5205 1704 5249 et
1736 5213 1842 5250 non
1875 5198 2053 5252 solum
2091 5199 2377 5259 insanctae

813 5289 1253 5359 Quadragesimae
1275 5288 1534 5343 Sabbatis
1556 5290 1829 5358 jejunant,
1863 5290 1958 5345 sed
1985 5302 2038 5343 et
2067 5291 2118 5344 in
2154 5292 2379 5360 reliquis

813 5382 1089 5436 omnibus.
1137 5381 1249 5451 Ego
1278 5391 1456 5436 autem
1492 5383 1602 5435 vidi
1657 5383 1923 5451 quosdam
1971 5380 2216 5448 Latinos,
2263 5384 2377 5453 qui,

816 5489 940 5528 cum
991 5484 1281 5543 propterea
1317 5474 1874 5543 reprehenderentur,
1912 5473 2130 5528 inanem
2162 5489 2380 5544 queque

814 5567 1225 5624 excusationem
1263 5565 1581 5633 aﬂ‘erebant,
1620 5567 1688 5622 ad
1720 5575 1974 5621 sanctum
2028 5583 2224 5638 nempe
2275 5569 2379 5623 Do-

817 5661 951 5716 mini
998 5671 1053 5716 et
1083 5661 1395 5718 Servatoris
1441 5662 1618 5716 nostri
1666 5658 1797 5715 Jesu
1831 5659 2030 5714 Christi
2064 5661 2376 5731 sepulcrum

817 5753 1146 5820 sditionem,
1180 5763 1236 5811 et
1269 5753 1414 5825 quod
1446 5753 1612 5823 ltujus
1641 5753 1719 5809 rei
1756 5753 1930 5823 gratia
1961 5768 2028 5807 ex
2055 5752 2215 5824 longa
2243 5768 2380 5807 con-

817 5845 1109 5904 suetudine
1137 5848 1378 5905 obtinuit
1398 5845 1696 5918 jejunium.
1725 5847 1877 5905 Alios
1906 5853 2089 5903 autem
2122 5847 2254 5914 vidi,
2285 5848 2376 5918 qui

2477 4657 2598 4711 μεν.
2635 4640 2719 4704 Ὠς
2747 4641 2856 4710 γὰρ
2908 4639 3125 4710 σίδηρος
3177 4639 3362 4710 διῆλθε
3389 4631 3499 4708 ’τὴν
3554 4639 3783 4711 καρδίαν
3842 4644 4042 4697 αὐτῶν.

2475 4735 2570 4786 καὶ
2609 4733 2912 4803 στηλιτεύει
2944 4735 3166 4799 τούτους
3183 4735 3258 4798 ὡς
3288 4736 3626 4798 ὑπεναντίως
3647 4738 3950 4801 ποιοῦντας
3973 4741 4048 4808 τῷ

2476 4827 2818 4898 ἀποστολικῴ
2857 4829 3065 4893 κανόνι,
3125 4827 3202 4898 τῷ
3254 4828 3468 4895 λέγοντι
3495 4845 3508 4859 ο
3541 4829 3610 4880 Εἴ
3660 4846 3744 4890 τις
3784 4831 4048 4900 κληρικδς

2475 4918 2722 4989 εὑρεθείη
2780 4921 2845 4989 τῇ
2895 4920 3026 4990 ἁγίᾳ
3078 4920 3331 4990 Κυριακῇ
3380 4921 3475 4971 καὶ
3529 4920 3604 4986 τῷ
3656 4919 3930 4988 Σαϐϐάτῳ
3963 4939 4049 4989 νη-

2478 5009 2680 5062 στεύων
2713 5011 2852 5081 πλὴν
2892 5009 2985 5063 τοῦ
3027 5011 3144 5073 ἐνὸς
3178 5013 3269 5063 καὶ
3312 5010 3497 5080 μόνου,
3541 5010 3967 5080 καθαιρείσθω’
4006 5015 4052 5064 εἰ

2477 5100 2530 5153 δὲ
2560 5102 2763 5166 λαῖκδς,
2817 5103 3179 5174 ἀφοριζέσθω.
3202 5103 3277 5154 Οὐ
3307 5105 3412 5172 χρὴ
3443 5099 3536 5155 οὖν
3562 5101 3789 5163 τούτους
3833 5107 4049 5171 συγνώ-

2482 5209 2586 5261 μης
2604 5191 3032 5263 ἀξιωθῆναι,,τῆς
3045 5195 3213 5263 αὐτῆς
3236 5194 3624 5263 ὲξερχομένους
3644 5195 4052 5265 ίδιορῤυθμίας,

2479 5286 2574 5338 καὶ
2624 5286 2785 5339 πάλιν
2845 5287 2941 5340 καὶ
2994 5287 3352 5358 νηστεύοντας
3411 5287 3487 5356 μὴ
3540 5287 3707 5356 μόνον
3774 5290 3928 5343 κατὰ
3993 5297 4056 5343 τά

2480 5377 2730 5431 Σάϐϐατα
2753 5380 2850 5449 τῆς
2879 5379 3042 5448 ἀγίας
3074 5380 3556 5451 Τεσσαρακοστῆς,
3597 5379 3735 5435 ἀλλὰ
3779 5385 3882 5437 καὶ
3917 5390 4056 5441 κατά

2479 5472 2546 5523 τὰ
2570 5471 2750 5530 λοιπά.
2791 5472 2932 5542 Ἐγὼ
2957 5473 3013 5526 δὲ
3040 5471 3178 5526 εἶδόν
3210 5491 3362 5539 τινας
3389 5476 3654 5538 Λατίνους
3677 5479 4055 5549 αἰτιωμένους

2479 5563 2565 5618 διά
2605 5565 2784 5630 τοῦτο,
2821 5567 2914 5618 καὶ
2939 5566 3174 5636 ματαίαν
3220 5567 3696 5642 προϐαλλομένους
3747 5579 4054 5644 πρόφασιν,

2478 5657 2578 5726 τὴν
2614 5660 2694 5721 είς
2735 5659 2826 5710 τὸν
2876 5661 3032 5726 ἅγιον
3080 5663 3247 5728 τάφον
3293 5658 3388 5713 τοῦ
3422 5661 3630 5732 Κυρίου
3675 5666 3770 5717 καὶ
3799 5668 4056 5738 Σωτῆρος

2481 5750 2658 5820 ἡμῶν·
2688 5751 2865 5821 Ἰησοῦ
2922 5752 3157 5822 Χριστοῦ
3199 5753 3520 5819 ἀπέλευσιν,
3573 5756 3668 5809 καὶ
3735 5757 3841 5828 τὴν
3892 5762 4052 5828 χάριν

2482 5845 2670 5901 τούτου
2699 5848 3055 5920 κρατήσασαν
3087 5849 3342 5920 νηστείαν
3378 5853 3442 5905 ὲκ
3475 5852 3768 5925 συνηθείας
3812 5854 4049 5926 μακρᾶς.
