4240 6442
258 409 371 477 709

1266 402 1347 466 IN
1376 404 1545 466 CAN.
1587 404 1715 466 LVI
1752 402 1963 465 CONC.
2008 403 2090 466 IN
2117 402 2455 467 TRULLO.

3380 408 3493 478 ’110

261 526 495 586 ’Δλλους
520 522 579 575 δὲ
609 519 747 575 εἶδον
788 518 864 591 μὴ
881 519 1217 585 ἀπελθόντας
1244 521 1324 583 τίς
1351 521 1420 575 τὰ
1454 520 1830 591 Ἰεροσόλυμα,
1857 524 1909 585 Α
1934 520 1935 523 ’

1814 562 1830 583 ,
1857 518 2362 591 Allierosolymam
2411 534 2519 575 non
2565 528 2848 588 venerant,
2892 528 2946 577 et
2976 521 3231 579 similiter
3273 522 3488 595 jejuna-

255 620 361 674 κα¹ι
382 617 741 689 νηστεύοντας
780 613 980 687 ὁμοίως
1020 631 1038 646 ·
1076 614 1173 669 καὶ
1227 615 1421 677 ἀλλους
1465 614 1831 684 ἀτιμάζοντας

260 709 364 780 τὴν
413 708 671 778 τοιαύτην
727 708 986 777 νηστείαν
1055 708 1151 760 καὶ
1195 707 1499 779 ἀδιαφόρως
1555 707 1697 761 κατὰ
1763 707 1833 761 τὰ

261 804 519 858 Σάὁσατα
562 800 957 864 καταλύοντας,
1010 800 1343 863 ἀπελθόντας
1387 802 1480 853 καὶ
1534 801 1705 854 ταῦτα
1752 802 1833 865 είς

259 896 356 949 τὸν
390 894 479 948 τοῦ
503 894 716 964 Κυρίου
738 892 922 960 τάφον.
955 892 1071 947 Οὐκ
1119 890 1231 961 ἔχω
1279 889 1411 959 γοῦν
1457 884 1634 943 εῐπειν
1687 889 1833 951 ὅπως

258 986 439 1041 ταῦτα
469 985 614 1039 οὕτω
640 983 931 1055 παρὰδτῶν
952 982 1209 1037 τοιούτων
1232 982 1495 1051 γίνονται.
1545 983 1732 1037 Ἔοικε
1774 980 1832 1033 δᾶ

259 1077 337 1138 ὡς
362 1079 473 1139 τοῖς
509 1076 654 1129 ἔθεσι
686 1074 942 1146 μᾶλλονῆ
974 1076 1088 1137 τοῐς
1118 1076 1340 1128 κανόσιν
1386 1074 1723 1129 ἀκολουθεῖν.

334 1172 586 1224 ΖΩΝΑΡ.
638 1168 1049 1238 Διορθώσασθαι
1106 1169 1168 1221 τὸ
1232 1168 1455 1238 σφάλμα
1509 1166 1669 1220 τοῦτο
1725 1166 1834 1221 τῶν

260 1264 514 1319 Λατίνων
566 1263 600 1332 ἡ
645 1263 862 1325 συνόδος
893 1261 1273 1331 ὕπεχείρησεν,
1340 1259 1457 1313 ἀλλ’
1514 1260 1832 1329 ἀδιόρθωτοι

263 1358 366 1410 καὶ
388 1356 544 1417 αὖθις
574 1356 625 1407 oi
642 1354 901 1417 ἀλαζόνες
930 1354 1153 1424 ἔμεινάν
1180 1370 1241 1406 τε
1276 1354 1369 1406 καὶ
1399 1353 1643 1423 μένουσι,
1689 1354 1827 1423 μήτε

260 1447 377 1511 τοῖς
396 1447 774 1517 παλαιοτέροις
804 1448 995 1499 κανόσι
1023 1445 1361 1514 πειθόμενοι,
1404 1449 1515 1508 τοῖς
1573 1448 1700 1499 ἄνευ
1732 1443 1829 1498 τοῦ

262 1540 382 1602 ea;
417 1539 700 1593 Σαϐϐἀτου
746 1538 839 1590 τοῦ
887 1538 1123 1608 μεγάλου
1167 1536 1370 1607 δηλαδὴ
1421 1536 1495 1607 μὴ
1549 1534 1829 1603 νηστεύειν

258 1631 322 1682 ἐν
353 1628 614 1701 Σαδδάτῴ
647 1630 945 1692 κελεύουσι,
983 1630 1118 1700 μήτε
1148 1628 1325 1699 τούτῳ
1354 1628 1827 1698 ἱπιστρεφόμενοι,

260 1725 358 1776 καὶ
390 1726 527 1795 μήτε
552 1727 651 1795 τὴν
671 1724 989 1793 καθαίρεσιν
1012 1724 1063 1776 oi
1100 1723 1390 1794 ίερωμένοι
1414 1721 1825 1793 εὐλαὸούμενοι,

262 1816 393 1887 μήθ’
420 1817 469 1869 oi
518 1816 694 1870 λαῖκοὶ
719 1818 810 1870 τὸν
832 1814 1159 1887 ἀφορισμᾶν.
1296 1824 1302 1829 ’
1789 1818 1806 1849 ⁸

262 1999 494 2053 ΔΡΙΣΤ.
536 2015 555 2048 ι
590 1998 651 2050 Ol
684 1996 955 2064 Ῥωμαῖοι
980 1997 1095 2059 τοῖς
1117 1994 1217 2063 τῆς
1241 1993 1701 2065 Τεσσαρακοστῆς
1732 2011 1841 2086 v'q-l

340 2110 361 2143 ι
400 2091 654 2143 στεύουσι
707 2088 1019 2143 Σάὸϐασινο
1100 2087 1508 2157 ὑπομιμνήσκει
1560 2086 1740 2140 τοίνυν
1794 2088 1828 2158 ἡ

336 2201 358 2234 ε
393 2182 609 2245 σύνοδος
634 2182 728 2234 καὶ
760 2180 854 2233 ἐπὶ
901 2180 1106 2233 τούτων
1132 2180 1226 2232 τὸν
1250 2178 1606 2233 ἀποστολικὺν
1627 2178 1829 2235 κανόνα

343 2293 362 2326 ι
400 2276 645 2345 κρατεῖν.
691 2291 711 2324 ι
1508 2277 1520 2298 ‘
1683 2329 1687 2333 .

333 2367 601 2422 Μαθοῦσα
634 2365 775 2433 αῦτη
803 2368 835 2435 ἡ
865 2366 998 2432 ἁγία
1040 2363 1256 2428 σύνοδος
1299 2366 1427 2428 τοὺς
1468 2367 1528 2421 ἐν
1581 2368 1649 2437 τῇ
1696 2364 1829 2419 Ῥω-

1855 1765 1904 1825 Β

1845 1930 1859 1949 .
1930 1895 2129 1971 tionem
2156 1896 2825 1983 jejunantjbus‘indictam
2860 1905 2982 1961 laici
3012 1889 3317 1977 iegligunt.

1887 2072 1906 2087 ν
1926 1990 2154 2062 Αιιιδτ.
2188 2012 2208 2045 ι
2236 1994 2918 2067 RomaniQuadragesima:
2935 1998 3485 2069 Sabbatisjejunant:

1934 609 2106 665 bant:
2141 619 2196 664 et
2220 610 2363 666 alios
2395 610 2489 681 qui
2525 610 2795 679 ejusmodi
2846 611 3116 682 jejunium
3172 623 3495 672 contemne-

1933 701 2062 757 bant
2108 710 2162 756 et
2212 702 2689 759 indiscriminatim
2753 704 2808 759 in
2866 702 3125 763 Sabbatis
3166 707 3491 774 solvebant,

1932 794 2024 864 qui
2071 789 2232 849 etiam
2289 796 2375 851 ad
2410 794 2625 851 Domini
2680 800 2989 869 sepulcrum
3036 810 3315 856 venerant.
3371 800 3492 858 Non

1934 900 2157 955 possum
2195 887 2378 957 itaque
2425 888 2608 944 dicere
2640 889 2919 960 quomodo
2966 890 3083 946 haec
3132 891 3201 947 ab
3253 892 3363 949 illis
3411 893 3494 950 sic

1937 977 2095 1033 ﬁant.
2174 977 2439 1037 Videntur
2493 992 2675 1039 autem
2723 982 2763 1037 ii
2809 985 3260 1042 consuetudinem
3310 986 3493 1058 potius

1932 1072 2108 1137 sequi.
2139 1087 2305 1141 quam
2338 1088 2598 1131 canones.

2003 1159 2254 1218 ZONAR.
2308 1162 2625 1219 Latinorum
2697 1166 2800 1221 hoc
2856 1177 3137 1238 peccatum
3203 1170 3493 1228 emendare

1930 1254 2175 1323 synodus
2196 1264 2423 1311 conatus
2447 1268 2563 1322 est;
2598 1274 2783 1313 verum
2813 1261 2867 1315 in
2896 1276 2995 1314 sua
3027 1262 3325 1330 pertinacia
3354 1262 3490 1317 hac-

1929 1362 2090 1402 tenus
2125 1360 2548 1418 permanserunt
2589 1363 2935 1423 arrogantes,
2969 1354 3241 1423 hodieque
3278 1368 3493 1424 perma-

1929 1450 2081 1495 nent.
2138 1440 2321 1510 Neque
2368 1457 2523 1506 vero,
2575 1454 2671 1497 aut
2697 1445 2948 1515 antiquos
2973 1460 3213 1501 canones
3240 1446 3489 1511 audiunt,

1928 1530 2019 1606 gui
2047 1526 2212 1584 'omne
2240 1533 2293 1585 in
2320 1531 2559 1586 Sabbato
2579 1533 2872 1601 jejunium,
2902 1551 3011 1590 uno
3029 1545 3278 1607 excepto,
3298 1550 3492 1606 nempe

1930 1618 2111 1710 magni
2145 1624 2369 1679 Sabbati
2398 1625 2526 1694 die,
2550 1627 2773 1682 vetitum
2800 1643 2926 1684 esse
2956 1630 3200 1716 voluere,
3248 1638 3345 1684 aut
3388 1630 3492 1683 bu-

1926 1714 2015 1784 jus
2040 1709 2260 1786 quoque
2291 1709 2957 1777 moventur'auctoritate.
3005 1709 3153 1787 'Quin
3184 1733 3238 1777 et
3266 1720 3489 1792 deposi-

1932 1808 2133 1863 tionem
2164 1824 2384 1879 quoque
2416 1812 2508 1882 qui
2538 1813 2714 1867 sacris
2748 1812 2946 1868 initiati
2975 1798 3124 1875 sunt,
3154 1823 3209 1868 et
3233 1828 3489 1884 segrega-

1954 2156 1965 2164 _
2002 2102 2022 2137 ι
2070 2086 2327 2143 admonet
2354 2090 2563 2167 itaque
2592 2092 2859 2156 synodus
2907 2090 2960 2145 in
2990 2090 3076 2148 bis
3110 2093 3274 2148 etiam
3308 2108 3481 2151 cano-

1934 2188 1944 2198 '
2001 2198 2023 2229 s
2056 2194 2179 2235 nem
2213 2183 2573 2251 apostolicum
2602 2185 2805 2239 valere.
2834 2202 2854 2235 ι

1938 2409 1943 2414 .
1995 2361 2311 2431 lntelligens
2330 2363 2444 2418 h:ec
2470 2374 2656 2419 sancta
2689 2380 2813 2437 syn.
2845 2380 2961 2432 eos,
2991 2369 3083 2439 qui
3115 2369 3171 2425 in
3206 2370 3487 2427 Romano-

263 2464 446 2535 μαίων
484 2463 637 2515 πόλει
668 2461 758 2514 τὸν
804 2459 1098 2531 ἑξηκοστὸν
1148 2459 1410 2530 τέταρτον
1464 2459 1665 2513 κανόνα
1721 2460 1829 2511 τ”ν
1926 2466 1937 2506 1

1811 2476 1829 2511 ν
1926 2466 2044 2521 rum
2098 2463 2227 2508 sunt
2278 2454 2441 2527 224
2490 2456 2729 2523 civitate,
2780 2462 3179 2529 sexagesimum
3230 2474 3485 2533 quartum

261 2556 437 2623 ἁγίων
469 2554 783 2608 ἀποστόλων
813 2552 1271 2623 παραϐαίνοντας,
1299 2551 1390 2605 τὸν
1425 2553 1829 2621 προστάττοντα
1926 2559 1935 2599 1

1809 2570 1829 2605 ι
1926 2554 2243 2599 sanctorum
2283 2549 2658 2616 apostolorum
2696 2565 2960 2606 canonem
2992 2553 3101 2607 alio
3126 2563 3483 2627 praterqualn

260 2645 394 2700 ἄνευ
421 2645 511 2697 τοῦ
541 2644 781 2713 μεγάλου
815 2643 1094 2697 Σαὸὁὰτου
1122 2644 1311 2712 ἓτερον
1336 2643 1612 2695 Σάϐϐατόν
1652 2644 1685 2713 ἢ
1718 2642 1831 2695 Κυ-
1925 2652 1934 2690 1

1814 2673 1831 2683 .
1925 2650 2123 2706 magno
2157 2636 2397 2693 Sabbato
2453 2651 2547 2694 aut
2601 2640 2692 2696 die
2746 2641 3032 2699 Dominico
3078 2660 3186 2701 non
3234 2647 3488 2718 jejunare

264 2739 466 2810 ριακὴν
501 2740 575 2807 μὴ
617 2737 898 2807 νηστεύειν
932 2752 946 2768 ⁸
972 2736 1139 2807 ὥρισε
1172 2737 1270 2789 καὶ
1301 2737 1360 2788 ἐν
1412 2738 1478 2807 τῇ
1547 2735 1829 2805 Ῥωμαίων
1925 2744 1938 2782 1

1814 2754 1829 2787 ι
1925 2730 2296 2793 mandantem,
2331 2732 2657 2789 transilire:
2720 2736 2986 2801 decrevit,
3018 2748 3072 2792 et
3102 2738 3158 2794 in
3211 2738 3488 2797 Romam-

273 2831 576 2902 Ὲκκλησίᾳ
608 2830 1059 2901 ἀπαρασᾰὰευτον
1088 2830 1179 2883 τὸν
1199 2828 1441 2884 τοιοῦτον
1470 2830 1829 2884 ἁποστολικὸν
1924 2834 1947 2873 1·

1819 2850 1829 2880 ν
1924 2834 2044 2873 rum
2076 2818 2351 2875 'Ecclesia
2385 2822 2534 2877 illum
2598 2826 2963 2895 apostolorum
3015 2842 3277 2888 canonem
3339 2832 3493 2891 ﬁrme

259 2924 468 2977 κανόνα
496 2922 883 2992 φυλάττεσθαι.

826 3034 1067 3089 κΑΝοΝ
1122 3034 1263 3103 Nq'.

267 3168 289 3203 ε
345 3148 618 3205 Ὡσαύτως
645 3147 1044 3217 μεμαθήκαμεν
1062 3147 1120 3199 ἐν
1149 3166 1207 3201 τε
1230 3150 1296 3219 τῇ
1339 3148 1643 3219 Ἀρμενίων
1673 3150 1825 3225 χώρα

347 3260 368 3295 ε
400 3243 491 3294 καὶ
517 3242 572 3293 ὲν
604 3241 809 3307 ἑτέροις
842 3240 1048 3301 τόποις,
1084 3240 1139 3290 ὲν
1195 3242 1305 3299 τοῖς
1336 3240 1579 3295 Σάὁὸασι
1629 3244 1723 3296 καὶ
1771 3246 1827 3298 ὲν

334 3351 356 3384 s
396 3335 515 3390 ταῖς
553 3332 861 3400 Κυριακαῐς
891 3334 991 3399 τῆς
1034 3330 1193 3393 ἁγίας
1245 3331 1706 3401 Τεσσαρακοστῆς
1746 3333 1827 3384 ibi

342 3444 362 3475 ε
404 3426 496 3477 καὶ
548 3422 714 3492 τυρὸν
783 3420 985 3474 ἐσθίειν
1038 3422 1226 3483 τινάς·
1293 3421 1439 3487 εδοξε
1497 3422 1677 3475 τοίνυν
1734 3424 1827 3476 καὶ

346 3536 366 3569 ι
405 3514 747 3575 τοῦτο.ὥστε
796 3513 893 3583 τὴν
942 3512 1085 3565 κατὰ
1130 3514 1311 3565 πᾶσαν
1368 3514 1468 3582 τὴν
1503 3514 1826 3583 οίκουμὲνην

338 3608 483 3661 «τοῦ
540 3607 675 3659 Θεοῦ
740 3603 1110 3671 Ἐκκλησίαν,
1175 3607 1273 3673 μιᾷ
1324 3605 1825 3659 κατακολουθοῦσαν

345 3722 363 3753 ι
397 3700 569 3763 τάξει,
595 3699 694 3769 τὴν
714 3698 968 3766 νηστείαν
1011 3698 1300 3759 ἐπιτελεῖν,
1362 3698 1456 3750 καὶ
1499 3698 1822 3769 ἀπέχεσθαι,

342 3812 362 3845 s
398 3793 585 3862 ὥσπερ
612 3789 773 3843 θυτοῦ
814 3791 1030 3851 παντὸς,
1059 3788 1200 3841 οῦτω
1234 3788 1298 3859 δὴ
1344 3787 1449 3841 ὠοῦ
1481 3790 1577 3842 καὶ
1634 3790 1822 3859 τυροῦ,

350 3904 368 3936 ι
413 3883 448 3937 ἃ
476 3882 684 3952 καρπός
715 3882 821 3932 είσι
861 3882 955 3933 καὶ
995 3880 1313 3949 γεννήματα
1360 3874 1436 3933 ὧν
1483 3880 1822 3951 ἀπεχόμεοα.

346 3996 365 4029 ι
408 3976 472 4029 Εἰ
494 3978 549 4030 δὲ
586 3976 657 4044 μὴ
677 3974 834 4026 τοῦτο
858 3972 1350 4041 παραφυλάττοιεν,
1374 3974 1423 4025 εί
1448 3974 1545 4041 μὲν
1574 3976 1826 4044 κληρικοὶ

343 4089 363 4120 ε
399 4066 531 4131 εἷεν,
562 4064 1036 4137 καθαιρείσθωσαν
1063 4082 1077 4095 ⁸
1120 4064 1169 4116 εί
1215 4064 1271 4116 δὲ
1294 4063 1504 4131 Ᾱαῖκοὶ,
1576 4067 1828 4135 ἁφοριζέ..

346 4182 365 4214 ι
406 4161 637 4213 σθωσαν.
681 4178 698 4210 ι

344 4273 536 4326 ΒΛΛΣ.
579 4271 668 4323 Ἐν
696 4269 774 4339 τῷ
801 4269 1123 4338 προλαϐόντι
1181 4268 1366 4321 κανόνι
1409 4269 1825 4341 νενομοθέτηται

267 4366 351 4435 μὴ
379 4363 661 4432 νηστεύειν
694 4365 751 4414 ἐν
781 4364 891 4423 τοῖς
915 4360 1215 4421 Σαὸὁὰτοις
1254 4361 1347 4412 καὶ
1374 4362 1489 4421 ταῖς
1517 4363 1825 4429 Κυριακαῖς

1847 3114 1894 3177 C

1924 2911 2419 2984 inviolabiliterque
2448 2916 2851 2972 observandum
2888 2934 3033 2977 esse.

2502 3028 2731 3085 CANON
2771 3029 2904 3087 LVI.

1932 3158 1953 3196 ι
1999 3142 2265 3200 Similiter
2298 3146 2610 3217 accepimus
2639 3156 2694 3201 et
2739 3148 2793 3202 in
2848 3150 3235 3206 Armeniorum
3264 3154 3487 3226 regione

2004 3253 2024 3287 ι
2055 3245 2108 3289 et
2138 3236 2191 3289 in
2223 3237 2347 3291 aliis
2378 3236 2537 3302 locis,
2572 3237 2625 3291 in
2659 3238 2914 3295 Sabbatis
2942 3250 2996 3295 et
3028 3240 3330 3303 Dominicis
3360 3262 3490 3303 san-

2003 3346 2022 3379 s
2056 3337 2153 3382 cla:
2182 3327 2643 3397 Quadragesimae,
2691 3333 2955 3399 quosdam
3008 3348 3107 3389 ova
3164 3347 3216 3391 et
3264 3352 3484 3394 caseum

2001 3436 2020 3470 s
2048 3418 2349 3472 comedere.
2393 3417 2572 3473 Visum
2606 3431 2685 3488 est
2718 3434 2848 3488 ergo
2878 3430 2933 3476 et
2968 3423 3093 3490 hoc,
3148 3434 3208 3480 ut
3238 3436 3347 3481 tcta
3391 3428 3485 3484 Dei

2002 3529 2020 3562 ι
2054 3510 2319 3572 Ecclesia.
2355 3527 2476 3582 qua:
2514 3520 2595 3566 est
2629 3512 2680 3565 in
2729 3512 2982 3571 universo
3013 3524 3284 3572 terrarum
3331 3523 3481 3589 orbe,

2001 3623 2020 3656 ι
2053 3620 2218 3658 unum
2253 3602 2496 3659 ordinem
2545 3620 2803 3673 sequens,
2830 3606 3101 3674 jejunium
3135 3610 3401 3679 perﬁciat,
3430 3622 3486 3668 et

2005 3715 2023 3748 ι
2055 3697 2351 3761 abstineat,
2390 3696 2533 3751 sicut
2560 3697 2629 3751 ab
2663 3697 2809 3751 omni
2841 3700 3134 3766 mactabili,
3162 3702 3240 3756 sic
3276 3703 3342 3758 ab
3369 3707 3486 3761 ovis

2002 3808 2021 3841 ι
2054 3800 2108 3844 et
2157 3804 2337 3855 caseo,
2390 3804 2512 3860 quas
2560 3789 2778 3857 quidem
2835 3800 2967 3847 sunt
3002 3793 3211 3850 fructus
3240 3806 3293 3852 et
3320 3798 3485 3853 fictus

2000 3900 2021 3935 ι
2047 3898 2236 3937 eorum
2268 3898 2298 3936 a
2329 3883 2528 3953 quibus
2554 3884 2907 3939 abstinemus.
2946 3883 3001 3939 Si
3037 3899 3214 3942 autem
3248 3890 3350 3945 hoc
3376 3907 3484 3949 non

2000 3993 2017 4027 ι
2050 3975 2409 4038 servaverint,
2463 3975 2505 4028 si
2543 3975 2653 4029 sint
2688 3976 2908 4045 quidem
2961 3979 3169 4047 clerici,
3201 3981 3485 4053 deponar-

2002 4084 2021 4119 ι
2057 4076 2188 4122 tur:
2227 4066 2311 4121 sin
2330 4074 2507 4121 autem
2541 4066 2686 4134 laici,
2715 4080 3091 4139 segregentur.
3129 4090 3149 4125 ι

1930 4272 1962 4299 λι
1998 4263 2189 4318 BALS.
2248 4263 2307 4318 In
2342 4262 2666 4331 praecedenti
2701 4264 2924 4333 quidem
2977 4280 3187 4322 canone
3216 4278 3480 4329 statutum

1925 4368 2031 4421 est,
2065 4359 2116 4411 in
2150 4356 2406 4411 Sabbatis
2432 4365 2487 4410 et
2517 4355 2816 4410 Dominicis
2872 4368 3076 4412 sanctae
3113 4360 3481 4434 Quadragesi-

263 4457 368 4524 τῆς
393 4454 547 4519 ἁγίας
567 4452 1044 4522 Τεσσαρακοστῆς.
1091 4450 1366 4518 ’Δρμένιοι
1401 4449 1493 4502 οὖν
1529 4452 1622 4502 καί
1676 4470 1822 4515 τινες
1856 4457 1937 4515 DI

1808 4470 1822 4515 ;
1856 4457 1901 4515 Ι)
1929 4465 2028 4504 me
2080 4466 2183 4504 non
2210 4436 2331 4503 esse
2356 4448 2732 4517 jejunandum.
2765 4449 3005 4504 Armenii
3044 4452 3224 4520 itaque
3252 4464 3307 4509 et
3359 4458 3482 4526 qui-

264 4545 560 4617 όρθόδοξοι,
588 4544 663 4606 ὡς
690 4545 855 4602 ἔοικε,
884 4541 1248 4611 πλανηθέντες
1274 4542 1381 4593 ἀπὸ
1432 4540 1525 4593 τοῦ
1585 4544 1823 4595 τοιούτου

272 4638 518 4701 κανόνος,
550 4637 813 4691 κατέλυον
838 4638 895 4688 ιν
929 4638 1042 4699 τοῖς
1090 4635 1300 4705 ῥηθεῖσι
1355 4635 1674 4701 Σαϐϐατοις,
1734 4640 1826 4690 καὶ

264 4729 453 4802 ἤσθιον
481 4730 562 4783 ὠά
590 4731 685 4781 καὶ
714 4729 896 4797 τυρὸν,
925 4728 1000 4791 ὠς
1046 4727 1209 4793 δῆθεν
1263 4726 1340 4795 μὴ
1384 4726 1677 4796 μετέχοντα
1738 4728 1828 4779 αἱ·

269 4836 463 4890 ματος,
497 4818 616 4873 ἀλλ’
647 4820 861 4871 ἐοικότα
892 4819 1127 4887 καρποῖς
1159 4817 1469 4887 ὀπωρινοίς.
1515 4816 1684 4870 Τοῦτο
1729 4818 1823 4872 οῦν

267 4910 629 4980 διορθουμένη
663 4910 697 4978 ἡ
734 4909 976 4973 σύνοδος,
1004 4907 1299 4979 διορίζεται
1326 4909 1425 4978 μιᾷ
1449 4907 1601 4974 τάξει
1658 4924 1827 4963 κατα-

268 4998 548 5052 κολουθεῖν
576 5000 674 5062 τὰς
711 4998 839 5061 ὅλας
852 4997 1179 5067 Ἐκκλησίας
1206 4996 1302 5051 τοῦ
1332 4998 1487 5064 Θεοῦ,
1509 5001 1601 5053 καὶ
1624 4999 1829 5063 πάντας

268 5093 575 5163 ἀπέχεσθαι
638 5092 801 5147 θυτοῦ
862 5093 1144 5156 παντοίου,
1193 5092 1276 5145 ὅτι
1325 5092 1418 5147 καὶ
1446 5092 1515 5145 τὰ
1554 5091 1753 5145 dum
1778 5092 1829 5145 οί

264 5187 429 5255 τυροὶ
452 5187 557 5239 κᾶν
584 5186 789 5256 καρποὶ
838 5185 1185 5253 λογίζωνται,
1218 5184 1331 5237 ἀλλ’
1361 5182 1485 5237 επεὶ
1521 5184 1589 5237 τὰ
1645 5182 1704 5248 ἐξ
1752 5178 1829 5239 ὧν

266 5278 445 5331 ταῦτα
470 5278 784 5345 γεγόνασιν,
809 5277 911 5330 οὐκ
936 5276 1211 5346 ἐσθίομεν,
1236 5276 1357 5330 οὐδὲ
1384 5276 1466 5336 είς
1495 5276 1635 5329 αὐτὰ
1662 5292 1829 5329 κατα·

266 5369 423 5422 λύειν
446 5369 753 5438 ὀφείλομεν.
784 5366 922 5431 Τοὺς
969 5368 1152 5437 μέντοι
1208 5369 1283 5438 μὴ
1346 5367 1708 5437 φυλάττοντας
1760 5368 1829 5422 τὰ

266 5460 701 5529 διατεταγμένα,
730 5460 1021 5529 κληρικοὺς
1069 5461 1170 5531 μὲν
1218 5461 1397 5525 ὄντας,
1451 5460 1829 5529 καθαιρεῖσθαι

268 5550 707 5621 παρακελεύεται
737 5551 765 5602 ό
793 5549 1003 5604 κανώνο
1060 5548 1283 5612 λαῖκοὺς
1333 5551 1413 5614 δὲ,
1448 5550 1823 5620 ἀφορίζεσθαι.

269 5640 385 5692 Καὶ
409 5639 625 5702 πάντως
657 5639 736 5707 τῷ
766 5639 916 5710 αὐτῷ
948 5640 1208 5711 ἐπιτιμίῳ
1263 5641 1578 5694 ὑπόκεινται
1634 5640 1727 5693 καὶ
1777 5640 1826 5693 οἱ

264 5733 362 5785 διὰ
391 5730 555 5801 τυροῦ
588 5733 683 5785 καὶ
710 5732 820 5785 ὠοῦ
848 5733 1206 5797 καταλύοντες
1241 5733 1322 5797 είς
1350 5734 1445 5797 τὰς
1470 5733 1595 5796 ὅλας
1617 5733 1823 5804 Τετρά-

265 5824 371 5887 δας
401 5826 493 5877 καὶ
526 5825 882 5895 Παρασκευάς
912 5843 925 5856 ·
952 5827 1032 5879 ὃτι
1058 5826 1474 5895 νενομοθέτηται
1507 5825 1644 5879 κατὰ
1691 5826 1823 5878 ταύο

1925 4540 2074 4606 dam,
2126 4548 2183 4592 ut
2219 4548 2302 4592 est
2349 4538 2664 4600 verisimile,
2715 4540 3006 4593 orthodoxi
3044 4556 3106 4595 ex
3147 4543 3247 4598 hoc
3276 4560 3483 4603 canone

1926 4639 2197 4695 errantes,
2254 4630 2309 4683 in
2360 4628 2523 4684 dictis
2577 4627 2832 4684 Sabbatis
2890 4631 3243 4687 comedebant
3271 4650 3383 4691 ova
3430 4647 3485 4692 et

1925 4737 2166 4785 caseum,
2214 4730 2271 4775 ut
2317 4736 2437 4790 qua:
2464 4731 2651 4776 essent
2685 4722 2969 4792 sanguinis
3004 4725 3246 4792 expertia
3281 4734 3336 4780 et
3382 4742 3483 4781 au-

1926 4815 2097 4870 tumni
2153 4813 2421 4870 lructibus
2493 4813 2717 4868 similia.
2774 4811 2890 4869 Hoc
2947 4815 3128 4885 itaque
3202 4818 3483 4890 corrigens

1925 4907 2112 4963 deﬂuit
2136 4906 2400 4977 synodus,
2435 4920 2625 4960 omnes
2661 4904 2752 4959 Dei
2784 4905 3057 4963 Ecclesias
3090 4907 3289 4965 debere
3312 4927 3479 4965 unum

1924 5001 2167 5055 ordinem
2205 4998 2383 5069 sequi,
2417 5006 2471 5052 et
2505 4996 2780 5053 abstinere
2829 5013 3015 5054 omnes
3072 5000 3138 5054 ab
3187 5002 3335 5056 omni
3368 5018 3481 5057 ma-

1927 5090 2131 5149 ctabili.
2162 5090 2415 5158 quoniam
2465 5097 2520 5144 et
2564 5103 2664 5142 ova
2696 5098 2750 5143 et
2785 5089 2959 5156 casei,
3010 5091 3222 5148 etiamsi
3270 5093 3480 5149 fructus

1927 5189 2266 5251 reputentur,
2316 5180 2440 5249 quia
2494 5188 2674 5233 tamen
2716 5194 2804 5243 ea,
2858 5196 2924 5235 ex
2968 5183 3167 5251 quibus
3221 5183 3307 5239 illa
3353 5200 3479 5253 pro-

1926 5282 2233 5335 cesserunt,
2300 5272 2807 5349 non-comedirnus.
2854 5287 2923 5327 ne
2974 5274 3056 5328 eis
3099 5273 3317 5343 quidem
3347 5278 3483 5347 ipsis

1928 5365 2074 5420 vesci
2104 5379 2166 5419 ac
2192 5362 2458 5433 jejuniqu
2486 5366 2700 5419 solvere
2758 5364 3041 5421 debemus.
3096 5366 3175 5421 Ac
3226 5382 3325 5421 eos
3358 5371 3501 5437 qui-q

1926 5453 2070 5515 dem,
2102 5451 2193 5519 qui
2228 5450 2340 5503 haec
2374 5449 2592 5505 decreta
2622 5467 2729 5505 non
2762 5462 3003 5518 servant,
3038 5454 3084 5508 si
3115 5456 3225 5510 sint
3257 5440 3498 5525 quidem

1926 5546 2135 5605 clerici.
2164 5542 2364 5615 deponi
2393 5542 2549 5610 jubet
2580 5558 2780 5609 canon,
2817 5544 2984 5599 laicos
3024 5560 3156 5601 vero
3183 5550 3476 5618 segregari.

1927 5638 2003 5693 Ac
2027 5638 2202 5691 eidem
2236 5636 2452 5704 quidem
2510 5634 2732 5689 omnino
2783 5649 2956 5705 prima:
3000 5637 3366 5706 subjiciuntur
3424 5648 3480 5693 et

1927 5730 2020 5799 qui
2052 5745 2143 5797 per
2175 5742 2397 5783 caseum
2426 5733 2482 5781 et
2529 5742 2691 5781 ovum
2743 5728 3005 5795 jejunium
3058 5731 3276 5785 solvunt
3324 5733 3473 5785 omni

1930 5830 2123 5893 quarta
2155 5829 2208 5877 et
2257 5828 2407 5875 sexta
2473 5817 2629 5886 feria,
2682 5836 2776 5876 seu
2834 5821 3162 5886 l‘arasceve;
3217 5824 3471 5890 quoniam
