4240 6442
739 415 838 478 711

1985 414 2262 475 TIIEOD.
2311 415 2718 475 BALSAMON

3874 409 3989 474 ’ίιέ⁴

739 535 1000 580 statutum
1033 534 1139 591 est,
1173 534 1231 580 ut
1266 527 1451 581 lideles
1484 527 1568 580 bis
1597 526 1794 582 diebus
1825 527 2093 596 jejunent,
2129 545 2319 597 quem-
2342 540 2392 597 Α

2286 540 2518 597 ι-Ατας
2546 527 2842 598 Ινηστεύειν
2897 527 3022 588 τοὺς
3080 527 3328 590 πιστοὺς,
3379 525 3569 594 ὥσπερ
3605 521 3704 578 καὶ
3757 524 3839 585 εἰς
3891 523 3960 590 τὴ

740 617 1034 670 admodum
1062 628 1118 670 et
1149 618 1199 669 itt
1230 616 1679 684 Quadragesima.

812 708 1060 760 ZUNAR.
1103 709 1203 772 Qui
1240 709 1292 761 in
1330 710 1395 762 iis
1449 711 1766 776 regioaibus
1814 711 2108 764 Christiani
2143 710 2307 777 dego-

740 800 892 860 bant,
934 817 1058 853 cum
1090 814 1380 868 canonem,
1411 811 1468 853 ut
1501 802 1857 864 arbitramur,
1903 817 2011 870 quo
2041 796 2306 869 jejttnium

743 892 999 944 Sabbatis
1033 906 1095 944 ac
1136 891 1434 945 Dominicis
1485 893 1932 960 Quadragesima:
1964 892 2306 960 prohibetur,

741 984 1098 1050 reperissent,
1131 983 1249 1034 ovis
1284 998 1405 1036 sese
1455 998 1550 1052 per
1577 997 1669 1035 eos
1706 984 1822 1037 dies
1873 991 1925 1036 et
1956 997 2117 1036 caseo
2166 982 2311 1051 sagi-

742 1077 964 1129 naltant.
1022 1072 1080 1125 id
1113 1087 1242 1140 ergo
1269 1088 1392 1125 cum
1450 1075 1739 1126 emendare
1789 1073 2030 1143 synodus
2064 1083 2306 1140 cuperet,

741 1167 808 1217 ab
846 1165 912 1218 iis
968 1181 1187 1235 quoque
1242 1167 1379 1218 cibis
1430 1165 1812 1220 abstinendum
1865 1181 1987 1220 esse
2040 1167 2306 1218 decernit.

741 1257 1210 1322 Quemadmodum
1243 1260 1411 1320 enim,
1443 1259 1638 1329 inquit,
1673 1260 1819 1312 omni
1852 1259 2155 1319 mactabili,
2189 1258 2308 1310 ani-

742 1343 1021 1404 mantibus
1056 1352 1332 1416 videlicet,
1365 1366 1484 1419 quae
1513 1351 1736 1405 mactari
1767 1351 2079 1420 jugularive
2108 1350 2303 1412 solent,

738 1459 1082 1512 nequaquam
1135 1445 1428 1506 vescimur,
1482 1444 1550 1496 ita
1601 1450 1653 1496 et
1690 1457 1811 1512 qua?
1837 1459 1903 1496 ex
1949 1443 2139 1497 iisdem
2191 1444 2308 1496 ani-

744 1534 1019 1588 mantibus
1049 1535 1348 1603 gignuntur
1380 1535 1644 1602 attingere
1679 1549 1786 1588 non
1820 1542 2056 1607 Oportet.
2113 1532 2178 1586 Et
2209 1549 2305 1588 eos

739 1626 834 1692 qui
889 1627 1000 1678 haec
1037 1626 1251 1678 decreta
1300 1640 1408 1678 non
1463 1626 1780 1686 observant,
1816 1625 2046 1678 clericos
2082 1624 2302 1694 deponi,

740 1715 909 1769 laicos
947 1732 1076 1768 vero
1129 1717 1505 1785 segregatione
1537 1715 1717 1784 puniri
1742 1716 1929 1783 jubet;

738 1809 964 1865 ARIST.
1007 1829 1023 1861 ι
1056 1809 1296 1864 Armenii
1352 1823 1452 1862 ova
1487 1819 1540 1862 et
1589 1823 1809 1862 caseum
1865 1805 2304 1875 Quadragcsima‘.

2418 618 3013 688 Τεσσαρακονθήμερον
3035 618 3310 689 ιηστείαν.

2477 713 2722 765 ΖΩΝΛΡ.
2774 711 2838 763 Ol
2874 713 2930 764 ἐν
2963 711 3094 774 ταῖς
3115 709 3320 780 χώραις
3362 708 3602 769 ἐκείναις
3636 706 3984 778 Χριστιανοὶ,

2411 803 2684 872 εὑρόντες,
2721 801 2796 863 ὼς
2822 801 2989 862 ἔοικε,
3014 801 3106 853 τὸν
3134 801 3333 853 κανόνα
3358 803 3449 853 τὸν
3491 802 3724 867 λέγοντα
3757 798 3834 868 μὴ
3871 797 3987 850 δεῖν

2409 893 2467 944 ἐν
2495 893 2606 954 τοῖς
2643 892 2943 953 Σαϐϐἁτοις
2976 893 3070 945 καὶ⁵
3096 893 3218 954 ταῖς
3272 894 3580 962 Κυριακαϊς
3625 892 3721 960 τῆς
3775 892 3991 944 Τεσσα-

2412 984 2680 1050 ρακοστῆς
2707 980 3010 1050 νηστεύειν,
3040 979 3124 1034 tbi
3148 981 3244 1034 καὶ
3276 981 3438 1050 τυρὸν
3461 976 3518 1030 ἐν
3539 981 3732 1040 αὑταῖς
3772 978 3986 1048 ἤσθιον.

2388 1065 2582 1126 ’Τοῦτο
2614 1073 2705 1124 οὖν
2747 1073 3105 1143 διορθουμένη
3170 1073 3205 1141 ή
3265 1072 3483 1136 σύνοδος
3523 1072 3865 1142 ἀπαγορεύει
3928 1070 3988 1122 τὸ

2408 1165 2583 1217 ταῦτα
2617 1163 2838 1228 ἐσθίειν,
2880 1165 3115 1230 λέγουσα
3149 1167 3250 1228 ὅτι,
3275 1164 3464 1234 ὥσπερ
3494 1163 3814 1232 ἀπεχόμεθα
3845 1179 3986 1214 παν-

2407 1257 2556 1308 τοίου
2590 1255 2773 1317 θυτσῦ,
2821 1257 2976 1321 ζώων
3001 1258 3202 1328 δηλαδὴ
3228 1259 3511 1328 θυομένων
3551 1259 3673 1326 ἦτοι
3711 1253 3990 1324 σφαζομέ-

2411 1365 2536 1412 νων,
2573 1347 2830 1402 οὕτωκαὶ
2867 1349 2976 1402 τῶν
3011 1349 3071 1412 ἐξ
3117 1351 3298 1402 αὐτῶν
3347 1350 3648 1418 γινομένων
3686 1341 3988 1415 ἀπέχεσθαι

2406 1439 2505 1501 δεῖ,
2535 1439 2632 1494 καὶ
2669 1442 2795 1504 τοὺς
2827 1442 2902 1511 μὴ
2925 1443 2994 1495 τὰ
3023 1442 3425 1512 διατεταγμένα
3465 1441 3642 1494 ταῦτα
3691 1439 3991 1507 φυλαττον-

2405 1548 2505 1593 τας
2533 1530 2828 1601 κληρικοὺς
2860 1531 3239 1603 καθαιρεῖσθαι
3267 1531 3482 1586 κελεύει
3500 1549 3513 1563 ·
3535 1535 3659 1596 τοὺς
3686 1533 3740 1585 δὲ
3767 1529 3990 1589 λαῖκοίις

2407 1622 2785 1693 ἀφορίζεσθαι.

2413 1801 2634 1854 ΔΡΙΣΤ.
2690 1822 2706 1852 ι
2746 1805 2807 1855 0i
2855 1804 3126 1874 Ἀρμένιοι
3152 1803 3236 1858 ὠὰ
3266 1805 3356 1858 καὶ
3385 1805 3556 1873 τυρὸν
3583 1807 3695 1864 τοῖς
3718 1805 3816 1874 τῆς
3847 1807 3988 1859 Τεσ-

816 1921 833 1953 ι
865 1903 1120 1956 Sabbatis
1143 1901 1451 1956 comedunt.
1476 1900 1705 1953 Cautum
1736 1909 1819 1954 est
1843 1900 2029 1968 igitur,
2055 1907 2113 1950 ut
2158 1906 2304 1950 totus
2342 1887 2384 1945 Β

2342 1887 2384 1945 Β
2491 1909 2509 1942 ι
2557 1895 2903 1964 σαρακοστῆς
2937 1895 3175 1948 ἐσθίουσι
3210 1896 3482 1950 Σαϐϐασιν
3505 1913 3521 1929 ο
3553 1896 3789 1965 ὥρισται
3807 1897 3989 1948 τοίνυν

788 2009 834 2052 ¹ι
869 2000 1138 2044 terrarum
1172 1991 1323 2044 orbis
1368 1991 1434 2043 ab
1476 1989 1598 2044 istis
1649 1989 1814 2042 etiam
1874 1987 2189 2042 abstineat':
2221 1987 2304 2040 sin

813 2102 832 2134 ι
865 2082 1066 2150 minus,
1105 2082 1401 2154 segregari.
1433 2101 1450 2131 ›

1297 2171 1523 2229 CASON
1583 2170 1741 2226 LVII.

746 2283 765 2315 ι
797 2261 952 2328 Quod
984 2260 1049 2316 ad
1083 2262 1253 2316 altare
1284 2263 1387 2316 tnel
1420 2270 1472 2314 ct
1526 2262 1608 2313 lac
1637 2261 1834 2314 olicrre
1868 2275 1974 2313 non
2009 2270 2244 2328 oportet.
2281 2278 2300 2312 ι

809 2440 1003 2495 BALS.
1065 2439 1139 2494 De
1197 2456 1260 2494 eo
1295 2440 1411 2494 fuse
1446 2440 1768 2508 scripsimus
1800 2439 1852 2492 in
1885 2439 1916 2489 5
1947 2453 2152 2490 canone
2183 2452 2308 2489 san-

737 2545 951 2587 ctorum
980 2534 1374 2601 apostolorum,
1396 2547 1495 2584 nec
1521 2547 1582 2583 ea
1609 2541 1738 2585 sunt
1763 2545 1956 2585 rursus
1986 2530 2301 2599 repetenda.

736 2627 929 2690 Quaere
961 2635 1015 2678 et
1042 2622 1110 2676 28
1145 2638 1271 2677 can.
1310 2623 1591 2693 praesentis
1621 2623 1839 2693 synodi.

807 2801 1061 2858 ZONAR.
1101 2802 1215 2856 Hoc
1255 2802 1413 2857 tertio
1468 2817 1687 2873 quoque
1739 2808 2053 2856 sanctorum
2089 2808 2306 2869 aposto-

736 2898 914 2951 lorum
946 2912 1068 2950 can.
1107 2897 1334 2950 vetitum
1362 2903 1466 2960 est,
1499 2894 1551 2947 in
1583 2910 1694 2963 quo
1730 2909 1853 2947 cum
1887 2892 2043 2946 melle
2075 2907 2141 2945 ac
2166 2894 2304 2946 lacte

739 2990 901 3060 hujus
954 2989 1167 3059 generis
1216 2989 1322 3042 alia
1388 2987 1631 3058 quasdam
1697 2992 1960 3057 praeterea
2004 2997 2303 3039 recensen-

738 3093 848 3134 llll'.

736 3173 958 3228 ARIST.
979 3192 998 3225 ι
1027 3172 1104 3226 Ad
1136 3174 1306 3227 altare
1331 3172 1436 3227 mel
1465 3180 1521 3226 et
1546 3171 1629 3226 lac
1658 3170 1845 3227 oﬂ‘erri
1875 3187 1983 3226 non
2017 3176 2252 3243 oportet.
2273 3186 2295 3223 ι

809 3265 1145 3334 Ρεηρὶειιιη.

1177 3353 1337 3424 225
1393 3350 1620 3408 CANON
1678 3352 1850 3408 Lvut.

741 3471 762 3503 ι
797 3449 965 3505 Nemo
994 3467 1186 3504 eorum
1216 3451 1309 3518 qui
1348 3459 1478 3503 sunt
1513 3451 1566 3502 in
1603 3447 1797 3502 ordine
1825 3449 2089 3503 laicorum
2119 3450 2302 3505 divina

813 3561 829 3589 ε
865 3542 970 3592 sibi
1008 3539 1264 3602 mysteria
1299 3536 1600 3604 impertiat,
1634 3548 1900 3605 praesente
1927 3539 2189 3607 episc0po
2217 3541 2302 3593 vel

811 3652 821 3670 ι
863 3631 1182 3700 presbytero
1223 3628 1303 3680 vel
1356 3628 1628 3681 diacono.-
1663 3627 1766 3692 Qui
1795 3635 1978 3681 autem
2025 3629 2135 3682 tale
2169 3629 2300 3698 quid

811 3741 829 3771 ι
865 3736 1032 3775 ausus
1075 3720 1257 3785 fuerit,
1284 3726 1344 3772 ut
1375 3728 1570 3788 praeter
1596 3734 1660 3774 ea
1690 3734 1811 3789 qua
1843 3728 1974 3775 sunt
2003 3722 2302 3774 constituta

814 3833 832 3864 ι
862 3814 1088 3875 faciens,
1124 3826 1231 3865 una
1266 3811 1567 3880 septimana
1595 3819 1936 3879 segregetur,
1985 3824 2053 3865 ex
2083 3826 2149 3866 eo
2175 3812 2303 3866 edo-

814 3925 832 3958 ι
857 3919 998 3970 ctus,
1033 3921 1142 3960 non
1187 3903 1422 3974 amplius
1467 3917 1661 3973 sapere
1693 3918 1855 3974 quam
1902 3917 2094 3974 sapere
2127 3917 2302 3973 opor-

813 4007 1008 4052 ιῑεῐ.»
1760 4060 1764 4062 γ

810 4088 999 4142 BALS.
1041 4088 1147 4142 Alii
1196 4087 1416 4159 quidem
1465 4087 1670 4144 diversi
1718 4102 1957 4143 canones
2005 4089 2299 4157 prohibue-

743 4191 888 4243 runt,
921 4197 986 4234 ne
1024 4195 1052 4234 a
1085 4181 1239 4235 laicis
1270 4190 1456 4237 sancta
1482 4177 1744 4252 mysteria
1797 4190 2188 4246 tractarentur,
2243 4192 2299 4238 et

741 4289 804 4327 ea
836 4275 960 4327 aliis
988 4274 1073 4327 vel
1103 4273 1206 4328 sibi
1240 4275 1579 4344 impertirent
1611 4288 1625 4327 :
1659 4276 1921 4343 quoniam
1951 4275 2221 4345 episcopis
2246 4283 2300 4329 et

745 4367 1073 4439 presbyteris
1124 4375 1178 4420 et
1229 4366 1474 4420 diaconis
1538 4367 1660 4421 talis
1714 4367 1840 4421 data
1901 4379 1983 4422 est
2039 4368 2298 4439 dignitas.

747 4457 991 4511 Praesens
1019 4463 1198 4509 autem
1234 4469 1407 4508 canon
1437 4456 1622 4509 eadem
1655 4471 1780 4510 cum
1807 4456 1915 4509 illis
1950 4459 2296 4526 praecipiens,

2487 1999 2505 2033 ι
2550 1985 2732 2036 πᾶσαν
2762 1986 2859 2053 τὴν
2887 1989 3211 2058 οἰκουμένην
3244 1989 3336 2040 καὶ
3384 1989 3591 2042 τούτων
3639 1987 3951 2058 ἀπέχεσθαι
3973 2004 3985 2017 ·

2486 2092 2506 2126 ι
2547 2077 2596 2127 εί
2624 2075 2678 2126 δὲ
2715 2077 2811 2147 μὴ,
2842 2079 3220 2149 ἀφορίζεσθαι.
3251 2099 3268 2131 ι
3376 2076 3381 2080 ’

2995 2171 3229 2223 ΚΑΝΩΝ
3256 2171 3375 2224 NZ‘.
3419 2231 3424 2236 _

2416 2274 2433 2306 ι
2474 2256 2690 2310 Ὀτιού
2740 2260 2844 2332 χρὴ
2877 2261 3026 2324 ἐντὸς
3073 2262 3465 2333 θυσιαστηρίοῡ
3524 2263 3648 2334 μέλι
3698 2264 3794 2318 καὶ
3839 2263 3988 2332 γάλα

2949 2372 2967 2404 ι
3006 2354 3364 2423 προσφέρειν.
3409 2372 3428 2405 ι

2482 2441 2678 2497 ΒΑΛΣ.
2716 2443 2849 2510 Περὶ
2879 2445 3068 2497 τούτου
3097 2445 3340 2509 πλατέως
3377 2447 3693 2516 ἐγράψαμεν
3726 2448 3784 2500 ἐν
3820 2449 3902 2517 τῷ
3939 2446 3992 2517 γ’

2407 2533 2590 2584 κανόνι
2623 2533 2731 2585 τῶν
2765 2537 2933 2600 ἁγίων
2967 2538 3299 2599 ἀποστόλων,
3333 2540 3426 2590 καὶ
3455 2541 3512 2590 οὐ
3565 2543 3668 2608 χρὴ
3705 2529 3831 2610 περὶ
3875 2543 3994 2593 τῶν

2405 2624 2586 2677 αὐτῶν
2633 2626 2998 2696 παλιλλογεῖν.
3047 2631 3206 2699 Ζήτει
3261 2635 3350 2683 καί
3400 2629 3492 2683 τὸν
3531 2629 3614 2700 κη’
3651 2632 3843 2685 κανόνα
3889 2636 3994 2702 τῆς

2407 2719 2688 2788 παρούσης
2741 2721 2983 2774 συνόδου.

2478 2807 2719 2863 ΖΩΝΑΡ.
2751 2811 2921 2863 Τοῦτο
2974 2813 3066 2866 καὶ
3099 2813 3128 2865 ὁ
3181 2815 3366 2884 τρίτςς
3416 2815 3595 2868 κανὼν
3643 2818 3746 2870 τῶν
3807 2818 3993 2884 ἁγίων

2406 2899 2716 2954 ἀποστόλων
2751 2903 3050 2962 κεκώλυκε.
3086 2905 3163 2974 τῷ
3198 2908 3376 2972 μέλιτι
3408 2911 3501 2960 καὶ
3528 2910 3602 2977 τῴ
3625 2909 3856 2987 γάλακτι
3892 2913 3995 2964 καὶ

2405 2992 2568 3063 ἕτερα
2599 2993 2712 3063 εἴδη
2747 2995 3396 3065 συναπαριθμησάμενος.

2403 3163 2626 3218 ΔΡΙΣΤ.
2685 3184 2704 3218 ι
2749 3167 2835 3218 Ἐν
2880 3167 2958 3237 τῷ
3019 3167 3391 3239 θυσιαστηρίῳ
3441 3169 3500 3222 οὐ
3564 3169 3667 3241 χρὴ
3720 3170 3844 3240 μέλι
3891 3171 3992 3223 καὶ

2482 3277 2502 3310 ι
2532 3259 2672 3326 γάλα
2690 3260 3115 3330 προσφέρεσθαι.
3158 3279 3176 3311 ι
3217 3262 3445 3330 Sag-avie.

2984 3355 3022 3405 Κ
3035 3353 3219 3406 ΑΝΩΝ
3244 3353 3380 3408 ΝΗ’.

2409 3459 2429 3494 ι
2473 3443 2682 3514 Μηδεὶς
2726 3445 2839 3497 τῶν
2881 3446 2937 3499 ἐν
2997 3445 3200 3507 λαῖκοῖς
3245 3449 3593 3516 τεταγμένων
3643 3448 3819 3518 ἐαυτῷ
3874 3449 3992 3502 τῶν

2486 3554 2503 3587 ι
2545 3535 2704 3589 θείων
2728 3537 3044 3607 μυστηρίων
3073 3537 3425 3606 μεταδιδότω,
3462 3540 3726 3606 παρόντος
3753 3543 3989 3594 ἐπισκό-

2479 3646 2498 3680 t
2542 3646 2647 3682 που
2676 3630 2708 3698 ἢ
2735 3631 3106 3701 πρεσϐυτέρου
3137 3632 3169 3702 ἢ
3197 3631 3472 3685 διακόνου.
3501 3634 3559 3684 ὐ
3583 3632 3635 3684 δέ
3660 3649 3709 3685 τι
3738 3635 3990 3688 τοιοῧτον

2473 3737 2518 3772 r-.
2533 3721 2766 3791 τολμῶν,
2796 3722 2870 3784 ὡς
2897 3723 3048 3791 παρὰ
3085 3724 3153 3774 τὰ
3201 3723 3602 3792 διατεταγμένα
3649 3713 3858 3784 ποιῶν,’
3891 3727 3987 3776 ἐπὶ

2485 3831 2504 3864 ι
2541 3813 2811 3884 ἑϐδομάδα
2849 3816 2980 3884 μίαν
3010 3815 3380 3886 ἀφοριζέσθω,
3408 3814 3659 3868 ἐντεῦθεν
3692 3818 3984 3884 παιδαγωο

2481 3923 2501 3958 ι
2535 3906 2801 3975 γούμενος
2829 3904 2904 3977 μὴ
2934 3909 3154 3976 φρονεῖν
3189 3907 3321 3978 παρ’
3351 3907 3380 3959 ὃ
3413 3906 3497 3960 δεῖ
3527 3911 3769 3990 φρονεῖν.
3810 3929 3829 3962 ι

2472 4085 2669 4138 ΒΔΛΣ.
2730 4083 2916 4137 Ι’Δλλοι
2969 4082 3070 4152 μὲν
3107 4084 3332 4147 κανόνες
3387 4084 3638 4154 διάφοροι
3691 4086 3985 4142 ἐκώλυσαν

2400 4175 2551 4246 παρὰ
2585 4173 2791 4228 Ααῖκῶν
2834 4175 2905 4228 τὰ
2953 4175 3086 4243 ἅγια
3140 4178 3418 4246 μυστήρια
3473 4177 3981 4246 μεταχειρίζεσθαι,

2401 4267 2496 4320 καὶ
2549 4266 2581 4337 ἢ
2624 4266 2833 4338 ἑτέροις
2869 4267 3209 4336 μεταδιδόναι
3255 4268 3457 4332 αὐτῶν,
3507 4269 3784 4340 ἢέαντοῖς
3812 4285 3830 4302 ο
3899 4273 3983 4324 ὅτι

2401 4361 2721 4421 ἐπισκόποις
2773 4361 2868 4412 καὶ
2927 4359 3132 4430 ἱερεῦσι
3177 4362 3272 4413 καὶ
3316 4349 3586 4424 διακόνοις
3638 4362 3699 4414 τὸ
3729 4362 3984 4416 τοιοῦτον

2399 4448 2744 4520 ἀπεχαρίσθη
2777 4450 3011 4521 ἀξίωμα.
3052 4450 3110 4504 '0
3141 4452 3196 4504 δέ
3233 4451 3424 4522 παρὼν
3474 4452 3657 4505 κανὼν
3700 4454 3770 4506 τὰ
3835 4455 3985 4508 αὐτὰ

745 4559 798 4603 et
825 4549 987 4602 unius
1013 4562 1229 4617 quoque
1256 4546 1571 4615 septimanae
1599 4548 1965 4616 segregatioui
2011 4563 2134 4602 eum
2167 4552 2302 4604 sub-
2332 4574 2375 4628 ι)
2404 4546 2419 4596 ἐ

2332 4574 2375 4628 D
2404 4543 2631 4606 ἐκείνοις
2665 4543 3202 4614 παρακελευόμενος,
3265 4546 3360 4598 καὶ
3399 4544 3693 4616 ἀφορισμῷ
3740 4545 3983 4599 arabum

740 4642 958 4711 jiciens,
991 4641 1083 4709 qui
1122 4652 1312 4707 praeter
1351 4654 1412 4693 ea
1439 4653 1559 4709 qua:
1591 4648 1720 4692 sunt
1777 4648 2015 4704 statuta,
2051 4642 2101 4695 id
2133 4642 2296 4696 etiam

742 4731 955 4801 adjicit,
984 4731 1127 4800 quod
1158 4733 1269 4785 haec
1307 4740 1437 4785 tunc
1471 4732 1642 4786 laicus
1693 4746 1802 4784 non
1836 4731 2059 4787 audebit
2095 4733 2297 4799 facere,

741 4826 967 4894 quando
993 4827 1144 4878 adest
1189 4826 1502 4895 episcopus,
1540 4826 1828 4896 presbyter
1881 4827 1965 4880 vel
2014 4828 2297 4896 diaconus,

739 4918 837 4986 qui
872 4932 1024 4972 sacra
1077 4926 1306 4971 tractare
1357 4927 1552 4986 potest.
1601 4917 1798 4972 Dicunt
1843 4918 2005 4987 igitur
2057 4921 2298 4989 quidam,

748 5019 958 5078 sumpta
991 5025 1019 5062 a
1051 5012 1326 5062 contrario
1356 5010 1731 5072 distinctione,
1763 5009 1908 5078 quod
1941 5014 2160 5081 quando
2192 5003 2299 5069 non

747 5103 895 5156 adest
925 5116 1110 5155 eorum
1147 5103 1346 5171 aliquis
1382 5113 1601 5171 propter
1646 5103 1883 5156 oblatam
1917 5105 2019 5159 sibi
2056 5107 2298 5162 necessi-

749 5199 935 5255 tatem,
973 5190 1074 5243 sibi
1111 5192 1233 5259 quis
1286 5201 1433 5245 recte
1480 5191 1660 5245 divina
1715 5203 2052 5248 sacramenta
2106 5197 2304 5266 imper-

751 5283 863 5338 tiet.
903 5282 1032 5337 Mihi
1066 5293 1246 5338 autem
1285 5299 1393 5338 non
1429 5286 1682 5340 videtur:
1735 5299 1792 5342 ut
1817 5290 1962 5340 enim
2015 5290 2120 5340 tale
2169 5290 2300 5356 quid

749 5377 1005 5438 audeant,
1036 5392 1102 5430 ex
1138 5377 1590 5447 interpretatione
1630 5393 1684 5434 et
1711 5395 1739 5434 e
1772 5382 2045 5433 contrario
2091 5394 2302 5451 sumpta

749 5467 1124 5532 distinctione,
1163 5485 1269 5523 non
1304 5472 1651 5525 concedetur.
1693 5471 1867 5524 Latini
1897 5481 2074 5526 autem
2111 5488 2298 5544 azyma

750 5561 970 5615 assidue
1003 5561 1057 5614 in
1094 5562 1213 5616 sinu
1244 5561 1499 5625 ferentes,
1532 5563 1743 5617 etiamsi
1777 5563 1888 5616 sint
1919 5562 2062 5626 laici,
2096 5578 2156 5617 ea
2195 5580 2300 5618 non

747 5651 924 5703 solum
956 5651 1061 5706 sibi
1112 5661 1173 5707 ut
1224 5663 1563 5708 sacramenta
1608 5654 1948 5724 impertiutrt,
2001 5654 2096 5708 sed
2141 5655 2300 5710 etiam

817 5833 1070 5896 ZONAR.
1131 5837 1329 5896 Sancta
1364 5851 1616 5908 tractare,
1654 5853 1828 5911 caque
1858 5838 2068 5895 caeteris
2101 5840 2298 5920 imper-

2403 4634 2612 4688 ϐάλλων
2643 4636 2738 4688 ἐπὶ
2766 4636 3038 4706 ἑϐδομάδα
3068 4638 3196 4708 μίαν
3221 4637 3311 4690 τὸν
3357 4636 3510 4708 παρά
3550 4637 3619 4690 τὰ
3683 4639 3983 4708 διατεταγ-

2403 4727 2540 4797 μένα
2575 4726 2856 4791 ποιοῦντα,
2914 4729 3272 4800 προστίθησιν
3290 4728 3366 4791 ὡς
3401 4727 3738 4781 τότεταῖπα
3795 4733 3823 4782 ὁ
3862 4731 3984 4784 λαῖ-

2401 4821 2495 4884 ab;
2519 4824 2578 4874 οὺ
2603 4821 2862 4891 τολμήσει
2890 4823 3133 4891 ποιῆσαι,
3183 4823 3274 4874 ὅτε
3307 4821 3571 4890 πάρεστιν
3607 4823 3921 4886 ἐπίσκοπος
3949 4825 3982 4893 ἢ

2398 4901 2768 4985 πρεσϐύτερος
2803 4913 2835 4984 ἦ
2867 4913 3134 4975 διάκονος,
3163 4912 3462 4981 δυνάμενρς
3491 4915 3986 4983 μεταῃιρισθῆναι

2398 5008 2466 5060 τά
2525 5007 2675 5073 ἇγια.
2724 5007 2956 5074 Λέγουσι
3000 5004 3130 5073 γοῦν
3161 5019 3307 5067 τινες
3351 5005 3412 5068 ἐξ
3443 5003 3858 5074 ἀντιδιαστολῆς
3884 5007 3986 5072 ὡς,

2399 5100 2527 5154 ὅταν
2562 5100 2790 5171 πάρεστί
2816 5117 2898 5162 τις
2936 5093 2995 5164 ἐξ
3038 5097 3238 5164 αὐτῶν,
3289 5096 3378 5150 διὰ
3424 5095 3840 5166 προσκειμένην
3898 5099 3990 5149 ἀν-

2400 5192 2576 5264 άγκην
2637 5193 2816 5256 καλῶς
2869 5192 3171 5262 μεταδώσει
3243 5207 3329 5253 τις
3395 5190 3579 5260 ἐαυτῷ
3635 5189 3750 5241 τῶν
3817 5191 3988 5246 θείων

2400 5288 2755 5356 ἀγιασμὰτων
2789 5305 2803 5319 ο
2833 5287 2958 5354 ἐμοὶ
2981 5287 3037 5339 δὲ
3063 5287 3122 5338 ού
3153 5285 3320 5340 δοκεῖ.
3383 5281 3638 5336 Τοιοῦτον
3689 5283 3807 5353 γὰρ
3864 5285 3994 5337 τολ-

2406 5381 2640 5450 μηθῆνλι
2667 5380 2772 5440 ἀπὸ
2807 5379 3105 5449 ἑρμηνείας
3129 5377 3233 5430 καὶ
3257 5374 3677 5443 ἀντιδῑαστολῆς
3711 5373 3822 5449 οὐκ
3895 5378 3991 5429 ht-

2403 5471 2808 5542 χωρηθήσεται.
2848 5470 2912 5521 0i
2961 5470 3145 5538 μέντοι
3206 5469 3422 5521 Λατῖνοι
3470 5464 3661 5535 ἄζυμα
3707 5465 3992 5536 διηνεκῶς

2402 5563 2666 5631 ἐγκόλπια
2719 5564 2974 5632 φέροντες
3001 5562 3097 5616 καὶ
3126 5561 3309 5615 λαῖκοὶ
3345 5562 3522 5627 δντες,
3553 5561 3615 5614 οὐ
3654 5564 3824 5630 μόνον
3857 5568 3990 5617 ἐαυ-

2401 5657 2512 5718 τοῖς
2545 5654 2748 5708 τούτων
2779 5655 3157 5726 μεταδιδόασιν
3187 5656 3262 5720 ὼς
3287 5650 3666 5726 ἁγιασμάτων,
3695 5654 3842 5710 ἀλλά
3896 5659 3993 5710 καὶ

2404 5748 2634 5817 ἑτέροις.

2411 5873 2419 5878 -
2479 5841 2725 5897 ΖΩΝΑΡ.
2766 5841 2840 5896 Τὸ
2872 5842 3351 5914 μεταχειρίζεσθαι
3371 5842 3438 5898 τὰ
3462 5842 3621 5913 ἅγια,
3645 5840 3745 5897 καὶ
3772 5841 3989 5914 ἐτέρας
