4240 6442
760 329 871 396 ’Πὸ

2038 331 2137 389 ΤΙΙ
2150 330 2293 386 ΕΟΙ)
2354 331 2581 387 μηδι
2594 330 2660 384 λιι
2682 328 2747 384 lX

3900 340 4004 401 715

765 442 1154 505 interdictum;
1194 442 1399 510 quique
1430 442 1483 495 id
1514 458 1682 496 ausus
1712 442 1896 505 fuerit,
1932 441 2205 494 initiatum
2239 441 2331 492 de-
2362 446 2401 498 Α
2432 442 2439 485 l

2325 469 2331 477 -
2362 446 2401 498 Α
2432 440 2567 505 ὄντι,
2600 442 2692 491 καὶ
2722 442 2811 493 τὸν
2839 440 2995 493 τοῦτο
3017 444 3363 513 τολμήσαντα
3396 447 3692 519 ἱερωμένον
3720 450 3825 504 καθ
3874 458 3999 521 apd.

758 536 911 605 poni,
944 534 1115 587 laicos
1145 548 1274 585 vero
1302 535 1674 604 segregatione
1729 532 1901 586 teneri
1939 533 2140 601 placet.
2179 530 2329 582 Duo-

760 625 1004 679 decimus
1041 639 1166 678 νει-ο
1193 638 1368 677 canon
1408 626 1594 692 prima!
1642 635 1696 677 et
1731 623 1989 677 secunda:
2039 623 2091 674 in
2127 621 2330 689 templo

762 712 1090 766 Sanctorum
1146 712 1530 781 Apostolorum
1584 712 1786 766 habitae
1830 710 2046 783 synodi,
2080 726 2137 764 Ia
2184 712 2329 762 clero

752 798 1054 873 sepositos,
1105 806 1205 858 hoc
1249 814 1352 867 est,
1400 806 1643 875 episcopi
1702 807 2026 859 auctoritate
2071 818 2137 855 ex
2178 804 2327 855 omni

760 900 911 951 clero
938 897 1037 950 loci
1075 897 1242 959 illius,
1276 896 1366 965 qui
1401 897 1452 948 in
1504 897 1718 965 privata
1773 899 1886 951 {ede
1940 909 2094 950 sacra
2130 893 2326 947 facturi

762 998 913 1055 sunt,
942 994 1101 1058 eique
1134 988 1344 1040 numeri
1382 990 1680 1057 separatim
1714 988 1959 1042 addictos
1992 1005 2113 1044 esse
2168 1004 2330 1057 Opor-

762 1095 879 1137 tcre
934 1083 1199 1137 decernit.
1242 1081 1376 1134 Illud
1409 1096 1542 1150 ergo
1597 1098 1661 1133 ex
1702 1090 1936 1149 utroque
1973 1083 2075 1135 hoc
2120 1095 2330 1133 canone

762 1175 1014 1235 eme-itur,
1048 1184 1105 1227 ut
1134 1174 1186 1226 in
1226 1174 1316 1225 tali
1343 1173 1587 1226 oratorio
1622 1187 1776 1226 saera
1814 1188 2094 1240 peragere,
2155 1173 2331 1240 bapti-

760 1284 1050 1337 s:numquc
1098 1268 1433 1330 ministrare,
1505 1280 1604 1319 nec
1651 1267 1874 1319 omnino
1930 1267 2180 1328 vetitum,
2233 1279 2329 1316 nec

760 1362 1015 1414 omnibus
1068 1360 1395 1428 permissum
1442 1373 1566 1412 esse
1618 1358 2027 1424 intelligamus:
2104 1358 2196 1412 sed
2235 1357 2326 1424 qui

759 1452 1030 1519 ejusmodi
1064 1466 1217 1505 sacra
1270 1450 1571 1501 ministeria
1609 1450 1859 1517 privatim
1913 1448 2116 1501 obituri
2178 1458 2325 1507 sunt.

760 1559 856 1597 eos
890 1542 1152 1603 delet-tos,
1189 1552 1241 1593 et
1271 1542 1407 1594 bene
1438 1540 1685 1609 cognitos
1734 1554 1853 1592 esse.
1902 1540 2091 1591 Patres
2142 1541 2331 1591 volue-

761 1645 882 1688 runt
912 1674 923 1695 ,
960 1648 1058 1686 nec
1090 1634 1255 1685 alium
1290 1644 1551 1701 prieterea
1602 1630 1669 1682 ad
1702 1630 1789 1683 illa
1846 1645 2175 1699 quemquam
2229 1630 2329 1681 ad-

760 1728 921 1787 mitti,
957 1744 1055 1779 nec
1086 1726 1353 1791 eujusque
1401 1722 1710 1778 sacerdotis
1766 1722 2029 1774 voluntati
2067 1721 2168 1773 hoc
2198 1736 2328 1773 con-

2434 532 2651 592 λαῖλοῦς
2698 533 2755 584 δὲ
2807 535 3075 603 ἀφορίζει.
3146 536 3207 587 ὐ
3260 537 3316 589 δὲ
3351 538 3653 600 δωδέκατος
3704 542 3885 595 κανὼν
3906 545 4004 608 τῆς

2435 624 2651 693 πρώτης
2704 626 2794 676 καὶ
2824 626 3081 695 δευτέρας
3114 628 3331 681 συνόδου
3363 630 3462 699 τῆς
3500 633 3560 683 ἐν
3584 632 3665 701 τῷ
3723 635 3841 705 ναῷ
3894 634 4005 686 τῶν

2445 713 2642 780 ’Λγίων
2696 716 3034 769 Ἀποστόλων
3100 721 3374 789 συστάσης
3436 724 4008 795 ἀποκεκληρωμένους

2434 803 2571 855 εἶναι
2601 805 2848 873 βούλεται
2871 810 2993 868 τοὺς
3017 809 3072 859 ὲν
3096 810 3369 880 εύκτηρὶῳ
3392 812 3843 884 λειτουργοῦντας
3860 816 4011 867 ἔνδον

2431 893 2610 954 οἰκίας
2640 894 2776 954 ὄντι,
2806 897 2927 948 ἀντὶ
2959 897 3051 948 τοῦ
3099 897 3442 967 ὡρισμένους
3509 905 4005 973 ἐκκεχωρημένους

2434 987 2582 1063 παρὰ
2616 984 2709 1037 τοῦ
2746 987 2883 1038 κατα
2914 987 3077 1038 τόπον
3104 990 3427 1042 ἐπισκόπου.
3467 990 3641 1044 Τοῦτο
3675 990 3768 1046 οὖν
3802 996 3863 1060 ἐξ
3896 998 4011 1063 ἀμ-

2433 1078 2554 1143 φοῖν
2579 1076 2688 1127 τῶν
2716 1078 2957 1128 κανόνων
2985 1080 3190 1131 τούτων
3224 1083 3726 1151 καταλαμϐάνεται,
3761 1087 3847 1137 ὅτι
3881 1087 4008 1139 οὔτε

2433 1168 2611 1237 πάντη
2648 1170 3038 1221 κεκώλυταιτὸ
3074 1171 3381 1239 ἱερουργεῖν
3449 1177 3508 1225 ἐν
3558 1177 3840 1247 εὐκτηρίῳ
3891 1196 4006 1229 τοι-

2431 1258 2571 1323 ούτῳ
2604 1262 2697 1310 καὶ
2731 1262 3037 1327 βαπτίζειν,
3076 1261 3200 1314 οὕτε
3239 1265 3401 1315 παντὶ
3427 1268 3822 1337 ἐπετέτραπτο,
3872 1271 4008 1322 ἀλλὰ

2430 1350 2769 1417 ὡρισμένους
2807 1357 2899 1403 καὶ
2922 1354 3298 1421 ἐγνωσμένους
3333 1356 3524 1425 ἤθελον
3557 1360 3605 1409 οί
3640 1360 3891 1426 Πατέρες
3917 1356 4000 1411 εἷ-

2431 1458 2519 1491 ναι
2548 1441 2673 1501 τοὺς
2700 1443 2989 1509 μέλλοντας
3046 1446 3106 1495 ἐν
3168 1447 3477 1516 εύκτηρίοις
3527 1450 3853 1518 ἱερουργεῖν,
3913 1452 4008 1501 καὶ

2431 1529 2561 1598 παρ’
2591 1533 2831 1593 ἐκείνους
2869 1534 3037 1602 ἑτέρῳ
3075 1535 3150 1603 μὴ
3182 1535 3381 1598 ἐξεῖναι
3412 1536 3568 1589 τοῦτο
3607 1545 3804 1603 ποιεῖν,
3859 1540 4005 1609 μηδὲ

2428 1622 2507 1691 τῷ
2535 1623 2769 1675 ἑκάστου
2806 1624 2996 1691 ἱερέως
3040 1624 3343 1694 βουλήματι
3368 1626 3529 1679 τοῦτο
3579 1629 3770 1682 ἄνετον
3818 1629 4008 1684 εἶναι’

2431 1716 2581 1783 παρά
2620 1716 2713 1766 τοῦ
2745 1718 3048 1769 ἐπισκόπου
3099 1719 3154 1770 δὲ
3183 1718 3284 1787 τῆς
3335 1719 3515 1787 χώρας
3559 1719 3859 1789 λαμϐάνειν
3906 1726 4014 1795 τὴν

757 1833 977 1871 cessum
1015 1831 1172 1880 esse;
1237 1815 1330 1868 sed
1392 1831 1454 1887 ex
1488 1813 1725 1882 regionis
1788 1813 2050 1881 episcopo
2111 1812 2324 1863 veniam
2362 1795 2431 1849 B<

2362 1795 2399 1848 Β
2428 1803 2757 1875 ἐκχώρησιν.
2795 1808 2933 1870 Τοὺς
2955 1808 3011 1860 δὲ
3032 1806 3091 1873 ἐξ
3115 1811 3324 1872 οἰκείας
3354 1813 3528 1882 ὁρμῆς
3573 1816 3731 1865 τοῦτο
3784 1815 4008 1867 ποιοῦν-

756 1908 1062 1979 impetrari.
1098 1907 1422 1975 Quicunque
1453 1921 1582 1959 vero
1612 1920 1733 1960 sese
1776 1919 1885 1957 non
1938 1905 2115 1957 vocati
2171 1904 2324 1971 operi

756 2000 1120 2062 aet-iuxerint,
1149 2000 1368 2069 deponi,
1399 1998 1608 2068 quique
1658 1999 1740 2051 eis
1776 1995 2322 2061 communicaverint,

757 2092 1031 2162 segregari
1070 2092 1245 2159 jubet.
1304 2090 1490 2143 Primo
1539 2104 1761 2159 quoque
1809 2099 1861 2144 et
1913 2088 2192 2141 tricesimo
2230 2102 2325 2142 ca-

757 2200 902 2238 none
937 2184 1126 2237 eadetn
1163 2183 1277 2236 hmo
1304 2192 1454 2235 sexta
1484 2184 1729 2252 synodus
1758 2185 1812 2235 in
1837 2182 2113 2250 ejusmodi
2147 2189 2329 2234 orato-

758 2279 838 2329 rio
891 2289 1050 2330 sacra
1097 2274 1351 2344 mysteria
1431 2288 1689 2341 peragere
1740 2282 1793 2324 et
1853 2274 2152 2342 baptizare,
2218 2272 2323 2326 nisi

757 2371 1014 2439 episcopo
1047 2374 1342 2432 annuente,
1378 2374 1545 2419 vetat.

760 2460 989 2515 ARIST.
1018 2478 1035 2509 ι
1063 2460 1117 2512 In
1138 2461 1344 2513 mdibus
1374 2457 1635 2512 oratoriis
1654 2459 1796 2511 intra
1818 2459 2036 2511 domum
2058 2457 2327 2510 constitu-

832 2572 850 2603 ι
883 2554 951 2606 tis
994 2551 1323 2620 baptismum
1377 2565 1481 2603 non
1515 2550 1902 2603 cclebrabuut.
1944 2547 2046 2613 Qui
2092 2548 2197 2602 hoc
2227 2564 2320 2601 an-

835 2664 851 2692 ι
882 2655 988 2696 tem
1024 2659 1129 2695 non
1154 2642 1437 2703 observat,
1477 2640 1712 2694 clericus
1742 2640 1962 2708 quidem
1991 2640 2282 2708 deponitur
2310 2656 2322 2690 :

834 2757 852 2787 ι
881 2738 1055 2790 laicus
1091 2744 1270 2788 autem
1302 2743 1636 2803 segregatur.
1669 2750 1690 2785 ι

829 2828 893 2881 ιιι
924 2826 1167 2879 oratorio
1197 2826 1340 2893 quod
1372 2833 1458 2879 est
1488 2826 1627 2875 intra
1660 2823 1882 2876 domum
1919 2837 2074 2877 sacra
2124 2822 2324 2886 facere,

756 2922 829 2973 ita
881 2919 1097 2971 volente
1145 2918 1385 2986 regionis
1453 2916 1608 2969 istius
1663 2917 1943 2983 episcopo,
2017 2915 2328 2969 tricesimus

755 3012 967 3082 primus
998 3010 1191 3079 synodi
1231 3008 1728 3082 praesentiscanon
1766 3007 2146 3077 praescripsit:
2200 3008 2330 3062 licet

756 3102 1248 3173 quinquagesimus
1279 3080 1507 3154 octavus
1540 3102 1733 3170 synodi
1761 3099 2117 3153 Laodicensis
2148 3112 2326 3152 canon

2431 1915 2529 1959 τας
2559 1900 2959 1966 καθαιρεῖσθαι,
3004 1906 3245 1967 καὶτοὺς
3313 1905 3689 1975 μετασχόντας
3726 1907 3828 1974 τῆς
3888 1924 4007 1959 κοι-

2435 1990 2628 2051 νωνίας
2661 1993 2841 2044 αὐτῶν
2874 1994 3234 2063 ἁφρίζεσθαι
3256 2011 3270 2023 ⁸
3304 1997 3443 2048 καὶὸ
3472 1997 3794 2066 τριακοστὸς
3847 1998 4002 2066 πρῶ-

2432 2098 2523 2144 τος
2556 2083 2738 2136 κανὼν
2767 2086 2862 2154 τῆς
2889 2086 3054 2155 ἕκτης
3085 2088 3302 2140 συνόδου
3334 2087 3541 2157 ταύτης
3582 2090 3726 2142 κατὰ
3776 2091 4010 2159 γνώμην

2432 2174 2527 2227 τοῦ
2549 2177 2849 2231 ἐπισκόπου
2889 2180 3193 2251 ἱερουργεῖν
3232 2182 3327 2232 καὶ
3374 2180 3658 2249 βαπτίζειν
3709 2184 3766 2234 ὲν
3794 2186 4005 2251 εὐκτη-

2437 2272 2538 2343 ρίῳ
2590 2270 2821 2341 τοιούτῳ
2850 2272 2986 2341 οἴκῳ
3030 2273 3393 2341 προστάσσει.

2433 2453 2660 2507 ΑΡΙΣΤ.
2724 2471 2744 2504 c
2794 2452 2883 2505 Ἐν
2917 2454 3230 2525 εὐκτηρίοις
3284 2457 3455 2520 olnt;
3510 2456 3660 2510 ἔνδον
3680 2458 3831 2510 οἴκου
3886 2459 3992 2510 οὐκ

2508 2566 2525 2596 σ
2565 2545 2938 2599 ἐπιτελέσουσι
2971 2548 3273 2618 βάπτισμα.
3302 2549 3364 2624 'Q
3388 2550 3445 2603 δὲ
3481 2552 3556 2620 μὴ
3587 2551 4011 2619 φυλάξας,κλη-

2512 2657 2529 2687 ι
2571 2637 2722 2705 ρικὸς
2781 2639 2904 2705 μὲν,
2970 2639 3362 2708 καθαιρεῖται·
3420 2642 3744 2712 λαῖκὸςεδὲ,
3818 2644 4014 2712 asapi-

2425 2793 2431 2799 ῃ
2512 2743 2528 2774 ι
2566 2727 2736 2788 ζεται.
2785 2748 2803 2776 ι

2505 2813 2578 2867 Τὸ
2635 2814 2733 2883 μὲν
2795 2818 2854 2868 ὲν
2883 2817 3156 2887 εὐκτηρίῳ
3194 2819 3327 2887 οἴκῳ
3376 2821 3523 2873 ἔνδον
3573 2821 3752 2885 οἰκίας
3803 2825 4016 2891 τυγχά-

2434 2921 2579 2956 νοντι
2636 2905 2974 2977 λειτουργεῖν
3026 2910 3162 2977 μετὰ
3188 2909 3412 2981 γνώμης
3466 2910 3561 2963 τοῦ
3621 2912 3765 2967 κατὰ
3824 2914 4017 2982 χώραν

2436 2997 2735 3051 ἐπισκόπου
2764 3001 2793 3052 6
2819 3003 3138 3069 τριακοστὸς
3191 3003 3408 3072 πρῶτος
3438 3005 3623 3057 κανὼν
3655 3008 3753 3074 τῆς
3794 3008 4014 3075 παρούο

2438 3105 2537 3158 σης
2567 3090 2786 3142 συνόδου
2829 3091 3241 3162 προετρέψατο·
3284 3094 3389 3146 κᾶν
3420 3095 3449 3147 6
3504 3097 3868 3166 πεντηκοστὸς
3910 3099 4014 3168 ὅγ-

758 3158 1293 3264 illudaliepiSCOpis
1342 3203 1437 3246 aut
1474 3158 1812 3263 presbyteris
1877 3192 1998 3245 lieri
2035 3189 2330 3260 prohibuit.
2360 3158 2406 3218 ε

2360 3158 2406 3218 c
2436 3180 2557 3244 δοος
2593 3180 2778 3235 κανὼν
2807 3158 2908 3252 τῆς
2928 3158 3315 3257 ἐν’Λαοδικεία
3347 3188 3568 3241 συνόδου
3592 3158 3749 3241 τούτο
3767 3158 4013 3243 ἐκώλυσε

757 3288 1091 3355 Baptismum
1158 3297 1339 3341 autem
1386 3286 1657 3340 celebrari
1710 3286 1764 3338 in
1805 3283 2335 3355 ejusmodiazdibus

756 3381 1018 3434 oratoriis
1080 3394 1322 3448 praesens
1384 3392 1563 3431 canon
1612 3386 1782 3437 vetat,
1835 3377 2168 3445 mandatque
2214 3390 2335 3437 eos,

756 3474 850 3542 qui
893 3472 1078 3525 divina
1114 3472 1516 3525 illuminatione
1555 3470 1901 3523 habebuntur
1927 3470 2101 3538 d.giii,
2148 3468 2337 3521 catho-

758 3567 889 3619 licas
931 3566 1084 3618 adire
1129 3566 1416 3628 ecclesias,
1459 3574 1513 3618 et
1555 3564 1609 3615 in
1650 3563 1719 3618 iis
1762 3569 1908 3615 dono
1942 3563 2052 3616 isto
2102 3559 2336 3631 perfrui.

762 3657 859 3711 Sin
899 3657 1104 3721 minus,
1163 3670 1310 3720 eum,
1348 3654 1443 3723 qui
1491 3655 1711 3709 decreta
1750 3655 1866 3707 haec
1908 3651 2336 3722 transgreditur,

760 3750 804 3802 si
843 3748 1064 3818 quidem
1101 3748 1336 3803 clericus
1360 3748 1451 3813 sit,
1489 3747 1685 3815 deponi
1715 3764 1731 3799 :
1770 3746 1818 3800 si
1852 3760 1981 3799 vero
2011 3745 2208 3810 laicus,
2250 3741 2336 3798 8e-

762 3838 1005 3909 gregari.
1459 3830 1463 3837 ’
1974 3849 1979 3855 ·

699 4083 706 4088 1
1348 4011 1583 4067 CANON
1637 4012 1750 4066 ιχ.

768 4125 786 4157 ι
824 4108 959 4161 Cum
1014 4106 1211 4161 clamet
1278 4106 1595 4176 Apostolus.
1640 4104 1785 4175 quod
1848 4121 1867 4154 ι
1941 4103 2033 4172 qui
2110 4103 2339 4157 Domino

841 4218 859 4250 ι
893 4199 1153 4263 adhaeret,
1177 4214 1321 4252 unus
1336 4198 1666 4268 estspiritus
1687 4198 1755 4259 '°,
1781 4215 1801 4247 ι
1830 4196 2040 4249 clarum
2064 4205 2168 4261 est,
2192 4197 2338 4265 quod

843 4310 863 4343 ι
898 4294 987 4360 qui
1023 4291 1185 4346 etiam
1213 4304 1338 4343 eum
1370 4290 1653 4343 contrario
1682 4289 1786 4342 init
1816 4288 2240 4343 familiaritatem
2274 4302 2339 4341 ac

843 4404 862 4437 ι
894 4384 1376 4445 consuetudinem,
1423 4398 1546 4437 cum
1599 4382 1694 4436 illo
1729 4384 2124 4451 conjunctione
2170 4397 2337 4435 unum

843 4496 860 4527 ι
893 4476 972 4530 fit.
1029 4476 1135 4529 Eos
1170 4489 1299 4545 ergo
1330 4476 1422 4543 qui
1472 4490 1532 4529 se
1582 4477 1829 4529 όαιιιιοιιο
1870 4485 2164 4545 correptos
2210 4489 2336 4530 esse
2364 4502 2415 4560 D

844 4590 860 4621 ι
893 4568 1236 4633 sinmlant,et
1280 4582 1492 4621 morum
1526 4567 1871 4636 improbitate
1893 4582 2083 4621 eorum
2109 4567 2335 4637 ﬁguram

844 4680 862 4712 ι
896 4671 949 4715 et
984 4660 1232 4713 habitum
1271 4660 1526 4714 simulate
1554 4675 1664 4729 prae
1699 4675 1758 4715 se
1801 4661 2004 4725 ferunt,
2044 4661 2218 4715 visum
2251 4668 2337 4713 est

842 4770 860 4802 ι
891 4753 1042 4805 omni
1082 4750 1243 4803 modo
1272 4750 1480 4818 puniri,
1534 4762 1588 4805 et
1627 4750 1898 4818 ejusmodi
1950 4750 2335 4804 amictionibus

843 4842 1284 4910 «laboribusque
1332 4841 1529 4908 subjici
1575 4851 1849 4911 oportere,
1902 4844 2102 4913 quibus
2155 4844 2189 4896 ii
2240 4844 2329 4911 qui

844 4955 861 4984 ι
896 4950 1020 4988 vere
1054 4949 1081 4986 a
1110 4935 1355 4988 damone
1386 4937 1619 5003 correpti
1675 4944 1822 4994 sunt.
1880 4947 1936 4987 ut
1986 4951 2016 4988 a
2067 4936 2333 4989 daemonis

845 5048 862 5077 ι
891 5028 1211 5096 operatione
1236 5028 1556 5093 liberentur,
1581 5030 1704 5098 jure
1735 5031 2121 5099 subjiciuntur.
2153 5050 2173 5082 ›

843 5117 1034 5172 BALS.
1093 5116 1198 5172 Eos
1229 5119 1321 5189 qui
1376 5120 1443 5172 ad
1493 5120 1707 5174 lucrum
1760 5122 1862 5175 sibi
1918 5122 2217 5191 parandum
2280 5137 2339 5175 se

771 5211 1016 5265 dwmone
1062 5222 1344 5281 correptos
1396 5228 1518 5268 esse
1570 5214 1853 5276 simulant,
1911 5226 1964 5269 et
2013 5230 2136 5268 cum
2197 5215 2338 5268 mala

770 5304 1026 5356 Salanica
1081 5306 1421 5359 conscientia
1487 5307 1732 5375 quaedam
1785 5309 2116 5362 dtemouiaca
2168 5310 2339 5363 insuar

768 5408 948 5448 vatum
985 5399 1265 5464 gentilium
1318 5400 1637 5468 praedicant,
1670 5416 1843 5454 canon
1876 5403 2183 5468 puniendos
2215 5418 2338 5457 esse

766 5487 1031 5549 decernit,
1068 5487 1136 5539 iis
1172 5487 1409 5556 denique
1440 5488 1887 5545 amictationibus
1950 5491 2333 5562 laboribusque

764 5577 983 5646 subjici,
1014 5578 1212 5647 quibus
1242 5579 1611 5648 subjicianlur
1645 5594 1699 5636 et
1732 5584 1823 5652 qui
1860 5600 1986 5637 vere
2014 5584 2329 5640 daemoniaci

796 5755 845 5788 "
873 5752 1039 5811 lCor.
1065 5772 1140 5818 ri,
1186 5756 1265 5808 l7.

2440 3274 2690 3342 γίνεσθαι
2726 3275 2878 3345 παρὰ
2929 3278 3311 3349 ἇπισκόπωνῆ
3373 3282 3781 3351 πρεσϐυτέρων·
3831 3283 3892 3334 τὸ
3954 3283 4017 3335 δὲ

2436 3368 2721 3439 βάπτισμα
2747 3369 3021 3421 τελεῖσθαι
3046 3371 3105 3421 ὲν
3134 3371 3445 3440 εὐκτηρίυις
3477 3372 3741 3433 τοιούτοις
3787 3374 3962 3436 οἴκοις
3988 3376 4021 3426 6

2435 3459 2628 3530 παρὼν
2656 3459 2990 3531 ἀπαγορεύει
3012 3460 3219 3527 κανὼν,
3250 3465 3344 3515 καὶ
3375 3465 3697 3532 προστάττει
3720 3466 3846 3528 τοὺς
3878 3466 4015 3535 μὲλ-

2434 3552 2627 3615 λοντας
2654 3550 2936 3615 ἀξιοῦσθαι
2963 3551 3059 3605 τοῦ
3117 3554 3263 3607 θείου
3288 3555 3635 3624 φωτίσματος
3674 3561 3793 3620 ταῖς
3846 3560 4017 3612 καθο-

2435 3645 2613 3706 λικαῖς
2648 3642 2968 3713 ἐκκλησίαις
3004 3646 3426 3715 προσέρχεσθαι.
3456 3646 3551 3701 καὶ
3583 3639 3648 3701 év'
3671 3649 3863 3713 αὑταῖς
3908 3651 4017 3720 τῆς

2435 3734 2871 3805 δωρεᾶ;’ταύτης
2895 3735 3193 3789 ἀπολαύειν
3214 3752 3228 3767 ·
3265 3739 3315 3789 εί
3342 3738 3400 3791 δὲ
3448 3738 3547 3809 μὴ,
3579 3740 3672 3793 τὸν
3726 3741 4014 3810 παραϐαί-

2437 3842 2597 3877 νοντα
2626 3825 2694 3877 τὰ
2722 3824 3028 3894 ὁρισθέντα,
3058 3828 3107 3878 εί
3139 3826 3237 3895 μὲν
3259 3827 3540 3898 κληρικὸς,
3601 3831 4013 3903 καθαιρεῖσθαι.

2438 3921 2488 3971 εἰ
2546 3917 2835 3981 ὃὲλαῖκὸς,
2902 3917 3281 3987 ἀφορίζεσθαι.

3066 4013 3305 4065 ΚΑΝΩΝ
3322 4014 3399 4068 Ξ’.

2445 4122 2464 4154 c
2503 4105 2609 4157 Τοῦ
2625 4104 2682 4159 Ἀ
2692 4107 2945 4159 ποστόλου
2965 4106 3195 4176 βοῶντος
3220 4108 3301 4158 ὅτι
3325 4109 3353 4159 6
3368 4106 3705 4176 κολλώμενος
3722 4108 3799 4177 τῷ
3820 4109 4020 4179 Κυρίῳ

2516 4215 2535 4247 ι
2578 4198 2636 4250 ἓν
2691 4200 2913 4269 πνεῦμά
2957 4203 3096 4263 ἐστι,
3139 4199 3405 4269 πρόδηλον
3438 4200 3514 4261 ὡς
3558 4201 3654 4251 καὶ
3682 4202 3711 4252 6
3742 4200 3821 4269 τῷ
3857 4203 4019 4252 ἐναν-

2518 4314 2536 4339 .
2579 4288 2680 4359 τίνει
2730 4291 2923 4342 ἑαυτὸν
2947 4288 3165 4341 οἰκειῶν
3195 4289 3255 4341 ἓν
3290 4293 3500 4357 γίνεται
3534 4292 3599 4358 τῇ
3659 4290 3799 4359 πρὸς
3854 4292 4025 4343 αὑτὸν

2514 4403 2533 4435 ι
2575 4385 2863 4457 συναφείᾳ.
2897 4386 3037 4447 Τοὺς
3099 4384 3282 4436 τοίνυν
3324 4385 3589 4455 δαιμονᾷν
3648 4386 4024 4456 ὑποκρινομέ-

2520 4496 2539 4527 ι
2580 4496 2724 4543 νους,
2758 4480 2851 4531 καὶ
2885 4479 3105 4550 τρόπων
3149 4478 3446 4548 φαυλότητι
3508 4479 3897 4549 προσπιητῶς
3947 4480 4023 4531 τά

2520 4590 2539 4623 ι
2584 4573 2807 4624 ἐκείνων
2844 4569 3382 4640 σχηματιζομένους,
3420 4570 3566 4634 ἔδοξε
3600 4570 3789 4641 τρόπῳ
3834 4574 4021 4623 ἐπιτι-

2522 4683 2540 4715 ι
2578 4662 2783 4732 μᾶσθαι
2808 4666 2994 4727 παντὶ,
3016 4663 3112 4715 καὶ
3134 4661 3409 4725 τοιαύταις
3439 4662 3639 4725 αὐτοὺς
3688 4662 4024 4732 σκληραγωο

2522 4772 2541 4806 ι
2580 4755 2725 4822 γίαις
2766 4756 2859 4807 καὶ
2886 4754 3071 4818 πόνοις
3104 4755 3452 4819 ὑποϐάλλειν,
3479 4750 3559 4818 οἷς
3588 4755 3653 4807 ἂν
3690 4758 3741 4807 οἱ
3796 4755 4019 4825 ἀληθῶς

2522 4867 2541 4898 ι
2584 4847 2951 4918 δαιμονῶντες
2984 4849 3122 4917 πρὸς
3151 4847 3479 4917 ἀπαλλαγὴν
3508 4848 3607 4917 τῆς
3628 4847 3722 4900 τοῦ
3754 4847 4018 4917 δαίμονος

2522 4961 2540 4992 ι
2578 4944 2855 5012 ἐνεργείας
2879 4943 3041 5008 ἀξίως
3074 4940 3478 4994 ὑποδάλλοιντο.
3526 4960 3545 4992 ι

2513 5121 2707 5174 ΒΑΛΣ.
2741 5123 2877 5184 Τοὺς
2910 5122 3423 5193 σχηματιζομένους
3446 5124 3710 5193 δαιμονᾷν
3738 5124 3826 5176 δια
3854 5142 4020 5194 πορε-

2437 5216 2572 5283 σμὸν
2600 5215 2849 5284 κέρδους,
2892 5219 2985 5266 καὶ
3015 5214 3390 5283 κηρύσσοντας
3416 5217 3555 5282 μετά
3594 5216 3801 5283 φαύλου
3834 5234 4017 5268 συνει-

2436 5308 2589 5370 δότος
2622 5306 2918 5359 σατανικοῦ
2954 5306 3283 5376 δαιμονιώδη
3306 5307 3427 5359 τινὰ
3454 5308 3600 5359 κατὰ
3622 5310 3721 5370 τὰς
3747 5309 3855 5361 τῶν
3886 5309 4013 5360 Ἐλ-

2438 5400 2617 5467 λήνων
2678 5396 3039 5467 προφήτιδας,
3095 5400 3123 5449 ό
3188 5397 3367 5450 κανὼν
3400 5400 3760 5469 ἐπιτιμᾶσθαι
3818 5401 4023 5471 ὁρίζει,

2438 5492 2607 5559 ἤγουν
2637 5487 3022 5559 τιμωρεῖσθαι,
3059 5492 3152 5542 καὶ
3181 5490 3627 5561 σκληραγωγίαις
3661 5494 3758 5545 καὶ
3822 5495 4010 5554 πόνοις

2434 5582 2829 5637 ὑποϐάλλεσθαι
2853 5582 3134 5648 τοιούτοις,
3160 5577 3240 5646 οἷς
3266 5582 3334 5657 ᾂν
3362 5586 3411 5638 oi
3439 5583 3657 5656 άληθῶς
3706 5586 4017 5657 δαιμονῶν-
