4240 6442
221 419 324 481 717

1265 405 1341 473 ιΝ
1383 411 1544 470 CAN.
1591 409 1716 467 LXI
1760 394 1967 465 CONC.
2017 398 2092 463 ΙΝ
2120 408 2444 465 'l‘RUl.I.(l.

3342 394 3444 458 718

218 550 312 594 τες
349 531 722 599 ὑποϐληθεῑεν,
753 531 836 581 ἵνα
857 529 1220 596 ἀπαλλαγεῖεν
1244 524 1332 577 τοῦ
1358 525 1631 591 δαίμονος.
1656 519 1790 584 Φησὶ
1825 522 1861 569 Α

1787 557 1790 566 .
1825 522 1861 569 Α
1898 517 2117 581 fur-rint,
2177 529 2232 571 ut
2268 536 2295 571 a
2329 521 2572 570 duunone
2630 517 2948 570 liberentur.
3007 516 3143 566 Dicit
3192 526 3372 567 autem
3409 527 3461 567 et

239 625 299 675 δὲ
333 626 421 674 καὶ
438 623 534 690 τὴν
555 622 912 691 προσποίησιν
940 622 1115 673 αὑτῶν
1137 620 1255 680 τοὺς
1274 618 1532 685 δαίμονας
1562 610 1792 664 οἰκειοῦ-

221 713 368 765 σθαι.
402 712 540 778 Ἐγὼ
566 711 643 774 δὲ,
687 711 896 779 βλέπων
930 709 1158 769 πολλοὺς
1182 707 1451 765 τοιούτους
1475 706 1570 764 τὰς
1611 701 1792 761 πόλεις

224 802 712 876 περιερχομένους,
771 806 863 855 καὶ
917 803 990 872 μὴ
1050 799 1474 868 κολαζομένους.
1509 795 1645 848 ἀλλὰ
1701 793 1792 844 καὶ

220 895 303 956 ὠς
333 896 700 963 ἡγιασμένους
738 892 1202 960 ἀγκαλιζομένους
1252 891 1406 956 παρά
1430 904 1611 948 τινων,
1647 883 1794 952 ζητῶ

227 987 426 1051 μαθεῖν
457 987 554 1050 τὴν
585 984 786 1042 αἰτίαν,
820 985 913 1034 καὶ
941 981 1134 1046 ἐξαιτῶ
1177 982 1276 1047 τὴν
1319 977 1626 1045 διόρθωσιν.
1684 974 1788 1026 Τὸν

231 1077 417 1143 μέντοι
452 1076 785 1142 Σταυράκιον
817 1076 1020 1124 ἐκεῖνον
1052 1072 1144 1123 τὸν
1190 1070 1532 1134 ὐξεόϐαφον,
1597 1065 1683 1116 τον
1718 1065 1793 1125 ὡς

223 1166 442 1233 ἀληθῶς
473 1165 700 1220 δίκαιον,
722 1163 1152 1232 ὑποκρινόμενον
1184 1161 1282 1228 τὴν
1313 1161 1399 1211 διὰ
1423 1159 1552 1209 Θεον
1586 1158 1795 1226 μωρίαν

222 1256 316 1307 διὰ
347 1257 470 1318 τοὺς
500 1256 845 1314 ἀπατεῶνας,
889 1255 1028 1321 μετὰ
1061 1253 1168 1303 τῶν
1221 1249 1533 1318 ὑποκριτῶν
1591 1247 1795 1314 ἐθέμην

225 1348 352 1400 κατ’
373 1349 592 1414 ἄγνοιαν
619 1363 631 1375 ·
675 1348 987 1417 παρομοίως
1010 1345 1065 1397 δὲ
1093 1345 1212 1412 ἐμοὶ
1240 1343 1332 1395 καὶ
1348 1343 1522 1416 ἕτεροι
1551 1341 1679 1400 ἴσως
1711 1340 1795 1389 ἴνα

225 1441 724 1509 ἐκριματίσθησαν.
761 1439 910 1491 Ἔδει
966 1433 1060 1489 οὖν
1108 1437 1175 1487 τὰ
1245 1434 1468 1486 τοιαῦτα
1491 1429 1796 1498 κωλυθῆναι

224 1533 372 1585 κατὰ
404 1535 492 1583 τὸν
551 1531 792 1600 παρόντα
848 1530 1070 1593 κανόνα,
1103 1529 1192 1580 ἵνα
1237 1527 1310 1596 μὴ
1366 1530 1460 1577 καὶ
1495 1526 1542 1576 ot
1602 1523 1799 1590 ἀγαθοὶ

226 1625 321 1675 δ;ἀ
373 1625 499 1685 τοὺς
558 1621 796 1690 φαύλους
843 1621 1224 1688 ἐπιτιμῶνται.
1285 1618 1476 1669 Πολλοὶ
1538 1619 1645 1685 γάρ
1694 1617 1799 1666 εἱσι

226 1717 424 1785 τρόποι
466 1716 736 1784 σωτηρίας
766 1714 960 1783 ψυχῆς,
999 1713 1091 1764 καὶ
1136 1712 1356 1763 δύναταί
1410 1728 1492 1769 τις
1521 1708 1586 1760 δι’
1622 1705 1801 1759 αὐτῶν

231 1810 475 1877 σωθῆναι
512 1805 811 1859 σκανδάλου
845 1807 968 1872 δίχα
1010 1807 1228 1864 παντὸς.
1282 1802 1465 1854 Ταῦτα
1524 1801 1578 1852 Et
1634 1800 1798 1865 λέγω,

734 1899 848 1950 ἀλλ’

229 1990 508 2058 θρώπων,
570 1988 932 2059 πλασαμένων
1001 1985 1099 2051 μὲν
1175 1982 1430 2049 τοιαύτην
1511 1981 1806 2048 θεάρεστον

231 2076 728 2143 δῆθενηδιαγωγὴν,
758 2077 1138 2141 καταγνόντων
1165 2074 1219 2122 δὲ
1246 2071 1447 2138 ταύτης
1473 2069 1545 2130 ὡς
1604 2067 1808 2119 ἐπωλέ-

228 1903 335 1952 οὑκ
389 1900 598 1952 οἴκοθεν
631 1941 644 1960 ,

232 2167 396 2234 θρου,
431 2168 525 2220 καὶ
551 2168 899 2236 καταγούσης
963 2169 1042 2228 είς
1103 2162 1400 2230 σατανικὴν
1461 2162 1673 2230 μερίδα.
1713 2157 1812 2212 Διά

232 2276 322 2312 τοι
356 2259 512 2312 τοῦτο
550 2263 642 2312 καὶ
665 2259 909 2326 διάφοροι
943 2256 1243 2325 ἁγιώτατοι
1292 2256 1628 2325 πατριάρχαι
1687 2252 1814 2304 πολ-

234 2353 369 2414 λοὺς
393 2347 895 2420 προσκαθημένους
949 2355 1064 2419 μετ’
1103 2350 1342 2402 ἁλύσεων
1384 2354 1442 2400 έν
1468 2348 1545 2416 τῷ
1574 2347 1685 2416 ναῷ
1718 2346 1812 2397 τοῦ

234 2446 402 2511 ἁγίου
472 2446 957 2514 μεγαλομάρτυρος
1007 2443 1244 2513 Νικήτα,
1301 2442 1392 2493 καὶ
1440 2441 1661 2510 ἑτέρους
1718 2440 1815 2501 τὰς

232 2538 485 2607 τριόδους
517 2539 999 2608 περιερχομένους,
1050 2540 1141 2588 καὶ
1164 2540 1660 2605 προσποιουμένους
1689 2531 1814 2583 δαί-

247 2630 442 2698 μονᾷν,
477 2631 741 2696 κατέσχον
802 2629 917 2697 μετ’
946 2627 1255 2688 αὐθεντὶας,
1292 2627 1386 2678 καὶ
1424 2627 1506 2686 είς
1553 2624 1818 2693 δημοσίας

243 2721 493 2791 φρουρὰς
519 2721 882 2773 κατέκλεισαν
913 2719 1221 2780 ἀκολούθως
1249 2715 1326 2785 τῷ
1361 2717 1567 2770 κανόνι.

316 2813 560 2865 ΖΩΝΑΡ.
588 2813 742 2874 Τινὲς
772 2812 1228 2882 προσποιούμενοι
1250 2809 1512 2879 δαιμονᾷν
1537 2803 1616 2869 εἲς
1646 2806 1813 2875 πόρον

243 2904 473 2975 κέρδους
533 2907 597 2974 τῇ
647 2904 930 2972 ὑποκρίσει
975 2902 1148 2972 ταύτῃ
1177 2901 1495 2969 ἐκέχρηντο,
1531 2900 1563 2968 ἢ
1597 2900 1692 2951 καὶ
1727 2896 1821 2948 νῦν

245 3000 572 3068 κέχρηνται.
603 2997 772 3049 Τοῦτο
801 2995 999 3049 κωλύει
1027 2997 1055 3047 ό
1109 2995 1290 3047 κανὼν
1318 2988 1495 3057 οὗτος,
1551 2994 1645 3044 καὶ
1693 2992 1820 3051 τοὺς

249 3087 760 3158 σχηματιζομὲνους
807 3087 1035 3140 τοιαῦτα
1077 3087 1434 3155 ἐπιτιμᾶσθαι
1471 3084 1668 3151 ὁρίζει.
1715 3083 1823 3134 Kal.

1903 626 2090 662 eorum
2123 612 2471 664 simulatione
2506 611 2776 663 daemones
2811 624 3027 676 quoque
3067 609 3173 659 illis
3225 608 3462 660 familia-

1903 718 1987 756 res
2024 702 2160 756 fieri.
2225 702 2334 771 Ego
2364 715 2564 764 autem,
2603 718 2725 754 cum
2759 702 2964 754 videam
3001 702 3268 767 ejusmodi
3313 717 3462 752 eom-

1904 795 2082 863 plurcs
2110 795 2350 848 civitates
2399 784 2691 858 obeuntes,
2745 802 2795 846 et
2853 810 2957 846 non
2999 794 3197 860 puniri.
3255 792 3347 844 sed
3406 803 3462 843 ut

1904 886 2277 939 sanctificatos
2313 902 2338 938 a
2373 885 2700 955 quibusdam
2732 886 2905 938 obviis
2938 885 3081 938 ulnis
3104 885 3302 952 excipi,
3333 900 3464 937 cau-

1904 993 2016 1028 sam
2053 978 2193 1030 scire
2223 979 2494 1042 desidero,
2545 990 2596 1030 et
2635 979 3022 1030 correctionem
3075 979 3313 1044 postulo.
3370 979 3465 1029 At-

1904 1071 1994 1136 qui
2081 1070 2424 1122 Staurarium
2500 1071 2648 1123 illum
2704 1069 3080 1137 Ovybapbum,
3135 1069 3222 1135 qui
3282 1083 3466 1121 revera

1900 1163 2084 1230 justus
2112 1173 2244 1224 erat,
2271 1178 2387 1215 eam
2418 1174 2595 1216 autem
2629 1179 2745 1226 qua:
2769 1173 2849 1214 est
2888 1171 3105 1228 propter
3138 1159 3300 1211 Deum
3329 1164 3466 1212 stul-

1904 1253 2076 1306 titiam
2105 1254 2295 1322 agebat
2332 1263 2549 1322 propter
2598 1254 2934 1312 SCtlUL'lOI‘CS,
2995 1268 3117 1304 cum
3170 1253 3466 1319 liypoeritis-

1906 1361 1998 1412 per
2060 1345 2417 1410 ignorantiam
2459 1345 2766 1412 ponebam:
2829 1344 3059 1397 fortasse
3108 1353 3286 1396 autem
3324 1360 3350 1394 a
3385 1360 3468 1394 me

1907 1437 2154 1489 nonnulli
2187 1452 2403 1504 quoque
2434 1439 2520 1490 alii
2551 1438 2864 1504 pra-judicio
2896 1436 3071 1488 allecti
3118 1445 3263 1488 sunt.
3297 1434 3469 1502 Opor-

1909 1530 2054 1583 tebat
2078 1544 2203 1597 ergo
2227 1531 2350 1581 talia
2381 1545 2475 1598 per
2505 1539 2822 1596 prresentem
2856 1544 3120 1580 canonem
3159 1530 3460 1596 prohiberi,

1909 1640 1975 1676 ne
2003 1625 2125 1675 boni
2161 1634 2380 1692 propter
2409 1626 2579 1676 malos
2618 1626 2932 1692 puniantur.
2971 1623 3121 1674 Multi
3157 1625 3298 1673 enim
3346 1639 3471 1676 sunt

1911 1715 2052 1766 modi
2089 1716 2280 1767 salutis
2309 1715 2520 1775 animae,
2557 1723 2611 1767 et
2639 1723 2815 1780 potest
2855 1716 2980 1783 quis
3022 1730 3115 1781 per
3139 1730 3232 1766 eos
3269 1716 3471 1766 servari

1910 1805 2114 1874 absque
2163 1807 2271 1859 ullo
2307 1806 2581 1860 seandalo.
2623 1807 2742 1858 llzec
2775 1817 2953 1859 autem
3012 1822 3116 1857 non
3166 1821 3230 1858 ex
3269 1818 3476 1872 ιιιροιιιυ

938 1898 997 1960 ἐξ
1062 1896 1394 1963 ἀφηγήσεως
1473 1890 1650 1944 καλῶν
1711 1892 1801 1941 ἀν’
1837 1872 1876 1925 Β
1909 1900 2126 1967 ingenio
2165 1899 2308 1962 dico,
2341 1901 2433 1953 sed
2462 1916 2519 1950 ex
2548 1900 2612 1950 bo

1837 1872 1876 1925 Β
1909 1900 2126 1967 ingenio
2165 1899 2308 1962 dico,
2341 1901 2433 1953 sed
2462 1916 2519 1950 ex
2548 1900 2809 1950 bonorum
2843 1899 3000 1966 227
3023 1902 3258 1950 virorum
3286 1915 3477 1950 narra-

1910 1990 2184 2059 tione,'qui
2217 1990 2355 2044 hanc
2380 1992 2566 2059 utique
2602 1990 2707 2044 fleo
2738 2001 2941 2058 gratam
2977 1992 3184 2043 vivendi
3218 1994 3473 2043 rationem

1914 2082 2258 2148 cflinxerunt,
2329 2084 2421 2137 scd
2448 2099 2589 2147 οίιιιι,
2636 2092 2692 2134 ιιι
2718 2082 3076 2150 perniciosam
3101 2091 3151 2134 et
3183 2081 3245 2134 ad
3274 2094 3476 2149 partem

1915 2174 2130 2228 Satanae
2184 2175 2562 2236 deducentem,
2629 2177 3083 2229 condemnarunt.
3142 2174 3364 2228 Etcum
3412 2175 3480 2224 ob

1915 2278 2133 2316 causam
2172 2264 2326 2316 multi
2361 2265 2522 2316 etiam
2563 2265 2734 2317 sancti
2769 2265 3092 2332 patriarcha:
3130 2265 3329 2315 multus
3357 2279 3479 2314 eum

1917 2357 2124 2409 catenis
2158 2356 2463 2410 assidentes
2519 2359 2571 2408 in
2625 2357 2739 2410 :ede
2792 2358 2968 2410 sancti
2998 2357 3173 2426 magni
3229 2355 3482 2424 martyris

1917 2447 2140 2508 Niceten.
2198 2459 2251 2500 et
2301 2447 2435 2499 alios
2484 2449 2638 2500 trivia
2703 2450 2990 2511 obeuntes,
3045 2460 3096 2500 et
3141 2463 3197 2500 5e
3243 2445 3486 2498 daumme

1920 2537 2120 2604 corripi
2157 2551 2267 2602 pra:
2295 2552 2352 2590 se
2404 2537 2663 2598 ferentes,
2711 2554 2832 2589 cum
2874 2539 3198 2591 auctoritate
3233 2537 3484 2590 detinue-

1921 2638 2067 2688 runt,
2105 2639 2156 2682 et
2202 2630 2255 2680 in
2287 2629 2516 2696 publicis
2547 2631 2811 2684 custodiis
2843 2631 3036 2683 canoui
3087 2641 3487 2699 consequenter

1921 2711 2288 2798 incluserunt.
2345 2774 2364 2786 ,

1991 2814 2241 2868 ZONAR.
2291 2816 2520 2881 Quidam
2570 2817 2819 2870 homines
2845 2857 2859 2877 ,
2899 2832 3022 2868 cum
3083 2833 3109 2868 a
3146 2817 3396 2869 daanione
3433 2831 3489 2867 se.

1923 2915 2207 2975 correptos
2249 2921 2370 2960 esse
2419 2906 2769 2968 simularent,
2817 2923 2878 2958 ea
2927 2907 3300 2970 simulatione,
3342 2909 3485 2973 quod

1925 2997 2068 3050 nunc
2111 3015 2325 3066 quoque
2356 2998 2652 3066 contingit,
2690 2999 2754 3050 ad
2800 3009 3065 3065 quaestum
3102 3000 3489 3050 abutebantur.

1927 3087 1980 3139 ιιι
2017 3089 2119 3143 boe
2145 3104 2354 3143 canone
2386 3092 2609 3142 velitum
2640 3097 2742 3154 est,
2768 3106 2830 3143 ac
2852 3091 3122 3159 ejusmodi
3158 3094 3490 3159 impostorcs

247 3184 352 3250 οὑχ
432 3181 620 3244 ἁπλῶς
696 3180 1076 3248 ἐπιτιμᾶσθαι,
1144 3180 1281 3231 ἀλλὰ
1353 3177 1652 3247 βαρύτερον
1729 3176 1890 3259 καὶε

1847 3200 1890 3259 ε
1931 3179 2123 3249 paruis,
2162 3182 2456 3251 etquidem
2480 3181 2845 3251 gravioribus,
2879 3185 3213 3235 coercendos
3249 3199 3368 3235 esse
3399 3185 3494 3234 de-

253 3276 700 3344 σκληραγωγίαις
781 3274 1142 3337 αὐτοὺς.κώ¹
1197 3272 1379 3332 πόνοις
1429 3267 1824 3321 ὑποϐάλλεσθαι

251 3365 538 3427 τοιούτοις,
608 3365 741 3426 οἵοις
783 3364 848 3416 ἂν
889 3366 936 3414 οἱ
993 3361 1209 3431 ἀληθῶς
1256 3363 1622 3430 δαιμονωντες
1689 3358 1825 3408 ὑπο-

254 3457 522 3526 ϐληθείεν,
572 3457 638 3509 ἵν’
680 3456 1042 3521 ἀπαλλαγεῖεν
1081 3454 1173 3507 τοῦ
1197 3455 1469 3524 δαίμονος.
1498 3453 1661 3519 Λέγει
1719 3451 1828 3519 γὰρ

253 3551 339 3600 ὅτι
384 3549 469 3601 διὰ
495 3551 712 3616 τρόπων
747 3550 1056 3618 φαυλότητα
1085 3547 1164 3615 τῷ
1188 3547 1399 3615 δαίμονι
1422 3541 1831 3614 προσοικειοῦν-

254 3659 349 3704 τες
385 3642 610 3704 ἑαυτοὺς
644 3641 699 3693 ἒν
733 3643 971 3708 γίνονται
1020 3643 1085 3709 τῇ
1134 3641 1269 3709 πρὸς
1313 3639 1476 3692 αὑτὸν
1531 3637 1822 3705 συναφεία,

265 3735 365 3786 καὶ
391 3734 584 3802 ἐπάγει
614 3734 917 3804 μαρτυρίαν
948 3735 1013 3784 ἐκ
1036 3731 1130 3785 τού
1154 3731 1388 3801 μεγάλου
1420 3729 1630 3782 Παύλου
1653 3728 1834 3794 λέγον-

257 3844 351 3890 τος
371 3843 386 3857 '
432 3826 495 3878 '0
529 3826 913 3895 κολλώμενος
946 3825 1025 3890 τῷ
1051 3825 1249 3892 Κυρίῳ
1280 3823 1348 3876 ἓν·
1373 3821 1610 3890 πνεῦμά
1639 3822 1831 3873 ἐστιν.

259 4026 487 4082 ΑΡΙΣΤ.
548 4045 566 4077 ι
607 4027 670 4078 Εἰ
686 4043 768 4086 τις
795 4025 1150 4095 ὑποκρίνεται
1185 4024 1467 4093 δαιμονᾷν,
1499 4022 1567 4073 τὰ
1595 4019 1702 4072 τῶν
1724 4021 1836 4073 δαι-

343 4140 362 4171 ‹
406 4119 692 4188 μονώντων
711 4119 959 4187 ἐπιτίμια
990 4117 1376 4185 ὑποστήσεται.
1412 4134 1430 4165 ι

334 4212 394 4263 Ei
429 4214 458 4263 ό
482 4211 818 4281 κολλώμενος
851 4210 928 4278 τῷ
961 4209 1171 4278 Κυρίῳ,
1201 4209 1342 4260 κατά
1370 4207 1461 4260 τὸν
1499 4204 1836 4266 ’Δπόστολον,

260 4303 323 4354 ἒν
349 4293 727 4372 πνεῦμάέστι,
760 4298 1028 4371 πρόδηλον
1088 4297 1160 4359 ὡς
1192 4298 1219 4349 ό
1249 4296 1327 4366 τῷ
1358 4294 1590 4365 διαϐόλῳ
1647 4292 1834 4346 ἑαυτὸν

263 4384 488 4446 οἰκειῶν
505 4393 562 4444 ἓν
588 4393 804 4460 γίνεται
828 4394 892 4461 τῇ
919 4391 1054 4461 πρὸς
1075 4386 1236 4441 αὑτὸν
1262 4390 1546 4456 συναφείᾳ.
1566 4388 1664 4440 Διὰ
1685 4384 1844 4438 τοῦτο

262 4489 358 4539 τὸν
389 4486 818 4557 ὑποκρινόμενον
866 4485 1151 4552 δαιμονᾷν,
1197 4485 1290 4536 καὶ
1318 4482 1388 4534 τὰ
1419 4482 1642 4534 ἐκείνων
1669 4481 1839 4550 πράτ-

262 4597 382 4632 τειν
419 4570 916 4649 σχηματιζόμενον,
970 4575 1251 4637 τοιαύταις
1313 4575 1477 4627 αὑτὸν
1519 4573 1838 4643 σκληραγω-

263 4677 414 4744 γίαις
445 4673 732 4726 ὑποϐάλλει
760 4675 851 4724 καὶ
883 4671 1088 4732 πόνοις,
1115 4672 1320 4730 ὁποίοις
1348 4668 1413 4720 ἂν
1457 4668 1665 4721 καὶτὸν
1709 4669 1841 4737 ἁλη-

119 4759 190 4829 “t
265 4772 375 4832 θῶς
398 4769 741 4836 δαιμονῶντα
792 4771 928 4838 πρὸς
979 4754 1298 4833 ἀπαλλαγὴν
1325 4764 1422 4834 τῆς
1450 4762 1544 4819 τοῦ
1587 4763 1840 4832 δαίμονος

145 4857 152 4861 ’
200 4849 288 4933 ’λε
297 4882 352 4915 νε
363 4864 566 4933 ργείας.

871 4998 1110 5051 ΚΑΝΩΝ
1137 4997 1256 5050 ΞΝ.

270 5133 288 5163 ι
322 5115 386 5166 Οἱ
423 5114 679 5177 μάντεσιν
732 5113 962 5174 ἑαυτοὺς
995 5113 1291 5175 ἐκδιδόντες
1326 5111 1357 5182 ἦ
1392 5113 1502 5174 τοῖς
1536 5111 1847 5181 λεγομένοις

349 5224 366 5252 ι
416 5205 860 5274 ἑκατοντάρχοις,
887 5205 1049 5274 ἧτισι
1065 5204 1349 5267 τοιούτοις,
1383 5204 1456 5266 ὡς
1477 5206 1543 5257 ἂν
1563 5198 1849 5272 παρδέκεί-

342 5317 360 5349 ι
402 5315 508 5349 νων
539 5297 760 5365 μάθοιεν
785 5297 812 5347 ὅ
841 5313 896 5348 τι
930 5285 998 5350 ἂν
1023 5298 1206 5359 αὑτοῖς
1241 5295 1680 5351 ἐπικαλύπτεσθαι
1723 5296 1847 5367 βού-

343 5410 362 5441 ‹
400 5392 580 5442 λοιντο
624 5391 767 5442 κατὰ
821 5389 890 5443 τὰ
945 5390 1137 5461 πρώην
1176 5389 1280 5442 ὑπὸ
1303 5390 1410 5441 τῶν
1436 5391 1696 5459 Πατέρων
1719 5393 1844 5461 περὶ

339 5503 358 5533 ι
402 5484 583 5536 αὐτῶν
637 5483 944 5552 ὁρισθέντα,
982 5484 1086 5535 ὑπὸ
1137 5485 1227 5536 τὸν
1253 5484 1453 5535 κανόνα
1495 5485 1846 5536 πιπτέτωσαν

343 5595 364 5626 ι
409 5576 505 5646 τῆς
545 5575 809 5641 ἑξαετίας.
859 5575 948 5642 Τῷ
985 5575 1133 5645 αὑτῷ
1182 5575 1238 5628 δὲ
1275 5577 1451 5646 τούτῳ
1504 5575 1843 5629 καθυποδάλ-

350 5687 368 5718 ι
416 5667 605 5721 λεσθαι
643 5668 848 5722 δεῖκαὶ
896 5669 1020 5734 τοὺς
1068 5671 1167 5733 τὰς
1221 5669 1455 5740 ἄρκτους
1507 5671 1842 5739 ἐπιφερομέ-

1121 5755 1143 5786 \

343 5857 387 5886 ἰ
426 5854 599 5909 lCor.
628 5856 816 5913 ν1,Π.

1930 3283 2162 3327 cretam.
2196 3272 2304 3327 Eos
2332 3274 2534 3342 quippe
2563 3272 2755 3327 iisdem
2797 3275 3078 3330 laboribus
3107 3285 3160 3328 et
3184 3277 3496 3344 asperitati.

1931 3366 2033 3418 bus
2075 3365 2319 3419 exerceri
2380 3367 2575 3434 placet,
2628 3367 2826 3436 quibus
2854 3368 2948 3434 qui
2987 3369 3254 3435 arreptitii
3309 3383 3494 3421 revera

1931 3470 2076 3519 sum,
2106 3459 2371 3511 daemonis
2415 3458 2636 3526 fugandi
2667 3476 2831 3513 causa
2867 3461 3183 3530 fatigantur.
3224 3461 3356 3514 Nam
3400 3463 3495 3520 illi,

1932 3549 2139 3617 inquit,
2182 3550 2252 3602 ob
2296 3565 2507 3603 morum
2537 3550 2940 3617 improbitatem
2976 3570 3035 3607 se
3064 3554 3114 3605 in
3151 3553 3493 3606 familiarita-

1935 3650 2038 3694 tem
2079 3643 2481 3697 caco‘daemonis
2524 3645 2888 3708 insinuantes,
2931 3646 3148 3714 impuro
3177 3646 3391 3715 spiritui
3420 3646 3500 3697 in-

1935 3735 2062 3785 tima
2119 3736 2505 3803 conjunctione
2547 3738 2899 3806 copulantur.
2945 3738 3120 3803 Quam
3160 3754 3268 3793 rem
3319 3739 3500 3806 magni

1934 3825 2083 3879 Pauli
2117 3828 2430 3881 testimonio
2467 3828 2800 3894 confirmat;
2834 3831 2936 3894 Qui
2986 3831 3123 3894 Deo,
3165 3831 3360 3899 inquit,
3397 3830 3497 3882 ad-

1937 3917 2117 3978 Iurret,
2147 3933 2282 3969 unus
2312 3929 2386 3970 est
2410 3920 2629 3984 spiritus
2642 3920 2684 3971 θ.

1936 4031 2163 4086 ARIST.
2213 4053 2231 4083 ι
2272 4033 2375 4098 Qui
2405 4034 2649 4087 daemone
2675 4050 2733 4087 se
2759 4041 3070 4101 correptum
3110 4035 3356 4097 simulat,
3388 4035 3498 4088 da:-

2222 4145 2237 4172 ‹
2274 4126 2654 4178 moniacorum
2695 4140 2886 4194 ptenas
2921 4126 3155 4180 subibit.
3189 4146 3207 4176 ι

2016 4216 2097 4280 Si,
2134 4218 2225 4288 qui
2253 4217 2954 4287 Domino,conglutinatur,
3015 4217 3321 4270 secundum
3365 4219 3510 4284 Apo—

1947 4311 2173 4372 stolmn,
2225 4327 2367 4364 unus
2416 4320 2499 4363 est
2537 4311 2784 4379 spiritus,
2818 4309 3169 4364 manifestum
3211 4320 3314 4374 est,
3366 4315 3511 4379 quod

1948 4405 2037 4468 qui
2071 4419 2194 4456 cum
2219 4403 2432 4457 diabolo
2472 4403 2898 4456 familiaritatem
2934 4403 3053 4463 init,
3085 4419 3207 4459 cum
3243 4404 3345 4456 isto
3380 4420 3513 4456 con-

1944 4497 2229 4566 junctione
2266 4513 2432 4551 unum
2472 4498 2549 4550 fit.
2583 4496 2928 4567 Quapropter
2962 4513 3122 4561 eum,
3179 4500 3272 4564 qui
3309 4513 3368 4551 se
3403 4500 3514 4552 da:-

1949 4588 2148 4641 moniis
2181 4598 2492 4656 correptum
2539 4589 2781 4647 simulat.
2829 4596 2883 4642 et
2918 4604 3107 4642 eorum
3143 4603 3306 4657 opera
3353 4592 3516 4658 perli-

1949 4696 2075 4735 cere
2103 4696 2211 4747 prae
2242 4696 2300 4734 se
2334 4680 2460 4744 fert,
2485 4680 2687 4734 talibus
2719 4696 2841 4733 eum
2876 4681 3265 4734 afflictionibus
3296 4681 3519 4746 subjicit

1950 4783 2006 4827 et
2057 4772 2361 4835 laboribus,
2403 4771 2659 4841 qualibus
2701 4781 2753 4824 ct
2798 4788 2988 4825 revera
3039 4774 3287 4826 daemone
3332 4789 3515 4826 corre-

1953 4875 2129 4935 ptum,
2155 4875 2212 4918 ut
2239 4865 2505 4919 daamonis
2538 4864 2861 4933 operatione
2883 4865 3175 4918 eximatur.

2520 4997 2750 5052 CANON
2816 4998 2950 5051 LXI.

1960 5135 1978 5167 ι
2017 5115 2120 5181 Qui
2171 5116 2386 5167 vatibus
2455 5115 2666 5181 seipsos
2710 5111 3083 5173 tradiderunt,
3153 5111 3235 5164 vel
3295 5111 3361 5162 iis
3424 5111 3515 5177 qui

2031 5227 2049 5258 ι
2094 5207 2447 5261 centuriones
2493 5204 2783 5260 dicuntur.
2833 5203 2913 5256 vel
2950 5204 3072 5255 aliis
3118 5202 3414 5265 ejusmodi,
3470 5212 3526 5251 ut

2035 5320 2050 5350 ι
2094 5301 2160 5350 ab
2193 5300 2299 5352 illis
2332 5298 2565 5356 discant.
2615 5298 2658 5350 si
2703 5296 2833 5364 quid
2872 5295 2975 5347 sibi
3047 5295 3275 5348 revelari
3322 5296 3521 5346 velint:

2034 5411 2051 5443 ι
2094 5391 2486 5446 convenienter
2538 5391 2602 5441 iis
2637 5405 2756 5456 qua:
2788 5387 2854 5441 de
2894 5388 3029 5455 ipsis
3071 5403 3098 5438 a
3133 5387 3386 5441 Pambos
3428 5403 3523 5438 nu-

2019 5505 2036 5536 ι
2083 5500 2178 5554 per
2205 5482 2502 5536 constituta
2538 5489 2687 5542 sunt,
2717 5479 2964 5533 sexennii
2989 5479 3188 5531 canoui
3223 5478 3525 5546 subjiciun-

2031 5598 2048 5629 ι
2092 5590 2202 5630 tur.
2235 5575 2424 5629 Eidem
2458 5582 2639 5626 autem
2683 5588 2779 5626 eos
2808 5586 3027 5640 quoque
3055 5571 3252 5639 subjici
3289 5580 3524 5638 oportet,

2030 5691 2048 5722 ι
2089 5671 2180 5740 qui
2220 5683 2378 5724 ursas
2414 5667 2493 5721 vel
2526 5665 2794 5736 ejusmodi
2832 5664 3088 5719 animalia
3111 5706 3124 5729 ,
3158 5662 3223 5717 ad
3255 5663 3440 5716 ludum
3474 5670 3526 5716 υι
