4240 6442
800 406 903 470 719

877 535 896 569 ι
941 516 1338 586 simpliciorum
1385 529 1584 567 noxam
1625 512 2052 574 circmulerunt,
2102 524 2154 564 et
2195 510 2366 562 fnriu-
2403 515 2446 569 Α

869 627 886 659 ι
929 623 1076 668 nam,
1101 622 1162 660 ac
1189 609 1383 669 fatum,
1412 614 1466 659 et
1491 604 1890 674 genealogiam,
1917 611 1970 656 ct
2000 600 2368 671 quorumdam

865 717 886 751 ι
933 697 1209 766 ejusmodi
1242 699 1534 753 verborum
1573 695 1982 750 multitudinem
2037 710 2105 747 ex
2139 694 2373 747 fallacia:

795 835 800 841 .
865 810 884 843 ι
933 791 1364 860 imposturznque
1390 791 1550 860 nugis
1577 789 1863 859 proferunt
1907 806 1922 842 :
1977 783 2225 857 eosque,
2277 788 2372 856 qui

871 904 890 937 ι
937 885 1167 938 nubium
1204 894 1590 952 persecutores
1621 893 1674 937 et
1703 883 2082 935 ineantatores
2113 888 2166 934 et
2213 895 2373 932 amu-

868 997 886 1029 ι
931 979 1165 1030 letorum
1213 976 1534 1045 prtebitores
1568 983 1620 1028 et
1651 985 1806 1028 vates
1837 973 2214 1042 appellantur.
2264 971 2373 1025 Eos

868 1089 886 1119 ι
935 1077 1141 1131 autem,
1180 1068 1270 1133 qui
1320 1069 1372 1119 in
1419 1068 1483 1119 ils
1521 1067 1841 1136 persistunt.
1875 1073 1930 1118 et
1964 1081 2070 1117 non
2124 1064 2193 1116 ab
2225 1063 2374 1132 ejus-

862 1183 878 1211 ι
924 1159 1070 1212 inodi
1114 1158 1445 1227 perniciosis
1507 1159 1913 1226 gentilibnsque
1966 1157 2164 1212 studiis
2210 1171 2370 1208 aver-

865 1270 883 1302 ι
927 1260 1118 1304 tuntur
1166 1258 1220 1304 et
1268 1249 1583 1316 aulugiunt,
1618 1249 1870 1304 Ecclesia
1921 1249 2147 1304 omnino
2180 1260 2370 1302 extur-

861 1359 878 1390 ι
923 1325 1136 1394 baridos
1186 1339 1538 1393 decernimus
1577 1357 1590 1393 :
1641 1339 1787 1393 sicut
1845 1347 1899 1392 et
1947 1340 2087 1392 sacri
2128 1352 2370 1392 canones

859 1453 878 1484 ι
926 1433 1139 1486 dicunt.
1171 1431 1304 1497 Quze
1334 1440 1419 1485 est
1449 1431 1598 1484 enim
1657 1430 1768 1483 luci
1802 1445 1925 1483 cum
1954 1430 2194 1484 tenebris
2216 1445 2368 1483 com-

858 1547 875 1576 ι
927 1525 1360 1580 munieatio’“?
1393 1533 1451 1577 ut
1481 1524 1556 1576 ait
1585 1522 1922 1593 Apostolus;
1955 1523 2036 1576 vel
2079 1537 2201 1592 qua:
2231 1532 2370 1574 tem-

857 1641 871 1668 ι
922 1621 1010 1688 plo
1054 1617 1143 1671 Dei
1174 1634 1296 1669 euzn
1339 1617 1503 1672 idolis
1547 1616 1891 1669 consensio?
1937 1617 2018 1668 vel
2045 1630 2167 1680 qua:
2214 1614 2363 1667 iideli

858 1734 874 1763 ‹
918 1728 1042 1766 cum
1077 1712 1282 1765 infideli
1321 1726 1446 1780 pars
1492 1720 1575 1764 est
1601 1709 1623 1762 ?
1650 1709 1782 1775 Qua:
1813 1721 1995 1764 autem
2027 1707 2253 1762 Christo
2279 1715 2366 1762 est

859 1827 876 1856 ι
921 1821 1044 1857 cum
1076 1804 1241 1857 Belial
1279 1803 1573 1856 concordia
1597 1801 1719 1854 "1’:

853 1896 1047 1951 BALS.
1085 1899 1138 1950 In
1193 1897 1265 1950 ‘25
1299 1913 1419 1966 cap.
1460 1899 1492 1951 9
1531 1898 1617 1949 tit.
1647 1897 1931 1965 praesentis
1969 1898 2150 1965 operis
2185 1897 2364 1949 diver-

784 2007 874 2046 sas
907 1992 1050 2060 leges
1089 1992 1382 2058 posuimus
1431 1990 1498 2043 de
1556 1990 1728 2057 magis
1754 2029 1767 2049 ,
1833 1991 2273 2042 incantatoribus
2313 1997 2366 2041 et

785 2087 907 2136 aliis
939 2083 1234 2151 ejusmodi,
1267 2099 1405 2152 quas
1467 2085 1599 2152 lege.
1658 2082 1909 2138 Praesens
1962 2091 2145 2135 autem
2187 2097 2363 2136 canon

783 2177 1095 2235 constituit,
1124 2191 1191 2229 ne
1216 2176 1340 2244 quis
1370 2176 1436 2229 ad
1461 2189 1613 2228 vates
1636 2180 1716 2229 vel
1742 2175 2175 2244 praestigiatores
2206 2187 2367 2226 accc-

779 2270 893 2332 dat,
948 2269 1030 2320 vel
1065 2267 1131 2320 ad
1165 2283 1260 2321 eos
1285 2267 1378 2337 qui
1419 2268 1682 2320 dicuntur
1725 2269 2110 2329 centuriones,
2163 2267 2248 2320 vel
2295 2266 2362 2319 ad

779 2379 876 2417 eos
906 2364 997 2430 qui
1031 2378 1191 2416 ursas
1221 2362 1464 2424 trahunt,
1493 2363 1576 2413 vel
1601 2361 1666 2414 ad
1703 2363 1927 2413 nubium
1957 2370 2361 2428 persecutores,

784 2458 862 2507 vel
899 2457 1290 2518 incantatores,
1326 2455 1410 2506 vel
1444 2457 1508 2506 ad
1554 2470 1650 2507 eos
1689 2455 1780 2522 qui
1818 2455 2062 2521 prwbent
2097 2457 2361 2508 amuleta.

780 2546 835 2598 Si
872 2548 994 2615 quis
1025 2558 1205 2597 autem
1242 2548 1346 2597 hoc
1379 2545 1596 2607 fecerit,
1636 2547 1904 2597 sexennio
1933 2547 2312 2614 segregabitur
2342 2562 2353 2594 :

775 2651 827 2692 et
864 2642 909 2694 si
944 2641 997 2691 in
1027 2640 1170 2690 uialo
1198 2647 1538 2707 perseveret,
1570 2639 1638 2691 ab
1672 2637 2364 2706 Ecclesia,publiceejicie-

773 2739 886 2793 tur,
928 2740 981 2783 et
1023 2744 1130 2781 non
1181 2730 1418 2797 amplius
1468 2744 1594 2782 cum
1653 2728 1975 2782 ortliodoxis
2030 2726 2361 2779 versabitur.

771 2823 904 2886 Qine
928 2831 1012 2874 est
1058 2821 1240 2882 enim,
1268 2821 1466 2888 inquit,
1501 2819 1937 2874 communicatio
1970 2819 2078 2871 luci
2123 2833 2250 2871 cum
2280 2828 2363 2871 tc-

773 2914 1003 2967 nebris?
1039 2923 1090 2966 et
1135 2921 1358 2965 caetera.
1408 2911 1546 2963 Cum
1583 2927 1758 2964 canon
1807 2911 1924 2962 lizec
1973 2911 2271 2968 decernat,
2308 2915 2364 2962 et

769 2989 1044 3076 ejusmodi
1087 3005 1458 3060 dminoniacas
1508 3007 1858 3073 Operationes
1892 3011 2122 3066 avertat,
2159 3010 2217 3054 ut
2240 3015 2364 3070 quae

771 3118 798 3153 a
849 3100 1034 3165 gentili
1072 3099 1392 3151 infidelitate
1442 3097 1717 3155 oriantur.
1772 3098 2145 3165 particulatim
2194 3109 2347 3163 qua:-

2062 399 2166 458 Tl'l
2179 396 2345 457 EOD.
2369 397 2461 454 BA
2474 395 2773 456 LSAMON
3965 401 4063 465 720

2551 529 2569 560 ι
2617 527 2740 570 νους
2794 508 2928 577 (62),
2975 508 3261 579 ἢτοιαῦτα
3303 510 3440 574 ζῶα,
3477 511 3610 583 πρὸς
3664 514 3919 582 παίγνιον
3975 534 4062 569 και

2539 620 2559 651 ι
2602 601 2807 671 βλάϐην
2888 603 2997 653 τῶν
3074 603 3482 675 ἁπλουστέρων,
3543 612 3636 658 καὶ
3690 609 3892 676 τύχην,
3961 613 4062 660 καὶ

2553 712 2573 745 ι
2612 695 2981 763 εἱμαρμένην,
3005 695 3482 764 καὶγενεαλογίαν
3519 698 3652 765 (65),
3689 701 3782 750 καὶ
3803 700 4063 752 τοιούτων

2554 808 2571 839 ι
2618 789 2783 842 τινῶν
2835 791 3098 860 ῥημάτων
3130 791 3286 860 ὄχλον
3334 791 3474 844 κατὰ
3524 792 3652 852 τοὺς
3701 795 3802 862 τῆς
3859 794 4062 861 πλάνης

2542 899 2560 932 ι
2604 879 2805 950 λήρους
2854 880 3191 948 φωνοῦντας,
3251 883 3376 944 τούς
3408 900 3468 934 τε
3525 883 3857 953 λεγομένους
3911 901 4064 951 νεφο-

2551 991 2568 1023 ι
2609 973 2864 1035 διώκτας,
2901 975 2994 1025 καὶ
3016 975 3307 1040 γυτευτὰς,
3346 977 3438 1028 καὶ
3472 978 3919 1047 φυλακτηρίους,
3967 979 4064 1029 καὶ

2552 1081 2570 1113 ι
2612 1063 2856 1133 μάντεις,
2904 1067 3262 1134 ἐπιμένοντας
3303 1067 3359 1118 δὲ
3393 1067 3602 1128 τούτοις
3630 1071 3727 1121 καὶ
3777 1070 3854 1139 μὴ
3907 1086 4069 1136 μετα.

2541 1173 2559 1205 ι
2606 1155 2922 1224 τιθεμένους
2952 1159 3048 1209 καὶ
3089 1159 3505 1226 ἀποφεύγοντας
3536 1163 3601 1213 τὰ
3630 1161 3858 1231 ὀλέθρια
3889 1161 4066 1214 ταῦτα

2551 1267 2568 1300 ι
2609 1248 2706 1301 καὶ
2744 1249 3037 1318 Ἑλληνικὰ
3062 1251 3492 1320 ἐπιτηδεύματα,
3517 1255 3876 1307 παντάπασιν
3895 1257 4068 1325 ἀπορ-

2554 1361 2570 1392 ‹
2613 1341 2900 1411 ῥίπτεσθαι
2927 1343 3027 1408 τῆς
3073 1342 3399 1413 Ἐκκλησίας
3428 1343 3707 1414 ὁρίζομεν,
3751 1345 3945 1407 καθὼς
3975 1347 4065 1398 καὶ

2542 1455 2560 1487 ι
2603 1437 2653 1488 οἱ
2694 1435 2828 1504 ἱεροὶ
2861 1437 3086 1498 κανόνες
3127 1437 3533 1506 διαγορεύουσι.
3579 1437 3675 1500 Τίς
3714 1439 3825 1508 γὰρ
3862 1456 4062 1490 κοινω-

2543 1546 2560 1578 ι
2605 1527 2692 1578 νία
2731 1529 2873 1594 φωτὶ
2901 1526 3037 1595 πρὸς
3070 1528 3303 1591 σκότοςς
3333 1527 3410 1589 ὦς
3453 1545 3619 1597 φησιν
3645 1529 3674 1579 ὁ
3707 1528 4062 1587 Ἀπόστολος,

2542 1639 2558 1670 ι
2599 1620 2633 1690 ἢ
2666 1620 2747 1682 τίς
2779 1619 3187 1686 συγκατάθεσις
3217 1620 3331 1688 ναῷ
3361 1618 3496 1671 Θεοῦ
3537 1621 3676 1688 μετὰ
3701 1619 3951 1672 εἰδώλων
3976 1660 3991 1680 ,
4029 1621 4059 1686 ἦ

2537 1730 2556 1762 ι
2599 1715 2682 1774 τίς
2716 1714 2876 1782 μερὶς
2913 1710 3091 1780 πιστῷ
3133 1711 3272 1780 μετὰ
3305 1711 3583 1776 ἀπίστους
3614 1710 3709 1774 Τίς
3737 1711 3793 1763 δὲ
3831 1712 4065 1779 συμφώ-

2546 1827 2564 1860 ‹
2611 1824 2768 1877 νησις
2797 1807 3019 1876 Χριστῷ
3046 1807 3180 1874 πρὸς
3213 1805 3448 1875 Βελίαρς
3491 1824 3510 1855 ι

2541 1901 2739 1954 ΒΑΛΣ.
2796 1900 2883 1952 Ἐν
2909 1899 2989 1970 τῷ
3027 1897 3105 1952 κε’
3128 1916 3256 1969 κεφ.
3295 1899 3390 1951 τοῦ
3418 1898 3463 1950 θ’
3505 1898 3687 1950 τίτλου
3718 1898 3816 1951 τοῦ
3849 1903 4060 1965 παρόν-

2471 2013 2558 2056 τος
2608 1993 2989 2062 συντάγματος
3042 1992 3508 2062 κατεστρώσαμεν
3531 1993 3825 2062 διαφόρους
3858 1995 4060 2061 νόμους

2470 2089 2598 2157 περὶ
2639 2087 2832 2154 μάγων
2873 2088 2969 2138 καὶ
3024 2084 3314 2148 ἑπαοιδῶν,
3371 2089 3464 2136 καὶ
3510 2085 3717 2154 ἑτέρων
3765 2087 4060 2142 τοιούτων.

2470 2185 2565 2232 καὶ
2659 2176 2935 2244 ἀνάγνωθι
3006 2177 3253 2237 τούτους.
3357 2176 3415 2227 '0
3481 2176 3539 2226 δὲ
3611 2175 3808 2245 παρὼν
3879 2177 4062 2228 κανὼν

2467 2270 2789 2339 διορίζεται⁹
2822 2269 3026 2339 μηδένα
3082 2269 3342 2337 μάντεσιν
3397 2267 3430 2340 ἦ
3493 2267 3683 2337 γόησιν
3746 2270 4060 2338 προσέρχε-

2472 2364 2597 2414 σθαι
2629 2366 2660 2432 ἢ
2693 2367 2804 2424 τοῖς
2853 2363 3168 2431 λεγομένοις
3220 2362 3660 2431 ἑκατοντάρχοις,
3707 2361 3741 2431 ἢ
3773 2364 3904 2424 τοῖς,
3946 2365 4063 2415 ἐπι·

2468 2461 2785 2525 συρομένοις
2828 2457 2926 2514 τὰς
2950 2456 3186 2526 ἄρκτους
3220 2455 3388 2523 ἢτοτς
3418 2455 3832 2524 νεφοδιώκταις,
3883 2457 3920 2524 ἢ
3955 2459 4063 2518 τοῖς

2468 2553 2779 2618 γυτευῖαῖς,
2817 2554 2852 2620 ἢ
2891 2554 3004 2612 τοῖς
3047 2551 3350 2620 παρέχουσι
3396 2551 3466 2602 τὰ
3497 2550 3878 2619 φυλακτήρια.
3914 2552 3980 2603 Εἰ
4007 2552 4062 2602 δέ

2466 2658 2549 2703 τις
2579 2641 2738 2694 τοῦτο
2771 2645 3010 2711 ποιησει,
3057 2643 3151 2692 ἐπι
3175 2640 3425 2706 ἑξαετίαν
3455 2638 3920 2708 ἀφορισθήσεται·
3970 2641 4064 2693 καὶ

2466 2732 2746 2801 ἐπιμένων
2771 2731 2848 2799 τῷ
2879 2731 3058 2800 κακῷ,
3117 2730 3216 2798 τῆς
3239 2728 3531 2797 ἐκκλησίας
3554 2727 4060 2797 ὲκκηρυχθὴσεται,

2467 2829 2566 2882 καὶ
2611 2828 2798 2880 οὐκέτι
2855 2828 2994 2897 μετὰ
3043 2825 3155 2877 τῶν
3188 2824 3486 2893 ὀρθοδόξων
3533 2822 4057 2889 συναυλισθήσεται.

2468 2923 2564 2984 Τίς
2595 2921 2726 2990 γὰρ,
2780 2921 2938 2989 φησι,
2974 2919 3230 2971 κοινωνία
3259 2921 3397 2983 φωτὶ
3421 2917 3556 2986 πρὸς
3591 2915 3826 2978 σκότος;
3861 2917 3963 2966 καὶ
3997 2916 4062 2965 τὰ

2466 3015 2614 3084 ἑξῆς.
2647 3013 2835 3066 Ταῦτα
2866 3011 2960 3064 τοῦ
2992 3013 3220 3073 κανόνος
3253 3008 3655 3079 διοριζομένου,
3693 3009 3788 3061 καὶ
3822 3008 4065 3076 ἀποτρέ-

2466 3123 2662 3166 ποντος
2703 3104 2802 3169 τὰς
2843 3103 3222 3174 δαιμονιὼδεις
3262 3101 3518 3163 τοιαύτας
3549 3100 3839 3170 ἐργασίας,
3870 3100 3951 3163 ὡς
3996 3103 4060 3151 ἐκ

773 3194 940 3246 renda
987 3201 1116 3245 sunt
1175 3208 1297 3261 qua:
1359 3190 1464 3243 hoc
1515 3206 1728 3242 canone
1795 3189 2356 3256 compreheiuluntur.

2467 3201 2565 3270 τῆς
2610 3197 2929 3268 Ἐὶληνικῆς
2974 3196 3068 3249 καὶ
3102 3193 3321 3264 ὲθνικῆς
3343 3192 3602 3255 ἀπιστίας
3638 3193 4055 3261 καταγομένας,

769 3285 935 3354 228
990 3283 1154 3337 Vates
1200 3284 1465 3336 dicuntur
1520 3283 1714 3351 palma:
1762 3282 2148 3349 inspectores.
2211 3283 2358 3349 iique

767 3384 859 3449 qui
902 3384 952 3432 in
989 3381 1146 3448 pelve
1186 3379 1464 3440 divinant,
1514 3386 1569 3429 et
1615 3377 1648 3428 ii
1695 3376 1786 3446 qui
1822 3391 1919 3441 per
1949 3373 2223 3428 Sacriﬁcia
2260 3390 2356 3440 pa-

768 3486 906 3527 trem
954 3489 1116 3526 sunm
1161 3472 1423 3526 Satanam
1478 3473 1546 3524 de
1578 3485 1637 3523 re
1666 3471 1850 3540 aliqua
1880 3471 2261 3536 interrogant:
2304 3477 2357 3519 et

764 3580 981 3627 omnes,
1021 3573 1078 3617 ut
1112 3565 1281 3616 semel
1318 3563 1522 3622 dicam,
1555 3563 1648 3632 qui
1683 3578 1778 3632 per
1815 3563 2063 3631 qua-dam
2107 3563 2261 3630 signa
2291 3574 2355 3614 ex

766 3657 1124 3728 suggestione
1157 3657 1496 3710 daemoniaca
1532 3657 1679 3709 Scire
1707 3655 1888 3708 futura
1924 3658 2274 3724 proﬁtentur,
2302 3661 2356 3707 et

763 3767 822 3804 se
852 3749 1089 3804 daunoni
1125 3748 1416 3803 addicunt.
1444 3748 1818 3802 Centuriones
1850 3757 1978 3800 sunt
2014 3748 2107 3816 qui
2139 3748 2355 3800 anubis

763 3845 1062 3912 primicerii
1088 3845 1350 3896 dicuntur
1383 3861 1395 3896 :
1437 3852 1593 3895 erant
1628 3852 1810 3895 autem
1839 3843 2151 3911 antiquitus
2182 3842 2357 3894 homi-

766 3949 864 3987 nes
889 3948 1072 3996 senes,
1113 3934 1304 3999 utique
1339 3933 1748 4002 prudentiores,
1785 3941 1839 3985 et
1874 3947 1933 3985 se
1973 3931 2198 4000 reliquis
2224 3947 2358 3985 con-

763 4029 944 4081 sulere
979 4042 1092 4096 pra:
1139 4042 1200 4080 se
1257 4028 1535 4090 ferentes;
1569 4027 1660 4095 qui
1707 4025 1929 4092 quidem
1971 4041 2094 4078 cum
2128 4042 2223 4094 per
2260 4042 2355 4079 ex-

763 4119 1064 4173 secrabiles
1102 4118 1419 4186 linjusmodi
1470 4118 1825 4186 operationes
1858 4118 2225 4186 simpliciores
2264 4134 2354 4173 se-

762 4213 1053 4274 ducerent,
1089 4221 1145 4264 ut
1185 4211 1512 4280 pseudotliei
1535 4212 1888 4264 colebantur.
1931 4209 2100 4265 Ursas
2135 4211 2352 4266 tra'liere

762 4306 1032 4359 dicuntur
1068 4305 1127 4364 ii,
1168 4305 1260 4372 qui
1292 4305 1660 4373 arctotrophi,
1690 4305 1740 4357 id
1779 4315 1882 4365 est,
1922 4319 2180 4358 ursOI'mn
2213 4307 2355 4360 alto-

763 4414 870 4459 res,
899 4398 1287 4467 appellantur:
1336 4398 1432 4465 qui
1485 4397 1704 4465 quidem
1765 4399 1816 4449 in
1863 4399 2042 4465 capite
2096 4406 2149 4451 et
2186 4401 2352 4452 totius

761 4492 1020 4544 animalis
1075 4505 1314 4560 corpore
1361 4490 1637 4543 tincturas
1670 4492 2072 4559 appendentes,
2111 4500 2167 4547 et
2209 4493 2351 4561 pilos

2468 3293 2737 3362 ζητητέον
2794 3291 2864 3342 τὰ
2903 3289 3044 3342 κατὰ
3098 3287 3265 3359 μέρος
3298 3286 3378 3356 τῷ
3405 3286 3595 3339 κανόνι
3661 3277 4058 3354 ¹ἠεριεχόμενα..

2469 3388 2713 3445 Mdv-cet;
2734 3383 2983 3449 λέγονται
3003 3380 3053 3434 οἱ
3069 3379 3508 3449 παλαμοσκόποι,
3530 3377 3579 3429 οί
3603 3377 4057 3445 λεκανομάντεις,

2467 3482 2515 3532 oi
2556 3480 2646 3531 διὰ
2677 3476 2880 3529 θυσιῶν
2907 3477 3000 3527 τὸν
3032 3477 3248 3542 πατέρα
3283 3473 3462 3524 αὐτῶν
3494 3476 3586 3522 τὸν
3619 3472 3871 3523 Σατανᾶν
3914 3474 4056 3539 ἐρω-

2465 3572 2688 3633 τῶντες,
2759 3569 2948 3631 ἁπλῶς
2999 3568 3202 3628 πάντες
3259 3567 3308 3617 οἱ
3367 3564 3641 3617 ὁιάτινων
3701 3562 3954 3632 σημείων
4000 3563 4066 3626 ἐξ

2467 3665 2751 3732 ὑποθῖκης
2800 3661 3122 3731 δαιμονικῆς
3171 3661 3240 3711 τὰ
3277 3656 3543 3728 μέλλοντα
3595 3656 3819 3726 βλέπειν
3856 3673 4061 3725 προαι-

2469 3756 2742 3826 ρούμενοι,
2777 3755 2873 3808 καὶ
2917 3751 2997 3823 τῷ
3042 3750 3260 3820 δαίμονι
3300 3751 3527 3811 ἑαυτοὺς
3599 3747 4062 3816 παρατιθέμενοι.

2480 3846 2910 3917 Ἐκατόνταρχοί
2958 3848 3098 3898 εἰσιν
3127 3846 3177 3897 oi
3213 3845 3344 3914 παρ’
3381 3842 3544 3912 ἡμῶν
3575 3840 3858 3909 λεγόμενοι
3887 3856 4064 3909 πριμ-

2468 3943 2720 4010 μικήριοι
2751 3956 2766 3970 ο
2822 3934 2966 4008 ἦσαν
3021 3936 3079 3988 δὲ
3109 3935 3172 3987 τὸ
3201 3934 3430 3987 παλαιὸν
3456 3931 3735 4001 ἄνθρωποι
3767 3931 4061 3999 γηραλέοι,

2463 4034 2869 4104 φρονιμώτεροι
2891 4029 3074 4098 δῆθεν,
3115 4031 3210 4081 καὶ
3249 4027 3390 4080 κατὰ
3418 4024 3734 4096 συμϐουλὴν
3771 4023 3885 4076 τῶν
3939 4023 4056 4074 λοι-

2464 4128 2582 4178 πῶν
2622 4122 3052 4194 ὑπερφέροντες,
3099 4121 3296 4182 οἵτινες
3343 4119 3432 4172 διὰ
3491 4117 3753 4171 τοιούτων
3779 4115 4058 4185 μυσαρῶν

2463 4218 2734 4288 ἐργασιῶν
2759 4216 2888 4278 τοὺς
2908 4214 3320 4285 ἁπλουστέρους
3347 4213 3665 4273 πλανῶντες
3723 4210 3800 4273 ῶς
3856 4210 4062 4278 Q5966-

2463 4311 2576 4363 θεοι
2644 4308 2986 4372 ὲσεὸἁζοντο.
3065 4307 3336 4378 ’Δρκτους
3392 4305 3675 4374 ὶπισύρειν
3729 4303 3986 4371 λέγονται
4010 4303 4063 4354 οι

2464 4401 2793 4472 καλούμενοι
2824 4400 3192 4471 ἀρκτοτρόφοι
3218 4417 3232 4432 ο
3263 4399 3462 4460 οἵτινες
3480 4398 3747 4468 βάμματα
3777 4395 4064 4464 ὲξαρτῶσι

2464 4495 2608 4550 κατὰ
2637 4497 2737 4567 τῆς
2766 4494 3012 4564 κεφαλῆς
3051 4496 3146 4548 καὶ
3175 4492 3268 4546 τοῦ
3301 4492 3425 4545 ὅλου
3460 4491 3713 4560 σώματος
3755 4489 3853 4541 τοῦ
3884 4487 4059 4550 ζὼου,

761 4601 828 4639 ex
858 4586 978 4654 ipso
1007 4584 1325 4647 tondentes,
1365 4598 1463 4637 eos
1493 4598 1601 4636 una
1643 4600 1769 4636 cum
1819 4585 2080 4639 tincturis
2115 4587 2266 4652 dant,
2299 4596 2356 4641 ut

2469 4590 2566 4642 καὶ
2607 4587 2802 4660 τρίχας
2859 4586 3138 4657 κείροντες
3197 4586 3260 4637 ἐκ
3317 4583 3534 4647 τούτου,
3589 4581 3796 4634 διδόασι
3847 4580 4061 4638 ταύτας

764 4679 1001 4732 remedia
1042 4685 1098 4731 et
1150 4677 1413 4741 aiuulela,
1444 4689 1498 4729 et
1531 4685 1790 4746 tanquam
1846 4679 1899 4731 in
1933 4679 2140 4734 morbis
2183 4688 2237 4734 et
2269 4679 2353 4734 fa-

763 4773 1113 4826 scinantibus
1168 4772 1347 4827 oculis
1388 4771 1595 4838 aliquid
1653 4771 1907 4826 conferre
1951 4774 2182 4843 possint.
2247 4775 2352 4829 Alii

763 4882 892 4920 vero
944 4873 1233 4935 serpentes
1313 4864 1369 4916 in
1421 4865 1548 4916 sinu
1616 4873 1946 4933 gestantes,
2007 4866 2100 4934 qui
2189 4866 2354 4920 etiam

835 5028 915 5057 ""
957 5025 1147 5083 “Cor.
1185 5045 1256 5095 γι,
1302 5027 1383 5080 Η.
1477 5027 1673 5082 "ibid.
1711 5025 1797 5080 15.

2465 4682 2565 4734 σὺν
2624 4683 2737 4743 τοῖς
2773 4678 3083 4750 βάμμασιν,
3135 4677 3212 4741 ὡς
3261 4677 3636 4746 φυλακτήρια,
3670 4674 3764 4727 καὶ
3791 4671 3867 4734 ὡς
3891 4672 4062 4725 δυνα-

2467 4775 2639 4845 μένας
2665 4773 2968 4826 λυσιτελεῖν
2998 4774 3056 4825 έν
3085 4771 3260 4835 νόσοις
3287 4772 3379 4823 καὶ
3408 4772 3466 4822 ὲν
3501 4770 3795 4840 βασκάνοις
3835 4769 4019 4838 ὀφθαλ
4041 4797 4058 4808 -

2467 4869 2610 4937 μοῖς.
2642 4867 2829 4920 ’Δλλοι
2871 4867 2928 4919 δὲ
2977 4865 3101 4927 τοὺς
3131 4864 3284 4932 ὄφεις
3333 4863 3810 4932 έγκόλπιζόμενοι,
3861 4862 3916 4914 οἱ
3966 4863 4059 4914 καὶ

1942 5118 2139 5181 Guill.
2181 5118 2510 5196 Beveregii
2550 5128 2739 5181 noue.
3074 5185 3079 5189 _

836 5228 948 5301 (69.)
987 5230 1096 5295 Τὰς
1125 5227 1386 5296 ἄρκτους
1436 5228 1934 5295 ἐπιφερομένους.
1972 5222 2175 5301 Editio_
2208 5224 2359 5278 Pari-
2456 5223 2916 5301 dtvpovottig,_ﬂv
2949 5221 3198 5301 ἀκριβῶς
3258 5223 3849 5301 ἐκπεπαίδευτοηὰλλὰ
3925 5226 4035 5277 καθ

764 5294 961 5356 εἰείιείἐ
1020 5294 1169 5369 legit‘
1205 5294 1781 5368 ἐπισυρομένουςαηε.
1845 5294 2354 5360 Amerbacbianus.

764 5373 1127 5443 φερομένους.

681 5500 685 5506 .
776 5437 788 5442 ’
834 5437 944 5515 (65)
980 5445 1088 5498 Καὶ
1120 5444 1314 5511 τύχην
1349 5442 1446 5494 καὶ
1509 5437 1880 5515 εἱμαρμένην
1911 5437 2009 5489 καὶ
2050 5441 2354 5515 ,γενεαλω

762 5509 932 5586 γίιὶν.
970 5509 1203 5578 Aquila,
1217 5509 1449 5566 timens
1480 5522 1688 5586 ευιιειίυ
1713 5510 2022 5586 Scriptura:
2049 5509 2347 5586 interpres.

761 5583 825 5642 eo
855 5589 999 5655 quod
1072 5589 1229 5639 vanis
1276 5585 1590 5653 huiusmodi
1647 5583 1814 5648 rebus
1859 5595 1981 5634 sese
2053 5583 2347 5655 addixerit,

761 5653 1096 5725 easdemque
1125 5656 1452 5718 defenderit,
1482 5655 1728 5708 Ecclesia
1773 5655 1934 5725 longe
1979 5660 2116 5725 ante
2138 5653 2347 5725 editum

762 5723 1084 5801 prseseutem
1119 5728 1633 5801 canoneniejeotus
1665 5733 1772 5801 est.
1831 5723 2176 5801 Epiphanius
2201 5724 2344 5801 enim

763 5793 829 5855 de
856 5821 924 5856 eo
958 5803 1186 5865 loquens
1215 5802 1310 5858 ait,
1363 5793 1496 5851 Ἀπὸ
1528 5798 1583 5848 δὲ
1613 5798 1835 5867 πρώτης
1869 5793 2036 5867 αὑτοῦ
2064 5793 2232 5856 ’έξεως

765 5875 1158 5942 μεταθέμενος,
1220 5871 1311 5922 τοῦ
1369 5865 1665 5921 πιστεύειν
1703 5865 1948 5935 δηλονότι
2004 5869 2073 5934 τῇ
2130 5865 2342 5936 ματαίᾳ

2457 5297 2701 5365 ἑκάστην
2729 5294 2946 5364 ἡμέραν
2980 5297 3039 5347 τὸ
3074 5294 3218 5360 θέμα
3251 5295 3350 5365 τῆς
3383 5295 3553 5346 αὑτοῦ
3577 5295 3867 5365 ¹γενέσεως
3925 5312 4060 5347 σκε-

2457 5355 3156 5436 πτόμενος,⁷’ἐλεγχόμενόςή
3181 5381 3242 5436 τε
3271 5355 3378 5417 ὑπὸ
3406 5365 3518 5436 τῶν
3567 5355 3916 5436 δὶδασκάλων
3957 5367 4055 5419 καὶ

2453 5434 2863 5507 ἐπιτιμώμενος
2901 5437 3067 5490 ἕνεκα
3107 5434 3323 5507 τούτου,
3386 5435 3467 5504 μὴ
3501 5435 3893 5507 διορθούμενος
3964 5439 4059 5488 καὶ

2454 5506 2732 5562 ἀλλὰκαὶ
2800 5508 3132 5575 φιλονείκως
3193 5506 3395 5576 μᾶλλον
3456 5506 3904 5575 ἁντιτιθέμενος,
3963 5511 4059 5560 καὶ

2456 5580 2710 5632 σπεύδων
2766 5579 3029 5649 συνιστᾷν
3081 5579 3149 5629 τά
3211 5580 3520 5649 ἀσύστατα.
3557 5580 3657 5647 τὴν
3697 5578 4059 5646 εἱμαρμένην

2453 5651 2700 5722 δηλονότι
2735 5652 2828 5704 καὶ
2879 5652 2950 5702 τὰ
2975 5647 3130 5717 περὶ
3167 5649 3370 5722 αὖτῆςᾼ
3407 5647 3766 5722 διηγήματα..
3801 5650 4058 5716 ἐξεώσθη

2453 5717 2616 5776 πάλιν
2677 5723 2779 5792 τῆς
2835 5721 3161 5790 ἐκκλησίας,
3219 5717 3305 5782 ῶς
3341 5717 3617 5790 ἄχρηστος
3673 5719 4053 5792 πρὸςΫ-σωτηο

2452 5797 2596 5865 ρίαν.
2635 5785 2906 5865 Ερῆιικιιι.
2945 5785 3016 5847 ne
3051 5806 3230 5846 meus.
3263 5801 3317 5845 et
3348 5785 3573 5861 ponder.
3621 5785 3775 5843 num.
3812 5789 3902 5844 l5.
3959 5785 3964 5790 ’
