4240 6442
178 421 290 487 725

167 529 343 599 ὄνομα
404 530 725 599 ἐπιλέγηται
784 533 897 594 τοῖς
930 530 1214 592 τοιούτοις,

169 638 366 672 νωνται
403 621 747 690 ἐπίκλησεις,
784 620 886 674 κᾶν
908 621 969 673 τὸ
1006 625 1237 690 σημεῖον
1270 623 1365 676 τοῦ
1399 622 1545 675 θείου
1575 640 1743 674 σταυ-

172 714 271 784 ροῦ
300 716 602 782 ἐπάγηται,
639 715 862 783 φεύγειν
889 715 971 767 δεῖ
1016 716 1087 767 τὰ
1134 715 1359 768 τοιαῦτα
1388 716 1482 768 καὶ
1516 717 1746 787 ἀποτρέ-

170 810 390 859 πεσθαι.
451 807 543 859 Διὸ
598 807 691 860 καὶ
753 808 800 859 oi
835 807 937 877 τῆς
974 809 1194 862 συνόδου
1245 809 1446 877 ταύτης
1502 811 1747 877 Πατέρες

168 899 298 958 τοὺς
325 898 567 951 τοιοῦτόν
594 917 646 951 τι
672 898 962 962 ποιοῦντας
994 900 1085 953 ἐπὶ
1114 901 1363 965 ἑξαετίαν
1389 901 1746 971 ἀφορίζεσθαι

168 991 496 1060 διωρίσαντο
553 991 708 1057 (άλλά
750 992 843 1043 τὸν
890 993 1197 1061 άφορισμδν
1239 994 1331 1046 ἐπὶ
1368 992 1577 1046 λαῖκῶν
1623 1010 1749 1061 νοη-

169 1084 296 1134 τέον
331 1098 346 1114 ⁸
396 1084 446 1135 oi
492 1084 599 1153 γάρ
644 1084 931 1155 ἱερωμένοι
981 1085 1493 1155 καθαιρεθήσονται.
1549 1087 1637 1138 Ἐν
1667 1080 1749 1149 οἷς

173 1177 287 1244 γάρ
345 1177 683 1244 πταίσμασιν
742 1177 856 1248 (65)
920 1181 970 1232 οἱ
1028 1178 1208 1232 λαῖκοὶ
1262 1180 1637 1250 ἀφορίζονται.
1693 1183 1750 1233 ἐν

173 1271 387 1332 τούτοις
418 1272 468 1322 οἱ
505 1270 795 1339 ίερωμένοι
851 1270 1289 1342 καθαιροῦνται).
1358 1273 1749 1341 Ἐπιμένοντας

171 1361 229 1411 δὲ
265 1360 501 1422 τούτοις,
534 1363 754 1429 καὶτῆς
800 1352 1127 1432 Ἕκκλησίας
1162 1362 1549 1423 ἐκκόπτεσθαι,
1586 1364 1753 1433 ἤγουν

171 1452 277 1519 τῆς
303 1453 413 1503 τῶν
445 1453 652 1505 πιστῶν
677 1453 1028 1523 ὁμηγύρεως.
1063 1455 1171 1507 Καὶ
1214 1454 1276 1506 ού
1330 1455 1467 1522 μόνα
1501 1454 1571 1507 τὰ
1601 1457 1745 1524 εἰρη-

175 1543 318 1611 μένα
376 1544 577 1597 κωλύει
621 1545 872 1613 γίνεσθαι
934 1547 963 1598 ὁ
1018 1545 1220 1612 κανὼν,
1277 1546 1411 1599 ἀλλὰ
1472 1547 1547 1617 τῷ
1604 1548 1753 1617 αύτῷ

177 1636 445 1707 ἐπιτιμίῳ
493 1637 785 1690 ὑποϐάλλει
838 1638 934 1691 καὶ
968 1640 1094 1701 τοὺς
1138 1640 1238 1701 τὰς
1273 1638 1509 1709 ἄρκτους
1560 1641 1752 1691 ἐπισυ-

183 1731 450 1798 ρομένους
484 1732 518 1794 ἢ
543 1731 769 1785 τοιαῦτα
808 1730 927 1795 ζῶα
956 1734 1093 1801 πρὸς
1123 1733 1375 1801 παίγνιον
1408 1735 1501 1785 καὶ
1555 1733 1755 1803 βλάϐην

176 1824 289 1875 τῶν
346 1824 754 1895 ἁπλουστέρων.
808 1825 921 1879 Καὶ
974 1827 1081 1895 γὰρ
1137 1826 1399 1894 βάμματα
1456 1827 1756 1895 ἐξαρτῶσιν

175 1914 359 1965 αὐτῶν
391 1917 501 1973 καὶ,
527 1916 723 1985 τρίχας
761 1918 1039 1985 κείροντες
1080 1918 1139 1980 ἐξ
1187 1918 1391 1981 αὐτῶν,
1423 1919 1626 1970 δίδοασι
1658 1936 1756 1985 γυ·
1789 1888 1831 1942 Β
1860 1913 2067 1963 duell"!
2089 1953 2101 1971 .

174 2007 355 2070 ναιξὶν
404 2007 477 2071 ὡς
528 2010 901 2078 φυλακτήρια,
957 2010 1053 2062 καὶ
1081 2010 1155 2071 ὡς
1185 2011 1325 2079 τάχα
1371 2013 1429 2063 ἐν
1483 2014 1678 2073 νό-οις,
1724 2014 1756 2082 ἦ

175 2099 479 2167 βασκάνοις
526 2102 828 2171 ὀφθαλμοῖς
869 2101 1172 2153 λυσιτελεῖν
1228 2120 1282 2154 τι
1333 2103 1649 2171 δυνάμενα·
1702 2106 1757 2155 αἱ

173 2193 255 2256 δὲ,
289 2191 464 2246 ταῦτα
494 2192 570 2257 ὡς
612 2195 886 2260 ἀναγκαῖα
923 2194 1326 2263 λαμϐάνουσαι,
1372 2197 1564 2265 μισθὸν
1616 2197 1758 2249 ἐκεί-

180 2302 298 2345 νοις
339 2285 667 2356 παρέχουσι,
700 2286 796 2339 καὶ
830 2286 1045 2351 ἀξιοῦσι
1091 2286 1163 2340 τά
1206 2288 1369 2340 τέκνα
1423 2289 1605 2341 αὐτῶν
1648 2292 1756 2353 τοῖς

178 2375 377 2440 νώτοις
409 2377 501 2429 τοῦ
537 2375 699 2447 θηρὸς
760 2378 1069 2442 ἐπιθέσθαι,
1126 2379 1200 2442 ὡς
1245 2379 1309 2449 δή
1360 2396 1524 2432 τινων
1574 2382 1759 2433 κακῶν

178 2469 507 2537 ἀποτροπῆς
544 2469 810 2539 ἐσομένης
858 2472 921 2522 ἐκ
950 2470 1144 2522 τούτου
1179 2472 1291 2532 τοῖς
1329 2472 1519 2523 παισὶν
1551 2471 1760 2524 ἑαυτῶν

181 2565 278 2616 καὶ
341 2564 469 2626 τοὺς
510 2566 684 2634 τύχην
723 2564 1090 2633 ὀνομάζοντας
1127 2566 1220 2617 καὶ
1270 2567 1614 2634 εἱμαρμένην
1668 2567 1760 2618 καὶ

175 2655 559 2723 γενεαλογίαν.
598 2640 781 2707 Ταύτα
826 2655 881 2708 δέ
933 2655 1255 2725 Ἑλληνικῆς
1302 2658 1408 2707 εἱσι
1468 2658 1758 2725 φλυαρίας.

189 2746 431 2817 Ὁμοίως
470 2747 831 2817 ἐπιτιμᾶσθαι
856 2748 1237 2801 διακελεύεται
1268 2764 1281 2778 ’
1320 2751 1417 2817 Τίς
1445 2750 1575 2817 γὰρ,
1602 2753 1757 2817 φησὶ,

180 2839 467 2893 κοινωνία
499 2840 645 2908 φωτί
688 2840 835 2908 πρὸς
875 2843 1142 2903 σκότος;
1187 2840 1282 2893 καὶ
1313 2841 1379 2891 τὰ
1422 2840 1510 2892 διὰ
1551 2842 1761 2905 τούτοις

184 2932 516 3001 συνημμένα
548 2933 712 2985 λοιπὰ
743 2932 836 2985 τοῦ
878 2933 1207 2987 Ἀποστόλου
1242 2933 1404 3003 ῥητά.

180 3023 409 3078 ΔΡΙΣΤ.
470 3042 487 3073 ι
531 3026 628 3085 ‘0;
686 3024 878 3077 ἑαυτὸν
931 3025 1356 3093 ἑκατοντάρχοις
1414 3026 1446 3095 ἥ
1511 3026 1763 3092 δαίμοσιν

263 3137 282 3167 ι
320 3117 529 3189 ἐπιδῶ,
581 3116 720 3171 ὥστε
786 3136 836 3171 τι
891 3119 1000 3171 τῶν
1059 3118 1389 3188 ἀπορρήτων
1448 3118 1762 3186 μανὸάνειν,

264 3231 283 3263 ι
322 3210 572 3275 ἑξαετίαν
604 3210 984 3263 ὑποπιπτέτω.
1008 3210 1168 3263 Κατὰ
1190 3212 1353 3263 ταυτὸ
1384 3211 1478 3262 καὶ
1510 3214 1536 3263 ὀ
1561 3210 1762 3281 ἄρκτον

266 3323 287 3355 ι
326 3302 755 3374 ἐπισυρόμενος,
815 3304 1188 3375 ὀγοητευταῖς
1240 3305 1335 3357 καὶ
1381 3304 1767 3373 νεφοδιώκταις

267 3419 286 3449 ι
326 3396 694 3467 κολλώμενος,
736 3396 833 3450 καὶ
859 3396 1170 3469 εἱμαρμένῃ
1206 3399 1302 3451 καὶ
1324 3398 1461 3469 τύχῃ
1496 3399 1769 3451 πιστεύων

271 3510 289 3541 ι
325 3494 425 3559 τῆς
464 3490 789 3558 Ἐκκλησίας
818 3491 1268 3557 ἀποσυνάγωγος.
1303 3510 1322 3542 ι

262 3584 402 3646 Τοὺς
438 3583 925 3647 ἐξακολουθοῦντας
952 3586 1063 3645 τοῖς
1101 3582 1246 3635 ἔθεσι
1276 3584 1385 3635 τῶν
1432 3574 1626 3645 ἐθνῶν,
1676 3584 1770 3635 καὶ

191 3676 512 3748 μάντεσινῆ
572 3674 843 3737 ἐπαοιδοῖς
875 3676 1098 3738 ἑαυτοὺς
1147 3676 1534 3738 ἐκδεδωκότας,
1569 3676 1649 3737 ὡς
1703 3676 1769 3728 ἂν

190 3770 448 3841 μάθωσιν
482 3769 542 3833 ἐξ
571 3768 752 3820 αὐτῶν
801 3767 1096 3838 ἀπόρρητά
1142 3785 1262 3819 τινα
1294 3783 1308 3798 ’
1358 3767 1622 3829 ὡσαύτως
1679 3770 1772 3820 καὶ

190 3864 321 3924 τοὺς
366 3860 799 3932 ἐπισυρομένους
836 3862 935 3921 τὰς
965 3859 1204 3930 ἄρκτους
1233 3859 1265 3929 ἣ
1300 3860 1465 3931 ἕτερά
1492 3880 1611 3912 τινα
1656 3862 1770 3925 ζῶα

192 3959 334 4026 πρὸς
372 3955 624 4022 παίγνιον
675 3955 768 4006 καὶ
813 3952 1025 4024 πλάνην
1072 3953 1183 4005 τῶν
1233 3954 1639 4024 ἁπλουστέρων,
1678 3960 1771 4007 καὶ

188 4048 365 4117 τύχην
426 4046 518 4099 καὶ
558 4048 898 4119 εἱμαρμένην
940 4048 1036 4100 καὶ
1081 4047 1431 4116 γενεαλογίας
1490 4048 1769 4115 λέγοντας,

194 4146 292 4194 καὶ
344 4143 471 4203 τοὺς
535 4140 891 4204 πιστεύοντας
949 4145 1062 4205 τοῖς
1126 4146 1450 4210 γοητευταῖς
1511 4145 1603 4197 καὶ
1658 4147 1771 4207 τοῖς

192 4233 515 4303 λεγομένοις
544 4232 952 4302 νεφοδιώκταις,
990 4233 1191 4303 ὥρισεν
1222 4236 1249 4306 ἡ
1280 4234 1495 4298 σύνοδος
1521 4237 1772 4293 ἑξαετίαν

194 4324 600 4395 ἐπιτιμᾶσθαι’
634 4325 774 4379 ὥστε
829 4329 888 4380 ἐν
937 4328 1233 4397 τέσσαρσιν
1288 4329 1433 4382 ἔτεσι
1493 4333 1631 4397 μετὰ
1663 4332 1770 4382 τῶν

196 4420 619 4472 ὑποπιπτόντων
660 4419 936 4485 ῖστασθαι,
972 4422 1066 4473 ἐπὶ
1103 4421 1161 4473 δε
1205 4421 1359 4475 δυσὶν
1400 4421 1584 4485 ἄλλοις
1627 4422 1772 4476 ἔτεσι

198 4511 558 4564 συνίστασθαι
610 4514 726 4574 τοῖς
780 4515 1031 4575 πιστοῖς,
1097 4516 1191 4565 καὶ
1258 4512 1432 4576 οὕτως
1486 4514 1771 4579 ἀξιοῦσθαι

1175 423 1259 486 ΙΝ
1294 424 1455 486 CAN.
1494 424 1661 482 LXII
1702 420 1911 485 CONC.
1952 424 2034 484 ΙΝ
2069 424 2396 484 TRULLO.

3312 428 3415 492 726

1276 532 1380 585 κᾶν
1442 533 1615 599 ἁγίων
1664 534 1743 599 γίο
1781 533 1823 586 Α
1853 531 2119 599 ejusmodi
2154 534 2463 587 actionibus
2495 534 2884 597 admisceatur,
2936 561 2950 589 .~

1739 562 1743 570 ι
1781 533 1823 586 Α
1853 531 2119 599 ejusmodi
2154 534 2463 587 actionibus
2495 534 2884 597 admisceatur,
2936 537 2977 590 si
3011 539 3220 593 coclites
3253 544 3413 593 etiam

1848 626 2209 691 advocentnr,
2263 627 2551 696 divineque
2593 630 2815 697 insuper
2850 632 3065 700 signum
3114 635 3293 684 crucis
3340 637 3418 684 in-

1850 725 2192 784 terponatnr,
2236 719 2421 786 fugere
2472 728 2650 773 tamen
2682 737 2743 773 ea
2792 737 2887 772 nos
2922 737 2982 773 ac
3016 724 3230 789 pellitus
3263 740 3417 774 avt-r-

1849 810 1957 860 seri
1993 807 2210 861 debere.
2268 808 2504 863 Proinde
2537 809 2699 875 hujus
2726 825 2943 878 quoque
2980 813 3167 879 synodi
3206 811 3415 873 Patres,

1849 899 1940 966 qui
1997 898 2102 953 tale
2141 899 2420 967 quidpiam
2482 900 2821 963 admiserint,
2884 903 3153 970 segregari
3204 905 3269 953 ad
3326 918 3415 955 sev

1850 1007 2024 1045 annos
2074 992 2290 1060 jussere
2331 1011 2345 1047 :

1851 1083 2154 1152 segregalio
2202 1092 2318 1138 est:
2371 1085 2514 1138 sacri
2550 1100 2780 1152 namque
2808 1084 3015 1138 ordinis
3049 1085 3297 1138 homines
3327 1084 3421 1139 de-

1854 1174 2121 1239 positione
2148 1175 2464 1243 punientur.

1852 1270 2001 1335 gatio
2033 1269 2187 1323 iaicis
2216 1266 2510 1337 irrugatur,
2543 1270 2612 1321 ob
2636 1284 2694 1320 ea
2722 1271 2893 1324 sacris
2916 1270 3198 1323 ordinibus
3228 1270 3423 1323 initiati

1854 1362 2198 1428 depositione
2246 1362 2464 1415 multari
2520 1363 2719 1425 solent)
2774 1377 2861 1425 ac,
2920 1363 3022 1416 nisi
3059 1372 3241 1430 postea
3293 1364 3427 1413 resi-

2402 994 2545 1061 (quaz
2590 1002 2772 1046 tamen
2806 992 2872 1046 de
2918 994 3072 1046 laicis
3104 996 3419 1063 accipicnla

2548 1175 2679 1229 Nam
2713 1193 2833 1245 qua!
2875 1178 2943 1230 ob
2979 1179 3210 1231 crimina
3245 1195 3427 1245 segre-

1856 1453 2095 1519 puerint,
2149 1454 2217 1505 ab
2251 1452 2514 1507 Ecclesia:
2573 1469 2803 1522 corpore
2853 1453 3124 1514 abscindi,
3183 1454 3284 1505 hoc
3322 1464 3424 1516 est,

1854 1560 1883 1598 e
1938 1554 2051 1597 toto
2109 1545 2346 1598 ﬁdelium
2405 1556 2549 1601 cmtu
2601 1547 2894 1600 eliminari.
2951 1544 3062 1600 Nec
3113 1563 3172 1599 ea
3225 1548 3426 1608 solum,

1857 1651 1977 1704 qua:
2009 1636 2271 1696 diximus.
2318 1652 2495 1691 canon
2552 1640 2666 1692 ﬁeri
2721 1648 2887 1702 vetat,
2937 1638 3029 1694 sed
3074 1656 3170 1693 eos
3213 1656 3428 1709 quoque

1857 1730 1947 1798 qui
2003 1745 2159 1783 ursas
2206 1730 2377 1784 aliave
2430 1730 2479 1785 id
2530 1733 2743 1799 generis
2777 1733 3072 1786 animantia
3106 1733 3170 1785 ad
3215 1735 3429 1801 imperi-

1862 1829 2039 1873 torum
2093 1821 2550 1876 oblectamentum
2595 1825 2757 1878 simul
2821 1841 3129 1894 noxamque
3190 1826 3429 1878 circum-

2165 1912 2356 1965 iisdem
2421 1916 2598 1983 pmnis
2659 1916 2926 1969 obnoxios
2982 1932 3107 1969 esse
3169 1918 3431 1969 decvrnit.

1862 2002 2171 2071 Suspensas
2204 2004 2347 2057 enim
2381 2005 2447 2058 de
2486 2008 2813 2076 corporibus
2852 2006 3088 2060 ferarum
3142 2008 3431 2065 tincturas.

1859 2096 2249 2162 detractosque
2306 2095 2498 2150 iisdem
2555 2098 2713 2151 villos
2774 2114 2873 2165 pro
2932 2099 3185 2151 amuletis
3247 2108 3435 2152 contra

1861 2185 2078 2239 morbos
2104 2196 2159 2241 et
2198 2184 2585 2244 fascinationes
2625 2191 2964 2246 mulierculis
3001 2191 3255 2245 tradunt:
3302 2192 3434 2245 illa:-

1860 2294 1965 2347 que
1984 2279 2221 2348 pretium
2253 2282 2408 2350 quasi
2433 2293 2657 2352 accepto
2689 2284 3001 2338 necessario
3035 2286 3435 2340 medicamento

1860 2371 2200 2441 persolvunt,
2261 2373 2613 2442 infantesque
2666 2392 2818 2441 suos,
2869 2378 3036 2430 veluti
3091 2380 3318 2447 probato
3368 2380 3434 2431 ad

1860 2468 2203 2521 calamitates
2232 2469 2561 2523 avet-lendas
2587 2470 2848 2533 remedio,
2887 2470 3013 2525 ferre
3048 2481 3198 2542 tergo
3231 2473 3436 2540 imponi

1862 2569 2076 2626 rogant.
2162 2559 2299 2614 Tum
2335 2562 2425 2631 qui
2466 2562 2697 2617 fortuna:
2728 2574 2824 2617 aut
2858 2563 2951 2617 fati
2983 2577 3078 2620 aut
3111 2567 3441 2635 genealogiae

1864 2667 2057 2705 nomen
2097 2654 2468 2723 usurpaverit,
2506 2672 2625 2721 qua:
2664 2657 2847 2710 omnia
2882 2657 3124 2728 profana:
3176 2661 3443 2728 supersti-

1862 2744 2026 2797 tionis
2076 2752 2223 2802 sunt.
2280 2745 2471 2820 iisdem
2520 2747 2695 2815 pmnis
2738 2762 2913 2801 canon
2964 2747 3277 2802 multandos
3321 2765 3442 2804 esse

1861 2836 2165 2891 constituit.
2230 2834 2360 2900 Qua:
2397 2839 2557 2899 enim,
2598 2838 2697 2902 ait,
2743 2840 2969 2893 societas
3008 2840 3113 2893 luci
3139 2856 3259 2894 cum
3298 2852 3442 2896 tene-

1864 2928 2075 2980 bris"?
2122 2929 2338 2996 aliaque
2367 2929 2621 2997 deinceps
2650 2933 2894 2997 Apostoli
2931 2934 3092 2988 verba
3128 2934 3438 2990 continuat.

1867 3020 2090 3076 ARIST.
2128 3039 2150 3071 ο
2181 3023 2282 3089 Qui
2307 3024 2720 3078 centurionibus
2740 3026 2819 3077 vel
2839 3025 3179 3081 daamonibus
3199 3028 3437 3095 seipsum

1945 3133 1963 3165 ‹
2009 3116 2197 3179 tradit,
2248 3129 2305 3170 ut
2346 3118 2549 3186 aliquid
2597 3118 2795 3171 secreti
2838 3118 3067 3183 ediscat,
3120 3122 3442 3173 sexennium

1944 3228 1963 3259 ι
2012 3211 2418 3266 substernatur.
2488 3212 2685 3267 Eodem
2720 3214 2879 3268 modo
2910 3222 2963 3267 et
2994 3218 3085 3284 qui
3120 3231 3307 3269 ursum
3339 3215 3447 3267 ciro

1947 3322 1965 3354 ι
2014 3306 2274 3369 cumfert,
2320 3307 2413 3375 qui
2456 3306 2890 3362 incantatoribns
2917 3317 2971 3362 et
3005 3309 3228 3361 nubium
3262 3323 3445 3376 persc-

1947 3410 1965 3439 ι
2011 3393 2300 3447 cutnribus
2325 3410 2384 3447 se
2400 3394 2705 3462 conjungit.
2727 3405 2777 3448 et
2798 3393 3029 3449 fortunre
3050 3396 3267 3465 fatoque
3286 3396 3445 3449 fidem

1948 3504 1964 3534 ι
2014 3485 2197 3547 habet,
2228 3486 2295 3539 ab
2328 3485 2595 3557 Ecclesia:
2621 3498 2891 3541 conventu
2927 3501 3199 3544 arceatur.
3247 3509 3264 3540 ι

1944 3574 2107 3644 230
2150 3574 2278 3639 Eos,
2311 3578 2401 3643 qui
2442 3579 2784 3631 ethnicorum
2819 3590 3127 3647 sequuntur
3161 3595 3359 3642 mores,
3397 3586 3453 3632 et

1874 3668 2087 3719 vatibus
2131 3683 2193 3721 ac
2228 3669 2664 3724 incantatoribns
2717 3670 2928 3737 seipsns
2976 3671 3340 3731 tradiderunt,
3391 3679 3448 3723 ut

1873 3774 2069 3812 arcana
2094 3762 2338 3829 qumdam
2364 3777 2426 3814 ex
2460 3762 2525 3817 iis
2557 3763 2861 3827 discerent;
2887 3772 2939 3817 et
2960 3780 3055 3818 eos
3081 3752 3332 3819 similiter
3356 3768 3449 3835 qui

1874 3868 2053 3915 ursos,
2074 3864 2168 3907 aut
2187 3855 2290 3908 alia
2314 3872 2653 3925 qumcunque
2676 3858 2929 3911 animalia
2953 3858 3016 3911 ad
3038 3856 3220 3911 ludum
3247 3865 3300 3910 et
3320 3859 3452 3911 sim-

1876 3952 2159 4019 pliciorum
2219 3952 2594 4018 tieCcptionettt
2629 3951 3045 4011 circumferunt.
3091 3964 3145 4004 et
3174 3951 3449 4009 fortunam

1871 4055 1926 4098 et
1960 4044 2127 4095 fatum
2170 4051 2224 4095 et
2257 4041 2599 4111 genealogias
2631 4041 2935 4108 proferunt,
2991 4057 3197 4109 euSqne
3234 4043 3325 4110 qui
3369 4042 3451 4095 in-o

1874 4134 2250 4188 cantatoribus
2304 4134 2462 4187 Iidem
2512 4133 2734 4193 habent,
2800 4144 2854 4185 et
2906 4135 3026 4187 istis
3076 4137 3168 4203 qui
3225 4135 3449 4187 nubium

1877 4237 2251 4300 persecutores
2313 4230 2590 4289 dicuntur,
2664 4228 2903 4281 decrevit
2962 4239 3147 4281 sancta
3211 4228 3453 4299 synodus

1876 4340 1966 4379 sev
2024 4340 2196 4378 annos
2246 4338 2459 4392 pmnam
2517 4322 2699 4383 luere,
2754 4322 2825 4373 ita
2884 4329 2939 4373 ut
2988 4330 3221 4387 quatuor
3278 4336 3453 4375 annos

1878 4417 2017 4470 inter
2049 4417 2350 4469 substratus
2402 4422 2777 4483 permaneant.
2817 4428 2881 4466 ac
2917 4414 3056 4466 duos
3094 4414 3229 4466 alios
3278 4430 3453 4469 annos

1878 4524 2001 4561 cum
2047 4506 2297 4560 ﬁdelibus
2346 4506 2775 4566 constituantur,
2819 4516 2873 4558 et
2910 4505 2989 4557 sic
3027 4505 3228 4559 divinis
3272 4521 3456 4558 sacra-

193 4604 309 4658 τῶν
356 4604 517 4658 θείων
570 4606 948 4674 άγιασμάτων.
985 4607 1047 4659 Ei
1088 4607 1145 4659 δὲ
1181 4606 1499 4678 ἀδιόρθωτοι
1550 4609 1771 4679 μένουσι
1804 4594 1848 4648 ι)

1804 4594 1848 4648 υ
1881 4600 2075 4678 mentis
2110 4599 2292 4653 haberi
2331 4600 2545 4670 dignos.
2611 4597 2666 4652 Si
2699 4610 2881 4654 eutem
2926 4614 3023 4651 nec
3067 4614 3161 4665 per
3194 4597 3451 4651 inﬂictam

196 4699 293 4751 καὶ
324 4698 464 4767 μετὰ
497 4697 557 4749 τὸ
594 4698 891 4767 ἐπιτίμιον,
931 4698 1027 4752 καὶ
1055 4698 1164 4751 τῶν
1206 4698 1537 4769 Ἑλληνικῶν
1567 4701 1774 4753 τούτων

192 4788 653 4859 ἐπιτηδευμάτων
707 4789 767 4842 ού
817 4788 1225 4859 μετατίθενται,
1284 4791 1384 4861 τῆς
1448 4792 1777 4862 Ἐκκλησίας

195 4888 552 4941 παντάπασιν
585 4888 1044 4958 άπορρίπτεσθαι.
1069 4872 1081 4885 ’

792 4981 1033 5035 ΚΑΝΩΝ
1064 4980 1180 5035 EB’.

198 5088 221 5121 σ
261 5068 376 5130 Τάς
403 5070 547 5124 οὕτω
570 5071 868 5139 λεγομένας
900 5071 1212 5137 Καλάνδας,
1256 5074 1352 5126 καὶ
1394 5072 1463 5126 τὰ
1504 5073 1775 5142 λεγόμενα

278 5181 297 5213 ι
343 5161 503 5226 Βοτά,
536 5162 632 5215 καὶ
681 5162 749 5217 τά
795 5161 1107 5233 καλούμενα
1168 5163 1505 5231 Βρουμάλια,
1557 5164 1649 5215 καὶ
1677 5162 1775 5231 τὴν

280 5273 300 5305 ι
340 5256 399 5305 ὲν
545 5254 736 5326 πρώτῃ
775 5254 870 5308 τοῦ
908 5254 1148 5325 Μαρτίου
1202 5256 1369 5326 μηνὸς
1418 5256 1604 5326 ἡμέρᾳ
1654 5258 1775 5307 ἐπι-

280 5366 299 5397 ι
337 5348 668 5418 τελουμένην
713 5349 1046 5419 πανήγυριν,
1101 5348 1359 5415 καθάπαξ
1390 5350 1453 5401 ἐκ
1506 5348 1605 5417 τῆς
1664 5347 1777 5400 τῶν

281 5460 302 5491 ι
341 5440 552 5494 πιστῶν
610 5440 891 5502 πολιτείας
952 5440 1373 5513 περιαιρεθῆναι
1428 5438 1772 5509 βουλόμεθαο

310 5600 357 5633 ’³
379 5596 423 5653 ll
447 5598 577 5655 Cor.
610 5615 687 5665 Vl,
714 5598 802 5654 14.

1881 4710 2096 4764 [ιωῐιειιιι
2130 4694 2326 4763 corrigi
2360 4702 2609 4762 possunt,
2665 4701 2720 4745 et
2773 4708 2801 4743 a
2851 4690 3182 4745 Graecaniris
3220 4691 3339 4745 istis
3370 4690 3453 4741 in-

1878 4789 2085 4843 stitutis
2116 4803 2226 4840 non
2257 4794 2677 4847 convertuntur,
2734 4784 2977 4837 Ecclesia
3034 4798 3264 4851 prorsus
3314 4780 3451 4849 abji-

1880 4880 2104 4936 ciendos
2138 4894 2280 4935 esse.

2450 4969 2679 5026 CANON
2732 4967 2889 5023 LXII.

1890 5086 1908 5118 ι
1944 5066 2234 5130 Calendas,
2272 5076 2325 5120 et
2378 5064 2530 5126 Bota,
2565 5074 2618 5118 et
2649 5061 2926 5117 Brumalia
2977 5069 3035 5112 ut
3068 5067 3357 5122 vocantur,
3404 5063 3458 5109 et

1961 5180 1979 5213 ι
2025 5169 2376 5223 conventum,
2430 5160 2522 5229 qui
2576 5158 2630 5212 in
2686 5158 2862 5228 primo
2894 5153 3076 5209 Martii
3113 5151 3321 5206 mensis
3371 5150 3458 5203 die

1963 5270 1982 5304 ι
2029 5252 2105 5314 lit,
2139 5266 2204 5306 ex
2238 5251 2475 5305 ﬁdelium
2509 5248 2733 5303 civitate
2760 5246 2983 5302 omnino
3015 5244 3128 5298 tolli
3164 5244 3456 5306 volumus;

1964 5362 1983 5396 ι
2030 5344 2125 5398 sed
2176 5351 2229 5397 et
2264 5342 2513 5413 publicas
2547 5339 2834 5395 mulierum
2867 5337 3193 5393 saltationes
3232 5334 3458 5386 multam

1961 5456 1980 5489 ι
2028 5452 2222 5492 noxam
2255 5435 2591 5504 exitiumque
2627 5431 2949 5498 afferentes;
2980 5429 3112 5500 quin
3145 5427 3308 5481 etiam
3342 5440 3452 5487 eas,

1369 5689 1566 5753 Gnill.
1598 5687 1940 5769 Beveregii
1973 5696 2160 5751 notua.

277 5799 390 5871 (65)
427 5802 531 5856 Ἕν
568 5797 658 5867 οἷς
701 5798 813 5871 γὰρ
845 5798 1237 5854 πταίσαασιν.
1318 5794 1443 5853 Haec
1507 5808 1685 5865 usque
1737 5795 1805 5851 ad
1883 5811 1951 5849 κα

1776 5795 1805 5851 d
1883 5792 2277 5867 καθαιροῦνται
2339 5796 2395 5853 ίιι
2456 5810 2559 5851 ms.
2632 5790 3067 5848 Amerbacbimo
3129 5786 3450 5842 desiderati-

204 5878 317 5931 hit.
