  <div class='ocr_page' id='page_1' title='image "/cluster/home/n/w/nwhite01/storage/ocr_20150623/137/nnc1.0046979786/394.png"; bbox 0 0 4240 6442; ppageno 0'>
   <div class='ocr_carea' id='block_1_1' title="bbox 235 348 344 408">
    <p class='ocr_par' dir='ltr' id='par_1_1' title="bbox 235 348 344 408">
     <span class='ocr_line' id='line_1_1' title="bbox 235 348 344 408; baseline 0.009 -2"><span class='ocrx_word' id='word_1_1' title='bbox 235 348 344 408; x_wconf 69' lang='grc'><strong>³129</strong></span> 
     </span>
    </p>
   </div>
   <div class='ocr_carea' id='block_1_2' title="bbox 224 459 1279 528">
    <p class='ocr_par' dir='ltr' id='par_1_2' title="bbox 224 459 1279 528">
     <span class='ocr_line' id='line_1_2' title="bbox 224 459 1279 528; baseline -0.001 -18"><span class='ocrx_word' id='word_1_2' title='bbox 224 459 514 528; x_wconf 71' lang='grc' dir='ltr'><strong>συνηθείας</strong></span> <span class='ocrx_word' id='word_1_3' title='bbox 572 460 631 512; x_wconf 84' lang='grc' dir='ltr'><strong>ἐν</strong></span> <span class='ocrx_word' id='word_1_4' title='bbox 697 461 816 520; x_wconf 85' lang='grc' dir='ltr'>ταῖς</span> <span class='ocrx_word' id='word_1_5' title='bbox 894 459 1000 523; x_wconf 78' lang='grc' dir='ltr'>ἔξω</span> <span class='ocrx_word' id='word_1_6' title='bbox 1073 459 1279 527; x_wconf 75' lang='grc' dir='ltr'>χώραις</span> 
     </span>
    </p>
   </div>
   <div class='ocr_carea' id='block_1_3' title="bbox 223 546 1793 618">
    <p class='ocr_par' dir='ltr' id='par_1_3' title="bbox 223 546 1793 618">
     <span class='ocr_line' id='line_1_3' title="bbox 223 546 1793 618; baseline 0.003 -20"><span class='ocrx_word' id='word_1_7' title='bbox 223 550 362 601; x_wconf 58' lang='lat' dir='ltr'><strong>Both</strong></span> <span class='ocrx_word' id='word_1_8' title='bbox 428 548 524 601; x_wconf 72' lang='grc' dir='ltr'>καὶ</span> <span class='ocrx_word' id='word_1_9' title='bbox 587 549 655 601; x_wconf 75' lang='grc' dir='ltr'><strong>τά</strong></span> <span class='ocrx_word' id='word_1_10' title='bbox 713 548 1026 617; x_wconf 80' lang='grc' dir='ltr'>Βρουμάλισ</span> <span class='ocrx_word' id='word_1_11' title='bbox 1097 549 1281 616; x_wconf 72' lang='grc' dir='ltr'>ἑορταὶ</span> <span class='ocrx_word' id='word_1_12' title='bbox 1345 546 1482 618; x_wconf 79' lang='grc' dir='ltr'>ἦσαν</span> <span class='ocrx_word' id='word_1_13' title='bbox 1555 549 1793 616; x_wconf 86' lang='grc' dir='ltr'>Ἐλληνι-</span> 
     </span>
    </p>
   </div>
   <div class='ocr_carea' id='block_1_4' title="bbox 222 637 1797 707">
    <p class='ocr_par' dir='ltr' id='par_1_4' title="bbox 222 637 1797 707">
     <span class='ocr_line' id='line_1_4' title="bbox 222 637 1797 707; baseline 0.001 -19"><span class='ocrx_word' id='word_1_14' title='bbox 222 642 351 702; x_wconf 62' lang='lat' dir='ltr'><strong>sui,</strong></span> <span class='ocrx_word' id='word_1_15' title='bbox 411 642 440 705; x_wconf 81' lang='grc' dir='ltr'><strong>ἡ</strong></span> <span class='ocrx_word' id='word_1_16' title='bbox 522 639 620 705; x_wconf 82' lang='grc' dir='ltr'>μὲν</span> <span class='ocrx_word' id='word_1_17' title='bbox 702 637 1008 706; x_wconf 83' lang='grc' dir='ltr'>τελουμένη</span> <span class='ocrx_word' id='word_1_18' title='bbox 1063 638 1222 707; x_wconf 86' lang='grc' dir='ltr'>χάριν</span> <span class='ocrx_word' id='word_1_19' title='bbox 1279 639 1374 689; x_wconf 81' lang='grc' dir='ltr'><strong>τοῦ</strong></span> <span class='ocrx_word' id='word_1_20' title='bbox 1442 639 1797 707; x_wconf 72' lang='grc' dir='ltr'><strong>ψευδωνύμου</strong></span> 
     </span>
    </p>
   </div>
   <div class='ocr_carea' id='block_1_5' title="bbox 221 729 1794 798">
    <p class='ocr_par' dir='ltr' id='par_1_5' title="bbox 221 729 1794 798">
     <span class='ocr_line' id='line_1_5' title="bbox 221 729 1794 798; baseline 0.002 -18"><span class='ocrx_word' id='word_1_21' title='bbox 221 729 361 781; x_wconf 73' lang='grc' dir='ltr'>θεοῦ</span> <span class='ocrx_word' id='word_1_22' title='bbox 404 730 498 781; x_wconf 77' lang='grc' dir='ltr'>τοῦ</span> <span class='ocrx_word' id='word_1_23' title='bbox 543 729 738 792; x_wconf 77' lang='grc' dir='ltr'>Πανὸς,</span> <span class='ocrx_word' id='word_1_24' title='bbox 798 729 892 781; x_wconf 75' lang='grc' dir='ltr'>τοῦ</span> <span class='ocrx_word' id='word_1_25' title='bbox 960 730 1296 798; x_wconf 70' lang='grc' dir='ltr'><strong>ἐφορῶντος,</strong></span> <span class='ocrx_word' id='word_1_26' title='bbox 1356 729 1430 790; x_wconf 82' lang='grc' dir='ltr'>ὡς</span> <span class='ocrx_word' id='word_1_27' title='bbox 1484 731 1794 798; x_wconf 80' lang='grc' dir='ltr'>ἐφλυάρουν</span> 
     </span>
    </p>
   </div>
   <div class='ocr_carea' id='block_1_6' title="bbox 220 819 1795 890">
    <p class='ocr_par' dir='ltr' id='par_1_6' title="bbox 220 819 1795 890">
     <span class='ocr_line' id='line_1_6' title="bbox 220 819 1795 890; baseline 0.001 -19"><span class='ocrx_word' id='word_1_28' title='bbox 220 822 267 871; x_wconf 78' lang='grc' dir='ltr'><strong>οἱ</strong></span> <span class='ocrx_word' id='word_1_29' title='bbox 300 821 582 890; x_wconf 77' lang='grc' dir='ltr'>Ἕλληνες,</span> <span class='ocrx_word' id='word_1_30' title='bbox 611 820 679 872; x_wconf 73' lang='grc' dir='ltr'><strong>τὰ</strong></span> <span class='ocrx_word' id='word_1_31' title='bbox 709 820 817 871; x_wconf 84' lang='grc' dir='ltr'><strong>τῶν</strong></span> <span class='ocrx_word' id='word_1_32' title='bbox 849 819 1042 888; x_wconf 80' lang='grc' dir='ltr'><strong>βοτῶν,</strong></span> <span class='ocrx_word' id='word_1_33' title='bbox 1069 822 1235 890; x_wconf 67' lang='grc' dir='ltr'>ἤγουν</span> <span class='ocrx_word' id='word_1_34' title='bbox 1265 821 1334 872; x_wconf 70' lang='grc' dir='ltr'><strong>τὰ</strong></span> <span class='ocrx_word' id='word_1_35' title='bbox 1362 821 1471 872; x_wconf 87' lang='grc' dir='ltr'><strong>τῶν</strong></span> <span class='ocrx_word' id='word_1_36' title='bbox 1500 823 1795 890; x_wconf 72' lang='grc' dir='ltr'>προϐάτιον</span> 
     </span>
    </p>
   </div>
   <div class='ocr_carea' id='block_1_7' title="bbox 220 903 1796 981">
    <p class='ocr_par' dir='ltr' id='par_1_7' title="bbox 220 903 1796 981">
     <span class='ocr_line' id='line_1_7' title="bbox 220 903 1796 981; baseline 0.001 -18"><span class='ocrx_word' id='word_1_37' title='bbox 220 914 317 963; x_wconf 79' lang='grc' dir='ltr'><strong>καὶ</strong></span> <span class='ocrx_word' id='word_1_38' title='bbox 357 903 472 964; x_wconf 79' lang='grc' dir='ltr'><strong>τῶν</strong></span> <span class='ocrx_word' id='word_1_39' title='bbox 492 913 698 964; x_wconf 78' lang='grc' dir='ltr'>λοιπῶν</span> <span class='ocrx_word' id='word_1_40' title='bbox 721 913 876 976; x_wconf 76' lang='grc' dir='ltr'>ζώων</span> <span class='ocrx_word' id='word_1_41' title='bbox 900 927 914 942; x_wconf 82' lang='grc'>⁶</span> <span class='ocrx_word' id='word_1_42' title='bbox 945 914 976 980; x_wconf 81' lang='grc' dir='ltr'>ἡ</span> <span class='ocrx_word' id='word_1_43' title='bbox 1004 912 1057 963; x_wconf 80' lang='grc' dir='ltr'>δὲ</span> <span class='ocrx_word' id='word_1_44' title='bbox 1083 913 1241 981; x_wconf 76' lang='grc' dir='ltr'>χάριν</span> <span class='ocrx_word' id='word_1_45' title='bbox 1265 911 1354 962; x_wconf 75' lang='grc' dir='ltr'>τοῦ</span> <span class='ocrx_word' id='word_1_46' title='bbox 1387 913 1670 974; x_wconf 79' lang='grc' dir='ltr'>Διονύσου,</span> <span class='ocrx_word' id='word_1_47' title='bbox 1701 911 1796 964; x_wconf 77' lang='grc' dir='ltr'><strong>τοῦ</strong></span> 
     </span>
    </p>
   </div>
   <div class='ocr_carea' id='block_1_8' title="bbox 232 1004 1795 1075">
    <p class='ocr_par' dir='ltr' id='par_1_8' title="bbox 232 1004 1795 1075">
     <span class='ocr_line' id='line_1_8' title="bbox 232 1004 1795 1075; baseline 0.001 -20"><span class='ocrx_word' id='word_1_48' title='bbox 232 1004 504 1073; x_wconf 78' lang='grc' dir='ltr'>σωτῆρος,</span> <span class='ocrx_word' id='word_1_49' title='bbox 528 1005 603 1067; x_wconf 76' lang='grc' dir='ltr'>ὡς</span> <span class='ocrx_word' id='word_1_50' title='bbox 630 1007 826 1056; x_wconf 87' lang='grc' dir='ltr'>ἐκεῖνοι</span> <span class='ocrx_word' id='word_1_51' title='bbox 859 1005 1264 1075; x_wconf 64' lang='grc' dir='ltr'>ἐϐλασφήμουν,</span> <span class='ocrx_word' id='word_1_52' title='bbox 1297 1006 1393 1058; x_wconf 71' lang='grc' dir='ltr'>τοῦ</span> <span class='ocrx_word' id='word_1_53' title='bbox 1425 1007 1591 1059; x_wconf 76' lang='grc' dir='ltr'>οἴνου.</span> <span class='ocrx_word' id='word_1_54' title='bbox 1627 1005 1795 1072; x_wconf 78' lang='grc' dir='ltr'>Βροῦ-</span> 
     </span>
    </p>
   </div>
   <div class='ocr_carea' id='block_1_9' title="bbox 225 1091 1797 1165">
    <p class='ocr_par' dir='ltr' id='par_1_9' title="bbox 225 1091 1797 1165">
     <span class='ocr_line' id='line_1_9' title="bbox 225 1091 1797 1165; baseline 0.001 -19"><span class='ocrx_word' id='word_1_55' title='bbox 225 1113 328 1162; x_wconf 83' lang='grc' dir='ltr'><strong>μος</strong></span> <span class='ocrx_word' id='word_1_56' title='bbox 362 1097 472 1164; x_wconf 73' lang='grc' dir='ltr'><strong>γὰρ</strong></span> <span class='ocrx_word' id='word_1_57' title='bbox 507 1091 575 1165; x_wconf 77' lang='grc' dir='ltr'>ἦν</span> <span class='ocrx_word' id='word_1_58' title='bbox 634 1095 885 1149; x_wconf 84' lang='grc' dir='ltr'>ἐπίθετον</span> <span class='ocrx_word' id='word_1_59' title='bbox 935 1095 1028 1147; x_wconf 79' lang='grc' dir='ltr'>τοῦ</span> <span class='ocrx_word' id='word_1_60' title='bbox 1079 1096 1358 1148; x_wconf 82' lang='grc' dir='ltr'>Διονύσου.</span> <span class='ocrx_word' id='word_1_61' title='bbox 1411 1098 1566 1149; x_wconf 80' lang='grc' dir='ltr'>Κατὰ</span> <span class='ocrx_word' id='word_1_62' title='bbox 1607 1098 1662 1149; x_wconf 86' lang='grc' dir='ltr'><strong>δέ</strong></span> <span class='ocrx_word' id='word_1_63' title='bbox 1706 1097 1797 1148; x_wconf 75' lang='grc' dir='ltr'>τὸν</span> 
     </span>
    </p>
   </div>
   <div class='ocr_carea' id='block_1_10' title="bbox 223 1186 1795 1259">
    <p class='ocr_par' dir='ltr' id='par_1_10' title="bbox 223 1186 1795 1259">
     <span class='ocr_line' id='line_1_10' title="bbox 223 1186 1795 1259; baseline 0.001 -21"><span class='ocrx_word' id='word_1_64' title='bbox 223 1186 474 1253; x_wconf 66' lang='grc' dir='ltr'>Μάρτιον</span> <span class='ocrx_word' id='word_1_65' title='bbox 501 1187 645 1254; x_wconf 73' lang='grc' dir='ltr'>μῆνα</span> <span class='ocrx_word' id='word_1_66' title='bbox 671 1187 904 1239; x_wconf 82' lang='grc' dir='ltr'>ἐτελεῖτο</span> <span class='ocrx_word' id='word_1_67' title='bbox 939 1188 1550 1258; x_wconf 78' lang='grc' dir='ltr'>πανήγυριςἙλληνικὴ</span> <span class='ocrx_word' id='word_1_68' title='bbox 1584 1190 1795 1259; x_wconf 85' lang='grc' dir='ltr'>μεγάλη</span> 
     </span>
    </p>
   </div>
   <div class='ocr_carea' id='block_1_11' title="bbox 216 1277 1797 1349">
    <p class='ocr_par' dir='ltr' id='par_1_11' title="bbox 216 1277 1797 1349">
     <span class='ocr_line' id='line_1_11' title="bbox 216 1277 1797 1349; baseline 0.002 -19"><span class='ocrx_word' id='word_1_69' title='bbox 216 1277 312 1330; x_wconf 73' lang='grc' dir='ltr'>διὰ</span> <span class='ocrx_word' id='word_1_70' title='bbox 343 1277 442 1346; x_wconf 79' lang='grc' dir='ltr'><strong>τὴν</strong></span> <span class='ocrx_word' id='word_1_71' title='bbox 475 1279 580 1330; x_wconf 84' lang='grc' dir='ltr'><strong>τῶν</strong></span> <span class='ocrx_word' id='word_1_72' title='bbox 613 1279 771 1347; x_wconf 83' lang='grc' dir='ltr'>ὡρῶν</span> <span class='ocrx_word' id='word_1_73' title='bbox 795 1281 887 1333; x_wconf 70' lang='grc' dir='ltr'><strong>καὶ</strong></span> <span class='ocrx_word' id='word_1_74' title='bbox 926 1277 1020 1331; x_wconf 77' lang='grc' dir='ltr'><strong>τοῦ</strong></span> <span class='ocrx_word' id='word_1_75' title='bbox 1055 1279 1213 1347; x_wconf 78' lang='grc' dir='ltr'>ἀέρος</span> <span class='ocrx_word' id='word_1_76' title='bbox 1237 1280 1564 1349; x_wconf 70' lang='grc' dir='ltr'>εὐκρασίαν·</span> <span class='ocrx_word' id='word_1_77' title='bbox 1592 1282 1680 1333; x_wconf 83' lang='grc' dir='ltr'>ὅτε</span> <span class='ocrx_word' id='word_1_78' title='bbox 1704 1283 1797 1334; x_wconf 72' lang='grc' dir='ltr'>καὶ</span> 
     </span>
    </p>
   </div>
   <div class='ocr_carea' id='block_1_12' title="bbox 219 1369 1797 1437">
    <p class='ocr_par' dir='ltr' id='par_1_12' title="bbox 219 1369 1797 1437">
     <span class='ocr_line' id='line_1_12' title="bbox 219 1369 1797 1437; baseline 0.003 -18"><span class='ocrx_word' id='word_1_79' title='bbox 219 1369 482 1437; x_wconf 78' lang='grc' dir='ltr'><strong>ὀρχήσεις</strong></span> <span class='ocrx_word' id='word_1_80' title='bbox 535 1373 803 1436; x_wconf 79' lang='grc' dir='ltr'>ἀπρεπεῖς</span> <span class='ocrx_word' id='word_1_81' title='bbox 858 1370 1098 1436; x_wconf 76' lang='grc' dir='ltr'>ἐγίνοντο</span> <span class='ocrx_word' id='word_1_82' title='bbox 1148 1369 1300 1437; x_wconf 81' lang='grc' dir='ltr'>παρά</span> <span class='ocrx_word' id='word_1_83' title='bbox 1349 1387 1512 1425; x_wconf 85' lang='grc' dir='ltr'>τινων</span> <span class='ocrx_word' id='word_1_84' title='bbox 1561 1373 1797 1436; x_wconf 80' lang='grc' dir='ltr'>γυναίων</span> 
     </span>
    </p>
   </div>
   <div class='ocr_carea' id='block_1_13' title="bbox 218 1457 1798 1528">
    <p class='ocr_par' dir='ltr' id='par_1_13' title="bbox 218 1457 1798 1528">
     <span class='ocr_line' id='line_1_13' title="bbox 218 1457 1798 1528; baseline 0.003 -19"><span class='ocrx_word' id='word_1_85' title='bbox 218 1460 318 1509; x_wconf 68' lang='grc' dir='ltr'><strong>καὶ</strong></span> <span class='ocrx_word' id='word_1_86' title='bbox 339 1457 571 1526; x_wconf 81' lang='grc' dir='ltr'>ἀνδρῶν.</span> <span class='ocrx_word' id='word_1_87' title='bbox 607 1458 856 1510; x_wconf 79' lang='grc' dir='ltr'>Ἀπαντα</span> <span class='ocrx_word' id='word_1_88' title='bbox 884 1460 976 1510; x_wconf 81' lang='grc' dir='ltr'>καὶ</span> <span class='ocrx_word' id='word_1_89' title='bbox 1007 1461 1074 1511; x_wconf 81' lang='grc' dir='ltr'>τὰ</span> <span class='ocrx_word' id='word_1_90' title='bbox 1107 1459 1320 1520; x_wconf 76' lang='grc' dir='ltr'>τούτοις</span> <span class='ocrx_word' id='word_1_91' title='bbox 1350 1461 1509 1527; x_wconf 83' lang='grc' dir='ltr'>ὅμοια</span> <span class='ocrx_word' id='word_1_92' title='bbox 1540 1464 1590 1513; x_wconf 84' lang='grc' dir='ltr'>οἱ</span> <span class='ocrx_word' id='word_1_93' title='bbox 1646 1462 1798 1528; x_wconf 82' lang='grc' dir='ltr'>ἆγιοι</span> 
     </span>
    </p>
   </div>
   <div class='ocr_carea' id='block_1_14' title="bbox 233 1550 1795 1624">
    <p class='ocr_par' dir='ltr' id='par_1_14' title="bbox 233 1550 1795 1624">
     <span class='ocr_line' id='line_1_14' title="bbox 233 1550 1795 1624; baseline 0.004 -24"><span class='ocrx_word' id='word_1_94' title='bbox 233 1550 488 1618; x_wconf 82' lang='grc' dir='ltr'>Πατέρες</span> <span class='ocrx_word' id='word_1_95' title='bbox 544 1550 1005 1619; x_wconf 74' lang='grc' dir='ltr'>ἀποτρεπόμενοι,</span> <span class='ocrx_word' id='word_1_96' title='bbox 1037 1552 1323 1620; x_wconf 74' lang='grc' dir='ltr'>ἐπήγαγον</span> <span class='ocrx_word' id='word_1_97' title='bbox 1380 1554 1586 1621; x_wconf 76' lang='grc' dir='ltr'>μηδένα</span> <span class='ocrx_word' id='word_1_98' title='bbox 1625 1555 1795 1624; x_wconf 79' lang='grc' dir='ltr'>ἄνδρα</span> 
     </span>
    </p>
   </div>
   <div class='ocr_carea' id='block_1_15' title="bbox 215 1640 1797 1714">
    <p class='ocr_par' dir='ltr' id='par_1_15' title="bbox 215 1640 1797 1714">
     <span class='ocr_line' id='line_1_15' title="bbox 215 1640 1797 1714; baseline 0.004 -22"><span class='ocrx_word' id='word_1_99' title='bbox 215 1640 509 1710; x_wconf 75' lang='grc' dir='ltr'>ὁτεδήποτε</span> <span class='ocrx_word' id='word_1_100' title='bbox 540 1641 844 1709; x_wconf 72' lang='grc' dir='ltr'>κεχρῆσθαι</span> <span class='ocrx_word' id='word_1_101' title='bbox 877 1643 1168 1712; x_wconf 70' lang='grc' dir='ltr'>γυναικείᾳ</span> <span class='ocrx_word' id='word_1_102' title='bbox 1206 1643 1388 1712; x_wconf 85' lang='grc' dir='ltr'>στολῇ,</span> <span class='ocrx_word' id='word_1_103' title='bbox 1423 1645 1455 1714; x_wconf 75' lang='grc' dir='ltr'>ἢ</span> <span class='ocrx_word' id='word_1_104' title='bbox 1489 1645 1550 1697; x_wconf 69' lang='grc' dir='ltr'>τὸ</span> <span class='ocrx_word' id='word_1_105' title='bbox 1582 1647 1797 1698; x_wconf 82' lang='grc' dir='ltr'>ἀνάπα-</span> 
     </span>
    </p>
   </div>
   <div class='ocr_carea' id='block_1_16' title="bbox 214 1730 1790 1808">
    <p class='ocr_par' dir='ltr' id='par_1_16' title="bbox 214 1730 1790 1808">
     <span class='ocr_line' id='line_1_16' title="bbox 214 1730 1790 1808; baseline 0.005 -27"><span class='ocrx_word' id='word_1_106' title='bbox 214 1730 344 1782; x_wconf 78' lang='grc' dir='ltr'>λιν·</span> <span class='ocrx_word' id='word_1_107' title='bbox 387 1731 519 1784; x_wconf 76' lang='grc' dir='ltr'>ἀλλὰ</span> <span class='ocrx_word' id='word_1_108' title='bbox 568 1733 700 1800; x_wconf 85' lang='grc' dir='ltr'><strong>μηδέ</strong></span> <span class='ocrx_word' id='word_1_109' title='bbox 752 1736 1073 1802; x_wconf 82' lang='grc' dir='ltr'>προσωπεῖα</span> <span class='ocrx_word' id='word_1_110' title='bbox 1120 1737 1344 1803; x_wconf 71' lang='grc' dir='ltr'>κωμικὰ</span> <span class='ocrx_word' id='word_1_111' title='bbox 1386 1737 1713 1790; x_wconf 72' lang='grc' dir='ltr'>ὑποδύεσθαι</span> <span class='ocrx_word' id='word_1_112' title='bbox 1758 1740 1790 1808; x_wconf 73' lang='grc' dir='ltr'>ἦ</span> 
     </span>
    </p>
   </div>
   <div class='ocr_carea' id='block_1_17' title="bbox 215 1823 1792 1896">
    <p class='ocr_par' dir='ltr' id='par_1_17' title="bbox 215 1823 1792 1896">
     <span class='ocr_line' id='line_1_17' title="bbox 215 1823 1792 1896; baseline 0.004 -22"><span class='ocrx_word' id='word_1_113' title='bbox 215 1823 458 1889; x_wconf 79' lang='grc' dir='ltr'>τραγικὰ</span> <span class='ocrx_word' id='word_1_114' title='bbox 505 1823 536 1894; x_wconf 75' lang='grc' dir='ltr'>ἢ</span> <span class='ocrx_word' id='word_1_115' title='bbox 595 1824 891 1896; x_wconf 74' lang='grc' dir='ltr'>σατυρικὰ·</span> <span class='ocrx_word' id='word_1_116' title='bbox 941 1827 1080 1895; x_wconf 75' lang='grc' dir='ltr'>μήτε</span> <span class='ocrx_word' id='word_1_117' title='bbox 1131 1827 1237 1894; x_wconf 79' lang='grc' dir='ltr'>μὴν</span> <span class='ocrx_word' id='word_1_118' title='bbox 1283 1827 1345 1878; x_wconf 75' lang='grc' dir='ltr'>τὸ</span> <span class='ocrx_word' id='word_1_119' title='bbox 1393 1827 1489 1879; x_wconf 74' lang='grc' dir='ltr'>τοῦ</span> <span class='ocrx_word' id='word_1_120' title='bbox 1537 1831 1792 1882; x_wconf 77' lang='grc' dir='ltr'>Διονύσου</span> 
     </span>
    </p>
   </div>
   <div class='ocr_carea' id='block_1_18' title="bbox 216 1898 1790 1987">
    <p class='ocr_par' dir='ltr' id='par_1_18' title="bbox 216 1914 1790 1987">
     <span class='ocr_line' id='line_1_18' title="bbox 216 1914 1790 1987; baseline 0.006 -21"><span class='ocrx_word' id='word_1_121' title='bbox 216 1914 392 1984; x_wconf 75' lang='grc' dir='ltr'>ὄνομα</span> <span class='ocrx_word' id='word_1_122' title='bbox 445 1915 503 1967; x_wconf 86' lang='grc' dir='ltr'><strong>ἐν</strong></span> <span class='ocrx_word' id='word_1_123' title='bbox 548 1919 670 1978; x_wconf 83' lang='grc' dir='ltr'>ταῖς</span> <span class='ocrx_word' id='word_1_124' title='bbox 712 1917 892 1986; x_wconf 79' lang='grc' dir='ltr'>ληνοῖς</span> <span class='ocrx_word' id='word_1_125' title='bbox 941 1917 1254 1986; x_wconf 77' lang='grc' dir='ltr'>ὀνομάζειν,</span> <span class='ocrx_word' id='word_1_126' title='bbox 1287 1920 1421 1987; x_wconf 71' lang='grc' dir='ltr'>μηδὲ</span> <span class='ocrx_word' id='word_1_127' title='bbox 1456 1923 1565 1984; x_wconf 76' lang='grc' dir='ltr'>τοῖς</span> <span class='ocrx_word' id='word_1_128' title='bbox 1615 1923 1790 1984; x_wconf 78' lang='grc' dir='ltr'>πίθοις</span> 
     </span>
    </p>
   </div>
   <div class='ocr_carea' id='block_1_19' title="bbox 215 2009 1790 2082">
    <p class='ocr_par' dir='ltr' id='par_1_19' title="bbox 215 2009 1790 2082">
     <span class='ocr_line' id='line_1_19' title="bbox 215 2009 1790 2082; baseline 0.005 -23"><span class='ocrx_word' id='word_1_129' title='bbox 215 2009 553 2078; x_wconf 72' lang='grc' dir='ltr'>ἐγχεομένου</span> <span class='ocrx_word' id='word_1_130' title='bbox 582 2010 678 2062; x_wconf 78' lang='grc' dir='ltr'>τοῦ</span> <span class='ocrx_word' id='word_1_131' title='bbox 716 2011 861 2062; x_wconf 85' lang='grc' dir='ltr'>οῖνου</span> <span class='ocrx_word' id='word_1_132' title='bbox 887 2011 1051 2081; x_wconf 82' lang='grc' dir='ltr'>γελᾷν</span> <span class='ocrx_word' id='word_1_133' title='bbox 1085 2015 1176 2064; x_wconf 72' lang='grc' dir='ltr'><strong>καὶ</strong></span> <span class='ocrx_word' id='word_1_134' title='bbox 1201 2012 1616 2082; x_wconf 78' lang='grc' dir='ltr'>ἐπικαγχάζειν.</span> <span class='ocrx_word' id='word_1_135' title='bbox 1650 2016 1790 2078; x_wconf 73' lang='grc' dir='ltr'>Τοὺς</span> 
     </span>
    </p>
   </div>
   <div class='ocr_carea' id='block_1_20' title="bbox 216 2101 1790 2174">
    <p class='ocr_par' dir='ltr' id='par_1_20' title="bbox 216 2101 1790 2174">
     <span class='ocr_line' id='line_1_20' title="bbox 216 2101 1790 2174; baseline 0.003 -20"><span class='ocrx_word' id='word_1_136' title='bbox 216 2101 275 2154; x_wconf 73' lang='grc' dir='ltr'>δὲ</span> <span class='ocrx_word' id='word_1_137' title='bbox 301 2101 544 2154; x_wconf 76' lang='grc' dir='ltr'>τοιοῦτόν</span> <span class='ocrx_word' id='word_1_138' title='bbox 573 2120 627 2155; x_wconf 86' lang='grc' dir='ltr'><strong>τι</strong></span> <span class='ocrx_word' id='word_1_139' title='bbox 655 2104 1106 2173; x_wconf 79' lang='grc' dir='ltr'>ἐπιχειρήσοντας</span> <span class='ocrx_word' id='word_1_140' title='bbox 1153 2105 1378 2174; x_wconf 82' lang='grc' dir='ltr'>ποιῆσαι</span> <span class='ocrx_word' id='word_1_141' title='bbox 1415 2108 1554 2172; x_wconf 83' lang='grc' dir='ltr'>μετᾶ</span> <span class='ocrx_word' id='word_1_142' title='bbox 1591 2108 1652 2158; x_wconf 83' lang='grc' dir='ltr'><strong>τὸ</strong></span> <span class='ocrx_word' id='word_1_143' title='bbox 1697 2107 1790 2158; x_wconf 81' lang='grc' dir='ltr'>λα-</span> 
     </span>
    </p>
   </div>
   <div class='ocr_carea' id='block_1_21' title="bbox 219 2194 1792 2268">
    <p class='ocr_par' dir='ltr' id='par_1_21' title="bbox 219 2194 1792 2268">
     <span class='ocr_line' id='line_1_21' title="bbox 219 2194 1792 2268; baseline 0.003 -25"><span class='ocrx_word' id='word_1_144' title='bbox 219 2194 337 2245; x_wconf 73' lang='grc' dir='ltr'>δεῖν</span> <span class='ocrx_word' id='word_1_145' title='bbox 365 2195 573 2262; x_wconf 74' lang='grc' dir='ltr'>εἴδησιν</span> <span class='ocrx_word' id='word_1_146' title='bbox 597 2195 691 2246; x_wconf 84' lang='grc' dir='ltr'>τοῦ</span> <span class='ocrx_word' id='word_1_147' title='bbox 717 2195 1001 2248; x_wconf 83' lang='grc' dir='ltr'>κανονικοῦ</span> <span class='ocrx_word' id='word_1_148' title='bbox 1042 2195 1348 2264; x_wconf 78' lang='grc' dir='ltr'>διορισμοῦ,</span> <span class='ocrx_word' id='word_1_149' title='bbox 1378 2197 1670 2266; x_wconf 76' lang='grc' dir='ltr'>κληρικοὺς</span> <span class='ocrx_word' id='word_1_150' title='bbox 1694 2199 1792 2268; x_wconf 84' lang='grc' dir='ltr'><strong>μὲν</strong></span> 
     </span>
    </p>
   </div>
   <div class='ocr_carea' id='block_1_22' title="bbox 221 2286 1795 2359">
    <p class='ocr_par' dir='ltr' id='par_1_22' title="bbox 221 2286 1795 2359">
     <span class='ocr_line' id='line_1_22' title="bbox 221 2286 1795 2359; baseline 0.004 -23"><span class='ocrx_word' id='word_1_151' title='bbox 221 2286 406 2347; x_wconf 67' lang='grc' dir='ltr'>ὄντας,</span> <span class='ocrx_word' id='word_1_152' title='bbox 439 2287 842 2356; x_wconf 79' lang='grc' dir='ltr'>καθαιρεῖσθαι,</span> <span class='ocrx_word' id='word_1_153' title='bbox 880 2287 1101 2349; x_wconf 76' lang='grc' dir='ltr'>λαῖκοὺς</span> <span class='ocrx_word' id='word_1_154' title='bbox 1125 2289 1177 2339; x_wconf 84' lang='grc' dir='ltr'>δὲ</span> <span class='ocrx_word' id='word_1_155' title='bbox 1208 2289 1585 2357; x_wconf 69' lang='grc' dir='ltr'>ἀφορίζεσθαι.</span> <span class='ocrx_word' id='word_1_156' title='bbox 1621 2293 1795 2359; x_wconf 78' lang='grc' dir='ltr'>Ζητη-</span> 
     </span>
    </p>
   </div>
   <div class='ocr_carea' id='block_1_23' title="bbox 218 2378 1793 2449">
    <p class='ocr_par' dir='ltr' id='par_1_23' title="bbox 218 2378 1793 2449">
     <span class='ocr_line' id='line_1_23' title="bbox 218 2378 1793 2449; baseline 0.003 -20"><span class='ocrx_word' id='word_1_157' title='bbox 218 2378 347 2430; x_wconf 84' lang='grc' dir='ltr'><strong>τέον</strong></span> <span class='ocrx_word' id='word_1_158' title='bbox 378 2378 472 2430; x_wconf 76' lang='grc' dir='ltr'><strong>οὖν</strong></span> <span class='ocrx_word' id='word_1_159' title='bbox 522 2379 643 2430; x_wconf 84' lang='grc' dir='ltr'>τίνα</span> <span class='ocrx_word' id='word_1_160' title='bbox 675 2381 779 2431; x_wconf 72' lang='grc' dir='ltr'>εἰσὶ</span> <span class='ocrx_word' id='word_1_161' title='bbox 825 2379 892 2432; x_wconf 85' lang='grc' dir='ltr'><strong>τά</strong></span> <span class='ocrx_word' id='word_1_162' title='bbox 923 2380 1145 2448; x_wconf 74' lang='grc' dir='ltr'>κωμικὰ</span> <span class='ocrx_word' id='word_1_163' title='bbox 1194 2382 1542 2449; x_wconf 82' lang='grc' dir='ltr'>προσωπεῖα,</span> <span class='ocrx_word' id='word_1_164' title='bbox 1575 2383 1690 2433; x_wconf 88' lang='grc' dir='ltr'>τίνα</span> <span class='ocrx_word' id='word_1_165' title='bbox 1723 2384 1793 2434; x_wconf 64' lang='grc' dir='ltr'><strong>τὰ</strong></span> 
     </span>
    </p>
   </div>
   <div class='ocr_carea' id='block_1_24' title="bbox 214 2472 1793 2544">
    <p class='ocr_par' dir='ltr' id='par_1_24' title="bbox 214 2472 1793 2544">
     <span class='ocr_line' id='line_1_24' title="bbox 214 2472 1793 2544; baseline 0.004 -23"><span class='ocrx_word' id='word_1_166' title='bbox 214 2472 482 2539; x_wconf 68' lang='grc' dir='ltr'>τραγικὰ,</span> <span class='ocrx_word' id='word_1_167' title='bbox 511 2473 607 2524; x_wconf 78' lang='grc' dir='ltr'>καὶ</span> <span class='ocrx_word' id='word_1_168' title='bbox 663 2473 784 2524; x_wconf 85' lang='grc' dir='ltr'>τίνα</span> <span class='ocrx_word' id='word_1_169' title='bbox 816 2473 882 2525; x_wconf 71' lang='grc' dir='ltr'><strong>τὰ</strong></span> <span class='ocrx_word' id='word_1_170' title='bbox 917 2475 1205 2541; x_wconf 83' lang='grc' dir='ltr'>σατυρικά.</span> <span class='ocrx_word' id='word_1_171' title='bbox 1266 2477 1375 2528; x_wconf 79' lang='grc' dir='ltr'><strong>Καὶ</strong></span> <span class='ocrx_word' id='word_1_172' title='bbox 1433 2476 1658 2542; x_wconf 70' lang='grc' dir='ltr'>κωμικὰ</span> <span class='ocrx_word' id='word_1_173' title='bbox 1692 2477 1793 2544; x_wconf 76' lang='grc' dir='ltr'>μέν</span> 
     </span>
    </p>
   </div>
   <div class='ocr_carea' id='block_1_25' title="bbox 216 2564 1791 2637">
    <p class='ocr_par' dir='ltr' id='par_1_25' title="bbox 216 2564 1791 2637">
     <span class='ocr_line' id='line_1_25' title="bbox 216 2564 1791 2637; baseline 0.004 -23"><span class='ocrx_word' id='word_1_174' title='bbox 216 2565 328 2615; x_wconf 82' lang='grc' dir='ltr'>είσι</span> <span class='ocrx_word' id='word_1_175' title='bbox 361 2564 429 2615; x_wconf 77' lang='grc' dir='ltr'>τὰ</span> <span class='ocrx_word' id='word_1_176' title='bbox 461 2566 798 2632; x_wconf 73' lang='grc' dir='ltr'>γελωτοποιὰ</span> <span class='ocrx_word' id='word_1_177' title='bbox 828 2566 924 2617; x_wconf 76' lang='grc' dir='ltr'><strong>καὶ</strong></span> <span class='ocrx_word' id='word_1_178' title='bbox 972 2565 1294 2636; x_wconf 68' lang='grc' dir='ltr'>ἐφύϐριστα,</span> <span class='ocrx_word' id='word_1_179' title='bbox 1341 2567 1415 2629; x_wconf 79' lang='grc' dir='ltr'><strong>ὡς</strong></span> <span class='ocrx_word' id='word_1_180' title='bbox 1446 2569 1512 2621; x_wconf 77' lang='grc' dir='ltr'>τὰ</span> <span class='ocrx_word' id='word_1_181' title='bbox 1554 2585 1791 2637; x_wconf 80' lang='grc' dir='ltr'>συγγρα·</span> 
     </span>
    </p>
   </div>
   <div class='ocr_carea' id='block_1_26' title="bbox 219 2657 1792 2731">
    <p class='ocr_par' dir='ltr' id='par_1_26' title="bbox 219 2657 1792 2731">
     <span class='ocr_line' id='line_1_26' title="bbox 219 2657 1792 2731; baseline 0.003 -23"><span class='ocrx_word' id='word_1_182' title='bbox 219 2659 398 2724; x_wconf 77' lang='grc' dir='ltr'>φέντα</span> <span class='ocrx_word' id='word_1_183' title='bbox 431 2658 580 2724; x_wconf 70' lang='grc' dir='ltr'>παρὰ</span> <span class='ocrx_word' id='word_1_184' title='bbox 608 2657 704 2709; x_wconf 80' lang='grc' dir='ltr'>τοῦ</span> <span class='ocrx_word' id='word_1_185' title='bbox 751 2657 1176 2726; x_wconf 72' lang='grc' dir='ltr'>Ἀριστοφάνους</span> <span class='ocrx_word' id='word_1_186' title='bbox 1202 2675 1216 2689; x_wconf 82' lang='grc'><em>’</em></span> <span class='ocrx_word' id='word_1_187' title='bbox 1250 2662 1492 2729; x_wconf 83' lang='grc' dir='ltr'>τραγικὰ</span> <span class='ocrx_word' id='word_1_188' title='bbox 1526 2663 1592 2712; x_wconf 75' lang='grc' dir='ltr'>τὰ</span> <span class='ocrx_word' id='word_1_189' title='bbox 1640 2679 1792 2731; x_wconf 85' lang='grc' dir='ltr'>περι-</span> 
     </span>
    </p>
   </div>
   <div class='ocr_carea' id='block_1_27' title="bbox 217 2748 1795 2826">
    <p class='ocr_par' dir='ltr' id='par_1_27' title="bbox 217 2748 1795 2826">
     <span class='ocr_line' id='line_1_27' title="bbox 217 2748 1795 2826; baseline 0.004 -28"><span class='ocrx_word' id='word_1_190' title='bbox 217 2748 373 2817; x_wconf 80' lang='grc' dir='ltr'>παθῆ</span> <span class='ocrx_word' id='word_1_191' title='bbox 405 2749 498 2801; x_wconf 73' lang='grc' dir='ltr'>καὶ</span> <span class='ocrx_word' id='word_1_192' title='bbox 540 2750 611 2801; x_wconf 71' lang='grc' dir='ltr'>τὰ</span> <span class='ocrx_word' id='word_1_193' title='bbox 644 2751 912 2820; x_wconf 76' lang='grc' dir='ltr'>θρηνώδη,</span> <span class='ocrx_word' id='word_1_194' title='bbox 970 2751 1044 2814; x_wconf 84' lang='grc' dir='ltr'><strong>ῶς</strong></span> <span class='ocrx_word' id='word_1_195' title='bbox 1075 2753 1143 2804; x_wconf 83' lang='grc' dir='ltr'>τὰ</span> <span class='ocrx_word' id='word_1_196' title='bbox 1178 2753 1274 2804; x_wconf 76' lang='grc' dir='ltr'>τοῦ</span> <span class='ocrx_word' id='word_1_197' title='bbox 1316 2751 1608 2826; x_wconf 77' lang='grc' dir='ltr'>Εὐριπίδου</span> <span class='ocrx_word' id='word_1_198' title='bbox 1665 2755 1795 2822; x_wconf 82' lang='grc' dir='ltr'>ἰαμ-</span> 
     </span>
    </p>
   </div>
   <div class='ocr_carea' id='block_1_28' title="bbox 216 2837 1788 2912">
    <p class='ocr_par' dir='ltr' id='par_1_28' title="bbox 216 2837 1788 2912">
     <span class='ocr_line' id='line_1_28' title="bbox 216 2837 1788 2912; baseline 0.003 -21"><span class='ocrx_word' id='word_1_199' title='bbox 216 2837 340 2892; x_wconf 79' lang='grc' dir='ltr'>ϐεῖα</span> <span class='ocrx_word' id='word_1_200' title='bbox 361 2841 470 2911; x_wconf 74' lang='lat'><strong>(68)</strong></span> <span class='ocrx_word' id='word_1_201' title='bbox 503 2857 516 2868; x_wconf 89' lang='grc'><strong>·</strong></span> <span class='ocrx_word' id='word_1_202' title='bbox 551 2843 642 2894; x_wconf 74' lang='grc' dir='ltr'><strong>καὶ</strong></span> <span class='ocrx_word' id='word_1_203' title='bbox 671 2841 960 2911; x_wconf 73' lang='grc' dir='ltr'>σατυρικὰ,</span> <span class='ocrx_word' id='word_1_204' title='bbox 992 2842 1061 2895; x_wconf 76' lang='grc' dir='ltr'><strong>τά</strong></span> <span class='ocrx_word' id='word_1_205' title='bbox 1086 2847 1166 2906; x_wconf 77' lang='grc' dir='ltr'><strong>είς</strong></span> <span class='ocrx_word' id='word_1_206' title='bbox 1196 2845 1367 2912; x_wconf 80' lang='grc' dir='ltr'>ὕμνον</span> <span class='ocrx_word' id='word_1_207' title='bbox 1396 2845 1491 2897; x_wconf 75' lang='grc' dir='ltr'>τοῦ</span> <span class='ocrx_word' id='word_1_208' title='bbox 1525 2845 1788 2896; x_wconf 73' lang='grc' dir='ltr'>Διονύσου</span> 
     </span>
    </p>
   </div>
   <div class='ocr_carea' id='block_1_29' title="bbox 217 2934 1793 3009">
    <p class='ocr_par' dir='ltr' id='par_1_29' title="bbox 217 2934 1793 3009">
     <span class='ocr_line' id='line_1_29' title="bbox 217 2934 1793 3009; baseline 0.001 -21"><span class='ocrx_word' id='word_1_209' title='bbox 217 2934 525 3002; x_wconf 71' lang='grc' dir='ltr'>τελούμενα</span> <span class='ocrx_word' id='word_1_210' title='bbox 554 2935 720 3003; x_wconf 75' lang='grc' dir='ltr'>ὄργια</span> <span class='ocrx_word' id='word_1_211' title='bbox 756 2937 908 3004; x_wconf 71' lang='grc' dir='ltr'>παρὰ</span> <span class='ocrx_word' id='word_1_212' title='bbox 937 2937 1194 3006; x_wconf 80' lang='grc' dir='ltr'>Σατύρων</span> <span class='ocrx_word' id='word_1_213' title='bbox 1226 2940 1317 2990; x_wconf 74' lang='grc' dir='ltr'><strong>καὶ</strong></span> <span class='ocrx_word' id='word_1_214' title='bbox 1344 2936 1592 3009; x_wconf 80' lang='grc' dir='ltr'>Βακχῶν.</span> <span class='ocrx_word' id='word_1_215' title='bbox 1611 2939 1793 2991; x_wconf 79' lang='grc' dir='ltr'>Ταῦτα</span> 
     </span>
    </p>
   </div>
   <div class='ocr_carea' id='block_1_30' title="bbox 220 3025 1792 3098">
    <p class='ocr_par' dir='ltr' id='par_1_30' title="bbox 220 3025 1792 3098">
     <span class='ocr_line' id='line_1_30' title="bbox 220 3025 1792 3098; baseline 0.003 -20"><span class='ocrx_word' id='word_1_216' title='bbox 220 3025 332 3078; x_wconf 83' lang='grc' dir='ltr'><strong>τῶν</strong></span> <span class='ocrx_word' id='word_1_217' title='bbox 367 3027 625 3093; x_wconf 83' lang='grc' dir='ltr'>Πατέρων</span> <span class='ocrx_word' id='word_1_218' title='bbox 647 3027 1047 3097; x_wconf 82' lang='grc' dir='ltr'>διορισαμένων</span> <span class='ocrx_word' id='word_1_219' title='bbox 1075 3031 1447 3098; x_wconf 81' lang='grc' dir='ltr'>ἁγιοπρεπῶς,</span> <span class='ocrx_word' id='word_1_220' title='bbox 1476 3032 1570 3084; x_wconf 75' lang='grc' dir='ltr'><strong>καὶ</strong></span> <span class='ocrx_word' id='word_1_221' title='bbox 1599 3031 1690 3082; x_wconf 77' lang='grc' dir='ltr'>τοῦ</span> <span class='ocrx_word' id='word_1_222' title='bbox 1722 3029 1792 3095; x_wconf 81' lang='grc' dir='ltr'><strong>ξδ’</strong></span> 
     </span>
    </p>
   </div>
   <div class='ocr_carea' id='block_1_31' title="bbox 1232 347 2440 415">
    <p class='ocr_par' dir='ltr' id='par_1_31' title="bbox 1232 347 2440 415">
     <span class='ocr_line' id='line_1_31' title="bbox 1232 347 2440 415; baseline 0.007 -9"><span class='ocrx_word' id='word_1_223' title='bbox 1232 349 1310 406; x_wconf 75' lang='lat' dir='ltr'><strong>1N</strong></span> <span class='ocrx_word' id='word_1_224' title='bbox 1351 347 1513 408; x_wconf 66' lang='lat' dir='ltr'><strong>(IAN.</strong></span> <span class='ocrx_word' id='word_1_225' title='bbox 1551 348 1712 407; x_wconf 80' lang='lat' dir='ltr'><strong>LXII</strong></span> <span class='ocrx_word' id='word_1_226' title='bbox 1750 351 1957 412; x_wconf 73' lang='lat' dir='ltr'><strong>CUNC.</strong></span> <span class='ocrx_word' id='word_1_227' title='bbox 2008 354 2086 414; x_wconf 73' lang='grc' dir='ltr'><strong>ΙΝ</strong></span> <span class='ocrx_word' id='word_1_228' title='bbox 2117 357 2440 415; x_wconf 60' lang='lat' dir='ltr'><strong>TRULIX).</strong></span> 
     </span>
    </p>
   </div>
   <div class='ocr_carea' id='block_1_32' title="bbox 3375 355 3479 414">
    <p class='ocr_par' dir='ltr' id='par_1_32' title="bbox 3375 355 3479 414">
     <span class='ocr_line' id='line_1_32' title="bbox 3375 355 3479 414; baseline -0.038 0"><span class='ocrx_word' id='word_1_229' title='bbox 3375 355 3479 414; x_wconf 53' lang='lat'><strong>7&#39;31)</strong></span> 
     </span>
    </p>
   </div>
   <div class='ocr_carea' id='block_1_33' title="bbox 1363 460 3037 536">
    <p class='ocr_par' dir='ltr' id='par_1_33' title="bbox 1363 460 3037 536">
     <span class='ocr_line' id='line_1_33' title="bbox 1363 460 3037 536; baseline 0.008 -28"><span class='ocrx_word' id='word_1_230' title='bbox 1363 460 1645 528; x_wconf 77' lang='grc' dir='ltr'>γινόμενα.</span> <span class='ocrx_word' id='word_1_231' title='bbox 1710 462 1791 512; x_wconf 78' lang='grc' dir='ltr'><strong>Τὰ</strong></span> <span class='ocrx_word' id='word_1_232' title='bbox 1821 467 1860 520; x_wconf 76' lang='grc' dir='ltr'>Α</span> <span class='ocrx_word' id='word_1_233' title='bbox 1894 481 2079 517; x_wconf 85' lang='lat' dir='ltr'><strong>eorum</strong></span> <span class='ocrx_word' id='word_1_234' title='bbox 2118 484 2302 520; x_wconf 85' lang='lat' dir='ltr'><strong>curam</strong></span> <span class='ocrx_word' id='word_1_235' title='bbox 2337 469 2510 534; x_wconf 66' lang='lat' dir='ltr'><strong>gerit:</strong></span> <span class='ocrx_word' id='word_1_236' title='bbox 2557 468 2657 520; x_wconf 84' lang='lat' dir='ltr'><strong>hoc</strong></span> <span class='ocrx_word' id='word_1_237' title='bbox 2689 484 2814 520; x_wconf 78' lang='lat' dir='ltr'><strong>vero</strong></span> <span class='ocrx_word' id='word_1_238' title='bbox 2847 485 2940 536; x_wconf 88' lang='lat' dir='ltr'><strong>pro</strong></span> <span class='ocrx_word' id='word_1_239' title='bbox 2975 471 3037 521; x_wconf 84' lang='lat' dir='ltr'><strong>Ba</strong></span> 
     </span>
    </p>
   </div>
   <div class='ocr_carea' id='block_1_34' title="bbox 1794 460 3468 536">
    <p class='ocr_par' dir='ltr' id='par_1_34' title="bbox 1821 467 3468 536">
     <span class='ocr_line' id='line_1_34' title="bbox 1821 467 3468 536; baseline 0.001 -16"><span class='ocrx_word' id='word_1_240' title='bbox 1821 467 1860 520; x_wconf 76' lang='grc' dir='ltr'>Α</span> <span class='ocrx_word' id='word_1_241' title='bbox 1894 481 2079 517; x_wconf 80' lang='lat' dir='ltr'><strong>eorum</strong></span> <span class='ocrx_word' id='word_1_242' title='bbox 2118 484 2302 520; x_wconf 85' lang='lat' dir='ltr'><strong>curam</strong></span> <span class='ocrx_word' id='word_1_243' title='bbox 2337 469 2510 534; x_wconf 66' lang='lat' dir='ltr'><strong>gerit:</strong></span> <span class='ocrx_word' id='word_1_244' title='bbox 2557 468 2657 520; x_wconf 84' lang='lat' dir='ltr'><strong>hoc</strong></span> <span class='ocrx_word' id='word_1_245' title='bbox 2689 484 2814 520; x_wconf 78' lang='lat' dir='ltr'><strong>vero</strong></span> <span class='ocrx_word' id='word_1_246' title='bbox 2847 485 2940 536; x_wconf 88' lang='lat' dir='ltr'><strong>pro</strong></span> <span class='ocrx_word' id='word_1_247' title='bbox 2975 470 3206 530; x_wconf 82' lang='lat' dir='ltr'><strong>Baccho,</strong></span> <span class='ocrx_word' id='word_1_248' title='bbox 3241 468 3377 523; x_wconf 81' lang='lat' dir='ltr'><strong>\ini.</strong></span> <span class='ocrx_word' id='word_1_249' title='bbox 3411 480 3468 521; x_wconf 88' lang='lat' dir='ltr'><strong>ut</strong></span> 
     </span>
    </p>
   </div>
   <div class='ocr_carea' id='block_1_35' title="bbox 1904 559 3474 625">
    <p class='ocr_par' dir='ltr' id='par_1_35' title="bbox 1904 559 3474 625">
     <span class='ocr_line' id='line_1_35' title="bbox 1904 559 3474 625; baseline 0 -15"><span class='ocrx_word' id='word_1_250' title='bbox 1904 559 1981 610; x_wconf 78' lang='lat' dir='ltr'><strong>illi</strong></span> <span class='ocrx_word' id='word_1_251' title='bbox 2014 559 2176 625; x_wconf 87' lang='lat' dir='ltr'><strong>impie</strong></span> <span class='ocrx_word' id='word_1_252' title='bbox 2211 562 2486 624; x_wconf 89' lang='lat' dir='ltr'><strong>dicebant,</strong></span> <span class='ocrx_word' id='word_1_253' title='bbox 2529 572 2940 613; x_wconf 76' lang='lat' dir='ltr'><strong>Conservatorc.</strong></span> <span class='ocrx_word' id='word_1_254' title='bbox 3030 561 3120 612; x_wconf 79' lang='lat' dir='ltr'><strong>Est</strong></span> <span class='ocrx_word' id='word_1_255' title='bbox 3164 561 3305 612; x_wconf 81' lang='lat' dir='ltr'><strong>cnim</strong></span> <span class='ocrx_word' id='word_1_256' title='bbox 3341 559 3474 611; x_wconf 89' lang='lat' dir='ltr'><strong>Bro-</strong></span> 
     </span>
    </p>
   </div>
   <div class='ocr_carea' id='block_1_36' title="bbox 1902 651 3479 722">
    <p class='ocr_par' dir='ltr' id='par_1_36' title="bbox 1902 651 3479 722">
     <span class='ocr_line' id='line_1_36' title="bbox 1902 651 3479 722; baseline 0.001 -22"><span class='ocrx_word' id='word_1_257' title='bbox 1902 651 2044 702; x_wconf 88' lang='lat' dir='ltr'><strong>mius</strong></span> <span class='ocrx_word' id='word_1_258' title='bbox 2077 651 2273 704; x_wconf 80' lang='lat' dir='ltr'><strong>Bacchi</strong></span> <span class='ocrx_word' id='word_1_259' title='bbox 2301 655 2608 722; x_wconf 85' lang='lat' dir='ltr'><strong>epitheton.</strong></span> <span class='ocrx_word' id='word_1_260' title='bbox 2672 652 2853 706; x_wconf 82' lang='lat' dir='ltr'><strong>Mense</strong></span> <span class='ocrx_word' id='word_1_261' title='bbox 2886 663 3063 704; x_wconf 85' lang='lat' dir='ltr'><strong>autent</strong></span> <span class='ocrx_word' id='word_1_262' title='bbox 3098 652 3291 704; x_wconf 83' lang='lat' dir='ltr'><strong>Martio</strong></span> <span class='ocrx_word' id='word_1_263' title='bbox 3319 653 3479 704; x_wconf 75' lang='lat' dir='ltr'><strong>tiehat</strong></span> 
     </span>
    </p>
   </div>
   <div class='ocr_carea' id='block_1_37' title="bbox 1902 743 3478 811">
    <p class='ocr_par' dir='ltr' id='par_1_37' title="bbox 1902 743 3478 811">
     <span class='ocr_line' id='line_1_37' title="bbox 1902 743 3478 811; baseline 0.002 -17"><span class='ocrx_word' id='word_1_264' title='bbox 1902 757 2096 811; x_wconf 80' lang='lat' dir='ltr'><strong>magna</strong></span> <span class='ocrx_word' id='word_1_265' title='bbox 2139 743 2322 797; x_wconf 74' lang='lat' dir='ltr'><strong>Grzeca</strong></span> <span class='ocrx_word' id='word_1_266' title='bbox 2372 747 2582 807; x_wconf 76' lang='lat' dir='ltr'><strong>concio,</strong></span> <span class='ocrx_word' id='word_1_267' title='bbox 2632 761 2728 798; x_wconf 81' lang='lat' dir='ltr'><strong>seu</strong></span> <span class='ocrx_word' id='word_1_268' title='bbox 2776 747 3096 798; x_wconf 64' lang='lat' dir='ltr'><strong>univvrsalis</strong></span> <span class='ocrx_word' id='word_1_269' title='bbox 3151 756 3478 808; x_wconf 66' lang='lat' dir='ltr'><strong>conventus,</strong></span> 
     </span>
    </p>
   </div>
   <div class='ocr_carea' id='block_1_38' title="bbox 1905 836 3481 904">
    <p class='ocr_par' dir='ltr' id='par_1_38' title="bbox 1905 836 3481 904">
     <span class='ocr_line' id='line_1_38' title="bbox 1905 836 3481 904; baseline 0.001 -20"><span class='ocrx_word' id='word_1_270' title='bbox 1905 845 2128 902; x_wconf 86' lang='lat' dir='ltr'><strong>proplcr</strong></span> <span class='ocrx_word' id='word_1_271' title='bbox 2161 837 2353 888; x_wconf 80' lang='lat' dir='ltr'><strong>bonam</strong></span> <span class='ocrx_word' id='word_1_272' title='bbox 2389 847 2689 904; x_wconf 84' lang='lat' dir='ltr'><strong>temporum</strong></span> <span class='ocrx_word' id='word_1_273' title='bbox 2725 845 2778 888; x_wconf 87' lang='lat' dir='ltr'><strong>et</strong></span> <span class='ocrx_word' id='word_1_274' title='bbox 2807 836 2947 888; x_wconf 86' lang='lat' dir='ltr'><strong>aeris</strong></span> <span class='ocrx_word' id='word_1_275' title='bbox 2983 839 3333 901; x_wconf 81' lang='lat' dir='ltr'><strong>temperimn:</strong></span> <span class='ocrx_word' id='word_1_276' title='bbox 3367 851 3481 900; x_wconf 89' lang='lat' dir='ltr'><strong>quo</strong></span> 
     </span>
    </p>
   </div>
   <div class='ocr_carea' id='block_1_39' title="bbox 1901 930 3476 997">
    <p class='ocr_par' dir='ltr' id='par_1_39' title="bbox 1901 930 3476 997">
     <span class='ocr_line' id='line_1_39' title="bbox 1901 930 3476 997; baseline -0.002 -15"><span class='ocrx_word' id='word_1_277' title='bbox 1901 937 2150 997; x_wconf 80' lang='lat' dir='ltr'><strong>tempore</strong></span> <span class='ocrx_word' id='word_1_278' title='bbox 2187 933 2351 983; x_wconf 84' lang='lat' dir='ltr'><strong>etiam</strong></span> <span class='ocrx_word' id='word_1_279' title='bbox 2389 930 2659 983; x_wconf 65' lang='lat' dir='ltr'><strong>indecorae</strong></span> <span class='ocrx_word' id='word_1_280' title='bbox 2691 930 3013 983; x_wconf 76' lang='lat' dir='ltr'><strong>saltationes</strong></span> <span class='ocrx_word' id='word_1_281' title='bbox 3066 945 3093 981; x_wconf 88' lang='lat' dir='ltr'><strong>a</strong></span> <span class='ocrx_word' id='word_1_282' title='bbox 3149 931 3476 996; x_wconf 80' lang='lat' dir='ltr'><strong>quibusdam</strong></span> 
     </span>
    </p>
   </div>
   <div class='ocr_carea' id='block_1_40' title="bbox 1901 1019 3480 1088">
    <p class='ocr_par' dir='ltr' id='par_1_40' title="bbox 1901 1019 3480 1088">
     <span class='ocr_line' id='line_1_40' title="bbox 1901 1019 3480 1088; baseline -0.002 -14"><span class='ocrx_word' id='word_1_283' title='bbox 1901 1021 2244 1074; x_wconf 80' lang='lat' dir='ltr'><strong>mulierculis</strong></span> <span class='ocrx_word' id='word_1_284' title='bbox 2281 1020 2519 1088; x_wconf 72' lang='lat' dir='ltr'><strong>virisque</strong></span> <span class='ocrx_word' id='word_1_285' title='bbox 2569 1021 2791 1073; x_wconf 80' lang='lat' dir='ltr'><strong>ﬁebant.</strong></span> <span class='ocrx_word' id='word_1_286' title='bbox 2875 1019 3005 1084; x_wconf 76' lang='lat' dir='ltr'><strong>Qua:</strong></span> <span class='ocrx_word' id='word_1_287' title='bbox 3053 1021 3234 1072; x_wconf 87' lang='lat' dir='ltr'><strong>omnia</strong></span> <span class='ocrx_word' id='word_1_288' title='bbox 3289 1029 3341 1072; x_wconf 90' lang='lat' dir='ltr'><strong>et</strong></span> <span class='ocrx_word' id='word_1_289' title='bbox 3391 1020 3480 1071; x_wconf 85' lang='lat' dir='ltr'><strong>his</strong></span> 
     </span>
    </p>
   </div>
   <div class='ocr_carea' id='block_1_41' title="bbox 1899 1111 3477 1179">
    <p class='ocr_par' dir='ltr' id='par_1_41' title="bbox 1899 1111 3477 1179">
     <span class='ocr_line' id='line_1_41' title="bbox 1899 1111 3477 1179; baseline -0.004 -12"><span class='ocrx_word' id='word_1_290' title='bbox 1899 1112 2098 1167; x_wconf 81' lang='lat' dir='ltr'><strong>similia</strong></span> <span class='ocrx_word' id='word_1_291' title='bbox 2156 1114 2330 1164; x_wconf 81' lang='lat' dir='ltr'><strong>sancti</strong></span> <span class='ocrx_word' id='word_1_292' title='bbox 2387 1111 2576 1165; x_wconf 82' lang='lat' dir='ltr'><strong>Patres</strong></span> <span class='ocrx_word' id='word_1_293' title='bbox 2624 1124 2961 1175; x_wconf 86' lang='lat' dir='ltr'><strong>aversantes,</strong></span> <span class='ocrx_word' id='word_1_294' title='bbox 3016 1112 3144 1163; x_wconf 87' lang='lat' dir='ltr'><strong>nttlli</strong></span> <span class='ocrx_word' id='word_1_295' title='bbox 3195 1114 3310 1164; x_wconf 83' lang='lat' dir='ltr'><strong>viro</strong></span> <span class='ocrx_word' id='word_1_296' title='bbox 3355 1128 3477 1179; x_wconf 61' lang='lat' dir='ltr'><strong>per-</strong></span> 
     </span>
    </p>
   </div>
   <div class='ocr_carea' id='block_1_42' title="bbox 1901 1204 3476 1266">
    <p class='ocr_par' dir='ltr' id='par_1_42' title="bbox 1901 1204 3476 1266">
     <span class='ocr_line' id='line_1_42' title="bbox 1901 1204 3476 1266; baseline -0.003 -10"><span class='ocrx_word' id='word_1_297' title='bbox 1901 1205 2190 1258; x_wconf 86' lang='lat' dir='ltr'><strong>mittebant</strong></span> <span class='ocrx_word' id='word_1_298' title='bbox 2223 1205 2473 1258; x_wconf 72' lang='lat' dir='ltr'><strong>muliebri</strong></span> <span class='ocrx_word' id='word_1_299' title='bbox 2503 1205 2640 1258; x_wconf 90' lang='lat' dir='ltr'><strong>stola</strong></span> <span class='ocrx_word' id='word_1_300' title='bbox 2674 1206 2784 1257; x_wconf 87' lang='lat' dir='ltr'><strong>ullo</strong></span> <span class='ocrx_word' id='word_1_301' title='bbox 2819 1204 2978 1256; x_wconf 89' lang='lat' dir='ltr'><strong>modo</strong></span> <span class='ocrx_word' id='word_1_302' title='bbox 3011 1204 3110 1266; x_wconf 90' lang='lat' dir='ltr'><strong>uti,</strong></span> <span class='ocrx_word' id='word_1_303' title='bbox 3142 1205 3224 1257; x_wconf 94' lang='lat' dir='ltr'><strong>vel</strong></span> <span class='ocrx_word' id='word_1_304' title='bbox 3251 1216 3476 1264; x_wconf 80' lang='lat' dir='ltr'><strong>contra;</strong></span> 
     </span>
    </p>
   </div>
   <div class='ocr_carea' id='block_1_43' title="bbox 1899 1297 3478 1366">
    <p class='ocr_par' dir='ltr' id='par_1_43' title="bbox 1899 1297 3478 1366">
     <span class='ocr_line' id='line_1_43' title="bbox 1899 1297 3478 1366; baseline -0.001 -15"><span class='ocrx_word' id='word_1_305' title='bbox 1899 1297 1993 1351; x_wconf 84' lang='lat' dir='ltr'><strong>sed</strong></span> <span class='ocrx_word' id='word_1_306' title='bbox 2031 1313 2207 1366; x_wconf 87' lang='lat' dir='ltr'><strong>neque</strong></span> <span class='ocrx_word' id='word_1_307' title='bbox 2254 1313 2513 1364; x_wconf 77' lang='lat' dir='ltr'><strong>personas</strong></span> <span class='ocrx_word' id='word_1_308' title='bbox 2561 1299 2790 1350; x_wconf 89' lang='lat' dir='ltr'><strong>imluere</strong></span> <span class='ocrx_word' id='word_1_309' title='bbox 2823 1298 3063 1350; x_wconf 83' lang='lat' dir='ltr'><strong>comicas</strong></span> <span class='ocrx_word' id='word_1_310' title='bbox 3101 1298 3181 1349; x_wconf 82' lang='lat' dir='ltr'><strong>vel</strong></span> <span class='ocrx_word' id='word_1_311' title='bbox 3236 1300 3478 1362; x_wconf 75' lang='lat' dir='ltr'><strong>tragicas</strong></span> 
     </span>
    </p>
   </div>
   <div class='ocr_carea' id='block_1_44' title="bbox 1898 1387 3476 1458">
    <p class='ocr_par' dir='ltr' id='par_1_44' title="bbox 1898 1387 3476 1458">
     <span class='ocr_line' id='line_1_44' title="bbox 1898 1387 3476 1458; baseline 0.001 -18"><span class='ocrx_word' id='word_1_312' title='bbox 1898 1389 1982 1443; x_wconf 87' lang='lat' dir='ltr'><strong>vel</strong></span> <span class='ocrx_word' id='word_1_313' title='bbox 2018 1389 2321 1458; x_wconf 74' lang='lat' dir='ltr'><strong>satyricas:</strong></span> <span class='ocrx_word' id='word_1_314' title='bbox 2361 1403 2460 1442; x_wconf 88' lang='lat' dir='ltr'><strong>nec</strong></span> <span class='ocrx_word' id='word_1_315' title='bbox 2493 1387 2687 1441; x_wconf 74' lang='lat' dir='ltr'><strong>Bacchi</strong></span> <span class='ocrx_word' id='word_1_316' title='bbox 2719 1389 2935 1455; x_wconf 79' lang='lat' dir='ltr'><strong>quidem</strong></span> <span class='ocrx_word' id='word_1_317' title='bbox 2975 1403 3169 1441; x_wconf 74' lang='lat' dir='ltr'><strong>nomen</strong></span> <span class='ocrx_word' id='word_1_318' title='bbox 3199 1389 3250 1440; x_wconf 87' lang='lat' dir='ltr'><strong>in</strong></span> <span class='ocrx_word' id='word_1_319' title='bbox 3288 1400 3476 1441; x_wconf 84' lang='lat' dir='ltr'><strong>torcu-</strong></span> 
     </span>
    </p>
   </div>
   <div class='ocr_carea' id='block_1_45' title="bbox 1898 1477 3481 1539">
    <p class='ocr_par' dir='ltr' id='par_1_45' title="bbox 1898 1477 3481 1539">
     <span class='ocr_line' id='line_1_45' title="bbox 1898 1477 3481 1539; baseline -0.003 -6"><span class='ocrx_word' id='word_1_320' title='bbox 1898 1479 2107 1533; x_wconf 80' lang='lat' dir='ltr'><strong>laribus</strong></span> <span class='ocrx_word' id='word_1_321' title='bbox 2155 1478 2459 1539; x_wconf 83' lang='lat' dir='ltr'><strong>nominare,</strong></span> <span class='ocrx_word' id='word_1_322' title='bbox 2515 1494 2614 1532; x_wconf 87' lang='lat' dir='ltr'><strong>nec</strong></span> <span class='ocrx_word' id='word_1_323' title='bbox 2648 1479 2774 1529; x_wconf 88' lang='lat' dir='ltr'><strong>vino</strong></span> <span class='ocrx_word' id='word_1_324' title='bbox 2801 1477 2962 1530; x_wconf 84' lang='lat' dir='ltr'><strong>doliis</strong></span> <span class='ocrx_word' id='word_1_325' title='bbox 2991 1477 3172 1528; x_wconf 86' lang='lat' dir='ltr'><strong>inl&#39;uso</strong></span> <span class='ocrx_word' id='word_1_326' title='bbox 3221 1477 3394 1529; x_wconf 86' lang='lat' dir='ltr'><strong>ridere</strong></span> <span class='ocrx_word' id='word_1_327' title='bbox 3425 1490 3481 1529; x_wconf 89' lang='lat' dir='ltr'><strong>et</strong></span> 
     </span>
    </p>
   </div>
   <div class='ocr_carea' id='block_1_46' title="bbox 1899 1569 3476 1636">
    <p class='ocr_par' dir='ltr' id='par_1_46' title="bbox 1899 1569 3476 1636">
     <span class='ocr_line' id='line_1_46' title="bbox 1899 1569 3476 1636; baseline -0.001 -13"><span class='ocrx_word' id='word_1_328' title='bbox 1899 1569 2237 1624; x_wconf 86' lang='lat' dir='ltr'><strong>cachinnari.</strong></span> <span class='ocrx_word' id='word_1_329' title='bbox 2321 1569 2428 1623; x_wconf 86' lang='lat' dir='ltr'><strong>Eos</strong></span> <span class='ocrx_word' id='word_1_330' title='bbox 2458 1579 2638 1622; x_wconf 86' lang='lat' dir='ltr'><strong>autem</strong></span> <span class='ocrx_word' id='word_1_331' title='bbox 2665 1569 2756 1636; x_wconf 89' lang='lat' dir='ltr'><strong>qui</strong></span> <span class='ocrx_word' id='word_1_332' title='bbox 2797 1570 2900 1621; x_wconf 90' lang='lat' dir='ltr'><strong>tale</strong></span> <span class='ocrx_word' id='word_1_333' title='bbox 2930 1569 3058 1635; x_wconf 90' lang='lat' dir='ltr'><strong>quid</strong></span> <span class='ocrx_word' id='word_1_334' title='bbox 3094 1569 3270 1621; x_wconf 82' lang='lat' dir='ltr'><strong>facere</strong></span> <span class='ocrx_word' id='word_1_335' title='bbox 3299 1570 3476 1621; x_wconf 81' lang='lat' dir='ltr'><strong>adorti</strong></span> 
     </span>
    </p>
   </div>
   <div class='ocr_carea' id='block_1_47' title="bbox 1901 1659 3474 1730">
    <p class='ocr_par' dir='ltr' id='par_1_47' title="bbox 1901 1659 3474 1730">
     <span class='ocr_line' id='line_1_47' title="bbox 1901 1659 3474 1730; baseline -0.001 -18"><span class='ocrx_word' id='word_1_336' title='bbox 1901 1659 2142 1724; x_wconf 69' lang='lat' dir='ltr'><strong>Interim,</strong></span> <span class='ocrx_word' id='word_1_337' title='bbox 2203 1670 2492 1730; x_wconf 73' lang='lat' dir='ltr'><strong>postquam</strong></span> <span class='ocrx_word' id='word_1_338' title='bbox 2545 1661 2796 1713; x_wconf 76' lang='lat' dir='ltr'><strong>canonici</strong></span> <span class='ocrx_word' id='word_1_339' title='bbox 2855 1660 3057 1713; x_wconf 84' lang='lat' dir='ltr'><strong>decreti</strong></span> <span class='ocrx_word' id='word_1_340' title='bbox 3113 1660 3474 1729; x_wconf 78' lang='lat' dir='ltr'><strong>Cognitiouem</strong></span> 
     </span>
    </p>
   </div>
   <div class='ocr_carea' id='block_1_48' title="bbox 1899 1753 3480 1822">
    <p class='ocr_par' dir='ltr' id='par_1_48' title="bbox 1899 1753 3480 1822">
     <span class='ocr_line' id='line_1_48' title="bbox 1899 1753 3480 1822; baseline -0.001 -16"><span class='ocrx_word' id='word_1_341' title='bbox 1899 1757 2164 1821; x_wconf 86' lang='lat' dir='ltr'><strong>ceperint,</strong></span> <span class='ocrx_word' id='word_1_342' title='bbox 2219 1755 2260 1807; x_wconf 89' lang='lat' dir='ltr'><strong>si</strong></span> <span class='ocrx_word' id='word_1_343' title='bbox 2312 1755 2421 1808; x_wconf 87' lang='lat' dir='ltr'><strong>sint</strong></span> <span class='ocrx_word' id='word_1_344' title='bbox 2471 1755 2690 1822; x_wconf 79' lang='lat' dir='ltr'><strong>quidem</strong></span> <span class='ocrx_word' id='word_1_345' title='bbox 2743 1753 3213 1820; x_wconf 81' lang='lat' dir='ltr'><strong>clerici,dcponi:</strong></span> <span class='ocrx_word' id='word_1_346' title='bbox 3273 1754 3316 1806; x_wconf 89' lang='lat' dir='ltr'><strong>si</strong></span> <span class='ocrx_word' id='word_1_347' title='bbox 3351 1769 3480 1807; x_wconf 74' lang='lat' dir='ltr'><strong>vero</strong></span> 
     </span>
    </p>
   </div>
   <div class='ocr_carea' id='block_1_49' title="bbox 1897 1844 3477 1914">
    <p class='ocr_par' dir='ltr' id='par_1_49' title="bbox 1897 1844 3477 1914">
     <span class='ocr_line' id='line_1_49' title="bbox 1897 1844 3477 1914; baseline 0.001 -17"><span class='ocrx_word' id='word_1_348' title='bbox 1897 1846 2042 1908; x_wconf 87' lang='lat' dir='ltr'><strong>laici,</strong></span> <span class='ocrx_word' id='word_1_349' title='bbox 2096 1847 2396 1914; x_wconf 69' lang='lat' dir='ltr'><strong>segregari.</strong></span> <span class='ocrx_word' id='word_1_350' title='bbox 2479 1844 2843 1910; x_wconf 75' lang='lat' dir='ltr'><strong>Quaerendum</strong></span> <span class='ocrx_word' id='word_1_351' title='bbox 2902 1861 3034 1912; x_wconf 77' lang='lat' dir='ltr'><strong>ergo</strong></span> <span class='ocrx_word' id='word_1_352' title='bbox 3093 1857 3172 1898; x_wconf 82' lang='lat' dir='ltr'><strong>est</strong></span> <span class='ocrx_word' id='word_1_353' title='bbox 3225 1862 3477 1914; x_wconf 79' lang='lat' dir='ltr'><strong>quamam</strong></span> 
     </span>
    </p>
   </div>
   <div class='ocr_carea' id='block_1_50' title="bbox 1895 1940 3476 2012">
    <p class='ocr_par' dir='ltr' id='par_1_50' title="bbox 1895 1940 3476 2012">
     <span class='ocr_line' id='line_1_50' title="bbox 1895 1940 3476 2012; baseline 0.001 -20"><span class='ocrx_word' id='word_1_354' title='bbox 1895 1940 2005 1992; x_wconf 91' lang='lat' dir='ltr'><strong>sint</strong></span> <span class='ocrx_word' id='word_1_355' title='bbox 2030 1940 2252 1993; x_wconf 79' lang='lat' dir='ltr'><strong>comica:</strong></span> <span class='ocrx_word' id='word_1_356' title='bbox 2283 1955 2548 2007; x_wconf 70' lang='lat' dir='ltr'><strong>personae,</strong></span> <span class='ocrx_word' id='word_1_357' title='bbox 2578 1958 2697 2010; x_wconf 78' lang='lat' dir='ltr'><strong>ane</strong></span> <span class='ocrx_word' id='word_1_358' title='bbox 2723 1943 2957 2012; x_wconf 61' lang='lat' dir='ltr'><strong>tragice,</strong></span> <span class='ocrx_word' id='word_1_359' title='bbox 2983 1955 3036 1997; x_wconf 86' lang='lat' dir='ltr'><strong>et</strong></span> <span class='ocrx_word' id='word_1_360' title='bbox 3062 1960 3181 2012; x_wconf 68' lang='lat' dir='ltr'><strong>qua:</strong></span> <span class='ocrx_word' id='word_1_361' title='bbox 3205 1942 3476 2009; x_wconf 67' lang='lat' dir='ltr'><strong>satyricar.</strong></span> 
     </span>
    </p>
   </div>
   <div class='ocr_carea' id='block_1_51' title="bbox 1894 2032 3481 2102">
    <p class='ocr_par' dir='ltr' id='par_1_51' title="bbox 1894 2032 3481 2102">
     <span class='ocr_line' id='line_1_51' title="bbox 1894 2032 3481 2102; baseline 0.001 -20"><span class='ocrx_word' id='word_1_362' title='bbox 1894 2032 1972 2083; x_wconf 81' lang='lat' dir='ltr'><strong>Ac</strong></span> <span class='ocrx_word' id='word_1_363' title='bbox 2027 2044 2152 2084; x_wconf 91' lang='lat' dir='ltr'><strong>sunt</strong></span> <span class='ocrx_word' id='word_1_364' title='bbox 2200 2032 2424 2097; x_wconf 83' lang='lat' dir='ltr'><strong>quidem</strong></span> <span class='ocrx_word' id='word_1_365' title='bbox 2476 2036 2704 2095; x_wconf 84' lang='lat' dir='ltr'><strong>comica,</strong></span> <span class='ocrx_word' id='word_1_366' title='bbox 2759 2051 2880 2102; x_wconf 80' lang='lat' dir='ltr'><strong>quze</strong></span> <span class='ocrx_word' id='word_1_367' title='bbox 2926 2037 3096 2088; x_wconf 86' lang='lat' dir='ltr'><strong>risum</strong></span> <span class='ocrx_word' id='word_1_368' title='bbox 3155 2042 3373 2087; x_wconf 78' lang='lat' dir='ltr'><strong>movent</strong></span> <span class='ocrx_word' id='word_1_369' title='bbox 3425 2044 3481 2084; x_wconf 90' lang='lat' dir='ltr'><strong>et</strong></span> 
     </span>
    </p>
   </div>
   <div class='ocr_carea' id='block_1_52' title="bbox 1899 2122 3479 2193">
    <p class='ocr_par' dir='ltr' id='par_1_52' title="bbox 1899 2122 3479 2193">
     <span class='ocr_line' id='line_1_52' title="bbox 1899 2122 3479 2193; baseline -0.001 -20"><span class='ocrx_word' id='word_1_370' title='bbox 1899 2131 2029 2173; x_wconf 90' lang='lat' dir='ltr'><strong>snnt</strong></span> <span class='ocrx_word' id='word_1_371' title='bbox 2081 2122 2376 2189; x_wconf 82' lang='lat' dir='ltr'><strong>petulantia</strong></span> <span class='ocrx_word' id='word_1_372' title='bbox 2409 2137 2473 2175; x_wconf 85' lang='lat' dir='ltr'><strong>ac</strong></span> <span class='ocrx_word' id='word_1_373' title='bbox 2510 2126 2928 2187; x_wconf 87' lang='lat' dir='ltr'><strong>contumeliosa,</strong></span> <span class='ocrx_word' id='word_1_374' title='bbox 2972 2135 3030 2177; x_wconf 88' lang='lat' dir='ltr'><strong>ut</strong></span> <span class='ocrx_word' id='word_1_375' title='bbox 3080 2141 3202 2193; x_wconf 57' lang='lat' dir='ltr'><strong>qua!</strong></span> <span class='ocrx_word' id='word_1_376' title='bbox 3253 2124 3320 2176; x_wconf 87' lang='lat' dir='ltr'><strong>ab</strong></span> <span class='ocrx_word' id='word_1_377' title='bbox 3360 2123 3479 2173; x_wconf 79' lang='lat' dir='ltr'><strong>Ari-</strong></span> 
     </span>
    </p>
   </div>
   <div class='ocr_carea' id='block_1_53' title="bbox 1895 2214 3479 2285">
    <p class='ocr_par' dir='ltr' id='par_1_53' title="bbox 1895 2214 3479 2285">
     <span class='ocr_line' id='line_1_53' title="bbox 1895 2214 3479 2285; baseline 0.001 -19"><span class='ocrx_word' id='word_1_378' title='bbox 1895 2215 2160 2277; x_wconf 74' lang='lat' dir='ltr'><strong>Stophane</strong></span> <span class='ocrx_word' id='word_1_379' title='bbox 2180 2215 2378 2284; x_wconf 87' lang='lat' dir='ltr'><strong>scripta</strong></span> <span class='ocrx_word' id='word_1_380' title='bbox 2399 2225 2545 2270; x_wconf 90' lang='lat' dir='ltr'><strong>sunt.</strong></span> <span class='ocrx_word' id='word_1_381' title='bbox 2584 2216 2836 2278; x_wconf 72' lang='lat' dir='ltr'><strong>Tragica.</strong></span> <span class='ocrx_word' id='word_1_382' title='bbox 2862 2233 2992 2285; x_wconf 65' lang='lat' dir='ltr'><strong>quae</strong></span> <span class='ocrx_word' id='word_1_383' title='bbox 3015 2228 3231 2271; x_wconf 76' lang='lat' dir='ltr'><strong>movent</strong></span> <span class='ocrx_word' id='word_1_384' title='bbox 3252 2214 3479 2267; x_wconf 75' lang='lat' dir='ltr'><strong>aﬂ‘ectus</strong></span> 
     </span>
    </p>
   </div>
   <div class='ocr_carea' id='block_1_54' title="bbox 1894 2307 3480 2379">
    <p class='ocr_par' dir='ltr' id='par_1_54' title="bbox 1894 2307 3480 2379">
     <span class='ocr_line' id='line_1_54' title="bbox 1894 2307 3480 2379; baseline -0.002 -18"><span class='ocrx_word' id='word_1_385' title='bbox 1894 2316 1947 2361; x_wconf 88' lang='lat' dir='ltr'><strong>et</strong></span> <span class='ocrx_word' id='word_1_386' title='bbox 1997 2317 2124 2361; x_wconf 90' lang='lat' dir='ltr'><strong>sunt</strong></span> <span class='ocrx_word' id='word_1_387' title='bbox 2177 2309 2566 2374; x_wconf 88' lang='lat' dir='ltr'><strong>lamentabilia,</strong></span> <span class='ocrx_word' id='word_1_388' title='bbox 2618 2319 2674 2362; x_wconf 92' lang='lat' dir='ltr'><strong>ut</strong></span> <span class='ocrx_word' id='word_1_389' title='bbox 2739 2311 3012 2379; x_wconf 80' lang='lat' dir='ltr'><strong>Euripidis</strong></span> <span class='ocrx_word' id='word_1_390' title='bbox 3076 2310 3328 2363; x_wconf 87' lang='lat' dir='ltr'><strong>iambica.</strong></span> <span class='ocrx_word' id='word_1_391' title='bbox 3413 2307 3480 2359; x_wconf 83' lang='lat' dir='ltr'><strong>Et</strong></span> 
     </span>
    </p>
   </div>
   <div class='ocr_carea' id='block_1_55' title="bbox 1896 2398 3475 2468">
    <p class='ocr_par' dir='ltr' id='par_1_55' title="bbox 1896 2398 3475 2468">
     <span class='ocr_line' id='line_1_55' title="bbox 1896 2398 3475 2468; baseline -0.001 -18"><span class='ocrx_word' id='word_1_392' title='bbox 1896 2398 2153 2466; x_wconf 62' lang='lat' dir='ltr'><strong>satyrica.</strong></span> <span class='ocrx_word' id='word_1_393' title='bbox 2202 2414 2323 2464; x_wconf 69' lang='lat' dir='ltr'><strong>qua:</strong></span> <span class='ocrx_word' id='word_1_394' title='bbox 2357 2399 2410 2451; x_wconf 90' lang='lat' dir='ltr'><strong>in</strong></span> <span class='ocrx_word' id='word_1_395' title='bbox 2442 2399 2640 2452; x_wconf 90' lang='lat' dir='ltr'><strong>Bacchi</strong></span> <span class='ocrx_word' id='word_1_396' title='bbox 2678 2400 2938 2468; x_wconf 82' lang='lat' dir='ltr'><strong>hymnum</strong></span> <span class='ocrx_word' id='word_1_397' title='bbox 2976 2415 3038 2452; x_wconf 89' lang='lat' dir='ltr'><strong>ac</strong></span> <span class='ocrx_word' id='word_1_398' title='bbox 3087 2399 3298 2450; x_wconf 72' lang='lat' dir='ltr'><strong>luntlctn</strong></span> <span class='ocrx_word' id='word_1_399' title='bbox 3331 2407 3475 2449; x_wconf 72' lang='lat' dir='ltr'><strong>Cele-</strong></span> 
     </span>
    </p>
   </div>
   <div class='ocr_carea' id='block_1_56' title="bbox 1896 2489 3480 2560">
    <p class='ocr_par' dir='ltr' id='par_1_56' title="bbox 1896 2489 3480 2560">
     <span class='ocr_line' id='line_1_56' title="bbox 1896 2489 3480 2560; baseline 0.001 -19"><span class='ocrx_word' id='word_1_400' title='bbox 1896 2489 2133 2542; x_wconf 87' lang='lat' dir='ltr'><strong>brantur</strong></span> <span class='ocrx_word' id='word_1_401' title='bbox 2186 2489 2337 2558; x_wconf 79' lang='lat' dir='ltr'><strong>orgia</strong></span> <span class='ocrx_word' id='word_1_402' title='bbox 2373 2505 2402 2542; x_wconf 90' lang='lat' dir='ltr'><strong>a</strong></span> <span class='ocrx_word' id='word_1_403' title='bbox 2436 2491 2647 2560; x_wconf 85' lang='lat' dir='ltr'><strong>Satyris</strong></span> <span class='ocrx_word' id='word_1_404' title='bbox 2693 2501 2745 2545; x_wconf 91' lang='lat' dir='ltr'><strong>et</strong></span> <span class='ocrx_word' id='word_1_405' title='bbox 2773 2491 3026 2546; x_wconf 74' lang='lat' dir='ltr'><strong>Bacehis.</strong></span> <span class='ocrx_word' id='word_1_406' title='bbox 3107 2490 3243 2543; x_wconf 85' lang='lat' dir='ltr'><strong>Cum</strong></span> <span class='ocrx_word' id='word_1_407' title='bbox 3293 2491 3480 2543; x_wconf 81' lang='lat' dir='ltr'><strong>l&#39;atrcs</strong></span> 
     </span>
    </p>
   </div>
   <div class='ocr_carea' id='block_1_57' title="bbox 1895 2581 3476 2652">
    <p class='ocr_par' dir='ltr' id='par_1_57' title="bbox 1895 2581 3476 2652">
     <span class='ocr_line' id='line_1_57' title="bbox 1895 2581 3476 2652; baseline -0.001 -19"><span class='ocrx_word' id='word_1_408' title='bbox 1895 2581 2010 2633; x_wconf 66' lang='lat' dir='ltr'><strong>haec</strong></span> <span class='ocrx_word' id='word_1_409' title='bbox 2042 2592 2227 2635; x_wconf 85' lang='lat' dir='ltr'><strong>sancte</strong></span> <span class='ocrx_word' id='word_1_410' title='bbox 2266 2582 2581 2644; x_wconf 80' lang='lat' dir='ltr'><strong>statuerint,</strong></span> <span class='ocrx_word' id='word_1_411' title='bbox 2621 2590 2674 2635; x_wconf 90' lang='lat' dir='ltr'><strong>et</strong></span> <span class='ocrx_word' id='word_1_412' title='bbox 2716 2582 2784 2635; x_wconf 64' lang='grc'><strong>64</strong></span> <span class='ocrx_word' id='word_1_413' title='bbox 2847 2597 2969 2652; x_wconf 86' lang='lat' dir='ltr'><strong>cap.</strong></span> <span class='ocrx_word' id='word_1_414' title='bbox 3028 2582 3128 2635; x_wconf 63' lang='grc'><strong>125</strong></span> <span class='ocrx_word' id='word_1_415' title='bbox 3180 2583 3476 2636; x_wconf 80' lang='lat' dir='ltr'><strong>Justiniaui</strong></span> 
     </span>
    </p>
   </div>
   <div class='ocr_carea' id='block_1_58' title="bbox 1897 2674 3481 2741">
    <p class='ocr_par' dir='ltr' id='par_1_58' title="bbox 1897 2674 3481 2741">
     <span class='ocr_line' id='line_1_58' title="bbox 1897 2674 3481 2741; baseline 0.001 -15"><span class='ocrx_word' id='word_1_416' title='bbox 1897 2689 2044 2734; x_wconf 81' lang='lat' dir='ltr'><strong>nov.,</strong></span> <span class='ocrx_word' id='word_1_417' title='bbox 2080 2674 2214 2737; x_wconf 88' lang='lat' dir='ltr'><strong>sive,</strong></span> <span class='ocrx_word' id='word_1_418' title='bbox 2248 2675 2314 2726; x_wconf 76' lang='grc'><strong>15</strong></span> <span class='ocrx_word' id='word_1_419' title='bbox 2347 2689 2468 2740; x_wconf 90' lang='lat' dir='ltr'><strong>cap.</strong></span> <span class='ocrx_word' id='word_1_420' title='bbox 2503 2676 2662 2741; x_wconf 83' lang='lat' dir='ltr'><strong>primi</strong></span> <span class='ocrx_word' id='word_1_421' title='bbox 2699 2675 2784 2730; x_wconf 88' lang='lat' dir='ltr'><strong>tit.</strong></span> <span class='ocrx_word' id='word_1_422' title='bbox 2848 2676 2914 2728; x_wconf 79' lang='grc' dir='ltr'><strong>ΙΙΙ</strong></span> <span class='ocrx_word' id='word_1_423' title='bbox 2979 2676 3073 2728; x_wconf 89' lang='lat' dir='ltr'><strong>lib.</strong></span> <span class='ocrx_word' id='word_1_424' title='bbox 3115 2675 3331 2728; x_wconf 62' lang='lat' dir='ltr'><strong>Basilio.</strong></span> <span class='ocrx_word' id='word_1_425' title='bbox 3365 2676 3481 2727; x_wconf 73' lang='lat' dir='ltr'><strong>iure.</strong></span> 
     </span>
    </p>
   </div>
   <div class='ocr_carea' id='block_1_59' title="bbox 1895 2761 3480 2831">
    <p class='ocr_par' dir='ltr' id='par_1_59' title="bbox 1895 2761 3480 2831">
     <span class='ocr_line' id='line_1_59' title="bbox 1895 2761 3480 2831; baseline 0.001 -16"><span class='ocrx_word' id='word_1_426' title='bbox 1895 2776 2152 2827; x_wconf 77' lang='lat' dir='ltr'><strong>expresse</strong></span> <span class='ocrx_word' id='word_1_427' title='bbox 2201 2763 2384 2815; x_wconf 83' lang='lat' dir='ltr'><strong>dicat:</strong></span> <span class='ocrx_word' id='word_1_428' title='bbox 2440 2761 2710 2816; x_wconf 85' lang='lat' dir='ltr'><strong>Omnibus</strong></span> <span class='ocrx_word' id='word_1_429' title='bbox 2762 2773 2943 2816; x_wconf 89' lang='lat' dir='ltr'><strong>autem</strong></span> <span class='ocrx_word' id='word_1_430' title='bbox 2995 2766 3221 2816; x_wconf 88' lang='lat' dir='ltr'><strong>omnino</strong></span> <span class='ocrx_word' id='word_1_431' title='bbox 3274 2767 3364 2831; x_wconf 88' lang='lat' dir='ltr'><strong>qui</strong></span> <span class='ocrx_word' id='word_1_432' title='bbox 3423 2767 3480 2816; x_wconf 86' lang='lat' dir='ltr'><strong>in</strong></span> 
     </span>
    </p>
   </div>
   <div class='ocr_carea' id='block_1_60' title="bbox 1897 2858 3478 2927">
    <p class='ocr_par' dir='ltr' id='par_1_60' title="bbox 1897 2858 3478 2927">
     <span class='ocr_line' id='line_1_60' title="bbox 1897 2858 3478 2927; baseline 0.001 -17"><span class='ocrx_word' id='word_1_433' title='bbox 1897 2858 2256 2912; x_wconf 64' lang='lat' dir='ltr'><strong>saecularibus</strong></span> <span class='ocrx_word' id='word_1_434' title='bbox 2295 2867 2605 2922; x_wconf 84' lang='lat' dir='ltr'><strong>versantur,</strong></span> <span class='ocrx_word' id='word_1_435' title='bbox 2649 2867 2703 2911; x_wconf 83' lang='lat' dir='ltr'><strong>et</strong></span> <span class='ocrx_word' id='word_1_436' title='bbox 2741 2860 2808 2914; x_wconf 88' lang='lat' dir='ltr'><strong>iis</strong></span> <span class='ocrx_word' id='word_1_437' title='bbox 2845 2861 3101 2919; x_wconf 79' lang='lat' dir='ltr'><strong>maxime,</strong></span> <span class='ocrx_word' id='word_1_438' title='bbox 3134 2861 3224 2927; x_wconf 92' lang='lat' dir='ltr'><strong>qui</strong></span> <span class='ocrx_word' id='word_1_439' title='bbox 3259 2861 3478 2913; x_wconf 76' lang='lat' dir='ltr'><strong>scenim</strong></span> 
     </span>
    </p>
   </div>
   <div class='ocr_carea' id='block_1_61' title="bbox 1899 2951 3481 3018">
    <p class='ocr_par' dir='ltr' id='par_1_61' title="bbox 1899 2951 3481 3018">
     <span class='ocr_line' id='line_1_61' title="bbox 1899 2951 3481 3018; baseline 0.001 -17"><span class='ocrx_word' id='word_1_440' title='bbox 1899 2959 2156 3014; x_wconf 81' lang='lat' dir='ltr'><strong>tractant,</strong></span> <span class='ocrx_word' id='word_1_441' title='bbox 2197 2951 2332 3004; x_wconf 81' lang='lat' dir='ltr'><strong>viris</strong></span> <span class='ocrx_word' id='word_1_442' title='bbox 2365 2963 2412 3003; x_wconf 84' lang='lat' dir='ltr'><strong>et</strong></span> <span class='ocrx_word' id='word_1_443' title='bbox 2452 2951 2795 3014; x_wconf 81' lang='lat' dir='ltr'><strong>mulieribus,</strong></span> <span class='ocrx_word' id='word_1_444' title='bbox 2846 2962 3006 3018; x_wconf 87' lang='lat' dir='ltr'><strong>atque</strong></span> <span class='ocrx_word' id='word_1_445' title='bbox 3058 2953 3121 3004; x_wconf 78' lang='lat' dir='ltr'><strong>iis</strong></span> <span class='ocrx_word' id='word_1_446' title='bbox 3165 2951 3327 3003; x_wconf 80' lang='lat' dir='ltr'><strong>etiam</strong></span> <span class='ocrx_word' id='word_1_447' title='bbox 3358 2967 3481 3017; x_wconf 63' lang='lat' dir='ltr'><strong>quae</strong></span> 
     </span>
    </p>
   </div>
   <div class='ocr_carea' id='block_1_62' title="bbox 1896 3040 3480 3112">
    <p class='ocr_par' dir='ltr' id='par_1_62' title="bbox 1896 3040 3480 3112">
     <span class='ocr_line' id='line_1_62' title="bbox 1896 3040 3480 3112; baseline -0.003 -18"><span class='ocrx_word' id='word_1_448' title='bbox 1896 3052 2174 3112; x_wconf 70' lang='lat' dir='ltr'><strong>prarsuut,</strong></span> <span class='ocrx_word' id='word_1_449' title='bbox 2237 3043 2646 3106; x_wconf 78' lang='lat' dir='ltr'><strong>interdicimus,</strong></span> <span class='ocrx_word' id='word_1_450' title='bbox 2696 3060 2766 3098; x_wconf 91' lang='lat' dir='ltr'><strong>ne</strong></span> <span class='ocrx_word' id='word_1_451' title='bbox 2822 3044 3070 3096; x_wconf 87' lang='lat' dir='ltr'><strong>monachi</strong></span> <span class='ocrx_word' id='word_1_452' title='bbox 3128 3045 3330 3095; x_wconf 82' lang='lat' dir='ltr'><strong>amictu</strong></span> <span class='ocrx_word' id='word_1_453' title='bbox 3396 3040 3480 3092; x_wconf 71' lang='lat' dir='ltr'><strong>vt-l</strong></span> 
     </span>
    </p>
   </div>
   <div class='ocr_carea' id='block_1_63' title="bbox 215 3116 1889 3205">
    <p class='ocr_par' dir='ltr' id='par_1_63' title="bbox 215 3116 1863 3197">
     <span class='ocr_line' id='line_1_63' title="bbox 215 3116 1863 3197; baseline 0.005 -30"><span class='ocrx_word' id='word_1_454' title='bbox 215 3132 344 3183; x_wconf 77' lang='grc' dir='ltr'>κεφ.</span> <span class='ocrx_word' id='word_1_455' title='bbox 377 3116 475 3184; x_wconf 85' lang='grc' dir='ltr'>τῆς</span> <span class='ocrx_word' id='word_1_456' title='bbox 506 3123 627 3186; x_wconf 71' lang='grc' dir='ltr'>ρκγ⁹</span> <span class='ocrx_word' id='word_1_457' title='bbox 650 3117 1077 3171; x_wconf 80' lang='grc' dir='ltr'>ἰουστινιανείου</span> <span class='ocrx_word' id='word_1_458' title='bbox 1111 3120 1355 3190; x_wconf 72' lang='grc' dir='ltr'>Νεαρᾶς,</span> <span class='ocrx_word' id='word_1_459' title='bbox 1424 3122 1544 3191; x_wconf 71' lang='grc' dir='ltr'>ἦτοι</span> <span class='ocrx_word' id='word_1_460' title='bbox 1572 3121 1664 3174; x_wconf 79' lang='grc' dir='ltr'><strong>τού</strong></span> <span class='ocrx_word' id='word_1_461' title='bbox 1726 3129 1791 3190; x_wconf 81' lang='grc' dir='ltr'><strong>ιγ’</strong></span> <span class='ocrx_word' id='word_1_462' title='bbox 1819 3139 1863 3197; x_wconf 59' lang='grc' dir='ltr'><strong>(ς</strong></span> 
     </span>
    </p>
   </div>
   <div class='ocr_carea' id='block_1_64' title="bbox 1802 3116 3476 3205">
    <p class='ocr_par' dir='ltr' id='par_1_64' title="bbox 1819 3135 3476 3205">
     <span class='ocr_line' id='line_1_64' title="bbox 1819 3135 3476 3205; baseline -0.001 -18"><span class='ocrx_word' id='word_1_463' title='bbox 1819 3139 1863 3197; x_wconf 80' lang='lat' dir='ltr'><strong><em>C</em></strong></span> <span class='ocrx_word' id='word_1_464' title='bbox 1899 3135 2148 3191; x_wconf 61' lang='lat' dir='ltr'><strong>ascetrim</strong></span> <span class='ocrx_word' id='word_1_465' title='bbox 2186 3143 2428 3197; x_wconf 84' lang='lat' dir='ltr'><strong>utantur,</strong></span> <span class='ocrx_word' id='word_1_466' title='bbox 2472 3136 2553 3189; x_wconf 84' lang='lat' dir='ltr'><strong>vel</strong></span> <span class='ocrx_word' id='word_1_467' title='bbox 2584 3153 2706 3190; x_wconf 88' lang='lat' dir='ltr'><strong>eum</strong></span> <span class='ocrx_word' id='word_1_468' title='bbox 2741 3139 2933 3205; x_wconf 82' lang='lat' dir='ltr'><strong>quovis</strong></span> <span class='ocrx_word' id='word_1_469' title='bbox 2967 3139 3126 3190; x_wconf 87' lang='lat' dir='ltr'><strong>modo</strong></span> <span class='ocrx_word' id='word_1_470' title='bbox 3157 3139 3476 3198; x_wconf 84' lang='lat' dir='ltr'><strong>imitentur;</strong></span> 
     </span>
    </p>
   </div>
   <div class='ocr_carea' id='block_1_65' title="bbox 217 3207 1793 3285">
    <p class='ocr_par' dir='ltr' id='par_1_65' title="bbox 217 3207 1793 3285">
     <span class='ocr_line' id='line_1_65' title="bbox 217 3207 1793 3285; baseline 0.007 -26"><span class='ocrx_word' id='word_1_471' title='bbox 217 3223 353 3275; x_wconf 79' lang='grc' dir='ltr'>κεφ.</span> <span class='ocrx_word' id='word_1_472' title='bbox 383 3207 478 3260; x_wconf 79' lang='grc' dir='ltr'>τοῦ</span> <span class='ocrx_word' id='word_1_473' title='bbox 515 3215 563 3260; x_wconf 83' lang='grc' dir='ltr'>α’</span> <span class='ocrx_word' id='word_1_474' title='bbox 589 3209 769 3263; x_wconf 86' lang='grc' dir='ltr'>τίτλου</span> <span class='ocrx_word' id='word_1_475' title='bbox 796 3209 889 3263; x_wconf 68' lang='grc' dir='ltr'>τώ</span> <span class='ocrx_word' id='word_1_476' title='bbox 918 3211 960 3263; x_wconf 84' lang='grc' dir='ltr'>δ’</span> <span class='ocrx_word' id='word_1_477' title='bbox 1011 3211 1245 3280; x_wconf 73' lang='grc' dir='ltr'>βιϐλίου,</span> <span class='ocrx_word' id='word_1_478' title='bbox 1280 3217 1793 3285; x_wconf 71' lang='grc' dir='ltr'>παρακελευομένου</span> 
     </span>
    </p>
   </div>
   <div class='ocr_carea' id='block_1_66' title="bbox 220 3296 1794 3376">
    <p class='ocr_par' dir='ltr' id='par_1_66' title="bbox 220 3296 1794 3376">
     <span class='ocr_line' id='line_1_66' title="bbox 220 3296 1794 3376; baseline 0.006 -25"><span class='ocrx_word' id='word_1_479' title='bbox 220 3296 398 3351; x_wconf 79' lang='grc' dir='ltr'>ταῦτα</span> <span class='ocrx_word' id='word_1_480' title='bbox 429 3301 629 3370; x_wconf 71' lang='grc' dir='ltr'>ῥητῶς.</span> <span class='ocrx_word' id='word_1_481' title='bbox 686 3303 828 3355; x_wconf 72' lang='lat' dir='ltr'><strong>[lict</strong></span> <span class='ocrx_word' id='word_1_482' title='bbox 862 3303 918 3355; x_wconf 83' lang='grc' dir='ltr'>δὲ</span> <span class='ocrx_word' id='word_1_483' title='bbox 953 3303 1212 3370; x_wconf 78' lang='grc' dir='ltr'>καθάπαξ</span> <span class='ocrx_word' id='word_1_484' title='bbox 1264 3309 1368 3365; x_wconf 77' lang='lat' dir='ltr'><strong>toi;</strong></span> <span class='ocrx_word' id='word_1_485' title='bbox 1400 3309 1460 3359; x_wconf 82' lang='grc' dir='ltr'><strong>ἐν</strong></span> <span class='ocrx_word' id='word_1_486' title='bbox 1507 3312 1794 3376; x_wconf 80' lang='grc' dir='ltr'>κοσμικοῖς</span> 
     </span>
    </p>
   </div>
   <div class='ocr_carea' id='block_1_67' title="bbox 218 3395 1798 3470">
    <p class='ocr_par' dir='ltr' id='par_1_67' title="bbox 218 3395 1798 3470">
     <span class='ocr_line' id='line_1_67' title="bbox 218 3395 1798 3470; baseline 0.005 -25"><span class='ocrx_word' id='word_1_487' title='bbox 218 3395 741 3462; x_wconf 72' lang='grc' dir='ltr'>ἀναστρεφομένοις,</span> <span class='ocrx_word' id='word_1_488' title='bbox 765 3397 861 3449; x_wconf 76' lang='grc' dir='ltr'><strong>καὶ</strong></span> <span class='ocrx_word' id='word_1_489' title='bbox 889 3397 1129 3466; x_wconf 84' lang='grc' dir='ltr'>μάλιστα</span> <span class='ocrx_word' id='word_1_490' title='bbox 1157 3401 1267 3462; x_wconf 81' lang='grc' dir='ltr'>τοῖς</span> <span class='ocrx_word' id='word_1_491' title='bbox 1294 3405 1360 3452; x_wconf 67' lang='grc' dir='ltr'>τὰ</span> <span class='ocrx_word' id='word_1_492' title='bbox 1406 3402 1640 3470; x_wconf 71' lang='grc' dir='ltr'>σκηνικὰ</span> <span class='ocrx_word' id='word_1_493' title='bbox 1669 3420 1798 3469; x_wconf 89' lang='grc' dir='ltr'>μετ-</span> 
     </span>
    </p>
   </div>
   <div class='ocr_carea' id='block_1_68' title="bbox 219 3489 1796 3560">
    <p class='ocr_par' dir='ltr' id='par_1_68' title="bbox 219 3489 1796 3560">
     <span class='ocr_line' id='line_1_68' title="bbox 219 3489 1796 3560; baseline 0.006 -24"><span class='ocrx_word' id='word_1_494' title='bbox 219 3489 566 3556; x_wconf 74' lang='grc' dir='ltr'>ερχομὲνοις,</span> <span class='ocrx_word' id='word_1_495' title='bbox 639 3489 879 3559; x_wconf 78' lang='grc' dir='ltr'>ἀνδράσι</span> <span class='ocrx_word' id='word_1_496' title='bbox 908 3507 968 3542; x_wconf 88' lang='grc' dir='ltr'><strong>τε</strong></span> <span class='ocrx_word' id='word_1_497' title='bbox 1022 3491 1117 3543; x_wconf 69' lang='grc' dir='ltr'>καὶ</span> <span class='ocrx_word' id='word_1_498' title='bbox 1148 3493 1388 3559; x_wconf 65' lang='grc' dir='ltr'>γυναιξὶ,</span> <span class='ocrx_word' id='word_1_499' title='bbox 1425 3493 1519 3544; x_wconf 74' lang='grc' dir='ltr'>καὶ</span> <span class='ocrx_word' id='word_1_500' title='bbox 1559 3493 1666 3560; x_wconf 77' lang='grc' dir='ltr'>μὴν</span> <span class='ocrx_word' id='word_1_501' title='bbox 1699 3495 1796 3546; x_wconf 69' lang='grc' dir='ltr'><strong>καὶ</strong></span> 
     </span>
    </p>
   </div>
   <div class='ocr_carea' id='block_1_69' title="bbox 219 3581 1793 3654">
    <p class='ocr_par' dir='ltr' id='par_1_69' title="bbox 219 3581 1793 3654">
     <span class='ocr_line' id='line_1_69' title="bbox 219 3581 1793 3654; baseline 0.005 -25"><span class='ocrx_word' id='word_1_502' title='bbox 219 3582 343 3640; x_wconf 72' lang='grc' dir='ltr'>ταῖς</span> <span class='ocrx_word' id='word_1_503' title='bbox 359 3581 756 3647; x_wconf 83' lang='grc' dir='ltr'>προϊσταμέναι</span> <span class='ocrx_word' id='word_1_504' title='bbox 774 3601 810 3648; x_wconf 83' lang='grc'>’,</span> <span class='ocrx_word' id='word_1_505' title='bbox 830 3581 1244 3653; x_wconf 85' lang='grc' dir='ltr'>ἀπαγορεύομεν</span> <span class='ocrx_word' id='word_1_506' title='bbox 1256 3584 1558 3654; x_wconf 77' lang='grc' dir='ltr'>κεχρῆσθαι</span> <span class='ocrx_word' id='word_1_507' title='bbox 1579 3587 1793 3654; x_wconf 65' lang='grc' dir='ltr'>σχῆμά-</span> 
     </span>
    </p>
   </div>
   <div class='ocr_carea' id='block_1_70' title="bbox 218 3671 1797 3744">
    <p class='ocr_par' dir='ltr' id='par_1_70' title="bbox 218 3671 1797 3744">
     <span class='ocr_line' id='line_1_70' title="bbox 218 3671 1797 3744; baseline 0.006 -24"><span class='ocrx_word' id='word_1_508' title='bbox 218 3687 274 3720; x_wconf 88' lang='grc' dir='ltr'><strong>τι</strong></span> <span class='ocrx_word' id='word_1_509' title='bbox 299 3671 533 3739; x_wconf 78' lang='grc' dir='ltr'>μονσχοῦ</span> <span class='ocrx_word' id='word_1_510' title='bbox 555 3671 585 3741; x_wconf 73' lang='grc' dir='ltr'>ἢ</span> <span class='ocrx_word' id='word_1_511' title='bbox 605 3673 936 3744; x_wconf 50' lang='grc' dir='ltr'>ἁσκτιτρίας,</span> <span class='ocrx_word' id='word_1_512' title='bbox 957 3675 987 3743; x_wconf 79' lang='grc' dir='ltr'>ἢ</span> <span class='ocrx_word' id='word_1_513' title='bbox 1006 3675 1303 3743; x_wconf 80' lang='grc' dir='ltr'>οίῳδήποτε</span> <span class='ocrx_word' id='word_1_514' title='bbox 1323 3676 1510 3744; x_wconf 66' lang='grc' dir='ltr'>τρᾶπῳ</span> <span class='ocrx_word' id='word_1_515' title='bbox 1528 3677 1686 3728; x_wconf 74' lang='grc' dir='ltr'>τούτο</span> <span class='ocrx_word' id='word_1_516' title='bbox 1708 3694 1797 3744; x_wconf 88' lang='grc' dir='ltr'>μι-</span> 
     </span>
    </p>
   </div>
   <div class='ocr_carea' id='block_1_71' title="bbox 221 3763 1797 3840">
    <p class='ocr_par' dir='ltr' id='par_1_71' title="bbox 221 3763 1797 3840">
     <span class='ocr_line' id='line_1_71' title="bbox 221 3763 1797 3840; baseline 0.004 -26"><span class='ocrx_word' id='word_1_517' title='bbox 221 3763 443 3832; x_wconf 80' lang='grc' dir='ltr'>μεῖσθαι</span> <span class='ocrx_word' id='word_1_518' title='bbox 464 3781 479 3795; x_wconf 79' lang='grc' dir='ltr'><strong>ο</strong></span> <span class='ocrx_word' id='word_1_519' title='bbox 500 3766 878 3834; x_wconf 82' lang='grc' dir='ltr'>ἐπισταμένων</span> <span class='ocrx_word' id='word_1_520' title='bbox 902 3768 1119 3820; x_wconf 88' lang='grc' dir='ltr'>πάντων</span> <span class='ocrx_word' id='word_1_521' title='bbox 1141 3768 1248 3820; x_wconf 88' lang='grc' dir='ltr'><strong>τῶν</strong></span> <span class='ocrx_word' id='word_1_522' title='bbox 1269 3766 1590 3837; x_wconf 78' lang='grc' dir='ltr'>τολμώντων</span> <span class='ocrx_word' id='word_1_523' title='bbox 1612 3769 1642 3838; x_wconf 83' lang='grc' dir='ltr'><strong>ἧ</strong></span> <span class='ocrx_word' id='word_1_524' title='bbox 1664 3772 1797 3840; x_wconf 82' lang='grc' dir='ltr'><strong>χρή-</strong></span> 
     </span>
    </p>
   </div>
   <div class='ocr_carea' id='block_1_72' title="bbox 220 3857 1796 3932">
    <p class='ocr_par' dir='ltr' id='par_1_72' title="bbox 220 3857 1796 3932">
     <span class='ocr_line' id='line_1_72' title="bbox 220 3857 1796 3932; baseline 0.003 -20"><span class='ocrx_word' id='word_1_525' title='bbox 220 3859 510 3929; x_wconf 79' lang='grc' dir='ltr'>σασθαιτῷ</span> <span class='ocrx_word' id='word_1_526' title='bbox 528 3857 751 3929; x_wconf 82' lang='grc' dir='ltr'>τοιούτῳ</span> <span class='ocrx_word' id='word_1_527' title='bbox 773 3861 1031 3930; x_wconf 80' lang='grc' dir='ltr'>σχήματι,</span> <span class='ocrx_word' id='word_1_528' title='bbox 1051 3861 1082 3930; x_wconf 81' lang='grc' dir='ltr'>ἢ</span> <span class='ocrx_word' id='word_1_529' title='bbox 1103 3862 1466 3932; x_wconf 76' lang='grc' dir='ltr'>μιμήσασθαι,</span> <span class='ocrx_word' id='word_1_530' title='bbox 1482 3863 1514 3930; x_wconf 77' lang='grc' dir='ltr'><strong>ἥ</strong></span> <span class='ocrx_word' id='word_1_531' title='bbox 1531 3864 1796 3930; x_wconf 75' lang='grc' dir='ltr'>ἐμπαῖξαι</span> 
     </span>
    </p>
   </div>
   <div class='ocr_carea' id='block_1_73' title="bbox 219 3955 1794 4027">
    <p class='ocr_par' dir='ltr' id='par_1_73' title="bbox 219 3955 1794 4027">
     <span class='ocr_line' id='line_1_73' title="bbox 219 3955 1794 4027; baseline 0.004 -20"><span class='ocrx_word' id='word_1_532' title='bbox 219 3957 304 4019; x_wconf 73' lang='grc' dir='ltr'><strong>είς</strong></span> <span class='ocrx_word' id='word_1_533' title='bbox 341 3955 662 4023; x_wconf 76' lang='grc' dir='ltr'>οἱανδήποτε</span> <span class='ocrx_word' id='word_1_534' title='bbox 689 3955 1156 4027; x_wconf 80' lang='grc' dir='ltr'>ἐκκλησιαστικὴν</span> <span class='ocrx_word' id='word_1_535' title='bbox 1190 3956 1558 4023; x_wconf 85' lang='grc' dir='ltr'>κατάστασιν,</span> <span class='ocrx_word' id='word_1_536' title='bbox 1588 3960 1670 4013; x_wconf 86' lang='grc' dir='ltr'>ὄτι.</span> <span class='ocrx_word' id='word_1_537' title='bbox 1697 3961 1794 4012; x_wconf 79' lang='grc' dir='ltr'><strong>καὶ</strong></span> 
     </span>
    </p>
   </div>
   <div class='ocr_carea' id='block_1_74' title="bbox 221 4046 1794 4122">
    <p class='ocr_par' dir='ltr' id='par_1_74' title="bbox 221 4046 1794 4122">
     <span class='ocr_line' id='line_1_74' title="bbox 221 4046 1794 4122; baseline 0.004 -23"><span class='ocrx_word' id='word_1_538' title='bbox 221 4046 547 4114; x_wconf 80' lang='grc' dir='ltr'>σωματικὰς</span> <span class='ocrx_word' id='word_1_539' title='bbox 577 4048 850 4116; x_wconf 81' lang='grc' dir='ltr'>τιμωρίας</span> <span class='ocrx_word' id='word_1_540' title='bbox 883 4049 1308 4119; x_wconf 81' lang='grc' dir='ltr'>ὑποστήσονται,</span> <span class='ocrx_word' id='word_1_541' title='bbox 1348 4052 1444 4104; x_wconf 71' lang='grc' dir='ltr'><strong>καὶ</strong></span> <span class='ocrx_word' id='word_1_542' title='bbox 1473 4051 1660 4122; x_wconf 78' lang='grc' dir='ltr'>ἐξορίᾳ</span> <span class='ocrx_word' id='word_1_543' title='bbox 1686 4070 1794 4105; x_wconf 81' lang='grc' dir='ltr'>πα-</span> 
     </span>
    </p>
   </div>
   <div class='ocr_carea' id='block_1_75' title="bbox 223 4139 1796 4215">
    <p class='ocr_par' dir='ltr' id='par_1_75' title="bbox 223 4139 1796 4215">
     <span class='ocr_line' id='line_1_75' title="bbox 223 4139 1796 4215; baseline 0.004 -24"><span class='ocrx_word' id='word_1_544' title='bbox 223 4139 619 4208; x_wconf 78' lang='grc' dir='ltr'>ραδοθήσονται</span> <span class='ocrx_word' id='word_1_545' title='bbox 642 4157 657 4170; x_wconf 89' lang='grc'><strong>·</strong></span> <span class='ocrx_word' id='word_1_546' title='bbox 697 4140 1070 4210; x_wconf 79' lang='grc' dir='ltr'>προνοούντων</span> <span class='ocrx_word' id='word_1_547' title='bbox 1109 4141 1206 4194; x_wconf 83' lang='grc' dir='ltr'><strong>τοῦ</strong></span> <span class='ocrx_word' id='word_1_548' title='bbox 1249 4145 1499 4196; x_wconf 88' lang='grc' dir='ltr'>τοιούτου</span> <span class='ocrx_word' id='word_1_549' title='bbox 1541 4147 1602 4197; x_wconf 87' lang='grc' dir='ltr'><strong>ού</strong></span> <span class='ocrx_word' id='word_1_550' title='bbox 1637 4149 1796 4215; x_wconf 77' lang='grc' dir='ltr'>μόνον</span> 
     </span>
    </p>
   </div>
   <div class='ocr_carea' id='block_1_76' title="bbox 218 4232 1795 4291">
    <p class='ocr_par' dir='ltr' id='par_1_76' title="bbox 218 4232 1795 4291">
     <span class='ocr_line' id='line_1_76' title="bbox 218 4232 1795 4291; baseline 0.004 -7"><span class='ocrx_word' id='word_1_551' title='bbox 218 4233 328 4284; x_wconf 86' lang='grc' dir='ltr'><strong>τῶν</strong></span> <span class='ocrx_word' id='word_1_552' title='bbox 365 4232 507 4284; x_wconf 81' lang='grc' dir='ltr'>κατὰ</span> <span class='ocrx_word' id='word_1_553' title='bbox 536 4232 703 4284; x_wconf 80' lang='grc' dir='ltr'>τόπον</span> <span class='ocrx_word' id='word_1_554' title='bbox 738 4234 1048 4286; x_wconf 86' lang='grc' dir='ltr'>ὁσιωτάτων</span> <span class='ocrx_word' id='word_1_555' title='bbox 1077 4235 1393 4288; x_wconf 82' lang='grc' dir='ltr'>ἐπισκόπων</span> <span class='ocrx_word' id='word_1_556' title='bbox 1441 4237 1669 4289; x_wconf 72' lang='grc' dir='ltr'>καὶτῶν</span> <span class='ocrx_word' id='word_1_557' title='bbox 1702 4239 1795 4291; x_wconf 83' lang='grc' dir='ltr'>ὑπ’</span> 
     </span>
    </p>
   </div>
   <div class='ocr_carea' id='block_1_77' title="bbox 217 4322 1796 4392">
    <p class='ocr_par' dir='ltr' id='par_1_77' title="bbox 217 4322 1796 4392">
     <span class='ocr_line' id='line_1_77' title="bbox 217 4322 1796 4392; baseline 0.006 -18"><span class='ocrx_word' id='word_1_558' title='bbox 217 4323 419 4382; x_wconf 72' lang='grc' dir='ltr'>αὐτοὺς</span> <span class='ocrx_word' id='word_1_559' title='bbox 459 4322 763 4392; x_wconf 85' lang='grc' dir='ltr'>κληρικῶν,</span> <span class='ocrx_word' id='word_1_560' title='bbox 795 4324 932 4377; x_wconf 74' lang='grc' dir='ltr'>ἀλλὰ</span> <span class='ocrx_word' id='word_1_561' title='bbox 963 4325 1058 4378; x_wconf 75' lang='grc' dir='ltr'>καὶ</span> <span class='ocrx_word' id='word_1_562' title='bbox 1089 4325 1197 4378; x_wconf 86' lang='grc' dir='ltr'><strong>τῶν</strong></span> <span class='ocrx_word' id='word_1_563' title='bbox 1237 4327 1534 4381; x_wconf 84' lang='grc' dir='ltr'>πολιτικῶν</span> <span class='ocrx_word' id='word_1_564' title='bbox 1559 4331 1652 4382; x_wconf 78' lang='grc' dir='ltr'>καὶ</span> <span class='ocrx_word' id='word_1_565' title='bbox 1684 4331 1796 4384; x_wconf 85' lang='grc' dir='ltr'><strong>τῶν</strong></span> 
     </span>
    </p>
   </div>
   <div class='ocr_carea' id='block_1_78' title="bbox 222 4416 1793 4487">
    <p class='ocr_par' dir='ltr' id='par_1_78' title="bbox 222 4416 1793 4487">
     <span class='ocr_line' id='line_1_78' title="bbox 222 4416 1793 4487; baseline 0.006 -23"><span class='ocrx_word' id='word_1_566' title='bbox 222 4416 640 4484; x_wconf 81' lang='grc' dir='ltr'>στρατιωτικῶν</span> <span class='ocrx_word' id='word_1_567' title='bbox 666 4417 967 4485; x_wconf 80' lang='grc' dir='ltr'>ἀρχόντων,</span> <span class='ocrx_word' id='word_1_568' title='bbox 996 4418 1214 4469; x_wconf 73' lang='grc' dir='ltr'>καὶτῶν</span> <span class='ocrx_word' id='word_1_569' title='bbox 1239 4419 1330 4472; x_wconf 82' lang='grc' dir='ltr'>ὑπ’</span> <span class='ocrx_word' id='word_1_570' title='bbox 1349 4422 1547 4484; x_wconf 77' lang='grc' dir='ltr'>αὐτοὺς</span> <span class='ocrx_word' id='word_1_571' title='bbox 1563 4422 1793 4487; x_wconf 77' lang='grc' dir='ltr'>τάξεων,</span> 
     </span>
    </p>
   </div>
   <div class='ocr_carea' id='block_1_79' title="bbox 221 4505 1798 4582">
    <p class='ocr_par' dir='ltr' id='par_1_79' title="bbox 221 4505 1798 4582">
     <span class='ocr_line' id='line_1_79' title="bbox 221 4505 1798 4582; baseline 0.006 -23"><span class='ocrx_word' id='word_1_572' title='bbox 221 4508 319 4560; x_wconf 66' lang='grc' dir='ltr'><strong>καὶ</strong></span> <span class='ocrx_word' id='word_1_573' title='bbox 354 4505 464 4560; x_wconf 87' lang='grc' dir='ltr'><strong>τῶν</strong></span> <span class='ocrx_word' id='word_1_574' title='bbox 487 4510 628 4561; x_wconf 74' lang='grc' dir='ltr'>κατὰ</span> <span class='ocrx_word' id='word_1_575' title='bbox 647 4509 816 4562; x_wconf 80' lang='grc' dir='ltr'>τόπον</span> <span class='ocrx_word' id='word_1_576' title='bbox 838 4510 1086 4567; x_wconf 77' lang='grc' dir='ltr'>ἑκδίκων.</span> <span class='ocrx_word' id='word_1_577' title='bbox 1114 4513 1178 4565; x_wconf 72' lang='grc' dir='ltr'><strong>ΟΞ</strong></span> <span class='ocrx_word' id='word_1_578' title='bbox 1201 4512 1256 4565; x_wconf 77' lang='grc' dir='ltr'>δὲ</span> <span class='ocrx_word' id='word_1_579' title='bbox 1288 4516 1540 4582; x_wconf 69' lang='grc' dir='ltr'>σκηνικοὶ</span> <span class='ocrx_word' id='word_1_580' title='bbox 1568 4519 1798 4568; x_wconf 74' lang='grc' dir='ltr'>παντοῖα</span> 
     </span>
    </p>
   </div>
   <div class='ocr_carea' id='block_1_80' title="bbox 216 4599 1795 4676">
    <p class='ocr_par' dir='ltr' id='par_1_80' title="bbox 216 4599 1795 4676">
     <span class='ocr_line' id='line_1_80' title="bbox 216 4599 1795 4676; baseline 0.007 -27"><span class='ocrx_word' id='word_1_581' title='bbox 216 4600 547 4667; x_wconf 70' lang='grc' dir='ltr'>προσωπεῖα</span> <span class='ocrx_word' id='word_1_582' title='bbox 602 4599 947 4664; x_wconf 79' lang='grc' dir='ltr'>ὑποδύονται,</span> <span class='ocrx_word' id='word_1_583' title='bbox 999 4604 1094 4655; x_wconf 77' lang='grc' dir='ltr'>καὶ</span> <span class='ocrx_word' id='word_1_584' title='bbox 1142 4603 1311 4667; x_wconf 79' lang='grc' dir='ltr'>ἀδεῶς</span> <span class='ocrx_word' id='word_1_585' title='bbox 1361 4605 1488 4667; x_wconf 74' lang='grc' dir='ltr'>τοὺς</span> <span class='ocrx_word' id='word_1_586' title='bbox 1528 4609 1795 4676; x_wconf 79' lang='grc' dir='ltr'>μοναχοὺς</span> 
     </span>
    </p>
   </div>
   <div class='ocr_carea' id='block_1_81' title="bbox 219 4690 1796 4766">
    <p class='ocr_par' dir='ltr' id='par_1_81' title="bbox 219 4690 1796 4766">
     <span class='ocr_line' id='line_1_81' title="bbox 219 4690 1796 4766; baseline 0.007 -25"><span class='ocrx_word' id='word_1_587' title='bbox 219 4690 556 4758; x_wconf 75' lang='grc' dir='ltr'>ἐμπαίζουσι</span> <span class='ocrx_word' id='word_1_588' title='bbox 606 4694 699 4746; x_wconf 73' lang='grc' dir='ltr'><strong>καὶ</strong></span> <span class='ocrx_word' id='word_1_589' title='bbox 747 4695 876 4756; x_wconf 84' lang='grc' dir='ltr'>τοὺς</span> <span class='ocrx_word' id='word_1_590' title='bbox 915 4695 1233 4766; x_wconf 83' lang='grc' dir='ltr'>κληρικούς.</span> <span class='ocrx_word' id='word_1_591' title='bbox 1284 4697 1451 4750; x_wconf 79' lang='grc' dir='ltr'><strong>Ἀλλά</strong></span> <span class='ocrx_word' id='word_1_592' title='bbox 1509 4698 1601 4751; x_wconf 84' lang='grc' dir='ltr'><strong>καί</strong></span> <span class='ocrx_word' id='word_1_593' title='bbox 1652 4719 1796 4764; x_wconf 85' lang='grc' dir='ltr'>τινες</span> 
     </span>
    </p>
   </div>
   <div class='ocr_carea' id='block_1_82' title="bbox 221 4782 1792 4862">
    <p class='ocr_par' dir='ltr' id='par_1_82' title="bbox 221 4782 1792 4862">
     <span class='ocr_line' id='line_1_82' title="bbox 221 4782 1792 4862; baseline 0.005 -29"><span class='ocrx_word' id='word_1_594' title='bbox 221 4782 478 4851; x_wconf 79' lang='grc' dir='ltr'>κληρικοὶ</span> <span class='ocrx_word' id='word_1_595' title='bbox 507 4784 652 4838; x_wconf 83' lang='grc' dir='ltr'>κατά</span> <span class='ocrx_word' id='word_1_596' title='bbox 672 4803 823 4849; x_wconf 89' lang='grc' dir='ltr'>τινας</span> <span class='ocrx_word' id='word_1_597' title='bbox 855 4788 1050 4858; x_wconf 71' lang='grc' dir='ltr'>ἑορτὰς</span> <span class='ocrx_word' id='word_1_598' title='bbox 1081 4788 1217 4859; x_wconf 83' lang='grc' dir='ltr'>πρὸς</span> <span class='ocrx_word' id='word_1_599' title='bbox 1244 4790 1479 4862; x_wconf 70' lang='grc' dir='ltr'>διάφορα</span> <span class='ocrx_word' id='word_1_600' title='bbox 1513 4808 1792 4860; x_wconf 78' lang='grc' dir='ltr'>μετασχη.</span> 
     </span>
    </p>
   </div>
   <div class='ocr_carea' id='block_1_83' title="bbox 223 4875 1792 4951">
    <p class='ocr_par' dir='ltr' id='par_1_83' title="bbox 223 4875 1792 4951">
     <span class='ocr_line' id='line_1_83' title="bbox 223 4875 1792 4951; baseline 0.003 -24"><span class='ocrx_word' id='word_1_601' title='bbox 223 4875 546 4942; x_wconf 74' lang='grc' dir='ltr'>ματίζονται</span> <span class='ocrx_word' id='word_1_602' title='bbox 593 4881 935 4948; x_wconf 84' lang='grc' dir='ltr'>προσωπεῖα.</span> <span class='ocrx_word' id='word_1_603' title='bbox 980 4881 1089 4933; x_wconf 79' lang='grc' dir='ltr'><strong>Καὶ</strong></span> <span class='ocrx_word' id='word_1_604' title='bbox 1137 4881 1266 4934; x_wconf 80' lang='grc' dir='ltr'>ποτὲ</span> <span class='ocrx_word' id='word_1_605' title='bbox 1319 4882 1420 4951; x_wconf 82' lang='grc' dir='ltr'>μὲν</span> <span class='ocrx_word' id='word_1_606' title='bbox 1454 4881 1700 4951; x_wconf 81' lang='grc' dir='ltr'>ξιφήρεις</span> <span class='ocrx_word' id='word_1_607' title='bbox 1735 4886 1792 4934; x_wconf 86' lang='grc' dir='ltr'>ὲν</span> 
     </span>
    </p>
   </div>
   <div class='ocr_carea' id='block_1_84' title="bbox 215 4965 1792 5044">
    <p class='ocr_par' dir='ltr' id='par_1_84' title="bbox 215 4965 1792 5044">
     <span class='ocr_line' id='line_1_84' title="bbox 215 4965 1792 5044; baseline 0.003 -25"><span class='ocrx_word' id='word_1_608' title='bbox 215 4965 300 5035; x_wconf 84' lang='grc' dir='ltr'>τῷ</span> <span class='ocrx_word' id='word_1_609' title='bbox 357 4968 606 5038; x_wconf 79' lang='grc' dir='ltr'>μεσονὰῳ</span> <span class='ocrx_word' id='word_1_610' title='bbox 666 4970 766 5038; x_wconf 84' lang='grc' dir='ltr'><strong>τῆς</strong></span> <span class='ocrx_word' id='word_1_611' title='bbox 828 4971 1125 5040; x_wconf 77' lang='grc' dir='ltr'>ἐκκλησίας</span> <span class='ocrx_word' id='word_1_612' title='bbox 1183 4973 1323 5043; x_wconf 81' lang='grc' dir='ltr'>μετὰ</span> <span class='ocrx_word' id='word_1_613' title='bbox 1377 4973 1792 5044; x_wconf 83' lang='grc' dir='ltr'>στρατιωτικῶν</span> 
     </span>
    </p>
   </div>
   <div class='ocr_carea' id='block_1_85' title="bbox 216 5061 1793 5136">
    <p class='ocr_par' dir='ltr' id='par_1_85' title="bbox 216 5061 1793 5136">
     <span class='ocr_line' id='line_1_85' title="bbox 216 5061 1793 5136; baseline 0.005 -25"><span class='ocrx_word' id='word_1_614' title='bbox 216 5061 441 5129; x_wconf 72' lang='grc' dir='ltr'>ἁμερίων</span> <span class='ocrx_word' id='word_1_615' title='bbox 467 5063 826 5132; x_wconf 72' lang='grc' dir='ltr'>εῐσέρχονται,</span> <span class='ocrx_word' id='word_1_616' title='bbox 850 5064 982 5116; x_wconf 77' lang='grc' dir='ltr'>ποτὲ</span> <span class='ocrx_word' id='word_1_617' title='bbox 1019 5063 1074 5116; x_wconf 82' lang='grc' dir='ltr'>δὲ</span> <span class='ocrx_word' id='word_1_618' title='bbox 1134 5073 1229 5118; x_wconf 75' lang='grc' dir='ltr'><strong>καὶ</strong></span> <span class='ocrx_word' id='word_1_619' title='bbox 1256 5065 1329 5127; x_wconf 84' lang='grc' dir='ltr'>ὡς</span> <span class='ocrx_word' id='word_1_620' title='bbox 1360 5068 1585 5136; x_wconf 75' lang='grc' dir='ltr'>μοναχοὶ</span> <span class='ocrx_word' id='word_1_621' title='bbox 1626 5085 1793 5136; x_wconf 86' lang='grc' dir='ltr'>προο-</span> 
     </span>
    </p>
   </div>
   <div class='ocr_carea' id='block_1_86' title="bbox 216 5141 1794 5230">
    <p class='ocr_par' dir='ltr' id='par_1_86' title="bbox 216 5153 1794 5230">
     <span class='ocr_line' id='line_1_86' title="bbox 216 5153 1794 5230; baseline 0.004 -24"><span class='ocrx_word' id='word_1_622' title='bbox 216 5153 492 5217; x_wconf 84' lang='grc' dir='ltr'>δεύουσιν,</span> <span class='ocrx_word' id='word_1_623' title='bbox 523 5154 554 5224; x_wconf 84' lang='grc' dir='ltr'>ἦ</span> <span class='ocrx_word' id='word_1_624' title='bbox 596 5156 690 5208; x_wconf 73' lang='grc' dir='ltr'>καὶ</span> <span class='ocrx_word' id='word_1_625' title='bbox 720 5156 795 5220; x_wconf 80' lang='grc' dir='ltr'>ὡς</span> <span class='ocrx_word' id='word_1_626' title='bbox 834 5157 951 5221; x_wconf 78' lang='grc' dir='ltr'>ζῶα</span> <span class='ocrx_word' id='word_1_627' title='bbox 978 5158 1308 5228; x_wconf 85' lang='grc' dir='ltr'>τετράποδα.</span> <span class='ocrx_word' id='word_1_628' title='bbox 1347 5160 1664 5230; x_wconf 80' lang='grc' dir='ltr'>Ἐρωτήσας</span> <span class='ocrx_word' id='word_1_629' title='bbox 1697 5155 1794 5214; x_wconf 76' lang='grc' dir='ltr'><strong>οὖν</strong></span> 
     </span>
    </p>
   </div>
   <div class='ocr_carea' id='block_1_87' title="bbox 216 5244 1792 5322">
    <p class='ocr_par' dir='ltr' id='par_1_87' title="bbox 216 5244 1792 5322">
     <span class='ocr_line' id='line_1_87' title="bbox 216 5244 1792 5322; baseline 0.008 -26"><span class='ocrx_word' id='word_1_630' title='bbox 216 5244 368 5307; x_wconf 76' lang='grc' dir='ltr'>ὅπως</span> <span class='ocrx_word' id='word_1_631' title='bbox 422 5247 594 5300; x_wconf 76' lang='grc' dir='ltr'>ταῦτα</span> <span class='ocrx_word' id='word_1_632' title='bbox 644 5251 1126 5322; x_wconf 83' lang='grc' dir='ltr'>παρεχωρήθησαν</span> <span class='ocrx_word' id='word_1_633' title='bbox 1183 5253 1470 5319; x_wconf 85' lang='grc' dir='ltr'>γίνεσθαι,</span> <span class='ocrx_word' id='word_1_634' title='bbox 1527 5256 1682 5307; x_wconf 69' lang='grc' dir='ltr'>οὐδέν</span> <span class='ocrx_word' id='word_1_635' title='bbox 1736 5274 1792 5308; x_wconf 93' lang='grc' dir='ltr'><strong>τι</strong></span> 
     </span>
    </p>
   </div>
   <div class='ocr_carea' id='block_1_88' title="bbox 217 5338 1786 5415">
    <p class='ocr_par' dir='ltr' id='par_1_88' title="bbox 217 5338 1786 5415">
     <span class='ocr_line' id='line_1_88' title="bbox 217 5338 1786 5415; baseline 0.006 -24"><span class='ocrx_word' id='word_1_636' title='bbox 217 5338 412 5407; x_wconf 71' lang='grc' dir='ltr'>ἓτερον</span> <span class='ocrx_word' id='word_1_637' title='bbox 454 5340 684 5410; x_wconf 73' lang='grc' dir='ltr'>ἥκουσα,</span> <span class='ocrx_word' id='word_1_638' title='bbox 712 5343 883 5414; x_wconf 81' lang='grc' dir='ltr'>ἀλλ’ἢ</span> <span class='ocrx_word' id='word_1_639' title='bbox 923 5347 986 5397; x_wconf 83' lang='grc' dir='ltr'><strong>ἐκ</strong></span> <span class='ocrx_word' id='word_1_640' title='bbox 1034 5347 1253 5415; x_wconf 75' lang='grc' dir='ltr'>μακρᾶς</span> <span class='ocrx_word' id='word_1_641' title='bbox 1289 5347 1578 5415; x_wconf 75' lang='grc' dir='ltr'>συνηθείας</span> <span class='ocrx_word' id='word_1_642' title='bbox 1613 5347 1786 5402; x_wconf 75' lang='grc' dir='ltr'>ταῦτα</span> 
     </span>
    </p>
   </div>
   <div class='ocr_carea' id='block_1_89' title="bbox 214 5430 1788 5506">
    <p class='ocr_par' dir='ltr' id='par_1_89' title="bbox 214 5430 1788 5506">
     <span class='ocr_line' id='line_1_89' title="bbox 214 5430 1788 5506; baseline 0.006 -25"><span class='ocrx_word' id='word_1_643' title='bbox 214 5430 516 5485; x_wconf 82' lang='grc' dir='ltr'>τελεῖσθαι.</span> <span class='ocrx_word' id='word_1_644' title='bbox 577 5433 816 5488; x_wconf 81' lang='grc' dir='ltr'>Τοιαῦτά</span> <span class='ocrx_word' id='word_1_645' title='bbox 865 5437 1026 5498; x_wconf 79' lang='grc' dir='ltr'>είσιν,</span> <span class='ocrx_word' id='word_1_646' title='bbox 1079 5437 1156 5500; x_wconf 85' lang='grc' dir='ltr'>ὡς</span> <span class='ocrx_word' id='word_1_647' title='bbox 1209 5437 1334 5506; x_wconf 80' lang='grc' dir='ltr'>ἐμοὶ</span> <span class='ocrx_word' id='word_1_648' title='bbox 1387 5439 1554 5500; x_wconf 82' lang='grc' dir='ltr'>δοκεῖ,</span> <span class='ocrx_word' id='word_1_649' title='bbox 1595 5438 1686 5490; x_wconf 75' lang='grc' dir='ltr'><strong>καί</strong></span> <span class='ocrx_word' id='word_1_650' title='bbox 1720 5441 1788 5492; x_wconf 66' lang='grc' dir='ltr'><strong>τά</strong></span> 
     </span>
    </p>
   </div>
   <div class='ocr_carea' id='block_1_90' title="bbox 216 5524 1784 5599">
    <p class='ocr_par' dir='ltr' id='par_1_90' title="bbox 216 5524 1784 5599">
     <span class='ocr_line' id='line_1_90' title="bbox 216 5524 1784 5599; baseline 0.006 -26"><span class='ocrx_word' id='word_1_651' title='bbox 216 5524 373 5591; x_wconf 81' lang='grc' dir='ltr'>παρά</span> <span class='ocrx_word' id='word_1_652' title='bbox 405 5541 571 5577; x_wconf 85' lang='grc' dir='ltr'>τινων</span> <span class='ocrx_word' id='word_1_653' title='bbox 629 5525 1130 5595; x_wconf 82' lang='grc' dir='ltr'>δομεστικευόντων</span> <span class='ocrx_word' id='word_1_654' title='bbox 1165 5529 1224 5581; x_wconf 83' lang='grc' dir='ltr'><strong>ἐν</strong></span> <span class='ocrx_word' id='word_1_655' title='bbox 1275 5527 1464 5599; x_wconf 80' lang='grc' dir='ltr'>κλήρῳ</span> <span class='ocrx_word' id='word_1_656' title='bbox 1500 5529 1784 5597; x_wconf 75' lang='grc' dir='ltr'>γινόμενα.</span> 
     </span>
    </p>
   </div>
   <div class='ocr_carea' id='block_1_91' title="bbox 1897 3227 3480 3296">
    <p class='ocr_par' dir='ltr' id='par_1_91' title="bbox 1897 3227 3480 3296">
     <span class='ocr_line' id='line_1_91' title="bbox 1897 3227 3480 3296; baseline -0.001 -14"><span class='ocrx_word' id='word_1_657' title='bbox 1897 3227 2200 3282; x_wconf 86' lang='lat' dir='ltr'><strong>scientibus</strong></span> <span class='ocrx_word' id='word_1_658' title='bbox 2233 3228 2524 3289; x_wconf 82' lang='lat' dir='ltr'><strong>universis,</strong></span> <span class='ocrx_word' id='word_1_659' title='bbox 2555 3229 2646 3296; x_wconf 93' lang='lat' dir='ltr'><strong>qui</strong></span> <span class='ocrx_word' id='word_1_660' title='bbox 2677 3230 2879 3280; x_wconf 87' lang='lat' dir='ltr'><strong>audent</strong></span> <span class='ocrx_word' id='word_1_661' title='bbox 2911 3228 2990 3279; x_wconf 81' lang='lat' dir='ltr'><strong>vel</strong></span> <span class='ocrx_word' id='word_1_662' title='bbox 3024 3229 3116 3280; x_wconf 88' lang='lat' dir='ltr'><strong>tali</strong></span> <span class='ocrx_word' id='word_1_663' title='bbox 3145 3229 3217 3280; x_wconf 90' lang='lat' dir='ltr'><strong>uti</strong></span> <span class='ocrx_word' id='word_1_664' title='bbox 3252 3230 3480 3280; x_wconf 71' lang='lat' dir='ltr'><strong>amictu.</strong></span> 
     </span>
    </p>
   </div>
   <div class='ocr_carea' id='block_1_92' title="bbox 1899 3314 3483 3384">
    <p class='ocr_par' dir='ltr' id='par_1_92' title="bbox 1899 3314 3483 3384">
     <span class='ocr_line' id='line_1_92' title="bbox 1899 3314 3483 3384; baseline 0.001 -20"><span class='ocrx_word' id='word_1_665' title='bbox 1899 3316 1978 3367; x_wconf 86' lang='lat' dir='ltr'><strong>vel</strong></span> <span class='ocrx_word' id='word_1_666' title='bbox 2017 3314 2246 3376; x_wconf 88' lang='lat' dir='ltr'><strong>imitari,</strong></span> <span class='ocrx_word' id='word_1_667' title='bbox 2277 3315 2357 3380; x_wconf 73' lang='lat' dir='ltr'><strong>vel</strong></span> <span class='ocrx_word' id='word_1_668' title='bbox 2396 3315 2446 3366; x_wconf 91' lang='lat' dir='ltr'><strong>in</strong></span> <span class='ocrx_word' id='word_1_669' title='bbox 2476 3331 2860 3384; x_wconf 88' lang='lat' dir='ltr'><strong>quamcunque</strong></span> <span class='ocrx_word' id='word_1_670' title='bbox 2890 3316 3316 3370; x_wconf 85' lang='lat' dir='ltr'><strong>ecclesiasticam</strong></span> <span class='ocrx_word' id='word_1_671' title='bbox 3345 3332 3483 3368; x_wconf 83' lang='lat' dir='ltr'><strong>con-</strong></span> 
     </span>
    </p>
   </div>
   <div class='ocr_carea' id='block_1_93' title="bbox 1897 3403 3465 3472">
    <p class='ocr_par' dir='ltr' id='par_1_93' title="bbox 1897 3403 3465 3472">
     <span class='ocr_line' id='line_1_93' title="bbox 1897 3403 3465 3472; baseline -0.001 -16"><span class='ocrx_word' id='word_1_672' title='bbox 1897 3403 2236 3456; x_wconf 86' lang='lat' dir='ltr'><strong>stitutionem</strong></span> <span class='ocrx_word' id='word_1_673' title='bbox 2269 3403 2511 3463; x_wconf 83' lang='lat' dir='ltr'><strong>illudere,</strong></span> <span class='ocrx_word' id='word_1_674' title='bbox 2550 3405 2694 3472; x_wconf 83' lang='lat' dir='ltr'><strong>quod</strong></span> <span class='ocrx_word' id='word_1_675' title='bbox 2723 3404 2886 3456; x_wconf 79' lang='lat' dir='ltr'><strong>etiam</strong></span> <span class='ocrx_word' id='word_1_676' title='bbox 2918 3405 3220 3472; x_wconf 86' lang='lat' dir='ltr'><strong>corporalia</strong></span> <span class='ocrx_word' id='word_1_677' title='bbox 3256 3405 3465 3472; x_wconf 82' lang='lat' dir='ltr'><strong>suppli—</strong></span> 
     </span>
    </p>
   </div>
   <div class='ocr_carea' id='block_1_94' title="bbox 1895 3495 3480 3565">
    <p class='ocr_par' dir='ltr' id='par_1_94' title="bbox 1895 3495 3480 3565">
     <span class='ocr_line' id='line_1_94' title="bbox 1895 3495 3480 3565; baseline -0.002 -13"><span class='ocrx_word' id='word_1_678' title='bbox 1895 3499 1980 3552; x_wconf 90' lang='lat' dir='ltr'><strong>cia</strong></span> <span class='ocrx_word' id='word_1_679' title='bbox 2035 3496 2321 3559; x_wconf 83' lang='lat' dir='ltr'><strong>subibunt,</strong></span> <span class='ocrx_word' id='word_1_680' title='bbox 2377 3504 2430 3548; x_wconf 88' lang='lat' dir='ltr'><strong>et</strong></span> <span class='ocrx_word' id='word_1_681' title='bbox 2477 3496 3021 3549; x_wconf 82' lang='lat' dir='ltr'><strong>exterminabnntur:</strong></span> <span class='ocrx_word' id='word_1_682' title='bbox 3080 3495 3206 3549; x_wconf 89' lang='lat' dir='ltr'><strong>huic</strong></span> <span class='ocrx_word' id='word_1_683' title='bbox 3239 3498 3314 3549; x_wconf 83' lang='lat' dir='ltr'><strong>rei</strong></span> <span class='ocrx_word' id='word_1_684' title='bbox 3352 3512 3480 3565; x_wconf 87' lang='lat' dir='ltr'><strong>pro-</strong></span> 
     </span>
    </p>
   </div>
   <div class='ocr_carea' id='block_1_95' title="bbox 1899 3585 3480 3656">
    <p class='ocr_par' dir='ltr' id='par_1_95' title="bbox 1899 3585 3480 3656">
     <span class='ocr_line' id='line_1_95' title="bbox 1899 3585 3480 3656; baseline -0.001 -15"><span class='ocrx_word' id='word_1_685' title='bbox 1899 3585 2292 3656; x_wconf 88' lang='lat' dir='ltr'><strong>spicientibus,</strong></span> <span class='ocrx_word' id='word_1_686' title='bbox 2373 3601 2482 3639; x_wconf 89' lang='lat' dir='ltr'><strong>non</strong></span> <span class='ocrx_word' id='word_1_687' title='bbox 2548 3587 2726 3639; x_wconf 86' lang='lat' dir='ltr'><strong>solum</strong></span> <span class='ocrx_word' id='word_1_688' title='bbox 2795 3586 3038 3638; x_wconf 84' lang='lat' dir='ltr'><strong>locorum</strong></span> <span class='ocrx_word' id='word_1_689' title='bbox 3111 3588 3480 3642; x_wconf 82' lang='lat' dir='ltr'><strong>sanctissimis</strong></span> 
     </span>
    </p>
   </div>
   <div class='ocr_carea' id='block_1_96' title="bbox 1896 3677 3478 3748">
    <p class='ocr_par' dir='ltr' id='par_1_96' title="bbox 1896 3677 3478 3748">
     <span class='ocr_line' id='line_1_96' title="bbox 1896 3677 3478 3748; baseline -0.003 -14"><span class='ocrx_word' id='word_1_690' title='bbox 1896 3679 2169 3748; x_wconf 86' lang='lat' dir='ltr'><strong>episcopis</strong></span> <span class='ocrx_word' id='word_1_691' title='bbox 2211 3686 2265 3732; x_wconf 86' lang='lat' dir='ltr'><strong>et</strong></span> <span class='ocrx_word' id='word_1_692' title='bbox 2302 3679 2392 3743; x_wconf 90' lang='lat' dir='ltr'><strong>qui</strong></span> <span class='ocrx_word' id='word_1_693' title='bbox 2450 3677 2552 3729; x_wconf 86' lang='lat' dir='ltr'><strong>sub</strong></span> <span class='ocrx_word' id='word_1_694' title='bbox 2593 3677 2672 3730; x_wconf 88' lang='lat' dir='ltr'><strong>eis</strong></span> <span class='ocrx_word' id='word_1_695' title='bbox 2721 3685 2848 3730; x_wconf 88' lang='lat' dir='ltr'><strong>sunt</strong></span> <span class='ocrx_word' id='word_1_696' title='bbox 2881 3677 3117 3737; x_wconf 84' lang='lat' dir='ltr'><strong>clericis,</strong></span> <span class='ocrx_word' id='word_1_697' title='bbox 3170 3678 3264 3731; x_wconf 87' lang='lat' dir='ltr'><strong>sed</strong></span> <span class='ocrx_word' id='word_1_698' title='bbox 3314 3678 3478 3730; x_wconf 81' lang='lat' dir='ltr'><strong>etiam</strong></span> 
     </span>
    </p>
   </div>
   <div class='ocr_carea' id='block_1_97' title="bbox 1897 3770 3479 3840">
    <p class='ocr_par' dir='ltr' id='par_1_97' title="bbox 1897 3770 3479 3840">
     <span class='ocr_line' id='line_1_97' title="bbox 1897 3770 3479 3840; baseline -0.004 -12"><span class='ocrx_word' id='word_1_699' title='bbox 1897 3773 2150 3828; x_wconf 82' lang='lat' dir='ltr'><strong>civilibus</strong></span> <span class='ocrx_word' id='word_1_700' title='bbox 2178 3779 2230 3824; x_wconf 86' lang='lat' dir='ltr'><strong>et</strong></span> <span class='ocrx_word' id='word_1_701' title='bbox 2258 3770 2588 3824; x_wconf 89' lang='lat' dir='ltr'><strong>militaribus</strong></span> <span class='ocrx_word' id='word_1_702' title='bbox 2638 3770 3066 3840; x_wconf 78' lang='lat' dir='ltr'><strong>tttagistratibus,</strong></span> <span class='ocrx_word' id='word_1_703' title='bbox 3119 3770 3310 3839; x_wconf 89' lang='lat' dir='ltr'><strong>eisque</strong></span> <span class='ocrx_word' id='word_1_704' title='bbox 3349 3773 3479 3824; x_wconf 85' lang='lat' dir='ltr'><strong>sub-</strong></span> 
     </span>
    </p>
   </div>
   <div class='ocr_carea' id='block_1_98' title="bbox 1893 3862 3480 3936">
    <p class='ocr_par' dir='ltr' id='par_1_98' title="bbox 1893 3862 3480 3936">
     <span class='ocr_line' id='line_1_98' title="bbox 1893 3862 3480 3936; baseline -0.003 -17"><span class='ocrx_word' id='word_1_705' title='bbox 1893 3866 2055 3936; x_wconf 82' lang='lat' dir='ltr'><strong>jectis</strong></span> <span class='ocrx_word' id='word_1_706' title='bbox 2082 3865 2390 3927; x_wconf 78' lang='lat' dir='ltr'><strong>ordinibus,</strong></span> <span class='ocrx_word' id='word_1_707' title='bbox 2417 3873 2471 3918; x_wconf 87' lang='lat' dir='ltr'><strong>et</strong></span> <span class='ocrx_word' id='word_1_708' title='bbox 2506 3866 2748 3916; x_wconf 86' lang='lat' dir='ltr'><strong>locorum</strong></span> <span class='ocrx_word' id='word_1_709' title='bbox 2783 3863 3184 3916; x_wconf 78' lang='lat' dir='ltr'><strong>defensoribus.</strong></span> <span class='ocrx_word' id='word_1_710' title='bbox 3247 3862 3480 3916; x_wconf 80' lang='lat' dir='ltr'><strong>llistrio-</strong></span> 
     </span>
    </p>
   </div>
   <div class='ocr_carea' id='block_1_99' title="bbox 1896 3940 3484 4024">
    <p class='ocr_par' dir='ltr' id='par_1_99' title="bbox 1896 3940 3484 4024">
     <span class='ocr_line' id='line_1_99' title="bbox 1896 3940 3484 4024; baseline -0.004 -13"><span class='ocrx_word' id='word_1_711' title='bbox 1896 3973 1995 4012; x_wconf 90' lang='lat' dir='ltr'><strong>nes</strong></span> <span class='ocrx_word' id='word_1_712' title='bbox 2028 3966 2208 4010; x_wconf 81' lang='lat' dir='ltr'><strong>autem</strong></span> <span class='ocrx_word' id='word_1_713' title='bbox 2244 3956 2464 4024; x_wconf 85' lang='lat' dir='ltr'><strong>quasvis</strong></span> <span class='ocrx_word' id='word_1_714' title='bbox 2492 3968 2755 4022; x_wconf 87' lang='lat' dir='ltr'><strong>personas</strong></span> <span class='ocrx_word' id='word_1_715' title='bbox 2785 3953 3035 4016; x_wconf 88' lang='lat' dir='ltr'><strong>induunt,</strong></span> <span class='ocrx_word' id='word_1_716' title='bbox 3070 3940 3484 4022; x_wconf 78' lang='lat' dir='ltr'><strong>monachosque</strong></span> 
     </span>
    </p>
   </div>
   <div class='ocr_carea' id='block_1_100' title="bbox 1895 4045 3482 4113">
    <p class='ocr_par' dir='ltr' id='par_1_100' title="bbox 1895 4045 3482 4113">
     <span class='ocr_line' id='line_1_100' title="bbox 1895 4045 3482 4113; baseline -0.005 -10"><span class='ocrx_word' id='word_1_717' title='bbox 1895 4059 1951 4103; x_wconf 86' lang='lat' dir='ltr'><strong>et</strong></span> <span class='ocrx_word' id='word_1_718' title='bbox 1997 4049 2228 4103; x_wconf 87' lang='lat' dir='ltr'><strong>clericos</strong></span> <span class='ocrx_word' id='word_1_719' title='bbox 2282 4061 2474 4100; x_wconf 87' lang='lat' dir='ltr'><strong>secure</strong></span> <span class='ocrx_word' id='word_1_720' title='bbox 2533 4045 2905 4098; x_wconf 84' lang='lat' dir='ltr'><strong>lndiﬁcantur.</strong></span> <span class='ocrx_word' id='word_1_721' title='bbox 2999 4045 3104 4098; x_wconf 84' lang='lat' dir='ltr'><strong>Sed</strong></span> <span class='ocrx_word' id='word_1_722' title='bbox 3150 4053 3202 4098; x_wconf 90' lang='lat' dir='ltr'><strong>et</strong></span> <span class='ocrx_word' id='word_1_723' title='bbox 3257 4045 3482 4113; x_wconf 89' lang='lat' dir='ltr'><strong>quidam</strong></span> 
     </span>
    </p>
   </div>
   <div class='ocr_carea' id='block_1_101' title="bbox 1896 4136 3480 4210">
    <p class='ocr_par' dir='ltr' id='par_1_101' title="bbox 1896 4136 3480 4210">
     <span class='ocr_line' id='line_1_101' title="bbox 1896 4136 3480 4210; baseline -0.005 -14"><span class='ocrx_word' id='word_1_724' title='bbox 1896 4142 2080 4196; x_wconf 87' lang='lat' dir='ltr'><strong>clerici</strong></span> <span class='ocrx_word' id='word_1_725' title='bbox 2123 4141 2179 4195; x_wconf 90' lang='lat' dir='ltr'><strong>in</strong></span> <span class='ocrx_word' id='word_1_726' title='bbox 2219 4139 2547 4210; x_wconf 88' lang='lat' dir='ltr'><strong>quibusdam</strong></span> <span class='ocrx_word' id='word_1_727' title='bbox 2591 4138 2746 4192; x_wconf 79' lang='lat' dir='ltr'><strong>festis</strong></span> <span class='ocrx_word' id='word_1_728' title='bbox 2793 4138 2975 4191; x_wconf 87' lang='lat' dir='ltr'><strong>varias</strong></span> <span class='ocrx_word' id='word_1_729' title='bbox 3008 4152 3268 4205; x_wconf 85' lang='lat' dir='ltr'><strong>personas</strong></span> <span class='ocrx_word' id='word_1_730' title='bbox 3306 4136 3480 4190; x_wconf 85' lang='lat' dir='ltr'><strong>susci-</strong></span> 
     </span>
    </p>
   </div>
   <div class='ocr_carea' id='block_1_102' title="bbox 1896 4233 3480 4306">
    <p class='ocr_par' dir='ltr' id='par_1_102' title="bbox 1896 4233 3480 4306">
     <span class='ocr_line' id='line_1_102' title="bbox 1896 4233 3480 4306; baseline -0.003 -16"><span class='ocrx_word' id='word_1_731' title='bbox 1896 4238 2054 4306; x_wconf 86' lang='lat' dir='ltr'><strong>piunt</strong></span> <span class='ocrx_word' id='word_1_732' title='bbox 2081 4244 2135 4290; x_wconf 88' lang='lat' dir='ltr'><strong>et</strong></span> <span class='ocrx_word' id='word_1_733' title='bbox 2164 4235 2420 4304; x_wconf 81' lang='lat' dir='ltr'><strong>eﬂingnnt</strong></span> <span class='ocrx_word' id='word_1_734' title='bbox 2446 4254 2458 4288; x_wconf 95' lang='lat'>:</span> <span class='ocrx_word' id='word_1_735' title='bbox 2493 4244 2546 4287; x_wconf 88' lang='lat' dir='ltr'><strong>et</strong></span> <span class='ocrx_word' id='word_1_736' title='bbox 2579 4233 2876 4297; x_wconf 85' lang='lat' dir='ltr'><strong>aliquando</strong></span> <span class='ocrx_word' id='word_1_737' title='bbox 2907 4233 3126 4303; x_wconf 88' lang='lat' dir='ltr'><strong>quidem</strong></span> <span class='ocrx_word' id='word_1_738' title='bbox 3152 4249 3282 4286; x_wconf 83' lang='lat' dir='ltr'><strong>ense</strong></span> <span class='ocrx_word' id='word_1_739' title='bbox 3316 4235 3480 4287; x_wconf 88' lang='lat' dir='ltr'><strong>cincti</strong></span> 
     </span>
    </p>
   </div>
   <div class='ocr_carea' id='block_1_103' title="bbox 1897 4327 3480 4383">
    <p class='ocr_par' dir='ltr' id='par_1_103' title="bbox 1897 4327 3480 4383">
     <span class='ocr_line' id='line_1_103' title="bbox 1897 4327 3480 4383; baseline -0.004 0"><span class='ocrx_word' id='word_1_740' title='bbox 1897 4346 2024 4383; x_wconf 88' lang='lat' dir='ltr'><strong>cum</strong></span> <span class='ocrx_word' id='word_1_741' title='bbox 2080 4329 2410 4382; x_wconf 83' lang='lat' dir='ltr'><strong>militaribus</strong></span> <span class='ocrx_word' id='word_1_742' title='bbox 2456 4328 2701 4381; x_wconf 76' lang='lat' dir='ltr'><strong>Vestibus</strong></span> <span class='ocrx_word' id='word_1_743' title='bbox 2741 4327 2796 4380; x_wconf 91' lang='lat' dir='ltr'><strong>in</strong></span> <span class='ocrx_word' id='word_1_744' title='bbox 2829 4327 3075 4381; x_wconf 62' lang='lat' dir='ltr'><strong>ecclesia:</strong></span> <span class='ocrx_word' id='word_1_745' title='bbox 3116 4327 3480 4380; x_wconf 83' lang='lat' dir='ltr'><strong>meditullium</strong></span> 
     </span>
    </p>
   </div>
   <div class='ocr_carea' id='block_1_104' title="bbox 1902 4418 3482 4489">
    <p class='ocr_par' dir='ltr' id='par_1_104' title="bbox 1902 4418 3482 4489">
     <span class='ocr_line' id='line_1_104' title="bbox 1902 4418 3482 4489; baseline -0.001 -17"><span class='ocrx_word' id='word_1_746' title='bbox 1902 4419 2302 4486; x_wconf 76' lang='lat' dir='ltr'><strong>ingrediuntur,</strong></span> <span class='ocrx_word' id='word_1_747' title='bbox 2355 4418 2652 4489; x_wconf 88' lang='lat' dir='ltr'><strong>aliquando</strong></span> <span class='ocrx_word' id='word_1_748' title='bbox 2708 4433 2836 4472; x_wconf 88' lang='lat' dir='ltr'><strong>vero</strong></span> <span class='ocrx_word' id='word_1_749' title='bbox 2871 4426 2927 4471; x_wconf 90' lang='lat' dir='ltr'><strong>ut</strong></span> <span class='ocrx_word' id='word_1_750' title='bbox 2967 4419 3218 4471; x_wconf 85' lang='lat' dir='ltr'><strong>monachi</strong></span> <span class='ocrx_word' id='word_1_751' title='bbox 3259 4433 3482 4487; x_wconf 85' lang='lat' dir='ltr'><strong>progre-</strong></span> 
     </span>
    </p>
   </div>
   <div class='ocr_carea' id='block_1_105' title="bbox 1899 4510 3483 4581">
    <p class='ocr_par' dir='ltr' id='par_1_105' title="bbox 1899 4510 3483 4581">
     <span class='ocr_line' id='line_1_105' title="bbox 1899 4510 3483 4581; baseline -0.002 -15"><span class='ocrx_word' id='word_1_752' title='bbox 1899 4513 2149 4575; x_wconf 89' lang='lat' dir='ltr'><strong>diuntur,</strong></span> <span class='ocrx_word' id='word_1_753' title='bbox 2183 4513 2264 4566; x_wconf 86' lang='lat' dir='ltr'><strong>vel</strong></span> <span class='ocrx_word' id='word_1_754' title='bbox 2293 4520 2352 4566; x_wconf 87' lang='lat' dir='ltr'><strong>ut</strong></span> <span class='ocrx_word' id='word_1_755' title='bbox 2386 4511 2759 4581; x_wconf 84' lang='lat' dir='ltr'><strong>quadrupedia</strong></span> <span class='ocrx_word' id='word_1_756' title='bbox 2792 4511 3068 4563; x_wconf 82' lang='lat' dir='ltr'><strong>animalia.</strong></span> <span class='ocrx_word' id='word_1_757' title='bbox 3134 4510 3270 4563; x_wconf 89' lang='lat' dir='ltr'><strong>Cum</strong></span> <span class='ocrx_word' id='word_1_758' title='bbox 3299 4511 3483 4579; x_wconf 71' lang='lat' dir='ltr'><strong>itaque</strong></span> 
     </span>
    </p>
   </div>
   <div class='ocr_carea' id='block_1_106' title="bbox 1899 4602 3479 4675">
    <p class='ocr_par' dir='ltr' id='par_1_106' title="bbox 1899 4602 3479 4675">
     <span class='ocr_line' id='line_1_106' title="bbox 1899 4602 3479 4675; baseline -0.002 -18"><span class='ocrx_word' id='word_1_759' title='bbox 1899 4604 2346 4675; x_wconf 77' lang='lat' dir='ltr'><strong>interrogassem,</strong></span> <span class='ocrx_word' id='word_1_760' title='bbox 2399 4602 2673 4671; x_wconf 88' lang='lat' dir='ltr'><strong>quomodo</strong></span> <span class='ocrx_word' id='word_1_761' title='bbox 2725 4603 2837 4656; x_wconf 60' lang='lat' dir='ltr'><strong>hate</strong></span> <span class='ocrx_word' id='word_1_762' title='bbox 2867 4603 2981 4656; x_wconf 76' lang='lat' dir='ltr'><strong>ﬁeri</strong></span> <span class='ocrx_word' id='word_1_763' title='bbox 3027 4603 3351 4672; x_wconf 88' lang='lat' dir='ltr'><strong>permissum</strong></span> <span class='ocrx_word' id='word_1_764' title='bbox 3385 4603 3479 4664; x_wconf 88' lang='lat' dir='ltr'><strong>sit,</strong></span> 
     </span>
    </p>
   </div>
   <div class='ocr_carea' id='block_1_107' title="bbox 1897 4697 3480 4768">
    <p class='ocr_par' dir='ltr' id='par_1_107' title="bbox 1897 4697 3480 4768">
     <span class='ocr_line' id='line_1_107' title="bbox 1897 4697 3480 4768; baseline -0.001 -17"><span class='ocrx_word' id='word_1_765' title='bbox 1897 4700 2032 4752; x_wconf 89' lang='lat' dir='ltr'><strong>nihil</strong></span> <span class='ocrx_word' id='word_1_766' title='bbox 2071 4699 2216 4753; x_wconf 87' lang='lat' dir='ltr'><strong>aliud</strong></span> <span class='ocrx_word' id='word_1_767' title='bbox 2265 4699 2471 4764; x_wconf 84' lang='lat' dir='ltr'><strong>audivi,</strong></span> <span class='ocrx_word' id='word_1_768' title='bbox 2516 4713 2678 4768; x_wconf 86' lang='lat' dir='ltr'><strong>quam</strong></span> <span class='ocrx_word' id='word_1_769' title='bbox 2731 4699 2842 4752; x_wconf 68' lang='lat' dir='ltr'><strong>haec</strong></span> <span class='ocrx_word' id='word_1_770' title='bbox 2882 4698 3042 4765; x_wconf 81' lang='lat' dir='ltr'><strong>longa</strong></span> <span class='ocrx_word' id='word_1_771' title='bbox 3085 4697 3480 4751; x_wconf 84' lang='lat' dir='ltr'><strong>consuetudine</strong></span> 
     </span>
    </p>
   </div>
   <div class='ocr_carea' id='block_1_108' title="bbox 1894 4791 3477 4859">
    <p class='ocr_par' dir='ltr' id='par_1_108' title="bbox 1894 4791 3477 4859">
     <span class='ocr_line' id='line_1_108' title="bbox 1894 4791 3477 4859; baseline -0.003 -14"><span class='ocrx_word' id='word_1_772' title='bbox 1894 4793 2036 4845; x_wconf 81' lang='lat' dir='ltr'><strong>lleri.</strong></span> <span class='ocrx_word' id='word_1_773' title='bbox 2105 4791 2387 4859; x_wconf 83' lang='lat' dir='ltr'><strong>Ejusmodi</strong></span> <span class='ocrx_word' id='word_1_774' title='bbox 2437 4799 2588 4852; x_wconf 88' lang='lat' dir='ltr'><strong>sunt,</strong></span> <span class='ocrx_word' id='word_1_775' title='bbox 2643 4798 2701 4843; x_wconf 87' lang='lat' dir='ltr'><strong>ttt</strong></span> <span class='ocrx_word' id='word_1_776' title='bbox 2752 4791 2883 4844; x_wconf 88' lang='lat' dir='ltr'><strong>mihi</strong></span> <span class='ocrx_word' id='word_1_777' title='bbox 2931 4791 3162 4854; x_wconf 88' lang='lat' dir='ltr'><strong>videtur,</strong></span> <span class='ocrx_word' id='word_1_778' title='bbox 3219 4799 3272 4843; x_wconf 87' lang='lat' dir='ltr'><strong>et</strong></span> <span class='ocrx_word' id='word_1_779' title='bbox 3303 4804 3477 4855; x_wconf 74' lang='lat' dir='ltr'><strong>qutea</strong></span> 
     </span>
    </p>
   </div>
   <div class='ocr_carea' id='block_1_109' title="bbox 1897 4881 3479 4951">
    <p class='ocr_par' dir='ltr' id='par_1_109' title="bbox 1897 4881 3479 4951">
     <span class='ocr_line' id='line_1_109' title="bbox 1897 4881 3479 4951; baseline -0.003 -17"><span class='ocrx_word' id='word_1_780' title='bbox 1897 4882 2254 4950; x_wconf 87' lang='lat' dir='ltr'><strong>quibusdam,</strong></span> <span class='ocrx_word' id='word_1_781' title='bbox 2281 4881 2372 4951; x_wconf 89' lang='lat' dir='ltr'><strong>qui</strong></span> <span class='ocrx_word' id='word_1_782' title='bbox 2403 4881 2457 4935; x_wconf 87' lang='lat' dir='ltr'><strong>in</strong></span> <span class='ocrx_word' id='word_1_783' title='bbox 2492 4881 2640 4934; x_wconf 86' lang='lat' dir='ltr'><strong>clero</strong></span> <span class='ocrx_word' id='word_1_784' title='bbox 2665 4891 2815 4944; x_wconf 86' lang='lat' dir='ltr'><strong>sunt,</strong></span> <span class='ocrx_word' id='word_1_785' title='bbox 2847 4881 3273 4935; x_wconf 89' lang='lat' dir='ltr'><strong>domesticorum</strong></span> <span class='ocrx_word' id='word_1_786' title='bbox 3309 4882 3479 4933; x_wconf 85' lang='lat' dir='ltr'><strong>instar</strong></span> 
     </span>
    </p>
   </div>
   <div class='ocr_carea' id='block_1_110' title="bbox 1901 4971 3482 5044">
    <p class='ocr_par' dir='ltr' id='par_1_110' title="bbox 1901 4971 3482 5044">
     <span class='ocr_line' id='line_1_110' title="bbox 1901 4971 3482 5044; baseline -0.003 -16"><span class='ocrx_word' id='word_1_787' title='bbox 1901 4977 2057 5038; x_wconf 79' lang='lat' dir='ltr'><strong>ﬁunt,</strong></span> <span class='ocrx_word' id='word_1_788' title='bbox 2091 4974 2183 5044; x_wconf 85' lang='lat' dir='ltr'><strong>qui</strong></span> <span class='ocrx_word' id='word_1_789' title='bbox 2215 4989 2394 5028; x_wconf 87' lang='lat' dir='ltr'><strong>aerem</strong></span> <span class='ocrx_word' id='word_1_790' title='bbox 2431 4973 2615 5043; x_wconf 81' lang='lat' dir='ltr'><strong>digitis</strong></span> <span class='ocrx_word' id='word_1_791' title='bbox 2646 4981 2705 5025; x_wconf 89' lang='lat' dir='ltr'><strong>ut</strong></span> <span class='ocrx_word' id='word_1_792' title='bbox 2735 4972 2938 5041; x_wconf 66' lang='lat' dir='ltr'><strong>auriga:</strong></span> <span class='ocrx_word' id='word_1_793' title='bbox 2967 4971 3194 5036; x_wconf 81' lang='lat' dir='ltr'><strong>feriunt,</strong></span> <span class='ocrx_word' id='word_1_794' title='bbox 3245 4981 3297 5026; x_wconf 86' lang='lat' dir='ltr'><strong>et</strong></span> <span class='ocrx_word' id='word_1_795' title='bbox 3328 4972 3482 5040; x_wconf 78' lang='lat' dir='ltr'><strong>genis</strong></span> 
     </span>
    </p>
   </div>
   <div class='ocr_carea' id='block_1_111' title="bbox 1899 5065 3482 5138">
    <p class='ocr_par' dir='ltr' id='par_1_111' title="bbox 1899 5065 3482 5138">
     <span class='ocr_line' id='line_1_111' title="bbox 1899 5065 3482 5138; baseline -0.006 -16"><span class='ocrx_word' id='word_1_796' title='bbox 1899 5069 2058 5122; x_wconf 80' lang='lat' dir='ltr'><strong>fucos</strong></span> <span class='ocrx_word' id='word_1_797' title='bbox 2097 5075 2400 5138; x_wconf 90' lang='lat' dir='ltr'><strong>apponunt,</strong></span> <span class='ocrx_word' id='word_1_798' title='bbox 2451 5076 2502 5121; x_wconf 87' lang='lat' dir='ltr'><strong>et</strong></span> <span class='ocrx_word' id='word_1_799' title='bbox 2539 5065 2824 5120; x_wconf 87' lang='lat' dir='ltr'><strong>muliebria</strong></span> <span class='ocrx_word' id='word_1_800' title='bbox 2874 5067 3120 5134; x_wconf 69' lang='lat' dir='ltr'><strong>quaadatn</strong></span> <span class='ocrx_word' id='word_1_801' title='bbox 3169 5079 3331 5133; x_wconf 84' lang='lat' dir='ltr'><strong>Opera</strong></span> <span class='ocrx_word' id='word_1_802' title='bbox 3380 5065 3482 5117; x_wconf 80' lang='lat' dir='ltr'><strong>ﬁn-</strong></span> 
     </span>
    </p>
   </div>
   <div class='ocr_carea' id='block_1_112' title="bbox 1897 5157 3479 5232">
    <p class='ocr_par' dir='ltr' id='par_1_112' title="bbox 1897 5157 3479 5232">
     <span class='ocr_line' id='line_1_112' title="bbox 1897 5157 3479 5232; baseline -0.004 -17"><span class='ocrx_word' id='word_1_803' title='bbox 1897 5170 2051 5232; x_wconf 68' lang='lat' dir='ltr'><strong>sunt,</strong></span> <span class='ocrx_word' id='word_1_804' title='bbox 2109 5169 2163 5214; x_wconf 83' lang='lat' dir='ltr'><strong>et</strong></span> <span class='ocrx_word' id='word_1_805' title='bbox 2216 5159 2322 5212; x_wconf 80' lang='lat' dir='ltr'><strong>alia</strong></span> <span class='ocrx_word' id='word_1_806' title='bbox 2379 5158 2677 5223; x_wconf 90' lang='lat' dir='ltr'><strong>indecora,</strong></span> <span class='ocrx_word' id='word_1_807' title='bbox 2737 5167 2795 5210; x_wconf 84' lang='lat' dir='ltr'><strong>ut</strong></span> <span class='ocrx_word' id='word_1_808' title='bbox 2850 5157 3254 5224; x_wconf 83' lang='lat' dir='ltr'><strong>speetatoribus</strong></span> <span class='ocrx_word' id='word_1_809' title='bbox 3306 5157 3479 5209; x_wconf 90' lang='lat' dir='ltr'><strong>risum</strong></span> 
     </span>
    </p>
   </div>
   <div class='ocr_carea' id='block_1_113' title="bbox 1900 5248 3480 5319">
    <p class='ocr_par' dir='ltr' id='par_1_113' title="bbox 1900 5248 3480 5319">
     <span class='ocr_line' id='line_1_113' title="bbox 1900 5248 3480 5319; baseline -0.004 -14"><span class='ocrx_word' id='word_1_810' title='bbox 1900 5260 2170 5307; x_wconf 85' lang='lat' dir='ltr'><strong>moveant.</strong></span> <span class='ocrx_word' id='word_1_811' title='bbox 2257 5248 2460 5304; x_wconf 80' lang='lat' dir='ltr'><strong>Ridere</strong></span> <span class='ocrx_word' id='word_1_812' title='bbox 2499 5259 2686 5305; x_wconf 88' lang='lat' dir='ltr'><strong>autem</strong></span> <span class='ocrx_word' id='word_1_813' title='bbox 2722 5259 2969 5319; x_wconf 78' lang='lat' dir='ltr'><strong>agrestes</strong></span> <span class='ocrx_word' id='word_1_814' title='bbox 3000 5251 3124 5302; x_wconf 87' lang='lat' dir='ltr'><strong>vino</strong></span> <span class='ocrx_word' id='word_1_815' title='bbox 3171 5250 3354 5303; x_wconf 74' lang='lat' dir='ltr'><strong>infuso</strong></span> <span class='ocrx_word' id='word_1_816' title='bbox 3383 5249 3480 5301; x_wconf 84' lang='lat' dir='ltr'><strong>do-</strong></span> 
     </span>
    </p>
   </div>
   <div class='ocr_carea' id='block_1_114' title="bbox 1898 5342 3476 5412">
    <p class='ocr_par' dir='ltr' id='par_1_114' title="bbox 1898 5342 3476 5412">
     <span class='ocr_line' id='line_1_114' title="bbox 1898 5342 3476 5412; baseline -0.003 -16"><span class='ocrx_word' id='word_1_817' title='bbox 1898 5344 2007 5402; x_wconf 86' lang='lat' dir='ltr'><strong>liis,</strong></span> <span class='ocrx_word' id='word_1_818' title='bbox 2063 5353 2146 5397; x_wconf 89' lang='lat' dir='ltr'><strong>est</strong></span> <span class='ocrx_word' id='word_1_819' title='bbox 2196 5343 2401 5412; x_wconf 90' lang='lat' dir='ltr'><strong>aliquid</strong></span> <span class='ocrx_word' id='word_1_820' title='bbox 2441 5343 2609 5396; x_wconf 85' lang='lat' dir='ltr'><strong>veluti</strong></span> <span class='ocrx_word' id='word_1_821' title='bbox 2643 5342 2957 5396; x_wconf 87' lang='lat' dir='ltr'><strong>necessario</strong></span> <span class='ocrx_word' id='word_1_822' title='bbox 2988 5357 3334 5412; x_wconf 82' lang='lat' dir='ltr'><strong>consequens</strong></span> <span class='ocrx_word' id='word_1_823' title='bbox 3387 5343 3476 5405; x_wconf 73' lang='lat' dir='ltr'><strong>iis,</strong></span> 
     </span>
    </p>
   </div>
   <div class='ocr_carea' id='block_1_115' title="bbox 1897 5436 3480 5505">
    <p class='ocr_par' dir='ltr' id='par_1_115' title="bbox 1897 5436 3480 5505">
     <span class='ocr_line' id='line_1_115' title="bbox 1897 5436 3480 5505; baseline 0 -15"><span class='ocrx_word' id='word_1_824' title='bbox 1897 5438 1988 5504; x_wconf 90' lang='lat' dir='ltr'><strong>qui</strong></span> <span class='ocrx_word' id='word_1_825' title='bbox 2021 5437 2074 5490; x_wconf 92' lang='lat' dir='ltr'><strong>in</strong></span> <span class='ocrx_word' id='word_1_826' title='bbox 2106 5437 2284 5490; x_wconf 87' lang='lat' dir='ltr'><strong>lacum</strong></span> <span class='ocrx_word' id='word_1_827' title='bbox 2327 5437 2730 5505; x_wconf 84' lang='lat' dir='ltr'><strong>ingrediuntur,</strong></span> <span class='ocrx_word' id='word_1_828' title='bbox 2772 5436 3141 5491; x_wconf 88' lang='lat' dir='ltr'><strong>vinitoribus:</strong></span> <span class='ocrx_word' id='word_1_829' title='bbox 3206 5436 3303 5489; x_wconf 89' lang='lat' dir='ltr'><strong>nisi</strong></span> <span class='ocrx_word' id='word_1_830' title='bbox 3353 5436 3480 5505; x_wconf 82' lang='lat' dir='ltr'><strong>quis</strong></span> 
     </span>
    </p>
   </div>
   <div class='ocr_carea' id='block_1_116' title="bbox 1893 5527 3480 5600">
    <p class='ocr_par' dir='ltr' id='par_1_116' title="bbox 1893 5527 3480 5600">
     <span class='ocr_line' id='line_1_116' title="bbox 1893 5527 3480 5600; baseline 0.001 -17"><span class='ocrx_word' id='word_1_831' title='bbox 1893 5529 2092 5583; x_wconf 76' lang='lat' dir='ltr'><strong>dixerit</strong></span> <span class='ocrx_word' id='word_1_832' title='bbox 2117 5529 2260 5583; x_wconf 88' lang='lat' dir='ltr'><strong>hanc</strong></span> <span class='ocrx_word' id='word_1_833' title='bbox 2295 5527 2606 5584; x_wconf 88' lang='lat' dir='ltr'><strong>Satanicam</strong></span> <span class='ocrx_word' id='word_1_834' title='bbox 2642 5530 3018 5600; x_wconf 84' lang='lat' dir='ltr'><strong>operationem</strong></span> <span class='ocrx_word' id='word_1_835' title='bbox 3049 5530 3373 5593; x_wconf 72' lang='lat' dir='ltr'><strong>exolevisse,</strong></span> <span class='ocrx_word' id='word_1_836' title='bbox 3408 5544 3480 5583; x_wconf 81' lang='lat' dir='ltr'><strong>eu</strong></span> 
     </span>
    </p>
   </div>
   <div class='ocr_carea' id='block_1_117' title="bbox 1400 5646 2188 5748">
    <p class='ocr_par' dir='ltr' id='par_1_117' title="bbox 1400 5646 2188 5748">
     <span class='ocr_line' id='line_1_117' title="bbox 1400 5646 2188 5748; baseline 0.003 -20"><span class='ocrx_word' id='word_1_837' title='bbox 1400 5646 1592 5728; x_wconf 66' lang='lat' dir='ltr'><strong>cuin.</strong></span> <span class='ocrx_word' id='word_1_838' title='bbox 1629 5669 1959 5748; x_wconf 83' lang='lat' dir='ltr'><strong>Beveregii</strong></span> <span class='ocrx_word' id='word_1_839' title='bbox 1998 5679 2188 5730; x_wconf 78' lang='lat' dir='ltr'><strong>notae.</strong></span> 
     </span>
    </p>
   </div>
   <div class='ocr_carea' id='block_1_118' title="bbox 291 5809 2739 5901">
    <p class='ocr_par' dir='ltr' id='par_1_118' title="bbox 291 5809 2739 5901">
     <span class='ocr_line' id='line_1_118' title="bbox 291 5809 2739 5901; baseline -0.002 -27"><span class='ocrx_word' id='word_1_840' title='bbox 291 5809 403 5874; x_wconf 73' lang='grc'><strong>(68)</strong></span> <span class='ocrx_word' id='word_1_841' title='bbox 436 5809 547 5866; x_wconf 82' lang='grc' dir='ltr'><strong>Τοῦ</strong></span> <span class='ocrx_word' id='word_1_842' title='bbox 570 5810 918 5878; x_wconf 68' lang='grc' dir='ltr'>ΕἱῬιπίδου.</span> <span class='ocrx_word' id='word_1_843' title='bbox 952 5811 1550 5901; x_wconf 48' lang='grc' dir='ltr'>Μ5.,Δίιιετι)πὶιὶίιιιυε</span> <span class='ocrx_word' id='word_1_844' title='bbox 1581 5819 1783 5872; x_wconf 80' lang='lat' dir='ltr'><strong>rectius</strong></span> <span class='ocrx_word' id='word_1_845' title='bbox 1825 5818 1953 5881; x_wconf 69' lang='lat' dir='ltr'><strong>legit</strong></span> <span class='ocrx_word' id='word_1_846' title='bbox 1980 5815 2072 5872; x_wconf 79' lang='grc' dir='ltr'>τοῦ</span> <span class='ocrx_word' id='word_1_847' title='bbox 2104 5815 2427 5880; x_wconf 79' lang='grc' dir='ltr'>Εὐριπιδοὺς</span> <span class='ocrx_word' id='word_1_848' title='bbox 2474 5815 2739 5881; x_wconf 78' lang='grc' dir='ltr'>Ἱαμὸεἰα.</span> 
     </span>
    </p>
   </div>
  </div>
