4240 6442
744 393 845 456 731

1999 400 2099 459 ΤΗ
2111 399 2278 458 EOD.
2321 398 2412 456 BA
2424 398 2729 458 LSAMON

3881 398 3992 459 73?.

733 511 878 577 quod
909 522 1149 581 agrestes
1180 514 1518 583 frequentius
1544 517 1729 572 dicant
1763 519 1816 572 in
1843 533 2169 587 unaquaque
2202 518 2314 571 fere
2343 522 2392 580 Α

2343 522 2392 580 Α
2420 517 2511 569 τὸν
2547 517 2683 585 ἀέρα
2713 516 2822 573 τοῖς
2869 516 3151 578 δακτύλοις
3195 514 3336 568 κατά
3372 514 3620 584 ἡνιόχους
3648 515 4000 574 τυπτόντων,

733 616 1015 666 mensura,
1047 602 1207 675 Kyric
1239 607 1470 659 eleison.
1555 607 1684 672 Quae
1724 623 1888 676 porro
1924 608 2179 661 indecora
2213 607 2316 659 ali-

734 696 959 759 quando
990 699 1190 752 fiebant
1223 714 1251 752 a
1282 700 1534 763 notariis,
1560 702 1986 756 adolescentium
2019 702 2316 755 instructo-

735 786 907 853 ribus,
938 788 991 842 in
1023 800 1336 844 sanctorum
1372 793 1897 860 notariorum’festo,
1929 784 2317 849 cum‘shenieis

729 882 980 948 personis
1036 882 1214 937 furum
1252 885 1636 948 'obeuntibus,
1691 895 1816 940 ante
1874 887 2085 956 aliquot
2144 901 2315 940 annos

2427 609 2520 660 xei
2570 612 2719 678 φύκη
2763 609 2884 668 ταῖς
2946 606 3166 673 γνάθοις
3226 606 3389 674 δῆθεν
3428 604 3868 673 περιτιθεμένων
3901 605 4003 657 καὶ

2425 695 2878 771 ὕπορρινομένων
2913 698 3063 767 ἔργα·
3102 697 3219 750 τινὰ
3261 699 3569 761 γυναικεῖα.
3602 696 3695 749 καὶ
3736 695 3907 764 ἔτερα
3940 698 4003 747 ἀ-

2426 792 2637 858 πρεπῆ,
2669 792 2757 843 ῖνα
2785 791 2922 860 πρὸς
2964 791 3179 857 γέλωτα
3218 790 3344 851 τοὺς
3380 789 3678 857 βλέποντας
3705 788 4009 857 μετακινήο

2425 902 2583 938 σωσι.
2621 885 2693 936 Τὸ
2734 883 2790 936 δὲ
2836 884 3002 955 γελᾷν
3048 884 3174 946 τοὺς
3209 884 3447 952 ἀγρότας
3490 881 3862 953 ὲγχεομένους
3906 882 4005 936 τοῦ

729 973 1109 1034 exoleverunt.
1151 956 1486 1031 sanctissiini
1533 977 1680 1030 illius
1724 977 2055 1047 patriarcha:
2103 975 2311 1030 domini

738 1062 896 1120 Lucae
928 1065 1166 1121 decreto.

2420 976 2566 1029 οἴνου
2600 979 2714 1039 τοῖς
2739 976 2945 1038 πίθοις.
2977 977 3109 1028 ὡσεί
3147 994 3197 1027 τι
3239 976 3628 1045 παρεπόμενον
3664 976 3724 1039 ἐξ
3750 976 4006 1044 ἀνάγκης

2415 1068 2532 1120 ἔστὶ
2556 1070 2666 1131 τοῖς
2691 1068 3085 1138 ληνοὸατοῦσιν
3108 1084 3122 1099 ο
3147 1069 3194 1119 εἴ
3223 1068 3386 1137 μήτις
3415 1067 3545 1139 εἴπῃ
3572 1069 3670 1137 τὴν
3699 1068 4009 1137 σατανικὴν

728 1161 937 1227 ταύτην
977 1162 1242 1230 ἐργασίαν
1273 1164 1669 1230 καταργεῖσθαι
1699 1164 1787 1217 διὰ
1826 1164 1919 1217 τοῦ
1959 1163 2138 1231 λέγειν
2171 1161 2283 1233 (69)
2320 1162 2447 1223 τοὺς
2473 1162 2711 1231 ἀγρότας
2754 1164 3077 1231 συχνότερον
3122 1163 3206 1229 ἐφ’
3272 1162 3485 1230 ἑκάστῳ
3555 1162 3740 1232 μέτρῳ
3811 1164 4001 1231 σχεδὸν

733 1252 813 1315 τὸ,
850 1253 1023 1322 Κύριε
1065 1255 1309 1323 ἐλέησον.
1338 1255 1420 1308 Ti
1458 1258 1641 1324 μέντοι
1680 1259 1809 1309 ποτὲ
1871 1258 2137 1324 γινόμενα
2201 1255 2425 1324 ἀπρεπῆ
2489 1253 2642 1323 παρά
2707 1256 2818 1305 τῶν
2857 1254 3124 1324 νοταρίων
3176 1254 3673 1307 παιδοδιδασκάλων
3720 1256 3867 1305 κατὰ
3908 1254 4011 1321 τὴν

731 1344 926 1412 ἑορτὴν
958 1334 1063 1396 τῶν
1088 1345 1260 1411 ἁγίων
1318 1346 1605 1413 νοταρὶων,
1675 1348 1812 1414 μετὰ
1854 1346 2215 1416 προσωπείων
2277 1342 2553 1414 σκηνικῶν
2611 1343 2985 1414 διερχομένων
3030 1345 3130 1413 τὴν
3177 1346 3406 1413 ἀγορὰν,
3450 1347 3556 1415 πρὸ
3586 1343 3795 1414 χρόνων
3842 1344 4009 1395 τινῶν

733 1435 1188 1505 κατηργήθησαν,
1223 1437 1344 1489 καθ’
1371 1437 1597 1505 ὁρισμὸν
1627 1437 1719 1490 τοῦ
1749 1437 2058 1504 ἁγιωτάτου
2088 1437 2300 1489 ἐκείνου
2343 1430 2683 1502 πατριάρχου
2712 1434 2881 1502 κυροῦ
2913 1434 3119 1486 Λουκᾶ.

813 1526 1063 1582 ZONAR.
1101 1527 1243 1579 Sunt
1291 1527 1534 1581 calentia!
1589 1530 1748 1597 primi
1794 1530 1998 1583 mensis
2052 1528 2321 1597 cuiusque
2362 1510 2375 1526 ’

732 1623 871 1681 dies.
902 1637 1044 1690 quos
1081 1619 1251 1671 ϐαρ(ῖί
1302 1620 1532 1674 solemni
1578 1621 1840 1690 religione
1897 1635 1960 1673 ac
1996 1619 2320 1673 caeremonia

734 1715 802 1767 de
852 1728 1002 1765 more
1062 1710 1438 1763 celebrabant.
1492 1710 1622 1762 Bota
1679 1724 1896 1777 quoque
1939 1718 1992 1763 et
2040 1704 2318 1760 Brurualia

735 1806 1051 1859 Grmcorum
1115 1805 1238 1857 festi
1300 1803 1417 1856 dies
1494 1801 1668 1855 fuere.
1724 1801 1975 1854 Brmuius
2044 1800 2317 1867 siquidem

738 1898 940 1950 Bacchi
1006 1897 1330 1966 epitbetum.
1383 1895 1489 1949 Eos
1540 1895 1708 1962 igitur
1748 1894 1994 1961 aliosque
2046 1889 2314 1955 ejusmodi

737 1990 1054 2043 Graecorum
1119 1988 1289 2043 festos
1323 1988 1460 2049 dies,
1507 2004 1573 2041 ne
1624 1987 1777 2040 cultu
1832 1987 2018 2054 aliquo
2058 1982 2315 2053 prosequi

739 2083 992 2136 ﬁdelibus
1020 2082 1201 2141 liceat,
1236 2081 1424 2134 Patres
1456 2080 1770 2133 decrevere.
1805 2071 2062 2131 Publi-:as
2101 2090 2319 2143 quoque

741 2174 1032 2226 mulierum
1077 2172 1417 2232 saltationes,
1448 2170 1649 2238 quibus
1698 2167 2013 2235 Spectandis
2062 2166 2320 2220 videlicet

739 2263 806 2316 ad
841 2263 1121 2316 libidinem
1162 2262 1410 2316 homines
1455 2261 1781 2321 incitantur,
1829 2266 1941 2311 tum
1977 2271 2319 2326 quacumque

735 2354 915 2411 Graeci
945 2356 1044 2407 viri
1084 2366 1179 2407 aut
1216 2354 1449 2415 feminae,
1492 2352 1992 2406 commentitiorum
2021 2349 2185 2418 232
2221 2365 2321 2402 nu-

744 2448 950 2501 minum
1011 2445 1205 2500 honori
1267 2447 1597 2511 tribuentes,
1656 2459 1915 2513 peragere
1967 2445 2110 2497 soliti
2169 2451 2320 2505 sunt,

741 2539 992 2593 exhiberi
1046 2546 1255 2594 vetant.
1294 2537 1561 2590 Przeterea
1595 2537 1723 2589 viris
1794 2535 2045 2589 muliebri
2099 2542 2317 2600 ornatu,

742 2629 886 2682 virili
928 2626 1168 2689 feminis,
1199 2643 1322 2697 qua:
1383 2627 1771 2681 bacchantium
1832 2626 1936 2696 sibi
1983 2628 2321 2679 consuetudo

744 2720 1103 2787 permiserat,
1140 2718 1390 2784 quinimo
1412 2732 1777 2788 personarum
1805 2732 2042 2786 quoque.
2076 2718 2319 2781 comicae,

741 2813 986 2881 tragicae.
1032 2812 1354 2883 satyricaave
1402 2828 1504 2865 usu
1554 2812 1769 2880 penitus
1806 2812 2176 2865 interdictum.
2226 2811 2323 2863 Est

742 2920 875 2959 vero
914 2905 1124 2959 comica
1166 2919 1425 2973 persona,
1461 2919 1583 2973 quae
1606 2904 1669 2957 ad
1705 2904 1841 2957 alios
1874 2912 2174 2957 scommate
2202 2918 2324 2970 per-

744 2994 1095 3064 stringendos
1155 2997 1481 3050 assumitur.
1545 2994 1800 3062 Tragica,
1850 3012 1973 3064 quae
2036 2998 2324 3065 perturba-

742 3090 922 3145 tiones
952 3089 1117 3144 animi
1167 3105 1230 3144 ac
1264 3090 1481 3144 dolores
1520 3090 1733 3145 incitat.
1785 3088 2030 3157 Satyrica
2079 3090 2321 3151 demum,

2500 1523 2745 1577 ΖΩΝΑΡ.
2781 1523 3057 1578 Καλάνδαι
3082 1526 3222 1578 εἰσὶν
3241 1525 3299 1577 αἱ
3328 1525 3547 1594 πρῶται
3577 1525 3809 1578 ἑκάστου
3842 1526 4016 1596 μηνὸς

2428 1614 2658 1683 ήμέραι,
2710 1616 2768 1666 ὲν
2806 1612 2892 1678 αἷς
2937 1616 3143 1669 εἴθιστο
3187 1621 3300 1679 τοῖς
3350 1617 3580 1685 Ἕλλησι
3632 1618 3807 1671 ποιεῖν
3862 1636 4017 1681 τινας

2427 1704 2673 1768 τελετάς.
2704 1708 2815 1760 Καὶ
2855 1707 2922 1759 τὰ
2953 1707 3085 1775 βοτὰ
3115 1708 3170 1761 δὲ
3225 1710 3319 1761 καὶ
3350 1711 3418 1762 τὰ
3468 1708 3781 1779 βρουμάλια
3818 1712 4017 1781 Ἑλλη-

2427 1801 2577 1853 νικαὶ
2625 1796 2765 1869 ἦσαν
2817 1800 3027 1870 ἑορταί.
3079 1800 3327 1870 Βροῦμος
3361 1802 3470 1871 γὰρ
3514 1802 3768 1856 ἐπίθετον
3827 1800 3899 1873 ἦν

2428 1890 2688 1960 Διονύσῳ.
2720 1894 2828 1945 Καὶ
2864 1892 3033 1946 τᾶλλα
3076 1894 3299 1963 ὁμοίως,
3329 1894 3365 1948 ἃ.
3402 1897 3581 1948 πάντα
3618 1896 3899 1965 κωλύουσι
3932 1900 4021 1963 γί-

2426 1984 2613 2037 νεσθαι
2668 1986 2717 2036 οῑ
2752 1985 2997 2056 Πατέρες
3043 1988 3196 2057 παρὰ
3241 1987 3350 2039 τῶν
3388 1988 3613 2041 πιστῶν.
3656 1991 3928 2057 Εἶργουσι
3962 1991 4018 2041 δὲ

2427 2079 2522 2129 καλ⁸
2568 2077 2665 2138 τὰς
2694 2077 2805 2131 τῶν
2838 2079 3116 2145 γυναικῶν
3164 2078 3434 2147 δημοσίας
3485 2079 3766 2148 ὀρχήσεις,
3803 2081 3885 2143 ὡς
3937 2081 4020 2143 εἰς

2427 2169 2729 2230 ἀκολασίας
2763 2169 3056 2239 ἐρεθισμδν
3077 2173 3190 2234 τοῖς
3222 2170 3520 2240 θεωμένοις
3553 2173 3748 2236 αὐτὰς,
3779 2175 3877 2225 καὶ
3915 2175 4020 2227 ὅσα

2426 2262 2537 2321 τοῖς
2567 2260 2829 2329 Ἕλλησιν
2856 2260 3189 2331 ἐπράττοντο
3219 2260 3279 2328 ἐξ
3309 2263 3522 2332 ἀνδρῶν
3555 2264 3586 2332 ἦ
3620 2265 3869 2331 γυναίων
3898 2266 4021 2317 ὀνό-

2431 2369 2564 2420 ματι
2596 2352 2703 2405 τῶν
2732 2353 3106 2423 ψευδωνύμων
3156 2355 3296 2406 θεῶν
3326 2356 3532 2417 αὐτῶν,
3558 2359 3653 2408 καὶ
3696 2358 3773 2425 μὴ
3807 2360 4020 2427 κεχρῆ-

2431 2445 2555 2497 σθαι
2597 2445 2881 2498 κελεύουσι
2927 2448 3052 2507 τοὺς
3084 2447 3285 2516 ἄνδρας
3313 2445 3663 2515 γυναικείαις
3700 2451 3948 2513 στολαῖς,
3984 2454 4018 2521 ἢ

2428 2536 2529 2597 τὰς
2559 2540 2826 2603 γυναῖκας
2863 2536 3155 2607 ἀνδρῲαις,
3180 2534 3269 2591 οἷα
3299 2540 3521 2591 ἐποίουν
3555 2544 3602 2593 οἱ
3644 2541 3722 2610 τῷ
3763 2542 4022 2611 Διονύσῳ

2431 2627 2811 2697 βακχεύοντες,
2852 2629 2988 2682 ἀλλὰ
3050 2630 3185 2700 μηδὲ
3243 2636 3564 2701 προσωπεῖα
3620 2636 3852 2703 κωμικὰ
3885 2637 4023 2687 ὑπο-

2429 2719 2678 2784 δύεσθαι,
2724 2721 3051 2793 ἢτραγικὰ,
3082 2722 3115 2795 ἢ
3153 2726 3443 2793 σατυρικά.
3494 2728 3736 2795 Κωμικά
3788 2728 3893 2796 μὲν
3925 2724 4023 2780 οὖν

2430 2817 2751 2887 προσωπεῖα
2800 2818 2908 2868 εἰσι
2966 2817 3035 2868 τὰ
3083 2818 3165 2877 εἰς
3216 2817 3530 2885 σκῦμματά
3574 2835 3739 2871 τινων
3816 2821 4021 2889 ἐπιτη-

2428 2907 2725 2975 δευόμεναο
2765 2907 3013 2976 τραγικὰ
3073 2907 3131 2961 δὲ
3171 2907 3240 2960 τὰ
3283 2909 3566 2977 περιπαθῆ
3619 2909 3715 2961 καὶ
3775 2908 4023 2978 θρήνους

2430 3000 2795 3069 ἐμποιοῦνταο
2850 2999 2919 3052 τὰ
2956 2999 3013 3052 δὲ
3076 3001 3347 3070 σατυρικὰ
3387 3002 3494 3052 τῶν
3529 3001 3620 3052 ἐπὶ
3665 3000 3743 3069 τῷ
3773 3000 4025 3071 Διονύσῳ

2430 3090 2780 3161 τελουμένων
2807 3088 2967 3162 ἦσαν.
3006 3093 3118 3145 Καὶ
3145 3095 3193 3146 οἱ
3226 3094 3451 3162 σάτυροι
3483 3093 3610 3163 γάρ,
3655 3093 3731 3157 ὡς
3761 3096 3820 3147 αἱ
3881 3098 4028 3149 Βάκ-

745 3199 934 3238 eorum
970 3185 1062 3253 qui
1094 3183 1313 3238 Baccho
1347 3183 1702 3238 initiarentur
1736 3184 1954 3252 propria
2007 3183 2129 3237 fuit.
2162 3183 2322 3254 Saty-
2352 3209 2396 3267 ε

2354 3209 2396 3267 c
2428 3204 2539 3256 χαι,
2579 3186 2679 3254 τῆς
2714 3187 2841 3256 περὶ¹
2879 3184 2969 3238 τὸν
3004 3187 3260 3239 Διόνυσον
3285 3188 3603 3257 ἐμπλήκτου
3642 3188 3874 3257 χορείας
3906 3191 4028 3243 ἐλέ-

746 3290 933 3329 rorum
986 3276 1283 3343 siquidem,
1338 3277 1482 3331 sicut
1527 3285 1581 3330 et
1634 3276 1993 3341 Baccharum,
2045 3291 2075 3331 e
2121 3275 2323 3332 Bacchi

744 3368 1006 3421 comitatu
1040 3384 1163 3424 esse
1196 3368 1483 3423 dicebatur
1514 3369 1603 3422 illa
1659 3368 1862 3423 furoris
1910 3369 2124 3423 attoniti
2163 3369 2322 3439 plena

746 3461 986 3514 saltatio.
1020 3462 1100 3514 Ad
1129 3464 1240 3515 llaec
1294 3478 1469 3530 neque
1508 3462 1707 3520 Bacchi
1746 3479 1941 3515 nomen
1992 3463 2045 3516 in
2081 3464 2324 3518 torcula-

748 3551 901 3604 ribus
936 3551 1137 3619 passim
1173 3553 1329 3613 cieri,
1361 3567 1538 3620 neque
1590 3568 1826 3616 merum,
1859 3554 2069 3605 interea
2103 3553 2231 3606 dum
2267 3555 2325 3607 in

746 3641 907 3695 doliis
933 3644 1214 3704 conditur,
1247 3647 1359 3697 risu
1390 3656 1445 3698 et
1474 3645 1748 3698 caehinno
1812 3646 2064 3713 prosequi
2111 3645 2323 3699 sinunt.

748 3733 920 3787 Porro
955 3733 1201 3790 Bacchus
1232 3751 1260 3788 a
1293 3734 1498 3790 Graecis
1539 3738 1592 3789 in
1638 3738 1865 3790 deorum
1901 3753 2130 3791 numero
2169 3737 2322 3791 babi-

748 3834 861 3883 tus.
893 3842 1053 3894 quem
1091 3828 1374 3881 ebrio-tatis
1410 3829 1695 3897 praesidem
1744 3830 1967 3896 vinique
2014 3829 2326 3898 largitorem

750 3919 1142 3986 agnoscebant.
1196 3918 1256 3971 Hi
1307 3927 1490 3972 tamen
1546 3935 1728 3974 mores
1780 3936 1809 3973 a
1862 3920 2105 3986 rusticis,
2142 3938 2331 3976 eorum

748 4025 868 4078 quae
902 4011 1109 4063 faciunt
1136 4011 1499 4078 ignoratione,
1556 4027 1699 4065 nunc
1730 4028 1951 4081 quoque
1998 4014 2328 4070 retinentur.

2433 3294 2594 3346 γοντο
2619 3273 2783 3331 εἶναι.
2807 3277 2961 3348 Μήτε
2990 3277 3098 3347 μὴν
3127 3278 3191 3331 τδ
3210 3277 3305 3330 τοῦ
3332 3279 3591 3331 Διονύσου
3618 3278 3790 3349 ὖνομα
3817 3282 3881 3334 ἒν
3902 3285 4029 3345 ταῖς

2431 3369 2614 3440 ληνοῖς
2641 3370 2959 3440 ὀνομάζειν,
3002 3372 3143 3441 μήτε
3172 3374 3287 3434 τοῖς
3329 3371 3510 3434 πίθοις
3546 3373 3890 3441 ἐγχεομένου
3925 3375 4026 3428 τοῦ

2433 3462 2580 3515 οἴνου
2621 3462 2791 3535 γελᾷν
2825 3465 2915 3515 καὶ
2948 3462 3369 3533 ἐπικαγχάζειν.
3417 3464 3478 3517 Ὀ
3508 3463 3564 3516 δὲ
3606 3464 3871 3528 Διόνυσος
3905 3468 4030 3529 θεὸς

2435 3554 2714 3625 ἐνομίζετο
2738 3557 2854 3618 τοῖς
2888 3555 3175 3624 Ἕλλησιν,
3218 3555 3415 3626 ἔφορος
3449 3556 3561 3625 τῆς
3580 3556 3754 3626 μέθης
3788 3559 3895 3610 καὶ
3929 3560 4027 3611 τοῦ

2437 3648 2584 3701 οἴνου
2617 3649 2805 3719 δοτήρ.
2857 3648 2923 3700 Ἃ
2953 3649 3047 3701 καὶ
3083 3646 3181 3701 νῦν
3219 3648 3463 3714 γίνονται
3500 3649 3652 3721 παρά
3698 3653 3817 3714 τοῖς
3852 3653 4028 3721 ἀγρό-

2436 3756 2583 3802 ταις,
2640 3740 2715 3809 μὴ
2771 3739 2971 3792 εἰδόσιν
3019 3737 3054 3793 ἃ
3105 3737 3370 3793 ποιοῦσιν.
3414 3739 3475 3793 Ὀ
3534 3740 3592 3793 δὲ
3640 3740 3828 3794 κανὼν
3867 3737 4029 3806 οὗτος

2442 3831 2571 3895 τοὺς·
2639 3831 2737 3901 μὲν
2804 3831 3137 3902 ἱερωμένους
3192 3830 3582 3901 καθαιρεῖσθαι
3638 3834 4029 3902 προστάσσει,

2432 3924 2677 3980 τοιοῦτόν
2724 3944 2777 3980 τι
2832 3926 3121 3991 ποιοῦντας
3169 3929 3227 3980 ἐν
3260 3929 3494 3996 γνώσει·
3524 3928 3653 3989 τοὺς
3702 3929 3762 3979 δὲ
3793 3927 4030 3992 λαῖκοὺς

2432 4017 2822 4089 ἀφορίζεσθαι.

748 4106 948 4159 Verum
987 4107 1076 4160 hic
1106 4121 1305 4171 canon,
1337 4107 1478 4173 sacri
1509 4107 1722 4159 ordinis
1788 4107 2073 4173 clericum,
2143 4108 2190 4162 si
2248 4106 2521 4179 ejusmbdi
2589 4111 2866 4181 quidpiam
2917 4111 3099 4167 sciens
3154 4112 3462 4176 admiserit,
3500 4112 3733 4183 deponi;
3823 4112 4031 4168 laicnm

748 4216 880 4254 vero
914 4203 1182 4271 segregari
1220 4202 1396 4268 jubet.

751 4292 978 4347 AlilST.
1020 4313 1038 4345 ι
1079 4294 1120 4347 Α
1153 4294 1392 4349 ﬁdelium
1426 4295 1549 4348 vita:
1583 4297 1794 4349 ratione
1823 4295 2145 4351 auferantur
2168 4295 2331 4361 Buta,

828 4404 846 4436 ι
888 4394 942 4438 et
973 4386 1247 4451 tlalendae,
1281 4395 1335 4441 et
1362 4387 1663 4446 Brumalia,
1691 4395 1745 4440 et
1796 4388 1848 4440 in
1892 4386 2121 4441 deorum
2157 4388 2333 4441 hono-

831 4498 849 4528 ι
894 4494 1004 4532 rem
1052 4478 1398 4542 saltationes,
1450 4489 1504 4531 ct
1562 4478 1805 4544 eumicze,
1857 4487 1910 4534 et
1958 4480 2230 4550 satyricae,
2280 4489 2414 4576 etD

827 4589 850 4640 ,ι
894 4574 1110 4641 tragica:
1135 4586 1404 4640 personae,
1434 4580 1487 4624 et
1515 4569 1711 4627 Bacchi
1766 4572 1819 4625 in
1855 4565 2224 4627 torcularibus
2252 4575 2337 4627 in-

830 4683 849 4715 ι
890 4664 1126 4728 vocatio,
1184 4664 1439 4732 risdsque
1498 4668 1552 4718 in
1597 4666 1780 4719 doliis.
1840 4665 1944 4731 Qui
1998 4676 2180 4720 autem
2214 4675 2337 4737 post

828 4776 847 4810 ι
889 4772 1155 4812 canouem
1183 4756 1237 4811 in
1265 4757 1352 4813 his
1383 4760 1709 4827 persistunt,
1745 4760 1969 4813 obnoxii
2001 4770 2151 4815 sunt.
2202 4780 2221 4813 ι

824 4934 1052 4989 Omnem
1080 4933 1446 4989 idulolatr‘iam
1482 4947 1535 4989 et
1560 4937 1854 4989 vanitatem
1879 4952 1909 4990 e
1934 4936 2171 4991 ﬁdelium
2206 4952 2339 4991 con-

752 5028 1069 5081 versatione
1126 5026 1313 5081 Patres
1363 5028 1639 5090 tollentes,
1698 5045 1804 5083 non
1879 5032 2203 5099 permittunt
2250 5045 2336 5095 ea,

755 5136 883 5190 qua
939 5122 992 5173 in
1041 5123 1296 5190 praesenti
1353 5137 1565 5176 canone
1611 5124 1818 5177 diserte
1871 5134 2254 5190 numerantur,
2306 5142 2336 5179 a

754 5216 1086 5269 Christianis
1113 5217 1299 5285 peragi
1332 5232 1346 5268 :
1382 5217 1475 5269 sed
1521 5218 1566 5270 si
1601 5217 1710 5271 sint
1751 5217 1977 5286 quidem
2002 5217 2214 5277 clerici.
2246 5218 2341 5287 qui

756 5310 869 5362 ιιωο
895 5320 947 5364 et
980 5309 1253 5375 ejusmodi
1288 5310 1520 5373 faciunt,
1552 5311 1744 5380 deponi
1797 5310 1951 5380 jubet
1993 5324 2207 5375 canon;
2254 5312 2340 5366 sin

761 5418 890 5457 vero
919 5404 1064 5468 laici,
1098 5404 1399 5475 segregari.

1313 5495 1543 5551 CANON
1597 5496 1780 5552 LXIII.

762 5608 785 5643 ι
823 5589 958 5657 Qua:
1014 5605 1044 5644 a
1090 5592 1341 5647 veritatis
1392 5592 1647 5646 hostibus
1709 5591 1850 5647 falso
1905 5592 2154 5648 conﬁcta;
2212 5602 2342 5649 sunt

2441 4297 2663 4351 ΑΡΙΣΤ.
2702 4316 2722 4349 ‹
2770 4298 3178 4369 Περιαιρείσθω
3204 4301 3304 4368 τῆς
3341 4299 3451 4355 τῶν
3487 4299 3698 4352 πιστῶν
3762 4297 3905 4368 βοτά
3938 4315 4036 4351 πο-

2498 4409 2539 4466 ¹ι
2585 4390 2812 4456 λιτείας,
2856 4392 2949 4445 καὶ
2996 4393 3053 4446 αἱ
3105 4391 3395 4454 καλάνδαι,
3452 4392 3545 4445 καὶ
3579 4391 3650 4444 τὰ
3686 4390 4034 4461 βρουμά).ιει,

2517 4505 2538 4539 ι
2585 4484 2681 4538 καὶ
2718 4487 2773 4539 αἱ
2807 4486 3065 4557 ὀρχήσεις
3094 4486 3177 4548 εἰς
3209 4484 3387 4547 θεοὺς,
3414 4485 3511 4539 καὶ
3533 4486 3601 4537 τὰ
3632 4485 3892 4552 κωμικὶ,
3938 4485 4037 4538 καὶ

2517 4597 2537 4629 ι
2588 4578 2881 4646 σατυρικὰ.
2931 4579 3026 4631 καὶ
3078 4578 3321 4646 τραγικὰ
3383 4578 3677 4648 πρόσωπα,
3734 4578 3833 4629 καὶ
3872 4580 3907 4645 ἡ
3948 4579 4040 4629 ἐπὶ

2522 4688 2540 4721 ι
2588 4669 2773 4738 ληνοῖς
2798 4669 2894 4722 τοῦ
2926 4672 3185 4723 Διονύσου
3227 4670 3539 4738 ἐπίκλησις,
3574 4670 3669 4721 καὶ
3709 4671 3739 4721 ὁ
3784 4673 3885 4721 ἐπὶ
3924 4676 4037 4733 τοῖς

2522 4781 2542 4815 ι
2587 4762 2768 4825 πίθοις
2795 4761 2991 4831 γέλως.
3050 4764 3113 4816 Οἱ
3138 4764 3195 4815 δὲ
3224 4763 3580 4833 ἐπιμένοντες
3612 4762 3758 4831 μετὰ
3800 4763 3901 4814 τὸν
3941 4781 4042 4815 κα-

2522 4874 2541 4907 ι
2589 4857 2736 4918 νόνα,
2767 4855 3082 4909 ὑπεύθυνοι.
3117 4875 3135 4906 ο

2516 4950 2703 5003 Πάντα
2737 4949 2810 5001 τὰ
2844 4951 2941 5019 τῇς
2978 4948 3267 5017 εἰδωλικῆς
3297 4949 3390 5000 καὶ
3425 4948 3795 5018 ματαιότητος
3827 4950 3900 5001 ἐκ
3937 4950 4040 5014 τῆς

2442 5039 2551 5092 τῶν
2604 5040 2811 5094 πιστῶν
2862 5040 3143 5102 πολιτείας
3185 5041 3235 5093 οἱ
3292 5039 3539 5108 Πατὲρες
3579 5039 4036 5109 περιαιροῦντες,

2443 5132 2549 5185 οὐκ
2579 5132 2865 5201 ἀνέχονται
2914 5132 3189 5186 τελεῖσθαι
3223 5132 3379 5200 παρά
3430 5130 3539 5183 τῶν
3567 5132 3928 5202 Χριστιανῶν
3966 5133 4037 5185 τὰ

2440 5227 2498 5279 ἐν
2537 5225 2617 5295 τῷ
2648 5227 2879 5296 παρόντι
2916 5226 3103 5279 κανόνι
3158 5226 3339 5296 ῥητῶς
3382 5224 3862 5296 ἀπηριθμημέναο
3917 5226 4041 5279 ἀλλ’

2442 5321 2492 5373 εἰ
2523 5318 2637 5387 μὲν
2669 5321 2922 5391 κληρικοί
2969 5321 3108 5374 εἰσιν
3149 5322 3199 5372 οἱ
3247 5318 3480 5373 τοιαῦτα
3513 5318 3823 5381 ποιοῦντες,
3856 5335 4043 5391 προσ.

2445 5410 2634 5464 τάττει
2692 5412 3112 5483 καθαιρεῖσθαι·
3166 5412 3217 5463 εἰ
3258 5410 3318 5465 δὲ
3377 5411 3582 5476 λαῐκοὶ,
3639 5409 4040 5480 ἀφορίζεσθαι.

3024 5503 3266 5557 ΚᾹΝΩΝ
3316 5500 3437 5557 ΞΡ.

2452 5616 2472 5650 ‹
2520 5598 2603 5653 Τά
2656 5598 2872 5668 ψευδῶς
2910 5598 3017 5652 ὑπὸ
3054 5598 3165 5652 τῶν
3207 5598 3305 5667 τῆς
3351 5596 3616 5668 ἀληθείας
3655 5595 3883 5667 ἐχθρῶν
3923 5597 4042 5671 (70)

1928 5684 2123 5745 Guill.
2162 5686 2492 5767 Beveregii
2529 5698 2717 5752 noue.

833 5783 943 5853 (69)
975 5783 1079 5839 Διὰ
1103 5785 1209 5840 τοῦ
1247 5786 1471 5854 λέγειν.
1510 5787 1734 5841 Rectius
1786 5788 1975 5842 itidem
2021 5787 2074 5843 in
2118 5805 2219 5846 ms.
2267 5791 2341 5842 A-

764 5858 1158 5913 tnctbachiano
1186 5858 1381 5928 legitur
1415 5858 1503 5911 διὰ
1540 5857 1637 5912 τοῦ
1665 5858 1872 5928 λέγειν.

2522 5792 2637 5863 UO)
2705 5792 2783 5847 Τὰ
2830 5792 3072 5860 ψευδῶς
3111 5793 3230 5847 ὑπὸ
3282 5791 3401 5846 τῶν
3460 5794 3569 5861 τῆς
3612 5792 3912 5860 ἀληθείας
3943 5794 4044 5863 ἐκ-

2453 5862 2629 5931 θρῶν.
2699 5863 3047 5920 Cunstantini
3110 5863 3504 5934 llartnenopuli
3566 5865 3804 5934 epitome
3871 5867 4045 5934 lmj‘us
