4240 6442
218 403 323 468 737

1210 403 1285 460 IN
1321 403 1485 465 CAN.
1529 404 1710 467 LXIV
1738 405 1949 466 CONC.
1988 405 2064 464 ΙΝ
2089 404 2412 464 TRULLO.

3363 409 3468 475 738

217 515 477 574 πολλάκις
504 526 518 540 ’
551 511 644 564 καὶ
700 511 933 564 ἕκαστον
979 510 1160 580 μένειν
1195 512 1254 562 ἐν
1374 513 1578 583 ἐκλήθη
1619 515 1791 579 τάξει⁸
1824 524 1866 577 Α

1790 524 1866 577 ηΑ
1901 515 1952 566 in
2005 530 2113 582 quo
2160 529 2384 567 vocatus
2433 523 2517 567 est
2553 514 2765 573 ordine.
2809 525 2868 568 ut
2915 514 3047 568 dicit
3101 530 3257 568 sacra
3315 516 3464 570 Scri-

216 607 364 659 κατά
416 607 476 656 rb
506 607 738 672 γράμμα
767 604 828 655 τὸ
855 603 1018 673 ἱερόν.
1040 603 1378 672 Ἐχρήταντο
1404 604 1460 656 δὲ
1500 606 1580 666 είς
1601 607 1793 659 ἐπισύ-

217 711 410 746 στασεν
460 692 553 744 τοῦ
594 693 754 758 λόγου
803 691 986 744 αὐτῶν
1027 694 1126 745 καὶ
1173 695 1466 762 γραφικοῖς
1513 694 1794 764 διαφόροις

214 788 425 856 ῥητοῖς,
455 784 834 845 ἀποστολικοῐς
873 783 1098 852 δηλαδὴ.
1141 782 1497 850 θεολογικοῖς,
1531 785 1624 836 καὶ
1667 802 1796 853 προ-

212 877 488 946 φητικοῖς.
526 876 660 937 Τοὺς
698 875 882 944 μέντοι
933 873 1372 943 παραϐαίνοντας
1405 877 1496 927 τὸν
1549 875 1794 944 παρόντα

213 969 440 1029 κανόνα,
469 970 560 1021 ἐπὶ
587 966 998 1036 τεσσαράκοντα
1025 967 1260 1035 ἡμέραις
1291 966 1648 1036 ἀφορίζεσθαι
1670 967 1794 1020 διω-

215 1064 466 1130 ρίσαντο.
515 1061 816 1130 Ἐρωτήσει
851 1059 906 1112 δέ
933 1075 1039 1123 τις,
1070 1058 1144 1121 ὡς
1177 1058 1272 1111 τοῦ
1305 1060 1530 1121 κανόνος
1557 1057 1792 1111 κωλύον-

212 1173 304 1217 τος
333 1155 574 1223 δημοσίᾳ.
622 1154 899 1206 διδάσκειν
937 1154 970 1222 ἦ
1007 1150 1352 1218 διαλέγεσθαι
1404 1153 1530 1213 τοὺς
1571 1152 1791 1214 λαῖκοὺς

209 1267 277 1300 πε
289 1255 341 1317 pl.
368 1245 836 1317 ἐκκλησιαστικιῖιν
864 1245 1195 1306 ὑποθέσεων,
1219 1244 1629 1312 κωλυθήσονται
1661 1245 1788 1311 κλη-

211 1341 362 1407 ρικοὶ
415 1342 510 1392 καὶ
564 1340 790 1407 μοναχοὶ
836 1337 1152 1406 παρομοίως
1191 1338 1302 1395 τοῖς
1361 1338 1631 1405 λαῐκοίςῆ
1683 1335 1785 1401 ob;

207 1432 403 1494 Λύσις.
455 1432 611 1483 Ἐπεὶ
654 1431 715 1482 rb
761 1430 1044 1482 διδάσκειν
1095 1429 1274 1495 μόνων
1331 1429 1440 1479 τῶν
1484 1429 1788 1498 ἀρχιερέων

213 1525 354 1585 ἐστὶ,
374 1521 589 1573 καὶτῶν
609 1520 954 1589 τεταγμένων
967 1522 1044 1574 εἰς
1058 1520 1236 1578 τοῦτο,
1258 1519 1310 1569 εί
1324 1535 1404 1581 τις
1418 1518 1476 1581 ἐξ
1495 1519 1675 1571 αὐτῶν
1691 1518 1788 1584 τὴν

205 1615 498 1683 κανονικὴν
515 1613 845 1682 παραδράμῃ
866 1615 1268 1682 παραγγελίαν,
1289 1611 1587 1672 ὑπεύθυνος
1610 1609 1784 1670 ἔσται,

203 1709 280 1767 ὠς
324 1707 446 1775 ἐμοὶ
470 1707 770 1769 δοκεῖ.ζΔι5.
797 1706 906 1775 γὰρ
935 1704 1094 1757 τοῦτο
1119 1707 1212 1756 καὶ
1240 1707 1297 1756 ὲν
1341 1705 1406 1773 τῇ
1435 1700 1786 1766 κατεξετάσει

202 1799 301 1852 τοῦ
333 1797 691 1867 εύαγγελικοῦ
712 1798 900 1867 ῥητοῦ,
924 1796 1019 1849 τοῦ
1058 1798 1308 1864 λέγοντος
1326 1797 1423 1848 "0
1453 1793 1652 1858 Πατήρ
1666 1811 1784 1862 μου

1900 614 2080 674 ptura.
2126 606 2204 658 Ad
2233 607 2352 674 ejus
2391 616 2598 670 autem,
2641 607 2783 674 quod
2835 607 3114 667 dixerunt,
3169 608 3464 661 conﬁrma.

1899 700 2102 750 tionem
2157 697 2389 750 diversis
2431 696 2730 765 Scriptura:
2784 697 2945 751 dictis
2980 700 3299 767 apostoliris
3355 700 3469 751 Sci-

1898 786 2047 852 licet,
2079 797 2132 839 et
2171 787 2513 854 theOIOgicis,
2566 797 2619 841 et
2661 790 2994 856 propheticis
3049 786 3132 842 usi
3177 801 3324 842 sunt.
3365 791 3466 846 Eos

1897 888 2076 931 autem
2123 879 2216 947 qui
2270 887 2589 947 praesentem
2653 894 2774 932 cun.
2843 881 3342 948 transgrediuntur,
3397 883 3467 935 60

1894 967 2084 1022 diebus
2124 970 2397 1038 segregari
2449 971 2756 1036 jusserunt.
2815 971 3233 1040 lnterrogarerit
3281 983 3463 1026 autem

1893 1062 2191 1132 quispiam,
2221 1077 2345 1114 cum
2375 1077 2499 1114 can.
2542 1061 2832 1130 prohibeat
2861 1064 3030 1116 laicos
3067 1067 3129 1115 de
3182 1067 3342 1117 rebus
3373 1082 3465 1117 ec-

1892 1153 2219 1206 clesiasticis
2249 1152 2464 1222 publice
2495 1152 2692 1206 docere
2712 1154 2790 1207 vel
2813 1155 3108 1213 disserere,
3134 1172 3200 1208 an
3227 1159 3461 1212 clericus

1894 1245 1977 1296 vel
2043 1248 2343 1300 monachus
2393 1245 2770 1314 prohibebitur
2801 1248 3052 1300 similiter
3077 1265 3137 1300 ac
3191 1250 3332 1312 laici,
3393 1268 3459 1302 :iu

1894 1336 2044 1388 non?
2075 1335 2309 1390 Solutio.
2343 1337 2612 1401 Quoniam
2659 1339 2857 1391 docere
2899 1342 3142 1392 solorum
3193 1351 3276 1394 est
3317 1342 3461 1394 anti-

1890 1431 2102 1490 Stilum,
2132 1440 2181 1480 et
2210 1443 2399 1481 eorum
2431 1429 2524 1498 qui
2549 1431 2614 1480 ad
2650 1433 2750 1482 hoc
2779 1438 2907 1482 sunt
2933 1431 3197 1492 ordinati,
3247 1434 3290 1485 si
3336 1435 3462 1500 quis

1889 1535 1953 1571 ex
1981 1520 2061 1572 eis
2091 1520 2416 1572 canonicum
2449 1531 2780 1589 praeceptum
2831 1531 3214 1587 transgressus
3271 1524 3457 1585 fuerit,

1891 1612 1957 1675 is,
1997 1622 2051 1662 ιιι
2087 1613 2216 1663 mihi
2273 1611 2511 1675 videtur,
2559 1627 2772 1664 canone
2821 1615 3116 1667 tenebitur.
3169 1616 3457 1684 Propterea

1887 1705 2031 1755 enim
2061 1712 2115 1755 et
2150 1705 2450 1769 evangelici
2493 1703 2622 1758 dicti
2664 1708 3093 1765 examinatione.
3116 1710 3258 1774 quod
3284 1710 3414 1762 dicit
3441 1727 3455 1771 ;

1892 1792 2052 1846 Pater
2081 1811 2223 1847 meus
2259 1795 2432 1862 major
2461 1812 2540 1848 me
2570 1805 2647 1848 ut
2669 1795 2734 1858 “,
2769 1799 2924 1849 ntulti
2965 1801 3212 1851 monachi
3255 1812 3306 1853 et
3347 1801 3458 1852 cie-

201 1890 418 1958 μείζων
442 1891 560 1956 μού
599 1890 754 1952 ἐστι,
787 1888 978 1940 πολλοὶ
1018 1889 1241 1957 μοναχοὶ
1266 1888 1364 1939 καὶ
1397 1885 1670 1954 κληρικοὶ,
1699 1886 1782 1937 ὅτι
1816 1906 1854 1959 Β

1778 1923 1782 1933 ,
1816 1906 1854 1959 Β
1888 1889 2008 1950 rici,
2041 1889 2298 1956 qttouium
2328 1889 2394 1942 de
2417 1904 2482 1942 eo
2507 1894 2856 1944 contentiose
2913 1893 2997 1944 vel
3026 1892 3188 1945 locuti
3216 1893 3452 1957 fuerant,

203 1985 340 2049 περὶ
370 1982 561 2032 τούτου
614 1980 971 2041 ἀντιθετικῶς
1033 1980 1066 2050 ἢ
1122 1979 1392 2049 ἐλάλησαν
1442 1978 1777 2046 ἢέγραοᾷαν,

203 2073 602 2141 ἐκολάσθησαν.
657 2073 854 2133 Καλῶς
908 2071 966 2123 δὲ
1028 2071 1335 2140 προσετέθη
1397 2071 1460 2121 τὸ
1514 2069 1772 2139 δημοσία.

214 2166 374 2218 Ἐπεί
431 2167 579 2234 τοίγε
637 2165 756 2219 κατ’
823 2164 959 2217 ίδίαν
1008 2164 1366 2233 ἐρωτώμενὸς
1441 2179 1523 2222 τις
1556 2160 1779 2222 συνετὸς

201 2258 332 2328 περί
392 2275 539 2320 τινος
599 2258 941 2326 δογματικῆς
998 2253 1396 2323 ὑποθέσεσι)ςῆ
1452 2255 1579 2320 περὶ
1612 2252 1780 2320 ἄλλης

200 2349 559 2420 ψυλωφελοῦς
591 2349 793 2412 αἰτίας,
821 2351 884 2401 ού
907 2347 1286 2416 κωλυθήσεται
1316 2344 1378 2397 rb
1408 2344 1599 2396 δοκοῦν
1628 2343 1778 2412 αύτῷ

199 2442 622 2512 ἀποκρίνεσθαι.
659 2443 768 2494 Καὶ
803 2442 866 2493 τὸ
894 2441 936 2493 δ’
996 2444 1104 2509 γάρ
1141 2437 1336 2506 κεφάλ.
1374 2436 1469 2490 τοῦ
1502 2435 1550 2490 α’
1598 2436 1778 2489 τίτλου

199 2537 294 2590 τοῦ
352 2543 398 2589 αι
451 2537 654 2606 βιϐλίου
704 2535 814 2588 τῶν
869 2533 1174 2588 Βασιλικῶν
1232 2532 1365 2602 φησί
1412 2546 1426 2561 ⁸
1490 2531 1695 2597 Μηδεὶς
1746 2529 1779 2598 ἢ

201 2631 530 2701 κληρικὸςῆ
571 2630 802 2700 μοναχὸς
837 2629 1296 2694 στρατευόμενος,
1351 2625 1384 2695 ἢ
1440 2624 1596 2685 ἄλλος
1629 2624 1774 2675 οίοσ-

203 2726 404 2794 δήποτε
444 2722 656 2791 πληθὺν
703 2721 955 2787 συνάγων
985 2720 1221 2789 δημοσίᾳ
1245 2717 1372 2788 περὶ
1405 2716 1506 2785 τῆς
1545 2717 1780 2776 πίστεως

203 2816 556 2882 διαλεγέσθω.
599 2812 877 2884 ’Υὸρίζειν
917 2816 1025 2883 γὰρ
1075 2813 1223 2864 δοκεῖ
1253 2814 1351 2880 τὴν
1379 2812 1436 2861 ὲν
1472 2808 1776 2876 Χαλκηδόνι

203 2906 446 2971 σύνοδον,
483 2907 582 2977 τὴν
605 2907 830 2969 δεόντως
861 2908 1036 2958 πάντα
1061 2904 1503 2964 διατυπώσασαν,
1538 2902 1658 2969 ἥτις
1687 2902 1780 2951 καὶ

202 3003 316 3062 τοῖς
344 3002 646 3070 αἱρετικοῖς
678 3001 813 3052 πᾶσι
853 2999 1038 3051 δίδωσι
1070 2997 1374 3071 γινώσκειν
1403 2995 1472 3046 τὰ
1512 2995 1775 3063 ἡμέτερα.

201 3092 369 3144 Ὥστε
401 3091 513 3154 οὖν,
549 3093 599 3142 εἰ
635 3090 734 3159 μὲν
765 3088 1023 3158 κληρικδς
1079 3088 1167 3156 εἴη
1197 3087 1226 3138 ὁ
1250 3087 1424 3137 ταῦτα
1457 3084 1647 3148 ποιῶν,
1680 3082 1776 3134 τοῦ

200 3185 462 3251 συλλόγου
495 3183 606 3236 τῶν
633 3184 914 3252 κληρικῶν
951 3183 1286 3239 ἐκπεσεῖται,
1317 3179 1365 3230 εί
1395 3177 1451 3229 δὲ
1484 3177 1779 3247 στρατευό-

1885 1980 1965 2031 vel
2002 1983 2362 2048 scripserant,
2391 1982 2563 2049 puniti
2589 1992 2740 2036 sunt.
2772 1981 2936 2036 Recte
2963 1994 3143 2038 autem
3180 1987 3452 2054 adjecmm

1881 2082 1966 2124 est
2015 2072 2167 2136 illud,
2219 2073 2450 2140 publice.
2503 2074 2557 2126 Si
2610 2077 2732 2142 quis
2786 2079 2931 2128 enim
2996 2079 3305 2146 intelligens
3343 2082 3453 2148 pri-

1882 2167 2050 2218 vatim
2088 2166 2157 2220 de
2191 2168 2373 2236 aliqua
2430 2169 2635 2221 decreti
2691 2171 2941 2232 materia,
3003 2172 3084 2224 Vel
3139 2171 3207 2224 de
3251 2173 3352 2225 alia
3385 2173 3450 2225 ad

1883 2259 2076 2310 anima:
2134 2258 2422 2310 utilitatem
2483 2262 2788 2325 pertinente
2828 2274 3014 2318 causa.
3060 2261 3449 2330 interrogetur,

1883 2363 1990 2399 non
2019 2349 2394 2413 prohibebitur
2428 2350 2477 2401 id
2522 2353 2665 2417 quod
2700 2352 2802 2402 sibi
2857 2353 3069 2404 videtur
3101 2356 3450 2421 respondere.

1881 2443 1916 2494 4
1956 2443 2099 2494 enim
2125 2457 2250 2510 cap.
2285 2442 2308 2495 1
2379 2445 2461 2496 ιιι.
2501 2442 2664 2514 234
2696 2445 2853 2512 primi
2891 2444 2986 2498 lib.
3033 2445 3248 2499 Basilio.
3297 2447 3450 2507 dicit,

1882 2534 2054 2588 Nemo
2103 2539 2182 2589 vel
2242 2537 2497 2599 clericus,
2547 2537 2626 2588 vel
2688 2539 2990 2590 monachus
3053 2540 3316 2601 militans,
3369 2540 3450 2592 vel

1883 2629 2199 2696 quicunque
2252 2629 2297 2682 is
2330 2629 2401 2680 sit
2437 2629 2576 2681 alius
2632 2643 2832 2697 cogens
2878 2631 3303 2695 multitudinem,
3352 2647 3452 2698 pu-

1883 2720 2021 2772 blice
2060 2719 2125 2772 de
2156 2721 2259 2773 title
2291 2721 2547 2772 dissi-rut.
2584 2720 2813 2774 Videtur
2859 2723 3006 2774 enim
3061 2723 3316 2788 injuriam
3375 2724 3452 2774 fa-

1880 2828 2003 2864 cere
2057 2811 2382 2866 Chalcedon.
2436 2830 2555 2882 syn.
2599 2831 2718 2881 quzo
2779 2818 2963 2866 omnia
3025 2823 3146 2879 apte
3197 2815 3446 2877 deliniit;

1881 2921 2002 2971 quan
2029 2907 2188 2956 etiam
2223 2905 2315 2957 dat
2369 2905 2622 2957 omnibus
2679 2906 2949 2958 haereticis
3013 2915 3198 2959 nostra
3249 2921 3452 2973 cogno-

1880 2997 2104 3048 scenda.
2161 2995 2430 3060 Quocirca
2486 3011 2528 3048 St
2596 2997 2641 3050 is
2706 2996 2950 3065 quidem,
2992 2998 3084 3065 qui
3143 2998 3256 3049 haec
3302 2997 3451 3060 facit,

1881 3087 2044 3142 fuerit
2079 3091 2333 3150 clericus,
2363 3107 2389 3140 ιι
2415 3089 2741 3142 clericorum
2778 3102 3048 3142 conventu
3084 3090 3300 3143 excidet
3347 3107 3360 3143 :
3405 3091 3454 3143 si

1879 3191 2060 3235 autem
2098 3183 2274 3247 miles,
2312 3200 2339 3234 ιι
2379 3181 2595 3235 militia.
2651 3182 2865 3251 Reliqui
2903 3192 3108 3245 autem,
3159 3191 3323 3252 prout
3358 3198 3455 3236 cu-

204 3245 391 3344 ttsvo;,
432 3275 530 3343 τῆς
577 3245 888 3344 στρατείας.
924 3275 988 3327 Οί
1030 3273 1086 3326 δὲ
1117 3271 1291 3324 λοιποὶ
1321 3270 1462 3324 κατὰ
1496 3245 1596 3341 τήν
1641 3271 1774 3323 ίδίαν
1800 3245 1845 3308 C
1876 3332 1878 3342 γ

1253 3271 1291 3323 »ι
1321 3270 1462 3324 κατὰ
1496 3245 1596 3341 τήν
1641 3271 1774 3323 ἰδίαν
1800 3245 1845 3308 C
1876 3275 2077 3344 jusque
2112 3245 2274 3330 fuerit
2302 3277 2564 3340 conditio,
2611 3245 2927 3347 punientur.

200 3369 374 3439 τύχην
397 3367 872 3438 τιμωρείσθωσαν.

275 3481 523 3536 ΖΩΝΑΡ.
555 3482 825 3543 Ἕκαστος
873 3481 931 3532 ἐν
1054 3477 1260 3548 ἐκλήθη
1295 3477 1467 3542 τάξει,
1514 3476 1573 3528 ὲν
1605 3476 1778 3548 ταύτῃ

205 3575 437 3645 μενέτω,
479 3576 644 3643 φησὶν
676 3575 707 3642 ἡ
732 3572 853 3625 Θεία
890 3573 1104 3643 Γραφή.
1139 3572 1309 3623 Τοῦτο
1339 3571 1396 3622 δὲ
1421 3569 1514 3622 καὶ
1543 3571 1571 3621 ὁ
1599 3567 1777 3621 κανὼν

200 3665 362 3729 οὗτος
397 3667 700 3734 νομοθετεῖ,
749 3666 843 3717 καὶ
892 3665 1082 3717 λαῖκὺν
1127 3663 1365 3733 δημοσίᾳ
1431 3661 1777 3730 διαλέγεσθαι

204 3763 337 3832 περὶ
359 3763 619 3824 πίστεως.
647 3760 679 3830 ἢ
708 3759 985 3812 διδάσκειν
1013 3756 1087 3819 ὡς
1113 3755 1457 3814 διδάσκαλον,
1495 3755 1555 3806 ού
1585 3753 1776 3823 βούλεο

202 3875 321 3920 ται,
349 3856 464 3910 ἀλλ’
493 3854 715 3924 ὑπέχειν
736 3853 799 3905 rb
826 3851 920 3913 οὓς
945 3851 1056 3912 τοῖς
1083 3850 1362 3919 ταχθεῖσιν
1402 3849 1482 3911 είς
1516 3848 1574 3900 rb
1596 3847 1778 3899 διδάσ-

205 3967 347 4004 κειν.
376 3948 472 4000 Ἐν
501 3948 608 4018 γάρ
627 3951 743 4000 ἐστι
767 3945 929 4014 σῶμα
953 3947 987 4012 ὴ
1026 3943 1344 4010 Ἐκκλησία,
1372 3941 1476 4016 ὑπὸ
1503 3940 1778 4008 διαφόρων

205 4041 267 4093 δὲ
301 4036 720 4109 συμπληροῦται
741 4035 943 4106 μελῶν,
969 4033 1110 4087 κατά
1133 4033 1223 4085 rbv
1251 4032 1396 4084 θεῖον
1437 4029 1776 4083 ’Λπόστολον.

208 4127 346 4188 Εἶτα
379 4128 472 4183 τοῦ
505 4129 770 4196 Θεολόγου
815 4130 1014 4194 ἐπάγει
1066 4123 1230 4195 ῥητά,
1269 4121 1676 4195 ἐρμηνεύοντος
1708 4120 1778 4174 τὰ

202 4226 544 4281 ἁποστολικὰ
575 4227 819 4296 ῥήματα,
865 4221 959 4274 καὶ
987 4219 1326 4290 προσεπάγει
1361 4217 1426 4269 τὰ
1451 4216 1552 4286 τῆς
1580 4215 1779 4284 Σοφίας

202 4321 476 4389 λεγούσης
497 4337 512 4350 ο
546 4317 638 4389 Μὴ
675 4316 786 4371 ἴσθι
826 4314 998 4383 ταχὺς
1028 4313 1087 4364 ἐν
1116 4310 1320 4380 λόγοις,
1362 4309 1457 4362 καὶ
1488 4309 1558 4361 τὰ
1588 4306 1776 4361 λοιπά.

203 4412 348 4475 Τοὺς
375 4410 430 4464 δὲ
461 4397 900 4482 παραϐαίνοντας
922 4405 1012 4458 τὸν
1045 4403 1268 4466 κανόνα,
1296 4402 1388 4456 ἐπὶ
1417 4400 1630 4473 ἡμέρας
1651 4417 1777 4453 τεσ-

206 4503 524 4573 σαράκοντα
557 4501 832 4570 ἀφορίζει.
877 4497 1002 4568 Ἰδίᾳ
1059 4495 1117 4548 δέ
1165 4512 1249 4555 τις
1283 4493 1660 4564 ἐρωτώμενος,
1714 4492 1774 4545 οὐ

1949 3479 2201 3534 ZONAR.
2237 3479 2496 3534 Ordinem
2523 3481 2591 3534 ab
2622 3496 2972 3549 unoquoque,
3010 3480 3062 3532 in
3090 3497 3250 3548 quem
3288 3496 3452 3534 voca-

1882 3580 1971 3625 tus
2001 3582 2114 3636 est,
2146 3570 2513 3635 retinendum,
2572 3571 2752 3624 divino
2803 3572 3030 3624 oraculo
3067 3571 3446 3624 admonemur.

1879 3666 2020 3719 Idem
2062 3665 2151 3718 hic
2181 3680 2396 3736 quoque
2436 3679 2612 3718 canon
2664 3664 2924 3733 praecipit,
2979 3665 3289 3732 laicumque
3341 3665 3444 3716 lto-

1877 3760 2102 3822 minem,
2138 3773 2312 3825 neque
2361 3757 2573 3826 publice
2627 3758 3052 3826 disputationem
3106 3755 3170 3808 de
3207 3755 3310 3810 fide
3362 3756 3451 3808 in-

1879 3851 2127 3913 stituere,
2191 3864 2370 3918 neque
2430 3849 2658 3902 docendi
2731 3849 2834 3902 sibi
2903 3865 3101 3902 munus
3161 3865 3450 3919 usurpare,

1879 3957 2063 3996 verum
2099 3941 2300 4011 quibus
2331 3955 2394 3995 ea
2429 3941 2664 3995 docendi
2692 3955 2825 3995 cura
2873 3940 3199 3995 demandata
3239 3952 3321 4007 est
3373 3944 3448 3996 si-

1879 4035 2048 4090 lentio
2102 4041 2338 4088 attentas
2375 4048 2537 4087 aures
2571 4031 2812 4101 przebere
2855 4033 3032 4101 jubet.
3087 4033 3317 4088 Unicum
3369 4044 3452 4088 est

1877 4126 2022 4179 enim
2048 4124 2335 4193 _,Ecc|esia:
2390 4139 2614 4192 Corpus,
2669 4122 2813 4191 quod
2845 4139 2908 4176 ex
2948 4123 3134 4176 multis
3186 4124 3454 4176 membris

1877 4217 2180 4286 perﬁcitur,
2258 4225 2316 4270 ut
2370 4217 2587 4270 divinus
2645 4217 2938 4285 Apostolus
2999 4215 3178 4269 docet.
3247 4217 3453 4270 Deinde

1879 4309 2136 4378 Theologi
2173 4307 2360 4373 verba,
2388 4308 2494 4362 hoc
2516 4309 2760 4379 Apostoli
2783 4310 2989 4362 dictum
3019 4311 3453 4378 interpretantis,

1878 4402 2169 4458 subnectit.
2204 4400 2341 4456 Tum
2372 4403 2457 4456 illa
2498 4419 2714 4470 quoque
2743 4402 3037 4472 Sapientiae
3089 4404 3333 4470 subjicit,
3372 4404 3451 4456 Ne

1880 4495 1957 4551 sis
2005 4498 2160 4550 velox
2203 4497 2256 4549 in
2291 4496 2567 4563 loquendo
2589 4497 2658 4560 ",
2710 4506 2764 4549 et
2794 4511 2916 4565 quae
2967 4509 3290 4565 sequuntur.
3345 4495 3453 4561 Qui

205 4595 585 4663 κωλυθήσεται
629 4589 1027 4662 ἀποκρίνεσθαι
1069 4589 1163 4641 καὶ
1207 4586 1482 4640 διδάσκειν
1518 4588 1611 4639 τὸν
1643 4587 1781 4654 ἐρω⁴
1815 4592 1858 4646 ι)

1777 4592 1858 4646 ·1)
1887 4603 2014 4642 vero
2071 4589 2286 4641 canoni-
2327 4603 2434 4640 non
2500 4585 3018 4654 obtemperaverint,
3093 4587 3451 4653 quadraginta

201 4687 411 4739 τῶντα.

1886 4682 2095 4733 dierum
2165 4679 2539 4748 si-gregatioue
2619 4678 2835 4730 multari
2916 4677 3110 4746 placet.
3195 4678 3454 4728 Privatim

203 4796 387 4836 tamen
423 4783 548 4851 quis
573 4778 929 4850 interroganti
961 4766 1310 4848 réspondere,
1362 4791 1428 4832 ac
1477 4777 1771 4847 propositae
1810 4775 1879 4829 ab
1910 4792 1975 4831 eu
2013 4775 2300 4846 quaestioni
2339 4772 2588 4827 docendo
2632 4772 2977 4836 satiatae-ere,
3071 4791 3179 4826 non
3267 4773 3456 4842 prohi-

203 4881 441 4933 bebttut‘.

205 4992 432 5047 ΑΡΙΣΤ.
491 5009 512 5042 ι
559 4989 759 5052 Λαῖκὸς
821 4988 900 5059 μὴ
954 4986 1233 5039 διδάσκοιο
1289 4986 1363 5056 μὴ
1415 4988 1524 5056 γὰρ
1581 4987 1782 5048 πάντες

433 5105 452 5137 ι
501 5084 801 5153 προφῆται,
849 5082 924 5152 μὴ
953 5081 1152 5144 πάντες
1188 5079 1502 5134 ἀπόστολοι.
1547 5097 1565 5130 ι

283 5205 552 5264 Ἕκαστος
585 5199 793 5269 ὀφείλει
820 5200 921 5270 τὴν
979 5196 1176 5250 ἑαυτοῦ
1222 5195 1376 5260 τάξιν
1409 5196 1635 5256 εἰδέναι,
1686 5196 1778 5248 καὶ

211 5296 293 5368 μὴ
323 5295 554 5364 ποιμένα
589 5293 783 5344 ἑαυτὸν
811 5291 1010 5353 ποιεῖν,
1035 5289 1307 5358 πρόϐατον
1340 5285 1434 5351 ὢν,
1471 5287 1505 5358 ἢ
1537 5286 1780 5356 κεφαλὴν

208 5386 477 5456 καθιστᾷν
511 5383 647 5446 ποῦς
692 5383 975 5451 τυγχάνων
1002 5397 1016 5412 ο
1051 5379 1164 5432 ἀλλ’
1198 5379 1454 5432 ὑπείκειν
1494 5381 1559 5448 τῇ
1593 5395 1773 5442 παρα-

203 5480 431 5551 δοθείσῃ
457 5476 611 5547 παρὰ
651 5477 746 5528 τοῦ
786 5473 995 5546 Κυρίου
1025 5473 1200 5539 τάξει,
1233 5472 1328 5524 καὶ
1357 5474 1415 5523 τὸ
1445 5467 1538 5533 οὖς
1575 5471 1774 5522 διανοί-

205 5590 329 5641 γειν
361 5574 470 5633 τοῖς
507 5570 608 5640 τὴν
638 5568 800 5640 χάριν
845 5566 939 5620 τοῦ
966 5565 1356 5619 διδασκαλικοῦ
1395 5565 1555 5632 λόγου
1585 5562 1779 5616 λαϐού-

214 5684 326 5722 σιν.
353 5665 429 5718 Οὐ
455 5664 564 5735 γάρ
594 5665 800 5725 πάντες
828 5663 1128 5732 προφῆται,
1160 5659 1281 5712 οὐδὲ
1309 5659 1511 5721 πάντες
1538 5658 1772 5710 ἀπόστο-

285 5878 330 5911 ³⁵
362 5877 516 5932 Joan.
546 5891 658 5940 xiv,
696 5872 787 5928 '28.
863 5872 908 5905 "
935 5870 1112 5929 Eccle.
1145 5883 1241 5932 vti,
1277 5865 1367 5920 10.

1881 4981 2110 5037 ARIST.
2143 4999 2161 5033 ι
2204 4977 2403 5034 Laicus
2457 4994 2526 5032 ne
2579 4977 2772 5032 doceat
2831 4993 2844 5028 :
2907 4990 3014 5027 non
3061 4973 3203 5026 enim
3263 4987 3456 5026 on-ncs

2101 5095 2118 5125 ι
2166 5074 2479 5144 prOphetaa;
2538 5087 2645 5124 non
2686 5084 2878 5124 omnes
2916 5067 3172 5136 apostoli.
3213 5084 3235 5116 ι

1952 5191 2341 5261 Unusquisque
2381 5189 2540 5243 debet
2590 5203 2749 5242 suum
2797 5201 3128 5254 cognoscere
3176 5186 3452 5251 ordinem,

1883 5298 1936 5345 et
1970 5305 2076 5342 non
2109 5303 2167 5342 se
2199 5297 2468 5355 pastorem
2501 5283 2701 5347 facere,
2734 5297 2854 5336 cum
2886 5281 2957 5335 sit
2984 5279 3123 5339 ovis,
3159 5278 3242 5331 vel
3283 5291 3449 5348 caput

1882 5397 1940 5435 se
1973 5378 2208 5440 etfacere,
2239 5390 2360 5430 cum
2391 5373 2460 5430 sit
2498 5389 2591 5443 pes
2627 5391 2642 5425 :
2678 5373 2772 5428 sed
2805 5374 2998 5426 ordine
3025 5388 3055 5427 a
3087 5372 3316 5427 Domino
3343 5379 3452 5424 tra—

1886 5474 2000 5526 dito
2024 5476 2342 5526 contentum
2374 5481 2520 5531 esse,
2550 5473 2606 5520 et
2636 5481 2822 5519 aurem
2872 5465 2936 5519 iis
2963 5465 3176 5535 aperire
3220 5464 3314 5533 qui
3347 5465 3442 5516 do-

1885 5563 2041 5619 cendi
2070 5563 2299 5633 gratiam
2346 5567 2703 5629 acceperunt.
2733 5556 2939 5612 Omnes
2969 5558 3115 5611 enim
3164 5571 3270 5610 non
3320 5565 3449 5609 sunt

1889 5657 2186 5729 prophetae,
2241 5667 2343 5709 nec
2386 5667 2578 5708 omnes
2635 5651 2888 5722 apostoli.
2950 5649 3292 5719 Quapropter
3321 5648 3448 5702 laici
