4240 6442
197 361 294 422 HI
1220 361 1296 420 ΙΝ
1339 362 1503 420 CAN.

1575 361 1719 418 LXV
1758 359 1970 417 CONC.
2019 358 2089 414 IN
2131 355 2458 414 TRULID.

3336 353 3444 411 ita

193 482 223 543 ἦ
286 478 539 546 πτήσεως
592 474 821 540 οἰωνῶν,
880 476 1162 530 τουτέστιν
1218 478 1427 544 ἀγρίων
1479 473 1777 542 πτερωτῶν
1807 484 1849 535 Α

1763 484 1849 535 »Α
1878 472 2090 539 gnitio,
2134 471 2276 524 unde
2328 482 2381 522 et
2435 469 2686 537 auspices
2720 482 2815 518 seu
2869 468 3049 518 avium
3098 465 3437 534 inspectores

192 571 373 634 ζώων,
401 569 532 638 περὶ
557 561 630 621 ῶν
659 569 899 639 αἱρεῖται
924 586 1007 631 τις
1041 568 1279 637 μάθησις
1305 583 1319 595 ·
1357 567 1416 632 ἐξ
1441 564 1502 620 οὒ
1528 567 1622 620 καὶ
1645 569 1771 619 οἰω-

190 661 455 712 νοσκύποι
490 659 762 725 λέγονται.
804 661 1270 730 Ἐγγαστρίμυθοι
1312 661 1366 713 δὲ
1402 663 1495 713 καὶ
1524 661 1768 727 γνῶσται

189 755 447 819 λέγονται
511 753 713 814 πάντες
756 753 803 804 οἱ
866 753 1174 814 σατανικῶς
1227 753 1637 814 ἐνθουσιῶντες,
1676 753 1770 804 καὶ

195 843 553 911 προλέγοντες
597 841 760 909 δῆθεν
786 841 851 893 τὰ
892 841 1182 908 ἀγνωστα’
1215 841 1288 904 ῶς
1325 842 1375 892 οῑ
1423 843 1686 910 κριτρίαι,
1721 841 1769 892 οἱ

193 937 508 1002 άθίγγανοι,
549 933 1099 1002 οἱψευδοπροφῆται,
1130 935 1418 1004 ἐρημίται,
1448 935 1539 986 καὶ
1570 935 1767 1002 ἕτεροι.

193 1027 386 1079 Ταῦτα
424 1025 518 1078 τοῦ
552 1028 772 1088 κανόνος
813 1026 1212 1095 διοριζομένου,
1239 1029 1273 1096 ἡ
1309 1027 1408 1093 μὲν
1444 1028 1539 1096 τῆς
1570 1044 1772 1092 νουμη-

192 1123 314 1184 νΐας
342 1122 507 1191 ἑορτὴ
540 1122 643 1188 πρὸ
663 1121 1092 1191 ἀμνημονεύτων
1126 1123 1332 1192 χρόνων
1355 1123 1637 1190 ὲσχόλασε,
1677 1122 1771 1173 καὶ

192 1215 315 1266 ἀντὶ
345 1217 550 1282 ταύτης
578 1214 716 1266 Θεοῦ
747 1216 928 1283 χάριτι
961 1214 1263 1284 ἱλαστήριοι
1294 1215 1451 1283 εὐχαὶ
1476 1215 1610 1283 πρὸς
1639 1214 1771 1266 Θεὸν

193 1308 292 1357 καὶ
323 1307 592 1375 ἀγιασμοὶ
620 1307 706 1359 ἐπ’
756 1309 1058 1376 ἐκκλησίας
1086 1308 1235 1374 παρά
1267 1306 1362 1357 τοῦ
1397 1306 1592 1358 πιστοῦ
1640 1305 1770 1358 λαοῦ

192 1397 438 1462 γίνονται
472 1396 597 1447 καθ’
627 1396 866 1466 ἑκάστην
894 1394 1254 1465 ἀρχιμηνίαν,
1285 1395 1379 1445 καὶ
1407 1394 1596 1444 ὕδασιν
1619 1393 1772 1443 εὐλο-

192 1488 345 1554 γίας,
367 1489 466 1539 οὐκ
490 1488 798 1554 ἀντιλογίας
816 1528 831 1552 ,
864 1487 1151 1556 χριόμεθα.
1184 1485 1247 1537 'H
1281 1486 1334 1537 δὲ
1351 1485 1457 1537 τῶν
1489 1484 1772 1552 πυρκαῗῶο

193 1579 558 1647 δαιμονιώδης
593 1579 784 1646 τελετὴ
825 1579 917 1630 καὶ
946 1580 1000 1629 αἱ
1045 1576 1299 1646 κληδόνες
1333 1577 1572 1640 ἐγίνοντο
1607 1577 1770 1643 μέχρι

193 1671 298 1739 τῆς
354 1669 657 1740 ἐφημερίας
711 1669 809 1742 τοῦ
850 1669 1159 1735 ἀγιωτάτου
1203 1669 1544 1737 πατριάρχου
1602 1666 1771 1736 κυροῦ

193 1760 416 1829 Μιχαὴλ
452 1760 546 1811 τοῦ
594 1749 881 1826 γεγονῦτος
944 1760 1153 1812 ὑπάτου
1207 1760 1313 1810 τῶν
1349 1759 1658 1825 φιλοσόφων
1689 1761 1770 1819 εἰς

195 1857 404 1923 ταύτην
446 1855 586 1916 τέως
613 1854 712 1922 τὴν
755 1855 864 1907 τῶν
903 1856 1113 1907 πόλεων
1146 1853 1535 1922 βασιλεύουσαν
1571 1851 1765 1911 οὓτως.

196 1948 354 2000 Κατά
403 1946 500 2016 τὴν
547 1946 790 2016 ἑσπέραν
848 1947 945 2014 τῆς
1002 1953 1089 2012 κγ’

195 2039 511 2106 ἠθροίζοντο
538 2040 596 2090 ὲν
618 2041 736 2100 ταῖς
765 2039 996 2107 ρηγμῖσι
1021 2037 1115 2088 καὶ
1146 2036 1202 2088 ἕν
1225 2054 1366 2088 τισιν
1393 2037 1563 2090 οἴκοις
1583 2035 1772 2104 ἄνδρες

198 2131 295 2180 καὶ
327 2131 611 2196 γυναῖκες,
645 2128 740 2181 καὶ
787 2127 1135 2196 πρωτότοκον
1173 2127 1431 2193 κοράσιον
1485 2127 1771 2195 νυμφικῶς

197 2217 500 2281 ἐστόλιζον.
531 2219 686 2270 Μετά
716 2216 847 2285 γοῦν
872 2216 933 2268 τὸ
958 2217 1338 2284 συμποσιάσαι
1372 2216 1464 2266 καὶ
1501 2214 1774 2285 βακχικώ-

197 2327 364 2378 τερον
395 2308 758 2379 ὀρχήσασθαι,
780 2308 876 2360 καὶ
911 2308 1171 2378 χορεῦσαι
1207 2312 1302 2359 καὶ
1334 2308 1622 2373 ἀλαλάξαι,
1653 2307 1778 2358 ἐϐα-

198 2401 296 2453 λον
335 2402 391 2451 ἐν
423 2401 633 2467 ἀγγείῳ
663 2400 916 2468 συστόμῳ
942 2397 1128 2467 χαλκῷ
1165 2397 1452 2450 θαλάττιον
1487 2393 1653 2466 ὕδωρ,
1685 2398 1777 2449 καὶ

1183 1944 1276 1996 τοῦ
1322 1944 1540 1996 Ἰουνίου
1607 1946 1772 2014 μηνὶς

198 2493 317 2561 εἴδη
351 2491 471 2544 τινά
506 2492 721 2560 ἑκάστῳ
750 2491 955 2543 τούτων
984 2492 1256 2556 ἀνήκοντα
1283 2506 1296 2518 ·
1327 2492 1419 2541 καὶ
1464 2489 1653 2559 ῶσπερ
1680 2491 1775 2558 τῆς

200 2585 394 2646 παιδὸς
429 2584 644 2651 ἐκείνης
686 2583 956 2653 λαϐούσης
991 2582 1146 2651 ἰσχὺν
1173 2582 1235 2633 ὲκ
1265 2582 1356 2634 τοῦ
1394 2583 1608 2634 Σατανᾶ
1643 2598 1776 2652 προ-

204 2675 434 2743 μηνύειν
459 2675 530 2728 τὰ
553 2674 907 2744 ἐρωτώμενα,
941 2675 1096 2726 αὐτοὶ
1129 2673 1228 2742 μὲν
1261 2675 1391 2742 περὶ
1437 2672 1589 2724 τοῦδέ
1632 2690 1777 2732 τινος

202 2768 418 2838 ἀγαθοῦ
447 2771 480 2838 ἦ
517 2769 610 2820 καὶ
646 2767 1021 2838 ἀποτροπαίου
1058 2767 1295 2818 ἀνεϐόων
1322 2766 1774 2836 ἐρωτηματικῶς.

200 2864 276 2915 Τὸ
306 2863 364 2915 δὲ
391 2861 671 2930 κοράσιον,
701 2859 810 2912 ἀπὸ
840 2860 950 2911 τῶν
982 2863 1039 2912 ἐν
1064 2859 1140 2927 τῷ
1162 2860 1368 2928 ἀγγείῳ
1399 2858 1778 2926 ἐμϐληθέντων

199 2953 363 3005 εἰδῶν
400 2952 460 3003 τὸ
493 2949 809 3020 παρατυχὺν
843 2949 1156 3017 ἐξαγαγὼν,
1193 2950 1548 3001 ὑπεδείκνυεν
1572 2966 1584 2978 ·
1622 2949 1649 3000 ὃ
1684 2951 1778 3001 καὶ

198 3043 500 3114 λαμϐάνων
524 3045 550 3095 ὁ
580 3043 811 3112 ἀνόητος
827 3043 1016 3095 τούτου
1038 3043 1327 3110 δεσπότης,
1354 3043 1781 3112 ἑπληροφορεῐτο

1873 579 2216 632 auguresque
2251 562 2528 615 dicuntur.
2558 559 2890 625 Ventriloqui
2923 567 3101 609 autem
3127 561 3440 624 aruspices-

1871 671 1975 726 que
2035 656 2294 708 dicuntur
2354 670 2568 715 omnes,
2629 655 2720 722 qui
2787 652 3041 704 Satanica
3118 652 3436 702 imitatione

1872 750 2059 812 aﬂlati,
2107 749 2300 801 dicunt
2357 764 2418 801 ea
2459 763 2579 816 qua:
2617 747 2865 814 Cognosci
2928 760 3033 798 non
3083 753 3333 811 possunt,
3382 754 3438 793 ιιι

1872 841 2092 902 critriae,
2140 840 2447 906 athingard,
2510 838 3034 907 pseudoprophetm,
3093 838 3332 888 eremiue
3385 844 3440 886 et

1873 930 1984 982 alii.
2025 929 2145 982 llaec
2180 941 2454 984 statuente
2496 945 2730 993 canone,
2773 929 3042 981 Norilunii
3085 928 3302 994 quidem
3365 926 3438 978 fe-

1873 1032 2016 1074 stum
2053 1034 2178 1075 ante
2232 1038 2404 1074 annos
2463 1039 2677 1075 omnem
2751 1021 3065 1074 memoriam
3118 1027 3439 1085 superantes

1873 1116 2129 1175 cessavit,
2160 1123 2214 1167 et
2245 1115 2362 1184 ejus
2391 1115 2510 1166 loco
2549 1114 2642 1166 Dei
2677 1116 2846 1182 gratia
2881 1114 3270 1182 pl'opitiatorizl‘.
3320 1126 3442 1177 pre-

1873 1220 1965 1257 ces
1995 1206 2056 1258 ad
2088 1205 2254 1258 Deum
2293 1222 2355 1258 ac
2385 1206 2850 1259 Sanctificationes
2875 1207 2927 1257 in
2956 1204 3197 1259 Ecclesia
3236 1225 3262 1257 ιι
3296 1208 3436 1260 ιῑιΙθΙί

1873 1299 2074 1368 populo
2110 1299 2267 1364 fiunt,
2313 1299 2366 1350 in
2418 1300 2854 1366 uniuscujusque
2896 1300 3104 1350 mensis
3149 1300 3441 1366 principio,

1873 1401 1925 1445 et
1955 1408 2092 1460 aqua
2131 1392 2552 1454 benedictionis,
2607 1407 2714 1444 non
2763 1391 3244 1455 contradictiouis,
3282 1394 3428 1445 inun-

1873 1487 2069 1554 gimur.
2103 1485 2380 1548 Rogoruln
2435 1495 2615 1537 autem
2668 1485 3063 1536 dzrmoniaeuni
3122 1485 3438 1551 mysterium

1875 1585 2162 1643 sortesque
2224 1575 2443 1636 ﬁebant,
2505 1590 2676 1643 usque
2724 1576 2788 1626 ad
2847 1586 3059 1641 tempus
3116 1574 3440 1625 Saltcllssilni

1874 1669 2199 1736 patriarcha:
2239 1668 2446 1720 domini
2501 1667 2802 1727 Michaelis,
2839 1668 2929 1733 qui
2960 1666 3058 1717 fuit
3091 1664 3442 1730 philoso;ihu-

1877 1775 1992 1812 rum
2030 1762 2280 1828 princeps
2305 1759 2358 1810 in
2389 1761 2490 1810 hac
2525 1760 2736 1810 urbium
2791 1759 2999 1824 regina.
3049 1755 3161 1807 lloe
3191 1758 3347 1805 uiudo
3376 1755 3445 1806 9.3

1878 1854 2080 1905 mensis
2119 1851 2264 1905 Junii
2313 1854 2539 1918 vespere
2593 1856 2927 1919 cogebantur
2981 1850 3036 1902 in
3080 1850 3352 1900 littoribus
3393 1857 3440 1898 et

1877 1944 2204 2013 quibusdam
2234 1944 2445 1998 :cdibus
2487 1945 2587 1995 viri
2627 1955 2676 1996 et
2709 1944 2989 2000 mulieres,
3026 1955 3077 1994 et
3112 1941 3443 2009 primogeni-

1879 2046 1985 2088 taln
2027 2037 2260 2105 puellam
2319 2038 2495 2088 instar
2539 2050 2755 2103 sponsa:
2807 2034 3099 2086 ornabant.
3150 2032 3442 2100 Postquam

1875 2145 2006 2197 ergo
2063 2129 2332 2181 cunvivati
2390 2137 2596 2191 essent,
2656 2139 2704 2180 et
2767 2128 3130 2179 bacchantum
3189 2127 3294 2178 ritu
3339 2125 3447 2177 sal-

1877 2228 2085 2272 lassent
2111 2228 2165 2272 et
2206 2219 2437 2272 choreas
2464 2219 2776 2278 duxissent,
2817 2218 2870 2269 in
2909 2217 3177 2284 festisque
3210 2232 3443 2270 consue—

1878 2320 1961 2364 tas
2017 2310 2448 2364 eXcIamationcs
2496 2317 2878 2378 usurpassent,
2934 2309 2987 2361 in
3025 2324 3121 2360 vas
3157 2308 3270 2361 oris
3315 2321 3451 2360 cou-

1880 2403 2158 2454 tractioris
2219 2402 2484 2454 marinam
2544 2416 2740 2469 aquam
2826 2394 3185 2468 injiciebant,
3238 2407 3292 2452 et
3357 2415 3448 2452 res

1860 2495 2142 2565 .quasdaui
2170 2495 2236 2547 ad
2308 2508 2754 2563 unumquemque
2814 2506 3004 2546 eorum
3069 2492 3444 2560 pertinentes:

1878 2595 1934 2640 et
1964 2597 2217 2654 tanquam
2268 2587 2442 2652 puella
2474 2587 2562 2636 illa
2595 2600 2622 2636 a
2673 2584 2874 2637 Satana
2927 2583 3237 2636 facultatem
3293 2597 3451 2636 acce-

1883 2681 2053 2747 pisset
2109 2678 2290 2730 futura
2347 2678 2692 2746 praedicendi,
2752 2677 2855 2744 ipsi
2907 2677 3126 2744 quidem
3173 2678 3240 2728 de.
3305 2676 3448 2728 bono

1881 2773 2084 2839 aliquo,
2121 2771 2202 2822 vel
2242 2771 2404 2823 etiam
2444 2769 2749 2823 aversando
2783 2784 2844 2820 ac
2878 2768 3138 2838 fugiendo
3164 2769 3446 2836 quopiam,

1883 2863 2270 2932 interrogando
2305 2861 2708 2914 exclamabant.
2742 2859 2926 2913 Puella
2968 2871 3148 2914 autem
3189 2876 3250 2912 ex
3285 2860 3454 2913 rebus

1883 2955 1934 3008 in
1991 2971 2086 3008 vas
2157 2954 2374 3023 injectis
2445 2970 2589 3017 eain,
2662 2968 2783 3021 quae
2839 2953 3142 3013 incidisset,
3194 2952 3448 3005 eductam

1884 3049 2239 3111 ostendebat;
2296 3062 2457 3116 quam
2514 3047 2678 3100 etiam
2734 3046 3007 3113 accipiens
3070 3046 3273 3099 stultus
3331 3046 3451 3115 ejus

199 3137 345 3205 τάχα
377 3136 440 3187 τά
468 3136 554 3186 ἐπ’
591 3134 742 3202 αὐτῷ
777 3134 1110 3204 συνεχθῆναι
1153 3135 1442 3204 μέλλοντα,
1480 3135 1681 3202 εὐτυχῆ
1721 3150 1778 3184 τε
1811 3168 1853 3224 C

1811 3168 1853 3224 ο
1887 3141 2161 3204 dominus,
2217 3141 2416 3195 certior
2463 3136 2647 3192 forsan
2704 3137 2862 3190 ﬁebat
2915 3136 2982 3192 de
3043 3138 3319 3206 prosperis
3371 3138 3453 3190 vel

201 3230 304 3280 καὶ
345 3227 607 3295 δυστυχῆ.
647 3225 724 3295 Τῇ
774 3224 1039 3294 ἐπαύριον
1078 3224 1132 3276 δὲ
1180 3225 1320 3294 μετά
1353 3226 1648 3293 τυμπάνων
1690 3243 1782 3277 και

201 3319 386 3390 χορῶν
423 3320 519 3371 σὺν
544 3319 621 3388 τῷ
658 3319 900 3386 κορασίῳ
937 3321 1016 3380 εἰς
1056 3320 1180 3380 τοὺς
1217 3318 1500 3384 αἰγιαλοὺς
1531 3321 1781 3387 ἀπερχο-

208 3426 386 3478 μενοι,
417 3409 511 3460 καὶ
540 3407 681 3476 ὓδωρ
711 3407 999 3460 θαλάττιον
1053 3408 1302 3474 ἀφθόνως
1328 3408 1784 3477 ἀναλαμϐάνομε-

208 3518 316 3563 νοι,
363 3503 458 3551 τά;
493 3502 782 3562 κατοικίας
832 3501 1012 3553 αὐτῶν
1043 3500 1334 3570 ἔρραινον·
1373 3503 1464 3550 καὶ
1512 3501 1573 3551 οὐ
1623 3504 1783 3570 μόνον

207 3595 388 3646 ταῦτα
443 3593 728 3646 ἐτελοῦντο
762 3595 912 3666 παρὰ
961 3593 1071 3644 τῶν
1118 3595 1590 3662 εὐσυνετωτέρων,
1650 3594 1785 3646 ἀλλὰ

204 3691 304 3739 καὶ
328 3689 396 3741 δι’
423 3688 552 3758 ὅλης
583 3689 680 3755 τῆς
713 3689 910 3750 νυκτὸς
945 3689 1055 3740 ἀπὸ
1099 3688 1295 3756 χόρτου
1333 3689 1609 3759 πυρκαϊὰς
1657 3690 1786 3741 ἀνά-

205 3794 463 3840 πτοντες,
499 3779 716 3847 ἐπήδων
745 3780 1001 3847 ὑπεράνω
1024 3777 1227 3842 αὐτῶν,
1257 3778 1351 3828 καὶ
1379 3777 1786 3847 ὲκλῃδονίζοντο

205 3872 330 3939 ἦτοι
365 3871 728 3940 ἐμαντεύοντο
764 3871 892 3940 περὶ
941 3872 1198 3938 εὐτυχίας
1235 3871 1329 3922 καὶ
1371 3869 1665 3937 δυστυχίας
1690 3873 1786 3922 καὶ

205 3960 401 4014 ἄλλων·
433 3958 596 4010 τινῶν
646 3959 1041 4028 δαιμονιωδῶς.
1075 3959 1187 4020 Τάς
1220 3958 1276 4010 δὲ
1329 3959 1480 4010 ἔνθεν
1524 3959 1782 4010 κάκεῖθεν

207 4054 453 4113 εἰσόδους
484 4053 662 4104 αὐτῶν
723 4053 818 4104 καὶ
873 4052 935 4103 τὸ
982 4051 1255 4120 δωμάτιον
1304 4053 1364 4104 ὲν
1489 4054 1786 4121 ἐτελεῖτοὴ

209 4147 424 4219 κλῃδὼν
471 4147 567 4197 σὺν
607 4149 718 4210 τοῖς
755 4146 1189 4212 παρακειμένοις
1240 4143 1552 4213 ὑπαίθροις.
1601 4145 1790 4214 χρυσί-

210 4243 368 4304 ζουσι
419 4240 645 4300 πέπλοις
685 4239 782 4290 καὶ
817 4239 1066 4306 σηρικοῖς
1103 4237 1481 4305 κατεκόσμουν
1533 4238 1788 4307 ὑφάσμα-

209 4349 319 4388 σιν.
371 4330 532 4382 Ἀλλά
594 4331 701 4398 μὴν
732 4329 827 4379 καὶ
885 4328 1117 4395 φυλλάσι
1171 4326 1406 4395 δένδρων
1447 4331 1786 4396 κατεστεφα-

206 4441 360 4489 νουν,
393 4425 469 4483 εἰς
498 4422 663 4491 τιμήν
697 4422 793 4471 καὶ
829 4420 1119 4488 ὑποδοχὴν,
1145 4419 1220 4480 ὡς
1245 4419 1415 4481 ἔοικε,
1448 4419 1543 4470 τοῦ
1570 4423 1783 4473 οίκειωσ⁸

209 4515 454 4582 σαμένου
482 4513 669 4575 αὐτοῖς
697 4513 942 4564 Σατανᾶ·
981 4510 1016 4563 ἃ.
1046 4511 1108 4580 δὴ
1136 4512 1314 4563 πάντα
1345 4514 1372 4563 ὁ
1407 4512 1591 4582 ῥηθεὶς
1621 4512 1788 4579 ἁγιώ-
1817 4507 1867 4569 Ῑ)
1894 4529 2164 4579 θαρρείτω,

205 4624 373 4669 τατος
411 4609 761 4676 πατριάρχης
800 4605 937 4674 μετά
968 4605 1147 4673 πάσης
1203 4605 1523 4673 ἐπιμελείας
1577 4623 1787 4675 καταρ-

206 4702 450 4772 γηθῆναι
502 4699 803 4770 ἐπέτρεψεν
828 4714 840 4725 ·
873 4697 900 4749 ὂ
951 4700 1045 4750 καὶ
1085 4697 1300 4765 γέγονε.
1342 4698 1452 4748 Καὶ
1508 4697 1604 4749 νῦν
1640 4697 1788 4748 εὐδο-

208 4794 436 4855 κοῦντος
479 4792 613 4846 Θεοῦ
650 4794 716 4845 τά
754 4790 986 4844 τοιαῦτα
1026 4788 1296 4858 θεοστυγῆ
1343 4789 1482 4859 ἔργα
1506 4790 1788 4851 παντελῶς

207 4887 577 4954 ἠπράκτησαν
600 4901 615 4914 ⁸
651 4885 726 4947 ῶς
768 4884 879 4935 τῶν
901 4886 958 4935 ἐν
987 4886 1106 4946 ταῖς
1137 4881 1433 4951 γειτονίαις
1460 4881 1630 4932 ὅντων
1659 4897 1785 4949 προ-

208 4979 566 5048 κριτωτέρων
622 4979 720 5031 καὶ
753 4977 865 5029 τῶν
915 4975 1110 5045 ἱερέων
1151 4973 1594 5043 ἐπιτιμηθέντων
1654 4990 1790 5025 παν-

207 5073 375 5133 τοίως
421 5071 734 5141 φροντίζειν
764 5071 862 5123 καὶ
911 5070 986 5139 μὴ
1023 5069 1378 5138 παραχωρεῖν
1435 5065 1678 5119 τοιοῦτόν
1736 5082 1788 5116 τι

208 5166 483 5234 γίνεσθαι.
521 5165 731 5216 Γένοιτο
777 5165 834 5215 δὲ
868 5164 962 5215 καὶ
995 5162 1095 5224 τὰς
1125 5160 1235 5213 ἀπὸ
1257 5159 1366 5212 τῶν
1411 5157 1665 5227 κορωνῶν
1694 5159 1789 5208 καὶ

208 5259 322 5310 τῶν
355 5260 607 5328 κοράκων
638 5259 731 5310 καὶ
758 5256 869 5307 τῶν
908 5254 1110 5307 λοιπῶν
1142 5253 1348 5322 ἀγρίων
1398 5251 1551 5314 ζώων
1606 5251 1790 5302 οίωνο-

213 5351 452 5413 σκοπίας
492 5348 935 5418 καταργηθῆναι,
989 5347 1248 5408 ὡσαύτως
1277 5345 1370 5396 καὶ
1397 5347 1490 5406 τάς
1520 5343 1789 5412 φλυαρίας

208 5447 324 5498 τῶν
347 5445 614 5516 κριτριῶν
642 5447 738 5496 καὶ
761 5446 867 5496 τῶν
888 5443 1090 5512 ἐτέρων
1114 5440 1451 5493 λαοπλάνων.
1478 5437 1551 5488 Τὸ
1583 5437 1785 5504 μέντοι,

211 5548 457 5614 Διήγαγε
492 5544 562 5597 τὰ
595 5543 768 5595 τέκνα
801 5541 968 5594 αὑτοῦ
1003 5542 1062 5591 ὲν
1092 5538 1247 5607 πυρὶ,
1279 5537 1306 5587 ὁ
1361 5535 1532 5605 μέγας
1580 5534 1787 5604 Κύριλο

209 5640 327 5700 λος,
359 5637 724 5707 ἐξηγούμενος
777 5636 868 5688 τὸν
920 5630 1479 5703 προφήτηνἪσαῖαν,
1511 5627 1632 5680 ἀντὶ
1694 5625 1788 5680 τοῦ

223 5731 622 5795 ὐλοκαύτωσε,
654 5731 1015 5800 ήρμήνευσεν,
1050 5727 1217 5796 ἦγουν
1243 5723 1430 5776 θυσίαν
1461 5720 1786 5792 προσήγαγε

211 5827 326 5886 τοῖς
360 5824 632 5894 δαίμοσιν.

1888 3236 2128 3287 adversis
2180 3250 2244 3287 ex
2298 3248 2364 3287 eo
2418 3232 2715 3286 eventuris.
2775 3231 3046 3285 Postridie
3087 3239 3265 3282 autem
3324 3245 3448 3283 cum

1887 3326 2159 3394 tympanis
2187 3335 2240 3377 et
2275 3325 2458 3377 choris
2494 3340 2599 3376 una
2632 3339 2753 3375 cum
2790 3322 2965 3390 puella
3005 3323 3070 3375 ad
3126 3322 3304 3374 littora
3356 3337 3452 3374 ve-

1888 3420 2122 3479 nientes,
2157 3428 2209 3470 et
2256 3433 2452 3485 aquam
2511 3417 2776 3469 marinam
2826 3416 3045 3484 copiose
3095 3416 3453 3483 accipientes,

1886 3511 2030 3564 aedes
2065 3526 2194 3564 suas
2227 3509 2589 3578 aspergebaut
2629 3524 2640 3559 :
2678 3517 2731 3559 et
2772 3523 2798 3557 a
2833 3508 2994 3575 paulo
3032 3505 3455 3574 sapientioribus

1888 3605 2000 3657 haec
2035 3620 2142 3656 non
2187 3604 2363 3657 solum
2399 3600 2625 3662 fiebant,
2656 3601 2750 3652 sed
2783 3610 2834 3653 et
2873 3615 2967 3667 per
3007 3609 3173 3652 totam
3233 3606 3450 3650 noctem

1890 3713 2050 3767 rogos
2085 3712 2146 3750 ex
2187 3696 2334 3750 freno
2367 3694 2750 3754 accendentes,
2787 3708 2949 3761 supra
3007 3708 3101 3745 eos
3153 3692 3459 3751 saliebani,

1887 3802 1934 3846 et
1982 3789 2356 3844 sortiebantur
2389 3803 2482 3842 seu
2522 3786 2840 3839 divinabam
2874 3787 2938 3840 de
2977 3785 3238 3839 felicitate
3284 3796 3333 3838 et
3375 3786 3460 3836 in-

1891 3885 2170 3945 felicitate,
2205 3889 2259 3935 et
2293 3881 2359 3934 de
2393 3879 2726 3950 quibusdam
2762 3879 2884 3931 aliis
2916 3878 3076 3946 plane
3101 3878 3451 3931 dzenioniace.

1888 3979 2092 4032 Eorum
2124 3985 2303 4028 autem
2337 3973 2463 4026 hinc
2485 3982 2537 4026 et
2558 3972 2704 4024 illinc
2729 3971 2931 4032 aditus,
2957 3982 3009 4024 et
3040 3970 3454 4030 douiunculam,

1888 4073 1944 4122 in
1981 4084 2086 4136 qua
2124 4083 2244 4120 sors
2286 4067 2374 4118 illa
2419 4065 2602 4127 fiebat,
2640 4078 2743 4116 una
2778 4079 2900 4116 cum
2945 4063 3012 4115 iis
3064 4066 3163 4115 sub
3200 4064 3288 4115 dio
3321 4063 3458 4117 locis

1890 4177 2011 4229 qua:
2055 4176 2219 4230 prope
2249 4169 2425 4220 erant,
2464 4156 2645 4209 aureis
2677 4154 2922 4208 vestibus
2971 4161 3024 4206 et
3071 4154 3296 4207 sericeis
3345 4166 3457 4207 tex-

1891 4254 2037 4306 tihus
2072 4252 2432 4305 exornabant.
2480 4248 2792 4314 Quinetiam
2849 4245 3106 4298 arborum
3184 4245 3329 4299 foliis
3363 4261 3459 4300 co-

1893 4347 2185 4405 ronabant,
2247 4345 2312 4395 ad
2367 4341 2771 4403 honorandum,
2807 4347 2865 4392 ut
2902 4340 3199 4394 verisimile
3251 4347 3356 4398 est.
3406 4352 3462 4391 et

1893 4438 2270 4505 excipiendqu
2334 4433 2615 4497 Satanam,
2671 4433 2762 4501 qui
2821 4433 2942 4487 illos
3003 4433 3106 4486 sibi
3161 4431 3462 4486 familiares

2246 4525 2378 4589 Qua:
2434 4524 2649 4593 quidem
2711 4525 2894 4577 omnia
2970 4525 3258 4592 prmdicuis
3333 4540 3461 4577 San-

1888 4620 2170 4672 ctissiuius
2208 4616 2516 4686 patriarcha
2560 4631 2682 4669 cum
2719 4617 2865 4668 omni
2923 4617 3202 4683 diligentia
3275 4619 3462 4684 prohi-

1889 4709 2003 4762 beri
2035 4721 2087 4762 et
2125 4710 2345 4775 penitus
2391 4708 2593 4760 aboleri
2646 4709 2894 4772 Curavit;
2945 4709 3090 4776 quod
3126 4719 3180 4760 et
3228 4708 3458 4762 factum.

1889 4801 1954 4854 Et
1982 4816 2148 4864 nunc,
2201 4809 2257 4851 ut
2296 4800 2408 4854 Deo
2456 4801 2690 4866 placuit,
2743 4799 2857 4853 haec
2900 4815 3060 4868 Opera
3122 4801 3230 4854 Deo
3284 4803 3462 4854 invisa

1888 4895 2115 4947 omnino
2155 4892 2539 4955 exoleverunt;
2600 4891 2724 4944 ideo
2757 4893 2901 4959 quod
2951 4892 3042 4960 qui
3089 4907 3253 4960 prope
3305 4893 3462 4946 habi-

1891 4987 2099 5052 tabant,
2134 4996 2187 5040 et
2219 4985 2436 5053 judices
2487 4993 2539 5038 et
2571 4985 2888 5038 sacerdotes
2924 5001 3065 5054 saepe
3103 4994 3230 5038 sunt
3278 5003 3461 5053 repre-

1891 5079 2071 5141 hensi,
2112 5087 2163 5131 et
2198 5076 2486 5140 admoniti,
2528 5087 2586 5129 ut
2629 5077 2856 5129 omnino
2891 5085 3152 5128 curarent
3201 5092 3263 5129 ac
3307 5077 3457 5130 vide—

1891 5181 2033 5235 rent,
2073 5187 2139 5224 ne
2174 5170 2304 5238 quid
2349 5169 2455 5223 tale
2493 5170 2662 5222 fieret.
2694 5169 2770 5220 Ac
2818 5170 3024 5221 utinam
3064 5184 3355 5222 corvorum
3409 5180 3464 5223 et

1890 5264 2168 5318 cornicum
2195 5271 2248 5314 et
2283 5261 2610 5330 reliquarum
2649 5261 2884 5314 ferarum
2939 5262 3118 5313 avium
3171 5264 3462 5329 inspectio-

1893 5371 1990 5408 nes
2022 5354 2238 5407 abolita:
2273 5361 2460 5406 essent
2489 5368 2502 5405 :
2535 5353 2788 5405 similiter
2839 5361 3019 5404 autem
3049 5363 3104 5403 et
3147 5355 3464 5404 critriaruui.

1893 5462 2050 5516 ungat
2082 5459 2134 5499 et
2163 5446 2394 5498 aliorum
2436 5445 2620 5514 populi
2659 5445 3035 5500 scducturuui.
3078 5445 3210 5498 lllud
3252 5458 3460 5508 autem,

1893 5540 2159 5593 Traiiuxit
2189 5540 2325 5592 lilios
2364 5553 2494 5592 suos
2543 5554 2636 5607 per
2661 5539 2860 5606 ignem,
2912 5553 3142 5606 magnus
3196 5539 3464 5608 Cyrillus,

1895 5633 2216 5700 prophetam
2245 5631 2440 5683 Isaiam
2477 5630 2778 5697 explicans,
2820 5629 3218 5698 interpretatus
3266 5642 3371 5694 est,
3408 5632 3466 5682 in

1897 5727 2216 5778 holocaustu
2243 5724 2436 5776 obtulit
2468 5738 2563 5775 seu
2603 5723 2948 5775 sacrificabat
2977 5723 3343 5776 (temonibus.
