4240 6442
1636 306 1728 324 “δ-ολ

167 446 270 508 745

1108 428 1194 488 IN
1230 423 1397 485 CAN.
1466 419 1678 481 LXVII
1711 415 1920 476 CONC.
1963 413 2043 472 ΙΝ
2077 412 2402 474 TRULLO.

3305 401 3420 461 746

234 555 431 610 ΒΑΔΣ.
467 553 556 614 Ὠς
585 550 685 620 μία
714 544 1073 617 Κυριώνυμος
1095 539 1279 609 ἡμέρα
1295 534 1568 603 λογίζεται
1593 530 1736 582 κατά
1763 532 1811 585 Α

1763 532 1811 585 Α
1908 525 2105 580 BALS.
2159 524 2441 593 Tanquam
2467 534 2610 577 unus
2636 518 2753 574 dies
2777 516 3095 573 Dominicus
3116 531 3208 586 per
3231 516 3413 571 omnia

166 650 345 702 πάντα
397 648 431 715 ἡ
479 642 616 713 μετὰ
656 643 756 708 τὴν
807 635 971 702 ἁγίαν
1031 631 1332 685 ἀνάστασιν
1380 624 1474 676 τοῦ
1527 620 1733 689 Κυρίου

164 739 262 794 καὶ
307 711 443 790 Θεοῦ
482 711 587 787 καὶ
635 732 884 800 Σωτῆρος
931 724 1085 795 ἡμῶν
1147 720 1320 791 Ἰησοῦ
1352 714 1586 788 Χριστοῦ
1611 711 1737 782 τρέε-

165 847 337 901 χουσα
387 825 644 894 ἑϐδομὰς,
704 820 845 874 κατά
899 817 956 869 δὲ
1009 815 1068 867 τὸ
1123 815 1199 884 μὴ
1238 812 1386 893 ,γόνυ
1440 809 1738 876 κάμπτειν,

166 899 264 974 καὶ
323 921 358 989 ἡ
412 918 510 985 ὅλη
561 911 942 982 Πεντηκοστή.
983 907 1137 960 Ἐπεὶ
1165 904 1220 956 δὲ
1246 901 1437 972 ἑορτῆς
1491 899 1584 952 καὶ
1634 912 1740 948 πα-

165 1011 453 1081 νηγύρεως
502 1005 726 1077 ἀφορμὴ
752 1003 1061 1070 ἑνομίζηντό
1083 1013 1225 1051 τισιν
1257 997 1313 1050 αἱ
1359 989 1740 1062 ἱπποδρομίαι,

168 1105 306 1173 πρὸς
337 1103 393 1155 δὲ
450 1102 545 1153 καὶ
577 1099 632 1150 αἱ
683 1098 838 1149 ἄλλαι
880 1090 1175 1163 δημοτικαὶ
1224 1083 1573 1154 παιγνιώδεις
1600 1082 1741 1142 θέαι,

166 1196 496 1264 διωρίσαντο
539 1192 586 1242 οἱ
640 1185 882 1256 Πατὲρες
931 1186 1005 1253 μὴ
1057 1181 1234 1242 οὕτως
1267 1173 1546 1248 ἑορτάζειν
1597 1174 1743 1244 ἡμᾶς

169 1291 313 1341 κατά
350 1269 554 1353 ταύτην
590 1281 690 1351 τὴν
735 1277 1040 1346 πασχάλιον
1092 1271 1381 1342 ἑϐδομάδα,
1435 1267 1574 1323 ἀλλά
1623 1265 1744 1316 θεον

167 1379 344 1448 φιλῶς
387 1379 480 1428 καὶ
537 1372 679 1426 κατὰ
722 1378 782 1422 τὸ
821 1367 1043 1421 δυνατὸν
1094 1362 1452 1433 ἀγιοπρεπῶς
1504 1357 1747 1429 δηλονότι

170 1469 460 1541 σχολάζειν
501 1468 561 1518 ἑν
599 1466 722 1526 ταῖς
773 1448 1262 1529 ἐκκλησίαις,’κα“ι
1292 1453 1381 1506 διὰ
1425 1451 1534 1504 τῶν
1587 1449 1748 1502 θείων

167 1560 625 1631 ψαλτῳδημάτων
677 1553 1080 1626 κορέννυσθαι·
1135 1549 1232 1602 καὶ
1284 1547 1360 1608 ὠς
1416 1544 1517 1614 ἤδη
1566 1542 1752 1606 ἀξίους

171 1655 509 1723 γενομένους
560 1648 820 1717 ἑορτάσαι
871 1644 970 1715 τὴν
1003 1643 1098 1696 τοῦ
1163 1638 1371 1709 Κυρίου
1428 1636 1748 1698 ἀνάστασιν,

171 1743 539 1815 κατατρυφᾷν
598 1740 708 1792 τῶν
775 1737 944 1790 θείων
997 1732 1336 1804 μυστηρίων,
1398 1729 1494 1781 καὶ
1552 1743 1750 1779 συναν-

173 1834 430 1889 ίστατθαι
490 1830 568 1900 τῷ
631 1828 950 1889 ἀναστάντι,
1016 1822 1112 1876 καὶ
1156 1823 1302 1892 ἡμᾶς
1360 1822 1439 1881 εἰς
1491 1817 1753 1888 οὐρανοὺς

171 1887 570 1994 άνυψὼσαντί,
623 1918 844 1989 Χριστῷ
893 1887 972 1982 τῷ
1035 1887 1384 1982 Θεῷ-ημῶν.
1437 1887 1752 1981 Σημείωσαι
1787 1887 1833 1945 Β

171 2016 270 2073 (ὗν
328 2019 408 2069 ὅτι
469 2016 670 2072 πάντες
727 2012 777 2063 oi.
832 2009 1018 2062 πιστοὶ
1067 2005 1374 2075 ὀφείλουσιν
1427 2006 1487 2056 ἑν
1541 2001 1756 2069 ἑτοιμό-

171 2126 302 2180 τητι
347 2102 486 2161 εἶναι
533 2105 630 2158 τοῦ
677 2100 1122 2174 μεταλαμϐάνειν
1171 2098 1281 2152 τῶν
1327 2095 1502 2164 ἁγίων
1553 2109 1759 2165 μυστη-

177 2205 312 2273 ρίων
364 2200 485 2252 καθ’
543 2198 822 2264 ἑκάστην,
902 2195 951 2246 εί
1001 2191 1263 2257 δυνατὸν,
1319 2184 1503 2248 καθὼς
1557 2187 1651 2239 καὶ
1701 2186 1759 2238 ἑν

175 2294 392 2366 ἑτέροις
436 2291 626 2342 κανόσι
679 2287 838 2339 τοῦτο
894 2282 1244 2353 προείρηται.
1292 2279 1400 2333 Τοῦ
1447 2278 1504 2331 δὲ
1537 2279 1760 2340 κανόνος

175 2385 359 2440 ταῦτα
402 2380 805 2452 διοριζομένου,
842 2375 1110 2446 ἐρωτήσει
1138 2383 1244 2440 τις,
1290 2373 1340 2424 oi
1387 2370 1758 2441 χειρωνάκται

183 2479 328 2548 μετὰ
383 2477 482 2544 τὴν
527 2473 722 2542 τρίτην
783 2469 881 2538 τῆς
952 2467 1245 2537 ἑϐδομάδος
1297 2463 1504 2532 ταύτης
1559 2463 1628 2515 τά
1679 2464 1760 2516 οί·

179 2572 309 2624 κεῖα
362 2567 686 2637 ἐργάζονται
744 2564 1079 2632 ἑργόχειρας
1116 2559 1341 2629 Νομίζω
1383 2554 1479 2610 οὖν
1526 2557 1606 2609 ὅτι
1661 2573 1761 2608 κα-

180 2663 301 2724 κῶς
357 2660 516 2713 τοῦτο
568 2657 806 2711 ποιοῦσι.
863 2654 979 2708 Κᾶν
1035 2658 1143 2722 γάρ
1188 2651 1296 2704 ἀπὸ
1342 2650 1436 2704 τοῦ
1497 2650 1764 2720 παρόντος

181 2756 414 2815 κανόνος
470 2753 532 2804 οὕ
589 2749 911 2811 κολάζονται
965 2748 1014 2798 οἱ
1068 2744 1211 2797 οὕτω
1264 2743 1362 2813 τὴν
1415 2743 1611 2813 ἑορτὴν
1664 2759 1763 2794 κα-

180 2848 499 2906 ταλύοντες,
527 2842 641 2896 ἀλλ’
683 2841 793 2895 ἀπὸ
836 2839 931 2891 τοῦ
991 2837 1182 2906 ἑτέρου
1238 2835 1466 2896 κανόνος
1506 2834 1598 2886 τοῦ
1657 2835 1765 2901 άφ-

182 2939 465 3009 ορίζοντος
518 2936 647 2996 τοὺς
690 2933 933 2993 λα’ίκοῦς,
1003 2930 1076 3000 μὴ
1133 2928 1293 2990 ὄντας
1338 2927 1643 2996 γεωργοὺς,
1674 2926 1768 2978 καὶ

187 3031 340 3086 κατὰ.
393 3030 490 3089 τάς
539 3023 937 3093 Κυριωνύμους
985 3017 1426 3090 ἐργαζομένους,
1481 3018 1575 3070 καὶ
1624 3010 1768 3069 οὗτοι

186 3120 650 3190 κολασθήσονται.
691 3118 854 3186 Ζήτει
895 3114 991 3167 καὶ
1019 3114 1116 3180 τὴν
1143 3111 1215 3165 νδ¹
1241 3111 1461 3179 Νεαρὰν
1514 3109 1608 3161 τοῦ
1673 3109 1769 3178 βα-

189 3214 390 3276 σιλέως
453 3209 621 3280 κυρυῦ
667 3210 895 3269 Λέοντος
925 3204 1020 3257 τοῦ
1051 3203 1246 3272 Σοφοῦ,
1296 3202 1770 3271 διαλαμϐάνουσαν

1843 629 2126 687 reputatur
2174 632 2236 672 ea
2281 630 2404 684 quae
2455 623 2578 682 post
2611 622 2855 666 sanctam
2891 609 3116 679 -Domini
3159 620 3211 661 et
3237 607 3332 661 De:
3360 619 3414 660 et

1846 710 2155 765 Servatoris
2177 707 2346 761 nostri
2372 705 2503 758 J-‘su
2529 704 2729 757 Christi
2762 700 3216 756 resurrectionem
3242 701 3420 752 currit

1845 801 2184 871 svptimana:
2239 799 2292 850 in
2321 813 2386 851 eo
2414 811 2546 849 Vero
2580 795 2726 864 quod
2759 809 2896 862 genu
2929 808 3034 845 non
3065 791 3330 852 ﬂectatur,
3366 798 3422 843 et

1849 907 1960 951 tota
1987 895 2150 949 etiam
2191 893 2529 946 Pentecoste.
2609 888 2878 953 Quoniam
2912 895 3093 940 autem
3127 883 3249 937 festi
3284 885 3424 935 cele-

1850 989 2042 1044 brandi
2078 997 2339 1057 prmtexlu
2391 981 2530 1050 apud
2576 982 2842 1050 quosdam
2885 980 3215 1034 luoleverant
3260 991 3425 1046 equo-

1853 1096 1974 1133 rum
2013 1092 2226 1139 cursus,
2279 1083 2332 1128 et
2369 1075 2471 1126 alia
2503 1073 2668 1126 etiam
2706 1071 2920 1139 publica
2970 1071 3178 1123 ludicra
3211 1085 3427 1138 speeta-

1851 1174 1996 1236 cnla,
2020 1179 2331 1224 statuerunt
2349 1169 2556 1228 Patres,
2594 1181 2691 1218 nos
2716 1166 2797 1218 sic
2821 1164 3018 1218 festum
3048 1180 3154 1217 nun
3180 1172 3431 1232 oportere

1852 1265 2129 1320 celebrare
2163 1263 2215 1314 in
2252 1262 2353 1313 hac
2379 1258 2622 1311 Paschali
2660 1256 3018 1318 hebdomade,
3049 1258 3142 1310 sed
3180 1257 3432 1322 religiose

1854 1365 1908 1410 et
1932 1353 2111 1424 quoad
2152 1352 2269 1405 ﬁeri
2306 1357 2505 1419 potest,
2563 1357 2751 1401 sancte
2785 1346 3033 1399 videlicet
3059 1347 3290 1399 ecclesia
3323 1362 3432 1398 va-

1854 1463 2002 1511 care,
2040 1446 2350 1512 divinisque
2383 1442 2615 1497 canticis
2652 1441 2840 1493 satiari
2870 1458 2882 1492 :
2941 1449 2994 1493 et
3030 1448 3287 1507 tanquam
3318 1442 3431 1506 jam

1855 1539 2005 1607 digni
2040 1541 2214 1592 simus
2245 1533 2697 1590 resurrectionem
2731 1532 2940 1586 DOniini
2974 1532 3268 1594 celebrare,
3296 1532 3435 1585 divi—

1858 1632 1944 1686 nis
1977 1628 2253 1700 mysteriis
2280 1625 2519 1695 jucunde
2549 1624 2802 1692 lauthue
2833 1621 3057 1692 perfrui,
3092 1632 3144 1676 et
3171 1639 3273 1676 una
3306 1638 3439 1678 con-

1859 1736 2081 1791 surgere
2116 1735 2242 1773 cum
2278 1733 2344 1771 eo
2375 1717 2468 1785 qui
2517 1715 2834 1778 resurrexit,
2888 1723 2940 1768 et
2970 1731 3070 1769 nos
3123 1716 3177 1769 in
3235 1718 3433 1770 coelum

1861 1831 1971 1872 una
2001 1813 2249 1876 sustulit,
2286 1811 2507 1865 Christo
2542 1808 2650 1862 Deo
2683 1815 2897 1862 n0stro.
2953 1806 3090 1860 Nota
3130 1825 3258 1876 ergo
3293 1809 3434 1876 quod

1858 1927 2049 1968 omnes
2101 1911 2286 1964 ﬁdeles
2329 1907 2529 1962 debent
2572 1918 2692 1959 esse
2736 1903 2911 1974 parati
2956 1913 3144 1955 sancta
3182 1901 3436 1972 mysteria

1859 2005 2191 2075 participare
2235 2013 2564 2068 unoquoque
2615 1997 2722 2059 die,
2776 1996 2820 2047 si
2859 1994 2972 2048 ﬁeri
3009 2003 3204 2063 potest,
3237 2009 3438 2063 quem-

1859 2098 2152 2153 admodum
2205 2104 2258 2148 et
2309 2093 2362 2147 in
2397 2092 2518 2145 aliis
2550 2089 2854 2143 canonibus
2890 2095 3014 2140 ante
3041 2088 3302 2156 scriptum
3333 2095 3440 2139 est.

1860 2191 1994 2244 Cum
2032 2197 2210 2242 autem
2242 2200 2416 2239 canon
2454 2185 2564 2236 lucc
2591 2189 2814 2241 statuat,
2842 2179 3258 2246 interrogaverit
3285 2178 3442 2245 quis-

1862 2283 2029 2352 piam.
2094 2278 2371 2350 quomodo
2437 2274 2673 2328 artiﬁces
2707 2281 2824 2338 post
2853 2272 2994 2325 diem
3026 2270 3245 2325 tertium
3280 2268 3442 2338 hujus

1862 2378 2179 2445 septimana:
2203 2386 2332 2426 suas
2359 2369 2708 2422 mechanicas
2731 2375 2876 2419 artes
2893 2375 2946 2418 et
2966 2379 3127 2433 Opera
3149 2364 3446 2418 exercent?

1863 2462 2129 2518 Existimo
2153 2473 2284 2527 ergo
2315 2473 2411 2511 eos
2438 2455 2577 2509 male
2625 2454 2730 2508 hoc
2783 2453 2982 2506 facere.
3070 2449 3181 2504 Etsi
3232 2451 3372 2505 enim
3415 2470 3443 2502 ιι

1865 2550 2117 2623 praesenti
2151 2563 2361 2602 canone
2389 2560 2496 2598 non
2528 2546 2853 2613 puniuntur,
2882 2543 2973 2611 qui
3009 2541 3204 2595 festum
3231 2543 3310 2596 sic
3338 2543 3446 2595 sol-

1866 2652 2028 2698 vunt:
2053 2641 2122 2694 ab
2144 2639 2252 2693 alio
2287 2649 2465 2691 tamen
2486 2641 2713 2693 canone.
2738 2634 2829 2703 qui
2853 2634 3042 2700 laicus,
3060 2634 3151 2702 qui
3176 2649 3281 2686 non
3319 2645 3447 2685 sunt

1866 2734 2118 2806 agricola:
2153 2741 2206 2786 et
2257 2731 2308 2783 ln
2340 2730 2532 2784 diebus
2593 2727 2750 2796 237
2815 2726 3108 2779 Dominicis
3133 2735 3448 2794 operantur.

1868 2834 2151 2896 segregat.
2209 2825 2242 2877 ii
2296 2837 2512 2891 quoque
2563 2823 2878 2889 punientur.
2938 2820 3131 2882 Qinere
3177 2819 3337 2869 etiam
3384 2818 3451 2871 5i

1869 2920 2071 2976 domini
2118 2919 2247 2986 imp.
2283 2913 2482 2970 Leonis
2507 2912 2784 2983 Sapientis
2805 2911 3094 2974 novellam,
3120 2919 3446 2964 statuentem

1870 3028 1940 3067 nc
1968 3012 2117 3080 ipsos
2147 3007 2363 3077 quidem
2398 3007 2665 3072 agricolas
2701 3006 2755 3056 in
2788 3004 2874 3057 die
2919 3002 3203 3055 Dominico
3234 3001 3450 3070 operari

1871 3109 2090 3162 debere.
2146 3103 2326 3168 Quare
2359 3103 2438 3156 eis
2461 3116 2683 3169 quoque
2719 3100 3052 3170 prohibitum
3085 3110 3169 3152 cst
3200 3109 3307 3151 tota
3348 3097 3449 3149 Pa-

1871 3199 2044 3252 sehali
2092 3197 2392 3266 septimana
2445 3194 2683 3262 operari,
2741 3208 2916 3260 neque
2966 3207 3090 3245 cum
3141 3192 3256 3260 ipsa
3308 3207 3452 3244 unus

196 3261 389 3276 """"
456 3261 547 3280 ἠς
572 3261 579 3262 ί
672 3261 677 3262 ν
877 3261 893 3269 -
1134 3261 1145 3272 ο
1235 3261 1243 3266 ν
1460 3261 1473 3271 .

193 3305 336 3373 μηδὲ
373 3303 572 3364 αὐτοὺς
599 3301 727 3362 τοὺς
767 3298 1048 3367 γεωργοὺς
1094 3297 1236 3347 κατά
1279 3294 1377 3362 τὴν
1415 3292 1777 3362 Κυριώνυμον
1800 3261 1845 3316 C

997 3301 1048 3358 σς
1094 3297 1236 3347 κατά
1279 3294 1377 3362 τὴν
1415 3292 1777 3362 Κυριώνυμον
1800 3261 1845 3316 C
1880 3291 1998 3344 dies
2026 3287 2341 3342 Dominicus
2374 3295 2671 3353 reputetur.

189 3397 549 3466 ἐργάζεσθαι.
585 3395 747 3446 ’Ὥστε
800 3392 1176 3461 ἀπηγόρευται
1232 3388 1326 3438 καὶ
1377 3389 1559 3448 αὐτοῖς
1618 3391 1760 3438 κατα
1800 3385 1896 3454 τὴν
1928 3385 2057 3452 ὅλην
2117 3381 2422 3449 πασχάλιον
2464 3379 2733 3446 ἑϐδομάδα
2781 3377 3132 3446 ἐργάζεσθαι,
3205 3377 3278 3438 ὡς
3326 3379 3453 3445 μιᾶς

190 3488 567 3558 Κυριωνύμου
588 3484 947 3554 λογιζομένης
975 3482 1168 3550 αὐτῆς.

270 3584 514 3637 ΖΩΝΑΡ.
581 3581 889 3648 Ἐορτάζειν
919 3581 968 3630 oi
1012 3578 1120 3628 άπὸ
1162 3577 1396 3646 Χριστοῦ
1451 3575 1777 3644 κεκλημένοι

194 3673 515 3742 ὀφείλομεν,
545 3671 605 3723 οὕ
630 3672 838 3740 τρυφάς
875 3669 1084 3728 ἑαυτοῖς
1119 3668 1212 3718 καί
1258 3665 1651 3734 λαμπρότητας
1682 3662 1777 3714 καὶ

197 3765 420 3822 ἀνέσεις
453 3760 883 3829 ἐπιτηδεύοντες,
912 3758 1049 3812 άλλά
1090 3757 1472 3826 πνευματικῶς
1498 3745 1781 3824 εὐφραινό-

202 3873 382 3927 μενοι.
411 3855 764 3922 Πνευματικὴ
797 3852 841 3903 δ’
893 3852 1042 3902 ἐστὶν
1104 3848 1411 3918 εὐφροσύνη
1435 3848 1495 3900 τὸ
1527 3848 1674 3919 ᾄδειν
1704 3848 1781 3917 τῷ

198 3948 423 4018 Κυρίῳ,
459 3948 558 3998 καὶ
616 3945 861 4008 δοξάζειν
893 3943 1054 3996 αὐτὸν
1084 3943 1167 4008 ἐφ’
1205 3938 1285 4002 οἷς
1317 3941 1539 4012 ἐποίησε
1570 3942 1782 4009 θαυμα-

203 4041 371 4104 σίοις,
403 4031 704 4108 ῥυσάμενος
723 4037 871 4104 ἡμᾶς
901 4037 964 4086 ὲκ
995 4037 1090 4101 τῆς
1117 4034 1359 4096 δουλείας
1384 4034 1476 4084 τοῦ
1510 4033 1781 4086 διαϐόλου.

203 4130 370 4184 Οὕτω
407 4131 588 4182 τοίνυν
645 4129 740 4180 καὶ
795 4128 893 4197 τὴν
940 4126 1036 4179 τοῦ
1067 4126 1256 4194 Πάσχα
1309 4126 1502 4193 ἑορτὴν
1535 4124 1784 4194 βούλεται

204 4224 493 4292 ἑορτάζειν
557 4223 700 4291 ἡμᾶς
733 4223 759 4271 ό
799 4217 1016 4281 κανὼν,
1071 4219 1198 4285 ὃλην
1248 4218 1346 4286 τὴν
1403 4217 1673 4285 ἑϐδομάδα
1726 4219 1783 4268 ἑν

202 4316 524 4384 ἐκκλησίαις
578 4313 952 4384 σχολάζοντας,
982 4314 1039 4364 ἑν
1097 4313 1331 4380 ψαλμοῖς
1354 4330 1412 4364 τε
1447 4312 1538 4364 καὶ
1598 4311 1785 4381 ὕμνοις

205 4409 434 4480 ᾅδοντας
454 4409 532 4475 τῷ
585 4407 794 4476 Κυρίῳ,
853 4407 945 4457 καὶ
1007 4404 1178 4465 οὕτως
1231 4407 1288 4456 ἑν
1319 4403 1541 4472 Χριστῷ
1592 4403 1784 4470 ἑορτά-

215 4502 406 4563 ὀντας
454 4503 547 4552 καὶ
577 4502 642 4567 τῇ
690 4498 892 4568 μελέτῃ
933 4497 1300 4566 προσέχοντας
1322 4495 1431 4547 τῶν
1460 4493 1618 4547 θείων
1649 4494 1790 4562 Γρα-

242 4592 355 4653 ιῶν,
404 4594 496 4644 καὶ
549 4589 1011 4659 κατατρυφῶντας
1069 4587 1178 4639 τῶν
1240 4587 1398 4639 θείων
1455 4585 1788 4655 μυστηρίων.

1957 3565 2214 3622 ZONAR.
2250 3565 2366 3618 Non
2407 3563 2632 3617 delicias
2665 3573 2756 3613 aut
2795 3561 2980 3613 luxum
3014 3561 3191 3613 otiave
3238 3570 3456 3613 sectan-

1887 3673 1989 3726 tes,
2027 3662 2122 3715 sed
2156 3659 2429 3729 spirituali
2463 3655 2660 3727 gaudio
2693 3654 3098 3718 exsultalmndi,
3149 3653 3314 3707 festos
3342 3652 3458 3705 dies

1886 3765 2046 3821 agere
2076 3748 2373 3803 Christiani
2411 3747 2697 3800 debemus.
2725 3742 3034 3812 Spiritualts
3067 3758 3230 3811 porro
3262 3741 3459 3794 laetitias

1888 3855 1974 3899 est
2011 3841 2243 3896 canticis
2274 3839 2482 3891 Numen
2516 3837 2760 3890 venerari
2788 3875 2802 3897 ,
2841 3835 3091 3902 illiusque
3119 3832 3326 3890 laudes.
3361 3849 3459 3900 pro

1887 3936 1955 3989 iis
2007 3949 2128 4002 quae
2191 3930 2537 3985 admirabilia
2587 3929 2874 3996 prazstitt,
2937 3925 3192 3993 quodque
3240 3923 3458 3976 diabolo

1888 4027 2226 4093 mancipatus
2265 4023 2317 4075 in
2353 4021 2655 4074 libertatem
2704 4033 2806 4071 nos
2857 4015 3113 4075 asseruit,
3163 4014 3459 4067 celebrare.

1889 4113 2037 4168 Ilanc
2087 4129 2215 4182 ergo
2264 4112 2527 4163 rationem
2565 4107 2786 4160 Pascha:
2819 4120 3035 4170 quoque
3087 4102 3257 4156 festos
3297 4111 3463 4169 atque

1891 4207 2165 4260 solemnes
2214 4207 2331 4258 dies
2381 4201 2620 4273 agitandi
2673 4197 2978 4268 praescribit
3032 4211 3232 4256 canon,
3283 4206 3343 4250 ut
3400 4211 3464 4249 ea

1891 4298 2148 4351 nimirum
2185 4297 2507 4365 septimana,
2544 4302 2859 4361 perpetuam
2897 4291 2952 4344 in
2999 4289 3248 4343 ecclesiis
3280 4289 3464 4343 statio-

1893 4406 2015 4444 nem
2044 4399 2286 4460 agentes,
2310 4388 2536 4456 psalmis
2562 4386 2886 4456 hymnisque
2915 4384 3141 4436 Domino
3170 4383 3468 4436 concinen-

1897 4483 1984 4537 dis
2012 4483 2279 4551 occupati,
2321 4482 2374 4534 in
2411 4481 2630 4535 Christo
2682 4478 2910 4548 proinde
2964 4477 3232 4540 laztemur,
3279 4489 3466 4529 sacra-

1906 4589 2140 4642 rumque
2174 4573 2508 4626 Litterarum
2542 4581 2798 4625 accurata
2841 4568 3190 4622 meditatione
3220 4576 3469 4636 tempora

216 4683 330 4736 ζὶαὶ
373 4682 534 4744 οὕτω,
566 4682 752 4750 φησὶν,
782 4679 1020 4749 ἐσόμεθα
1064 4677 1283 4749 Χριστῷ
1317 4677 1787 4744 συνανιστάμενοι,
1824 4709 1870 4765 D

1824 4709 1870 4765 ο
1899 4670 2271 4728 traducentes,
2299 4665 2602 4717 divinorum
2633 4662 3020 4732 mysteriorum
3047 4661 3224 4729 epulis
3253 4661 3465 4713 insatu-

215 4776 314 4825 καί
355 4772 814 4841 συνανυψούμενοι
839 4788 854 4802 ·
900 4773 1253 4840 ἀνιστάμενοι
1311 4772 1408 4840 μὲν
1432 4768 1526 4825 τοῦ
1558 4767 1791 4836 πτώμα-

212 4880 305 4925 τος
329 4863 426 4931 τῆς
456 4864 729 4932 ἁμαρτίας
779 4864 874 4915 καὶ⁵
928 4862 1028 4931 τῆς
1067 4861 1409 4932 χαμαιζήλου
1471 4860 1566 4912 καὶ
1597 4859 1792 4927 γηῖνης

220 4954 365 5024 ζωῆς
388 4970 403 4983 ·
435 4954 640 5022 ἁνυψού
650 4971 802 5022 μενοι
825 4954 882 5006 δὲ
915 4953 1049 5023 πρὸς
1121 4951 1459 5022 ὑψηλοτέραν
1484 4953 1578 5003 καὶ
1625 4965 1792 5003 πνευ-

224 5047 458 5116 ματικὴν
484 5046 560 5117 τῷ
588 5048 701 5099 δντι
727 5047 1031 5115 διαγωγήν.
1084 5044 1248 5097 Ὅθεν
1273 5043 1398 5097 οὕτε
1427 5042 1791 5114 ίπποδρομίας

251 5158 277 5188 ν
307 5141 372 5208 τῇ
404 5137 497 5190 τοῦ
548 5139 738 5208 Πάσχα
783 5138 1045 5207 ἑϐδομάδι
1069 5138 1320 5204 γίνεσθαι
1346 5137 1639 5205 συγχωρεῖ,
1668 5133 1791 5188 οὕτε

218 5228 353 5290 θέας
402 5228 592 5298 ἑτέρας
637 5226 904 5297 δημώδεις
931 5267 947 5292 ,
1008 5230 1068 5280 ἑν
1125 5223 1214 5290 αἷς
1262 5225 1502 5296 δηλονότι
1548 5227 1577 5278 ό
1624 5226 1793 5295 δῆμος

219 5319 534 5393 ἁθροίζεται
557 5317 828 5390 θεώμενος
856 5319 924 5372 τά
951 5319 1230 5387 γινόμενα.

222 5590 452 5646 ΑΡιΣτ.
490 5609 508 5642 ι
555 5591 666 5660 Τὴν
703 5592 841 5660 μετὰ
862 5590 958 5662 τὴν
997 5590 1294 5644 ἀνάστασιν
1321 5591 1503 5643 πᾶσαν
1532 5587 1799 5660 ἑϐδομάδα

585 5683 692 5746 πᾶς
726 5682 1138 5751 ἐκκλησιαζέτω
1163 5683 1379 5747 πιστός.
1418 5702 1438 5736 ι

313 5775 403 5827 Ἐν
449 5779 569 5839 ταῖς
624 5775 808 5839 ἁγίαις
843 5774 1160 5844 ἐκκλησίαις
1204 5774 1285 5828 δεῖ
1332 5776 1614 5847 σχολάζειν
1672 5779 1799 5842 τοὺς

232 5868 480 5935 πιστοὺς,
534 5868 627 5922 καὶ
649 5869 706 5921 ἑν
742 5866 976 5937 ψαλμοῖς
1034 5867 1126 5919 καὶ
1179 5865 1369 5936 ὕμνοις
1417 5870 1802 5941 εὐφραίνεσθαι

592 5966 859 6027 Ρηιιοι.
911 5967 1024 6028 Gtt.
1074 5965 1438 6027 CXXXVII.

1901 4757 2142 4809 rabiliter
2167 4755 2507 4823 expleantur.
2549 4756 2725 4823 Atque
2773 4754 2878 4807 hoc
2907 4761 3085 4821 pacto,
3116 4753 3312 4821 inquit,
3339 4767 3465 4806 cum

1901 4846 2116 4901 Christo
2147 4847 2307 4900 simul
2353 4861 2670 4915 exsurgere,
2719 4854 2883 4914 atque
2934 4846 2999 4897 ad
3053 4845 3250 4899 altiora
3302 4844 3468 4898 simul

1902 4938 2033 4993 eniti
2063 4939 2359 5009 continget.
2397 4938 2439 4990 A
2471 4938 2678 5007 peccati
2710 4937 2925 4992 scilicet
2974 4937 3128 5006 lapsu
3181 4945 3474 5004 menteque

1907 5031 2354 5100 humidcpressa
2387 5039 2441 5086 et
2470 5031 2537 5084 ad
2569 5041 2789 5085 terrena
2819 5031 3030 5099 abjecta
3066 5043 3422 5099 exsurgemus
3454 5044 3471 5083 :

1905 5125 1972 5177 ad
2012 5125 2390 5178 sublimiorem
2427 5133 2606 5178 autem
2633 5132 2692 5176 et
2717 5139 2849 5178 vere
2877 5123 3217 5192 spiritualem
3259 5121 3476 5177 vivendi

1901 5217 2170 5270 rationem
2207 5216 2591 5270 excitabimur.
2617 5214 2852 5270 Proinde
2873 5231 2975 5269 nec
3001 5223 3284 5285 equestres
3316 5216 3475 5270 ludos

1908 5319 2019 5363 tota
2054 5309 2333 5365 Paschatis
2357 5309 2722 5373 hebdomada,
2751 5324 2850 5364 nec
2883 5310 2986 5362 alia
3013 5310 3226 5377 publica
3262 5317 3476 5376 specta-

1907 5405 2049 5468 cula,
2087 5404 2151 5457 ad
2188 5419 2310 5472 qua:
2345 5403 2602 5456 nimirum
2633 5404 2832 5457 tuenda
2868 5403 3157 5457 multitudo
3191 5403 3474 5465 convenit,

1906 5495 2214 5549 exhibenda
2245 5494 2562 5548 facultatem
2603 5510 2725 5550 esse
2754 5494 3021 5550 decernit.

1981 5585 2210 5641 ARIST.
2253 5606 2272 5638 ‹
2314 5587 2554 5656 Quisque
2596 5587 2771 5648 ﬁdelis
2797 5603 2891 5656 per
2925 5597 3094 5643 totam
3134 5596 3257 5658 post
3293 5603 3479 5643 resur.

1914 5699 1931 5731 ι
1981 5683 2278 5734 rectionem
2321 5682 2716 5736 hebdomadam
2769 5684 2822 5735 in
2889 5684 3118 5738 ecclesia
3149 5691 3416 5738 versetur.
3455 5701 3473 5734 ι

1979 5773 2038 5827 1η
2087 5773 2296 5828 sanctis
2324 5774 2572 5828 ecclesiis
2603 5772 2790 5830 ﬁdeles
2837 5787 3052 5845 oportet
3083 5791 3299 5841 vacare,
3337 5783 3392 5829 et
3427 5776 3482 5828 in

1917 5869 2139 5939 psalmis
2169 5877 2224 5925 et
2274 5869 2496 5937 hymnis
2543 5866 2739 5938 gaudio
2778 5871 3055 5924 exsultare
3101 5879 3267 5924 tolaut
3316 5871 3485 5944 septi-

3029 5964 3106 6029 ‘25
