4218 6458
194 369 296 432 749

267 595 286 626 ι
329 576 667 646 διαφθείρειν
696 575 730 646 ἦ
757 577 1142 643 κατατέμνειν,
1178 575 1210 645 ἦ
1247 577 1361 637 τοῖς
1407 573 1769 643 βιϐλιοκαπή-

269 689 289 720 ι
331 669 466 734 λοις,
497 669 533 742 ἡ
556 669 872 738 λεγομένοις
908 666 1196 738 μυρεψοῖς,
1231 667 1264 736 ἧ
1296 667 1445 736 ἄλλῳ
1495 665 1606 719 τινὶ
1661 666 1769 718 τῶν

266 783 284 814 ι
332 763 596 816 ἁπάντων
652 761 790 830 πρὸς
815 761 1125 829 ἀφανισμὸν
1171 760 1442 814 ἒκδιδόναι
1467 774 1483 790 ·
1523 761 1572 810 εί
1607 758 1684 828 μή
1715 775 1769 810 τι

270 874 288 905 ι
331 854 441 924 ἄρα
467 855 671 916 τέλεον,
707 851 818 904 εἴτε
848 851 954 903 ὑπὸ
978 851 1180 919 σητῶν,
1211 849 1246 919 ἦ
1279 848 1497 914 ὓδατος,
1529 849 1562 918 ἢ
1597 848 1770 916 ἑτέρῳ

268 969 285 998 ι
337 949 523 1018 τρόπῳ
549 945 848 1017 ἁχρειωθῇ.
866 945 926 997 ’0
958 945 1014 996 δέ
1036 962 1088 996 τι
1113 943 1324 996 τοιοῦτο
1355 945 1533 997 ποιεῖν
1549 941 1656 994 ἀπὸ
1675 943 1769 993 τοῦ

268 1063 286 1092 ε
333 1033 839 1110 νῦν’ἀ).ισκόμενος
873 1081 888 1104 ,
951 1039 1044 1090 ἐπὶ
1095 1036 1341 1089 ἐνιαυτὸν
1391 1034 1767 1106 ἁφοριζέσθωο

270 1151 288 1181 ι
333 1132 536 1199 ὁμοίως
569 1131 663 1182 καὶ
692 1133 719 1182 ὁ
744 1129 842 1193 τὰς
871 1128 1128 1188 τοιαύτας
1157 1128 1376 1197 βίϐλους
1438 1127 1769 1194 ὠνούμενος,

269 1242 287 1272 ι
336 1226 385 1274 εί
419 1223 558 1292 μήτε
607 1223 768 1284 αὐτὸς
829 1221 1036 1282 ταύτας
1097 1220 1320 1288 κατέχοι
1383 1221 1523 1290 πρὸς
1561 1218 1772 1272 οίκείαν

267 1335 285 1365 ι
329 1315 620 1384 ὠφέλειαν,
650 1315 783 1383 μήτε
815 1312 989 1382 ἑτέρῳ
1026 1313 1164 1381 πρῦς
1213 1311 1543 1381 εὐεργεσίαν
1596 1309 1775 1364 καὶτὸ

270 1428 288 1457 ι
331 1407 605 1474 διαμεῖναι
627 1405 877 1474 ἀποδοίη,
915 1404 1051 1457 ἀλλὰ
1083 1403 1255 1458 ταῦτα
1284 1397 1618 1474 διαφθείρειν
1653 1405 1774 1456 ἐπι-

269 1520 286 1548 σ
333 1501 600 1568 χειρήσοι,
630 1495 994 1568 ἀφοριζέσθω.
1025 1515 1044 1548 ι

263 1592 458 1643 ΒΑΛΣ.
516 1591 671 1652 Tus;
712 1590 780 1642 δι’
847 1589 1303 1668 αίσχροκέρδειαν
1366 1587 1590 1657 βιϐλίων
1651 1588 1767 1642 τῶν

187 1685 352 1736 θείων
403 1684 634 1754 Γραφῶν
693 1683 1132 1753 ἐμπορευόμενοι
1171 1683 1478 1753 ἀπήλειφον
1508 1723 1524 1748 ,
1679 1683 1778 1736 καὶ

182 1779 550 1843 κατέτεμνον,
593 1778 666 1845 μὴ
719 1776 1167 1844 συλλογιζόμενοι
1212 1777 1311 1844 τὴν
1358 1773 1610 1828 ἐντεῦθεν
1671 1773 1768 1827 τοῦ

182 1870 327 1923 Θεοῦ
379 1871 728 1940 κατάκρισιν.
778 1869 1168 1940 Διορθούμενοι
1194 1866 1288 1922 οὖν
1317 1869 1382 1921 τὰ
1406 1869 1535 1936 περὶ
1578 1867 1772 1921 τούτου

181 1964 233 2012 οἱ
270 1965 405 2024 θεῖοι
429 1965 520 2014 καὶ
551 1964 696 2031 ἂγιοι
730 1963 995 2030 Πατέρες,
1043 1960 1368 2031 διίυρίσαντο
1400 1961 1473 2032 μὴ
1501 1961 1648 2031 ἔχειν
1677 1963 1778 2012 ἐπ’
1805 1995 1819 2009 .

183 2057 375 2114 ἁδείας
433 2058 556 2108 τινὰ
589 2057 697 2108 τῶν
751 2056 1012 2109 ἁπάντων
1055 2055 1397 2126 διαφθείρειν
1426 2057 1460 2126 ἢ
1497 2055 1779 2124 κατατέμ-

183 2150 362 2218 νεινῆ
425 2149 623 2202 πωλεῖν
668 2150 805 2218 πρὸς
875 2150 1156 2219 μυρεψοὺς
1218 2150 1251 2218 ἢ
1311 2149 1778 2220 βιϐλιοκαπήλους

184 2244 351 2312 χάριν
386 2244 698 2312 ἀπαλοιφῆς
728 2244 760 2314 ἢ
789 2245 1116 2312 κατατομῆς
1141 2242 1530 2312 οἱονδηποτοῦν
1566 2243 1776 2312 βιϐλίον

182 2338 254 2388 ἐκ
284 2337 383 2404 τῆς
416 2335 565 2398 Θείας
621 2336 870 2406 Γραῳῆς,
910 2335 974 2387 ἐκ
1008 2354 1068 2388 τε
1118 2335 1218 2405 τῆς
1256 2335 1502 2398 Παλαιᾶς
1532 2335 1778 2403 δηλονότι

182 2427 470 2496 Διαθήκης
501 2430 595 2478 καὶ
622 2428 723 2496 τῆς
745 2427 918 2494 Νέας,
945 2429 993 2479 εί
1027 2427 1194 2497 μήπω
1217 2427 1278 2479 τὸ
1305 2426 1547 2479 τοιοῦτον
1574 2424 1780 2493 βιϐλίον

185 2521 223 2592 ἢ
255 2520 366 2570 ἀπὸ
388 2519 602 2584 ὓδατος,
630 2520 791 2590 ἦ’ἁπδ
817 2521 1141 2589 σκωλήκων,
1157 2512 1318 2593 ῆὰπὸ
1340 2520 1530 2587 ἐτέρου
1548 2518 1779 2588 τρόπου,

186 2610 368 2678 πυρὸς
415 2609 683 2677 δηλονότι,
738 2611 975 2680 πάμπαν
1026 2610 1305 2680 ἁχρειωθῇ
1344 2625 1358 2637 ·
1404 2611 1498 2661 τὸν
1535 2609 1593 2660 δὲ
1627 2609 1778 2679 παρά

185 2701 355 2752 τοῦτο
376 2700 637 2753 ποιοῦντα
678 2704 773 2753 επὶ
842 2703 1103 2754 ἐνιαυτὸν
1152 2701 1537 2770 ἀφορίζεσθαι,
1569 2701 1781 2754 καὶτὸν

189 2791 570 2857 ἐξωνούμενον
601 2791 745 2846 οὕτω
767 2790 967 2856 ταῦτα,
998 2793 1092 2844 καὶ
1119 2792 1196 2860 μὴ
1231 2792 1612 2859 ἐπικτώμενον
1644 2793 1783 2846 αύτὰ

187 2883 225 2951 ἢ
258 2882 350 2933 διὰ
373 2884 580 2935 οἰκείαν
607 2883 638 2953 ἢ
672 2883 761 2934 διὰ
786 2881 1076 2951 ἀλλοτρίαν
1125 2882 1413 2949 ὠφέλειαν.
1457 2881 1697 2935 Ἀκούων
1727 2884 1783 2935 δὲ

188 2973 291 3024 τοῦ
315 2974 540 3036 κανόνος
571 2973 844 3039 λέγοντος,
905 2974 979 3044 μὴ
1024 2973 1434 3040 ἁπαλείφεσθαι
1465 2973 1782 3044 ἢὸπωσδή-

191 3083 330 3117 ποτε
351 3066 766 3136 διαφθείρεσθαι
795 3067 998 3135 βιϐλίον
1018 3068 1118 3136 τῆς
1140 3067 1183 3118 ll
1195 3067 1432 3136 αλαιᾶςῆ
1453 3069 1551 3136 τῆς
1573 3068 1784 3133 Καινῆς

1161 370 1240 431 ΙΝ
1277 369 1448 430 CAN.
1479 369 1728 430 LXVIII
1756 368 1968 432 CONC.
2003 371 2083 430 IN
2109 371 2437 433 TRULLO.

265 508 280 530 ε
335 486 424 532 καὶ
461 480 917 550 εγκρίτωνηξμῶν
961 479 1224 549 κηρύκων
1254 481 1350 532 καὶ⁵
1411 479 1770 542 διδασκάλων,
1801 484 1846 539 Α

3337 374 3443 434 750

1954 497 1974 530 ι
2012 495 2131 533 runt
2165 499 2481 552 pratconum
2518 499 2581 538 ac
2612 484 2939 548 doctorum,
2979 501 3331 556 corrumpere
3369 493 3449 545 vel

1949 590 1969 622 ι
2003 577 2387 640 conscindere,
2421 576 2502 628 vel
2533 575 2802 628 librorum
2845 581 3331 645 cauponatoribus,
3364 583 3448 636 vel

1951 682 1970 715 ι
2010 665 2077 718 iis
2107 667 2198 734 qui
2240 669 2498 721 dicuntur
2533 669 2910 736 unguentarii,
2944 671 3026 723 vel
3077 671 3166 724 alii
3214 675 3446 727 euienn-

1924 756 1970 807 ἰ
2008 773 2134 825 que,
2169 758 2234 811 ad
2270 775 2392 813 eum
2426 759 2763 828 perdendum
2798 762 3016 814 tradere
3049 778 3063 814 :
3105 763 3208 817 nisi
3254 767 3445 835 utique

1951 866 1969 898 ι
2009 838 2371 913 οιιιηίιιο,ἰ·ε1
2405 867 2435 905 a
2464 853 2648 916 tineis,
2693 853 2775 906 vel
2819 856 2887 907 ab
2942 871 3106 923 aqua,
3147 858 3228 911 vel
3266 859 3450 928 aliquo

1951 959 1969 991 ι
2010 941 2118 996 alio
2150 944 2312 996 modo
2348 944 2600 999 redditus
2629 945 2799 1000 fuerit
2848 948 3078 1003 inutilis.
3121 949 3224 1016 Qui
3267 964 3450 1005 autem

1951 1052 1971 1085 ι
2010 1035 2116 1089 tale
2146 1035 2276 1105 quid
2307 1036 2484 1092 lacere
2526 1039 2790 1109 deinceps
2826 1041 3206 1109 deprehensus
3244 1046 3404 1099 fuerit
3432 1087 3448 1108 ,

1958 1143 1976 1176 ι
2013 1141 2158 1180 anno
2209 1142 2321 1182 uno
2376 1139 2718 1200 segregetur.
2757 1129 3019 1186 Similiter
3061 1147 3115 1188 et
3165 1137 3256 1204 qui
3315 1140 3451 1194 tales

1952 1237 1971 1270 ι
2015 1219 2187 1275 libros
2221 1222 2377 1287 emit,
2406 1223 2453 1277 si
2485 1238 2581 1278 eos
2609 1225 2831 1293 quidem
2867 1226 2983 1292 ipse
3035 1243 3141 1280 nou
3189 1231 3254 1282 ad
3295 1246 3451 1284 suam

1952 1329 1972 1362 ι
2012 1312 2306 1366 utilitatem
2336 1315 2592 1379 retineat,
2634 1332 2734 1369 nec
2768 1317 2946 1380 alteri,
2979 1318 3042 1370 ad
3073 1324 3192 1386 ejus
3255 1323 3456 1377 beneli-

1955 1421 1974 1454 ι
2013 1405 2183 1466 cium,
2233 1414 2288 1457 et
2320 1415 2380 1458 ut
2432 1406 2465 1458 ii
2516 1417 2894 1474 permaneant,
2939 1410 3162 1474 vendat,
3216 1413 3310 1467 sed
3361 1432 3457 1470 eos

1952 1514 1972 1547 ι
2010 1512 2363 1567 corrumpere
2389 1513 2684 1567 aggressus
2717 1499 2903 1562 fuerit,
2939 1513 3310 1570 segregetur.»

1948 1589 2145 1644 BALS.
2179 1589 2437 1643 Nonnulli
2467 1593 2639 1659 turpis
2671 1603 2914 1661 quarstus
2942 1598 3115 1664 gratia
3143 1595 3454 1651 divinarum

1880 1678 2288 1752 Scripturarum
2327 1683 2497 1736 libros
2533 1698 2777 1738 ementes
2825 1687 3105 1752 delebant,
3157 1689 3239 1741 vel
3294 1691 3458 1744 etiam

1878 1775 2332 1839 conscindebant,
2375 1775 2468 1829 Dei
2515 1791 2637 1844 qua:
2685 1791 2754 1830 ex
2796 1791 2857 1829 ea
2893 1793 2951 1831 re
3005 1780 3463 1848 proﬁciscebatur

1877 1867 2391 1922 condemnationem
2429 1882 2534 1918 nou
2569 1877 2916 1936 reputantes.
2955 1868 3079 1924 llaec
3112 1886 3246 1939 ergo
3276 1874 3450 1926 divini

1879 1963 2172 2028 sanctique
2201 1958 2393 2014 Patres
2441 1961 2802 2029 corrigentes,
2857 1963 2991 2018 nulli
3035 1964 3201 2020 licere
3252 1974 3462 2021 statue-

1879 2059 2008 2105 runt
2036 2065 2410 2119 corrumpere,
2439 2055 2522 2104 vel
2565 2052 2948 2116 consciudere,
2985 2055 3067 2108 vel
3093 2055 3331 2110 vendere
3358 2074 3464 2110 un-

1880 2143 2184 2212 guentariis
2223 2145 2304 2197 vel
2340 2143 2607 2196 librorum
2635 2147 3134 2210 cauponatoribus,
3170 2145 3239 2200 ad
3275 2149 3466 2202 delen-

1879 2236 2010 2290 dum
2048 2238 2129 2316 vel
2161 2237 2656 2300 conscindeudum,
2694 2253 3084 2309 quemcunque
3127 2241 3331 2297 librum
3382 2245 3466 2296 di-

1880 2329 2021 2382 vina:
2053 2329 2374 2399 Scriptura},
2407 2341 2458 2382 et
2489 2346 2553 2382 ex
2592 2329 2788 2386 Vetere
2817 2333 3172 2387 Testamento
3206 2349 3256 2388 et
3288 2334 3465 2390 Novo:

1883 2422 1990 2476 nisi
2037 2425 2162 2478 talis
2200 2424 2337 2478 liber
2361 2423 2447 2477 vel
2472 2425 2542 2479 ab
2579 2440 2742 2494 aqua.
2779 2427 2860 2481 vel
2898 2444 2926 2480 a
2957 2428 3258 2491 vermibus.
3291 2430 3373 2483 vel
3399 2435 3468 2487 ab

1883 2520 1991 2572 alio
2024 2518 2211 2580 modo,
2239 2519 2306 2571 ab
2335 2523 2460 2585 igne
2487 2531 2764 2581 vmencet,
2818 2521 2981 2572 fuerit
3011 2523 3238 2574 omnino
3279 2522 3469 2576 reddi-

1885 2621 1972 2666 tus
2008 2610 2223 2663 inutilis
2258 2627 2270 2662 :
2305 2627 2428 2663 eum
2477 2620 2684 2671 autem.
2711 2611 2802 2680 qui
2829 2612 2986 2665 aliter
3017 2611 3162 2676 facit,
3187 2628 3332 2666 anno
3359 2631 3470 2670 uno

1884 2703 2300 2774 segregandum,
2338 2719 2575 2772 eumque
2608 2704 2798 2766 etiam,
2846 2706 2936 2772 qui
2971 2705 3240 2774 ejusmodi
3295 2707 3469 2780 libros

1883 2803 2035 2863 emit,
2061 2809 2114 2851 et
2141 2814 2236 2850 eos
2265 2815 2371 2850 non
2410 2797 2655 2866 possidet
2695 2799 2775 2850 vel
2804 2797 2870 2849 ad
2909 2815 3063 2850 suam
3101 2801 3181 2852 vel
3214 2800 3281 2853 ad
3327 2802 3470 2855 alie-

1887 2907 2011 2944 nam
2048 2892 2366 2943 utilitatem.
2401 2893 2535 2942 (lum
2563 2898 2746 2942 autem
2786 2891 2944 2942 audis
2980 2907 3246 2945 canonetn
3277 2892 3470 2946 dicen-

1886 2993 2014 3048 tem,
2040 2999 2144 3036 uon
2164 3000 2282 3036 esse
2302 2983 2558 3035 deleudos
2586 2984 2666 3036 vel
2699 2987 3194 3054 quomodocunque
3223 3003 3473 3041 eorrum'

1888 3080 2096 3144 pendes
2129 3079 2298 3132 libros
2334 3075 2548 3131 Veteris
2578 3077 2661 3130 vel
2690 3075 2824 3130 Νι)νὶ
2855 3076 3218 3141 Testamenti,
3254 3081 3336 3133 vel
3371 3085 3473 3134 ali-

186 3159 566 3229 Διαθήκη;,ἢ
616 3161 810 3227 ἓτερον
859 3162 922 3210 ἐκ
977 3161 1077 3226 τῆς
1129 3159 1278 3222 θείας
1341 3159 1592 3229 Γραφῆς,
1651 3161 1782 3228 περὶ

1889 3187 2049 3239 quem
2082 3171 2246 3222 alium
2281 3185 2346 3222 ex
2378 3170 2564 3222 divina
2601 3167 2910 3236 Scriptura,
2943 3170 3031 3222 die
3088 3185 3354 3225 canonem
3404 3173 3473 3226 de

189 3253 427 3304 ἐκείνων
454 3252 584 3304 τῶνι
612 3251 834 3321 βιϐλίων
866 3251 992 3318 λέγε
1041 3252 1132 3304 τὸν
1175 3252 1376 3305 κανόνα
1431 3252 1783 3319 διαλέγεσθαι

187 3345 307 3395 τῶν
332 3345 764 3414 ἐκχωρηθὲντων
788 3341 1290 3410 ἀναγινώσκεσθαι.
1323 3344 1403 3396 Τὰ
1428 3345 1537 3414 γὰρ
1600 3347 1782 3413 ἀπρα-

189 3437 478 3498 κτήσαντα
524 3436 618 3486 καὶ
677 3435 1038 3501 κατατέμνων
1096 3451 1178 3496 τις
1238 3435 1333 3487 καὶ
1356 3434 1676 3503 ἀπαλείφων
1721 3438 1783 3487 οὐ

192 3527 620 3598 κολασθήσεται.
702 3529 1018 3596 Σημείωσαι
1078 3529 1252 3579 ταῦτα
1294 3526 1382 3580 διὰ
1415 3529 1540 3590 τοὺς
1582 3528 1787 3597 βιϐλιο-

191 3620 504 3689 καπήλους,
562 3621 690 3681 τοὺς
738 3620 1142 3688 ἀπαλείφοντας
1173 3623 1271 3680 τὰς
1325 3619 1648 3688 μεμϐράνας
1676 3622 1784 3673 τῶν

193 3713 362 3766 Θείων
396 3714 652 3783 Γραφῶν,
696 3715 790 3765 καὶ
821 3712 897 3782 μὴ
930 3710 1210 3781 παραδέξῃ
1262 3711 1486 3773 τούτους
1520 3713 1786 3780 λέγοντας

189 3806 272 3870 ὡς
303 3810 513 3875 ἐφεῖται
534 3807 654 3858 τόδε
682 3822 733 3857 τι
761 3808 826 3857 ἐκ
853 3808 950 3873 τῆς
986 3807 1136 3867 θείας
1167 3805 1389 3872 Γραφῆς
1429 3807 1779 3872 ἀπαλείφειν,

191 3902 294 3954 καὶ
324 3899 513 3968 ἕτερον
538 3898 595 3950 ὲν
643 3900 755 3960 τοῖς
787 3899 1139 3965 ἁπαλειφεῖσι
1177 3900 1583 3969 μεταγράφειν.
1632 3900 1784 3960 Ἑνὸς

191 3995 309 4063 γὰρ
340 3994 543 4046 ἀτόπου
577 3992 849 4054 δοθέντος,
887 3994 980 4046 καὶ
1009 3994 1175 4061 ’ἐτερα
1202 3995 1373 4046 πολλα
1432 3994 1612 4046 ἄτοπα
1655 4010 1783 4044 συν-

192 4085 662 4153 ακολουθήσουσιν
693 4100 709 4116 ⁶
739 4087 786 4138 οἱ
822 4086 1011 4156 μέντοι
1042 4086 1404 4155 βιϐλιοπῶλαι
1463 4088 1782 4141 ἐπαινετέοι

192 4181 307 4233 είσί
363 4180 502 4252 (75).

269 4272 516 4325 ΖΩΝΔΡ.
554 4272 634 4325 Τὰ
663 4270 844 4342 βιϐλία
874 4273 976 4341 τῆς
1009 4271 1370 4324 θεοπνεύστου
1406 4273 1651 4343 Γραφῆς,
1683 4273 1784 4342 τῆς

191 4380 256 4416 τε
286 4363 533 4425 Παλαιᾶς
561 4361 842 4432 Διαθήκης
885 4363 983 4416 καὶ
1028 4363 1129 4435 τῆς
1180 4363 1410 4430 Καινῆς,
1435 4364 1529 4416 καὶ
1572 4364 1643 4416 τὰ
1673 4364 1785 4415 τῶν

198 4457 375 4524 ἁγίων
434 4440 827 4525 Πατέρωνηιαὶ
859 4453 1224 4519 διδασκάλων,
1265 4455 1376 4506 τῶν
1412 4457 1783 4522 ἐγκριθέντων

1892 3264 1959 3316 iis
1997 3265 2151 3316 libris
2207 3262 2379 3330 loqui,
2431 3277 2570 3325 (ιιιιιε
2631 3262 2955 3329 permissum
3022 3270 3106 3316 est
3173 3264 3297 3333 legi,
3357 3263 3466 3321 Eos

1888 3357 2056 3419 enini,
2087 3357 2175 3422 qui
2207 3371 2312 3408 non
2343 3365 2472 3407 sunt
2503 3361 2648 3417 usui,
2675 3370 2719 3407 su
2750 3357 2882 3422 quis
2911 3354 3090 3410 deleat
3121 3366 3173 3408 et
3197 3359 3473 3410 COIISl‘iI-I-

1889 3450 2005 3511 dat,
2043 3464 2149 3500 non
2192 3449 2470 3515 punietur.
2502 3445 2642 3500 Nota
2675 3459 2856 3500 autem
2887 3448 3002 3500 liarc
3045 3457 3271 3518 propter
3303 3447 3469 3504 libro-

1891 3558 2010 3594 rum
2066 3543 2496 3610 cauponatores.
2550 3541 2643 3608 qui
2695 3540 3004 3594 divinarum
3061 3541 3470 3612 Scripturarum

1891 3635 2238 3688 membranas
2274 3635 2456 3686 delent
2490 3650 2503 3687 :
2542 3643 2595 3687 et
2632 3649 2697 3687 ne
2739 3633 3027 3688 admiseris
3069 3649 3165 3689 eos
3197 3635 3492 3700 dicentes.-

1887 3729 2031 3796 qnod
2067 3727 2190 3780 licet
2224 3729 2368 3780 hunc
2417 3728 2616 3800 divina;
2680 3725 2978 3795 Scriptura
3032 3729 3228 3782 librum
3268 3720 3492 3798 delere;

1891 3819 1955 3875 ef
1983 3823 2149 3874 alium
2195 3821 2316 3874 loco
2356 3821 2662 3874 delt'torum
2696 3823 3086 3876 transcribere.
3137 3822 3274 3877 Dato
3326 3825 3473 3879 enim

1891 3925 2001 3964 uno
2062 3911 2323 3973 abSnrdo,
2379 3913 2546 3963 unilta
2584 3927 2805 3980 quoque
2855 3912 2960 3965 alia
2995 3913 3232 3967 absurda
3269 3928 3474 3968 conse-

1887 4014 2131 4074 quentur
2170 4023 2183 4058 :
2217 4004 2313 4058 sed
2344 4016 2472 4060 sunt
2504 4006 2721 4074 quidem
2762 4007 3019 4060 laudandi
3069 4007 3400 4077 bibliopolae.

1963 4269 2216 4324 ZO‘SAB.
2253 4269 2306 4320 γ.
2331 4269 2464 4324 teris
2495 4287 2557 4322 ac
2584 4269 2715 4323 Novi
2754 4270 3109 4337 Testamenti,
3137 4273 3323 4328 divino
3351 4274 3480 4344 Spi-

1891 4367 1998 4418 ritu
2031 4367 2298 4425 dn-tante,
2328 4365 2676 4434 conscriptos
2713 4365 2887 4420 libros
2911 4407 2925 4429 ,
2973 4375 3032 4418 ut
3077 4377 3130 4421 et
3161 4381 3476 4422 sanctorum

1891 4457 2114 4514 Patrum
2153 4475 2215 4510 at:
2245 4458 2557 4520 doctorum,
2594 4460 2685 4528 qui
2722 4477 2830 4513 non
2875 4463 2995 4514 sine
3030 4462 3357 4530 probatione
3399 4467 3477 4516 vi-

197 4551 424 4621 3ηλαδη,
480 4523 598 4600 τῶν
653 4547 798 4616 μετὰ
857 4547 1185 4617 δοκιμασίας
1238 4549 1783 4618 δεχθέντων(πολλοὶ

1894 4554 2094 4606 delicet
2129 4552 2354 4605 admissi
2397 4553 2641 4620 rectique
2713 4561 2865 4609 sunt,
2899 4554 3078 4621 (multi
3119 4571 3354 4625 namque
3394 4575 3480 4609 res

193 4648 310 4717 γὰρ
339 4643 749 4714 συνεγράψαντο
792 4643 923 4712 περὶ
955 4644 1197 4706 πίστεως
1231 4643 1427 4711 λόγους
1464 4643 1560 4695 καὶ
1611 4645 1790 4714 ἑρμη-

195 4742 348 4802 νείας
403 4737 656 4810 Γραφῶν,
705 4735 833 4797 ἀλλ’,
885 4734 1282 4805 ἁπεϐλήθησαν
1316 4737 1409 4788 καὶ
1452 4736 1792 4806 ἀπεδοκιμὰ-

198 4832 433 4904 σθησαν)
463 4849 478 4865 ·
509 4833 577 4884 τὰ
601 4831 735 4901 γοῦν
759 4831 857 4900 τῆς
893 4818 1136 4890 “alata;
1184 4829 1280 4881 καὶ
1320 4825 1467 4891 Νέας
1509 4829 1790 4899 Διαθήκης

197 4927 406 4996 βιϐλία,
451 4925 544 4978 καὶ
572 4925 640 4978 τὰ
665 4922 775 4976 τῶν
802 4923 1173 4993 ὲγκριθέντων
1207 4921 1472 4991 Πατέρων
1523 4922 1791 4988 φυλάττε-

196 5023 328 5074 σθαι
357 5022 386 5072 ὁ
411 5017 592 5071 κανὼν
621 5017 859 5078 κελεύει.
897 5015 1038 5070 ἀλλὰ
1070 5015 1144 5085 μὴ
1176 5003 1619 5083 διαφθείρεσθαι,
1647 5018 1786 5084 μηδὲ

195 5114 668 5184 κατατέμνεσθαι,
727 5109 866 5182 μηδὲ
933 5113 1046 5172 τοῖς
1108 5108 1583 5180 βιϐλιοκαπήλοις,
1613 5109 1646 5186 ἦ
1675 5111 1788 5174 τοῖς

1894 4647 2040 4702 lidei.
2077 4645 2235 4698 tntilli
2274 4661 2560 4698 sat-rarum
2619 4645 2954 4698 Litterarum
2990 4649 3483 4715 interpretationes

1893 4741 2259 4806 scripserunt,
2305 4754 2490 4789 verum
2521 4739 2844 4806 improbatis
2870 4749 3058 4807 postea
3087 4741 3477 4808 damnatisque

1892 4832 2154 4902 operibus
2193 4832 2464 4898 prosecuti
2509 4830 2773 4897 fuerant),
2823 4847 3010 4886 saeros
3045 4833 3212 4900 igitur
3267 4835 3480 4889 Veteris

1895 4943 1958 4979 ac
1986 4924 2120 4978 Novi
2165 4923 2527 4984 Testaznenti.
2559 4935 2606 4978 et
2645 4924 3000 4992 probatorum
3054 4925 3274 4979 Patrum
3310 4928 3480 4983 libros

1896 5021 1987 5072 hic
2033 5033 2212 5070 canon
2251 5018 2496 5068 studiose
2527 5029 2858 5068 conservare
2892 5015 3071 5084 jubet.
3109 5016 3295 5086 Neque
3345 5036 3477 5074 vero

1898 5128 1993 5166 eos
2024 5111 2202 5178 inquit
2235 5125 2590 5178 corrumpere
2625 5121 2716 5162 aut
2753 5111 3149 5175 eouseindvre,
3188 5113 3268 5164 vel
3309 5113 3482 5166 libro-

955 5289 971 5309 .
1445 5227 1614 5288 Guil.
1648 5228 1983 5311 Beveregii
2021 5238 2209 5289 noue.

274 5338 387 5414 (74)
423 5339 494 5414 Εί
513 5333 601 5414 μή
642 5351 699 5388 τι
725 5333 842 5414 ἄρα
869 5332 1106 5414 τέλεος.
1137 5329 1450 5414 ιεξερηιιιιι
1480 5346 1650 5414 μιχιιιΛ
1682 5350 1782 5414 ms.

1893 5333 1994 5400 τῆς
2025 5331 2331 5414 ὑπεραγίας
2367 5346 2467 5395 μου
2497 5329 2760 5414 θεοτόκομ
2790 5329 2888 5396 τῆς
2912 5330 3484 5414 ὀδηγητρίας,.>λέγον-

195 5401 696 5464 Δηὶθτὶιθριιῖυιιυηι
735 5406 783 5456 εί
815 5405 890 5472 μή
923 5420 1008 5454 τοι
1059 5402 1178 5472 ἄρα,
1220 5401 1431 5472 βιϐλίον
1475 5401 1584 5453 τῶν
1626 5401 1788 5454 θείων

200 5478 460 5551 Γραφῶν.
489 5479 590 5551 his.
637 5471 1114 5551 AmerbaCbianus
1156 5475 1365 5528 rectius
1410 5471 1573 5543 legit,
1603 5472 1788 5542 βιϐλία

195 5545 311 5607 τῶν
335 5545 502 5604 θείων
542 5545 793 5619 Γραφῷν.

279 5623 392 5692 (⁸15)
434 5612 800 5692 Ἐπαὶνέτέῗοι
831 5617 974 5692 είᾳί.
1011 5613 1071 5669 ιη
1113 5630 1217 5692 ms.
1262 5624 1453 5692 uoslro
1489 5612 1787 5692 Bodleiano

202 5685 320 5748 lucc
351 5685 685 5762 sequuntur,
740 5688 1077 5762 qusiwcrar
1109 5687 1202 5762 τὸν
1259 5685 1782 5762 παρόντα.κανὸνα,

201 5769 301 5819 καὶ
335 5756 573 5832 φύλαττε
606 5756 834 5813 τούτονί
858 5759 959 5812 κᾶν
988 5758 1099 5824 ἐγὼ
1143 5758 1242 5832 οὐκ
1299 5756 1578 5832 ἠδυνήθην
1613 5757 1789 5832 κιολῦ-

203 5855 296 5890 σαι
324 5827 451 5898 τοὺς
476 5833 895 5904 είσερχομένους
926 5830 1224 5899 κοσμικοὸς
1262 5831 1340 5891 είς
1371 5830 1430 5880 τὸ
1459 5830 1613 5896 ἅγιον
1635 5827 1788 5898 βῆμα

1896 5422 1996 5465 τας
2055 5403 2302 5471 ἀρχῆθεν
2369 5400 2802 5471 κρατῆσαιίτὴν,
2849 5401 3110 5468 τοιαύτην
3169 5402 3483 5470 συνήθειαν,

1899 5475 1957 5526 έν
1989 5492 2046 5526 τε
2088 5475 2165 5542 τῷ
2195 5470 2342 5540 ἁγίῳ
2372 5472 2508 5539 οἴκῳ
2531 5470 2628 5537 τῆς
2653 5470 3022 5541 Θεομήτορος,
3056 5472 3148 5524 καὶ
3181 5475 3238 5523 ἐν
3265 5474 3342 5540 τῷ
3387 5474 3483 5528 τοῦ

1901 5547 2157 5615 Σωτῆρος
2215 5543 2375 5612 ἡμῶν
2424 5543 2599 5609 Ἰησοῦ
2637 5543 2877 5610 Χριστοῦ
2932 5544 3023 5594 τοῦ
3085 5544 3141 5593 ἐν
3175 5547 3237 5612 τῇ
3268 5545 3484 5614 Χαλκῇ.

1902 5615 2104 5671 Verum
2164 5617 2277 5668 Itan:
2308 5615 2472 5667 verba
2513 5629 2619 5666 non
2655 5616 2718 5684 ad
2752 5624 3074 5680 praesentem
3117 5617 3211 5668 sed
3247 5631 3484 5682 sequo-u-

1900 5698 2004 5740 lein
2042 5696 2309 5739 cauon’em
2337 5687 2460 5753 jure
2521 5688 2816 5752 pertinent,
2874 5697 3132 5754 tanquam
3173 5696 3298 5738 uota
3334 5687 3489 5740 vide-

1900 5759 2407 5824 lieetmargiualis.
2473 5756 2528 5809 ln
2599 5757 2976 5826 uzauusrripto
3049 5758 3488 5829 Anterbacbiarp

1901 5831 2094 5884 uullibi
2133 5830 2409 5900 leguntur.
