4218 6458
189 399 298 470 753

1174 413 1254 472 ΙΝ
1287 411 1452 472 CAN.
1492 412 1646 471 LXX
1685 411 1896 472 CONC.
1939 415 2016 473 IN
2050 369 2383 475 Τιιυίω.

3315 406 3421 467 ’754

187 520 252 570 ού
299 519 405 588 μὴν
431 522 516 573 ὅτε
545 520 705 591 χάριν
742 523 1168 591 προσκυνήσεως
1198 523 1358 591 μόνον
1410 522 1748 590 βουληθῶσιν
1779 576 1781 581 η

1875 541 1958 576 em
2007 525 2051 579 si
2086 526 2256 578 solius
2285 523 2620 578 adorationis
2657 523 2828 592 gratia
2861 522 3040 590 ipsum
3078 518 3290 588 ingredi
3326 534 3422 570 vo-

188 609 450 663 εἰσελθεῖν
483 612 539 662 ὲν
566 611 742 681 αύτῷ·
781 615 906 680 ἐμοὶ
933 613 992 664 δὲ
1018 612 1177 665 τούτο
1227 614 1288 664 ού
1324 613 1488 666 δοκεῖ.
1528 614 1589 665 υἱ
1651 613 1754 679 γὰρ

193 703 537 771 πατριάρχας
596 703 1028 772 προϐαλλόμενοι
1084 703 1356 773 ὀρθόδοξοι
1405 704 1645 773 βασιλεῖς
1685 704 1754 755 δι’

187 792 534 860 ιπικλήσεως
568 796 664 862 τῆς
689 793 851 861 ἁγίας
881 795 1132 864 Τριάδος.
1186 796 1280 846 καὶ
1334 795 1553 866 χριστοὶ
1599 795 1754 859 ὄντες

186 882 416 950 Κυρίου,
441 884 761 945 ἀκωλύτως,
783 885 872 936 ὅτε
904 885 996 937 καὶ
1024 884 1324 953 βούλονται,
1373 888 1453 948 είς
1483 886 1544 937 τὸ
1598 885 1754 952 ἆγιον

186 974 572 1045 θυσιαστήριον
624 977 959 1045 εἰσέρχονται
1009 977 1122 1046 (77)
1164 979 1281 1039 καὶ,
1341 977 1603 1046 θυμιῶσι,
1659 978 1754 1030 καὶ

187 1067 550 1134 σςραγίζουσι
586 1066 723 1134 μετά
748 1067 1031 1135 τρικηρίου
1054 1066 1236 1128 καθὼς
1266 1069 1315 1119 οἱ
1344 1069 1640 1137 ἀρχιερεῖς.

264 1161 506 1212 ΖΩΝΑΡ.
537 1160 610 1210 Τὸ
641 1159 1027 1228 θυσιαστήριον
1047 1160 1159 1218 τοῖς
1195 1160 1515 1228 ίερωμένοις
1545 1161 1752 1228 ἀφώρι-

181 1269 328 1302 σται.
359 1249 450 1300 Διὸ
481 1250 575 1301 καὶ
604 1251 629 1301 ὁ
653 1249 832 1300 κανὼν
862 1251 976 1309 τοῖς
1018 1247 1226 1304 λαῖκοῖς
1257 1250 1594 1320 ἀπαγορεύει
1654 1251 1752 1321 τὴν

188 1343 323 1410 πρὸς
357 1342 484 1394 αὐτὸ
513 1341 750 1393 εἴσοδονυ
781 1341 857 1409 τῷ
877 1341 933 1393 δὲ
983 1341 1192 1412 βασιλεῖ
1230 1345 1377 1412 μόνῳ
1440 1347 1758 1414 παραχωρεῖ

183 1436 284 1502 τῆς
344 1437 422 1494 εἰς
477 1435 536 1485 τὸ
611 1434 1006 1505 θυςιαστήριον
1066 1436 1300 1496 εἰσόδου,
1338 1438 1426 1490 ὅτε
1494 1439 1758 1507 προσάγει

184 1527 334 1596 δῶρα
361 1529 436 1595 τῷ
469 1526 607 1596 Θεῷ.
635 1527 852 1595 Ὠσπερ
882 1527 926 1579 δ’
960 1527 1758 1596 ὑπεραπολογούμενοιὲαυτὼν

187 1620 234 1669 οί
274 1618 432 1670 τοῦτο
458 1617 636 1680 δόντες
688 1617 766 1687 τῷ
801 1617 1009 1687 βασιλεῖ
1037 1618 1096 1670 τὸ
1130 1620 1422 1688 προνόμιον
1454 1619 1554 1687 τῆς
1612 1619 1762 1682 ἐξου-

186 1709 309 1770 σίας
340 1710 546 1778 καὶτῆς
578 1708 869 1771 αύθεντίας
888 1711 1259 1780 ἐμνήσθησαν.
1288 1711 1572 1780 μονονουχὶ
1602 1710 1760 1764 τοῦτο

184 1799 436 1866 λέγοντες
481 1801 700 1852 auocat
736 1801 948 1866 τοῦτον,
994 1802 1129 1854 καθὸ
1159 1803 1343 1864 λαῖκός
1368 1804 1535 1863 ἐστιν,
1591 1804 1758 1872 ἐχρῆν

189 1891 339 1951 ἐντὸς
373 1891 602 1942 εἰσιέναι
628 1890 723 1943 τοῦ
743 1891 1168 1960 θυσιαστηρίου·
1206 1893 1339 1944 ἀλλά
1369 1893 1454 1944 διὰ
1481 1891 1578 1960 τὴν
1608 1891 1756 1954 ἐξου-

189 1983 314 2034 σίαν
341 1983 434 2034 καὶ
468 1969 567 2051 την
595 1982 882 2035 αὐθεντίαν
915 1983 1129 2052 ἐνεδόθη
1167 1983 1318 2052 αὐτῷ
1345 1983 1583 2053 ἀρχῆθεν
1604 1983 1762 2035 τοῦτο

188 2074 538 2142 παραδῧντων
582 2075 688 2126 τῶν
721 2074 1089 2144 παλαιοτέρων
1120 2075 1402 2146 Πατὲρων.

192 2337 411 2391 ΑΡΙΣΤ.
481 2355 500 2388 ι
542 2340 602 2390 Ei
634 2339 709 2409 μὴ
778 2341 1052 2410 βασιλεὺς,
1113 2341 1264 2404 οὔτις
1307 2343 1415 2396 τῶν
1461 2343 1665 2398 λαῐκῶν
1688 2346 1765 2408 εἰς

624 2457 641 2482 ι
687 2434 999 2502 ἱλαστήριον
1035 2435 1283 2489 εἴσεισιν.
1323 2457 1342 2488 i

262 2525 389 2586 Τοῖς
416 2529 702 2593 κοσμικοῖς
731 2526 792 2577 τὸ
860 2527 1181 2596 ἱλαστήριον
1229 2527 1453 2583 ᾶὸατον.
1506 2530 1767 2591 Βασιλεὺς

193 2616 249 2666 δὲ
290 2617 350 2667 ού
405 2617 716 2668 κεκώλυται
769 2618 1128 2696 εἰσέρχεσθαιε
1159 2622 1215 2671 ὲν
1263 2619 1434 2689 αὐτῷ,
1484 2621 1646 2690 ἡνίκα
1702 2622 1767 2674 ἂν

197 2705 430 2777 βουληθῇ
455 2710 546 2759 καὶ
580 2708 875 2776 προσάγειν
905 2710 1051 2777 δῶρα
1084 2709 1160 2780 τῷ
1194 2709 1333 2781 Θεῷ.

817 2823 1054 2874 ΚΑΝΩΝ
1085 2828 1162 2876 0'.

198 2954 220 2988 ε
265 2937 354 3006 Μὴ
386 2936 586 2999 ἐξέστω
609 2940 728 3000 ταῖς
755 2939 1005 3005 γυναιξὶν
1041 2939 1098 2990 ὲν
1145 2939 1224 3008 τῷ
1253 2937 1428 3008 καιρῷ
1488 2941 1585 3009 τῆς
1621 2939 1771 3001 θείας

283 3049 301 3079 ι
343 3029 686 3098 λειτουργίας
755 3030 958 3084 λαλεῖν.
1028 3030 1190 3082 Ἀλλὰ
1246 3031 1387 3083 κατὰ
1441 3029 1539 3100 τὴν
1587 3031 1770 3099 φωνὴν

275 3142 293 3173 ι
333 3122 541 3175 Παύλου
571 3123 664 3175 τοῦ
691 3124 989 3176 ἀποστόλου
1019 3126 1332 3190 σιγάτωσαν
1354 3141 1368 3154 ο
1399 3126 1457 3177 οὗ
1480 3123 1586 3192 γὰρ
1646 3125 1768 3175 ἑπι-

272 3235 290 3267 ι
330 3217 622 3284 τέτραπται
649 3219 839 3279 αὐταῖς
863 3217 1068 3276 λαλεῖν.
1091 3218 1204 3270 ἀλλ’
1232 3217 1650 3276 ὑποτάττεσθαι.
1681 3235 1778 3270 κα·
1806 3210 1851 3267 Ο

273 3328 292 3360 ι
333 3307 442 3370 θὼς
467 3309 560 3361 καὶ
587 3309 790 3378 ὁνόμος
824 3309 988 3376 φησίν
1007 3327 1020 3341 ·
1055 3312 1103 3362 εἰ
1131 3311 1190 3363 δέ.
1217 3328 1269 3362 τι
1296 3310 1485 3379 μαθεῖν
1514 3311 1779 3374 θέλουσιν,

285 3419 305 3450 ι
356 3401 414 3451 ὲν
468 3402 602 3467 οἴκῳ
653 3400 776 3462 τοὺς
828 3401 992 3464 ἰδίους
1014 3402 1210 3472 ἄνδρας
1243 3403 1705 3470 ἐπερωτάτωσαν.
1754 3421 1772 3451 ι

278 3490 473 3544 ΒᾹΛΣ.
539 3492 682 3560 Πρὸς
738 3493 1061 3564 Κορινθίους
1141 3492 1476 3546 ἐπιστέλλων
1524 3496 1552 3545 ὁ
1606 3492 1779 3562 μέγας

201 3583 438 3648 Παῦλος,
472 3588 858 3654 παρεγγυᾶται
908 3587 1030 3647 ταῖς
1059 3586 1278 3652 γυναιξὶ
1310 3587 1489 3657 σιγᾷν.
1531 3585 1626 3637 καὶ
1669 3588 1780 3648 τοῖς

193 3677 418 3738 οἰκείοις
444 3677 702 3745 ἀνδράσιν
736 3678 1006 3741 ὑπείκειν,
1033 3680 1176 3730 κατὰ
1209 3679 1300 3731 τὸν
1327 3679 1622 3732 Μωσαίκὸν
1676 3678 1770 3730 νό-

200 3787 325 3838 μον,
354 3770 445 3821 τὸν
483 3771 731 3836 λέγοντα·
768 3789 786 3821 ι
833 3771 977 3839 Πρὸς
1019 3773 1110 3823 τὸν
1135 3770 1302 3840 ἄνδρα
1331 3788 1448 3836 σου,
1504 3770 1682 3837 γύναι,
1743 3771 1774 3839 ἡ

197 3864 520 3934 ἀποστροφή
545 3881 660 3928 σου,
681 3864 773 3916 καὶ
800 3864 960 3926 αὐτὸς
993 3880 1083 3916 σου
1106 3863 1411 3931 κυριεύσει.
1450 3883 1468 3914 ι
1519 3863 1775 3917 Ἀκολού-

197 3953 312 4016 θως
334 3949 430 4005 οὖν
461 3952 672 4014 τούτοις
705 3952 1003 4021 διορίζεται
1038 3953 1066 4004 ὁ
1097 3951 1277 4003 κανὼν
1319 3951 1395 4019 μὴ
1441 3951 1622 4004 λαλεῖν
1678 3953 1777 4014 τὰς

197 4047 467 4112 γυναῖκας
497 4046 554 4096 ὲν
586 4044 759 4114 καιρῷ
803 4046 900 4114 τῆς
926 4044 1078 4104 θείας
1106 4043 1478 4113 λειτουργίας,
1507 4045 1624 4096 ἀλλ’
1670 4046 1774 4098 ὑπὸ

197 4139 309 4188 τῶν
335 4138 483 4189 ἰδίων
514 4136 724 4206 ἀνδρῶν
753 4136 896 4188 οἶκοι
930 4136 1226 4204 μανθάνειν
1268 4138 1398 4207 περὶ
1420 4131 1494 4190 ὧν
1533 4138 1772 4193 θέλουσι.

197 4228 408 4280 Τούτου
432 4227 486 4279 δὲ
519 4227 825 4296 ὁρισθέντος
856 4226 1019 4286 οὕτω,
1055 4228 1129 4296 μὴ
1174 4226 1334 4298 εἴπῃς
1376 4229 1515 4280 κατὰ
1554 4228 1652 4296 μὲν
1684 4228 1776 4279 τὸν

199 4319 395 4389 καιρὸν
416 4320 512 4387 τῆς
541 4319 884 4389 λειτουργίας
917 4317 1412 4380 κωλύεσθαιαύτάς
1443 4319 1538 4371 τοῦ
1568 4320 1771 4372 λαλεῖψ

1853 614 2054 668 lucrint
2082 633 2095 669 :
2125 617 2218 668 sed
2248 617 2377 668 mihi
2410 631 2516 667 non
2547 615 2620 668 ita
2667 614 2902 667 videtur.
2947 610 3247 665 Orthndoxi
3277 609 3424 662 enim

1855 706 2238 775 imperatores,
2275 709 2365 775 qui
2417 722 2513 775 per
2569 714 2771 759 sancta:
2803 703 3092 757 Trinitatis
3126 701 3428 755 invocatio-

1856 812 1978 852 nem
2007 797 2346 866 patriarchas
2378 797 2707 863 provehunt,
2744 805 2799 847 et
2829 805 2958 849 sunt
2989 794 3136 846 uncti
3179 792 3425 852 Domini,

1857 891 1978 944 sine
2012 890 2121 942 ullo
2151 890 2558 958 impedimento,
2587 888 2806 956 quando
2839 889 3000 941 etiam
3030 885 3324 948 voluerint,
3358 885 3425 937 ad

1858 999 2078 1036 sacrum
2116 984 2287 1036 altare
2313 981 2599 1044 accedunt,
2635 990 2688 1034 et
2717 980 2958 1042 suﬂiunt,
2992 988 3192 1033 etcum
3228 974 3428 1043 triplici

1858 1089 2019 1127 cereo
2055 1076 2296 1140 signant,
2328 1075 2470 1127 sicut
2494 1083 2551 1126 et
2580 1073 2886 1138 pontiﬁces.

1927 1166 2175 1219 ZONAR.
2229 1167 2414 1219 Altare
2457 1165 2688 1217 sacratis
2721 1163 3039 1216 hominibus
3085 1162 3427 1215 destinatur.

1866 1257 2100 1310 Proinde
2129 1259 2300 1310 laicos
2333 1259 2402 1312 ab
2443 1258 2585 1311 illius
2627 1258 2876 1326 ingressu
2926 1255 3100 1307 arceri
3133 1269 3312 1306 canon
3343 1253 3432 1319 jn-
3471 1244 3475 1250 ’

1860 1348 1979 1412 bet;
2017 1349 2107 1401 sed
2145 1350 2240 1409 ita,
2275 1358 2332 1400 ut
2363 1347 2676 1417 imperatori
2705 1360 2884 1400 tamen
2917 1385 2932 1407 ,
2975 1362 3096 1400 cum
3131 1360 3284 1397 sacra
3316 1360 3436 1396 init-

1860 1455 1990 1492 nera
2031 1440 2138 1492 Deo
2164 1440 2447 1492 oblaturus
2475 1440 2788 1501 accesserit.
2811 1454 2966 1492 sacra
2999 1439 3158 1506 adyta
3195 1436 3434 1489 intrandi

1875 1531 1976 1584 soli
2009 1531 2078 1583 sit
2123 1529 2380 1585 facultas.
2406 1531 2571 1596 Quasi
2597 1547 2724 1584 vero
2755 1547 2812 1584 se
2838 1531 3182 1583 abundanter
3208 1543 3434 1581 excusa-

1862 1629 2004 1686 rent,
2039 1622 2130 1689 qui
2165 1622 2305 1675 hanc
2342 1623 2654 1690 imperatori
2692 1622 3105 1690 praerogativam
3140 1635 3435 1673 concesse-

1863 1722 2022 1773 rant,
2052 1713 2414 1780 imperatoriae
2449 1715 2739 1780 potestatis
2775 1725 3154 1779 Slipl'elita’tIlle
3198 1707 3440 1762 auctori-

1863 1805 1990 1858 tatis
2018 1805 2348 1859 mentionem
2379 1807 2583 1859 ideirco
2620 1806 2881 1871 iniecere,
2911 1805 3081 1858 ferme
3116 1810 3219 1856 hoc
3247 1803 3403 1856 dicen
3425 1830 3442 1841 -

1868 1907 1970 1960 tes,
2017 1898 2158 1965 quod
2221 1898 2528 1966 imperatori
2574 1914 2812 1967 quoque,
2873 1913 2979 1966 qua
3027 1898 3198 1949 laicus
3230 1907 3333 1957 est,
3371 1895 3437 1948 ad

1863 2003 2083 2042 sacrum
2121 1988 2291 2057 altare
2324 1989 2526 2057 ingredi
2566 2007 2669 2043 non
2706 1990 2824 2042 licet
2864 2005 2876 2040 :
2911 1989 3002 2041 sed
3041 1997 3261 2056 propter
3292 2002 3437 2046 eam.

1864 2093 1968 2146 qua
1990 2079 2246 2146 przeditus
2269 2092 2371 2144 est,
2399 2096 2664 2149 suprema;
2691 2083 2974 2147 poIeSIatis
3009 2097 3071 2133 ac
3096 2079 3442 2133 auctoritatis

1865 2171 2305 2237 amplitudinem,
2333 2172 2382 2224 id
2417 2173 2464 2224 ei
2502 2183 2818 2240 pervetusto
2845 2175 3194 2242 antiquorum
3219 2171 3440 2224 Patrum

1865 2264 2117 2328 exemplo
2162 2265 2261 2332 ipsi
2310 2280 2526 2332 quoque
2559 2266 2857 2319 concedere
2886 2281 2992 2317 non
3031 2257 3369 2317 recusarunt.

1937 2352 2166 2408 ARIST.
2206 2375 2223 2406 ι
2267 2357 2458 2410 Nullus
2499 2357 2671 2410 laicus
2721 2367 2948 2426 exet-pio
3001 2358 3330 2425 imperatore
3376 2354 3442 2406 ad

1875 2463 1892 2495 ι
1939 2447 2107 2498 altare
2139 2449 2381 2502 accedit:
2410 2468 2426 2498 ι

1941 2535 2121 2589 Laieis
2157 2538 2331 2591 altare
2362 2553 2485 2592 esse
2520 2539 2886 2592 inaccessum.
2923 2539 3223 2605 Imperator
3258 2545 3441 2588 autem

1870 2644 1976 2681 non
2013 2628 2334 2695 prohibetur
2367 2630 2510 2684 intra
2538 2640 2748 2699 septum
2777 2630 2895 2699 ejus
2925 2629 3158 2697 ingredi,
3191 2628 3447 2698 quando-

1871 2738 2089 2790 cunque
2127 2723 2366 2777 voluerit
2398 2725 2536 2778 dona
2563 2727 2724 2779 etiam
2759 2723 2869 2778 Deo
2901 2723 3119 2779 oﬂ‘erre.

2433 2836 2661 2891 CANON
2718 2837 2884 2893 LXX.

1879 2966 1896 2997 ι
1937 2948 2017 3001 Ne
2070 2949 2233 3001 liceat
2275 2949 2594 3004 mulieribus
2629 2949 2798 3002 divini
2856 2949 3143 3002 ministerii
3208 2956 3450 3021 tempore

1950 3059 1968 3090 ι
2007 3041 2189 3110 loqui;
2218 3043 2310 3095 sed
2347 3043 2645 3096 Secundum
2673 3042 2902 3108 apoStoli
2930 3041 3080 3094 Pauli
3115 3050 3446 3109 pra-ceptum

1950 3151 1968 3182 ι
2006 3133 2222 3187 sileant.
2254 3132 2367 3186 Non
2393 3135 2534 3186 enim
2566 3136 2644 3186 eis
2677 3135 2821 3202 loqui
2857 3134 3182 3202 permissum
3217 3143 3320 3192 est.
3353 3130 3448 3184 sed

1966 3243 1986 3275 ι
2024 3225 2243 3292 subjici.
2275 3226 2416 3280 sicut
2447 3226 2582 3278 dixit
2614 3226 2696 3280 lex
2735 3243 2748 3278 :
2786 3227 2830 3280 si
2880 3225 3009 3295 quid
3048 3238 3228 3279 autem
3267 3225 3456 3278 volunt

1952 3337 1974 3370 ε
2008 3318 2240 3384 discere,
2276 3318 2421 3374 domi
2461 3321 2709 3389 proprios
2751 3319 2974 3373 maritos
3025 3320 3382 3386 interrogent.
3419 3338 3438 3368 ι

1949 3491 2143 3546 Βειιὲ.
2179 3492 2481 3547 Corinthiis
2508 3494 2753 3548 scribens
2786 3509 3017 3561 magnus
3046 3493 3268 3552 Paulus.
3312 3506 3452 3560 prze-

1882 3585 2014 3652 cipit
2047 3585 2360 3640 mnlieribns
2408 3586 2569 3638 silere
2607 3624 2621 3646 ,
2676 3593 2730 3639 et
2782 3584 2993 3638 maritis
3022 3585 3140 3638 suis
3173 3582 3455 3648 subiectas

1871 3695 1990 3734 esse
2015 3677 2054 3742 ⁸,
2079 3677 2474 3730 convenienter
2503 3677 2603 3746 legi
2642 3675 2912 3737 Mosaicze.
2936 3693 3057 3745 qua:
3099 3675 3234 3730 dicit
3270 3692 3284 3727 :
3323 3695 3340 3725 ι
3376 3674 3458 3727 Ad

1873 3772 2048 3822 virum
2074 3777 2252 3832 tuum,
2275 3767 2492 3829 mulier,
2522 3767 2810 3820 conversio
2839 3776 2952 3830 tua,
2980 3775 3033 3817 et
3065 3765 3181 3832 ipse
3203 3764 3454 3818 domina-

1875 3863 2020 3915 bitur
2041 3859 2142 3913 tilii
2165 3860 2204 3912 ⁵.
2239 3878 2257 3909 ι
2292 3857 2386 3911 llis
2410 3873 2540 3926 ergo
2558 3865 2959 3931 consequenter
2990 3856 3235 3910 decernit
3259 3869 3458 3917 canon,

1876 3969 1945 4009 ne
1982 3953 2238 4006 mulieres
2290 3951 2462 4004 divini
2510 3941 2798 4004 ministerii
2843 3959 3088 4017 tempore
3140 3949 3460 4016 loquantur,

1881 4043 1976 4098 sed
2009 4042 2154 4095 domi
2183 4057 2214 4094 a
2243 4041 2374 4094 viris
2409 4041 2522 4095 suis
2546 4057 2608 4093 ea
2643 4041 2884 4106 discant,
2915 4055 3037 4107 quze
3069 4040 3214 4092 scire
3247 4038 3458 4092 volunt.

1883 4133 1997 4187 Hoc
2037 4142 2217 4186 autent
2271 4137 2352 4188 sic
2391 4134 2696 4187 constituto
2722 4171 2738 4196 ,
2773 4149 2838 4185 ne
2867 4131 3072 4185 dixeris
3104 4147 3199 4185 eas
3232 4130 3457 4198 quidem

1886 4226 2162 4296 prohiberi
2196 4225 2347 4295 loqui
2379 4236 2622 4294 tempore
2655 4225 2942 4279 ministerii
2978 4241 2994 4276 :
3029 4223 3087 4277 in
3121 4223 3244 4276 aliis
3275 4229 3462 4274 autem

1887 4318 2280 4371 ecclesiasticis
2314 4317 2676 4372 conventibus
2702 4316 2865 4387 240
2889 4317 3020 4369 nihil
3051 4323 3236 4368 vetare
3258 4327 3354 4367 eas
3380 4314 3464 4365 lo-

199 4408 346 4461 κατά
367 4407 423 4461 δὲ
453 4408 551 4471 τὰς
587 4409 781 4477 ἑτέρας
803 4407 1268 4475 ὲκκλησιαστικὶς
1309 4407 1561 4471 συνάξεις
1588 4410 1775 4482 ἀπαρ-

1888 4413 2003 4481 qui.
2035 4409 2242 4465 Debent
2270 4409 2415 4464 enim
2449 4420 2580 4466 tunc
2608 4426 2827 4482 quoque
2851 4418 3055 4465 tacere.
3077 4406 3148 4463 Ut
3171 4415 3254 4463 est
3280 4415 3466 4461 autem

269 4590 329 4642 ⁸1
359 4589 488 4644 Cor.
521 4607 638 4656 xiv,
675 4591 766 4648 55.
843 4594 864 4624 '
901 4591 1098 4648 Cenes.
1135 4609 1215 4656 ιιι,
1255 4592 1344 4653 16.

1390 4727 1586 4789 Guill.
1636 4725 1964 4804 Beveregii
2007 4733 2189 4787 noue.

275 4855 387 4915 (77)
443 4855 543 4917 Εἲς
599 4853 666 4904 τὸ
737 4853 910 4920 ἅγιον
960 4851 1393 4922 θυσιαστήριον
1457 4849 1769 4922 εἰσέρχον-

193 4943 318 4977 tm.
381 4926 438 4975 In
488 4925 676 4976 codice
724 4924 1158 4976 Amerbachiano
1216 4921 1475 4978 scribitur
1533 4921 1771 4973 είσελεύο

195 5013 411 5049 σινται.
448 5011 549 5061 qua
584 4995 744 5047 etiam
777 5009 907 5046 voce
965 4998 1078 5048 haec
1103 4994 1448 5048 Balsamonis
1499 4995 1771 5058 interpre-

196 5067 339 5117 ιιιὶο
393 5065 445 5116 in
491 5067 592 5118 isto
676 5065 866 5117 codice
917 5064 1162 5128 desinit;
1227 5066 1279 5117 in
1348 5072 1535 5116 nostro
1585 5073 1766 5115 autem

199 5135 501 5187 llodleiano
563 5149 672 5187 non
724 5151 884 5188 svcus
933 5153 996 5188 ac
1054 5135 1103 5187 in
1163 5135 1407 5189 editione
1476 5132 1769 5187 Parisiensi

193 5214 399 5257 uetera
451 5208 725 5268 leguntur,
755 5205 1014 5259 nimirum
1057 5206 1152 5258 καὶ
1195 5203 1433 5272 θυμιῶσι
1462 5205 1554 5254 καὶ
1607 5219 1778 5267 σφρα-

194 5274 414 5342 γίζουτι
472 5278 612 5343 μετὰ
640 5276 954 5344 τρικηρίου,
991 5275 1175 5339 καθὼς
1211 5278 1260 5328 οἱ
1294 5275 1594 5343 ἀρχιερεῖς.
1651 5274 1780 5326 Post

194 5362 321 5414 qua:
339 5345 500 5398 verba
526 5347 637 5398 luce
655 5347 878 5409 insuper
900 5347 952 5398 in
979 5363 1084 5399 ms.
1105 5355 1295 5400 nostro
1321 5347 1597 5412 leguntur.
1617 5343 1779 5396 Ἀλλὰ

198 5417 302 5467 καὶ
333 5415 722 5482 κατηχητικῶς
776 5415 1088 5469 διδάσκουσι
1148 5415 1425 5482 τὸννλαὸν,
1457 5417 1595 5482 ὅπερ
1627 5415 1778 5482 μόνοι

195 5491 250 5537 οί
285 5481 542 5554 ἐγχώριοι
571 5485 861 5538 ἐπίσκοποι
890 5487 1126 5555 ἔχουσιν.
1195 5481 1369 5553 Εὗρον
1424 5485 1479 5536 δὲ
1515 5481 1576 5536 ἐν
1615 5481 1692 5553 τῷ
1718 5484 1782 5536 ιϐ’

192 5557 349 5623 λόγῳ
375 5555 475 5622 τῆς
518 5555 782 5618 Ἰουδαίας
809 5556 1196 5624 ἀρχαιολογίας
1229 5555 1459 5609 Φλαϐίου
1488 5555 1780 5624 Ἰωσήπου,

198 5628 535 5693 ὑπογραφὴν
566 5625 850 5697 βασιλικὴν
897 5627 1127 5695 ἔχουσαν
1153 5627 1324 5689 οὕτως
1352 5642 1364 5654 ⁸
1402 5627 1508 5678 Καὶ
1533 5625 1786 5693 Τιὸέριος

197 5697 475 5756 Κλαύδιος
531 5697 750 5766 Καῖσαρ
795 5697 1058 5759 σεϐαστὸς
1129 5697 1426 5765 Γερμανὸς,
1472 5697 1782 5766 ’ἀρχιερεὺς

252 5771 492 5842 εγιστος.
520 5767 873 5842 δημαρχικῆς
909 5767 1159 5842 ἐξουσίας
1199 5767 1412 5842 Δὒιταμτος
1468 5783 1784 5842 χειροτονη-

197 5787 492 5894 summa
523 5787 873 5835 οημαρχικης
909 5787 1159 5831 εςουσιας
1206 5787 1412 5828 υπατος
1468 5787 1784 5842 χειροτονη-

237 5839 324 5901 εὶς
362 5839 422 5891 τὸ
443 5835 714 5910 δεύτερον.
744 5837 845 5893 Sed
879 5848 927 5893 et
959 5839 1269 5893 cutechetice
1290 5837 1471 5892 docent
1512 5836 1784 5906 populum,

1875 4851 2015 4920 quod
2056 4867 2209 4916 penes
2240 4850 2380 4903 solos
2420 4848 2772 4920 provinciales
2809 4859 2886 4901 est
2934 4852 3224 4918 episcopos.
3283 4849 3466 4904 Inveni

1877 4918 2054 4974 autem
2086 4923 2139 4973 in
2178 4920 2240 4974 19
2289 4920 2422 4973 libro
2475 4918 2720 4970 Iudaica:
2775 4921 3107 4984 antiquitatis
3153 4920 3324 4973 Fiat-ii
3370 4920 3469 4972 Jo-

1876 4991 2042 5056 spphi,
2076 4991 2396 5056 imperialem
2423 4989 2848 5052 subscriptionem
2870 4993 2943 5042 sic
2972 5009 3026 5041 se
3047 4991 3319 5043 habentem
3343 5007 3360 5044 :
3398 4991 3465 5045 Ει

1881 5062 2116 5114 Tiberius
2141 5060 2398 5116 Claudius
2451 5059 2635 5113 C(vsur
2663 5060 2925 5128 Angustus
2956 5059 3250 5113 Germanus
3281 5063 3462 5128 ponti-

1882 5133 1968 5201 fex
2007 5133 2269 5184 maximus
2319 5130 2629 5182 Tribunitire
2674 5132 2948 5197 potestatis
3006 5131 3189 5201 consul
3238 5131 3471 5190 secunda

1884 5198 2180 5255 ordinatus.
2245 5201 2474 5255 Exstant
2549 5202 2660 5252 lucc
2721 5201 2883 5254 verba
2951 5201 3002 5254 in
3073 5198 3277 5267 Ioseph
3333 5201 3468 5256 Jutl.

1885 5275 2068 5341 Antiq.
2131 5273 2222 5326 lib.
2262 5288 2315 5334 κ,
2357 5286 2479 5342 cap.
2532 5271 2583 5323 4.
2628 5267 2826 5342 verum
2893 5274 3006 5324 haec
3061 5272 3112 5324 in
3171 5272 3320 5324 nullo
3364 5274 3474 5325 alio

1885 5340 2075 5397 codice
2103 5351 2344 5398 exstant.
2378 5340 2490 5394 Nec
2517 5355 2652 5394 sane
2685 5340 3030 5396 Balsamonis
3091 5359 3217 5396 esse
3277 5342 3470 5396 viden-

1889 5423 2010 5466 tur:
2055 5414 2148 5466 sed
2184 5413 2248 5465 ad
2300 5410 2598 5478 marginem
2651 5412 2828 5479 primo
2869 5413 3130 5480 ascripla,
3159 5429 3188 5466 a
3222 5411 3474 5468 Grzeculo

1827 5539 1832 5545 ,
1893 5484 2158 5553 quoda_m,'
2187 5498 2294 5536 non
2343 5482 3472 5553 animadvertenteimperatoresgﬂoma-

1894 5550 2016 5614 nos.
2048 5550 2311 5608 lithnicos
2346 5552 2674 5620 praesertim.
2724 5552 2901 5618 qualis
2935 5554 3038 5616 fuit
3091 5554 3180 5606 hic
3213 5551 3471 5607 Tiberius

1892 5625 2175 5688 Claudius,
2209 5633 2326 5676 toto
2352 5627 2537 5676 cmloa
2560 5621 2894 5677 Christianis
2928 5623 3202 5692 episcopis
3241 5627 3470 5688 distare,

1892 5697 2104 5750 etiamsi
2183 5696 2462 5764 ἀρχιερεῖς
2529 5693 2869 5760 appellentur
2906 5735 2919 5756 ,
2979 5703 3031 5748 et
3088 5693 3474 5764 χειροτονηθῆ-

1893 5784 1980 5817 ναι
2014 5768 2291 5819 dicantur.
2341 5765 2473 5821 Nam
2508 5765 2738 5817 istarum
2771 5765 3006 5820 duarum
3044 5782 3238 5821 vocum
3295 5780 3466 5824 causa

1889 5837 2002 5891 hinc
2042 5838 2201 5892 verba
2239 5836 2402 5891 citata
2444 5835 2716 5890 ridentur.
