4218 6458
183 418 281 481 761

1160 427 1236 483 IN
1281 425 1445 485 CAN.
1496 424 1709 484 LXXII
1753 424 1967 484 CDNC.
2013 424 2088 483 IN
2125 423 2456 483 TRULLO.

3321 418 3425 482 762

183 534 330 590 νὸνα,
361 532 446 582 διὰ
481 533 606 586 τοὺς
657 533 882 600 Ἴϐηρας
935 536 1058 596 τοὺς
1105 536 1411 606 datae/Spro;
1469 554 1532 588 τι
1563 538 1740 587 οἰκεῖα
1774 536 1818 587 Α
1848 577 1849 580 η

1774 536 1818 587 Α
1848 537 1998 602 gerit.
2031 534 2163 586 Nota
2189 551 2318 602 ergo
2342 539 2660 600 prmseutem
2684 543 2948 583 canonem
2976 536 3193 598 preptcr
3213 527 3417 582 Ibero»

183 621 454 689 θυγάτρια
495 624 607 682 τοῖς
696 624 1020 693 Ἀγαρηνοῖς
1064 625 1490 693 ἐκγαμίζονταε.
1550 625 1747 676 Ὡσαύ-

181 727 286 761 τως
316 710 620 777 σημείωσαι
653 712 747 762 καὶ
784 714 844 762 τὸ
889 713 1038 780 ῥῆμα
1079 713 1172 764 τοῦ
1221 715 1440 773 κανόνος
1466 714 1524 764 τὸ
1554 713 1708 777 λέγον
1730 729 1743 742 ·

183 800 491 852 [εὐδοκεῖδέ
533 801 611 868 τῷ
663 801 843 871 πιστῷ
900 806 930 870 ἡ
989 805 1216 867 ἄπιστος
1260 807 1527 856 συνοικεῖν
1557 803 1628 873 ;ἢ
1688 803 1748 854 τὸ

181 891 422 959 ἔμπαλιν
454 895 726 956 ὁάπιστος
751 898 815 963 τῇ
847 900 1011 965 πιστῇ
1039 912 1054 957 ;
1093 897 1166 963 μὴ
1193 896 1641 966 χωριζέσθωσαν.
1687 895 1747 948 Εἰ

181 985 291 1050 γὰρ
317 985 658 1051 αἱρετίσεταί
704 1003 786 1046 τις
811 986 1021 1039 τούτων
1045 986 1385 1054 διαζυγῆναι,
1413 986 1744 1039 άπεντεῦθεν

180 1079 210 1129 ὁ
231 1077 409 1144 γάμος
460 1078 951 1148 διασπασθήσεται.
987 1081 1166 1148 ’Ὅπερ
1189 1081 1377 1147 γέγονε
1405 1083 1496 1132 καὶ
1521 1081 1612 1131 ἐπὶ
1639 1077 1748 1131 τῶν

182 1170 408 1237 ἡμερῶν
436 1171 528 1222 τοῦ
559 1173 866 1237 άγιωτάτου
891 1173 1232 1242 πατριάρχου
1268 1171 1436 1241 κυροῦ
1463 1172 1742 1224 Θεοδότου.

182 1263 418 1330 Διεζύγη
452 1265 560 1332 γὰρ
591 1264 878 1327 Βασιλικδς
929 1267 1244 1334 Βυκινάτωρ
1278 1266 1414 1332 μετὰ
1445 1265 1503 1316 τὸ
1556 1263 1748 1331 βαπτι-

183 1356 383 1422 σθῆναι
416 1357 523 1407 ἀπὸ
569 1359 672 1423 τῆς
701 1358 933 1409 ἀπίστου
956 1358 1216 1423 γυναικὸς
1262 1355 1428 1410 αὑτοῦ
1475 1355 1612 1423 μετᾶ
1645 1372 1749 1405 παο

181 1448 508 1516 τριαρχικοῦ
528 1447 778 1517 ὁρισμοῦ,
808 1448 883 1510 ὡς
917 1449 990 1517 μὴ
1027 1449 1352 1516 πειθομένης
1381 1446 1747 1514 βαπτισθῆναι

182 1539 326 1590 κατὰ
354 1539 452 1604 τὴν
482 1539 576 1591 τοῦ
631 1539 824 1606 ἀνδρὸς
869 1541 1240 1608 παράκλησιν.
1282 1539 1618 1604 Ἀνάγνωσον
1654 1538 1748 1588 καὶ

180 1631 242 1681 τδ
277 1628 309 1683 ι’
339 1646 464 1698 κερ.
499 1632 592 1684 τοῦ
623 1639 670 1683 α’
719 1633 899 1684 τίτλου
939 1631 1032 1684 τοῦ
1073 1632 1336 1698 παρόντος
1378 1630 1747 1697 συτάγματος,

180 1725 276 1774 ναὶ
303 1723 370 1774 τὰ
431 1725 489 1774 ἐν
521 1722 687 1788 αὐτῷ.

252 1814 501 1869 ΖΩΝΑΡ.
533 1815 596 1866 Οἱ
627 1816 728 1882 τῆς
755 1814 976 1866 συνόδου
1035 1813 1236 1885 ταύτης
1276 1816 1410 1885 ἱεροὶ
1465 1819 1559 1871 καὶ
1613 1819 1746 1871 θεῖοι

1855 628 1946 693 qui
1983 641 2110 678 suas
2147 627 2283 678 tilias
2319 626 2577 693 Agareuis
2611 621 3081 674 iudiscrimiuatim
3124 621 3176 672 in
3209 620 3403 670 matri-

1861 719 2044 770 monio
2071 720 2356 772 collocant.
2381 718 2641 770 Similiter
2674 727 2796 768 nota
2826 723 2879 767 et
2909 714 3132 766 verbum
3159 711 3412 772 canonis,

1855 811 1998 879 quod
2033 810 2166 862 dicit
2209 810 2452 863 :lnlideli
2486 823 2664 860 autem
2700 806 2908 859 mulieri
2943 821 3064 856 eum
3107 805 3224 855 viro
3252 803 3418 865 tideli,

1854 904 2172 957 cohabitare
2225 902 2434 966 placet?
2477 901 2558 953 vel
2616 909 2828 958 contra,
2879 897 3078 950 intideli
3127 896 3246 947 viro
3292 910 3416 946 cum

1857 997 2084 1048 muliere
2118 996 2298 1048 ﬁdeli?
2334 1011 2398 1046 ne
2439 1003 2776 1060 separentur.
2809 989 2862 1042 Si
2894 989 3017 1051 quis
3050 986 3194 1039 enim
3224 985 3416 1037 horum

1855 1090 2100 1155 separari
2139 1087 2409 1145 maluerit,
2447 1083 2855 1137 matrimonium
2895 1095 2958 1134 ex
3011 1095 3076 1132 eo
3109 1077 3416 1130 divelletur.

1854 1179 2007 1244 Quod
2038 1181 2255 1247 quidem
2294 1179 2491 1230 factum
2538 1186 2620 1229 est
2665 1189 2904 1239 tempore
2952 1171 3282 1226 sanctissimi
3323 1184 3421 1236 pa-

1855 1271 2111 1324 triarcha:
2163 1270 2368 1323 domini
2422 1269 2706 1321 Theodoti.
2741 1268 3032 1332 Srparatus
3077 1273 3159 1314 est
3207 1261 3349 1313 enim
3390 1275 3418 1311 τι

1854 1382 1949 1420 sua
1987 1365 2186 1418 inti-loli
2225 1380 2391 1417 uxore
2439 1363 2706 1416 Basilicus
2750 1358 3093 1411 Bucriuator.
3130 1364 3417 1419 postquam

1856 1460 2160 1526 baptizatus
2195 1457 2390 1513 fuerat.
2418 1472 2540 1509 cum
2573 1456 2791 1505 decreto
2821 1447 3166 1518 patriarchali
3195 1465 3206 1498 :
3235 1454 3422 1513 utpote

1854 1565 1973 1617 qua:
2011 1565 2038 1601 a
2071 1550 2169 1601 viri
2208 1548 2465 1602 suasione
2513 1546 2697 1600 induci
2733 1560 2837 1596 nou
2871 1552 3133 1609 possetut
3170 1541 3417 1603 baptiza»

1856 1651 2025 1695 retur.
2052 1639 2189 1707 Lege
2211 1651 2262 1692 et
2288 1641 2556 1692 decimum
2585 1647 2749 1705 caput
2784 1635 2938 1704 primi
2969 1633 3107 1685 tituli
3140 1631 3421 1699 prmscntis

1853 1733 2056 1800 operis,
2095 1740 2148 1782 et
2182 1746 2303 1797 qum
2338 1731 2388 1780 in
2422 1744 2486 1778 eo
2515 1736 2658 1779 situt.

1924 1821 2172 1877 ZONAR.
2209 1821 2280 1874 De
2313 1821 2379 1873 iis
2417 1820 2508 1887 qui
2541 1822 2679 1870 inter
2711 1833 2768 1869 se
2806 1830 2910 1868 nou
2944 1816 3016 1866 ita
3050 1812 3257 1880 pridem
3301 1825 3420 1862 ma-

180 1909 426 1977 Πατέρες
481 1907 752 1977 περὶτῶν
807 1907 931 1974 ἄρτι
985 1907 1374 1976 ζευγνυμένων
1440 1912 1518 1971 εἰς
1564 1913 1744 1977 γάμου
1783 1887 1820 1939 Β

1738 1929 1744 1958 ι
1783 1887 1820 1939 Β
1854 1916 2092 1968 trimonii
2132 1913 2332 1967 laedere
2358 1911 2530 1980 juncti
2565 1917 2690 1962 sunt
2715 1951 2729 1967 ,
2763 1908 2808 1961 si
2841 1922 3030 1959 eorum
3075 1906 3301 1955 alterum
3344 1901 3404 1953 fi-

177 2000 468 2053 κοινωνίαν
489 1999 873 2069 νομοθετοῦσιν
900 2017 912 2030 ·
960 1993 1041 2053 ὧν
1108 1999 1199 2051 τὸν
1233 2000 1330 2069 μὲν
1360 2001 1551 2053 πιστὸν
1608 1997 1743 2054 εἶναι

179 2089 540 2154 ὑποτιθέασι,
584 2091 682 2160 τὴν
730 2091 786 2142 δὲ
837 2090 1063 2144 ἄπιστον
1110 2129 1126 2154 ,
1190 2091 1224 2160 ἢ
1290 2091 1601 2144 τούναντίον
1653 2093 1748 2143 καὶ

178 2178 588 2248 ἀπαγορεύουσι
613 2183 712 2239 τὰς
742 2181 995 2241 τοιαύτας
1027 2181 1313 2247 συζυγίας,
1344 2185 1435 2233 καὶ
1452 2182 1748 2250 γενομένας

173 2271 234 2323 δὲ
251 2271 582 2323 διασπᾶσθαι
599 2272 929 2323 κελεύουσιν.
957 2274 1031 2324 Οὐ
1067 2277 1173 2340 γάρ
1208 2273 1333 2342 χρὴ.
1365 2276 1518 2340 φασὶ,
1551 2275 1747 2342 μιγνῦο

176 2381 268 2415 ναι
293 2363 362 2414 τὰ
409 2363 636 2431 ἄμικτα.
677 2365 738 2415 Εἰ
769 2366 876 2431 γάρ
907 2366 940 2434 ή
969 2365 1069 2432 τῆς
1109 2365 1285 2435 ψυχῆς
1335 2368 1464 2434 περὶ
1523 2367 1620 2434 τὴν
1659 2367 1749 2418 πί-

177 2472 299 2505 στιν
329 2454 568 2517 διάθεσις
607 2457 824 2508 ἐναντία
853 2459 964 2519 τοῖς
990 2457 1318 2519 συνοικοῦσι,
1356 2458 1474 2518 πῶς
1528 2458 1596 2511 ἂν
1621 2461 1748 2528 περὶ

176 2548 247 2599 τὰ
277 2548 414 2600 ἄλλα
434 2548 696 2615 ὁμόιζιυχοι
725 2548 937 2601 ἔσονται
959 2564 973 2610 ;
999 2549 1031 2618 ἢ
1065 2549 1179 2610 πῶς
1211 2551 1267 2601 ἐν
1294 2550 1372 2620 τῷ
1400 2552 1628 2618 μείζονι,
1671 2555 1744 2621 τῇ

175 2638 365 2689 πίστει
393 2637 552 2703 λέγω,
582 2636 888 2704 άσύμόατοι
917 2637 1068 2700 ὄντες
1103 2639 1193 2690 καὶ
1213 2638 1586 2706 ἀκοινώνητοι,
1613 2656 1675 2691 συ
1686 2657 1746 2708 μ-

175 2728 334 2778 εαῖεν
383 2727 632 2796 ἀλλήλοις
662 2729 754 2781 καὶ
796 2729 1288 2796 συγκοινωνήσαιεν
1306 2731 1362 2782 ὲν
1385 2733 1493 2791 τοῖς
1511 2729 1745 2797 λοιποῖςς

173 2819 270 2870 Διὸ
304 2821 397 2871 καὶ
433 2821 566 2888 μετὰ
602 2819 700 2890 τὴν
731 2819 884 2871 λύσιν
936 2821 1030 2872 τοῦ
1079 2821 1318 2890 ἀθέσμου
1349 2821 1535 2874 τούτου
1567 2822 1746 2890 γάμου

174 2911 275 2961 καὶ
302 2910 658 2978 ἀφορίζεσθαι
705 2910 980 2980 βούλονται
1007 2911 1130 2974 τοὺς
1158 2911 1248 2963 τὸν
1283 2912 1524 2981 παρόντα
1551 2915 1750 2965 κανόνα

174 3001 641 3072 παραόαίνοντας.
682 3001 866 3055 Ταῦτα
900 3003 997 3071 μὲν
1025 3000 1118 3055 οὖν
1151 3005 1278 3071 περὶ
1304 3005 1413 3055 τῶν
1434 3006 1558 3073 ἄρτι
1592 3005 1747 3072 πρώ-

172 3110 287 3156 τως
326 3092 706 3162 ζευγνυμένων
739 3095 989 3162 ἀλλήλοις
1023 3096 1099 3155 εἰς
1130 3095 1308 3163 γάμου
1354 3097 1638 3149 χοι-,ωνίαν
1702 3099 1750 3149 οί

1850 2008 2022 2061 delem
2055 2021 2198 2067 esse,
2254 2005 2484 2056 alterum
2521 2018 2546 2051 a
2585 2000 2685 2052 lide
2735 1999 3030 2050 abhorrere
3082 1993 3368 2060 Contigerit
3401 2031 3415 2052 ,

1851 2113 2114 2152 canouem
2147 2097 2291 2148 hunc
2322 2094 2462 2147 sacri
2505 2100 2559 2144 et
2587 2090 2754 2142 divini
2812 2089 2996 2139 Patres
3039 2085 3416 2152 proumlgave-

1855 2199 2020 2253 runt;
2085 2202 2262 2255 eoque
2320 2187 2634 2239 serietatem
2692 2181 2962 2244 ejusmodi
3017 2179 3298 2233 damnant,
3359 2181 3414 2224 et

1851 2290 2138 2348 postquam
2178 2277 2338 2328 etiam
2374 2281 2648 2329 contracta
2700 2273 2882 2332 fuerit,
2920 2268 3151 2322 resciutli
3198 2267 3430 2332 juheut._

1850 2372 1971 2424 Non
1999 2370 2141 2423 enim
2175 2382 2259 2429 ea,
2299 2366 2572 2433 inquiunt.
2609 2363 2884 2414 miscenda
2922 2367 3070 2420 sunt,
3106 2373 3224 2424 quae
3256 2366 3416 2408 natu-

1852 2478 1990 2522 ram,
2033 2469 2087 2514 ut
2118 2461 2258 2513 inter
2293 2474 2351 2511 se
2379 2456 2594 2510 misceri
2629 2455 2854 2522 possint,
2896 2467 3000 2504 non
3037 2452 3250 2503 habent.
3278 2447 3410 2500 Nam

1850 2555 1940 2623 qui
1973 2552 2135 2606 simul
2186 2552 2255 2604 ita
2299 2551 2509 2611 vivunt,
2557 2554 2613 2597 ut
2646 2560 2833 2596 eorum
2871 2542 3034 2595 animi
3058 2583 3069 2598 .
3111 2541 3162 2592 in
3198 2540 3262 2590 iis
3296 2554 3417 2605 qua:

1852 2646 1918 2698 ad
1971 2643 2126 2696 ﬁdem
2188 2643 2485 2712 pertinent,
2535 2636 2810 2692 contrario
2861 2632 3021 2686 modo
3062 2630 3233 2683 allecti
3286 2631 3417 2686 sint,

1852 2751 1962 2805 quo
2002 2745 2158 2804 pacto
2190 2749 2285 2788 eos
2312 2734 2364 2784 in
2401 2731 2522 2784 aliis
2556 2730 2721 2782 rebus
2754 2726 3046 2780 convenire
3076 2738 3233 2791 posse
3265 2722 3418 2788 quis-

1853 2829 1995 2898 piam
2040 2824 2374 2879 arbitretur?
2425 2834 2766 2890 quorumque
2817 2831 3035 2881 sensus,
3076 2815 3127 2866 in
3181 2814 3247 2865 iis
3298 2827 3418 2879 qua:

1852 2929 1980 2976 sunt
2014 2919 2157 2978 ﬁdei,
2186 2931 2416 2982 quorum
2443 2914 2614 2982 prima
2643 2919 2723 2962 est
2754 2921 2915 2977 atque
2945 2908 3213 2974 ρτιιξιείριιιι
3252 2904 3414 2962 ratio,

1853 3014 2076 3066 minime
2098 3018 2426 3076 congruunt,
2448 3021 2556 3072 quo
2582 3012 2738 3071 pacto
2771 3002 2909 3053 inter
2940 3015 2996 3050 se
3018 2999 3189 3063 :rquis
3222 2995 3417 3046 animis

1861 3106 1914 3156 iu
1952 3103 2156 3169 reliqua
2189 3102 2311 3150 vit-ce
2377 3098 2637 3150 societate
2672 3089 3188 3147 communicabunt!
3219 3087 3419 3150 Quam-

175 3184 427 3270 Πατέρες
453 3185 607 3270 φασὶ,
637 3183 731 3237 τοῦ
765 3185 861 3253 μὲν
889 3185 1173 3253 ὀρθοδόξου
1207 3187 1588 3254 τυγχάνοντος,
1648 3189 1745 3256 τῆς
1775 3214 1816 3270 C

1775 3214 1816 3270 ε
1851 3195 2034 3249 obrem
2070 3200 2123 3244 et
2160 3190 2468 3259 nuptiarum
2518 3186 2696 3239 lanius
2751 3182 2888 3234 male
2935 3187 3275 3234 contractum
3332 3189 3419 3227 re-

172 3269 234 3320 δὲ
270 3268 347 3339 μὴ
396 3269 669 3339 τοιαύτης.
705 3270 764 3322 Εἰ
794 3272 870 3331 δέ,
901 3273 988 3323 ὅτε
1023 3275 1101 3335 είς
1131 3273 1308 3341 γάμον
1339 3275 1600 3343 συνῆλθον
1652 3278 1747 3329 άλ-

169 3362 384 3428 λήλοις,
419 3363 512 3414 καὶ
535 3364 702 3431 ἄμφω
722 3363 828 3414 τῶν
857 3363 1151 3432 ὀρθοδόεων
1184 3365 1576 3435 ὴλλωτρίωντο,
1632 3363 1751 3420 εἶτα

172 3453 239 3504 τὸ
269 3455 368 3522 μὲν
397 3454 499 3505 τῶν
531 3453 839 3523 προσώπων
891 3455 1104 3522 ἐπέγνω
1137 3457 1236 3525 τὴν
1298 3457 1578 3526 ἀλήθειαν,
1656 3461 1750 3512 καὶ

175 3546 458 3616 προσῆλθε
490 3545 692 3607 πίστει,
726 3548 784 3600 τὸ
815 3546 872 3599 δὲ
923 3549 1002 3600 ἔτι
1036 3548 1114 3617 τῷ
1148 3549 1327 3602 σκότει
1380 3551 1480 3619 τῆς
1541 3552 1748 3620 πλάνης

173 3640 490 3708 συνέχεται,
515 3643 580 3708 τῇ
611 3638 705 3691 τοῦ
743 3639 983 3707 μεγάλου
1021 3639 1235 3692 Παύλου
1267 3642 1496 3712 διαταγῇ
1519 3643 1746 3697 ἕπεσθαι

173 3733 274 3781 καὶ
318 3730 368 3781 oi.
419 3729 660 3797 Πατέρες
720 3722 865 3781 οὗτοι
915 3728 1264 3798 ψηφίξονται.
1319 3731 1379 3782 Εἰ
1416 3731 1524 3802 γὰρ
1581 3733 1746 3796 θέλει,

172 3824 339 3890 φησὶ,
367 3819 444 3889 τῷ
479 3819 711 3890 πιστῷἡ
766 3820 992 3884 ἄπιστος
1030 3825 1320 3886 συνοικεῖν,
1355 3822 1388 3891 ἢ
1419 3824 1748 3886 τούναντίον,

173 3915 257 3980 μὴ
292 3912 718 3981 χωριζέσθωσαν
744 3929 757 3942 ο
797 3912 1056 3983 ἡγίασται
1112 3915 1220 3986 γὰρ
1246 3916 1275 3968 ὁ
1324 3915 1550 3979 ἄπιστος
1611 3916 1750 3987 ἀνὴρ

173 4007 240 4057 ἐν
258 4009 326 4075 τῇ
354 4007 589 4074 γυναικὶ,
615 4003 709 4058 καὶ
732 4004 792 4057 τὸ
819 4005 1074 4073 ἔμπαλιν.

1852 3285 2051 3344 scindi,
2090 3295 2141 3336 et
2177 3298 2269 3335 eos
2303 3281 2544 3346 insuper,
2582 3277 2673 3344 qui
2709 3287 2972 3326 canonem
3007 3272 3151 3323 hunc
3184 3267 3420 3320 violave-

1850 3378 1981 3440 rint,
2007 3373 2276 3444 segregari
2318 3373 2525 3424 volunt.
2579 3370 2756 3435 Atque
2791 3366 2903 3417 haec
2933 3363 3153 3432 quidem
3203 3359 3271 3412 de
3307 3373 3422 3410 ma-

1847 3467 2102 3520 trimonio
2132 3479 2302 3532 nuper
2333 3463 2487 3524 inito,
2515 3475 2624 3530 quo
2653 3456 2960 3512 hazrcticam
2995 3453 3097 3507 sibi
3134 3449 3413 3501 mulierem

1847 3559 1930 3612 vir
1961 3556 2297 3612 orthodoxus
2332 3552 2622 3623 copularit,
2671 3561 2763 3602 aut
2799 3557 3009 3607 contra,
3071 3543 3256 3596 l’atres
3289 3556 3416 3592 san-

1855 3666 2005 3704 λοι-υ.
2039 3647 2194 3713 Quod
2231 3648 2273 3699 si
2309 3661 2415 3714 quo
2448 3655 2690 3710 tempore
2733 3648 2962 3705 uterque
2993 3635 3058 3688 ab
3097 3631 3420 3685 orthodoxis

1857 3742 2175 3803 dissidebat,
2211 3748 2452 3794 mutuam
2503 3738 2646 3789 inter
2695 3749 2754 3790 se
2806 3731 3041 3801 coujugii
3101 3729 3416 3784 societatem

1856 3842 2200 3892 contraxere,
2232 3831 2468 3885 decursu
2510 3842 2638 3879 vero
2672 3825 2956 3892 temporis,
2991 3821 3155 3873 altera
3189 3831 3419 3887 persona

1856 3924 2037 3976 adhuc
2094 3936 2347 3975 errorum
2397 3918 2636 3972 tenebris
2689 3917 2955 3978 involuta,
3010 3917 3179 3965 altera
3235 3908 3418 3978 agnita

1866 4015 2091 4068 veritate
2139 4014 2294 4067 ﬁdem
2346 4012 2592 4080 amplexa
2642 4017 2749 4070 est,
2807 4016 2934 4060 tunc
2989 4005 3204 4072 quidem
3253 3998 3421 4053 divini

177 4095 377 4152 Patres
407 4099 583 4166 magni
620 4096 770 4150 Pauli
837 4099 1122 4169 praceptis
1173 4099 1429 4154 standum
1493 4117 1615 4157 esse
1677 4102 2000 4160 decernunt.
2071 4104 2125 4159 Si
2183 4105 2349 4168 enim,
2408 4103 2502 4162 ait,
2552 4119 2675 4155 cum
2717 4099 2856 4152 ﬁdeli
2927 4098 3047 4150 vita:
3108 4095 3420 4148 societatem

174 4188 418 4241 ίηίῖάειίε
458 4189 690 4242 Velinam
749 4188 898 4254 νθιίῑ,
933 4200 1026 4243 aut
1073 4199 1283 4257 contra,
1318 4208 1387 4246 ne
1432 4203 1806 4264 segregantur.
1845 4194 2222 4251 Sanctiﬁcatus
2256 4205 2340 4250 est
2364 4195 2508 4249 enim
2546 4195 2622 4246 vir
2657 4189 2888 4245 iulidelis
2919 4204 3014 4258 par
3043 4186 3323 4240 mulierem
3373 4181 3421 4245 ',

167 4294 235 4340 et
264 4301 295 4338 e
325 4296 537 4340 contra.

174 4379 408 4439 ΔΡΙΣΤ.
445 4399 464 4433 ι
505 4382 740 4450 ’Δκυρος
775 4382 803 4434 ὁ
861 4380 1000 4450 μετὰ
1037 4381 1148 4435 τῶν
1199 4384 1493 4452 αίρετικῶν
1546 4386 1746 4455 γάμος.

302 4491 322 4524 ι
365 4473 427 4526 Οἱ
460 4471 518 4524 δέ
549 4469 935 4542 προλαᾶίντες,
967 4471 1015 4524 εί
1045 4471 1302 4536 ἐθέλοιεν,
1330 4461 1571 4542 μένοιεν.
1614 4493 1632 4527 ι

1927 4385 2152 4444 ARIST.
2185 4405 2203 4437 ‹
2237 4385 2452 4439 lrritum
2476 4394 2558 4437 est
2582 4376 2986 4434 matrimonium
3012 4389 3129 4428 cum
3155 4370 3425 4425 haereticis

1863 4503 1881 4535 ι
1927 4489 2295 4536 contractum.
2356 4477 2456 4543 Qui
2509 4491 2638 4531 vero
2696 4483 2852 4526 antea
2903 4478 3319 4530 contraxeram,
3378 4468 3424 4520 si

1863 4591 1882 4624 ι
1926 4574 2110 4632 velint,
2148 4577 2422 4623 maneant.
2462 4586 2480 4619 ι

255 4655 372 4708 Οὐκ
397 4653 608 4720 ἐξέσται
633 4645 901 4723 ὁρθοδόξῳ
928 4652 1181 4722 αἱρετικῇ
1239 4652 1604 4708 συνάπτεσθαι
1659 4671 1753 4722 γυ·
1778 4657 1833 4719 D

1778 4657 1833 4719 Β
1930 4664 2044 4717 Non
2075 4664 2199 4716 licet
2232 4662 2348 4716 viro
2396 4659 2704 4715 orthodoxe
2732 4672 2854 4710 cum
2888 4653 3118 4708 muliere
3167 4648 3423 4704 haeretica

173 4749 332 4802 ναικὶ
369 4746 490 4819 ἢτὸ
519 4746 807 4800 ἀνάπαλιν.
867 4745 926 4798 El
962 4745 1019 4798 δέ
1081 4762 1245 4808 τινες,
1311 4748 1530 4800 ἄπιστοι
1581 4748 1754 4812 ὄντες,

171 4841 399 4912 νομίμῳ
447 4841 610 4910 γάμῳ
635 4838 1013 4911 ἡρμόσθησαν.
1037 4834 1158 4893 εἶτα
1188 4841 1216 4892 ὁ
1253 4839 1352 4909 μὲν
1387 4841 1658 4910 προσῆλθε
1685 4843 1752 4913 τῇ

173 4934 390 4996 πίστει,
418 4933 450 5000 ἡ
474 4931 530 4982 δὲ
559 4929 636 4983 ἔτι
662 4930 768 4982 ὑπὸ
792 4932 890 4999 τῆς
918 4930 1124 5000 πλάνης
1163 4930 1490 5001 κατέχεται·
1527 4933 1622 4986 καὶ
1667 4934 1756 4987 εὑ-

169 5029 332 5080 δοκεῐ
380 5025 408 5076 ὀ
447 5025 642 5089 πιστὸς
688 5026 961 5078 συνοικεῖν
1003 5028 1069 5096 τῇ
1124 5025 1362 5095 ἀπίστῳ,
1416 5027 1449 5096 ἢ
1517 5029 1576 5082 τὸ
1624 5031 1758 5085 ἀνά..

173 5120 370 5173 παλιν.
407 5116 483 5188 μὴ
531 5117 974 5189 χωριζέσθωσαν,
994 5117 1135 5172 κατὰ
1170 5116 1264 5170 τὸν
1291 5117 1433 5172 θεῖον
1459 5121 1755 5176 ἀπόστολον

171 5210 426 5267 Παῦλον.

724 5302 964 5357 ΚΑΝΩΝ
995 5302 1113 5361 Ol".

176 5416 205 5450 ι
261 5393 373 5449 Τοῦ
400 5392 667 5460 ζωοποιοῦ
701 5396 935 5466 σταυροῦ
972 5399 1252 5467 δείξαντος
1298 5405 1435 5474 ἡμῖν
1471 5402 1531 5456 τὸ
1583 5403 1754 5471 σωτή-

261 5508 280 5541 ‹
327 5505 464 5559 ριον,
524 5490 704 5542 πᾶσαν
763 5489 999 5560 σπουδὴν
1045 5495 1194 5562 ἡμᾶς
1250 5494 1458 5548 τιθέναι
1505 5491 1612 5565 χρὴ
1662 5491 1755 5546 τοῦ

256 5603 277 5636 ι
323 5585 488 5655 τιμὴν
542 5584 640 5656 τὴν
702 5585 860 5652 ἀξίαν
916 5586 1225 5644 ἀποδιδόναι
1281 5591 1361 5662 τῷ
1405 5591 1474 5645 δι’
1540 5584 1600 5644 οὗ
1661 5606 1754 5642 σεο

256 5697 276 5729 ι
317 5675 573 5747 σώσμεθα
615 5676 711 5731 τοῦ
779 5678 1014 5735 παλαιοῦ
1069 5683 1534 5755 παραπτώματος.
1571 5682 1739 5737 Ὅθεν

254 5855 274 5888 ⁷
313 5852 480 5911 lCor.
502 5871 597 5922 vn,
636 5855 722 5911 Η.

1853 4755 2137 4825 conjungi,
2173 4762 2266 4806 aut
2298 4769 2328 4807 e
2351 4751 2650 4806 contrario.
2678 4748 2734 4802 Si
2769 4747 2895 4815 quis
2925 4755 3129 4808 autem,
3162 4757 3286 4796 cum
3314 4741 3425 4792 sint

1853 4847 2118 4908 inﬁdeles,
2187 4845 2428 4917 legitimo
2491 4841 2842 4896 matrimonio
2909 4838 3192 4904 cunjuncti
3248 4845 3422 4896 sunt,

1854 4948 2042 5007 postea
2075 4946 2254 4990 autem
2289 4936 2371 4988 vir
2403 4934 2620 5004 quidem
2657 4931 2726 4986 ad
2761 4929 2919 4983 [idem
2955 4928 3184 4990 accedit,
3232 4925 3427 4980 mulier

1861 5047 1991 5086 vero
2025 5031 2078 5084 in
2112 5045 2298 5084 errore
2326 5028 2640 5090 detinetur;
2673 5035 2724 5079 et
2761 5022 2905 5076 ﬁdeli
2946 5021 3122 5089 placet
3154 5034 3275 5072 cum
3306 5017 3428 5072 inll-

1852 5123 1956 5177 deli
2004 5122 2342 5181 cohabitare,
2375 5128 2470 5174 aut
2522 5119 2641 5172 vice
2699 5132 2855 5170 versa
2893 5132 2910 5166 :
2951 5130 3019 5168 ne
3069 5121 3424 5182 separentur,

1853 5216 2010 5286 juxta
2041 5213 2281 5266 divinum
2312 5209 2614 5281 apostolum
2649 5209 2897 5263 Paulum.

2380 5301 2614 5357 CANON
2655 5300 2890 5354 LXXIII.

1859 5418 1878 5451 ι
1922 5397 2056 5453 Cum
2081 5412 2216 5450 crux
2257 5396 2413 5450 nobis
2443 5394 2654 5448 viviﬁca
2687 5397 2925 5448 salutare
2954 5389 3277 5453 ostenderit,
3320 5403 3422 5443 nos

1935 5513 1953 5544 ι
2000 5505 2219 5546 onlnem
2255 5488 2591 5558 diligentiam
2648 5485 2912 5538 adhibere
2952 5490 3168 5552 oportet
3194 5522 3206 5542 ,
3245 5491 3301 5534 ut
3333 5481 3380 5534 ei
3408 5521 3424 5545 ,

1935 5604 1953 5636 ι
1997 5599 2090 5654 per
2121 5597 2280 5651 quem
2313 5580 2380 5634 ab
2409 5579 2633 5647 antiquo
2657 5577 2812 5645 lapsu
2841 5574 3030 5630 salvati
3062 5589 3273 5633 sumus,
3302 5588 3423 5625 eum

1933 5698 1950 5729 ι
1986 5691 2144 5747 quem
2179 5689 2274 5745 par
2303 5682 2384 5729 est
2409 5672 2671 5728 honorem
2701 5669 3019 5725 habeamus.
3060 5665 3421 5733 Quamobrem
