4218 6458
774 410 883 473 Ὶὸτ
2034 407 2313 469 THEOD.
2351 404 2758 467 BALSAMON
3911 396 4019 469 768

780 521 1074 576 Dominicis
1107 521 1190 576 vel
1240 522 1293 577 in
1326 524 1610 587 ecclesiis.
1656 524 1910 594 prohibet
1962 524 2248 578 comedere
2290 529 2344 574 et
2373 525 2417 578 Α

2373 525 2417 578 Α
2447 519 2611 571 Ὥστε
2658 514 2893 586 διαφορά
2944 516 3091 568 ἐστιν
3140 510 3445 583 ἐκκλησιῶν
3490 509 3584 563 καὶ
3637 506 4018 580 προνάωνκαὶ

779 618 1062 673 accubitus
1093 619 1342 671 stcru’ere
1388 617 1440 669 in
1492 616 1625 677 solis
1671 617 1880 672 aedibus
1913 618 2027 672 sive
2068 616 2339 672 ecclesiis.
2444 646 2445 653 ι

2120 616 2339 671 :clesiis.
2444 612 2619 665 ἄλλων
2671 607 2965 680 Κυριακῶν
2995 607 3197 661 τόπων.
3783 601 3786 605 ’

778 705 1141 770 Quamobrem
1191 715 1275 761 est
1327 706 1634 761 diﬂ'ercntia
1670 710 1813 764 inter
1838 708 2098 763 ecclesias
2130 717 2182 763 et
2218 722 2346 777 pro-

780 814 918 868 naos
957 808 1011 851 et
1038 800 1173 852 alios
1205 798 1353 854 locos
1386 800 1719 855 Dominicos.
2107 798 2116 815 ⁸

856 887 1107 943 ZONAR.
1140 890 1304 945 Moris
1331 892 1537 961 antiqui
1577 893 1675 947 fuit
1703 894 2010 948 divinorum
2059 894 2344 964 mystcrio-
2519 880 2522 929 Ῑ

2519 872 2764 930 ΖΩΝΑΡ.
2805 874 2858 925 Ἀ
2871 873 3057 943 ρχαῐον
3088 869 3208 932 ἔθος
3231 864 3301 939 ἦν
3318 868 3379 921 τδ
3406 867 3546 937 μετὰ
3574 867 3676 935 τὴν
3727 864 4020 919 κοινωνίαν

785 999 903 1035 rum
947 984 1328 1038 cmuumuioue
1358 994 1574 1050 peracta
1604 987 1850 1040 convivia
1878 1028 1894 1049 ,
1922 987 2148 1041 cibariis
2184 987 2347 1041 ditio-
2442 986 2451 1003 ‘

2442 968 2552 1021 τῶν
2581 966 2740 1020 θείων
2789 963 3105 1034 μυστηρίων
3161 959 3409 1014 συσσίτια
3453 958 3700 1027 γίνεσθαι
3762 959 3861 1009 καὶ
3885 973 4021 1024 συμ-

784 1091 902 1127 rum
946 1074 1267 1129 liberalitate
1314 1076 1557 1139 collatis,
1604 1092 1669 1131 ac
1717 1094 1814 1147 per
1859 1094 1954 1132 eos
1997 1078 2344 1147 tenuioribus
2446 1082 2450 1095 ‘

2446 1060 2611 1113 πόσια
2658 1059 2763 1111 τῶν
2815 1054 3084 1109 πλουσίων
3134 1051 3516 1122 χορηγούντων
3572 1050 3640 1102 τὰ
3690 1048 4019 1120 βρώματα,

782 1184 996 1237 quoque
1025 1170 1088 1221 atl
1120 1184 1317 1222 mensa:
1346 1170 1665 1223 societatem
1708 1172 1986 1230 admissis,
2024 1173 2341 1235 celebrare;
2446 1176 2448 1187 '

2446 1150 2941 1222 προσκαλουμένων
2970 1148 3027 1201 δέ
3056 1147 3151 1199 καὶ
3183 1148 3309 1208 τοὺς
3340 1144 3722 1213 πενεστέρους.
3758 1136 3839 1196 Οὗ
3871 1143 3969 1193 καὶ
3995 1144 4023 1192 ὁ

779 1263 937 1324 euius
972 1263 1129 1315 etiam
1164 1276 1394 1329 magnus
1423 1261 1620 1314 Paulus
1654 1262 1894 1329 Epistula
1941 1263 2004 1315 ad
2031 1262 2348 1317 Corinthios

2450 1245 2619 1314 μέγας
2655 1243 2861 1302 Παῦλος
2892 1243 2949 1294 ἐν
2977 1243 3042 1310 τῇ
3072 1240 3209 1307 πρὸς
3236 1237 3553 1303 Κορινθίους
3594 1235 3897 1303 Ἐπιστολῇ
3930 1233 4026 1302 μέο

783 1349 1048 1416 meminii,
1080 1368 1302 1421 eosque,
1334 1355 1475 1423 quo'l
1520 1354 1771 1422 privatim
1816 1355 1941 1409 aliis
1973 1372 2080 1407 non
2109 1370 2345 1420 exspec-

2449 1352 2673 1404 μνηται,
2703 1333 3053 1404 μεμφόμενος
3082 1330 3286 1391 αὐτοῖς,
3318 1329 3399 1380 ὅτι
3432 1327 3539 1396 ἰδίᾳ
3571 1325 3763 1394 ἢσθιον
3787 1324 3863 1391 μὴ
3894 1324 4027 1375 ἀνα-

778 1446 906 1499 tatis
950 1446 1337 1509 epularentur,
1375 1444 1644 1516 obiurgat.
1696 1444 2061 1516 Unusquisque
2088 1488 2101 1509 ,
2146 1416 2344 1513 inquit,

2449 1427 2701 1496 μένοντες
2721 1425 2958 1487 καὶτοὺς
2980 1423 3192 1485 ἄλλους,
3228 1421 3325 1475 καὶ⁵
3354 1419 3593 1485 ἐπάγων·
3623 1416 3928 1479 Ἕκαστος
3957 1416 4022 1467 τὸ

778 1556 931 1591 suam
968 1556 1166 1592 caenam
1206 1552 1534 1606 prtroccnpat
1564 1540 1615 1591 in
1642 1540 1860 1605 edendo;
1894 1550 1943 1592 et
1972 1540 2109 1592 alius
2138 1539 2348 1607 quidem

2448 1519 2606 1572 ἴδιον
2632 1517 2881 1570 δεῖπνον
2904 1511 3350 1583 προσλαμϐάνει
3372 1511 3443 1564 ἐν
3468 1508 3547 1574 τῷ
3566 1508 3805 1577 φαγεῖν,
3831 1508 3935 1559 καί
3961 1506 4028 1570 ὃς

776 1632 960 1688 esurit.
990 1631 1127 1684 alius
1155 1642 1325 1685 autem
1356 1632 1530 1683 ebrius
1559 1642 1656 1683 est.
1697 1630 1965 1697 Numquid
2000 1632 2134 1685 enim
2164 1632 2347 1687 domos

2443 1612 2560 1682 μὲν
2580 1609 2776 1678 πεινᾷ,
2795 1609 2863 1675 ὃς
2884 1610 2951 1662 δὲ
2962 1609 3186 1679 μεθύει.
3210 1610 3267 1660 Μ
3272 1606 3307 1671 ὴ
3348 1605 3461 1674 τὰρ
3481 1604 3672 1667 οίκΙας
3696 1603 3814 1655 οὐκ
3855 1600 4030 1667 ἔχετε

781 1741 882 1776 non
915 1724 1136 1781 habetis.
1170 1737 1221 1775 ut
1265 1725 1588 1776 manducetis
1618 1733 1665 1776 et
1692 1723 1918 1777 bibatis?
1949 1734 2041 1777 aut
2077 1725 2347 1779 ecclesiam

2448 1707 2534 1770 εις
2577 1704 2641 1757 τὸ
2668 1704 2894 1758 ἐσθίειν
2923 1703 3020 1755 καὶ
3049 1701 3266 1764 πίνειν,
3286 1696 3325 1765 ἣ
3377 1696 3488 1764 τῆς
3541 1693 3885 1757 ἐκκλησίας
3918 1692 4030 1748 τοῦ

786 1814 879 1868 Dei
914 1817 1261 1871 contemnitis.
1297 1828 1341 1869 et
1374 1816 1695 1882 confunditis
1725 1834 1809 1869 eos
1834 1818 1923 1886 qui
1951 1835 2053 1873 non
2084 1818 2272 1873 habent
2298 1818 2349 1873 ’ἵ
2380 1867 2424 1922 Β

786 1906 933 1943 In..."
975 1909 1138 1943 εαξη...
1176 1910 1428 1943 amamur:
1470 1909 1918 1943 ηηηρ..ηι..,ιι..ο,.ι
1993 1927 2150 1943 mm...
2182 1913 2344 1943 ,ηςηηη
2448 1926 2452 1941 .

2452 1795 2600 1849 Θεοῦ
2630 1791 3075 1862 καταφρονεῖτε,
3139 1789 3239 1843 καὶ
3291 1786 3722 1853 καταισχύνετε
3766 1783 3917 1846 τοὺς
3944 1782 4030 1849 μὴ

2380 1867 2424 1922 Β
2448 1891 2705 1943 ἕγοντας
2728 1905 2747 1943 :
2786 1886 2956 1940 Τοῦτο
3000 1880 3095 1937 οὖν
3126 1883 3186 1935 τὸ
3212 1882 3320 1933 τῶν
3352 1877 3670 1943 συμποσίων
3697 1875 3842 1941 ἔθος,
3875 1874 3906 1927 ὃ
3938 1872 4034 1926 καὶ

2482 1905 2747 1958 xor-tae;
2786 1890 2956 1940 Τοῦτο
3000 1890 3095 1937 οὑν
3126 1890 3186 1935 τὸ
3212 1890 3320 1933 τῶν
3352 1890 3670 1948 συμποσίων
3697 1890 3842 1941 ευος,
3875 1890 3906 1927 ο
3938 1890 4009 1926 κα

785 1906 933 1963 lianc
975 1909 1138 1978 igitur
1176 1910 1429 1977 epulandi
1470 1909 1955 1973 consuetudinem,
1992 1927 2152 1978 quam
2181 1913 2345 1964 ctiam

2451 1983 2676 2051 ἀγάπην
2734 1978 2994 2034 ἐκάλεσεν
3020 1979 3048 2031 ὁ
3075 1973 3279 2036 κανὼν,
3341 1971 3431 2025 διὰ
3457 1971 3517 2022 τὸ
3549 1968 3607 2033 ἐξ
3632 1969 3854 2036 ἀγάπης
3886 1967 4035 2032 γίνε-

782 2016 989 2070 agapen
1029 2002 1141 2053 sive
1169 2003 1491 2056 charitatem
1525 2005 1879 2071 nuncupavit,
1913 2006 2072 2073 quasi
2105 2020 2133 2057 a
2167 2003 2350 2056 cbari-

784 2101 894 2146 tato
946 2093 1270 2162 profectam,
1322 2096 1407 2147 vel
1470 2095 1595 2163 quia
1662 2096 1947 2150 cbaritatis
1998 2096 2232 2150 eliicieus
2282 2095 2348 2149 sit

785 2191 933 2255 (nam
987 2188 1073 2240 illa
1120 2201 1319 2242 mensae
1352 2188 1666 2242 communio
1712 2189 2001 2257 quamdam
2055 2190 2195 2241 inter
2233 2204 2349 2245 cos.

784 2280 876 2346 qui
916 2296 1022 2333 uua
1076 2280 1256 2333 cibum
1303 2280 1563 2347 capiunt,
1596 2289 1847 2349 procreat
1895 2279 2244 2347 cbaritatem)
2296 2280 2350 2332 in

782 2373 1033 2428 ecclesiis
1096 2382 1431 2437 reuovatam,
1496 2372 1948 2427 convenientibus
2005 2370 2149 2424 intra
2200 2385 2351 2423 sacra

787 2467 986 2535 templa
1041 2464 1379 2519 vestibulave
1439 2464 1503 2516 ad
1551 2464 1881 2517 vescendum
1938 2461 2203 2523 convivis,
2263 2461 2354 2515 hic

789 2573 965 2611 eanon
999 2556 1289 2625 improbat,
1345 2543 1522 2625 neque
1554 2557 1615 2610 in
1657 2554 1933 2618 ccclesiis,
1968 2561 2062 2607 aut
2092 2554 2232 2625 intra
2265 2567 2355 2606 sa-

790 2665 1009 2704 craru-m
1052 2650 1337 2703 domorum
1372 2660 1546 2717 septa,
1598 2649 1693 2702 scd
1728 2646 1925 2709 alicubi
1956 2621 2353 2717 extraepulari

787 2745 942 2812 iubet
970 2760 984 2797 :
1016 2743 1303 2796 accubitus
1334 2741 1497 2794 etiam
1527 2732 1694 2794 sterni
1728 2748 1893 2792 vetat.
1924 2737 2019 2792 Est
2048 2746 2226 2790 autem
2262 2720 2356 2789 ac-

790 2832 1009 2884 cubitus
1039 2829 1231 2884 Latina
1261 2846 1359 2883 vox
1396 2846 1411 2884 :
1460 2828 1603 2882 Idem
1658 2829 1801 2882 enim
1826 2827 2033 2881 Latinis
2070 2826 2356 2892 accumbe,

789 2924 935 2990 quod
977 2923 1289 2975 ἀναπίπτω.
1323 2921 1503 2975 Strata
1538 2936 1667 2975 vero
1696 2919 1859 2973 altius
1885 2919 2115 2973 excitata
2146 2918 2361 2971 mollio-

792 3010 1132 3083 raqucpquze
1165 3014 1485 3068 deliciarum
1518 3014 1834 3080 inertiaeque
1865 3021 2030 3076 sunt,
2065 3010 2357 3081 signiﬁcat.

796 3107 1060 3161 l‘omiuici
1093 3122 1251 3175 porro
1278 3120 1473 3157 nomen
1512 3120 1608 3173 pro
1636 3103 1864 3157 ecclesia
1890 3103 2093 3171 passim
2119 3117 2361 3155 canones

2453 2075 2600 2137 σθαι,
2631 2073 2664 2141 ἣ
2697 2072 2773 2136 ὡς
2830 2071 3052 2139 ἀγάπης
3087 2064 3412 2119 συστατικδν
3439 2062 3521 2132 (τὸ
3576 2062 3685 2128 γὰρ
3721 2058 4035 2111 συνεσθίειν

2453 2166 2530 2228 είς
2562 2164 2782 2232 ἀγάπην
2806 2162 2907 2232 τὴν
2939 2160 3076 2229 πρὸς
3105 2157 3372 2226 ἀλλήλους
3396 2154 3519 2222 ἄγει
3548 2154 3677 2215 τοὺς
3710 2151 4035 2203 συνεσθίον-

2453 2260 2572 2327 τας)
2633 2259 2691 2309 ἐν
2747 2253 3067 2322 ἐκκλησίαις
3107 2250 3331 2319 ὕστερον
3380 2248 3668 2316 γινόμενον
3728 2242 3885 2296 ἔνδον
3928 2243 4037 2295 τῶν

2455 2352 2615 2405 θείων
2639 2348 2830 2417 ναῶνῆ
2862 2346 2969 2398 τῶν
3023 2340 3550 2413 προτεμενισμάτων
3592 2335 3893 2389 ἐσθιόντων
3920 2334 4033 2385 τῶν

2457 2443 2866 2513 συνερχομένων
2894 2441 2975 2501 είς
3004 2438 3063 2490 τὸ
3084 2437 3277 2504 φαγεῖν
3308 2434 3549 2487 αἰτιᾶται
3577 2431 3604 2483 ὁ
3639 2428 3824 2482 κανὼν
3850 2420 4037 2487 οὗτος.

2455 2538 2549 2590 καὶ
2586 2532 2800 2588 κελεύει
2858 2529 2933 2601 μὴ
2967 2530 3025 2581 ἐν
3068 2530 3189 2589 ταῖς
3233 2521 3551 2593 ἐκκλησίαις
3607 2519 3783 2572 ταῦτα
3830 2520 4036 2573 ποιεῖν.

2457 2625 2553 2678 καὶ
2583 2623 2731 2686 ἐντὸς
2768 2619 2878 2673 τῶν
2928 2617 3087 2671 θείων
3120 2615 3284 2669 οἴκων
3339 2610 3565 2673 ἐσθίειν,
3599 2608 3713 2661 ἀλλ’
3741 2607 3851 2672 ἔξω
3882 2622 3993 2657 που
4017 2619 4039 2638 ⁸

2460 2715 2595 2788 μηδέ
2626 2713 2884 2766 exesam
2950 2705 3303 2779 στρωννύειν.
3346 2703 3411 2756 Ἦ
3434 2703 3490 2756 δὲ
3539 2701 3688 2766 λέξις
3716 2699 3826 2751 τῶν
3857 2700 4035 2752 ἁκουο

2466 2810 2632 2862 ϐίτων
2659 2806 2769 2858 τῶν
2792 2801 3040 2857 Λατίνων
3074 2798 3239 2852 ἐστίν.
3273 2794 3561 2860 ’Ᾱκούμϐω
3594 2792 3705 2861 γὰρ
3735 2788 3887 2857 παρὰ
3902 2789 4043 2841 Ῥω-

2460 2903 2639 2975 μαίοις
2676 2898 2739 2952 τὸ
2765 2896 3076 2951 ἀναπίπτω.
3130 2885 3480 2975 Σημαίνειᾼδέ
3514 2882 3812 2955 στρωμνὰς
3847 2880 4042 2975 ᾕρμέῗ

2459 2972 2661 3056 ναςέίς
2688 2989 2822 3060 ὕψος
2880 2988 2976 3040 καὶ
3031 2982 3300 3054 μαλακάς.
3361 2972 3528 3030 Αὗται
3589 2975 3646 3026 δέ
3700 2972 3917 3042 τρυφῆς
3949 2972 4043 3023 καὶ

2462 3084 2719 3158 βλακείας
2745 3080 2872 3136 εἰσί.
2929 3073 3206 3145 Πολλαχοῦ
3233 3071 3290 3125 δὲ
3325 3070 3384 3123 τὸ
3407 3066 3502 3123 τοῦ
3549 3062 3833 3158 Κυριακού
3864 3063 4046 3131 ὄνομα

1514 3155 1597 3173 τη
1764 3155 1913 3171 ηητ
1974 3155 2011 3156 η
2463 3155 2465 3158 -

799 3214 1096 3267 usurpasse
1142 3198 1401 3267 reperias.
1438 3195 1537 3250 llic
1586 3205 1766 3250 autem
1799 3210 1974 3249 canon
2019 3193 2175 3248 solus
2223 3193 2465 3272 interc‘

2386 3210 2433 3272 ο
2463 3155 2692 3245 εὓρηται
2717 3178 2773 3228 ἐν
2794 3175 2908 3236 τοῖς
2939 3173 3163 3272 cavom»
3198 3165 3290 3272 é‘stt
3313 3162 3409 3272 silc
3459 3156 3783 3272 ἐκδὶλησίιῖςἼ
3812 3155 4039 3272 λαμῗα-

792 3292 1077 3345 ecclesiam
1098 3301 1257 3357 atque
1278 3288 1617 3343 Dominicum
1649 3287 1789 3341 forte
1811 3286 2361 3355 discrimintsauquid
2395 3265 2433 3272 _

1278 3288 1617 3343 Dominicum
1649 3287 1789 3341 forte
1811 3286 2361 3355 discrimintsauquid
2395 3265 2433 3272 “
2465 3271 2710 3340 νόμενονο
2765 3265 2941 3325 Μόνος

794 3384 1004 3436 statuit.
1040 3380 1368 3435 Particulam
1403 3396 1554 3441 vero,
1589 3381 1715 3439 Aut,
1753 3393 1860 3432 non
1892 3376 2090 3431 habere
2120 3375 2221 3431 hoc
2249 3378 2364 3431 loco

794 3474 1137 3543 disjungendi
1163 3475 1290 3536 vim,
1322 3475 1415 3526 sed
1439 3470 1817 3539 explicationis
1841 3469 2035 3538 gratia,
2068 3485 2184 3538 pro,
2216 3468 2361 3531 Sive,

798 3564 1029 3631 positam
1061 3578 1179 3616 esse
1211 3562 1467 3615 arbitror.
1511 3560 1792 3629 Siquidem
1830 3560 1883 3612 in
1927 3560 2101 3614 sacris
2147 3575 2364 3628 quoque

798 3652 976 3710 Libris
1005 3654 1342 3723 particulam,
1365 3653 1574 3715 Et,non
1602 3654 1928 3730 copulative,
1958 3653 2047 3707 sed
2074 3652 2366 3707 causaliter

796 3763 895 3816 pro
924 3762 1075 3807 voce.
1116 3744 1295 3808 Euim,
1332 3746 1644 3801 invenimus
1690 3754 2026 3813 usurpatam.
2078 3741 2151 3798 Ut
2199 3746 2248 3797 in
2296 3745 2365 3800 iis

796 3839 1000 3901 verbis,
1031 3836 1217 3894 Gloria
1246 3839 1300 3891 in
1332 3838 1550 3891 excelsis
1586 3837 1716 3901 Deo,
1749 3846 1796 3889 et
1845 3837 1899 3888 in
1946 3848 2084 3888 terra
2129 3851 2235 3899 pax
2264 3837 2305 3867 ¹⁰
2347 3854 2362 3890 :

796 3946 1019 3984 causam
1080 3930 1279 3984 diviuzc
1332 3932 1519 3998 gloria:
1568 3928 2014 3983 concelebrandze
2076 3926 2363 3998 Scriptura

796 4021 1069 4089 cxplicat,
1117 4036 1303 4090 pacem
1352 4022 1514 4074 terris
1548 4020 1932 4083 conciliatam;
1967 4025 2027 4071 ut
2068 4033 2167 4085 pro
2210 4034 2363 4085 voce,

798 4114 976 4177 Enim,
1013 4114 1302 4184 particula.
1334 4112 1420 4175 Et,
1451 4113 1522 4189 sit
1556 4114 1888 4181 recipienda.
1922 4111 2088 4165 David
2123 4128 2362 4180 quoquc,

802 4203 879 4253 Ila
907 4202 1051 4256 nobis
1080 4200 1360 4263 auxilium,
1383 4200 1477 4265 ait,
1506 4200 1569 4254 de
1592 4200 1954 4259 tribulatione.
1980 4209 2029 4252 et
2052 4216 2185 4251 vana
2218 4201 2364 4252 salus

797 4293 1020 4346 hominis
1052 4292 1114 4344 “.
1152 4291 1230 4344 Tu
1261 4330 1277 4352 .
1321 4291 1518 4359 inquit,
1557 4290 1825 4343 auxiliare
1852 4329 1866 4350 .
1900 4289 2183 4342 hominum
2216 4291 2365 4342 enim

797 4384 1111 4452 adiumenta
1144 4384 1210 4437 ad
1241 4382 1472 4438 salutem
1520 4381 1701 4434 inania
1753 4391 1915 4450 atque
1956 4379 2105 4433 irrita
2135 4388 2266 4447 sunt
2293 4380 2355 4435 ".

801 4475 945 4530 Libri
976 4491 1216 4544 quoque.
1264 4475 1462 4544 quibus
1493 4474 1671 4543 legum
1709 4472 2023 4526 sanctiones
2060 4472 2354 4526 continen-

798 4577 908 4633 tur,
963 4542 1346 4636 disiunctivam
1408 4564 1848 4634 coniunctionem
1904 4580 2001 4634 pro
2052 4564 2363 4635 copulativa
2398 4571 2442 4628 Ι)

1166 4542 1346 4621 :tivam
1408 4564 1848 4634 coniunctionem
1904 4580 2001 4634 pro
2052 4564 2363 4635 copulativa
2398 4571 2442 4628 υ
2467 4551 2627 4611 λάκις
2656 4547 2683 4599 6
2710 4542 2832 4608 διαξ

797 4654 905 4713 non
944 4675 1066 4713 raro
1087 4656 1370 4713 adhibent.
1398 4656 1491 4712 Sic
1526 4657 1664 4711 libro
1689 4656 2107 4728 quadragesimo
2133 4668 2357 4727 quarto,

800 4753 956 4804 titulo
992 4753 1176 4815 tertio,
1216 4751 1273 4807 Si
1300 4751 1424 4820 quis
1458 4751 1761 4819 scripserit,
1798 4748 1897 4804 llic
1939 4750 2018 4803 vel
2066 4750 2157 4804 ille
2211 4766 2365 4804 meus

802 4844 979 4898 lueres
1007 4853 1147 4907 esto,
1178 4852 1271 4895 aut
1298 4843 1452 4897 llunc
1477 4842 1558 4896 vel
1587 4841 1737 4895 illum
1773 4841 2178 4906 manumittam;
2208 4841 2365 4906 illud,

806 4935 924 5001 Vel,
968 4937 1312 5001 coniunctiva
1375 4950 1495 5005 pro,
1544 4935 1631 4999 Et,
1658 4934 1828 5003 accipi
1861 4934 2099 4989 voluere.
2135 4932 2198 4987 Et
2225 4934 2371 5002 eius-

804 5030 927 5083 dem
969 5030 1091 5083 libri
1121 5031 1279 5083 titulo
1318 5030 1532 5083 decimo
1559 5028 1753 5097 quinto
1785 5045 1798 5080 :
1834 5026 1888 5081 Si
1925 5028 2175 5098 lcgavero
2209 5026 2368 5081 uxori

806 5137 939 5176 mea!
967 5131 1312 5183 ornamenta,
1340 5121 1425 5175 vel
1459 5135 1804 5190 qua-cunque
1850 5118 1968 5185 eius
1991 5118 2165 5189 gratia
2216 5133 2369 5171 com-

804 5214 1027 5285 paravi,
1093 5216 1157 5266 ad
1191 5228 1310 5268 eam
1360 5212 1542 5267 omnia
1600 5211 1716 5282 lege
1768 5210 2092 5279 perveniunt
2142 5227 2157 5264 :
2207 5206 2368 5280 245

798 5307 1212 5375 coniunctione,
1255 5305 1372 5368 Vel,
1404 5320 1521 5376 pro,
1569 5305 1654 5370 Et,
1700 5304 1993 5359 intellecta.
2025 5301 2091 5356 Et
2132 5302 2377 5356 secundo

802 5401 962 5455 titulo
999 5398 1227 5455 secundi
1256 5399 1402 5460 libri.
1438 5400 1530 5469 qui
1558 5398 1624 5453 tle
1657 5397 1951 5452 verborum
1982 5392 2381 5464 signiﬁcatione

802 5493 1146 5553 inscribitur.
1196 5494 1374 5562 capite
1405 5488 1859 5561 quinquagesimo
1895 5486 2056 5541 tertio
2091 5501 2110 5541 :
2140 5483 2382 5552 Coniun-

804 5587 961 5642 ctivae
988 5586 1267 5655 particula:
1297 5586 1647 5655 quandoque.
1696 5580 1896 5650 inquit,
1947 5594 2046 5649 pro
2089 5576 2383 5640 disiuncti—

806 5681 911 5743 vis,
947 5694 1011 5733 ac
1045 5679 1285 5734 vicissim
1335 5679 1417 5733 hae
1453 5693 1550 5745 pro
1602 5676 1710 5730 illis
1760 5682 2124 5743 usurpautur.
2176 5665 2378 5724 Eodem

2963 3261 3056 3314 δ’ὁ
3103 3255 3283 3311 κανὼν
3335 3246 3488 3313 οὗτος
3539 3247 3844 3303 διαστέλλει
3899 3246 4045 3315 τάχα

2464 3362 2563 3433 τὴν
2594 3358 2889 3429 ἐκκλησίαν
2924 3354 3017 3408 καὶ
3048 3351 3107 3405 τὸ
3140 3347 3435 3419 Κυριακόν.
3469 3341 3638 3412 Οἶμαι
3670 3341 3727 3394 δὲ
3756 3341 3818 3393 τὸ
3852 3341 3937 3393 Ἠ
3964 3342 4049 3392 ἐν-

2462 3453 2638 3509 ταῦοα
2674 3452 2749 3522 μὴ
2785 3444 3177 3511 διαζευκτικῶς
3237 3438 3470 3499 κεῖσθαι,
3503 3436 3619 3489 ἀλλ’
3678 3434 3756 3496 ὡς
3790 3435 4044 3502 ἐφερμη-

2466 3544 2733 3605 νευτικὺν,
2754 3543 2848 3596 καὶ
2878 3540 2998 3595 ἀντὶ
3023 3535 3119 3589 τοῦ
3155 3536 3336 3587 Ἤτοι.
3361 3531 3699 3601 Εὑρίσκομεν
3728 3524 3843 3595 γὰρ
3866 3524 3971 3576 καὶ
3991 3525 4046 3574 ἐν

2463 3640 2530 3709 τῇ
2560 3635 2677 3703 θείᾳ
2712 3632 2899 3703 Γραφῇ
2929 3628 2988 3681 τὸ
3018 3626 3128 3679 Καὶ
3164 3624 3240 3695 μὴ
3266 3621 3340 3685 ὡς
3374 3614 4049 3709 σύνδεσμονῄσυμπλεκτιῗ

2466 3704 2560 3779 xiv
2606 3717 3187 3792 παραλαμϐανόμενον,
3240 3711 3358 3766 ἀλλ’
3401 3710 3479 3771 ὡς
3529 3705 3922 3772 αἰτιολογικὸν,
3961 3704 4053 3756 καὶ

2467 3817 2588 3871 ἀντὶ
2620 3815 2715 3866 τοῦ
2747 3811 2863 3883 Γὰρ
2913 3808 3201 3878 δεχόμενον
3227 3821 3238 3833 ·
3260 3802 3336 3866 ὼς
3382 3802 3511 3854 ὅταν
3573 3799 3738 3868 λέγτγ
3801 3797 3967 3859 Δόξα
3988 3796 4055 3848 ἐν

2465 3910 2751 3978 ὑψίστοις
2798 3902 2940 3968 Θεῷ,
2998 3900 3096 3954 καί
3155 3898 3252 3951 ἐπὶ
3305 3893 3415 3966 γῆς
3447 3892 3696 3960 είρήνη·
3743 3890 3937 3943 αἰτίαν
3960 3888 4052 3941 τοῦ

2464 3987 2785 4067 δοξάζεσθάὶ
2809 3997 2901 4052 τὸν
2959 3993 3090 4047 Θεδν
3148 3989 3395 4057 τιθείσης
3436 3985 3536 4055 τῆς
3566 3982 3817 4052 Γραφῆς,
3847 3983 3937 4035 ὅτι
3966 3983 4054 4033 ἐπὶ

2465 4094 2568 4163 γῆς
2590 4092 2804 4161 εἰρήνη.
2833 4085 2928 4140 τοξὶ
2961 4085 3072 4139 Καὶ
3100 4082 3222 4136 ἀντὶ
3284 4078 3379 4131 τοῦ
3412 4077 3526 4146 Γὰρ
3553 4074 3830 4135 τεθέντος.
3864 4074 3979 4125 Καὶ
4025 4074 4051 4124 ὁ

2466 4185 2629 4240 Δαϐὶδ
2651 4182 2706 4236 δέ
2753 4196 2886 4250 φησι
2910 4195 2925 4209 ο
2983 4176 3095 4240 Δὸς
3134 4172 3280 4241 ἡμῖν
3327 4168 3620 4234 ,βοήθειαν
3656 4165 3727 4217 ἑκ
3760 4166 4054 4231 aliis-stoc,

2466 4279 2563 4331 καὶ
2598 4272 2819 4345 ματαία
2865 4267 3129 4334 σωτηρία
3182 4260 3521 4331 ἀνθρώπου·
3551 4256 3645 4320 Σὺ,
3680 4255 3890 4321 λέγων,
3926 4255 4052 4323 βοή-

2468 4370 2549 4423 θει
2570 4384 2585 4401 ο
2619 4366 2781 4437 ἡγὰρ
2803 4360 3116 4433 ἀνθρωπίνη
3151 4352 3396 4422 σωτηρία
3444 4349 3655 4420 ματαία
3687 4348 3788 4399 καὶ
3836 4349 4053 4412 ἀνωφε-

2466 4459 2585 4529 λής.
2632 4456 2745 4510 Καὶ
2775 4455 2831 4505 ἐν
2864 4454 2981 4513 ταῖς
3014 4448 3261 4519 νομικαίς
3294 4444 3352 4495 δέ
3386 4441 3591 4513 βίϐλοις
3648 4437 3894 4508 εὓρηται
3923 4437 4053 4529 uel:

2838 4540 3091 4602 ευκτικῖις
3113 4536 3412 4603 σύνδεσμος
3444 4531 3568 4585 ἀντὶ
3624 4528 4051 4600 συμπλεκτικού

2470 4637 3056 4711 παραλαμϐανόμενος.
3122 4629 3260 4699 Φησὶ
3307 4626 3437 4697 γὰρκ
3473 4622 3679 4694 βιϐλίον
3734 4620 3823 4690 μδ’
3884 4621 4060 4681 title;

2475 4733 2525 4805 γ’
2547 4752 2563 4767 ο
2611 4733 2738 4787 Ἐάν
2794 4746 2882 4792 τις
2938 4726 3144 4796 γράψῃ.
3196 4721 3254 4775 Ὀ
3290 4719 3491 4788 δεῖναῆ
3522 4716 3732 4771 ὁδεῖνα
3771 4716 3925 4768 ἔστω
3962 4731 4058 4782 μου

2474 4803 2828 4899 κληρονόμος.
2877 4821 2911 4892 ἢ
2938 4818 3088 4872 τόνδε
3114 4816 3146 4882 ἢ
3196 4812 3345 4867 τόνδε
3376 4808 3670 4877 ἐλευθερῶ,
3701 4806 3859 4874 ἔδοξε
3893 4807 3955 4899 το
3974 4803 4059 4899 -Ἦ

2475 4897 2598 4976 ἀντί
2621 4917 2715 4971 τοῦ
2774 4914 2886 4968 Καὶ
2928 4910 3184 4980 δεχθῆναι
3240 4899 3679 4975 συμπλεκτικοῦ.
3740 4899 3865 4951 Καὶ
3884 4897 4061 4957 τίτλος

2480 5018 2541 5065 ιε’
2584 5010 2678 5062 τοῦ
2710 5006 2873 5061 αὐτοῦ
2925 5001 3130 5072 βιϐλίου
3170 4997 3371 5067 φησιν’
3444 4994 3569 5046 Ἐὰν
3624 4988 3967 5059 ληγατεύσω
4000 4989 4060 5056 τῇ

2477 5100 2694 5172 γυναικί
2726 5116 2826 5167 μου
2850 5096 3074 5163 κόσμια,
3100 5091 3134 5161 ἢ
3176 5091 3277 5143 ὅσα
3305 5087 3467 5158 χάριν
3517 5083 3693 5152 αὐτῆς
3720 5081 4063 5172 ηὑτρέπικα,

2478 5170 2655 5249 πάντα
2684 5189 2981 5260 λαμϐάνει*
3040 5183 3132 5237 τοῦ
3169 5182 3246 5236 Ἦ
3281 5179 3609 5246 συνδέσμου,
3647 5175 3774 5226 ἀντὶ
3832 5172 3934 5226 τοῦ
3964 5170 4066 5224 Καὶ

2483 5281 3072 5359 παραλαμϐανομένυυ.
3121 5276 3229 5328 Καὶ
3278 5275 3307 5326 ὁ
3334 5270 3584 5339 δεύτερος
3622 5265 3683 5319 δὲ
3744 5264 3937 5359 τίτλος
3976 5260 4065 5314 τοῦ

2483 5358 2746 5450 δευτέρου
2810 5373 3046 5446 βιϐλίου,
3078 5369 3135 5431 ὃς
3167 5366 3299 5436 περὶ
3348 5364 3612 5435 ῥημάτων
3642 5358 4064 5450 ἐπιγέγραπται

2484 5470 2782 5546 σημασίας,
2811 5471 2870 5521 ἐν
2925 5460 3214 5531 κεφαλαίῳ
3248 5463 3314 5527 ιγ’
3344 5455 3541 5526 φησιν’
3606 5452 3669 5503 '0
3722 5449 4066 5546 συμπλεκτι-

2642 5565 2734 5617 καὶ
2789 5562 2818 5613 ὁ
2869 5551 3250 5620 διαζευκτικός
3315 5547 3429 5601 ἐσθ’
3483 5547 3573 5600 ὅτε
3619 5544 3749 5596 ἀντὶ
3824 5539 4064 5608 ἀλλήλων

2483 5653 3027 5727 παραλαμϐάνονται.
3060 5643 3251 5707 Οὕτως
3307 5641 3519 5696 ἐοίκασι
3574 5638 3669 5693 καὶ
3701 5636 3755 5691 οἱ
3791 5634 3904 5705 τῆς
3948 5648 4063 5688 συν-

881 5859 903 5893 ⁹
936 5857 955 5916 Ι
989 5861 1118 5916 Cor.
1155 5859 1348 5925 x1,?.l,
1374 5860 1466 5915 22.
1532 5860 1573 5891 ¹⁰
1602 5858 1732 5912 Luc.
1762 5872 1822 5918 ll,
1852 5856 1931 5910 li.
2000 5855 2036 5886 ¹¹
2075 5852 2192 5907 l‘sal
2243 5867 2355 5917 tu,
2393 5847 2476 5904 15.
2557 5846 2598 5877 “
2639 5842 2782 5899 Psal.
2812 5857 2972 5906 xxxv,
3010 5840 3064 5895 7.
