4218 6458
146 424 250 487 769
1128 417 1207 476 ΙΝ
1235 414 1396 476 CAN.
1429 413 1632 474 LXXV
1661 412 1872 473 CONC.
1918 413 1992 471 IN
2034 411 2366 471 TRULLO.
3287 415 3394 474 770

147 538 270 586 οδου
302 531 500 600 ταύτης
532 529 772 598 Πατέρες
801 527 879 597 τῷ
915 528 984 579 Ἦ
1019 527 1251 580 ἐνταῦθα
1293 529 1414 580 ἀντὶ
1444 527 1538 579 τοῦ
1574 527 1730 579 Ἤτοι
1763 533 1801 580 Α

1729 567 1730 574 η
1763 533 1801 580 Α
1836 523 1996 574 modo
2027 523 2185 591 igitur
2214 525 2280 575 ab
2310 523 2472 590 hujus
2500 536 2717 591 quoque
2749 522 2940 591 synodi
2984 524 3236 580 Patribus
3270 546 3395 595 par-

147 623 482 696 χρήσασθαι.
1823 611 2067 672 ticulam,
2123 611 2236 675 Vel,
2287 628 2403 681 pro,
2458 611 2601 677 Sive,
2651 612 2947 665 adhibitam
2986 613 3155 669 fuisse
3205 619 3396 671 existi-

1823 718 2043 756 martm.

149 798 371 852 ΑΡΙΣΤ.
399 818 420 852 ι
442 799 675 867 ’Ᾱγάπαι
705 798 764 851 ἐν
789 800 902 862 τοῖς
923 798 1269 869 Κυριακοῖςῆ
1300 799 1357 850 ἐν
1382 799 1499 860 ταῖς
1528 798 1723 866 ἐκκλη-

1898 796 2122 852 ARIST.
2162 816 2180 848 ι
2208 799 2404 867 Agapa:
2423 797 2476 850 in
2496 795 2742 850 ecclesiis
2766 811 2870 849 non
2899 803 3025 848 sunt
3051 802 3393 866 peragendae,

223 911 244 944 ι
288 894 434 955 σίαις
462 894 523 946 οὐ
549 892 846 954 τελοῦνται,
870 890 991 945 οὐδὲ
1023 892 1285 944 άκούὸιτα
1317 892 1682 962 στρώννυνται
1703 907 1720 922 ⁸
1826 911 1845 944 ι
1881 909 1889 945 t

1826 911 1845 944 ι
1881 909 1982 945 nec
2035 894 2318 945 accubitus
2373 892 2651 946 sternendi
2703 905 2718 941 :
2769 891 3066 958 quinetiam
3135 893 3226 960 qui
3291 911 3396 949 nun

228 1004 246 1034 ι
292 986 407 1038 ἀλλ’
440 988 487 1036 ot
525 987 599 1054 μὴ
629 984 927 1053 παυόμενοι
956 982 1322 1053 ἀφορίζονται.
1828 1005 1846 1037 ι
1885 1004 1894 1036 ι

956 982 1322 1053 ἀφορίζονται.
1828 1005 1846 1037 ι
1885 985 2178 1046 desistunt,
2212 995 2593 1053 segregantur.

219 1080 298 1130 Οὐ
324 1078 432 1131 δεῖν
461 1079 549 1129 τὸν
577 1075 670 1129 τοῦ
700 1077 835 1129 Θεοῦ
865 1073 1015 1128 οἶκον
1055 1076 1232 1129 κοινὸν
1264 1072 1718 1144 ἡγεῖσθαιοῖκον,

1893 1076 2012 1129 Νοιι
2068 1085 2282 1146 oportet
2342 1076 2432 1128 Dei
2491 1077 2712 1129 dommn
2766 1092 3113 1129 communem
3169 1076 3388 1129 dmnum

151 1172 248 1222 zu“.
273 1173 331 1222 ἐν
374 1170 522 1238 αὐτῷ
550 1170 647 1231 τὰς
685 1169 983 1235 λεγομένας
1007 1168 1246 1234 ’ἀγάπας
1285 1169 1577 1231 τελεῖσθαι,
1627 1177 1720 1221 και

1822 1168 2158 1229 existimare,
2186 1175 2239 1218 et
2277 1165 2329 1218 in
2373 1180 2435 1217 ea
2503 1182 2703 1233 agapas
2758 1167 2931 1219 dictas
2988 1183 3286 1234 peraget-0,
3345 1178 3398 1220 «ιι

148 1263 304 1314 ἔνδον
336 1262 560 1322 ἐσθίειν,
596 1262 628 1329 ἢ
667 1260 996 1329 στρωννύειν
1023 1261 1306 1313 ἁκούϐιτα.
1340 1261 1442 1313 Τὸν
1476 1261 1532 1313 δὲ
1565 1261 1722 1313 τοῦτο

1825 1261 1972 1314 intus
1994 1257 2300 1318 comedere,
2332 1267 2424 1309 aut
2462 1258 2744 1311 accubitus
2782 1267 3023 1310 sternere
3059 1277 3072 1310 :
3115 1259 3158 1311 is
3191 1267 3393 1323 autem,

146 1356 328 1406 ποιεῖν
351 1354 655 1424 τολμῶντα,
686 1355 736 1406 εί
770 1355 846 1425 μὴ
875 1353 1123 1417 παύοιτο,
1161 1356 1545 1424 ἀφορίζεσθαι.

1822 1355 1912 1420 qui
1972 1353 2072 1403 hoc
2130 1365 2300 1404 ausus
2349 1361 2432 1404 est
2472 1352 2650 1403 facere
2677 1391 2691 1415 ,
2724 1361 2778 1404 et
2811 1367 2918 1403 non
2948 1361 3168 1415 cessat,
3217 1368 3396 1421 segre-

1826 1453 2003 1512 gctur.

749 1531 990 1585 KANQN
1018 1530 1117 1584 OE'
2366 1533 2592 1587 CANON
2631 1533 2842 1586 LXXV.

154 1640 176 1676 σ
221 1621 474 1686 Τοὺς-ἐπὶ
502 1625 562 1678 τὸ
589 1624 810 1694 ψάλλειν
841 1627 899 1678 ἐν
935 1628 1054 1687 ταῖς
1083 1624 1396 1694 ἐκκλησίαις
1427 1642 1724 1696 παραγινο-

1829 1648 1847 1680 ι
1891 1628 1995 1683 Eos
2021 1673 2035 1694 ,
2077 1629 2169 1699 qui
2218 1631 2273 1683 in
2325 1630 2572 1681 ecclesiis
2604 1629 2667 1678 nd
2702 1629 3041 1695 psall-mtlum
3084 1629 3396 1695 accedunt,

229 1734 250 1767 ι
303 1717 498 1786 μένους
527 1717 850 1787 βουλόμεθα,
889 1718 1028 1787 μήτε
1056 1717 1206 1786 βοαῖς
1226 1719 1485 1780 ἀτάκτοις
1514 1719 1721 1788 κεχρῆ-

1901 1738 1919 1769 ι
1957 1722 2208 1774 volumus
2235 1759 2250 1784 ,
2284 1735 2384 1775 nec
2420 1721 2746 1773 lllOl‘tlilluliS
2800 1720 3284 1776 vociferationihus
3318 1725 3395 1775 uti

224 1829 246 1862 ι
295 1813 422 1864 σθαι
449 1813 542 1863 καὶ
566 1812 665 1882 τὴν
698 1809 860 1880 φύσιν
894 1813 1029 1880 πρὸς
1061 1811 1310 1880 κραυγὴν
1342 1812 1719 1877 ἐκϐιάζεσθαι,
1761 1862 1801 1916 Β
1872 1886 1876 1890 1

1761 1862 1801 1916 Β
1872 1886 1876 1890 .
1906 1832 1923 1863 ι
1962 1823 2016 1867 et
2047 1825 2293 1869 naturam
2329 1814 2393 1866 ad
2435 1815 2729 1867 clamorem
2765 1830 2957 1880 urgere
2985 1854 3000 1877 ,
3045 1831 3143 1869 nec
3194 1817 3399 1885 aliquid

225 1921 244 1953 ι
297 1904 434 1972 μήτε
463 1919 514 1954 τι
544 1900 819 1969 ἐπιλέγειν
866 1901 972 1952 τῶν
1012 1900 1086 1970 μὴ
1128 1904 1192 1970 τῇ
1235 1901 1500 1971 ἐκκλησίᾳ
1547 1903 1720 1970 άρμο-
1763 1900 1801 1916 “’

1763 1900 1801 1916 “’
1904 1923 1922 1955 ι
1962 1919 2176 1968 eorum,
2203 1921 2321 1973 quae
2356 1905 2600 1957 ecclesia:
2639 1921 2744 1956 non
2793 1908 3126 1959 conveniunt
3171 1918 3224 1960 et
3274 1918 3395 1977 apta

229 2015 248 2046 ι
293 1996 424 2048 δίων
454 2014 510 2048 τε
541 1997 636 2049 καὶ
663 1996 880 2049 οἰκείων
902 2012 916 2027 ⁶
963 1997 1102 2049 ἀλλὰ
1132 1999 1270 2066 μετά
1298 1997 1500 2066 πολλῆς
1550 2015 1722 2066 προσ-

1905 2015 1923 2047 ι
1969 2013 2075 2049 ιιοιι
2109 2007 2255 2060 sunt,
2289 1997 2558 2049 asciscere
2610 2012 2624 2047 :
2668 1998 2759 2049 sed
2808 2012 2930 2048 cum
2982 2013 3175 2066 magna
3223 2011 3397 2052 atten-

225 2107 245 2140 ι
290 2089 423 2156 οχῆς
450 2090 543 2140 καὶ
568 2089 912 2153 κατανύξεως
934 2089 1033 2152 τὰς
1067 2090 1385 2159 ψαλμῳδίας
1427 2090 1722 2160 προσάγειν

1905 2108 1924 2140 ι
1964 2089 2112 2142 tione
2165 2098 2218 2140 et
2276 2087 2693 2156 componetimle
2727 2089 3056 2157 psalmodias
3108 2089 3215 2142 Deo
3248 2130 3264 2154 ,
3308 2097 3397 2158 qtti

223 2196 244 2228 ο
292 2176 372 2245 τῷ
407 2178 515 2229 τῶν
569 2177 830 2247 κρυπτῶν
877 2179 1058 2249 ἐφόρῳ
1105 2178 1244 2248 Θεῷ.
1307 2179 1568 2241 Εὑλαΰεῖς
1610 2182 1719 2250 γάρ

1905 2200 1922 2232 ι
1961 2189 2043 2233 cst
2072 2179 2412 2232 occultorum
2438 2179 2736 2247 inspector,
2780 2179 2994 2233 oﬂ'erre.
3065 2180 3188 2234 l‘ios
3249 2201 3391 2235 υιιιιιι

220 2287 243 2320 ‹
293 2269 515 2320 ἔσεσθαι
545 2271 671 2331 τοὺς
706 2270 853 2334 υἱοὺς
895 2270 1113 2340 Ἰσαρὴλ
1136 2271 1195 2322 τὺ
1222 2270 1365 2342 ἱερὸν
1400 2270 1606 2336 ἐδίδαξε
1629 2271 1717 2322 λό-

1905 2291 1925 2323 ι
1968 2271 2082 2326 [οι-ο
2136 2270 2276 2324 ﬁlios
2327 2269 2496 2324 Israel
2529 2286 2748 2324 sacrum
2797 2272 2983 2325 docuit
3025 2275 3328 2327 oraculum.
3373 2295 3390 2325 ι

223 2379 243 2410 ε
295 2376 413 2426 γιον
436 2358 568 2427 (84).
607 2377 624 2409 ι

216 2450 419 2504 ΒΑΛΣ.
461 2453 524 2503 Δί
556 2450 648 2503 τοῦ
687 2449 823 2502 Θεοῦ
862 2449 1152 2518 ἐκκλησίαι
1220 2444 1360 2501 οἴκοι
1403 2451 1722 2520 προσευχῶν

1901 2453 2095 2507 BALS.
2146 2451 2237 2504 Dei
2265 2451 2510 2505 ecclesiae
2559 2448 2816 2502 dicuntur
2861 2448 3054 2502 domus
3095 2452 3396 2512 orationis;

144 2541 438 2609 λέγονται·
488 2542 608 2593 ὅθεν
657 2543 751 2594 καὶ
795 2541 846 2592 οἱ
893 2542 1323 2610 προσευχόμενοι
1379 2543 1721 2611 παρακαλεῖν

1829 2549 1973 2602 unde
1997 2550 2160 2602 etiam
2200 2547 2291 2615 qui
2325 2553 2483 2597 orant
2509 2581 2523 2605 ,
2553 2560 2675 2597 cum
2722 2543 2977 2611 lacrymis
3026 2545 3189 2596 Deum
3243 2559 3399 2597 orare

143 2637 240 2689 τὸν
273 2636 408 2688 Θεὸν
440 2634 710 2700 ὀφείλουσι
743 2635 881 2703 μετά
913 2634 1163 2703 δακρύων
1193 2636 1288 2687 καὶ
1314 2633 1718 2701 ταπεινώσεως,

1829 2641 2024 2695 debent
2051 2647 2104 2692 et
2138 2654 2260 2691 cum
2296 2638 2606 2689 humilitate
2630 2675 2644 2697 ,
2677 2651 2784 2687 non
2819 2645 2995 2687 autem
3029 2650 3152 2687 cum
3188 2636 3398 2690 inordi-

147 2729 211 2782 οὐ
244 2730 354 2797 μὴν
393 2728 527 2796 μετὰ
559 2728 794 2780 ἀτάκτου
824 2729 919 2779 καί⁸
946 2727 1201 2789 ἀναιδοῦς
1236 2730 1536 2799 σχήματος,
1578 2733 1720 2783 Διω-

1829 2741 1956 2785 nato
1989 2739 2041 2785 et
2070 2729 2386 2799 impudente
2415 2727 2626 2781 habitu.
2663 2724 2985 2778 Statuerunt
3027 2741 3158 2793 ergo
3214 2726 3402 2780 Patres

153 2821 378 2889 ρίσαντο
405 2814 496 2870 οὖν
517 2820 562 2870 οἱ
591 2819 854 2887 Πατέρες,
889 2818 963 2887 μὴ
989 2818 1235 2886 γίνεσθαι
1262 2820 1329 2872 τά
1352 2821 1473 2889 ίερά
1496 2819 1723 2890 ψαλμῷ-

1828 2840 1937 2879 non
1971 2839 2091 2877 csse
2121 2838 2273 2876 sacra
2310 2820 2552 2873 canenda
2585 2820 2795 2871 cantica
2829 2829 2881 2871 et
2929 2818 3256 2885 psalmodias
3314 2820 3401 2871 in-

148 2911 370 2979 δήματα
427 2909 514 2962 διὰ
551 2909 689 2978 βοῶν
742 2908 994 2960 ἀτάκτων
1040 2909 1134 2960 καὶ
1184 2909 1593 2978 ἐπιτεταμένων
1627 2912 1722 2962 καὶ

1827 2915 2098 2971 ordinatis
2127 2924 2180 2967 et
2211 2913 2435 2966 intentis
2457 2911 2962 2969 vociferationibus.
2986 2921 3040 2964 ct
3067 2924 3270 2966 natura:
3290 2915 3397 2966 vim

149 3004 251 3069 τὴν
292 2999 454 3068 φύσιν
502 2997 1035 3069 παραδιαζομένων·
1075 2999 1214 3067 μήτε
1270 2997 1367 3067 τὴν
1418 2998 1508 3051 διά
1560 3017 1721 3051 τινων

1829 3007 2219 3071 ail'erentihus;
2255 3021 2354 3060 nec
2384 3005 2544 3058 etiam
2579 3005 2905 3072 quibusdatlt
2961 3004 3116 3058 ﬂexis
3161 3006 3406 3058 modula—

150 3091 533 3159 καλλιφωνιῶν
563 3091 846 3143 ἀνοικείων
878 3093 943 3160 τῇ
983 3091 1408 3160 ἐκκλησιαστικῇ
1448 3091 1723 3143 καταστά-

1832 3101 2014 3169 tisque
2044 3099 2289 3162 vocibus,
2324 3097 2711 3151 ecclesiastica:
2744 3098 3127 3150 constitutioni
3175 3107 3230 3150 et
3265 3114 3401 3151 con-

151 3201 234 3236 σει
272 3185 367 3236 καλ⁵
399 3182 714 3251 ἀκολουθίᾳ,
754 3177 844 3235 οἷά
880 3185 987 3235 εἰσι
1026 3183 1096 3235 τὰ
1137 3181 1404 3252 θυμελικά
1435 3182 1596 3253 μέλη,
1628 3185 1723 3236 καὶ
1751 3223 1793 3280 C

1751 3223 1793 3280 ο
1831 3191 2126 3260 sequentia;
2170 3206 2276 3242 non
2335 3188 2792 3243 convenientibus
2823 3229 2838 3253 ,
2901 3189 3209 3255 cujusmodi
3277 3199 3405 3244 sunt

147 3276 208 3331 αἱ
240 3277 496 3345 περιτταὶ
517 3273 780 3328 ποικιλίαι
804 3275 912 3327 τῶν
937 3275 1155 3342 φωνῶνο
1193 3275 1330 3328 άλλά
1363 3275 1502 3344 μετά
1525 3275 1724 3345 πολλῆς
1759 3273 1793 3280 ⁷

1759 3273 1793 3280 ⁷
1828 3285 1970 3339 modi
2029 3283 2234 3338 scenici
2285 3293 2339 3336 et
2387 3297 2806 3351 supervacanea:
2862 3284 3013 3336 vocis
3060 3287 3400 3338 varietates:

150 3368 504 3431 κατανύξεως
566 3369 660 3421 καὶ
711 3369 1007 3438 θεαρέστου
1060 3369 1265 3439 τρόπου
1321 3373 1620 3438 προσάγειν
1651 3372 1726 3440 τῷ

1827 3377 1919 3430 sed
1949 3391 2072 3429 cum
2112 3377 2279 3428 multa
2311 3377 2745 3441 compunctione
2791 3383 2844 3427 et
2900 3375 3147 3428 moribus
3201 3377 3305 3443 piis
3351 3384 3406 3428 et

146 3463 270 3532 θεῷ
313 3462 410 3523 τάς
439 3462 624 3529 εὐχάς,
669 3461 747 3530 τῷ
779 3462 1033 3515 εἰδότιτὰ
1072 3462 1293 3530 κρυπτὰ
1332 3465 1440 3514 τῶν
1485 3465 1726 3534 καρδιῶν

1827 3469 2028 3523 Sanctis
2064 3467 2170 3520 Deo
2203 3481 2390 3532 preces
2419 3467 2614 3518 offerre
2644 3506 2658 3528 ,
2686 3465 2781 3534 qui
2816 3467 2966 3518 novit
3025 3469 3268 3519 curilium
3303 3484 3403 3523 no-

148 3555 334 3625 ήμῶν.
396 3553 582 3606 Ταῦτα
631 3554 688 3605 δὲ
753 3554 1228 3624 παρεκελεύσαντο
1283 3557 1591 3619 ἀκολούθως
1649 3558 1726 3626 τῷ

1721 3580 1726 3604 ι
1827 3569 2064 3611 stt'orum
2094 3558 2328 3609 occulta.
2357 3555 2477 3608 Hm:
2504 3565 2683 3607 autem
2718 3554 3003 3620 jusserunt
3043 3571 3387 3623 consequen-

149 3645 505 3715 εὐαγγελικῴ
565 3647 738 3716 ῥητῷ,
792 3647 871 3715 τῷ
905 3646 1261 3718 διοριζομένῳ
1300 3649 1374 3718 μὴ
1413 3650 1553 3702 κατὰ
1584 3650 1728 3702 ἐθνιο

1828 3660 1910 3704 ter
1938 3650 2085 3703 dicto
2106 3648 2450 3717 evangelico,
2487 3647 2630 3714 quod
2676 3645 2865 3698 statuit
2904 3662 2917 3697 :
2965 3644 3081 3698 Non
3143 3657 3394 3714 oportere

150 3741 284 3800 κοὺς
318 3737 574 3807 εὔχεσθαι
603 3741 748 3807 ἡμᾶς
789 3740 925 3808 μετά
958 3739 1309 3808 βαττολογίας
1339 3745 1432 3794 καὶ
1455 3747 1721 3812 κραυγῆς,

1828 3759 1948 3806 nos,
1983 3745 2127 3797 sicut
2156 3749 2209 3794 et
2247 3739 2474 3800 ethnici,
2542 3753 2666 3790 cum
2704 3738 3033 3804 loquacitate
3063 3747 3113 3789 ct
3155 3740 3396 3790 clamore

149 3833 228 3893 ὡς
279 3831 564 3899 οἰομένους
615 3832 1036 3902 είσακουσθῆναι
1093 3834 1179 3887 διά
1231 3835 1329 3904 τὴν
1393 3836 1726 3903 πολυλογίαν

1827 3836 2036 3906 precari
2067 3876 2081 3895 ,
2140 3843 2398 3900 tauquam
2434 3845 2528 3898 per
2565 3829 2966 3895 multiloquium
3013 3836 3261 3882 nostrum
3304 3845 3403 3881 nos

148 3924 336 3992 ἡμῶν,
369 3924 484 3976 ἀλλ’
529 3927 588 3976 ἐν
631 3924 708 3993 τῷ
735 3927 964 3993 κρυπτῷ
994 3929 1292 3995 προσάγειν
1314 3928 1404 3981 τὸν
1445 3929 1612 3998 ὕμνον
1650 3930 1726 4001 τῷ

1826 3924 2192 3979 exaudiendus
2223 3921 2571 3980 arbitremur,
2607 3919 2698 3970 sed
2734 3917 2787 3968 in
2822 3917 3039 3970 occulto
3066 3956 3081 3980 ,
3140 3918 3248 3971 Dco
3305 3918 3401 3989 hy-

151 4015 276 4081 Θεῷ
298 4031 311 4042 ·
342 4017 516 4064 ποιεῖν
543 4015 598 4066 δὲ
629 4016 722 4068 καὶ
753 4017 851 4078 τας
895 4018 1140 4087 αἰτήσεις
1181 4020 1406 4088 ὁμοίως,
1448 4021 1533 4072 ἵνα
1576 4023 1672 4072 καὶ
1700 4023 1727 4074 ό

1828 4037 2011 4073 mnum
2046 4017 2240 4071 oil‘erre
2269 4031 2282 4066 :
2319 4015 2498 4066 facere
2529 4019 2708 4064 autem
2772 4010 3056 4078 petitiones
3110 4011 3404 4074 similiter,

153 4103 350 4172 Πατὴρ
413 4105 571 4172 ἡμῶν
623 4108 650 4159 ό
711 4107 921 4177 βλέπων
973 4112 1029 4162 ἐν
1079 4111 1158 4180 τῷ
1194 4111 1440 4182 κρυπτῷ,
1475 4115 1726 4186 άποδώσῃ

1829 4120 1887 4162 ιιι
1925 4109 2085 4161 l‘ater
2116 4116 2304 4158 noster
2333 4101 2575 4156 cwlestis
2596 4141 2609 4162 ,
2652 4101 2744 4168 qui
2777 4100 2924 4153 videt
2952 4099 3006 4152 in
3062 4099 3405 4165 abscondito,

152 4195 289 4263 ἡμῖν
328 4196 384 4246 ἐν
405 4195 481 4265 τῷ
512 4197 756 4266 φανερῷ.
795 4200 949 4252 Ἐπεὶ
975 4201 1051 4265 δὲ,
1082 4203 1234 4270 φασὶ,
1268 4207 1359 4256 καὶ
1380 4207 1408 4256 ό
1436 4206 1726 4265 Μωσαῖκὸς

1829 4201 1987 4255 nobis
2023 4199 2213 4252 reddat
2253 4198 2304 4248 in
2339 4204 2527 4262 aperto
2561 4193 2626 4246 ”.
2657 4191 2925 4255 Quoniam
2959 4199 3141 4243 autem
3169 4229 3182 4250 .
3224 4190 3409 4258 inqui-

153 4285 322 4352 νόμος
356 4283 509 4337 εἶπεν
533 4291 589 4338 ἐν
617 4287 692 4355 τῷ
716 4290 988 4360 Λευῖτικῷ
1011 4309 1024 4322 ·
1066 4293 1328 4355 Εὑλαϐεῖς
1374 4299 1578 4348 ποιεῖτε
1603 4298 1727 4358 τοὺς

1829 4302 1925 4344 ιιιιι
1952 4332 1968 4358 ,
2009 4292 2090 4343 lex
2124 4302 2340 4357 quoque
2371 4284 2605 4337 Mosaica
2638 4283 2777 4336 dixit
2836 4281 2890 4333 in
2955 4279 3198 4333 Levilico
3225 4321 3238 4345 ,
3287 4283 3405 4349 pios

150 4374 306 4435 υἱοὺς
337 4375 575 4444 Ἰσραὴλ,
617 4379 818 4446 μᾶλλον
851 4381 1034 4448 ἡμεῖς,
1091 4383 1139 4433 οἱ
1189 4384 1286 4436 τοῦ
1337 4386 1503 4450 νόμου
1533 4384 1722 4436 τούτου

1829 4382 1973 4433 iilios
2010 4378 2176 4431 Israel
2233 4376 2448 4428 futuros
2474 4413 2490 4436 ,
2521 4386 2621 4424 nos
2648 4383 2863 4439 quoque
2890 4406 2906 4433 ,
2953 4367 3047 4435 qui
3079 4367 3240 4432 hujus
3276 4367 3409 4434 legis

147 4466 436 4532 δεξάμενοι
494 4469 557 4517 τὸ
617 4467 924 4539 πλήρωμα,
984 4469 1274 4540 ὀφείλομεν
1340 4473 1724 4546 εὐλαϐέστεροι

1827 4470 2284 4541 complementum
2312 4466 2642 4529 accepimus,
2678 4462 2849 4529 magis
2877 4461 2948 4528 pii
2979 4473 3099 4512 esse
3124 4459 3405 4522 debemus,

150 4557 318 4620 εἶναι,
357 4565 448 4611 καὶ
479 4561 622 4613 κατὰ
660 4566 726 4612 τὰ
757 4563 1121 4633 νενομισμένα
1155 4553 1725 4622 πολιτεύεσθαι.Ἐπεὶ
1758 4560 1801 4615 Ῑ)

1758 4560 1801 4615 D
1826 4573 1879 4619 et
1911 4572 2068 4632 prout
2096 4562 2448 4616 constitutum
2481 4565 2596 4621 est,
2637 4570 2734 4608 nos
2785 4567 2973 4622 gerere
3029 4552 3094 4604 ⁸³.
3138 4549 3406 4615 Quoniam

150 4653 208 4702 δὲ
246 4654 396 4719 παρὰ
421 4652 694 4720 διαφόροις
732 4654 1053 4721 ἁγιωτάτοις
1087 4658 1455 4728 πατριάρχαις
1488 4661 1724 4731 ἐλαλήθη

1832 4669 2008 4712 autem
2046 4654 2187 4724 apud
2215 4648 2456 4707 diversos
2511 4647 2890 4702 sanctissimos
2945 4642 3289 4712 patriarchas
3324 4641 3409 4693 tli-

153 4743 232 4812 μὴ
264 4745 424 4811 μόνον
451 4746 508 4795 ἐν
534 4748 652 4807 ταῖς
677 4745 896 4814 ἑορταῖς
925 4745 1172 4812 γίνεσθαι
1194 4749 1420 4803 τοιαῦτα
1443 4752 1594 4820 παρά
1620 4752 1727 4802 τῶν

1834 4765 1978 4804 etum
2017 4756 2120 4808 est,
2150 4761 2258 4798 non
2296 4743 2471 4796 solum
2507 4742 2559 4795 in
2595 4738 2749 4793 festis
2800 4736 2914 4789 lucc
2953 4734 3066 4787 lieri
3111 4749 3139 4785 a
3171 4731 3412 4786 cantori-

149 4834 396 4901 ψαλτών,
433 4835 568 4887 ἀλλὰ
604 4838 696 4887 καὶ
760 4840 817 4888 ἐν
856 4838 1146 4907 παννυχίσι
1206 4840 1302 4892 καὶ
1359 4842 1730 4910 μνημοσύνοις

1838 4845 1956 4904 bus,
2001 4839 2095 4893 sed
2135 4840 2298 4891 etiam
2350 4835 2402 4889 iu
2460 4834 2659 4902 vigiliis
2713 4839 2766 4883 et
2824 4836 3162 4880 mortuorum
3218 4839 3412 4878 monu-

149 4928 311 4978 τεθεσε
333 4927 467 4978 ὺτων
491 4945 502 4955 ·
535 4927 794 4995 γεγόνασι
824 4927 1056 4997 διάφορα
1088 4929 1455 5000 σημειώματα
1477 4934 1731 4986 συνοδικα

1838 4936 2069 4987 mentis:
2094 4931 2312 4983 fuerunt
2344 4927 2510 4978 multa
2535 4922 2814 4994 syuo'ialia
2840 4919 3016 4974 edicta
3044 4915 3409 4986 scgregationi

151 5020 450 5088 ἁφορισμῷ
478 5021 971 5087 καθυποϐάλλοντα
1004 5021 1131 5084 τοὺς
1168 5023 1392 5078 τοιαῦτα
1420 5026 1730 5091 ποιοῦντας,

1839 5023 2184 5088 ειιὶηὶοἰοηιίτι
2217 5035 2336 5081 eos,
2365 5018 2456 5088 qvi
2494 5017 2622 5070 talia
2657 5013 2882 5074 iaciunt,
2913 5018 2966 5064 et
3001 5025 3106 5061 non
3139 5024 3232 5077 per
3281 5023 3414 5060 can-

149 5111 250 5162 καὶ
275 5110 351 5178 μὴ
379 5109 466 5162 διὰ
499 5109 963 5182 ψαλμῳδημάτων
988 5116 1080 5164 καὶ
1109 5113 1545 5183 άλληλουῖαρίων
1565 5114 1731 5167 λιτῶν

1844 5119 1971 5180 lica,
2008 5125 2062 5169 et
2096 5113 2292 5168 triodia
2323 5109 2592 5180 simplicia
2627 5105 2958 5174 minimeque
3000 5099 3280 5155 elaborata
3312 5140 3326 5165 ,
3360 5107 3415 5154 et

227 5299 272 5329 ¹³
298 5295 489 5350 Matth.
525 5310 598 5360 γι,
639 5297 724 5351 18.
810 5298 852 5329 ¹⁸
880 5297 1054 5353 chit.
1089 5314 1240 5361 xvm,

1421 5413 1626 5473 Guill.
1665 5409 1997 5487 Beveregii
2033 5417 2222 5468 notae.

227 5539 341 5622 (8i)
391 5540 916 5622 ‘Edc’60§s_,ld}:tor.
957 5538 1096 5622 Fest
1133 5537 1245 5622 haec
1288 5536 1477 5622 verba,
1519 5544 1579 5622 et,
1606 5543 1731 5622 ante
1838 5548 1893 5622 το

1838 5530 2030 5610 τούτου
2089 5529 2519 5622 καταφρόῼθησις,
2582 5524 2726 5578 Nola
2771 5532 3084 5622 graftean
3139 5535 3412 5622 gqitottfm,

156 5593 505 5666 B-‘lsainoiiis
531 5593 840 5674 scholia,'iti
870 5593 1056 5664 codice
1082 5617 1269 5662 nostro
1298 5593 1589 5659 Bodleiano
1619 5607 1733 5657 haec
1838 5602 2073 5654 srenicas
2119 5593 2466 5674 psulniodios,
2515 5611 2559 5674 et
2606 5613 2720 5674 qua;
2768 5598 3092 5674 diplasnrata
3132 5593 3416 5674 dicuntur,

155 5687 581 5748 interset‘unlttr,
624 5682 933 5750 Σημείωσαι
979 5682 1069 5731 τὸν
1096 5679 1348 5750 ’παρόντα
1382 5677 1578 5750 κανόνα
1620 5693 1733 5726 κω-

1842 5683 2133 5731 ι·ειιιιιιειη;
2158 5682 2204 5722 et
2235 5673 2428 5722 mirare
2455 5678 2507 5720 ut
2539 5668 2859 5732 impudenter
2886 5663 3142 5733 neglectui
3171 5663 3414 5741 habetur.

157 5757 356 5807 λύοντα
395 5755 490 5814 τὰς
525 5731 823 5822 θυμείίκάς
855 5732 1207 5820 ψαλμῳόίαςξ
1247 5749 1344 5822 καὶ-
1370 5750 1435 5822 τὰ
1469 5747 1732 5822 λεγόμενα

1843 5743 1967 5794 Haec
2016 5751 2194 5795 autem
2248 5759 2275 5796 e
2323 5742 2563 5810 margine
2611 5731 2664 5790 tu
2713 5748 2913 5792 textum
2952 5731 3286 5802 transcripta
3338 5731 3418 5783 vi-

156 5827 531 5895 ὃι..λάσματα,
573 5815 666 5876 καὶ
709 5815 987 5891 θαύμασον
1027 5815 1151 5884 ⁷πῶς
1199 5819 1428 5882 ἀναιδῶς
1460 5819 1664 5886 γίνεται
1701 5819 1733 5884 ἡ
1842 5815 2056 5867 tlcnlur.
