4218 6458
802 391 911 470 775

2059 407 2335 468 THEOD.
2391 404 2792 465 HALSAMON

3948 396 4053 462 ’ΠΒ

801 525 984 594 templi
1021 522 1337 584 ambitilnts,
1380 520 1448 574 de
1485 520 1568 574 his
1596 520 1859 574 debemus
1889 536 2102 573 omnem
2149 523 2371 574 dobita-
2403 566 2406 579 ,

2474 519 2718 586 εἰσάγειν
2744 516 3097 587 ἀμφιϐολίαν.
3131 515 3337 576 Πάντες
3365 514 3421 566 δὲ
3451 513 3695 576 ἐκείνους
3723 509 3885 566 εἷπον
3909 514 4050 568 εἶναι

806 618 1007 669 tionem
1037 612 1328 666 adducere.
1356 610 1560 665 Omnes
1590 620 1769 663 autem
1832 612 1955 663 illos
2003 626 2124 665 esse
2176 625 2363 664 sacros

806 705 1040 758 ambitus
1061 705 1333 765 dixerunt,
1375 702 1465 770 qui
1502 704 1731 755 rationis
1772 703 2080 770 expertium
2117 703 2364 754 animan-

805 801 939 852 tium
977 796 1379 851 conculcationi
1417 795 1668 864 permissi
1707 810 1812 859 non
1846 806 1993 854 suun.
2018 795 2230 848 etiamsi
2259 795 2366 848 alio

799 892 1035 957 quodam
1069 892 1228 941 modo
1271 888 1379 942 sint
1413 903 1730 941 communes
1762 904 1778 940 :
1826 903 1893 940 ex
1931 885 1998 939 l2
2032 902 2176 954 eap.,
2205 887 2363 953 primi

799 986 909 1045 tit.,
950 998 976 1033 ν
1006 982 1099 1035 lib.
1131 983 1276 1048 quod
1317 980 1451 1032 dicit
1483 996 1495 1031 :
1521 978 1706 1046 Usque
1736 978 1802 1030 ad
1833 976 2094 1030 terminos
2125 976 2366 1030 ecclesia:

798 1078 851 1129 in
885 1078 999 1129 l'oro
1025 1076 1240 1144 publico
1272 1073 1618 1128 securitatem
1659 1073 1924 1132 habeant,
1957 1071 2050 1138 qui
2104 1071 2366 1138 coniuge-

794 1177 923 1220 runt
959 1168 1311 1220 interioribus
1344 1167 1598 1226 lavacris,
1621 1165 1700 1218 vel
1726 1164 1920 1221 hortis,
1949 1165 2030 1214 vel
2050 1162 2360 1224 domiciliis,

707 1267 723 1282 ⁵
794 1261 877 1312 vel
903 1258 1224 1326 porticibus,
1253 1261 1336 1310 vel
1360 1255 1515 1308 atriis
1537 1265 1751 1307 utentes
1769 1253 1928 1323 247
1955 1263 2007 1304 et
2034 1254 2362 1322 prohibean-

792 1360 884 1402 tur
922 1349 1060 1400 intra
1095 1348 1353 1416 templum
1385 1348 1624 1399 dormire
1654 1349 1734 1398 vel
1776 1347 2081 1408 comedere,
2150 1346 2358 1398 lavacra

793 1453 847 1494 et
910 1441 1116 1501 hortos,
1168 1448 1221 1489 et
1276 1438 1518 1506 porticus
1551 1437 1799 1489 ecclesiae
1850 1434 2144 1502 conjuncta
2175 1449 2361 1487 sacros

794 1531 1033 1585 ambitus
1059 1545 1182 1584 esse
1212 1545 1279 1582 ne
1308 1530 1536 1592 dixeris,
1561 1537 1616 1581 ut
1641 1527 1749 1579 illic
1777 1529 1940 1580 etiam
1974 1526 2361 1594 prohibeantur

792 1621 1022 1689 proponti
1048 1619 1280 1673 venalia.
1311 1617 1435 1672 Haec
1468 1617 1612 1671 enim
1641 1617 1885 1670 ecclesia).
1926 1618 2143 1685 quidem
2181 1629 2361 1685 partes

792 1711 1194 1778 reputabuntur
1229 1727 1242 1762 :
1283 1708 1423 1760 sacri
1453 1719 1632 1760 autem
1672 1707 1913 1760 am'hitus
1943 1723 2052 1760 non
2085 1709 2357 1760 dicemur.

793 1802 854 1852 Et
882 1841 897 1864 ,
966 1812 1023 1854 ut
1071 1801 1383 1860 communia
1415 1800 1657 1868 quidem,
1694 1810 2006 1852 sanctorum
2057 1801 2357 1854 ambituum

791 1893 998 1948 honore
1024 1894 1184 1959 digna
1217 1909 1322 1944 nmt
1359 1892 1711 1945 habebuntur
1742 1907 1756 1944 :
1798 1891 1892 1945 sed
1926 1901 2150 1960 pr0pter
2179 1895 2355 1946 eecle-
2400 1881 2439 1934 Β

788 1985 883 2038 sine
916 1985 1274 2052 privilegium,
1303 1984 1394 2053 qui
1421 1999 1569 2049 cum,
1598 1984 1693 2052 qui
1741 1997 1806 2037 eo
1838 1981 2107 2051 confugit,
2136 2000 2198 2036 ex
2228 1985 2360 2050 ipsis

787 2075 1108 2142 aliripecrit,
1135 2075 1412 2142 punietur.
1448 2073 1589 2127 Nota
1618 2089 1770 2138 vero,
1801 2073 1944 2127 intra
2001 2075 2179 2130 solum
2225 2083 2359 2128 teni-

789 2168 933 2234 plum
959 2170 1118 2223 eiicre
1153 2185 1215 2222 ac
1248 2169 1432 2223 bibere
1466 2169 1745 2238 prohiberi
1787 2184 1906 2234 eos,
1942 2169 2031 2238 qui
2070 2168 2138 2223 ad
2179 2169 2357 2238 ipsum

787 2263 1156 2327 contingerint.

858 2351 1107 2406 leNAll.
1148 2353 1343 2405 Damus
1375 2370 1513 2415 mea,
1540 2354 1677 2406 dixit
1709 2354 1974 2407 Dominus
1999 2353 2063 2406 ad
2091 2353 2310 2407 Jndaros
2341 2395 2356 2417 ,

787 2443 974 2495 domus
1006 2445 1263 2496 orationis
1301 2445 1568 2498 rombitur
1603 2461 1622 2498 :
1654 2462 1739 2497 vos
1771 2456 1946 2499 autem
1979 2446 2178 2514 fecistis
2209 2446 2360 2499 illam

787 2536 1082 2600 spelunram
1118 2536 1383 2587 luti-onum
1427 2538 1493 2592 ".
1544 2536 1619 2590 Ne
1670 2538 1832 2606 igitur
1876 2540 2060 2591 eadem
2108 2537 2360 2593 ﬁdelibus

787 2628 949 2694 ohjici
979 2639 1202 2695 queant,
1237 2645 1301 2682 ne
1333 2632 1474 2681 intra
1500 2629 1643 2681 sacri
1669 2629 1769 2682 loci
1796 2629 2058 2681 ambitum
2084 2644 2360 2698 cauponas

786 2729 1095 2784 exstruere,
1133 2735 1267 2774 neve
1293 2721 1572 2774 esculenta
1604 2730 1696 2774 aut
1723 2721 1827 2774 alia
1875 2737 2212 2790 quaecunque
2269 2737 2360 2776 ve-

789 2814 932 2865 nalia
970 2814 1167 2866 habere
1203 2815 1379 2877 liceat,
1418 2813 1607 2868 Patres
1663 2815 1974 2869 decrevere.
2017 2813 2201 2883 Neque
2231 2827 2360 2867 vero

789 2907 934 2960 intra
981 2907 1293 2969 ecclesiam,
1333 2909 1426 2961 sed
1463 2907 1602 2960 intra
1634 2907 1774 2960 sacri
1829 2907 1930 2959 loci
1986 2907 2251 2960 ambitum
2297 2922 2360 2961 ea

788 2999 908 3053 ﬁeri
940 3009 1142 3052 vetant.
1184 2999 1476 3053 Suotvero
1527 3000 1668 3054 sacri
1715 3001 1954 3053 ambitus
2010 2999 2190 3052 omnia
2233 3015 2363 3054 san-

788 3100 1002 3143 ctorum
1041 3094 1364 3156 templorum
1398 3099 1572 3160 septa,
1604 3094 1671 3143 ita
1703 3103 1759 3143 ut
1799 3108 1974 3159 neque
2021 3093 2071 3144 in
2129 3093 2359 3162 templo-

789 3198 909 3235 rum
948 3184 1088 3236 areis
1119 3221 1133 3246 ,
1174 3200 1350 3251 neque
1385 3185 1439 3238 in
1503 3185 1786 3238 veStibuIis
1833 3184 2037 3253 aliquid
2086 3184 2354 3253 ejusmodi

793 3276 903 3327 lieri
931 3290 1106 3327 canon
1142 3276 1286 3328 sinat
1330 3295 1344 3330 :
1404 3279 1653 3344 quamvis
1693 3296 1752 3329 ea
1809 3293 1949 3330 ltllllC
1995 3278 2158 3346 impie
2209 3278 2355 3332 ﬁant.

789 3367 952 3419 Suam
994 3383 1120 3420 vero
1157 3369 1484 3421 sententiain
1513 3367 1701 3422 Pati-es
1735 3387 1795 3420 ex
1830 3369 2121 3436 Evangelio
2161 3370 2361 3422 conﬁr-

790 3469 959 3521 mant,
992 3473 1088 3513 nos
1120 3460 1188 3511 ita
1223 3476 1250 3512 a
1282 3460 1500 3514 Christo
1537 3462 1759 3513 eiloctos
1793 3475 1916 3514 esse
1954 3464 2231 3525 dicentes;
2267 3463 2357 3529 qui

788 3564 842 3603 et
877 3550 1078 3604 Judmis
1103 3591 1118 3614 ,
1158 3568 1223 3605 ne
1260 3552 1481 3605 domum
1513 3552 1689 3606 Putris
1724 3555 1806 3606 sui
1852 3552 2071 3605 domum
2124 3555 2362 3620 negotia-

793 3638 967 3692 tionis
1001 3640 1264 3704 t'acerent,
1296 3640 1602 3706 ittlpet'at'il,
1636 3651 1690 3695 et
1747 3643 2040 3712 sacrilegos
2087 3644 2359 3696 nundina-

791 3739 937 3784 torcs
973 3750 998 3782 ιι
1030 3733 1232 3802 templo
1265 3735 1494 3800 expulit,
1519 3745 1571 3786 et
1602 3735 2090 3789 nummulariorum
2124 3750 2198 3789 trs
2229 3735 2361 3789 (εσυ-

791 3822 890 3874 (ιιι.
922 3821 1060 3874 Sunt
1089 3841 1216 3876 vero
1253 3825 1636 3884 κολλυεισταὶ.
1669 3841 1762 3879 seu
1823 3827 2170 3880 nuummlarii
2199 3866 2214 3890 ,
2267 3827 2356 3895 qui

791 3913 985 3981 exigua
1013 3917 1364 3979 nuioismata,
1387 3918 1486 3969 hoc
1509 3928 1611 3979 est,
1636 3934 1909 3977 nummos.
1937 3920 2192 3973 vendunt.
2223 3920 2359 3972 Κόλ-

790 4005 946 4067 λυϐος
976 4007 1118 4058 enim
1149 4007 1287 4072 apud
1331 4008 1547 4062 Graecos
1601 4011 1856 4079 exiguum
1906 4014 2176 4065 numisnia
2227 4020 2357 4078 est,

791 4100 938 4166 quod
973 4117 999 4148 a
1030 4097 1291 4153 Romanis
1329 4117 1582 4154 nummus
1620 4112 1861 4158 vocatur.
1888 4102 1982 4157 Est
2006 4121 2130 4158 vero
2153 4105 2355 4174 κέρμα,

787 4189 932 4242 idem
965 4191 1107 4256 quod
1149 4193 1442 4245 nomisma.

856 4281 1083 4334 ΑιιιδΤ.
1126 4302 1142 4332 t
1179 4283 1325 4336 Intra
1362 4302 1576 4338 sacrum
1621 4288 1881 4340 ambitum
1938 4302 2185 4354 caupmia
2223 4303 2354 4342 eon-

793 4392 812 4424 ι
847 4375 994 4427 stitui
1032 4391 1134 4428 non
1163 4377 1319 4430 debet
1342 4395 1356 4443 ;
1383 4394 1445 4431 ac
1477 4380 1673 4432 ibidem
1698 4383 1850 4434 cibos
1879 4381 2035 4433 vendi
2065 4382 2356 4449 ineptum:
2416 4408 2419 4409 ν

791 4483 811 4516 ε
845 4473 895 4516 et
927 4468 1018 4532 qui
1047 4469 1314 4520 utrumvis
1346 4469 1495 4534 facit,
1531 4480 1868 4540 segregatur.
1917 4489 1934 4522 ι

857 4554 952 4608 Dei
991 4558 1210 4608 domum
1245 4559 1464 4611 domum
1494 4561 1878 4629 negotiationis
1906 4578 2010 4616 non
2038 4562 2352 4631 face‘rejus-
2389 4569 2433 4625 Β

785 4645 858 4699 sit
891 4646 1201 4716 SOSpitator
1250 4659 1304 4701 et
1364 4650 1505 4704 Deus
1562 4663 1748 4706 noster
1781 4666 1797 4706 :
1834 4664 2163 4722 quapropter
2214 4655 2356 4707 intra

786 4752 975 4792 sacros
1021 4740 1257 4794 ambitus
1299 4757 1404 4794 non
1453 4752 1668 4811 oportet
1703 4744 1973 4797 ollieinam
2022 4755 2358 4815 eauponatn-

786 4829 922 4882 riam
954 4833 1233 4886 instituere
1259 4846 1362 4893 ,ει
1403 4852 1523 4905 quae
1583 4852 1677 4904 per
1733 4837 1914 4890 edulia
1970 4837 2103 4891 ﬁunt
2144 4840 2356 4906 species

781 4933 1114 4996 proponere.
1171 4936 1262 4977 aut
1293 4927 1429 4980 alias
1481 4927 1661 4982 facere
1716 4927 2076 4983 venditiones.
2129 4929 2184 4984 Si
2231 4931 2357 4999 quis

782 5014 968 5083 itaque
995 5016 1047 5068 in
1085 5017 1399 5086 hujusmodi
1437 5029 1664 5089 peccato
1721 5023 2098 5090 deprehensus
2151 5021 2360 5088 fuerit,

785 5121 1006 5178 segregzi
1019 5108 1185 5164 bitur.

1305 5271 1533 5325 (IANON
1569 5271 1824 5328 LXXVII.

789 5425 810 5460 ε
851 5407 1002 5473 Quod
1025 5425 1130 5460 non
1151 5419 1361 5477 oportet
1392 5409 1566 5463 Sacris
1597 5409 1858 5474 initiatos,
1883 5411 1964 5464 vel
1993 5411 2244 5477 clericos,
2272 5413 2357 5466 vel

861 5519 882 5551 ι
922 5511 1160 5562 aseetas,
1195 5501 1362 5553 lavari
1412 5516 1535 5554 cum
1595 5501 1918 5558 mulieribus
1951 5521 1968 5560 ε
1998 5520 2097 5558 nec
2142 5521 2358 5560 omnem

862 5610 882 5643 ε
921 5589 1299 5646 Christianum
1339 5593 1419 5645 vel
1450 5593 1672 5646 laicmn.
1705 5595 1831 5650 H:cc
1870 5604 1952 5650 est
1996 5598 2138 5650 enim
2183 5597 2357 5668 prima

860 5702 881 5735 ε
918 5683 1302 5737 condemnatio
1332 5686 1473 5754 apud
1506 5695 1719 5757 gentes.
1751 5686 1809 5741 Si
1855 5689 1977 5758 quis
2015 5698 2198 5744 autem
2257 5690 2356 5745 hac

863 5864 904 5895 "
943 5862 1133 5920 Matth.
1165 5881 1273 5932 πυ,
1317 5866 1403 5922 15.

2479 611 2656 677 ἱεροὺς
2688 607 3028 676 περιϐόλους,
3056 607 3179 666 τοὺς
3206 608 3282 675 μὴ
3321 605 3688 666 ἀπολυθέντας
3717 610 3800 666 εἰς
3829 605 4048 672 ἀλόγων

2475 701 2631 764 ζώων
2663 702 3072 770 καταπάτησιν,
3129 699 3221 752 καὶ
3255 697 3600 766 ἀλλοτρόπως
3649 700 4043 762 κοινωθέντας.

2483 794 2618 846 Ἀπὸ
2643 795 2828 862 μέντοι
2848 793 2942 844 τοῦ
2976 791 3040 862 ιβ’
3067 809 3192 859 κεφ.
3222 790 3314 844 τοῦ
3345 788 3392 844 α’
3415 790 3594 842 τίτλου
3623 794 3718 843 τοῦ
3739 790 3783 843 ε’
3811 791 4046 860 βιϐλίου,

2471 885 2567 938 τοῦ
2599 887 2848 953 λέγοντος
2869 901 2884 916 ο
2918 885 3096 954 Μέχρι
3128 883 3235 935 τῶν
3265 884 3359 934 ἐπὶ
3393 882 3494 950 τῆς
3531 884 3801 951 δημοσέας
3834 885 4046 955 ἀγορᾶς

2472 979 2570 1046 τῆς
2599 976 2895 1046 ἐκκλησίας
2927 975 3066 1044 ὅρων
3099 974 3160 1026 τὺ
3191 973 3430 1042 ἀσφαλὲς
3463 974 3737 1042 ἐχέτωσαν
3785 975 3834 1024 οἱ
3879 991 4048 1041 προσο

2473 1071 2733 1140 φυγόντες
2762 1071 2875 1130 τοῖς
2906 1067 3201 1134 ὲνδοτέροις
3229 1066 3496 1135 λουτροῖς,
3523 1065 3554 1134 ἦ
3588 1068 3812 1135 κήποις,
3839 1067 3876 1135 ἦ
3899 1069 4040 1135 olm}-

2476 1179 2631 1231 μασι,
2671 1161 2703 1230 ἢ
2740 1159 3002 1229 στοαῖς,ἢ
3039 1159 3225 1220 αὐλαῖς
3257 1157 3550 1228 χρώμενοι,
3582 1163 3677 1210 καὶ
3722 1158 4050 1210 κωλυέσθω-

2475 1271 2576 1305 σαν
2600 1253 2751 1314 ἐντὸς
2779 1251 2874 1304 τοῦ
2903 1250 3032 1305 ναοῦ
3061 1251 3262 1304 ὑπνοῦν
3303 1251 3336 1321 ἢ
3372 1252 3570 1302 ἐσθίειν
3596 1268 3610 1283 ’
3643 1253 3717 1320 μὴ
3752 1254 3921 1321 εἴπῃς
3959 1254 4048 1303 καὶ

2470 1347 2537 1398 τὰ
2562 1344 2735 1416 λυτρά
2764 1345 2860 1396 καὶ
2896 1346 3021 1406 τοὺς
3053 1345 3266 1413 κήπους
3295 1341 3505 1404 καὶτὰς
3542 1344 3702 1404 στοὰς
3734 1345 3839 1405 τὰς
3878 1362 4043 1412 συνη-

2469 1441 2717 1508 νωμένας
2745 1440 2868 1500 ταῖς
2920 1436 3242 1506 ἐκκλησίαις
3275 1437 3452 1503 ἱεροὺς
3496 1435 3825 1503 περιϐόλους
3889 1431 4046 1495 εἷναι,

2468 1531 2540 1595 ὡς
2566 1530 2819 1584 ἐντεῦθεν
2845 1529 3155 1583 κωλύεσθαι
3181 1528 3277 1582 καὶ
3309 1530 3370 1581 τὸ
3404 1527 3768 1597 προτίθεσθαι
3799 1527 3942 1579 ὥνια
3967 1531 4033 1580 ἐπ

2468 1625 2670 1687 αὐτοῖς.
2707 1621 2888 1676 Ταῦτα
2921 1622 3027 1692 γὰρ
3062 1621 3208 1691 μέρη
3255 1621 3353 1691 μὲν
3396 1620 3497 1689 τῆς
3549 1619 3856 1688 ἐκκλησίας
3902 1619 4046 1687 λογί-

2469 1698 2684 1778 ζονται⁶
2732 1715 2946 1785 ἱεροὶδὲ
2976 1713 3255 1784 περίϐολοι
3301 1713 3362 1766 οὐ
3393 1711 3776 1781 λεχθήσονται.
3827 1714 3942 1766 και
3971 1713 4040 1774 ὡς

2468 1808 2624 1862 κοινὰ
2659 1807 2778 1876 μὲν,
2842 1806 2943 1875 τῆς
2998 1806 3163 1874 τιμῆς
3221 1805 3330 1856 τῶν
3383 1804 3544 1875 ἱερῶν
3594 1803 3910 1872 περιϐόλων
3951 1805 4044 1855 οὐκ

2470 1903 2865 1972 ἀξιωθήσονται
2891 1917 2903 1929 ’
2937 1899 3027 1952 διὰ
3058 1900 3113 1952 δὲ
3146 1898 3206 1952 τὺ
3239 1901 3338 1968 τῆς
3375 1897 3674 1967 ἐκκλησίας
3717 1899 4044 1966 προνόμιον,

2469 1998 2496 2046 ὀ
2523 1995 2581 2059 ἐξ
2606 1994 2784 2045 αὐτῶν
2809 1992 3141 2060 ἀφαρπάσας
3171 1989 3461 2060 πρόσφυγα
3487 1988 3914 2058 κολασθήσεται.
3944 1989 4047 2054 Sq-

2473 2087 2705 2158 μειωσαι
2761 2085 2816 2138 δὲ
2883 2087 2966 2137 ὅτι
3024 2082 3173 2143 ἐντὸς
3208 2081 3371 2149 μόνου
3420 2080 3512 2134 τοῦ
3548 2079 3675 2134 ναοῦ
3711 2079 3928 2132 ἐσθίειν
3956 2081 4044 2130 καὶ

2470 2181 2645 2234 πίνειν
2675 2177 2801 2240 τοὺς
2835 2177 3154 2247 πρόσφυγας
3185 2174 3510 2228 κεκώλυται.

2539 2358 2785 2412 ΖΩΝΑΡ.
2828 2353 2892 2408 Ὀ
2925 2350 3094 2418 οἶκός
3115 2369 3256 2420 μου,
3290 2352 3402 2412 τοῖς
3426 2351 3703 2410 Ἰουδαίοις
3744 2352 3850 2420 ἔφη
3879 2354 3908 2405 ό
3940 2351 4046 2404 Κύ-

2470 2469 2603 2523 ριος,
2631 2448 2792 2514 οἶκος
2818 2443 3165 2514 προσευχῆς
3189 2443 3562 2510 κληθήσεται
3587 2461 3598 2473 ·
3637 2443 3811 2511 ὑμεῖς
3843 2443 3915 2496 δὲ
3942 2448 4049 2499 at)-

2469 2548 2574 2598 τὸν
2599 2543 2923 2609 ἐποιήσατε
2949 2540 3257 2607 σπήλαιον
3282 2537 3549 2607 λῃστῶν.
3580 2538 3677 2589 Ἰν’
3712 2536 3809 2588 οὖν
3843 2538 3920 2606 μὴ
3951 2540 4045 2590 καὶ

2461 2641 2590 2701 ’τοῖς
2625 2636 2836 2695 πιστοῖς
2869 2631 3027 2685 τοῦτο
3077 2629 3237 2700 ῥηθῇ,
3271 2629 3659 2698 ἀπηγόρευσαν
3702 2629 3752 2680 οἱ
3799 2627 4047 2696 Ιιατέρες

2468 2731 2616 2783 ἔνδον
2662 2728 2769 2781 τῶν
2809 2725 2972 2794 ιερῶν
3021 2722 3322 2793 περιϐόλων
3365 2722 3638 2789 καπηλεῖα
3690 2722 3971 2790 συνιστᾷν,
3998 2723 4036 2789 ἢ

2468 2821 2704 2889 ἐδώδιμα
2745 2819 3060 2887 προτιθέναι
3097 2817 3175 2878 εἰς
3217 2815 3502 2883 πρᾶσιν,ἦ
3544 2812 3707 2880 ἕτερά
3743 2830 3886 2867 τινα.
3920 2814 4039 2864 Οὔκ

2468 2909 2620 2967 εἶπον
2650 2913 2706 2966 δὲ
2732 2912 2878 2964 ἔνδον
2905 2911 3004 2978 τῆς
3030 2908 3347 2976 ἐκκλησίας,
3379 2906 3517 2964 ἀλλά
3542 2906 3648 2959 τῶν
3680 2905 3846 2972 ἱερῶν
3877 2922 4038 2972 περι-

2469 3008 2661 3060 ϐόλων.
2697 3002 2981 3073 Περίϐολοι
3017 3001 3078 3053 δ“⁴
3105 3001 3243 3052 εἰσὶν
3290 3000 3427 3067 ἱεροὶ
3456 2999 3510 3050 αἱ
3548 2996 3657 3049 τῶν
3694 2997 3857 3048 θείων
3890 2997 4042 3048 ναῶν

2469 3100 2678 3154 ἅπασαι
2731 3096 3021 3165 περιοχαί·
3064 3091 3203 3144 ὥστε
3246 3091 3359 3143 οὐδ’
3390 3092 3446 3142 ἐν
3500 3088 4038 3158 προτεμενίσμασιν,

2467 3191 2575 3244 οὐδ’
2614 3194 2670 3243 ἐν
2699 3188 3016 3259 προαυλίοις
3048 3183 3289 3236 τοιοῦτόν
3323 3199 3375 3233 τι
3420 3181 3672 3249 γίνεσθαι
3709 3185 4042 3250 παραχωρεί

2465 3287 2492 3338 ὀ
2525 3283 2738 3336 κανών·
2795 3283 2843 3333 εἰ
2895 3282 2987 3332 καὶ
3033 3278 3126 3331 νῦν
3174 3274 3487 3336 ἀνευ).αϐῶς
3544 3274 3719 3326 ταῦτα
3768 3274 4036 3340 γίνονται.

2467 3371 2953 3433 Κατασκευὰζουσι
2982 3370 3036 3421 δὲ
3072 3368 3161 3420 τὸν
3189 3369 3387 3419 οἰκεῖον
3421 3365 3580 3431 λόγον
3606 3366 3657 3417 οἱ
3689 3366 3938 3432 Πατέρες
3967 3368 4035 3418 ἐκ

2463 3466 2556 3519 τοῦ
2597 3463 2957 3530 Εὐαγγελίυυ,
2989 3460 3236 3528 λέγοντες
3272 3459 3360 3510 τὸν
3396 3456 3638 3526 Χριστὸν
3662 3456 3823 3508 τοῦτο
3849 3474 4033 3525 παρα-

2463 3560 2646 3613 δοῦναι
2696 3559 2845 3626 ἡμῖν,
2878 3555 3104 3621 λέγοντα
3149 3554 3261 3611 τοῖς
3302 3549 3618 3611 ’ῐουδαὶοιςσ
3669 3549 3762 3616 Μὴ
3828 3551 4035 3600 ποιεῖτε

2463 3655 2556 3705 τὸν
2584 3648 2732 3704 οἶκον
2768 3647 2880 3701 ’τοῦ
2938 3638 3152 3715 Πατρός
3203 3661 3305 3712 μου
3357 3638 3505 3694 οἶκον
3540 3640 3842 3711 ὲμπορεῖου
3875 3655 3920 3722 δ
3948 3644 4038 3693 καὶ

2463 3745 2815 3800 ἀπελάσαντα
2860 3743 2925 3792 ἐκ
2977 3738 3071 3792 ’τοό
3126 3735 3273 3806 ἱεροῦ
3323 3736 3448 3796 τοὺς
3504 3733 3915 3803 Θεοκαπήλους,
3947 3735 4039 3784 καὶ

2463 3838 2574 3891 τῶν
2605 3832 2975 3889 κολλυϐιστῶν
3018 3831 3077 3882 τὺ
3124 3829 3304 3897 κέρμα
3347 3826 3635 3896 ἐκχέαντα.
3673 3823 4040 3877 Κολλυϐισταὶ

2462 3930 2507 3984 δ’
2565 3929 2703 3981 εἰσιν
2742 3927 2793 3978 οἱ
2827 3924 2893 3977 τὰ
2939 3922 3113 3976 λεπτὰ
3160 3919 3474 3988 νομίσματα
3522 3913 3870 3977 πωλοῦντες.
3927 3919 4040 3984 ἦτοι

2463 4026 2586 4086 τοὺς
2641 4021 2949 4089 νούμμους*
3021 4013 3277 4074 κόλλυϐος
3331 4010 3439 4078 γὰρ
3496 4007 3629 4076 παρ’
3691 4008 3931 4075 Ἕλλησι
3983 4009 4040 4059 τι)

2463 4116 2659 4170 λεπτὸν
2689 4113 2950 4181 νόμισμα,
2985 4108 3013 4160 ὃ
3040 4106 3190 4176 παρά
3241 4101 3538 4171 Ῥωμαίοις
3569 4099 3820 4167 νοῦμμος
3853 4101 4034 4150 καλεῖ-

2464 4223 2572 4258 ται.
2605 4203 2714 4257 Καὶ
2745 4201 2924 4270 κέρμα
2955 4198 3011 4251 δὲ
3037 4197 3098 4249 τὸ
3130 4197 3373 4264 νόμισμα
3403 4191 3646 4257 λέγεται.

2462 4295 2682 4349 ΑΡΙΣΤ.
2744 4313 2763 4343 ι
2811 4292 2900 4344 Ἐν
2932 4288 3062 4358 ἱερῴ
3087 4284 3360 4356 περιϐόλῳ
3389 4281 3688 4350 καπηλεῖον
3717 4280 4042 4342 ἀσύστατον,

2541 4405 2560 4438 ι
2609 4387 2702 4438 καὶ⁵
2730 4380 3060 4448 πωλούμενα
3101 4377 3371 4448 βρώματα
3426 4374 3636 4440 μάταια
3661 4385 3676 4399 ·
3709 4373 3814 4422 καὶ
3843 4372 3904 4422 ὲν
3934 4372 4037 4438 ἀμ-

2541 4497 2560 4530 (
2607 4478 2853 4546 φοτέροις
2877 4475 2905 4526 ὁ
2940 4471 3110 4524 ποιῶν
3140 4464 3487 4537 ἀφορίζεται.
3531 4481 3550 4514 ι

2545 4570 2652 4624 Τὸν
2698 4566 2794 4622 τοῦ
2841 4563 2978 4618 Θεοῦ
3013 4559 3160 4616 οἷκον
3206 4559 3282 4628 μὴ
3334 4559 3511 4609 ποιεῖν
3553 4556 3864 4624 εμπορεὶου
3904 4552 4044 4607 οἷκον

2465 4660 2908 4734 παρεκελεύσατο
2941 4659 2970 4711 ὁ
3000 4654 3193 4724 Σωτὴρ
3227 4651 3386 4722 ἡμῶν
3423 4649 3522 4702 καὶ
3549 4649 3684 4710 Θεός
3704 4665 3721 4677 ’
3761 4648 3859 4702 διὰ
3890 4648 4042 4701 τοῦτο

2463 4757 2524 4811 οὐ
2557 4754 2662 4825 χρὴ
2694 4753 2844 4806 ἔνδον
2895 4748 3004 4802 τῶν
3050 4746 3210 4817 ἱερῶν
3241 4742 3542 4813 περιϐόλων
3583 4740 3894 4808 καπηλεῖον
3930 4758 4042 4792 συν·

2467 4848 2640 4917 ιστᾷν,
2690 4846 2783 4897 καὶ
2831 4844 2898 4894 τὰ
2954 4839 3044 4892 διὰ
3095 4837 3403 4909 βρωμάτων
3445 4833 3559 4902 εἴδη
3622 4830 4037 4900 προτιθέναι,ἢ

2467 4940 2660 5010 ἑτέρας
2705 4936 2941 5008 πράσεις
2975 4929 3272 4985 ποιεῖσθαι.
3307 4929 3373 4982 Et
3419 4944 3502 4988 τις
3549 4923 3647 4980 οὖν
3685 4923 3945 4980 τοιοῦτόν
3993 4941 4043 4975 τι

2465 5033 2611 5103 φανῇ
2644 5027 3002 5100 πλημμελῶν,
3030 5022 3485 5096 ἀφορισθήσεται.
3740 5031 3764 5045 ⁸

3060 5242 3299 5298 ΚΑΝΩΝ
3332 5239 3451 5298 ()Ζ’.

2475 5433 2494 5466 t
2535 5412 2658 5466 Ὀτι
2683 5409 2744 5462 ού
2775 5407 2853 5460 δεῖ
2889 5404 3219 5474 ἱερατικοὺς,
3247 5400 3281 5470 ἢ
3313 5396 3631 5469 κληρικοὺς,
3663 5396 3695 5466 ἢ
3725 5397 3982 5465 ἀσκητάς
3998 5400 4052 5450 ὲν

2546 5520 2567 5553 ι
2614 5496 2884 5572 βαλανείῳ
2939 5492 3077 5564 μετά
3119 5487 3398 5559 γυναικῶν
3442 5483 3860 5541 ἀπολούεσθαι·
3923 5486 4053 5555 μηδὲ

2549 5617 2567 5649 ι
2613 5595 2791 5648 πάντα
2818 5585 3145 5660 Χριστιανὸν
3175 5583 3208 5653 ἢ
3240 5581 3450 5636 λαῖκόν.
3484 5576 3641 5650 Αὕτη
3689 5579 3810 5649 γὰρ
3857 5579 4051 5649 πρώτη

2545 5711 2564 5742 ι
2610 5685 2959 5754 κατάγνωσις
3012 5677 3166 5749 παρὰ
3210 5676 3322 5739 τοῖς
3357 5673 3591 5728 ἔθνεσιν.
3626 5672 3689 5726 Εἰ
3714 5672 3779 5726 δέ
3820 5690 3910 5736 τις
3963 5670 4050 5724 επὶ
