4218 6458
310 440 416 503 7T1

398 573 419 606 ι
465 549 627 604 τοῦτο
674 546 977 618 φωραθείη.
1008 546 1055 597 εἰ
1107 547 1209 614 μὲν
1253 542 1515 613 κληρικὸς
1557 540 1667 607 εἴη,
1707 537 1901 591 καθαι-
1932 543 1976 600 Α

391 663 410 695 ι
460 643 659 714 ρείσθω
694 641 810 710 (88)
839 656 854 670 °
883 640 930 691 εἰ
960 638 1017 688 δὲ
1044 637 1256 700 λαῖκὸς,
1297 634 1664 706 ἀφοριξέσθω.
1707 651 1725 683 ι

390 734 582 787 ΒΑΛΣ.
609 733 697 794 Ὠς
721 732 863 783 ἔοικε
891 729 999 798 πρὸ
1029 727 1127 795 τῆς
1157 726 1378 778 συνόδου
1409 725 1612 793 ταύτης
1643 721 1893 774 ἐλούοντο

315 824 615 893 ίερωμένοι
669 821 836 885 τινὲς,
874 820 968 872 καὶ
999 819 1244 889 μοναχοὶ,
1279 818 1373 870 καὶ
1428 817 1605 868 λαῖκοὶ
1642 817 1779 884 μετά
1808 830 1900 879 γυ-

312 916 538 977 ναικῶν,
578 915 653 984 μὴ
703 911 1164 983 ἐπιστρεφόμενοι
1197 912 1298 979 τῆς
1344 907 1716 977 ἀποστολικῆς
1748 908 1899 971 θείας

238 1071 243 1074 _
311 1007 716 1077 παραγγελίας,
762 1005 866 1074 τῆς
918 1003 1224 1072 λεγούσηςο
1267 1002 1635 1071 ’Λπρόσκοποι
1683 999 1898 1068 γίνεσθε

312 1099 410 1149 καὶ
465 1097 768 1160 Ἰουδαίοις,
798 1096 892 1148 καὶ
934 1093 1187 1164 Ἕλλησι,
1219 1095 1314 1145 καὶ
1347 1096 1414 1163 τῇ
1454 1091 1756 1161 Ἐκκλησία
1805 1091 1898 1143 τοῦ

313 1187 473 1241 Θεοῦ.
503 1186 896 1258 Διορθούμενοι
924 1184 1017 1238 οὖν
1046 1183 1207 1237 τοῦτο
1233 1185 1282 1235 οἱ
1318 1183 1465 1252 ἆγιοι
1514 1183 1782 1252 Πατέρες,
1813 1183 1888 1245 ὡς

312 1281 735 1352 ἀπρεπέστατον
763 1280 857 1332 καὶ
887 1279 1341 1341 σκανδαλοποιὸν,
1379 1280 1474 1329 καὶ
1501 1277 1770 1346 διεγεῖρον
1818 1277 1899 1338 είς

311 1372 694 1443 ὄαιμονιώδεις
747 1371 1068 1440 ἐπιθυμίας,
1104 1372 1270 1441 φέρον
1309 1387 1369 1421 τε
1411 1369 1538 1431 τοὺς
1582 1370 1900 1439 χρωμένους

315 1471 384 1538 τῇ
420 1465 646 1536 ἀσέμνῳ
683 1465 860 1534 ταύτῃ
901 1453 1148 1533 διαγωγῇ
1201 1465 1281 1524 εἰς
1331 1461 1578 1532 μεγάλην
1613 1462 1899 1530 κατάγνωο

324 1579 430 1623 σιν,
455 1558 778 1629 διωρίσαντο
814 1559 904 1610 τὸν
932 1556 1101 1619 οὕτως
1152 1555 1463 1624 ἀδιαφόρως
1495 1557 1590 1608 καὶ
1625 1558 1895 1628 ἀπρεπῶς

325 1654 403 1715 είς
430 1653 490 1705 τὸ
528 1652 655 1719 ἑξῆς
692 1652 829 1721 μετά
869 1650 1126 1718 γυναικὸς
1152 1649 1463 1718 λουόμενον,
1497 1648 1764 1719 κληρικὸν
1792 1649 1892 1720 μὲν

315 1746 464 1808 ὄντα,
521 1743 924 1812 καθαιρεῖσθαι,
985 1741 1174 1793 λαῖκὸν
1231 1741 1309 1807 δὲ,
1351 1742 1732 1810 ἀφορίζεσθαι.
1789 1743 1893 1810 Ση-

319 1837 553 1906 μείωσαι
598 1838 655 1890 δὲ
702 1837 840 1890 ὅτιὸ
871 1835 1053 1888 κανὼν
1105 1836 1373 1906 διαφορὰν
1420 1842 1659 1891 ποιεῖται
1702 1838 1892 1908 κληρι-

316 1931 448 1994 κῶν,
490 1931 829 2001 ἱερωμένων,
860 1928 1086 1994 λαῖκῶν,
1119 1931 1213 1983 καὶ
1248 1931 1528 2000 ἀσκητῶν.
1574 1931 1888 2002 Ἰερωμένοι

315 2023 424 2092 γάρ
460 2025 600 2074 εἰσιν
641 2023 692 2075 οἱ
722 2021 817 2074 τοῦ
851 2022 1114 2091 βήματος,
1143 2024 1190 2075 οἱ
1245 2024 1337 2075 καὶ
1379 2022 1852 2092 χειροτονούμενοι
1876 2041 1888 2054 ·

317 2116 610 2168 ἐπίσκοποι
641 2115 906 2184 δηλονότι,
947 2117 1134 2183 ἱερεῖς,
1177 2115 1414 2167 διάκονοι
1462 2118 1556 2169 καὶ
1603 2116 1894 2170 ὑποδιάκο-

315 2225 418 2261 νοι.
447 2208 713 2276 Κληρικοὶ
746 2208 945 2270 πάντες
978 2209 1028 2260 oi
1066 2208 1224 2270 ἐκτὸς
1248 2207 1344 2260 τοῦ
1375 2208 1618 2278 βήματος
1655 2213 1713 2262 ἐν
1745 2215 1892 2274 ναοῖς

311 2300 835 2372 ἐξυπηρετούμενοι,
889 2302 1060 2370 ἤγουν
1105 2302 1472 2369 ἀναγνῶσται,
1522 2303 1740 2372 θεωροὶ,
1797 2305 1889 2356 καὶ

310 2392 491 2462 ἕτεροι
532 2393 802 2445 τοιοῦτοι⁶
845 2393 1087 2461 ἀσκηταὶ
1133 2393 1188 2445 δὲ
1243 2394 1293 2446 οἱ
1346 2397 1571 2465 μοναχοὶ
1620 2397 1734 2448 ὅσοι
1784 2398 1888 2449 οὐκ

311 2484 558 2552 ἔφθασαν
585 2484 955 2554 ἐπισκοπικὴν
987 2487 1263 2555 σφραγῖδα
1308 2487 1584 2552 δέξασθαι,
1615 2489 1749 2541 ἀλλά
1787 2490 1882 2558 μό-

313 2594 416 2647 νην
453 2576 775 2649 ἑπικουρίδα
818 2580 1141 2649 μοναχικήν.
1179 2579 1246 2632 Οί
1280 2581 1388 2649 γὰρ
1420 2561 1689 2649 σφραγῖδα
1734 2581 1894 2646 δεξά-

319 2689 472 2738 μενοι
543 2672 910 2743 ὲπισκοπικὴν
983 2675 1209 2743 μοναχοὶ
1291 2675 1546 2742 κληρικοὶ
1615 2678 1890 2742 λέγονται.

329 2765 612 2836 Ἀσκητῶν
638 2766 695 2819 δὲ
728 2767 822 2819 καὶ⁹
864 2767 1115 2837 μοναχῶν
1153 2767 1380 2836 οὐδεμία
1414 2769 1669 2840 διαφορά.
1709 2774 1884 2824 Συνα-

314 2856 507 2923 γαγὼν
545 2853 640 2912 οὗν
675 2859 795 2912 εἰπὲ
826 2859 900 2922 ὼς
927 2861 974 2911 οἱ
1017 2859 1116 2929 μὲν
1146 2860 1241 2913 τοῦ
1276 2861 1520 2932 βήματος
1566 2863 1633 2917 δι’
1686 2867 1894 2937 ἐγγρα-

315 2952 429 3019 φῆς
471 2949 698 3019 ὀμνύειν
742 2951 1088 3018 ὀφείλουσινο
1125 2955 1172 3006 οξ
1218 2954 1273 3006 δὲ
1313 2956 1473 3019 ἐκτὸς
1505 2957 1601 3009 τοῦ
1647 2959 1892 3028 βήματος

315 3043 460 3096 κατά
491 3042 713 3106 λαῖκοὺς
737 3045 1126 3115 ἐπομόσονται,
1160 3049 1266 3099 κᾶν
1300 3050 1528 3117 μοναχοὶ
1571 3045 1694 3104 ὦσι.
1733 3050 1891 3116 Τινὲς

315 3134 503 3202 μέντοι
542 3135 724 3188 λαῖκοὶ
758 3139 897 3206 μετὰ
926 3138 1033 3190 τῶν
1059 3139 1280 3190 οἰκείων
1309 3140 1594 3209 ὁμοζύγων
1631 3146 1689 3194 ὲν
1722 3144 1888 3212 βαλα-

1269 430 1350 490 IN
1388 428 1553 489 CAN.
1595 425 1864 485 LXXVII
1903 426 2112 487 CONC.
2152 426 2228 484 1N
2255 424 2581 485 Tl’tUlLO.

3469 425 3572 486 778

2080 555 2099 588 ι
2142 537 2194 590 in
2237 552 2296 590 re
2325 537 2701 606 deprehensus
2736 535 2901 590 fuerit
2931 573 2949 600 ,
2976 537 3021 591 si
3047 535 3120 591 sit
3146 536 3363 605 quidem
3410 541 3572 592 cleri-

2080 650 2096 680 ι
2136 644 2253 690 cus.
2282 630 2588 698 deponatur
2616 647 2629 681 :
2661 629 2745 682 sin
2781 642 2911 681 vero
2951 628 3148 690 laictts,
3175 639 3510 699 segregetur.
3549 651 3567 682 ι

2075 721 2272 775 BALS.
2310 719 2376 774 Ut
2405 728 2488 774 est
2544 721 2875 782 verisimile,
2924 732 3047 774 ante
3116 724 3254 776 banc
3300 722 3570 792 synodum

2003 817 2326 870 lavabantur
2356 815 2668 870 sacerdotes
2708 815 2930 885 quidam
2973 823 3027 868 et
3086 817 3334 870 monachi
3365 827 3420 870 et
3454 817 3574 868 laici

2003 925 2125 962 cum
2163 910 2486 963 mulieribus
2514 946 2530 972 ,
2564 911 2926 978 apostolicum
2953 909 3196 962 divinum
3242 921 3570 979 przeceptum

2004 1017 2112 1054 non
2148 1011 2428 1067 curantes,
2458 1003 2606 1070 quod
2643 1001 2810 1055 dicit:
2846 1002 2977 1054 Sine
3012 999 3341 1055 ollendicnlo
3371 1002 3492 1054 sitis
3523 1012 3576 1052 et

2000 1095 2202 1150 ludatis
2233 1106 2287 1149 et
2312 1095 2512 1151 Gmcis
2542 1106 2596 1150 et
2644 1095 2903 1150 Ecclesia:
2961 1096 3053 1149 Dei
3110 1096 3176 1149 “'.
3229 1094 3575 1167 Corrigentes

1949 1223 1963 1236 -
2001 1189 2105 1243 hoc
2139 1205 2268 1259 ergo
2299 1191 2472 1246 sancti
2510 1191 2719 1252 Patres.
2755 1197 2816 1242 ut
2854 1192 3089 1245 maxime
3136 1188 3457 1244 indecorum
3524 1201 3576 1241 et

2001 1281 2360 1335 oﬂ‘cnsionem
2394 1280 2825 1350 scandalumque
2868 1279 3136 1344 alTerens,
3181 1289 3235 1334 et
3259 1280 3327 1333 ad
3379 1279 3578 1332 dmino-

2004 1372 2190 1426 niacas
2221 1371 2548 1438 cupiditates
2573 1374 2842 1434 excitans.
2881 1381 2934 1426 et
2963 1388 3059 1426 eos
3102 1373 3197 1440 qui
3263 1374 3363 1425 hoc
3407 1373 3574 1439 ’ltlrpi

1999 1466 2254 1520 instituto
2285 1475 2517 1518 utuntur
2544 1465 2612 1518 ad
2646 1481 2897 1532 magnam
2925 1465 3440 1520 condemnationem
3488 1465 3579 1516 de-

2001 1556 2225 1621 dneens,
2271 1564 2590 1610 statuerunt
2648 1566 2707 1610 ut
2739 1557 2830 1625 qui
2863 1556 3118 1627 deinceps
3168 1556 3304 1610 adeo
3339 1557 3578 1612 inconsi-

2003 1650 2187 1703 derate
2224 1661 2277 1705 et
2310 1650 2566 1704 indecore
2601 1665 2726 1704 cum
2759 1651 2989 1705 muliere
3023 1651 3299 1704 lavabitur
3329 1690 3343 1712 ,
3398 1652 3442 1704 si
3506 1652 3578 1703 sit

1999 1738 2219 1807 quidem
2257 1740 2494 1793 clecicus
2527 1780 2542 1803 ,
2595 1740 2902 1808 deponatur
2939 1756 2955 1804 ;
2992 1740 3035 1794 si
3067 1756 3196 1794 vero
3240 1740 3414 1795 laicus
3437 1778 3452 1802 ,
3486 1755 3578 1794 se-

2001 1841 2272 1900 gregetur.
2304 1829 2437 1884 Nota
2461 1842 2665 1895 autem,
2690 1833 2838 1901 quod
2858 1847 3032 1887 canon
3063 1832 3193 1887 facit
3211 1833 3577 1888 dilferentiam

2000 1922 2140 1976 inter
2172 1923 2346 1977 sacris
2377 1923 2620 1979 initiatos
2641 1966 2656 1991 ,
2688 1926 2922 1980 clericos
2947 1965 2963 1992 ,
3021 1928 3190 1982 laicos
3234 1936 3286 1980 et
3337 1936 3576 1982 ascetas.

1998 2014 2185 2069 Sacris
2217 2015 2414 2070 initiati
2449 2026 2609 2080 sunt,
2647 2018 2740 2088 qui
2795 2027 2924 2072 sunt
2978 2035 3043 2073 ex
3094 2036 3256 2076 sacro
3287 2021 3575 2087 tribunali,

1996 2105 2086 2172 qui
2121 2105 2283 2158 etiam
2312 2107 2640 2160 ordinantur
2667 2123 2683 2170 ;
2715 2109 2958 2177 episcopi
2982 2109 3211 2173 scilicet,
3238 2111 3576 2174 sacerdotes,

1995 2199 2210 2253 diaconi
2239 2208 2291 2252 et
2321 2199 2707 2270 hypodiaconi.
2740 2200 2937 2256 Clerici
2974 2242 2988 2263 .
3034 2217 3224 2257 Omnes
3281 2206 3369 2273 qui
3421 2214 3578 2258 extra

1995 2306 2212 2345 sacrum
2243 2292 2496 2346 tribunal
2529 2293 2583 2347 in
2617 2296 2832 2362 templis
2873 2298 3142 2361 serviunt,
3185 2306 3242 2350 ut
3291 2298 3525 2351 lectores
3556 2341 3570 2360 ,

1995 2383 2203 2436 ostiarii
2241 2394 2293 2438 et
2327 2386 2418 2439 alii
2480 2385 2770 2454 ejusmodi.
2834 2389 3044 2442 Ascetie
3089 2402 3267 2445 autem
3323 2393 3577 2447 monachi

1995 2477 2086 2546 qui
2119 2478 2483 2548 episcopalem
2516 2482 2890 2534 characterem
2924 2498 3030 2536 non
3054 2498 3332 2550 accepere,
3360 2489 3452 2538 sed
3479 2503 3573 2539 soa

1997 2569 2100 2622 Iam
2170 2580 2452 2625 tonsuram
2512 2575 2909 2629 monaclialem.
2984 2576 3234 2630 Monachi
3293 2580 3436 2632 cnim
3484 2581 3576 2650 qui

1994 2663 2360 2730 episcopalem
2427 2671 2710 2719 tonsuram
2761 2683 3017 2736 accepere
3059 2669 3318 2725 dicuntur
3369 2673 3578 2727 clerici.

1995 2757 2316 2808 Ascetarnm
2347 2764 2526 2810 autem
2557 2766 2610 2810 et
2652 2763 3046 2815 monachorum
3081 2764 3229 2816 nulla
3285 2776 3368 2818 est
3417 2765 3572 2820 dilic-

1999 2851 2198 2906 rentia.
2229 2850 2395 2922 248
2428 2850 2520 2906 Dic
2551 2867 2682 2923 ergo
2711 2854 2763 2909 in
2801 2869 3070 2909 summam
3113 2858 3389 2930 redigens,
3431 2863 3577 2930 quod

1994 2949 2090 3018 qui
2120 2962 2244 3003 sunt
2299 2951 2515 3019 quidem
2555 2965 2617 3002 ex
2653 2966 2810 3004 sacro
2843 2952 3105 3006 tribunali
3135 2953 3191 3007 in
3229 2954 3459 3024 scriptis
3485 2958 3578 3022 ju-

1997 3059 2119 3096 rare
2162 3043 2363 3095 debent
2403 3059 2538 3111 :qnt
2576 3050 2758 3096 autem
2809 3055 2937 3099 sunt
2983 3058 3138 3099 extra
3187 3049 3464 3114 tribunal,
3524 3060 3577 3106 ut

1998 3136 2122 3188 laici
2151 3137 2440 3203 jurabunt,
2473 3136 2689 3190 etiamsi
2718 3135 2827 3190 sint
2881 3140 3154 3195 monachi.
3197 3141 3428 3208 Quidam
3475 3161 3577 3198 au-

311 3229 483 3291 νείοις
525 3228 830 3298 λουόμενοι,
893 3232 988 3283 καὶ
1038 3232 1200 3301 χάριν
1261 3234 1452 3285 τούτου
1517 3235 1890 3305 ἐλεγχόμενοι,

1998 3237 2106 3283 tem
2149 3227 2269 3281 laici
2306 3269 2320 3293 ,
2378 3244 2500 3283 cum
2551 3231 2601 3282 in
2658 3230 2867 3286 balneis
2926 3248 3035 3286 una
3091 3249 3214 3287 cum
3249 3235 3576 3307 conjugiwa

310 3317 534 3384 λέγουσι
567 3318 640 3389 μὴ
675 3318 982 3374 κωλύεσθαι
1009 3321 1167 3374 τοῦτο
1214 3321 1318 3376 ὑπὸ
1349 3325 1444 3376 τοῦ
1476 3328 1719 3389 κσνὸνος.
1750 3329 1894 3399 Σάρξ

316 3412 431 3480 γὰρ
468 3411 563 3481 μία
592 3411 719 3476 εἰσὶ,
751 3414 844 3465 καὶ
874 3412 1029 3465 οὐδέν
1087 3431 1140 3466 τι
1176 3415 1417 3484 ἄσεμνον
1475 3417 1621 3471 δοκεῖ
1649 3421 1896 3486 γίνεσθαι

321 3503 489 3571 μέσον
522 3504 728 3574 αὐτῶν,
766 3504 842 3574 μὴ
877 3504 1240 3574 διεστηκότων
1273 3508 1522 3578 ἀλλήλων
1548 3512 1659 3574 τοῖς
1698 3511 1890 3582 σώμα-

319 3611 443 3648 σιν·
470 3595 712 3657 ἐκείνους
758 3596 814 3648 δὲ
856 3595 1204 3661 κολάζεσθαι,
1239 3601 1365 3659 τοὺς
1418 3605 1515 3651 σὺν
1567 3605 1631 3670 τῇ
1672 3604 1898 3676 πορνείᾳ

314 3690 415 3742 καὶ
463 3690 789 3760 ἀσχημόνως
851 3691 1166 3758 διάγοντας,
1224 3693 1319 3745 καὶ
1378 3693 1479 3762 τῆς
1537 3695 1756 3762 φύσεως
1817 3699 1894 3769 μή

314 3780 737 3850 αἰσχυνομένους
765 3781 864 3853 τὴν
891 3782 1224 3852 ἀπρέπειαν.
1247 3783 1362 3836 Οὐκ
1405 3785 1610 3854 ἤρεσαν
1639 3786 1694 3839 δὲ
1727 3788 1902 3843 ταῦτα

313 3874 434 3934 τοῖς
488 3871 944 3941 εὐλαϐεστέροις,
993 3873 1208 3926 εἰποῦσι
1275 3876 1626 3942 κατάγνωσιν
1674 3877 1901 3950 πρώτην

313 3956 464 4015 εῖναι
512 3965 671 4018 τοῦτο
723 3967 874 4036 παρά
927 3967 1038 4028 τοῖς
1085 3965 1314 4033 ἔθνεσιν,
1347 3967 1422 4032 ὠς
1454 3972 1482 4021 ὁ
1524 3969 1705 4023 κανών
1739 3988 1897 4040 φησι,

317 4056 621 4108 κάντεῦθεν
665 4059 760 4111 καὶ
807 4056 1098 4122 κολάζεται
1139 4060 1495 4131 ὁπωσδήποτε
1559 4064 1850 4133 γινόμενον
1877 4081 1892 4095 ⁸

320 4149 418 4198 καὶ
464 4149 545 4200 ὄτι
590 4148 691 4201 κᾶν
747 4149 980 4204 δοκῶσιν
1014 4152 1062 4203 oi
1110 4153 1373 4223 ὀμόζυγοι
1420 4156 1478 4208 ἓν
1527 4156 1690 4227 σῶμα
1726 4153 1894 4224 εἶναι,

313 4237 439 4291 ἀλλ’
484 4241 583 4293 οὐκ
625 4243 837 4309 ἐφεῖται
895 4244 1083 4307 αὐτοῖς
1131 4247 1318 4309 κακῶς
1355 4251 1468 4310 τοῖς
1510 4251 1736 4312 οἰκείοις
1759 4253 1893 4323 χρή-

319 4331 527 4383 σασθαι
584 4333 822 4402 μέλεσιν.
857 4335 1015 4388 Ἐπεὶ
1043 4337 1126 4389 τοί
1175 4354 1261 4405 γε,
1294 4341 1342 4391 εί
1387 4341 1544 4394 τοῦτο
1572 4338 1661 4410 ἦν,
1694 4344 1815 4396 οὐδὲ
1846 4344 1897 4397 οἱ

315 4423 772 4494 ἐπιχειρήσαντες
799 4426 1025 4491 ἑαυτοὺς
1059 4428 1268 4481 ἀνελεῖν
1301 4431 1388 4484 ἶνα
1415 4431 1735 4497 ἐκολάζοντο
1757 4433 1895 4505 (89).

2005 3322 2274 3382 lavantur,
2301 3327 2356 3372 et
2380 3330 2666 3390 propterea
2694 3323 3186 3391 reprehenduntur,
3211 3325 3402 3383 dicunt
3432 3330 3576 3384 istud

2001 3412 2069 3465 ab
2099 3413 2203 3465 hoc
2234 3425 2446 3465 canone
2473 3426 2580 3466 non
2601 3413 2897 3482 prohiberi.
2929 3415 3068 3470 Sunt
3101 3418 3248 3471 enim
3288 3434 3415 3474 caro
3449 3437 3576 3489 una,

2002 3512 2058 3556 et
2099 3502 2234 3555 nihil
2268 3511 2425 3571 turpe
2456 3517 2519 3557 ac
2571 3503 2888 3558 indecorum
2917 3505 3059 3560 inter
3089 3523 3185 3561 eos
3240 3508 3354 3564 ﬁeri
3400 3514 3576 3568 videa-

2001 3604 2113 3658 tur,
2150 3611 2273 3651 cum
2301 3611 2330 3649 a
2363 3610 2425 3649 se
2457 3597 2689 3652 invicem
2733 3613 2838 3651 non
2874 3598 2986 3654 sint
3021 3601 3282 3671 disjuncti
3325 3609 3575 3674 corpmi-

2001 3685 2146 3740 bus:
2187 3687 2309 3740 illos
2348 3695 2529 3740 autem
2567 3689 2788 3758 puniri,
2819 3691 2912 3759 qui
2966 3706 3089 3746 cum
3133 3699 3464 3757 scortatioue
3515 3717 3575 3754 se

2002 3777 2236 3845 turpiter
2268 3786 2321 3830 et
2356 3779 2611 3834 indecore
2639 3793 2858 3850 gerunt,
2899 3793 3224 3855 naturaque
3291 3791 3575 3858 pudendo-

2001 3886 2122 3924 rum
2161 3871 2312 3925 nullo
2351 3873 2569 3941 penitus
2599 3877 2802 3942 pudore
2835 3875 3167 3934 adiciuntur.
3222 3880 3344 3937 lla:c
3389 3896 3572 3941 autem

2003 3961 2440 4031 religiosioribus
2467 3980 2576 4018 non
2611 3965 2868 4032 placuere
2895 4010 2908 4033 ,
2944 3970 3259 4029 dicentibus
3301 3975 3402 4030 hoc
3451 3994 3574 4034 esse

2003 4054 2234 4124 primam
2269 4056 2408 4126 apud
2463 4067 2650 4125 gentes
2711 4061 3226 4119 condemnationem
3259 4107 3274 4131 ,
3338 4078 3395 4120 nt
3441 4071 3575 4125 dicit

1999 4164 2175 4202 canon
2210 4166 2223 4201 :
2258 4160 2313 4202 et
2353 4148 2473 4203 ideo
2494 4151 2545 4205 id
2576 4168 2697 4207 esse
2719 4155 3051 4222 puniendum
3078 4160 3572 4228 quomodocunque

2002 4239 2094 4292 ﬁat
2131 4258 2144 4293 :
2177 4251 2233 4294 et
2277 4242 2416 4309 quod
2464 4243 2680 4296 etiamsi
2747 4246 3033 4300 videantur
3076 4249 3340 4320 conjuges
3403 4269 3570 4308 unum

1999 4349 2120 4388 esse
2149 4349 2370 4402 c0rpus,
2402 4335 2484 4388 eis
2519 4345 2702 4390 tamen
2737 4353 2843 4390 non
2881 4343 3214 4408 permittitur
3244 4346 3360 4399 suis
3387 4363 3570 4401 tuem-

1999 4424 2111 4479 bris
2141 4426 2276 4478 male
2311 4428 2409 4479 uti.
2445 4425 2500 4478 Si
2535 4429 2678 4481 enim
2740 4430 2811 4482 ita
2852 4442 2999 4485 esset
3029 4470 3044 4494 ,
3081 4449 3182 4488 nec
3231 4437 3265 4488 ii
3323 4438 3414 4505 qui
3469 4441 3571 4495 sibi

2005 4523 2235 4569 mortem
2264 4517 2612 4572 consciscere
2641 4522 2820 4573 conati
2852 4530 3002 4587 sunt,
3031 4524 3380 4596 punirentur.

392 4602 638 4657 ZQNAP.
677 4605 737 4658 Ὀ
781 4605 925 4670 θεῖος
968 4607 1264 4672 ἀπόστολος
1305 4609 1536 4674 Παῦλος,
1582 4611 1698 4676 Δεῖ,
1735 4612 1891 4682 φησὶ,

2070 4606 2320 4663 ZONAR.
2353 4606 2592 4676 Oportet,
2629 4609 2805 4679 inquit
2834 4613 3049 4669 divinus
3090 4619 3369 4687 apostolus
3419 4618 3562 4674 Pau-

311 4696 478 4748 καλὰ
501 4697 838 4762 προνοεῖθαι
855 4699 1113 4755 ἐνώπιον
1129 4701 1277 4756 Θεοῦ
1294 4702 1389 4756 καὶ
1413 4703 1737 4770 ἀνθρώπων
1761 4722 1773 4735 ⁸
1800 4708 1894 4759 καὶ

313 4786 519 4840 πάλινο
560 4788 958 4858 Ἀπρόσκοποι
987 4795 1229 4861 γίνεσθε
1280 4794 1377 4848 καὶ
1429 4794 1761 4862 ⁹ἐουδιιίοις,
1793 4797 1891 4851 καὶ

437 4974 480 5008 ⁸⁸
504 4972 672 5031 lCor.
699 4989 755 5040 ι,
787 4973 877 5031 52.
953 4977 998 5008 "
1023 4976 1071 5032 ll
1099 4975 1225 5031 Cor.
1255 4992 1370 5040 vui.
1406 4979 1499 5034 21.

2001 4703 2086 4756 lus
2110 4742 2126 4766 ,
2164 4701 2300 4755 bona
2358 4703 2633 4769 providere
2693 4722 2876 4759 coram
2918 4706 3025 4762 Deo
3068 4720 3118 4763 et
3145 4712 3448 4768 hominibus
3481 4715 3570 4780 “;

1997 4806 2050 4851 et
2085 4797 2237 4863 alibi,
2270 4794 2396 4851 Sine
2425 4798 2711 4865 oﬂ'ensione
2737 4809 2900 4856 estote
2923 4813 2974 4856 et
3006 4801 3235 4870 Juda'is,
3264 4816 3314 4860 et
3341 4805 3567 4875 (ἐνατία,

1506 5120 1703 5182 Guill.
1747 5124 2075 5202 Beveregii
2114 5131 2300 5187 notas.

401 5244 510 5311 (88)
542 5246 609 5297 El
634 5243 704 5296 δὲ
735 5245 948 5304 lambe
977 5244 1359 5313 ἀφοριῖἐσθω.
1393 5244 1448 5301 In
1486 5248 1676 5302 codice
1710 5262 1898 5304 nostro

319 5317 620 5370 Bodleiano
672 5324 792 5383 post
843 5319 955 5368 lnec
1007 5321 1194 5371 ultima
1227 5319 1454 5372 canonis
1500 5336 1657 5373 verna
1706 5323 1892 5382 habes,

319 5385 746 5460 Enpeitofat‘tbv
776 5387 1017 5460 παρόντα
1037 5386 1236 5460 κανόνα
1253 5389 1585 5460 ἀφορίζοντα
1608 5391 1726 5450 τοὺς
1757 5394 1895 5460 μετά

2068 5254 2359 5330 (δωςινα
2407 5253 2788 5330 ἐκολάζοντο.
2833 5256 2888 5310 1η
2935 5257 3216 5312 codicibus
3265 5259 3567 5330 impressis,

1999 5323 2126 5375 item
2163 5324 2472 5377 .Etonwnsi
2511 5337 2563 5379 et
2601 5328 3032 5382 Atnet'bacltiano
3062 5345 3193 5381 mss.
3227 5323 3353 5385 haec
3378 5323 3566 5390 ultima

1991 5405 2121 5446 sunt
2153 5397 2314 5461 hujus
2346 5401 2810 5463 interpretationis
2837 5401 2994 5451 verba
3021 5416 3036 5461 ;
3067 5399 3162 5452 sed
3196 5401 3248 5453 in
3273 5400 3566 5460 Bodleiano

317 5455 602 5535 γυναικῶν
647 5455 995 5535 λουομένους,
1044 5457 1135 5509 καὶ
1167 5455 1730 5539 ,εὖξαιῂδιορθωθῆναι
1757 5455 1895 5522 ’τοὺς

1992 5476 2181 5539 nostro
2207 5455 2343 5539 ΔῙιιιιιε
2363 5455 2687 5539 sequuntur
2722 5482 2736 5539 ς
2768 5455 3080 5536 Σημείωσαι
3131 5470 3228 5539 τὴν
3283 5455 3568 5539 παροῦσάν

314 5525 487 5579 τοῦτο
541 5525 1043 5597 καταφρονοῦντας,
1097 5527 1190 5578 καί
1240 5527 1437 5596 μᾶλλον
1462 5525 1892 5597 ⁷τοὺςέιῖιγενεῖς

319 5595 678 5668 τῆςῌὴμέρας
721 5596 1030 5668 ἀδιαφᾴρως
1075 5597 1396 5666 λουομένους
1441 5602 1580 5668 μετὰ
1617 5595 1890 5666 γυναικῶν

321 5666 527 5720 αὐτῶν.
561 5665 666 5718 Sed
693 5666 906 5719 etiamsi
927 5665 1051 5723 hinc
1079 5669 1131 5721 in
1175 5665 1291 5736 ipso
1318 5665 1469 5723 textu
1493 5671 1824 5734 scribantur,
1871 5689 1901 5726 e

325 5736 588 5809 margine
602 5744 779 5809 tamen
805 5736 933 5809 illuc
965 5737 1252 5809 irrepsisse
1276 5740 1453 5804 primo
1478 5740 1674 5794 intuitu
1700 5751 1845 5809 patet
1877 5759 1890 5795 :

328 5806 477 5859 unde
517 5807 682 5859 etiam
739 5807 793 5860 in
847 5806 1090 5876 reliquis‘
1115 5807 1396 5864 codicibus
1455 5825 1586 5865 mss.
1653 5806 1760 5866 neu
1815 5813 1892 5868 le-

330 5882 563 5947 guntur.

677 5970 945 6031 PATROL.
990 5970 1106 6031 Gtt.
1155 5969 1499 6032 CXXXVII.

1987 5534 2286 5610 ἑρμηνείαν
2305 5535 2662 5610 διδάσκουσαν
2677 5534 2952 5598 τίνεςτῶν
2978 5534 3253 5608 κληρικῶν
3278 5540 3346 5592 δι’
3366 5534 3568 5610 ὶγγρα-

1989 5604 2105 5669 φῶν
2125 5605 2403 5678 ὀμνύουσι,
2424 5607 2538 5678 ⁸καὶ.
2573 5607 2716 5678 τίνες
2746 5610 3052 5678 σωματικὸν
3068 5604 3240 5678 ’ὅρκον
3268 5604 3564 5665 ἀπαιτοῧν-

2005 5689 2128 5724 ται·
2176 5675 2571 5743 ἀμφιϐάλλεται
2621 5677 2748 5744 γάρ.
2803 5675 2949 5731 Hanc
2993 5675 3170 5732 autem
3225 5690 3409 5735 notam
3447 5699 3567 5740 esse

2007 5747 2378 5812 marginalem,
2400 5755 2454 5799 et
2476 5747 2540 5798 ad
2571 5745 2906 5800 Balsamonis
2933 5749 3430 5817 interpretationem
3457 5769 3563 5807 non

2005 5819 2295 5880 pertinere.
2325 5833 2387 5891 ex
2421 5817 2759 5891 ipsis__verbis
2782 5818 2967 5891 palam
2997 5830 3116 5885 est;
3150 5831 3335 5890 utpote
3358 5823 3560 5891 quibus

2010 5884 2384 5954 interpretatio
2419 5888 2516 5940 ista
2547 5887 2749 5942 diserte
2782 5884 3176 5959 indigitaturet
3211 5884 3451 5948 notatur.

3119 5979 3195 6038 25
