4218 6458
720 392 829 453 779

1984 393 2084 451 ΤΙΙ
2096 393 2263 452 EOD.
2309 392 2393 450 BA
2404 391 2702 451 LSAMON

3860 390 3969 454 780

717 518 766 561 et
802 508 1051 563 Ecclesia!
1098 509 1191 562 Dei
1240 512 1305 565 '°.
1334 509 1487 576 Quod
1546 509 1591 562 si
1642 507 1737 560 viri
1800 521 1919 560 cum
1968 507 2287 558 mulieribus
2320 510 2362 563 Α

2320 510 2362 563 Α
2393 504 2653 570 Ἕλλησι
2700 503 2795 556 καὶ
2830 502 2904 570 τῇ
2947 504 3281 571 Ἐκκλησίᾳ
3324 504 3432 555 τοῦ
3466 503 3639 557 Θεοῦ.
3673 504 3750 555 Τὸ
3782 505 3839 556 δὲ
3869 507 3966 558 ἄν-

718 602 883 654 simul
937 604 1184 655 laventur
1210 643 1225 660 .
1268 619 1515 671 magnam
1565 599 1918 655 offensionem
1965 598 2107 667 apud
2146 613 2241 649 eos
2268 636 2284 661 ,

719 697 807 761 qui
844 696 895 748 id
925 697 1228 763 conspicati
1272 694 1502 759 fuerint,
1533 708 1595 748 ea
1653 706 1742 745 res
1782 690 1943 745 facile
2001 688 2283 743 excitabit.

719 785 927 839 Etenim
955 785 1000 838 si
1035 786 1112 837 vel
1148 786 1261 854 ipse
1289 785 1530 839 mulieris
1563 786 1615 837 in
1652 784 1860 851 privata
1905 781 2073 834 domn
2105 790 2198 833 aut
2230 781 2285 835 in

717 877 799 928 via
864 876 1003 929 forte
1069 877 1417 931 occurrentis
1479 885 1738 946 aspectus
1816 872 2285 943 perturbationum

717 971 909 1023 fluctus
941 971 991 1023 in
1029 970 1226 1024 animis
1252 972 1485 1022 virorum
1518 978 1578 1023 ut
1609 968 1901 1039 plurimum
1940 974 2283 1021 commovet:

717 1074 821 1113 una
853 1075 976 1113 cum
1020 1062 1085 1114 iis
1130 1060 1320 1124 lavari,
1347 1060 1441 1123 qui
1480 1059 1594 1113 fIcri
1632 1065 1811 1127 potest
1846 1067 1902 1111 nt
1954 1074 2059 1111 non
2094 1057 2285 1111 iisdem

713 1149 971 1204 laticibus
1017 1151 1261 1218 ipsorum
1321 1165 1541 1219 quoque
1596 1158 1830 1201 menlem
1859 1146 2179 1216 demergat,
2234 1155 2289 1199 et

715 1243 1033 1312 cupiditatis
1066 1242 1269 1308 aliquid
1334 1241 1580 1296 excitet?
1609 1239 1763 1305 Quod
1814 1240 1859 1295 si
1897 1240 2061 1295 etiam
2096 1239 2286 1293 demus

714 1338 952 1406 aliquos.
983 1337 1232 1404 quamvis
1264 1335 1453 1389 eodem
1498 1334 1691 1388 balneo
1719 1348 1841 1387 cum
1880 1331 2101 1387 feminis
2132 1340 2287 1385 uten-

713 1435 819 1487 tes,
846 1429 895 1480 id
929 1431 1047 1481 sine
1085 1427 1325 1494 periculo
1359 1426 1538 1480 facere
1584 1444 1597 1479 :
1633 1425 1928 1495 quominus
1974 1434 2154 1477 tamen
2183 1462 2199 1484 ,
2232 1429 2288 1477 et

714 1520 805 1588 qui
840 1518 1025 1572 vident
1054 1518 1407 1573 offensionem
1448 1533 1513 1572 ex
1541 1532 1603 1571 ea
1650 1534 1708 1571 re
1755 1517 2014 1587 capiant,
2057 1526 2110 1569 et
2159 1514 2290 1569 fide-

715 1612 847 1663 lium
884 1613 939 1663 in
971 1625 1036 1664 eo
1066 1612 1343 1664 licentiam
1384 1610 1548 1663 tacita
1602 1609 1931 1679 cogitatione
1986 1608 2283 1672 damnent,

714 1704 767 1757 id
792 1721 897 1773 qua
932 1705 1140 1759 ratione
1177 1705 1465 1773 quisquam
1520 1702 1691 1757 vitare
1746 1700 1964 1772 possit?
1997 1701 2092 1755 His
2124 1702 2289 1772 igitur

715 1796 784 1850 de
813 1797 1029 1859 causis,
1071 1796 1123 1849 id
1156 1810 1330 1849 canon
1379 1794 1708 1849 Christianis
1760 1793 2016 1847 omnibus
2054 1795 2283 1847 vetitum

2391 593 2522 662 δρας
2582 592 2936 646 συλλούεσθαι
3012 594 3230 662 γυναιξὶ
3294 595 3588 647 σκάνδαλον
3656 597 3803 665 μέγα
3854 599 3970 658 τοῖς

2390 683 2557 753 ὁρῶσι
2583 682 2740 735 τοῦτο
2762 682 2985 736 δύναται
3014 683 3285 753 ἐμποιεῖν.
3320 684 3379 736 Εἰ
3409 688 3518 753 γὰρ
3542 685 3634 738 καὶ
3667 688 3700 753 ὴ
3734 688 3791 736 ἐν
3819 688 3970 754 οἱιιίξ⁵

2389 775 2421 843 ἦ
2454 775 2510 826 ἐν
2542 772 2646 842 ὀδῷ
2678 775 2901 844 ἐντυχία
2932 776 3039 827 τῶν
3068 774 3346 842 γυναικῶν
3377 776 3552 845 ζάλην
3578 776 3657 847 τῷ
3710 777 3967 846 λογισμῷ

2387 864 2496 916 τῶν
2550 866 2990 935 ἐντυγχανόντων
3042 866 3234 928 αὐταῖς
3283 866 3495 936 ἀνδρῶν
3540 868 3617 929 ὠς
3670 868 3742 920 τὰ
3788 869 3969 921 πολλὰ

2389 950 2641 1027 ἐμποιεῖ’
2690 958 2751 1010 τὸ
2796 957 3022 1020 ταύταις
3069 957 3426 1012 συλλούεσθαι
3474 958 3591 1022 πῶς
3632 961 3734 1012 οὐκ
3776 959 3843 1012 ἂν
3877 962 3971 1011 τὸν

2388 1048 2514 1102 νοῦν
2551 1048 2664 1100 τῶν
2728 1049 3136 1121 συλλουομένων
3188 1052 3382 1113 αὑταῖς
3438 1052 3842 1124 κατεὸἁπτισε,
3872 1055 3969 1105 καί

2388 1144 2470 1205 είς
2524 1143 2826 1213 ἐπιθυμίαν
2856 1144 3148 1214 ὴρέθισενς
3183 1145 3243 1197 Εἰ
3276 1144 3332 1197 δὲ
3388 1146 3483 1196 καὶ
3534 1146 3653 1213 δοίη
3699 1163 3788 1207 τις
3842 1146 3969 1197 καθ’

2390 1234 2755 1306 ὐπόθεσινμὴ
2785 1235 3119 1305 βλάπτεσθαι
3163 1237 3293 1300 ἴσως
3328 1238 3501 1302 τινὰς,
3526 1237 3631 1290 κᾶν
3665 1236 3972 1289 συλλούων-

2387 1345 2475 1380 ται
2504 1328 2750 1396 γυναιξίν
2770 1345 2783 1360 ·
2817 1328 2954 1382 ἀλλά
2985 1344 3049 1396 γε
3078 1329 3141 1381 τὸ
3167 1329 3296 1393 τοὺς
3330 1329 3577 1398 ὁρῶντας
3600 1327 3769 1381 τοῦτο
3801 1345 3973 1381 σκαν-

2387 1419 2719 1485 δαλίζεσθαι,
2742 1422 2834 1474 καὶ
2867 1420 3303 1489 καταγινώσκειν
3328 1423 3438 1475 τῶν
3471 1422 3631 1474 τοῦτο
3658 1420 3970 1474 ποιούντων

2392 1513 2603 1566 πιστῶν
2652 1514 2733 1576 τίς
2766 1514 2831 1568 ἄν
2886 1531 3013 1566 ποτε
3056 1513 3314 1584 δυνηθείη
3369 1518 3563 1584 φυγεῖν
3590 1529 3606 1579 ;
3633 1515 3740 1566 Διὰ
3789 1514 3971 1566 ταῦτα

2385 1606 2567 1659 τοίνυν
2594 1608 2931 1675 ἀπαγορεύει
2963 1608 3120 1661 τοῦτο
3149 1610 3176 1660 ὁ
3203 1608 3382 1661 κανὼν
3422 1612 3555 1664 πᾶσι
3586 1611 3964 1679 Χριστιανοῖς·

2385 1699 2502 1759 τοῖς
2552 1696 2607 1750 δέ
2656 1696 2815 1750 τοῦτο
2870 1698 3140 1765 ποιοῦσιν,
3170 1702 3465 1769 ἱερατικοῖς
3522 1702 3624 1770 μὲν
3676 1700 3819 1763 οὖσι,
3855 1704 3971 1763 τοῖς

2388 1791 2519 1861 περὶ
2552 1790 2613 1842 τὸ
2640 1790 2792 1861 βῆμα
2818 1792 3023 1862 δηλαδὴ
3060 1794 3154 1846 καὶ
3203 1794 3487 1863 κληρικοῖς
3524 1797 3638 1855 τοῖς
3686 1794 3868 1855 ἄλλως
3910 1797 3972 1847 ἐν

714 1902 837 1943 esse
866 1887 1110 1942 decernit
1145 1905 1159 1941 :
1192 1888 1280 1957 qui
1312 1901 1443 1940 vero
1468 1886 1522 1941 id
1557 1886 1826 1949 fecerint,
1854 1885 1898 1939 si
1932 1884 2154 1955 quidem
2202 1900 2292 1938 sa—
2323 1866 2363 1920 Β

2323 1866 2363 1920 Β
2393 1884 2577 1954 κλήρῳ
2606 1886 2981 1954 τεταγμένοις,
3011 1886 3329 1957 καθαίρεσιν
3356 1886 3531 1955 ὁρίζει
3560 1888 3623 1938 τὸ
3652 1887 3962 1954 ἐπιτίμιον·

713 1978 848 2033 crati
885 1976 1114 2042 fuerint,
1151 1979 1254 2032 boc
1280 1988 1383 2039 cst,
1413 1992 1479 2032 ex
1509 1993 1697 2031 eorum
1738 1992 1967 2029 numero
2003 1977 2113 2046 qui
2145 1977 2290 2031 circa

714 2084 929 2124 sacrum
963 2070 1201 2125 tribunal
1235 2079 1559 2132 versantur,
1588 2079 1683 2122 aut
1726 2068 1907 2122 clerici
1936 2108 1951 2129 ,
1998 2069 2102 2121 hoc
2160 2078 2244 2123 est
2272 2110 2288 2134 ,

713 2162 859 2216 clero
908 2178 1236 2232 quacunque
1288 2165 1498 2216 ratione
1569 2161 1835 2229 ascripti,
1898 2162 2283 2231 depositione:

716 2264 927 2309 ascetas
961 2271 1087 2309 vero
1117 2265 1170 2309 et
1210 2255 1377 2309 laicos
1414 2256 1793 2323 segregatione
1863 2254 2043 2321 puniri
2102 2254 2279 2325 jubet.

2389 1978 2659 2046 ἀσκηταῖς
2688 1978 2745 2031 δὲ
2797 1978 2894 2032 καὶ
2938 1979 3145 2041 λαῖκοῖς
3175 1978 3373 2046 ἐπάγει
3422 1979 3754 2048 ἀφορισμὸν.
3790 1971 3969 2039 υἷιτος

2386 2069 2443 2121 δὲ
2479 2073 2506 2123 ὁ
2540 2073 2719 2123 κανὼν
2744 2071 2841 2141 τῆς
2880 2074 2939 2124 ἐν
2969 2071 3264 2141 Λαοδικείᾳ
3320 2071 3789 2141 συγκροτηθείσης
3842 2086 3971 2120 συν-

2383 2162 2502 2213 όδου
2537 2164 2858 2232 τριακοστός
2915 2165 3086 2228 ἐστιν,
3113 2164 3240 2217 ἄνευ
3287 2162 3395 2216 τῶν
3452 2162 3743 2232 ἐπιτιμίων
3784 2164 3971 2215 ἐκεῖσε

2371 2255 2753 2322 ιέκφωνηθείς.

716 2346 810 2401 Est
842 2363 1007 2417 porro
1031 2349 1118 2399 hic
1144 2362 1318 2400 canon
1347 2346 1489 2401 idem
1549 2362 1673 2399 cum
1726 2346 2043 2401 Laodiceam
2089 2345 2280 2415 synodi
2322 2346 2648 2416 trigesimo,
2740 2348 2993 2417 quamvis
3049 2347 3159 2403 illic
3248 2349 3459 2418 absque
3508 2346 3616 2401 ulla
3674 2360 3971 2417 poenarum

718 2439 991 2493 mentione
1023 2437 1225 2491 editus.

785 2528 1014 2583 ARIST.
1060 2547 1079 2579 ι
1111 2526 1457 2583 Christianus
1490 2544 1615 2582 cum
1650 2528 1970 2586 mulieribus
1999 2546 2107 2585 non
2136 2530 2284 2585 lava-

722 2640 742 2673 α
778 2630 868 2674 tur
902 2639 916 2674 :
948 2622 1181 2675 clericus
1208 2624 1348 2674 enim
1386 2622 1713 2690 deponitur;
1758 2623 1930 2678 laicus
1978 2636 2157 2678 autem
2192 2640 2282 2680 ser-

723 2732 742 2765 σ
780 2724 1053 2785 gregatut‘.
1094 2732 1112 2764 ι
1156 2712 1504 2783 Perspicuus.

1233 2790 1459 2859 CANON
1487 2804 1769 2864 LXXVIII.

722 2917 744 2952 ι
773 2898 927 2967 Quod
954 2908 1281 2969 oporteteos
1304 2899 1392 2967 qui
1432 2900 1809 2955 illuminantur
1860 2900 2015 2955 fidem
2048 2900 2283 2969 discere,

796 3012 815 3042 ι
852 3002 905 3045 et
939 2995 1125 3061 quinta
1150 2991 1468 3060 septimana
1500 2992 1634 3046 feria
1657 2992 1913 3063 episcopo
1947 2982 2029 3047 vel
2068 2995 2285 3066 presby-

797 3103 816 3134 ι
860 3085 992 3137 teris
1026 3086 1364 3137 renuntiare.
1402 3104 1419 3136 ι

795 3174 983 3230 BALS.
1016 3173 1300 3240 Quomodo
1332 3177 1423 3245 qui
1458 3191 1648 3231 recens
1688 3186 1814 3233 sunt
1857 3178 2149 3234 illuminati
2196 3180 2290 3233 de-

725 3267 852 3320 bent
887 3267 1043 3321 fidem
1082 3267 1441 3323 orthodoxam
1468 3268 1688 3335 doceri,
1726 3285 1754 3322 a
1788 3270 2019 3326 diversis
2062 3272 2288 3325 canoni-

722 3359 824 3411 bus
851 3357 1167 3412 didicimus.
1198 3356 1445 3413 Praesens
1496 3368 1677 3414 autem
1710 3374 1889 3415 canon
1947 3362 2014 3415 iis
2060 3361 2288 3430 adjicit,

720 3450 880 3503 nobis
912 3450 1158 3504 sullicere
1201 3466 1307 3504 non
1340 3452 1541 3506 debere
1590 3455 1920 3510 assertiones
1957 3470 2147 3509 eorum
2193 3457 2285 3526 qui

722 3543 1124 3606 illuminantur,
1160 3542 1565 3609 adirmantium,
1590 3561 1648 3599 se
1679 3554 1882 3601 rectam
1928 3547 2086 3601 fidem
2115 3549 2289 3603 fuisse

721 3636 944 3689 edoctos
978 3647 993 3687 ε
1026 3634 1121 3689 sed
1144 3650 1237 3689 eos
1268 3635 1488 3704 quidem
1516 3646 1796 3707 ~oportere
1846 3654 2000 3693 sacra
2066 3641 2287 3693 oracula

722 3729 932 3782 discere
991 3728 1119 3783 totis
1160 3728 1354 3797 primis
1400 3737 1636 3798 quatuor
1683 3731 1879 3786 diebus
1922 3732 2287 3801 septimanae;

725 3821 917 3888 quinto
945 3830 1122 3875 autem
1161 3821 1248 3874 die
1278 3837 1340 3875 ea
1374 3822 1631 3892 episcopo
1657 3865 1671 3887 ,
1705 3824 1785 3877 vel
1834 3826 1900 3879 iis
1931 3827 2132 3894 quibus
2188 3827 2291 3881 hoc

725 3914 792 3963 ab
818 3911 908 3963 illo
938 3912 1246 3979 permittetu
1261 3928 1309 3978 r,
1339 3914 1551 3967 scilicet
1584 3917 1918 3980 catecbistis,
1950 3919 2287 3973 renuntiare.

726 4004 817 4057 Sic
843 4005 986 4057 enim
1020 4004 1282 4059 facientes
1323 4007 1563 4074 perfecte
1613 4008 2092 4075 demonstrabnnt,
2138 4014 2285 4082 quod

728 4104 834 4147 tota
868 4097 1047 4149 anima
1083 4097 1147 4149 ad
1172 4096 1328 4151 ﬁdem
1358 4099 1718 4153 orthodoxam
1746 4112 2095 4156 accesserunt
2114 4142 2129 4165 .
2157 4116 2208 4158 et
2234 4106 2288 4159 in

727 4186 932 4242 divinis
968 4188 1083 4256 ejus
1111 4188 1388 4259 mysteriis
1430 4189 1668 4253 initiati,
1696 4191 1938 4262 satisque
1981 4194 2287 4248 confirmati

729 4288 884 4335 sunt.
908 4278 1021 4333 lloc
1052 4290 1364 4335 autemnon
1390 4283 1557 4337 semel
1592 4283 1812 4348 facient,
1847 4284 1941 4339 sed
1975 4301 2071 4352 per
2119 4296 2285 4341 totam

730 4376 840 4428 fere
877 4390 1032 4428 suam
1059 4375 1248 4428 vitam.
1296 4374 1540 4431 Praesens
1591 4385 1770 4430 autem
1837 4368 2012 4432 canon
2066 4380 2291 4436 omnino

729 4465 872 4518 idem
902 4473 985 4518 est
1015 4479 1140 4517 cum
1172 4478 1380 4518 canone
1420 4463 1492 4517 43
1531 4464 1724 4518 svnodi
1756 4463 2098 4520 Laodicenis.

800 4636 1051 4692 ZONAR.
1082 4638 1177 4692 Est
1203 4638 1292 4692 hic
1320 4653 1493 4693 canon
1523 4638 1665 4693 idem
1696 4618 2178 4695 cum’Laodiccnzc
2208 4654 2296 4710 sy-

734 4730 860 4783 nodi
901 4728 1329 4798 quadragesimo
1356 4731 1516 4784 tertio
1549 4771 1564 4795 ,
1604 4731 1791 4785 iisdem
1836 4746 2069 4800 namque
2116 4731 2294 4786 verbis

733 4831 874 4875 Inter
901 4821 1039 4875 alios
1072 4820 1195 4890 ejus
1227 4821 1421 4891 synodi
1455 4834 1695 4877 canones
1723 4834 2065 4876 recensetur.
2126 4822 2293 4877 Porro

732 4928 824 4965 cos
852 4912 944 4979 qui
985 4911 1391 4973 illuminantur,
1432 4911 1535 4964 hoc
1572 4920 1701 4974 est,
1735 4912 1800 4964 ad
1836 4911 2290 4964 illuminatimIem

732 5019 791 5056 se
827 5010 1168 5069 comparant,
1196 5011 1247 5054 et
1269 5001 1407 5053 inter
1440 5001 1873 5055 catechumenos
1919 5014 2294 5064 numerantur,

735 5095 990 5161 mysteria
1030 5092 1150 5144 fidei
1183 5092 1451 5154 ediscere,
1481 5102 1535 5145 et
1568 5095 1761 5161 quinto
1795 5107 2011 5162 quoque
2065 5093 2296 5163 cujusli-

735 5187 824 5236 bet
846 5183 1197 5237 hebdomadie
1238 5183 1346 5247 die,
1376 5199 1495 5253 quae
1527 5193 1638 5238 tota
1666 5184 2004 5239 bebdomada
2036 5184 2295 5247 didicere,

734 5278 988 5330 audiente
1008 5279 1269 5345 episcopo
1303 5287 1394 5330 aut
1427 5278 1834 5343 sacerdotibus,
1867 5278 2032 5351 249
2064 5281 2294 5332 recitare

737 5371 904 5423 iubet.
936 5367 988 5421 Id
1026 5384 1154 5421 vero
1187 5372 1258 5421 ita
1286 5370 1424 5433 fieri,
1458 5386 1524 5424 ne
1550 5371 1928 5442 mysteriorum
1975 5383 2175 5425 nostra:
2210 5388 2294 5425 re-

740 5464 952 5531 tIginnis
978 5463 1199 5531 ignarus
1233 5463 1431 5532 aliquis
1465 5463 1773 5533 baptizctur
1796 5507 1809 5529 ,
1836 5479 1897 5518 ac
1926 5466 2152 5533 proinde
2201 5480 2293 5533 pa.

741 5570 857 5605 rum
889 5555 1098 5607 stabilis
1129 5554 1505 5610 hasrcticorum
1542 5558 1749 5611 artibus
1812 5574 1869 5613 sc
1921 5572 1948 5610 ο
1984 5568 2137 5612 recto
2187 5567 2293 5610 tI'a-

738 5644 867 5696 mite
892 5645 1095 5697 auferri
1132 5647 1394 5701 abducit'c
1424 5650 1683 5717 patiatur.

800 5813 843 5842 ’°
877 5813 894 5865 1
926 5812 1052 5866 (lor.
1083 5829 1134 5877 ι,
1166 5811 1257 5865 '52.

2387 2527 2629 2581 'APIET.
2674 2544 2692 2577 ι
2729 2527 3054 2593 Χριστιανὸς
3081 2526 3329 2595 γυναιξὶν
3359 2529 3420 2580 ού
3449 2526 3789 2581 συλλούεται.
3824 2528 3978 2596 Κλη-

2468 2641 2487 2673 ‹
2537 2620 2687 2691 ρικὸς
2716 2620 2817 2690 μὲν
2847 2621 2953 2689 γὰρ
2986 2618 3330 2693 κιθαιρεῖται
3353 2637 3367 2651 ο
3395 2619 3582 2683 λαῖκδς
3618 2620 3677 2673 δὲ
3710 2618 3977 2689 ἀφορίζε-

2469 2734 2487 2767 ι
2533 2731 2646 2768 ται.
2686 2733 2705 2765 ι
2745 2713 2950 2783 Σαφής.

2970 2804 3209 2857 ΚΑΝΩΝ
3240 2802 3367 2858 οιιν.

2397 2916 2415 2950 ι
2461 2897 2587 2951 Ὀτι
2620 2897 2703 2950 δεῖ
2730 2897 2856 2960 τοὺς
2891 2895 3299 2966 φωτιζομένους
3338 2898 3439 2967 τὴν
3471 2896 3655 2951 πίστιν
3686 2896 3979 2966 ἐκμανθά-

2466 3008 2487 3042 σ
2530 3007 2663 3048 νειν,
2681 2991 2776 3043 καὶ
2795 2992 2862 3055 τῇ
2890 2990 3118 3061 πέμπτῃ
3141 2990 3239 3059 τῆς
3269 2990 3564 3058 ὲόδομάδος
3588 2992 3979 3059 ἀπαγγέλλειν

2468 3100 2487 3133 ι
2530 3082 2610 3154 τῷ
2641 3082 2927 3152 ἐπισκόπῳ
2956 3082 2988 3153 ἢ
3015 3085 3129 3145 τοῖς
3161 3083 3587 3154 πρεσϐυτέροις.
3632 3105 3650 3137 ι

2473 3174 2668 3228 ΒΔΔΣ.
2700 3176 2765 3227 Οί
2799 3176 3146 3242 νεοφώτιστοι
3204 3177 3350 3239 ὅπως
3397 3176 3677 3245 ὀφείλουσι
3710 3181 3978 3235 διδάσκε-

2396 3269 2522 3322 σθαι
2558 3269 2657 3338 τὴν
2695 3267 2973 3340 ὀρθόδοξον
3023 3268 3230 3330 πίστιν,
3264 3269 3373 3321 ἀπὸ
3415 3270 3691 3340 διαφόρων
3719 3277 3979 3328 κανόνων

2394 3361 2689 3432 ἐμάθομεν.
2733 3360 2793 3413 Ὅ
2841 3359 2899 3413 δὲ
2946 3362 3138 3430 παρὼν
3178 3360 3359 3415 κανὼν
3397 3366 3729 3435 προστίθησι
3756 3369 3836 3439 μὴ
3872 3371 3979 3438 ἁρ-

2394 3457 2511 3509 κεῖν
2560 3455 2707 3524 ἡμᾶς
2739 3454 2858 3516 ταῖς
2892 3453 3220 3507 καταδέσεσι
3255 3455 3363 3508 τῶν
3394 3458 3815 3527 φωτιζομὲνων,
3852 3463 3980 3514 δια-

2395 3547 2799 3606 ϐεϐαιουμένων
2873 3543 3297 3616 ἀναδιδανθῆναι
3374 3549 3443 3602 τὰ
3517 3551 3618 3619 τῆς
3676 3551 3982 3620 όρθοδόξου

2394 3641 2628 3702 πίστεως
2650 3658 2665 3672 ’
2701 3640 2837 3694 ἀλλὰ
2872 3644 3166 3712 μανθάνειν
3201 3642 3301 3712 μὲν
3335 3642 3537 3703 αὐτοὺς
3558 3644 3628 3696 τὰ
3661 3645 3783 3713 ἱερὰ
3812 3645 3979 3713 λόγια

2394 3735 2461 3787 δι’
2491 3735 2628 3787 ὅλων
2666 3734 2775 3787 τῶν
2819 3735 3053 3805 πρώτων
3086 3738 3368 3806 τεσσάρων
3404 3738 3633 3807 ἡμερῶν
3679 3742 3782 3810 τῆς
3816 3741 3979 3795 ἐϐδο-

2398 3827 2585 3896 μάδος,
2616 3828 2755 3881 κατᾶ
2784 3828 2839 3880 δέ
2876 3827 2976 3899 τὴν
3006 3830 3263 3897 πέμπτην
3292 3830 3667 3898 ἀπαγγέλλειν
3711 3834 3859 3885 αὐτὰ
3890 3836 3978 3905 τῷ

2395 3918 2682 3989 ἐπισκόπῳ
2729 3919 2761 3974 ἦ
2808 3922 2922 3982 τοῖς
2969 3922 3511 3991 ἐπιτραπησομένοις
3558 3922 3709 3993 παρὰ
3742 3926 3977 3991 τούτου,

2395 4010 2563 4080 ἤγουν
2603 4015 2713 4072 τοῖς
2759 4017 3119 4082 κατηχηταὶς.
3165 4010 3324 4065 Οὕτω
3368 4012 3480 4081 γὰρ
3530 4014 3813 4079 ποιοῦντες
3867 4017 3975 4071 δώ-

2398 4117 2583 4154 σουσιν
2613 4102 2799 4172 ἐντελῆ
2848 4103 3252 4171 πληροφορίαν,
3280 4103 3355 4165 ὡς
3385 4105 3667 4175 ὁλοψύχως
3704 4112 3770 4177 τῇ
3801 4110 3979 4177 ὀρθοο

2396 4191 2531 4263 δόξῳ
2570 4194 2745 4247 πίστει
2770 4194 3097 4264 προσῆλθον,
3122 4196 3214 4247 καὶ
3247 4197 3315 4248 τὰ
3346 4196 3463 4248 θεῑι
3494 4198 3698 4268 ταύτης
3721 4201 3982 4270 ἐμυήθη-

2398 4303 2497 4340 σαν
2550 4289 2849 4359 μυστήρια,
2910 4290 3004 4341 καὶ
3060 4288 3259 4354 ἱκανῶς
3306 4289 3734 4361 ἐστηρίχθησαν.
3791 4294 3977 4350 Τοῦτο

2396 4375 2450 4428 δὲ
2503 4377 2602 4445 οὐχ
2656 4375 2804 4441 ἅπαξ
2860 4378 3221 4448 ποιήσουσιν,
3277 4380 3413 4433 ἀλλὰ
3476 4363 3663 4451 σχεδὸν
3714 4382 3783 4436 δι’
3837 4386 3976 4455 ὅλης

2397 4468 2497 4533 τῆς
2560 4467 2703 4537 ζωῆς
2761 4469 2963 4525 αὐτῶν.
3022 4471 3084 4524 Ὀ
3141 4473 3327 4540 μέντοι
3385 4473 3573 4543 παρὼν
3636 4476 3821 4530 κανὼν
3880 4486 3980 4547 μγ⁹

2397 4558 2547 4612 ἐστὶν
2575 4561 2996 4630 ἀπαράλλακτος
3027 4562 3128 4631 τῆς
3156 4566 3215 4616 ἐν
3240 4564 3534 4637 Λαοδικείᾳ
3561 4568 3812 4623 συνόδου.

2472 4649 2713 4705 ΖΩΝΛΡ.
2746 4644 2914 4715 Οὗτος
2941 4654 2969 4705 ὁ
2998 4652 3177 4706 κανὼν
3206 4654 3309 4724 τῆς
3333 4660 3390 4709 ὲν
3415 4656 3709 4731 Λαοδικείᾳ
3738 4662 3981 4715 συνόδου

2395 4740 2514 4793 ἐστὶ
2540 4746 2971 4813 τεσσαρακοστδς
2995 4747 3174 4814 τρίτος
3201 4763 3214 4777 ο
3242 4748 3428 4812 αὐτοῖς
3461 4750 3569 4818 γὰρ
3597 4753 3815 4821 ῥήμασι
3852 4758 3971 4818 toi;

2396 4832 2577 4896 ἄλλοις
2606 4836 2795 4887 κανόσι
2825 4837 2926 4904 τῆς
2958 4838 3177 4889 συνόδου
3219 4838 3438 4908 ἐκείνης
3481 4843 3973 4912 ἐγκατέστρωται.

2399 4924 2625 4977 Κελεύει
2652 4924 2709 4977 δὲ
2740 4928 2867 4990 τοὺς
2910 4929 3348 4997 φωτιζομένους,·
3366 4932 3534 5003 ῆγουν
3563 4937 3691 4998 τοὺς
3735 4940 3883 5009 πρὸς
3910 4942 3975 4994 τὸ

2396 5015 2651 5085 φώτισμα
2716 5017 3175 5088 ἐτοιμαζομένους
3233 5023 3326 5074 καὶ
3381 5029 3842 5097 κατηχουμένους
3908 5035 3972 5085 τὸ

2398 5110 2691 5176 μυστήριον
2716 5108 2815 5176 τῆς
2841 5109 3075 5174 πίστεως
3109 5115 3476 5182 ἐκμανθάνειν
3507 5120 3601 5171 καὶ
3620 5124 3687 5190 τῇ
3731 5122 3973 5196 πέμπτῃ

2395 5197 2577 5269 ἡμέρᾳ
2606 5199 2844 5270 ἑκάστης
2874 5200 3166 5271 ἑϐδομάδος
3224 5207 3621 5275 ἀπαγγέλλειν,
3654 5211 3696 5264 ἃ
3732 5214 3829 5268 διὰ
3868 5219 3976 5285 τῆς

2394 5289 2686 5359 ἐῆδομὰδος
2729 5290 2953 5361 ἔμαθον,
2981 5295 3060 5364 τῷ
3109 5297 3392 5369 ἐπισκόπῳ
3425 5300 3459 5371 ἢ
3500 5305 3615 5365 τοῖς
3650 5308 3971 5370 πρεσϐυτὲ-

2402 5399 2535 5451 ροις.
2573 5383 2744 5436 Τοῦτο
2770 5383 2826 5436 δὲ
2858 5384 3127 5453 γίνεσθαι,
3164 5388 3253 5440 ἵνα
3304 5390 3376 5459 μὴ
3406 5392 3655 5462 ἀμύητος
3698 5396 3801 5449 τοῦ
3851 5402 3978 5451 καθ’

2401 5475 2544 5542 ἡμᾶς
2578 5476 2876 5546 μυστηρίου
2911 5475 2986 5528 ὥν
3028 5494 3111 5539 τις
3152 5478 3450 5551 ﬁam-mei},
3481 5486 3578 5537 καὶ
3627 5487 3974 5557 ἀστήρικτος

2402 5565 2478 5618 ὢν
2511 5568 2613 5621 ὑπὸ
2641 5568 2931 5638 αἱρετικῶν
2963 5569 3207 5642 ὑποσυρῇ
3250 5573 3346 5627 καὶ
3376 5573 3692 5647 ὐποκλαπῇ.
