4218 6458
238 411 333 473 7‘81

1225 412 1306 470 IN
1351 409 1513 469 CAN.
1561 408 1801 468 LXXIX
1838 408 2045 466 CONC.
2094 408 2174 465 IN
2220 408 2534 466 'l‘PUl.l.0.

3395 415 3500 476 782

233 535 463 588 ΑΡῘΣΤ.
527 554 545 588 ι
593 535 652 589 Ὀ
696 535 992 605 φωτισθεὶς
1035 536 1134 606 τὴν
1194 534 1379 586 πίστιν
1421 530 1818 600 ἁπαγγελλέτω

1995 525 2225 580 ΑῐίΓδΤ.
2264 545 2280 576 ι
2327 527 2668 583 llluminatus
2716 530 2902 598 quinta
2956 530 3313 587 hebdomadis
3367 538 3497 589 lcria

555 648 576 681 ι
613 632 679 700 τῇ
724 631 952 699 πέμπτῃ
984 629 1081 697 τῆς
1110 627 1432 695 ἑϐδομάδος.
1472 645 1489 676 ι

309 724 410 774 Δεῖ
440 721 532 774 τὸν
566 725 1016 793 προσερχόμενον
1045 723 1124 792 τῷ
1156 722 1287 791 θείῳ
1317 720 1649 790 φωτίσματι,
1683 718 1816 772 καθ·

229 811 307 874 ὡς
342 815 436 865 καὶ
465 815 493 866 ὁ
526 815 965 884 τεσσαρακοστὸς
1020 816 1177 875 ἕκτος
1215 815 1396 868 κανὼν
1448 815 1547 883 τῆς
1587 812 1643 865 έν
1677 815 1815 865 Λαο-

228 905 416 975 δικείᾳ
447 908 668 960 συνόδου
716 908 1106 978 διαλαμϐάνει,
1148 909 1247 978 τὴν
1300 909 1490 961 πίστιν
1532 906 1815 976 ἐκμανθά-

231 1015 372 1061 νειν,
405 1002 498 1051 καὶ
525 1004 592 1072 τῇ
636 1003 867 1075 πέμπτῃ
895 1004 995 1073 τῆς
1025 1002 1344 1071 ἑϐδομάδος,
1372 1001 1495 1056 καθ’
1528 1001 1595 1070 ἣν
1628 1000 1818 1071 μέλλει

230 1091 577 1162 φωτισθῆναι
606 1093 685 1163 τῷ
710 1097 998 1166 ὲπισκόπῳ
1023 1096 1057 1166 ἢ
1098 1097 1213 1159 τοῖς
1249 1095 1648 1164 πρεσϐυτέροις
1682 1093 1820 1146 ταύ-

228 1201 336 1256 την
367 1187 761 1257 ἀπαγγέλλειν.

833 1284 1075 1337 ΚΑΝΩΝ
1111 1283 1232 1338 ΟΘ’.

230 1388 259 1420 4
330 1371 650 1443 ’Λλόχευτον
702 1377 795 1430 τὸν
855 1378 919 1430 ὲκ
972 1378 1070 1447 τῆς
1120 1378 1404 1448 Παρθένου
1465 1378 1610 1432 θεῖον
1661 1381 1820 1433 τόκον

316 1485 335 1515 ι
384 1467 798 1537 ὁμολογοῦντες,
834 1471 911 1534 ὡς
936 1472 1035 1526 καὶ
1082 1472 1342 1543 ἁσπόρως
1395 1476 1692 1538 συστάντα,
1725 1472 1822 1525 καὶ

308 1579 332 1612 ‹
382 1561 549 1613 παντὶ
569 1562 650 1632 τῷ
672 1565 912 1636 ποιμνίῳ
939 1565 1334 1635 κηρύσσοντες,
1360 1567 1488 1629 τοὺς
1513 1565 1573 1631 ἐξ
1595 1566 1821 1634 ἀγνοίας

311 1673 331 1705 ι
385 1655 728 1725 πράττοντάς
769 1675 820 1710 τι
852 1658 967 1713 τῶν
1002 1659 1060 1711 οῦ
1096 1659 1326 1712 δεόντων
1367 1655 1652 1728 διορθώσει
1683 1655 1822 1709 καθ-

310 1768 330 1798 (
385 1749 786 1817 υποόάλλομεν.
846 1750 1032 1814 Ὀθεν,
1095 1752 1283 1822 ἐπειδὴ
1343 1769 1491 1814 τινες
1534 1751 1676 1820 μετὰ
1719 1751 1822 1818 τὴν

311 1859 333 1890 ‹
382 1840 596 1909 ἡμέραν
655 1841 758 1910 τῆς
821 1842 984 1909 ἁγίας
1041 1842 1284 1913 Χριστοῦ
1334 1840 1430 1894 τοῦ
1484 1839 1622 1892 Θεοῦ
1662 1839 1821 1909 ἡμῶν

313 1953 334 1986 t
381 1936 696 2006 γεννήσεως
751 1936 1064 1990 δείκνυνται
1116 1937 1397 2007 σεμίδαλιν
1439 1935 1684 2004 ἕψοντες,
1727 1933 1822 1985 καὶ
1855 1917 1898 1972 Β

312 2048 331 2073 ο
381 2029 588 2098 ταύτης
613 2027 870 2100 ἀλλήλοις
910 2030 1317 2100 μεταδιδόντες,
1349 2029 1623 2100 προφάσει
1654 2029 1820 2097 τιμῆς

311 2140 334 2172 r
383 2121 546 2190 δῆθεν
577 2121 807 2191 λοχειῶν
841 2124 941 2194 τῆς
985 2125 1261 2194 άχράντου
1302 2123 1820 2194 Παρθενομήτορος,

315 2234 334 2264 ι
390 2214 654 2284 ὁρίζομεν
687 2215 856 2282 μηδὲν
886 2217 1128 2270 τοιοῦτον
1175 2216 1280 2270 ὑπὸ
1334 2217 1446 2268 τῶν
1497 2214 1708 2267 πιστῶν
1737 2232 1825 2266 τε-

313 2327 337 2357 (
386 2306 621 2360 λεῖσθαι.
674 2309 748 2360 Οὐ
782 2309 891 2379 γὰρ
921 2313 1057 2379 τιμή
1113 2326 1177 2378 γε
1214 2308 1373 2361 τοῦτο
1419 2311 1485 2379 τῇ
1538 2308 1822 2378 Παρθένῳ,

314 2420 334 2451 ι
386 2403 453 2470 τῇ
488 2401 626 2472 ὑπὲρ
664 2399 786 2454 νοῦν
819 2402 913 2454 καὶ
941 2401 1105 2468 λόγον
1136 2401 1227 2454 τὸν
1257 2401 1547 2472 ἁχώρητον
1587 2405 1825 2473 τεκούσῃ

317 2512 337 2544 ι
386 2494 559 2561 Λόγον
603 2495 794 2563 σαρκὶ,
822 2496 886 2546 ἐκ
913 2493 1025 2547 τῶν
1052 2495 1251 2548 κοινῶν
1285 2512 1344 2548 τε
1375 2496 1470 2548 καὶ
1502 2494 1627 2547 καθ’
1673 2496 1824 2564 ἡμᾶς

317 2605 338 2637 ι
388 2587 531 2640 κατὰ
575 2587 668 2640 τὸν
714 2587 1000 2658 ἄφραστον
1049 2588 1220 2659 αὐτῆς
1274 2588 1433 2642 τόκον
1467 2590 1670 2659 ὁρίζειν
1729 2589 1826 2642 καὶ

314 2697 336 2730 ε
387 2680 750 2748 ὑπογράφειν.
783 2681 849 2732 Εἴ
887 2699 973 2744 τις,⁹
1021 2678 1116 2735 οὖν
1145 2683 1255 2734 ἀπὸ
1295 2681 1389 2735 τοῦ
1424 2682 1520 2735 νῦν
1569 2684 1826 2751 πράττων

315 2790 335 2821 ι
384 2772 598 2824 τοιοῦτο
660 2773 1042 2842 φωραθείη.εί
1102 2775 1202 2844 μὲν
1263 2775 1518 2844 κληρικος
1549 2776 1658 2847 εἴη,
1693 2775 1827 2829 καθ-

316 2886 336 2916 c
382 2866 646 2935 αιρείσθω
672 2880 686 2893 ·
730 2870 780 2920 εἰ
811 2868 866 2920 δὲ
897 2867 1106 2931 λα’ίκὸς,
1146 2866 1514 2938 ἁφοριξέσθω.
1555 2891 1574 2922 ι

333 3048 533 3102 ΒΑΛΣ.
563 3047 844 3111 Μαθόντες
873 3049 924 3101 οἱ
952 3049 1098 3116 ἅγιοι
1136 3049 1379 3120 Πατέρες
1424 3052 1504 3104 ὅτι
1551 3053 1697 3115 τινὲς
1741 3051 1828 3105 διὰ

237 3140 413 3209 τιμὴν
449 3141 538 3209 τῆς
577 3140 853 3210 ἁχράντου
887 3142 1192 3210 Δεσποίνης
1223 3143 1381 3212 ἡμῶν
1432 3143 1526 3195 καὶ
1557 3143 1824 3197 Θεοτόκου

1928 635 1947 667 ‹
1992 617 2150 670 ﬁdem
2188 619 2481 671 renuntiet.
2525 640 2543 670 ι

1994 708 2128 762 Eum
2162 710 2256 780 qui
2285 709 2526 762 divinam
2560 713 2673 765 adit
2702 712 3180 780 illuminationcm,
3207 724 3264 769 ιιι
3284 726 3339 772 et
3362 734 3466 786 qua
3487 750 3501 758 -

1921 798 2260 870 dragesimus
2288 809 2479 858 sextus
2507 804 2698 873 synodi
2741 803 3097 859 Laodicensis
3157 824 3335 862 canon
3383 821 3499 863 sta-

1923 899 2054 957 tuit,
2092 896 2252 949 ﬁdem
2292 907 2508 966 oportet
2543 898 2777 964 discere,
2808 911 2861 954 et
2894 901 3085 971 quinta
3120 903 3497 962 hebdomadis.

1920 1001 2031 1056 qua
2061 987 2455 1041 illuminandus
2475 997 2582 1052 est,
2608 987 2766 1054 feria,
2803 1007 2922 1045 eam
2954 991 3212 1061 episcopo
3243 1004 3335 1047 aut
3379 1010 3500 1064 prc-

1926 1081 2161 1151 shyteris
2190 1082 2529 1137 renuntiare.

2455 1269 2680 1324 CANON
2713 1269 2954 1323 LXXlX.

1929 1378 1947 1409 ι
2003 1361 2226 1430 Absque
2289 1365 2576 1431 puerperio
2619 1366 2820 1417 editmn
2870 1381 2934 1418 ex
2982 1363 3202 1432 Virgine
3248 1368 3500 1420 divinum

2005 1475 2022 1506 ι
2068 1465 2282 1526 partum
2334 1473 2455 1511 esse
2501 1458 2865 1522 conﬁtentes,
2915 1471 2971 1511 ιιι
3016 1462 3109 1529 qui
3145 1459 3262 1514 sine
3293 1462 3506 1514 semine

2005 1569 2022 1600 ι
2069 1549 2406 1605 constitutus
2439 1551 2530 1611 sit,
2566 1550 2732 1620 idque
2766 1553 2858 1604 toti
2888 1555 3033 1621 gregi
3061 1554 3456 1607 annnntiantes
3488 1596 3502 1616 ,

2003 1661 2022 1693 ι
2067 1658 2164 1697 eos
2199 1644 2292 1712 qui
2327 1659 2394 1696 ex
2430 1643 2739 1712 ignorantia
2781 1634 2986 1718 iaciunt
3015 1647 3295 1714 quodnon
3326 1646 3505 1710 decet,

2000 1755 2019 1786 c
2067 1739 2396 1792 correctioni
2457 1739 2802 1807 subiicimus.
2858 1739 3059 1823 Quaty,
3089 1739 3347 1809 quoniam
3402 1740 3508 1793 ali-

2011 1852 2029 1884 ι
2076 1846 2218 1900 quos
2247 1839 2369 1900 post
2405 1841 2604 1886 sancta:
2625 1831 2831 1888 Christi
2868 1831 2959 1887 Dei
2992 1835 3164 1888 nostri
3199 1833 3506 1888 nativitatis

2003 1944 2021 1976 ι
2071 1924 2213 1979 diem
2247 1925 2482 1978 similam
2516 1907 2755 1994 coquere
2783 1936 3125 1995 compertum
3160 1935 3263 1990 est,
3298 1935 3352 1980 et
3383 1943 3501 1980 cam

2000 2035 2020 2067 ε
2069 2017 2172 2070 sibi
2207 2017 2438 2071 invicem
2478 2017 2744 2087 impartiri
2773 2060 2787 2082 ,
2837 2018 3062 2072 honoris
3118 2018 3332 2071 scilicet
3373 2034 3508 2086 pne-

2010 2133 2028 2164 ι
2077 2121 2226 2167 textu
2279 2112 2552 2181 puerperii
2615 2111 2913 2180 impolluta:
2977 2110 3211 2180 Virginis
3268 2110 3508 2177 Matris;

2004 2227 2023 2259 ι
2071 2205 2388 2269 statuimus,
2415 2214 2473 2257 ut
2505 2204 2766 2272 deinceps
2797 2204 2932 2258 nihil
2975 2205 3079 2258 tale
3111 2206 3200 2257 liat
3249 2221 3276 2256 a
3331 2204 3508 2259 ﬁdeli-

2004 2320 2022 2352 ι
2070 2300 2195 2355 bus.
2227 2299 2412 2366 Neque
2453 2298 2598 2352 enim
2639 2299 2745 2352 hoc
2773 2299 2949 2352 honor
2988 2309 3071 2352 est
3097 2299 3344 2369 Virgini,
3389 2318 3511 2370 qua:

2005 2411 2023 2445 ι
2073 2407 2239 2461 supra
2277 2402 2515 2445 ιιιοηιθιῐι
2547 2400 2598 2442 ΘΙ.
2655 2406 3006 2457 sermonem,
3064 2393 3208 2463 qthd
3256 2412 3513 2466 compre-

2005 2504 2024 2538 ι
2075 2484 2237 2540 hendi
2271 2501 2378 2539 non
2412 2493 2616 2554 potest,
2648 2482 2886 2540 Verbum
2937 2489 3148 2555 peperit
3203 2507 3369 2544 carne
3393 2533 3408 2557 ,
3441 2508 3508 2548 ex

2004 2601 2023 2634 ι
2076 2578 2485 2641 communibus,
2521 2587 2577 2631 et
2611 2578 2680 2631 iis
2720 2578 2920 2647 quain
2972 2581 3130 2636 nobis
3171 2581 3305 2637 ﬁunt
3343 2629 3355 2648 ,
3396 2587 3513 2640 ine-

2007 2690 2025 2724 ι
2075 2671 2406 2724 narrabilcm
2435 2670 2559 2737 ejus
2599 2682 2811 2738 partum
2832 2671 3061 2725 delinire
3091 2690 3154 2728 ac
3176 2676 3508 2732 describere.

2007 2784 2026 2818 ι
2071 2763 2127 2818 Si
2164 2766 2291 2834 quis
2335 2781 2467 2835 ergo
2508 2765 2766 2834 deinceps
2821 2766 2923 2820 hoc
2986 2768 3162 2820 lacere
3219 2785 3514 2838 aggressus

2011 2880 2030 2912 ι
2079 2861 2262 2926 fuerit,
2300 2861 2346 2916 si
2380 2863 2451 2917 sit
2493 2862 2715 2929 quidem
2746 2861 2985 2917 clericus
3013 2905 3027 2926 ,
3057 2863 3364 2933 deponatur
3394 2884 3410 2920 :
3466 2869 3514 2922 si

2007 2971 2026 3034 ς
2077 2969 2204 3007 vero
2233 2954 2427 3018 laicus,
2474 2961 2811 3034 δεδι-θερέω.
3062 2941 3070 2954 ’

1995 3027 2198 3100 ἨΑΕΞ.
2234 3047 2367 3099 Cum
2416 3027 2812 3100 intellexissent
2860 3048 3040 3102 sancti
3089 3049 3319 3116 Patres,
3366 3055 3514 3123 quod

1932 3141 2153 3208 quidam
2179 3148 2402 3207 propter
2430 3140 2693 3193 honorem
2720 3138 3023 3210 impolluta;
3042 3141 3285 3200 Domina:
3312 3158 3516 3202 nostra;

238 3233 565 3302 ἑορτάζουσι
612 3235 752 3302 μετὰ
811 3236 943 3304 μίαν
994 3234 1214 3305 ἡμέραν
1249 3240 1348 3304 τῆς
1397 3237 1703 3306 γεννήσεως
1731 3237 1824 3290 τοῦ

1939 3243 1990 3287 et
2021 3233 2286 3302 Deiparae,
2315 3240 2437 3301 post
2470 3247 2640 3285 unum
2671 3231 2814 3285 diem
2851 3234 3050 3289 natalis
3087 3235 3176 3290 Dei
3211 3246 3265 3291 et
3317 3238 3514 3294 Serra-

238 3325 380 3378 Θεοῦ
421 3327 514 3378 καὶ
545 3326 797 3396 Σωτῆρος
845 3327 1006 3397 ἡμῶν
1054 3328 1230 3398 Ἰησοῦ
1277 3330 1517 3400 Χριστοῦ
1550 3331 1619 3384 τὰ
1646 3331 1828 3384 ἐπιλό-

241 3433 370 3486 χεια
395 3415 602 3485 ταύτης
651 3417 791 3486 μετὰ
827 3418 1163 3487 σεμιδάλεως
1217 3418 1426 3488 ὲψητῆς
1476 3419 1571 3472 καὶ
1625 3420 1831 3490 ἑτέρων

241 3509 412 3560 τινῶν
461 3509 638 3573 εἱδῶν,
689 3509 895 3582 ὥρισαν
945 3511 1144 3582 μηκέτι
1185 3512 1348 3566 τοῦτο
1382 3513 1634 3581 γίνεσθαι
1681 3518 1833 3586 παρὰ

241 3603 357 3654 τῶν
383 3603 746 3674 Χριστιανῶν.
780 3606 884 3657 Τὸν
913 3605 1020 3676 γὰρ
1067 3605 1246 3670 τόκον,
1296 3613 1455 3674 φασὶ,
1488 3609 1586 3677 τῆς
1611 3609 1831 3679 Θεομή-

242 3713 404 3765 τορος
457 3696 829 3764 ὁμολογοῦμεν
892 3698 966 3768 μὴ
1025 3699 1271 3752 τοιοῦτον
1317 3700 1597 3767 γενέσθαι,
1649 3701 1832 3765 καθὼς

244 3789 400 3858 παρὰ
451 3789 560 3840 τῶν
599 3789 801 3842 λοιπῶν
824 3790 1106 3858 γυναικῶν
1154 3792 1383 3859 γίνεται,
1421 3793 1556 3846 ἀλλὰ
1611 3795 1834 3864 ἀλόχευ-

243 3896 376 3933 τονο
414 3879 495 3933 ὅτι
545 3883 638 3934 καὶ
680 3881 712 3951 ἡ
763 3880 1028 3952 σύλληψις
1056 3883 1198 3953 ὑπὲρ
1248 3865 1410 3950 ἐρύσιν
1446 3887 1541 3938 καὶ
1566 3888 1628 3938 ἐκ
1659 3887 1851 3938 [1νεύ-·

245 3991 420 4044 ματος
469 3973 627 4040 ἁγίου
677 3975 917 4042 ἐγένετο.
950 3976 1030 4046 Τῇ
1082 3974 1215 4044 γοῦν
1247 3977 1322 4047 μὴ
1366 3977 1570 4048 γνούσῃ
1609 3979 1829 4048 λοχείιίν

245 4066 368 4130 πῶς
416 4069 578 4139 ἡμεῖς
653 4070 722 4120 τὰ
769 4067 880 4120 τῶν
926 4067 1306 4138 λοχευομένων
1367 4070 1826 4141 διαπραξόμεθας

244 4162 416 4214 Ὅθεν
440 4161 538 4214 οὐκ
569 4161 685 4215 ἐστι
711 4161 873 4216 τοῦτο
901 4161 1038 4233 τιμὴ
1070 4163 1168 4236 τῆς
1194 4163 1359 4231 ἁγίας
1395 4163 1698 4232 Παρθένου,
1730 4167 1830 4235 τῆς

241 4252 390 4321 ὑπὲρ
421 4251 545 4304 νοῦν
569 4253 664 4306 καὶ
687 4251 845 4321 λόγον
869 4251 1140 4322 τεκούσης
1170 4253 1262 4303 τὸν
1293 4250 1429 4304 Θεὸν
1461 4253 1634 4318 Λόγον
1664 4253 1832 4320 σαρκὶ

241 4344 379 4398 ἄνευ
416 4344 620 4398 ὠδίνων
657 4344 962 4416 μητρικῶν.
993 4343 1311 4397 Κάντεῦθεν
1336 4344 1399 4396 οὺ
1434 4345 1539 4413 χρὴ
1587 4348 1654 4396 τὰ
1689 4346 1833 4415 ὑπὲρ

247 4436 421 4506 φύσιν
486 4438 898 4502 συνεξισοῦσθαι
959 4441 1073 4501 τοῖς
1135 4438 1278 4491 κατά
1339 4440 1525 4507 φύσιν,
1576 4442 1670 4492 καὶ
1721 4434 1834 4492 οἷον

242 4528 562 4583 κοινοῦσθαι
617 4530 813 4594 ταῦτα,
842 4531 937 4583 καὶ
988 4531 1052 4584 ἐκ
1091 4530 1204 4583 τῶν
1249 4531 1370 4584 καθ’
1413 4532 1560 4601 ἡμᾶς
1610 4531 1830 4598 γεωδῶν

1936 3329 2075 3380 toris
2103 3327 2275 3380 nostri
2304 3322 2434 3378 Iesu
2459 3323 2686 3387 Christi,
2716 3323 2835 3392 ejus
2861 3330 3209 3396 puerperium
3236 3330 3518 3386 celebrant

1933 3432 2057 3471 cum
2091 3426 2248 3471 cocta
2294 3416 2475 3472 simila
2528 3427 2581 3471 et
2632 3417 2964 3487 quibusdam
3025 3421 3147 3477 aliis
3188 3425 3511 3492 speciebus;

1937 3514 2249 3562 statuerunt
2284 3507 2386 3560 hoc
2415 3522 2445 3560 a
2470 3505 2802 3562 Christianis
2833 3525 2940 3562 non
2972 3526 3097 3565 esse
3150 3513 3383 3580 amplius
3431 3515 3513 3569 fa-

1934 3601 2209 3654 ciendum.
2247 3600 2336 3654 Dei
2370 3599 2557 3660 Matris
2596 3599 2740 3654 enim
2773 3612 3006 3670 partum,
3045 3603 3320 3672 inquiunt,
3348 3607 3514 3661 talem

1937 3708 2044 3745 non
2079 3691 2248 3746 fuisse
2276 3692 2613 3760 proﬁtemur,
2647 3694 3106 3761 quemadmodum
3139 3713 3168 3750 a
3203 3699 3427 3766 reliquis
3452 3701 3512 3752 lit

1937 3782 2286 3846 mulieribus,
2329 3784 2424 3836 sed
2460 3785 2665 3854 absque
2705 3785 2992 3852 puerperio
3035 3802 3048 3838 ι
3081 3787 3340 3853 quoniam
3383 3802 3514 3841 ccu-

1934 3878 2112 3945 ct-ptio
2145 3886 2200 3932 et
2234 3891 2403 3946 supra
2434 3886 2686 3929 naturam
2711 3885 2765 3929 et
2795 3891 2860 3930 ex
2890 3889 3085 3931 saneto
3113 3875 3320 3945 Spiritu
3370 3879 3514 3932 facta

1937 3979 2042 4023 est.
2075 3969 2135 4022 Ei
2170 3985 2323 4040 ergo,
2352 3985 2474 4038 qua:
2505 3969 2852 4039 puerperium
2895 3985 2998 4022 non
3036 3971 3207 4035 novit,
3240 3974 3514 4038 quomodo

1938 4077 2038 4115 nos
2063 4076 2126 4114 ea
2159 4076 2278 4128 quae
2305 4061 2371 4114 ad
2423 4076 2724 4131 puerperas
2783 4062 3060 4129 pertinent
3104 4065 3517 4132 peregerimns?

1937 4157 2115 4221 Quare
2160 4170 2268 4208 non
2310 4166 2394 4208 est
2443 4155 2546 4208 hoc
2586 4156 2762 4209 honor
2807 4165 3015 4210 sancta:
3069 4155 3343 4225 Virginis,
3395 4174 3518 4226 qua:

1939 4262 2101 4316 supra
2141 4256 2376 4301 mentem
2417 4256 2471 4299 et
2515 4261 2820 4328 sermonem
2859 4248 3025 4302 Deum
3077 4246 3314 4302 Verbum
3356 4266 3517 4318 pepe-

1941 4341 2009 4394 rit
2043 4355 2230 4404 carne,
2265 4341 2473 4408 absque
2503 4340 2628 4395 ullis
2654 4341 2916 4394 maternis
2954 4342 3006 4393 in
3029 4350 3184 4408 partu
3216 4343 3514 4398 doloribus.

1937 4433 2205 4498 Quocirca
2238 4448 2347 4487 non
2377 4442 2593 4502 oportet
2621 4449 2704 4497 ea,
2746 4449 2868 4503 qua:
2892 4442 3022 4487 sunt
3054 4450 3216 4503 supra
3242 4444 3517 4498 naturam,

1941 4529 2030 4591 iis,
2062 4543 2185 4596 qua:
2216 4535 2343 4580 sunt
2373 4527 2679 4581 secundum
2721 4538 2996 4587 naturam,
3036 4544 3345 4597 exaequare,
3377 4537 3426 4582 et
3451 4544 3517 4582 ea

245 4621 693 4690 ὑπογράφεσθαι.
726 4622 921 4674 Τοίνυν
950 4622 1044 4674 καὶ
1074 4621 1413 4692 διορίζονται
1455 4622 1548 4673 τὸν
1585 4621 1831 4674 τοιοῦτόν

1939 4622 2102 4676 veluti
2131 4621 2445 4674 communia
2483 4621 2734 4684 reddere,
2767 4638 2828 4674 ex
2862 4621 3174 4691 nostrisque
3231 4624 3517 4675 terrestri-

243 4733 307 4768 τι
356 4718 684 4783 ποιήσαντα,
733 4716 999 4787 κληρικὸν
1058 4717 1158 4788 μὲν
1210 4715 1364 4779 ὄντα,
1426 4716 1831 4783 καθαιρεῖσθαι,

245 4809 442 4862 λαῖκὸν
479 4807 560 4869 δὲ.
589 4809 978 4880 ἀφορίζεσθαι.
1015 4811 1115 4864 Διά
1141 4827 1224 4862 τοι
1260 4809 1420 4863 τοῦτο
1469 4809 1561 4862 καὶ
1590 4809 1831 4885 Χριστοῦ

247 4907 435 4974 χάριτι
464 4903 601 4966 τέως
630 4905 708 4966 εἰς
738 4902 948 4972 ταύτην
978 4901 1076 4974 τὴν
1114 4902 1225 4956 τῶν
1267 4901 1478 4955 πόλεων
1508 4902 1828 4972 βασιλεύου-

247 5012 356 5047 σαν
412 4993 568 5045 οὑδέν
616 5011 670 5044 τι
719 4993 988 5063 τολμίται
1038 4990 1285 5044 τοιοῦτον
1311 4992 1463 5061 παρά
1500 5009 1663 5054 τινος,
1698 4991 1835 5045 ἀλλὰ
1861 5033 1876 5042 .

252 5086 394 5156 μετὰ
429 5087 526 5156 τὴν
571 5086 814 5157 ἄρρητον
848 5085 1103 5155 γέννησιν
1151 5083 1247 5136 τοῦ
1278 5083 1518 5154 Χριστοῦ
1559 5084 1653 5137 καὶ
1699 5083 1836 5136 Θεοῦ

248 5179 413 5250 ἡμῶν
439 5179 691 5248 ἑορτάζει
720 5178 781 5230 τὸ
813 5179 1090 5248 πλήρωμα
1138 5178 1248 5229 τῶν
1296 5177 1506 5229 πιστῶν
1539 5180 1605 5228 τὰ
1640 5177 1833 5228 ἐπιλόο

245 5291 377 5344 χειά
407 5274 507 5344 τῆς
556 5274 863 5345 ύπεραγίας
897 5274 1164 5327 Θεοτὸκου
1199 5273 1287 5327 διὰ
1331 5273 1490 5326 θείων
1535 5273 1838 5342 ψαλμῳδη-

254 5370 445 5440 μάτων
479 5369 574 5420 καὶ
605 5368 880 5438 ὑμνῳδίας
909 5367 1408 5438 ἐκκλησιαστικῆς.

328 5461 570 5514 ΖΩΝΑΡ.
627 5459 808 5522 Τινὲς,
858 5459 1145 5522 δοκοῦντες
1196 5461 1277 5518 είς
1329 5461 1496 5530 τιμὴν
1531 5461 1630 5530 τῆς
1679 5458 1840 5525 ἁγίας

255 5555 540 5625 Παρθένου
571 5554 665 5606 καὶ
692 5547 1035 5624 Θεομήτορος
1071 5557 1246 5606 ποιεῖν
1279 5571 1354 5617 τι,
1391 5556 1456 5624 τῇ
1491 5543 1619 5621 ἑξῆς
1653 5553 1841 5624 ἡμέρᾳ

255 5648 398 5718 μετα
427 5649 527 5716 τὴν
556 5646 750 5717 ἑορτὴν
781 5647 882 5715 τῆς
920 5646 1083 5714 ἁγίας
1126 5647 1438 5716 γεννήσεως
1466 5645 1562 5698 τοῦ
1597 5646 1835 5714 Χριστοῦ

253 5743 474 5797 ἐποίουν
515 5743 658 5804 τινα,
704 5739 792 5794 οἶα
848 5743 977 5796 ὲπὶ-
1007 5744 1122 5806 ταῖς
1163 5743 1548 5812 λοχευομέναις
1592 5741 1835 5808 γίνονται

253 5835 492 5903 γυναιξί.
530 5833 720 5888 Ταῦτα
752 5833 845 5887 οὖν
889 5835 1088 5887 κωλύει
1139 5835 1386 5902 γίνεσθαι
1420 5835 1447 5887 ὀ
1488 5832 1681 5903 παρὼν
1735 5851 1838 5886 κα-

1942 4715 2045 4770 bus
2071 4715 2384 4768 describere
2413 4724 2468 4768 et
2498 4715 2699 4770 metiri.
2735 4714 2990 4769 Statuunt
3015 4730 3148 4785 ergo
3175 4757 3190 4782 ,
3220 4723 3280 4768 ut
3311 4717 3404 4785 qui
3437 4727 3522 4770 est.

1939 4807 2042 4862 hoc
2077 4806 2342 4871 facturus,
2382 4808 2426 4861 si
2459 4808 2528 4861 sit
2555 4807 2778 4877 quidem
2830 4808 3070 4862 clericus
3093 4849 3108 4873 ,
3162 4809 3516 4878 deponatur;

1940 4902 2024 4955 sin
2050 4915 2181 4955 vero
2213 4900 2410 4966 laicus,
2445 4910 2784 4970 segregetur.
2820 4900 2971 4955 Hanc
2997 4917 3125 4970 ergo
3159 4902 3229 4955 ob
3253 4917 3476 4958 caus-am
3504 4942 3520 4964 ,

1939 4991 2148 5048 Christi
2181 4990 2275 5045 Dei
2313 4995 2511 5060 gratia.
2544 4992 2598 5046 in
2628 4994 2729 5047 hac
2764 4994 2980 5047 urbium
3006 4995 3194 5062 regina
3227 5009 3388 5063 nemo
3416 4995 3522 5048 tale

1941 5088 2220 5157 quidpiam
2248 5086 2410 5141 audet
2443 5087 2623 5142 facere
2654 5104 2667 5139 :
2708 5087 2798 5141 sed
2835 5096 2957 5156 post
3007 5086 3331 5141 ineﬂ‘abilem
3367 5084 3528 5140 Chri-

1944 5181 2012 5234 sti
2057 5181 2148 5234 Dei
2184 5181 2352 5233 nostri
2383 5181 2750 5240 nativitatem,
2785 5180 3026 5234 ﬁdelium
3057 5187 3235 5234 coetus
3285 5181 3525 5234 sanctis-

1943 5275 2095 5326 simae
2125 5273 2368 5343 Dciparze
2397 5272 2594 5325 festum
2643 5274 2883 5327 celebrat
2924 5272 3129 5327 divinis
3156 5273 3391 5327 canticis
3424 5273 3521 5343 hy-

1945 5366 2198 5433 mnisquc
2227 5357 2638 5419 ecclesiasticis.

2015 5457 2268 5511 ZONAR.
2305 5458 2590 5520 Nonnulli,
2626 5475 2685 5513 sc
2724 5460 2864 5512 ineo
2906 5474 3120 5528 semper
3174 5457 3411 5527 Virginis
3464 5477 3527 5515 ac

1947 5551 2040 5604 Dei
2079 5551 2264 5606 Matris
2300 5551 2498 5603 honori
2533 5551 2735 5619 aliquid
2768 5528 2978 5623 deferre
3010 5550 3385 5604 existimantes
3416 5552 3526 5609 die.

1945 5643 2037 5710 qui
2082 5653 2328 5696 sanctam
2364 5642 2573 5696 Christi
2605 5644 2807 5696 natalis
2871 5642 3222 5696 festivitatem
3281 5649 3530 5708 proxime

1945 5734 2328 5803 consequitur,
2370 5736 2616 5804 quaedam
2650 5734 2834 5788 facere
2870 5734 3015 5787 soliti
3045 5741 3194 5796 sunt,
3221 5748 3284 5784 ex
3320 5733 3386 5786 iis
3409 5748 3530 5800 qua:

1948 5830 2003 5896 in
2038 5830 2267 5882 aliarum
2299 5843 2516 5896 quoque
2549 5828 2835 5879 mulierum
2864 5826 3154 5895 puerperio
3185 5826 3265 5895 agi
3295 5841 3524 5879 consue-

258 5926 388 5991 νῶν,
419 5925 712 5994 ἀλόχευτον
774 5922 912 5980 εἶναι
957 5927 1130 5994 λέγων
1175 5927 1265 5981 τὸν
1317 5926 1476 5981 τόκον
1525 5927 1623 5992 τῆς
1677 5926 1834 5993 ἁγίας

1939 5889 2092 5979 ﬂrere.
2144 5923 2248 5977 Eas
2300 5937 2388 5977 res
2441 5922 2603 5993 igitur
2653 5920 2736 5976 hic
2784 5936 2961 5975 canon
3011 5920 3284 5988 prohibet,
3332 5930 3521 5973 sanch
