4218 6458
738 392 847 460 783

1995 400 2095 460 ΤΗ
2104 398 2272 461 EOD.
2313 402 2549 464 BALSA
2558 404 2719 467 MON

3889 420 4001 485 784

745 510 986 583 Virginis
1030 518 1246 579 partum
1285 508 1491 578 absque
1548 506 1657 561 ullo
1704 510 1995 578 puerperio
2050 511 2218 565 fuisse
2236 508 2304 563 di-

2364 537 2388 586 λ
2421 513 2715 583 Παρθένου.
2754 516 2953 585 Λοχεία
3000 518 3047 570 δ’
3091 521 3300 590 ἐστὶνὴ
3333 523 3455 593 μέτ’
3489 523 3700 579 ὠδίνων
3733 528 3831 581 τοῦ
3866 532 4002 599 βρὲο

740 623 894 663 cens.
924 606 1017 658 Est
1050 619 1179 656 vero
1229 604 1575 671 puerperium
1625 602 1849 656 emissio
1914 601 2075 654 fimus
2100 642 2114 665 ,
2151 616 2311 671 quam

740 701 943 755 doloris
973 714 1169 752 sensus
1193 711 1258 750 ac
1276 695 1598 766 proﬂuvium
1627 693 1912 761 sanguinis
1935 694 2269 746 comitantur
2296 708 2309 744 :

737 793 939 863 quibus
968 792 1186 861 quidem
1223 792 1381 843 malis
1427 789 1737 841 nullatenus
1792 786 2087 839 obnoxiam
2138 784 2311 840 luisse

737 887 1021 954 liciparam
1061 883 1362 937 credimus.
1397 879 1594 933 Partus
1628 878 1830 932 etenim
1871 877 2150 931 naturales
2202 878 2307 931 ista

732 985 1154 1046 consequuntur
1182 993 1196 1037 ;
1231 974 1351 1041 ejus
1388 990 1516 1027 vero
1546 971 1837 1040 conceptio
1868 970 1968 1023 fuit
2000 983 2166 1037 supra
2207 983 2302 1022 na-

732 1085 933 1133 turam,
966 1086 1089 1123 nam
1127 1084 1154 1121 a
1190 1067 1393 1136 Spiritu
1431 1076 1623 1121 sancto
1651 1063 1840 1117 ell‘ecta
1870 1074 1947 1117 est
1979 1079 1993 1124 ;
2030 1060 2303 1130 ejusdem-

729 1181 835 1233 quc
875 1176 1063 1232 partus
1098 1174 1438 1229 nequaquam
1471 1158 1560 1219 iis,
1601 1171 1721 1225 quae
1753 1166 1965 1225 partum
1996 1152 2296 1206 naturalem

730 1258 949 1327 proprie
980 1263 1416 1320 consequuntur,
1474 1250 1744 1303 obnoxius
1783 1248 1905 1302 l'uit.
1953 1245 2084 1312 Qua:
2137 1244 2301 1314 igitur

729 1352 1074 1418 puerperium
1112 1363 1216 1400 non
1252 1344 1494 1413 agnovit,
1539 1342 1667 1413 quid
1696 1355 1796 1395 nos
1820 1340 1867 1393 ei
1905 1355 2024 1409 quae
2070 1352 2301 1408 puerpe-

726 1456 909 1495 rarum
944 1448 1073 1493 sunt
1102 1436 1517 1492 exhibebimus?
1546 1435 1637 1489 Est
1670 1433 1719 1487 id
1754 1433 1971 1504 quidem
2004 1447 2298 1487 sacrosan-

725 1542 824 1585 cue
860 1529 1066 1599 Virgini
1099 1528 1559 1582 contumeliosum
1592 1524 1755 1595 250
1786 1528 1965 1594 potius
2009 1538 2169 1593 quam
2199 1522 2296 1575 ho-

722 1624 1033 1685 noriﬁcum,
1069 1638 1259 1673 eorum
1310 1619 1515 1688 aliquid
1585 1619 1635 1670 in
1685 1619 1804 1685 ejus
1851 1616 2053 1668 eximio
2092 1624 2249 1683 partu
2278 1654 2293 1676 ,

2417 621 2552 671 φους
2575 605 2851 672 ἀπότεξις,
2884 612 2976 660 καὶ
3008 612 3040 681 ἡ
3068 612 3178 665 τῶν
3208 615 3455 682 αἱμάτων
3482 618 3779 683 ἀκόλουθος
3813 624 3995 692 ῥύσις·

2412 684 2486 743 ὧν
2528 693 2603 764 μὴ
2633 696 2961 765 πειραθῆναι
3001 699 3099 769 τὴν
3129 704 3393 756 Θεοτόκον
3414 707 3773 777 πιστεύομεν.
3801 712 3998 767 Ταῦτα

2411 783 2521 854 γὰρ
2579 788 2697 848 ταῖς
2752 788 2997 854 φυσικῶς
3034 790 3433 859 συλλαϐούσαις
3482 806 3874 869 παρομαρτεῖ·
3932 810 3999 875 τῇ

2408 876 2467 930 δὲ
2522 876 2662 947 ὑπὲρ
2717 880 2880 947 φύσιν
2941 883 2974 951 ἡ
3034 882 3333 956 σύλληψις·
3383 890 3447 941 ἐκ
3506 892 3614 962 γὰρ
3667 896 3999 965 Πνεύματος

2410 968 2568 1032 ἁγίου
2601 971 2842 1039 ἐγένετο,
2874 977 2974 1027 καὶ
3008 977 3035 1028 ὀ
3062 977 3218 1041 τόκος
3262 981 3372 1034 τῶν
3400 986 3646 1052 φυσικῶν
3676 988 3997 1057 ἰδιωμάτων

2408 1059 2733 1131 ὑπέρτερος.
2759 1063 2835 1134 Τῇ
2874 1066 3003 1132 γοῦν
3042 1069 3117 1140 μὴ
3151 1071 3360 1145 γνούσῃ
3404 1074 3622 1144 λοχείαν
3667 1080 3793 1143 πῶς
3827 1082 3996 1151 ἡμεῖς

2403 1151 2473 1227 τα
2525 1153 2635 1205 τῶν
2683 1152 3058 1224 λοχευομὲνων
3121 1162 3574 1233 διαπραξόμεθας
3609 1170 3812 1240 ’Ὕϐρις
3883 1176 3993 1242 γὰρ

2402 1241 2499 1294 καὶ
2527 1243 2588 1295 οὐ
2629 1244 2762 1316 τιμὴ
2789 1246 2890 1315 τῆς
2923 1249 3236 1322 ὑπεραγίας
3266 1257 3547 1326 Παρθένου
3592 1261 3709 1313 ἐστὶ
3753 1265 3816 1314 τὸ
3845 1241 3993 1328 γίνεέ

2404 1335 2529 1387 σθαί
2564 1354 2618 1390 τι
2650 1340 2744 1391 ἐπὶ⁸
2772 1340 2855 1409 τῷ
2895 1341 3267 1417 ἁνεκφράστῳ
3295 1349 3437 1420 τόκῳ
3481 1354 3673 1422 αὐτῆς,
3726 1352 3845 1408 οἷον
3896 1358 3992 1410 ἐπὶ

2400 1426 2512 1480 τῶν
2550 1428 2729 1481 ἄλλων
2767 1431 2980 1498 γίνεται
3024 1439 3302 1503 γυναικῶν
3352 1445 3679 1499 τικτουσῶν.
3732 1448 3882 1509 Τοὺς
3929 1448 3987 1501 δέ

2397 1520 2645 1575 τοιοῦτόν
2674 1540 2727 1576 τι
2762 1524 3124 1595 πράττοντας,
3171 1529 3469 1600 κληρικοὺς
3520 1536 3617 1605 μὲν
3644 1537 3826 1603 ὄντας,
3856 1540 3989 1592 καθ-

2400 1616 2565 1679 αιρεῖ,
2598 1613 2821 1680 λαῖκοὺς
2851 1617 2928 1682 δὲ’,
2956 1619 3225 1689 ἀφορίζει.

719 1721 883 1788 quale
946 1720 996 1770 in
1055 1719 1283 1769 aliarum
1350 1715 1637 1767 mulierum
1704 1711 1899 1766 ftetura
1974 1710 2286 1779 contingit,
2326 1711 2600 1778 usurpari.
2658 1709 2761 1777 Qui
2808 1728 2938 1783 ergo
3008 1716 3113 1771 tale
3159 1718 3441 1789 quidpiam
3503 1723 3833 1789 admiserit,
3887 1728 3981 1782 de-

719 1811 989 1881 positione
1020 1807 1253 1860 clericus
1294 1825 1305 1858 :
1344 1805 1513 1858 laicus
1538 1818 1666 1856 vero
1698 1802 2069 1872 segregatione
2098 1800 2270 1853 teneri
2308 1800 2486 1869 jubet.

789 1900 1020 1957 AHIST.
1060 1919 1077 1949 ‹
1125 1899 1224 1965 Qui
1259 1906 1380 1966 post
1416 1894 1656 1963 Deiparre
1687 1892 1883 1945 festum
1940 1888 2173 1944 similam
2207 1889 2288 1941 vel

2364 1886 2613 1941 :APIXT.
2668 1907 2687 1941 ι
2757 1891 3107 1962 Ἀφορίζεται
3160 1898 3189 1950 ὁ
3250 1900 3393 1969 μετὰ
3451 1900 3551 1971 τὴν
3616 1904 3821 1975 ἑορτὴν
3879 1911 3979 1978 τῆς

719 2020 738 2053 ι
785 2000 932 2053 aliud
968 1993 1260 2065 quidlibet,
1299 1999 1516 2059 propter
1539 2003 1601 2044 ea
1631 2003 1750 2057 qua:
1780 1988 2035 2040 dicuntur
2060 1997 2291 2052 puerpe-

718 2116 736 2146 ι
782 2094 883 2155 ria,
924 2096 1213 2160 praeparat,
1245 2092 1581 2154 segregatur.
1622 2101 1640 2133 ι

785 2186 900 2237 Hoc
935 2179 1167 2249 Virgini,
1205 2192 1323 2245 qua:
1371 2190 1537 2245 supra
1592 2188 1822 2227 mentem
1869 2181 1923 2227 et
1977 2190 2284 2230 sermonem

710 2269 1275 2343 incomprehensibile
1310 2268 1515 2335 peperit
1551 2281 1714 2320 carne
1752 2264 1985 2319 Verbum
2008 2306 2023 2329 ο
2056 2283 2162 2321 ηοιι
2202 2276 2287 2322 εει

714 2372 915 2429 honor,
950 2383 1011 2419 ex
1052 2360 1439 2417 communibus
1465 2370 1517 2412 et
1553 2359 1619 2411 iis
1648 2376 1765 2426 qua}
1801 2360 1852 2411 in
1908 2359 2067 2414 nobis
2110 2370 2280 2425 sunt,

708 2458 1130 2516 inenarrabilem
1156 2456 1277 2524 ejus
1306 2463 1518 2523 partum
1561 2453 1786 2506 delinire
1838 2460 1893 2507 et
1943 2451 2278 2508 describere.

707 2554 761 2607 Si
792 2551 915 2620 quis
952 2550 1133 2616 itaque
1164 2554 1285 2614 post
1330 2553 1533 2598 sancta:
1559 2543 1759 2598 Christi
1796 2544 1906 2597 veri
1965 2543 2055 2597 Dei
2103 2543 2277 2599 nostri

703 2643 1010 2699 nativitatis
1044 2641 1184 2692 diem
1241 2639 1473 2690 similam
1519 2652 1756 2704 coquere
1802 2636 2227 2704 deprehenditur
2258 2677 2274 2702 ,

702 2753 933 2805 eamque
969 2733 1090 2786 aliis
1120 2731 1401 2795 exhibere,
1443 2728 1715 2799 puerperii
1752 2727 1963 2782 scilicet
2011 2728 2276 2781 immacu-

700 2832 826 2885 lata“:
861 2827 1094 2895 Virginis
1132 2823 1318 2877 Matris
1346 2822 1571 2876 honoris
1610 2830 1903 2889 prmtextu;
1957 2818 2003 2874 si
2057 2820 2272 2888 quidem

699 2922 930 2977 clericus
956 2927 1060 2983 est,
1098 2919 1400 2986 deponetur
1438 2931 1449 2966 :
1492 2915 1577 2966 sin
1609 2927 1740 2965 vero
1769 2912 1977 2973 laicus,
2020 2926 2273 2979 segrega-

697 3015 868 3068 bitur.
907 3010 1157 3062 Divinum
1188 3008 1329 3060 enim
1365 3021 1395 3058 e
1425 3003 1651 3074 Virgine
1677 3012 1914 3071 partum,
1952 3010 2009 3053 ut
2036 3000 2156 3055 sine
2183 3016 2273 3055 sc-

698 3103 845 3159 miue
878 3102 1232 3157 constitutum
1269 3137 1284 3161 ,
1323 3099 1443 3153 sine
1497 3096 1788 3166 puerperio
1842 3096 2045 3149 editum
2098 3093 2271 3149 conti-

696 3209 898 3254 tcﬂnur.

1218 3283 1447 3340 CANON
1484 3282 1695 3338 LXXX.

697 3401 717 3435 ι
756 3382 812 3435 Si
846 3380 967 3449 quis
1001 3378 1400 3448 episcopus,vel
1434 3378 1735 3446 presbyter,
1760 3376 1844 3430 vel
1864 3376 2149 3443 diaconus,
2184 3380 2265 3436 vel

770 3494 789 3525 ι
831 3488 1018 3526 eorum
1052 3472 1140 3539 qui
1182 3472 1231 3521 in
1265 3471 1412 3521 clero
1446 3478 1838 3523 enumerantur
1862 3509 1876 3532 ,
1920 3470 2004 3523 vel
2056 3470 2264 3538 laicus,

768 3586 786 3617 ι
832 3567 1033 3619 tiu-llam
1070 3563 1369 3627 graviorem
1406 3562 1604 3615 habeat
1637 3562 2016 3616 necessitatem
2054 3564 2137 3617 vel
2166 3580 2265 3619 ne-

759 3678 778 3711 c
827 3660 1031 3728 gotium
1070 3657 1308 3718 dillirile,
1351 3662 1407 3707 ut
1447 3671 1473 3706 a
1511 3669 1609 3709 sua
1636 3654 1869 3707 ecclesia
1901 3654 2041 3709 absit
2070 3656 2265 3712 diutis-

765 3771 783 3803 ι
827 3753 985 3812 sime,
1019 3750 1112 3803 sed
1153 3749 1203 3799 in
1234 3748 1451 3800 civitate
1485 3763 1691 3815 agens,
1739 3748 1914 3801 tribus
1942 3747 2132 3802 diebus
2159 3747 2262 3801 Do-

760 3864 779 3898 ι
820 3844 1033 3897 minicis
1071 3844 1121 3894 in
1161 3842 1338 3895 tribus
1369 3840 1687 3908 septimanis
1738 3855 1845 3893 una
1899 3856 2009 3893 non
2060 3856 2259 3895 conve-

757 3959 776 3991 ι
816 3938 967 3998 niat,
1004 3938 1047 3988 si
1097 3935 1168 3987 sit
1200 3932 1424 4001 quidem
1457 3932 1699 3987 clericus
1723 3970 1739 3995 ,
1770 3931 2078 3999 deponatur
2116 3949 2130 3986 :
2171 3936 2254 3989 sin
2340 3933 2356 3948 '

757 4050 775 4080 ι
817 4043 947 4081 vero
984 4026 1175 4087 laicus,
1213 4022 1600 4077 communione
1632 4033 1932 4076 moveatur.
1970 4041 1989 4073 ι

750 4120 949 4174 BALS.
984 4117 1086 4169 Alii
1128 4116 1349 4184 quidem
1398 4114 1600 4167 diversi
1644 4128 1883 4167 canones
1938 4114 2043 4168 alio
2094 4113 2254 4169 modo

676 4215 912 4286 puniunt
946 4212 1232 4278 episcopos
1264 4217 1318 4262 et
1353 4207 1581 4261 clericos
1613 4245 1629 4271 ,
1686 4206 1779 4274 qui
1846 4207 2163 4275 aliquandiu
2219 4223 2248 4260 a

670 4308 795 4363 suis
823 4303 1070 4358 ecclesiis
1106 4315 1334 4372 peregre
1389 4299 1609 4352 absunt.
1644 4295 1893 4351 Praesens
1941 4305 2119 4351 autem
2160 4314 2252 4352 ca-

674 4412 784 4450 nun
825 4408 932 4447 non
976 4392 1152 4445 solum
1192 4390 1485 4458 episcopos
1512 4396 1568 4440 et
1615 4386 1844 4441 clericos
1869 4428 1884 4452 ,
1939 4387 2033 4441 sed
2081 4388 2245 4443 etiam

673 4488 863 4548 laicos,
901 4483 1051 4552 quia
1078 4482 1193 4536 suis
1233 4480 1549 4544 regionibus
1589 4478 1641 4533 in
1674 4479 1854 4533 alieno
1879 4481 1999 4533 solo
2047 4478 2246 4551 degen-

2468 2001 2489 2035 ‹
2535 1985 2826 2051 Θεοτόκου,
2858 1990 3143 2059 σεμίδαλιν
3184 1992 3216 2063 ἢ
3254 1994 3383 2048 ἄλλο
3425 2014 3478 2049 τι
3511 2002 3976 2068 κατασκευάζων,

2466 2093 2486 2126 ι
2533 2076 2621 2130 διὰ
2652 2079 2721 2130 τὰ
2747 2079 3019 2150 λεγόμενα
3059 2085 3362 2154 ἐπιλὸχεια.
3410 2106 3428 2139 ι

2472 2169 2585 2222 Οὐκ
2609 2170 2724 2223 ἔστι
2755 2172 2913 2225 τοῦτο
2963 2176 3097 2246 τιμὴ
3127 2180 3192 2249 τῇ
3239 2180 3521 2251 Παρθένῳ,
3552 2186 3618 2254 τῇ
3659 2184 3803 2255 ὑπὲρ
3843 2186 3970 2240 νοῦν

2385 2264 2480 2317 καὶ
2515 2262 2674 2331 λόγον
2722 2266 2813 2317 τὸν
2862 2267 3147 2339 ἀχώρητον
3190 2271 3427 2344 τεκούσῃ
3462 2275 3637 2343 Λόγον
3681 2278 3874 2348 σαρκὶ,
3905 2279 3970 2331 ἐκ

2382 2357 2490 2410 τῶν
2519 2357 2717 2410 κοινῶν
2744 2375 2804 2411 τε
2836 2360 2932 2412 καὶ
2967 2362 3091 2414 καθ’
3116 2365 3264 2433 ἡμᾶς
3291 2367 3357 2418 τὰ
3389 2369 3531 2421 κατὰ
3556 2369 3649 2421 τὸν
3678 2370 3972 2440 ἄφραστον

2380 2449 2551 2519 αὐτῆς
2576 2450 2736 2504 τόκον
2776 2451 2980 2521 ὁρίζειν
3022 2458 3117 2509 καὶ
3163 2459 3532 2529 ὑπογράφειν.
3564 2463 3664 2515 Διὰ
3692 2464 3879 2523 τοῦτο.
3919 2466 3976 2519 εῐ

2379 2557 2461 2603 τις
2494 2544 2635 2609 μετὰ
2684 2545 2781 2615 τὴν
2832 2547 3049 2618 ἡμέραν
3094 2551 3192 2619 τῆς
3223 2552 3384 2619 ἁγίας
3412 2554 3651 2625 Χριστοῦ
3699 2557 3798 2608 τοῦ
3830 2557 3968 2628 ἀλη-

2378 2633 2529 2688 θινοῦ
2561 2637 2698 2690 Θεοῦ
2732 2641 2890 2711 ἡμῶν
2936 2643 3246 2710 γεννήσεως
3300 2647 3581 2716 σεμίδαλιν
3636 2650 3967 2719 εὑρίσκεται

2376 2723 2542 2791 ἕψων,
2591 2729 2684 2781 καὶ
2744 2730 2955 2800 ταύτην
2997 2735 3256 2804 παρέχων
3302 2738 3415 2790 τισὶ
3465 2742 3742 2808 προφάσει
3792 2744 3966 2813 τιμῆς

2375 2815 2534 2885 δῆθεν
2588 2819 2814 2889 λοχειῶν
2862 2824 2960 2893 τῆς
3015 2827 3287 2895 ἀχράντου
3323 2830 3815 2904 Παρθενομήτορος
3846 2851 3860 2864 ⁸
3911 2841 3963 2889 εἰ

2375 2906 2474 2974 μὲν
2516 2908 2778 2980 κληρικός
2831 2916 2973 2978 ἐστι,
3031 2915 3517 2991 καθαιρεθήσεται,
3548 2924 3599 2977 εί
3640 2926 3698 2977 δέ
3740 2926 3960 2992 λαῖκὸς,

2371 2998 2827 3070 ἀφορισθήσεται.
2894 3004 3213 3075 ’Δλόχευτον
3258 3011 3368 3079 γὰρ
3423 3013 3801 3084 ὁμολογοῦμεν
3855 3021 3955 3070 τὸν

2369 3088 2433 3142 ἐκ
2463 3091 2565 3159 τῆς
2596 3093 2875 3166 Παρθένου
2919 3097 3063 3152 θεῖον
3090 3101 3268 3167 τόκον,
3310 3104 3386 3167 ὡς
3432 3109 3526 3159 καὶ
3560 3108 3820 3181 ἀσπόρως
3853 3128 3955 3163 συ-

2370 3200 2591 3241 σταντα.

2968 3287 3211 3342 ΚΑΝΩΝ
3258 3288 3341 3346 Il'.

2373 3407 2393 3441 ι
2436 3392 2504 3445 Εἴ
2515 3410 2598 3454 τις
2618 3394 2937 3469 ἐπίσκοπος,
2955 3401 2989 3470 ἧ
3011 3403 3399 3475 πρεσϐύτερος,
3428 3408 3461 3477 ἢ
3490 3408 3761 3478 διάκονος,
3788 3412 3958 3483 ἢτῶν

2441 3501 2461 3534 ι
2503 3485 2563 3538 ἐν
2591 3487 2669 3557 τῷ
2712 3489 2898 3561 κλήρῳ
2944 3492 3481 3569 καταλεγομένων,ῆ
3532 3500 3738 3564 λαῖκὸς,
3774 3508 3955 3575 μηδεν

2439 3591 2458 3625 ι
2506 3575 2637 3643 μίαν
2672 3579 2917 3653 ἀνάγκην
2947 3582 3255 3656 βαρυτέραν
3286 3586 3397 3657 ἔχοι
3424 3590 3458 3661 ἢ
3486 3594 3722 3662 πρᾶγμα
3746 3596 3955 3667 δυσχε-

2437 3684 2456 3716 c
2505 3668 2616 3737 ρὲς,
2648 3669 2789 3724 ῶστε
2813 3673 2906 3725 ἐπὶ
2936 3675 3190 3730 πλεῖστον
3216 3680 3615 3738 ἀπολείπεσθαι
3646 3687 3745 3756 τῆς
3768 3692 3950 3746 αὐτοῦ

2435 3779 2453 3811 ι
2500 3762 2817 3832 ἐκκλησίας,
2868 3767 2984 3819 ἀλλ’
3032 3772 3090 3821 ἐν
3149 3771 3309 3825 πόλει
3361 3774 3584 3844 διάγων,
3618 3782 3773 3848 τρεῖς
3824 3785 3953 3836 Κυιτ

2436 3868 2455 3901 ι
2502 3855 2699 3921 ριακὰς
2736 3857 2795 3909 ἐν
2843 3859 3024 3927 τρισὶν
3068 3860 3337 3933 ἑϐδομάσι
3378 3867 3454 3936 μὴ
3498 3869 3845 3941 συνέρχοιτο,
3893 3877 3948 3929 εί

2434 3958 2452 3992 ι
2501 3944 2602 4013 μὲν
2642 3945 2905 4017 κληρικὸς
2935 3952 3046 4018 εἴη,
3093 3956 3498 4028 καθαιρείσθω·
3538 3964 3587 4017 εί
3619 3965 3677 4018 δὲ
3714 3967 3942 4035 λαῖκδς,

2430 4054 2449 4087 ι
2496 4039 2866 4095 ἁποκινείσθω
2894 4043 2996 4114 τῆς
3026 4050 3339 4112 κοινωνίας.
3379 4073 3399 4104 ι

2422 4129 2617 4181 ΒΑΛΣ.
2652 4131 2839 4186 Ἄλλοι
2879 4135 2979 4204 μὲν
3027 4139 3252 4202 κανόνες
3283 4142 3534 4212 διάφοροι
3576 4145 3946 4215 ἁλλοτρόπως

2351 4219 2647 4283 κολάζουσι»
2674 4222 2802 4285 τοὺς
2827 4225 3167 4291 ἐπισκόπους
3205 4232 3301 4282 καὶ
3346 4234 3476 4296 τοὺς
3509 4233 3809 4306 κληρικοὺς
3846 4238 3945 4307 ἐφ’

2351 4309 2534 4361 ἱκανὸν
2571 4311 2989 4382 ἀποδημοῦντας
3018 4316 3127 4368 ἀπὸ
3154 4318 3261 4371 τῶν
3280 4321 3590 4396 ἐκκλησιῶν
3617 4326 3823 4379 αὐτῶν.
3876 4328 3944 4384 Ὀ

2347 4400 2400 4451 δὲ
2434 4401 2625 4470 παρὼν
2668 4402 2851 4458 κανὼν
2898 4407 2959 4459 οὐ
3016 4408 3177 4477 μόνον
3222 4414 3558 4481 ἐπισκόπους
3603 4419 3701 4471 καὶ
3734 4419 3942 4490 κληρι-

2347 4492 2498 4555 κους,
2524 4492 2662 4545 ἀλλὰ
2696 4496 2787 4548 καὶ
2819 4497 2946 4559 τοὺς
2975 4496 3201 4563 λαῖκοὺς
3232 4504 3361 4567 τοὺς
3395 4506 3505 4558 ἀπὸ
3557 4507 3666 4561 τῶν
3719 4512 3936 4580 χωρῶν

672 4586 758 4631 tes
786 4577 1004 4639 absunt,
1039 4574 1187 4640 cogit
1228 4587 1333 4625 una
1374 4585 1498 4625 cum
1540 4569 1787 4623 ﬁdelibus
1841 4573 2244 4627 communicare
2272 4605 2304 4664 κ

2364 4583 2528 4635 ιὺτῶν
2576 4585 2636 4636 ἐν
2667 4585 2942 4659 ἀλλοδαπῇ
2981 4589 3294 4658 διάγοντας,
3330 4569 3754 4664 καταναγκάζει
3782 4569 3937 4672 μετὰ

672 4680 727 4724 et
751 4683 944 4727 orare;
982 4677 1033 4719 et
1058 4665 1268 4724 statuit,
1301 4664 1442 4731 quod
1469 4663 1514 4716 si
1552 4663 1679 4731 quis
1711 4677 1925 4724 eorum,
1958 4664 2102 4717 nulla
2143 4680 2235 4717 ne-

669 4760 923 4813 cessitate
960 4757 1264 4827 proposita,
1297 4754 1469 4807 morbi
1498 4754 1750 4819 scilicet,
1782 4754 1863 4808 vel
1904 4754 2243 4823 gravissima:

665 4850 971 4913 Servitutis,
1006 4863 1127 4916 qua:
1159 4848 1207 4900 ei
1241 4862 1346 4899 non
1380 4845 1636 4899 concedit
1670 4856 1729 4899 ut
1760 4846 1813 4899 in
1847 4846 2078 4899 ecclesia
2117 4861 2239 4899 ver-

664 4952 836 5005 setur,
871 4941 1048 4994 tribus
1080 4940 1272 4993 diebus
1320 4938 1617 4991 Dominicis
1654 4952 1778 4990 cum
1824 4936 2071 4992 ﬁdelibus
2125 4953 2233 4992 non

662 5032 1002 5089 convenerit,
1036 5038 1090 5082 et
1121 5045 1225 5081 una
1263 5044 1368 5081 non
1402 5030 1662 5090 oraverit,
1701 5029 1795 5082 sed
1828 5030 1880 5079 in
1919 5029 2058 5081 hanc
2084 5029 2234 5082 saltt-

659 5123 875 5176 tileram
904 5120 1347 5174 communionem
1376 5118 1715 5187 negligenter
1759 5117 1988 5171 aﬂ‘ectus
2026 5119 2187 5173 fuerit
2214 5159 2230 5184 ,

656 5218 701 5269 si
730 5216 801 5268 sit
830 5214 1049 5283 quidem
1084 5212 1343 5276 clericus,
1374 5210 1678 5279 deponatur
1708 5228 1721 5264 :
1762 5212 1807 5265 si
1862 5227 1990 5264 vero
2020 5212 2226 5276 laicus,

657 5324 685 5360 a
723 5306 1107 5359 eonnnunione
1138 5314 1443 5365 moveatur,
1483 5306 1582 5357 hoc
1622 5312 1707 5357 est
1736 5343 1752 5367 ,
1780 5313 2116 5372 segregetur.
2151 5304 2225 5356 Ex

653 5415 718 5452 co
746 5402 889 5452 enim
921 5398 1154 5450 duorum
1186 5399 1417 5451 alterum
1441 5405 1669 5466 apparet
1699 5436 1713 5459 ,
1747 5413 1871 5450 eum
1917 5397 1993 5448 rel
2039 5397 2222 5449 divina

654 5488 1279 5556 praeceptadtrinasque
1329 5488 1661 5556 psalmodias
1700 5495 1757 5540 et
1796 5486 2074 5540 orationes
2114 5502 2219 5541 non

652 5594 869 5639 curare,
900 5580 979 5632 vel
1011 5594 1115 5632 non
1152 5594 1278 5633 esse
1319 5579 1551 5632 lidelem.
1589 5579 1699 5633 Cur
1728 5572 1873 5632 enim
1922 5578 1991 5632 20
2028 5580 2219 5635 diebus

646 5684 770 5723 cum
798 5668 1128 5723 Christianis
1157 5672 1209 5723 in
1236 5672 1463 5724 ecclesia
1497 5672 1699 5725 versari
1738 5670 1909 5725 noluit
1944 5712 1958 5737 ,
2001 5688 2217 5743 unaque

643 5772 767 5815 cuin
808 5757 898 5813 Dei
942 5759 1082 5814 fideli
1127 5761 1329 5829 populo
1362 5762 1825 5818 communicare?

2344 4674 2453 4725 τῶν
2508 4677 2716 4731 πιστῶν
2765 4687 3157 4748 συγκοινωνεῖν
3215 4688 3312 4739 καὶ
3364 4691 3770 4759 συνεύχεσθαι*
3829 4698 3936 4751 καὶ

2340 4766 2633 4836 διορίζεται
2662 4769 2736 4833 ὡς
2766 4772 2924 4844 είπερ
2953 4791 3039 4838 τις
3088 4777 3154 4829 ἐκ
3203 4778 3415 4833 τούτων
3450 4781 3732 4851 μηδεμιᾶς
3785 4802 3934 4857 προ-

2340 4861 2599 4930 κειμένης
2637 4863 2905 4933 ἀνάγκης,
2943 4865 3097 4919 νόσου
3131 4870 3295 4939 τυχ⁵›ν
3320 4870 3352 4940 ἦ
3380 4872 3627 4934 δουλείας
3664 4874 3931 4945 βαρυτά-

2336 4962 2434 5017 της
2469 4951 2542 5021 μὴ
2570 4953 3007 5025 παραχωρούσης
3035 4959 3184 5028 αὑτῷ
3214 4962 3620 5032 ἐκκλησιάζειν,
3644 4969 3741 5020 ἐπὶ
3766 4975 3931 5040 τρεῖς

2336 5040 2621 5107 Κυριακὰς
2646 5044 2706 5095 οὐ
2743 5045 2973 5117 συνέλθῃ
3023 5050 3163 5115 μετά
3191 5051 3300 5104 τῶν
3331 5055 3541 5108 πιστῶν
3592 5058 3688 5110 καὶ
3726 5064 3929 5115 auxisti-

2335 5130 2509 5201 ξηται,
2546 5134 2664 5186 ἀλλ’
2698 5135 2916 5205 ἀμελῶς
2942 5138 3165 5211 διατεθῇ
3198 5143 3291 5195 ἐπὶ
3334 5149 3400 5215 τῇ
3453 5148 3686 5222 τοιαύτῃ
3732 5169 3921 5224 σωτηο

2334 5225 2516 5294 ριὼδει
2563 5230 2841 5299 κοινωνίᾳ,
2892 5231 3155 5302 κληρικὸς
3195 5236 3295 5303 μὲν
3348 5238 3444 5305 ῶν,
3494 5242 3916 5313 καθαιρείσθω·

2329 5317 2509 5382 λαῖκὸς
2569 5321 2647 5387 δὲ,
2699 5323 3069 5380 ἁποκινείσθω
3122 5329 3220 5397 τῆς
3280 5334 3591 5399 κοινωνίας,
3625 5341 3918 5395 τουτέστιν

2326 5412 2689 5481 ἁφοριζέ,σθω.
2728 5418 2884 5469 Δυοῖν
2940 5420 3050 5489 γὰρ
3111 5419 3345 5493 θάτερον
3399 5427 3464 5478 ἐκ
3514 5426 3714 5481 τούτου
3773 5432 3915 5485 ἀνα-

2324 5504 2591 5570 φαίνεται,
2621 5504 2655 5576 ἢ
2695 5508 2965 5579 μηδεμίαν
3000 5514 3262 5581 φροντίδα
3311 5515 3558 5571 τίθεσθαι
3588 5521 3680 5573 τὸν
3720 5523 3909 5575 τοιοῦ-

2320 5612 2414 5647 τον
2476 5595 2585 5648 τῶν
2648 5597 2809 5651 θείων
2868 5605 3259 5671 παραγγελιῶν
3316 5608 3410 5659 καὶ
3464 5610 3563 5678 τῆς
3622 5612 3705 5673 εἰς
3761 5613 3904 5667 Θεὸν

2320 5687 2489 5757 εὐχῆς
2521 5690 2614 5741 καὶ
2645 5689 2942 5759 ὑμνῳδίας,
2987 5694 3019 5765 ἢ
3045 5696 3106 5747 τὸ
3155 5697 3231 5766 μὴ
3280 5695 3422 5751 εἶναι
3480 5702 3706 5755 πιστόν·
3734 5704 3822 5758 ἵνα
3850 5706 3906 5760 τί

2318 5779 2427 5848 γὰρ
2457 5779 2550 5829 ἐπὶ
2578 5781 2784 5833 εἴκοσιν
2816 5783 3049 5852 ἡμέραις
3097 5787 3235 5855 μετὰ
3275 5788 3383 5841 τῶν
3428 5791 3780 5860 Χριστιανῶν
3807 5798 3903 5848 ἐκ-

2316 5871 2610 5940 κλησιάσαι
2659 5872 2755 5941 οὐχ
2800 5875 3116 5943 ᾑρετίσατο,
3161 5879 3256 5934 καί
3317 5888 3765 5955 συγκοινωνῆσαι
3816 5888 3899 5958 τῷ

2320 5961 2495 6013 πιστῶ
2534 5961 2646 6019 λαῷ
2677 5963 2769 6015 τοῦ
2804 5965 2972 6024 Θεοῦ;
