4218 6458
287 376 396 441 785

1229 385 1307 444 ΙΝ
1338 384 1504 444 CAN.
1546 384 1784 444 LXXXI
1817 383 2028 445 CONC.
2075 385 2153 444 ΙΝ
2188 384 2518 446 TRULLO.

3446 376 3550 439 ³186

364 490 610 546 ΖΩΝΑΡ.
633 490 772 554 Τοὺς
803 492 896 544 ἐπὶ
925 497 1073 563 τρεῖς
1098 495 1402 562 ὲῦοομάδας
1433 495 1864 564 ἀπολειφθέντας

2037 494 2292 548 ZONAR.
2333 496 2435 562 Qui
2465 494 2642 549 tribus
2676 487 3034 545 hebdomadis
3079 488 3150 542 ab
3190 489 3416 542 ecclesia
3447 505 3546 544 sua

283 585 386 652 τῆς
424 585 722 654 ἐκκλησίας
759 586 939 639 αὐτῶν
997 587 1124 641 ἄνευ
1166 590 1383 657 βαρείας
1436 589 1679 657 ἀνάγκης
1718 588 1864 648 τινὸς

286 679 321 746 ῆ
353 677 677 747 δυσχερείας
700 680 912 747 ἐτέρας,
944 679 1060 733 ἀλλ’
1096 683 1154 732 ἐν
1206 682 1360 734 πόλει
1414 683 1721 747 διάγοντας,
1783 680 1859 750 μὴ

291 771 728 839 συνερχομένους
763 771 821 824 δὲ
858 772 939 835 είς
988 773 1286 843 ἐκκλησίαν
1331 776 1444 834 τοῖς
1489 775 1702 834 πιστοῖς
1738 775 1865 824 ἐπι-

287 863 534 924 σκόπους
582 865 682 932 μιν
735 863 829 917 καὶ
859 864 1156 934 κληρικοῦς
1200 865 1361 928 ὄντας
1403 867 1433 918 ό
1461 864 1643 917 κανὼν
1673 864 1867 918 καθαι-

287 956 505 1024 ριῖσθαι
530 956 896 1024 προστάττιιο
936 957 1122 1020 λαῖκὸς
1155 958 1234 1024 δὲ,
1271 956 1654 1027 ἀφορίζεσθαι.
1691 957 1864 1010 τοῦτο

288 1046 406 1113 γάρ
432 1048 548 1098 ἐστι
572 1047 635 1099 τὸ
669 1047 1046 1101 ἀποκινήσθαι
1076 1049 1173 1117 τῆς
1204 1049 1509 1112 κοινωνίας.

287 1139 518 1190 ΑΡΙΣΤ.
588 1157 607 1188 ι
666 1137 728 1191 Εἰ
784 1137 859 1208 μὴ
899 1137 966 1191 δι’
1011 1140 1260 1209 ἀνάγκην
1305 1139 1743 1208 ἀπολιμπάνεταί
1780 1154 1866 1198 τις

362 1254 379 1281 ι
428 1232 528 1298 τῆς
581 1229 876 1297 ἐκκλησίας
924 1232 1016 1284 ἐπὶ
1065 1233 1211 1301 τρισὶ
1261 1233 1596 1303 Κυριακατς,
1637 1228 1868 1283 ἀκοινώ-

363 1341 382 1374 ι
429 1339 613 1391 νητος.
665 1341 682 1372 ι

369 1414 430 1466 '0
466 1416 564 1483 τῆς
595 1415 894 1484 ἐκκλησίας
947 1418 1006 1467 ἐν
1063 1416 1213 1486 τρισὶ
1275 1414 1588 1486 Κυριακξιῖς
1637 1413 1862 1467 ἀπολει-

286 1503 446 1568 φθεὶς
474 1503 607 1557 ἄνευ
643 1503 958 1575 βαρυτάτης
997 1505 1244 1576 ἀνάγκης
1275 1505 1308 1576 ἢ
1339 1505 1661 1575 δυσχερείας
1685 1504 1858 1568 τινὸς.

283 1596 341 1645 εἰ
376 1593 475 1662 μέν
510 1595 772 1664 κληρικός
821 1598 971 1660 ἐστι,
1006 1597 1354 1668 καθαιρεῖται
1381 1611 1399 1627 ⁶
1447 1597 1496 1647 εί
1543 1595 1598 1649 δὲ
1653 1596 1865 1659 λαῖκδς,

286 1685 640 1756 ἀφορίζεται.

881 1780 1122 1833 ΚΔΝΩΝ
1153 1781 1281 1834 ΠΜ.

1965 589 2112 642 nulla
2148 591 2299 658 gravi
2330 590 2656 642 necessitate
2685 584 2958 638 diﬂicilt’ve
3004 583 3110 638 alia
3153 597 3321 637 causa
3355 582 3540 651 impe—

1964 682 2088 746 diti,
2125 681 2426 742 abfuerint,
2466 695 2657 733 verum
2691 679 2743 730 in
2789 676 2921 730 urbe
2950 675 3206 744 degentes
3236 690 3363 728 cum
3410 675 3540 729 iide-

1962 773 2105 828 libus
2135 776 2187 828 in
2222 772 2512 828 ecclesiam
2542 787 2648 825 non
2673 770 3064 833 convenerint,
3099 769 3142 823 si
3179 769 3400 838 quidem
3428 769 3545 836 epi-

1964 867 2114 936 scopi
2149 875 2242 920 aut
2273 865 2460 920 clerici
2503 864 2634 924 sint.
2667 877 2766 917 eos
2817 875 2995 916 canon
3047 861 3244 931 deponi
3306 878 3319 914 :
3377 859 3542 913 laicc:

1964 966 2145 1012 autem
2177 958 2448 1025 segregari
2489 956 2506 1023 (
2535 956 2637 1008 hoc
2669 969 2906 1023 namque
2935 952 3067 1006 illud
3121 965 3206 1006 cst
3232 992 3247 1015 ,
3289 966 3544 1006 commu-

1965 1049 2130 1104 nione
2158 1050 2364 1102 moveri
2391 1053 2406 1112 )
2440 1048 2624 1118 jttbet.

2035 1139 2265 1195 ARIST.
2307 1159 2324 1191 ι
2363 1141 2420 1194 Si
2467 1140 2592 1210 quis
2626 1138 2770 1192 nulla
2807 1145 3037 1207 cogente
3094 1137 3422 1191 necessitate
3454 1151 3546 1192 ec-

1971 1249 1989 1281 ι
2037 1232 2262 1285 clesiam
2301 1232 2476 1283 tribus
2506 1231 2810 1286 Dominicis
2857 1231 3246 1302 derelinquat,
3297 1247 3544 1285 commu-

1971 1338 1990 1371 ‹
2041 1320 2204 1374 nione
2247 1321 2514 1390 privatur.
2557 1340 2575 1370 ι

2036 1413 2138 1478 Qui
2173 1413 2242 1466 ab
2272 1413 2507 1468 ecclesia
2542 1413 2718 1468 tribus
2749 1412 2947 1468 diebus
2999 1411 3302 1465 Dominicis
3351 1412 3542 1476 abest,

1965 1506 2084 1562 sine
2107 1508 2439 1574 necessitate
2491 1508 2676 1576 aliqua
2723 1518 2776 1562 et
2827 1506 3146 1562 dillicultate
3178 1506 3502 1575 gravissima
3529 1546 3542 1566 ,

1966 1598 2010 1650 si
2046 1597 2268 1665 quidem
2299 1598 2532 1652 clericus
2559 1606 2665 1662 est,
2707 1597 2999 1666 deponitur
3033 1614 3048 1650 :
3079 1599 3163 1652 sin
3197 1613 3328 1651 vero
3351 1597 3540 1659 laicus,

1967 1699 2320 1761 segregatur.

2395 1777 2553 1847 251
2588 1776 2818 1833 cauos
2857 1777 3093 1832 LXXXI.

289 1887 312 1920 ο
373 1869 710 1942 Ἐπειόήπερ
742 1871 801 1925 εν
853 1890 967 1926 τισι
996 1874 1206 1944 χώραις
1261 1875 1665 1946 μεμαθήκαμεν
1699 1876 1758 1928 ἐν
1789 1875 1866 1944 τῷ

1976 1889 1993 1921 ι
2031 1869 2301 1936 Quoniam
2332 1871 2384 1924 in
2440 1872 2721 1926 nonnullis
2764 1872 2898 1926 locis
2939 1873 3233 1928 didicimus
3262 1915 3276 1934 .
3325 1874 3380 1927 in
3419 1888 3548 1928 san-

363 1981 382 2012 ι
430 1964 711 2031 Τρισαγίῳ
741 1964 897 2035 ὕμνῳ
958 1968 1015 2019 ἐν
1046 1967 1366 2037 προσθήκης
1415 1968 1576 2037 μέρει
1603 1969 1870 2035 ἐκφωνεῖ-

363 2074 382 2103 ‹
434 2058 558 2108 σθαι
578 2057 717 2126 μετά
729 2058 1013 2125 τδ,”Αγιος
1028 2061 1318 2123 ἀθάνατος,
1336 2061 1420 2123 τὸ,
1466 2064 1521 2112 '0
1537 2061 1870 2130 atauptoOai;

363 2163 382 2195 ι
427 2144 495 2197 δι’
527 2147 697 2214 ἡμᾶς,
727 2147 946 2214 ἐλέησον
973 2149 1116 2216 ἡμᾶς
1144 2165 1158 2180 ·
1189 2148 1346 2202 τοῦτό
1363 2167 1421 2202 τε
1451 2150 1557 2202 ὕπὸ
1574 2150 1680 2201 τῶν
1705 2152 1871 2204 πάλαι

365 2253 384 2284 ι
435 2234 605 2301 ἁγίων
629 2236 913 2306 Πατέρων,
934 2236 1008 2298 ὡς
1043 2237 1142 2304 τῆς
1171 2237 1455 2300 εὐσεϐείας
1486 2238 1782 2308 ἀλλότριον.
1807 2240 1871 2289 ἐκ

359 2346 379 2376 ‹
429 2327 521 2380 τοῦ
539 2328 784 2380 τοιούτου
803 2329 1059 2397 ἀπηλάθη
1077 2329 1270 2400 ὕμνου,
1292 2330 1388 2382 σὺν
1404 2331 1478 2397 τῷ
1495 2331 1594 2399 τὴν
1613 2332 1871 2399 τοιαύτην

367 2438 384 2467 ι
437 2421 624 2489 φωνὴν
647 2424 1116 2493 καινουργήσαντι
1137 2425 1444 2493 παρανόμῳ
1462 2425 1727 2493 αἱρετικῷ
1744 2440 1759 2456 ο
1776 2425 1870 2477 καὶ

364 2533 383 2561 ι
433 2515 622 2581 ἡμεῖς,
646 2513 946 2582 κυροῦντες
982 2517 1052 2567 τὰ
1084 2518 1232 2584 παρὰ
1260 2517 1369 2569 τῶν
1397 2517 1566 2584 ἁγίων
1598 2519 1869 2587 Πατέρων

367 2623 385 2650 ι
434 2604 589 2668 ἡμῶν
625 2603 864 2668 εὐσεὸὦς
919 2604 1417 2676 θεσμοθετηθέντα,
1466 2610 1869 2679 άναθεματίζο-

357 2715 374 2744 ι
429 2712 530 2763 μεν
559 2695 638 2748 ἔτι
673 2697 812 2764 μετὰ
839 2698 933 2750 τὸν
963 2699 1212 2765 παρόντα
1241 2699 1367 2765 ὃρον
1400 2702 1870 2770 μεταδεχομένους

369 2806 388 2836 ι
436 2790 536 2856 την
578 2788 836 2858 τοιαύτην
867 2791 1052 2856 φωνὴν
1101 2790 1188 2842 ἐπ’
1242 2792 1584 2861 ἐκκλησίαις,
1617 2795 1650 2863 ἦ
1691 2796 1868 2858 ἄλλως

364 2900 386 2930 ‹
434 2899 550 2943 πως
606 2881 683 2951 τῷ
730 2882 1014 2953 Τρισαγίῳ
1051 2882 1207 2954 ὕμνῳ
1250 2885 1643 2950 συνάπτοντας.
1681 2891 1788 2942 Καὶ
1819 2894 1866 2944 εἰ

361 2993 382 3024 ‹
423 2979 522 3043 μὲν
577 2977 854 3043 ίερατικός
887 2977 1082 3030 ἐστινό
1119 2979 1449 3049 παρασάτης
1476 2980 1587 3033 τῶν
1623 2983 1867 3053 ὁρισθέν-

367 3084 385 3112 ι
433 3083 581 3128 των,
673 3067 1128 3136 ἀπογυμνοῦσθαι
1187 3067 1348 3122 τοῦτο
1404 3071 1503 3139 τῆς
1569 3073 1865 3144 ἱερωσύνης

363 3177 383 3207 ι
433 3161 854 3230 προστάσσομεν
878 3176 892 3191 ο
927 3163 977 3214 ει
1005 3161 1062 3214 δὲ
1092 3162 1281 3224 λαῖκδς
1308 3163 1341 3234 ἢ
1388 3165 1644 3234 μοναχὸς,
1674 3166 1865 3236 ἀφορί-
1894 3202 1936 3258 c

364 3269 383 3299 ι
431 3249 641 3311 ζεσθαι.

369 3340 429 3392 '0
467 3344 826 3413 ματαιόφρων
875 3345 1085 3410 ἐκεῖνος
1114 3347 1209 3400 καὶ
1244 3347 1572 3418 βλάσφημος
1606 3351 1810 3421 Πέτρος
1837 3353 1864 3404 ὁ

285 3436 542 3502 Κναφεὺς
574 3436 894 3508 προσθήκην
913 3440 970 3491 ἐν
1007 3439 1084 3510 τῷ
1115 3440 1397 3512 Τρισαγίῳ
1431 3442 1589 3512 ὕμνῳ
1618 3445 1864 3513 ἐποίησε,

290 3528 430 3593 μετὰ
462 3528 520 3580 τὸ
557 3530 923 3598 ὲκφωνεῑσθαι
950 3533 1011 3585 τό
1042 3548 1057 3563 ·
1099 3533 1292 3601 Ἄγιος
1332 3535 1652 3600 ἀθάνατος,
1696 3536 1866 3589 εἰπὼν

283 3619 528 3686 ὀφείλειν
581 3622 841 3688 λέγεσθαι
892 3625 985 3678 τόο
1035 3625 1098 3677 '0
1145 3627 1506 3694 Utava0£l¢
1566 3631 1640 3681 δι’
1685 3628 1862 3696 ἡμᾶς,

284 3716 551 3784 ἐλέησον
582 3720 757 3786 ἡμᾶς.
802 3721 908 3771 ’Πν
937 3721 1002 3788 δὴ
1035 3721 1358 3791 προσθήκην
1398 3724 1428 3788 ὴ
1474 3723 1771 3792 Ἐκκλησία
1805 3725 1864 3775 οὐ

287 3810 648 3878 παρεδέξατο,
671 3813 745 3874 ὡς
775 3814 1222 3882 παρεισάγουσαν
1257 3815 1522 3884 τέταρτον
1555 3819 1863 3885 πρόσωπον,

290 3903 388 3954 καὶ
429 3904 531 3956 ἀνὰ
568 3907 733 3974 μέρος
775 3906 1018 3960 τιθεῖσαν
1052 3910 1142 3959 τὸν
1181 3909 1273 3961 τοῦ
1310 3910 1444 3961 Θεοῦ
1485 3910 1610 3962 Υίὸν
1646 3910 1744 3979 τὴν
1773 3909 1866 3962 τοῦ

292 3994 505 4064 Ματρὸς
532 3997 901 4050 ἐνυπόστατον
965 3999 1218 4067 δύναμιν,
1268 4003 1366 4053 καὶ
1422 4003 1525 4053 άνά
1578 4006 1740 4070 μέρος
1777 4003 1868 4053 τὸν

291 4087 710 4158 ἐσταυρωμένον
766 4093 1024 4161 Χριστὸν,
1077 4093 1151 4154 ὡς
1210 4094 1365 4145 ἄλλον
1408 4095 1534 4146 ὄντα
1593 4096 1744 4164 παρά
1777 4097 1867 4147 τὸν

289 4181 534 4250 ἰσχυρὸν,
572 4184 602 4253 ἢ
634 4185 710 4245 ὡς
735 4184 989 4256 παθητὴν
1018 4186 1116 4254 τὴν
1158 4187 1366 4255 Τριάόα
1391 4185 1739 4250 δοξάζουσαν,
1776 4191 1866 4241 καὶ

293 4275 709 4342 συσταυροῦσαν
738 4276 818 4345 τῷ
851 4277 964 4345 ΥΞῴ
990 4278 1081 4330 τὸν
1108 4279 1327 4346 Πατέρα
1352 4280 1526 4330 καὶτὸ
1558 4280 1776 4344 Πνεῦμα
1808 4283 1867 4331 το

291 4363 464 4429 ἅγιον.
532 4366 641 4417 Καὶ
707 4369 1065 4435 ἐδογμάτισεν
1120 4370 1359 4433 εὐσεϐῶς
1416 4374 1507 4422 τὸν
1570 4373 1867 4440 Τρισάγιον

290 4451 466 4518 ὕμνον
497 4455 656 4524 χάριν
691 4458 790 4521 τῆς
821 4459 1048 4526 Τριάδος
1077 4459 1332 4527 λέγεσθαι
1357 4475 1370 4489 ⁸
1408 4462 1546 4528 ὅπερ
1570 4479 1620 4512 τι
1651 4461 1741 4513 διὰ
1771 4463 1865 4527 μὲν

2049 1979 2068 2012 σ
2109 1963 2358 2017 ctissimo
2414 1963 2619 2034 hymno
2667 1964 3029 2018 additamenti
3089 1966 3207 2018 loco
3260 1967 3366 2020 dici
3427 1977 3549 2036 post

2049 2072 2066 2103 ι
2105 2054 2257 2119 illud,
2291 2055 2529 2110 Sanctus
2558 2056 2904 2118 immortalis,
2939 2060 3039 2111 hoc
3072 2077 3085 2111 :
3118 2059 3224 2123 Qui
3251 2059 3545 2122 cruciﬁxus

2049 2165 2067 2197 ι
2110 2162 2168 2202 es
2227 2163 2324 2216 pro
2361 2149 2536 2212 nobis,
2585 2151 2848 2204 miserere
2874 2152 3085 2213 nostri;
3143 2151 3195 2204 id
3248 2160 3431 2205 autem
3480 2152 3548 2206 ab

2050 2256 2069 2288 ‹
2109 2241 2350 2307 antiquis
2388 2243 2595 2296 sanctis
2620 2243 2894 2306 Patribus,
2923 2253 3028 2297 uta
3061 2246 3260 2313 pietate
3283 2245 3546 2300 alienum.

2045 2353 2063 2382 ι
2103 2351 2164 2386 ex
2203 2336 2306 2387 hoc
2334 2335 2536 2405 hymno
2558 2338 2790 2403 ejectum
2819 2353 2942 2391 cum
2971 2339 3240 2392 scelerato
3263 2339 3544 2405 heretico,

2047 2445 2066 2478 c
2102 2429 2193 2494 qui
2229 2428 2368 2482 hanc
2399 2443 2586 2484 vocem
2621 2430 2903 2482 innovavit
2936 2448 2950 2484 :
2995 2446 3096 2485 nos
3142 2445 3362 2500 quoque
3412 2446 3548 2486 con~

2049 2540 2067 2571 ‹
2109 2523 2390 2576 ﬁrmantes
2418 2539 2479 2575 ea
2507 2540 2628 2592 quae
2680 2539 2709 2577 a
2767 2523 2974 2578 sanctis
3028 2525 3232 2576 nostris
3289 2523 3548 2579 Patribus

2061 2635 2078 2665 ι
2120 2617 2204 2684 pie
2241 2616 2539 2669 conSIituta
2578 2625 2726 2680 sunt,
2758 2617 3290 2671 anathematizamus
3312 2632 3429 2680 eos,
3452 2619 3544 2687 qui

2049 2728 2068 2758 ι
2116 2717 2236 2776 post
2261 2723 2503 2776 praesens
2529 2708 2804 2762 decretum
2843 2689 3113 2778 ejusmodi
3139 2723 3326 2762 vocem
3370 2709 3426 2762 in
3456 2725 3547 2764 ec-

2044 2818 2062 2851 ι
2104 2801 2288 2854 clesiis
2323 2800 2663 2865 admittunt,
2707 2808 2791 2854 vel
2844 2803 3030 2870 aliquo
3065 2800 3172 2855 alio
3227 2799 3391 2855 modo
3418 2816 3550 2856 san--

2046 2915 2064 2945 ι
2102 2893 2355 2947 ctissime
2398 2894 2601 2962 hymno
2641 2894 2963 2964 adjungunt.
3011 2894 3078 2948 Et
3106 2894 3152 2947 si
3203 2901 3286 2947 est
3328 2893 3550 2962 quidem

2045 3004 2063 3035 ι
2106 2987 2466 3040 sacerdotalis
2493 2987 2704 3040 ordinis
2729 2990 2820 3056 qui
2856 2995 3239 3054 transgressus
3268 2993 3377 3052 est,
3421 3001 3546 3041 eum

2047 3097 2065 3128 ι
2111 3077 2422 3130 sacerdotio
2466 3079 2670 3146 privari
2711 3079 2969 3146 jnbemus
3009 3078 3140 3130 :sin
3158 3087 3336 3129 autem
3373 3077 3546 3133 'aicus

2048 3187 2066 3222 ι
2103 3171 2186 3224 vel
2219 3172 2543 3233 monachus,
2575 3171 2875 3240 segregari.
2923 3189 2942 3221 ι

2040 3348 2232 3404 BALS.
2268 3347 2513 3402 Stolidus
2539 3347 2632 3402 ille
2666 3355 2722 3400 et
2753 3346 3110 3416 blasphemus
3143 3333 3340 3402 Petrus
3382 3346 3539 3400 Fullo

1969 3443 2022 3496 in
2056 3444 2409 3498 sanctissimo
2438 3442 2642 3511 hymno
2672 3440 2803 3494 fecit
2833 3440 3290 3505 additamentum,
3314 3440 3506 3493 dicens
3531 3477 3548 3501 ,

1967 3545 2256 3605 postquam
2288 3534 2497 3587 dictum
2526 3541 2694 3593 esset.
2724 3531 2958 3586 Sanctus
2981 3531 3325 3591 immortalis,
3350 3531 3551 3584 debere

1966 3627 2095 3686 dici,
2134 3625 2234 3689 Qui
2291 3625 2578 3694 cruciﬁxus
2616 3641 2668 3676 es
2693 3641 2788 3693 pro
2840 3625 3009 3686 nobis,
3065 3625 3312 3678 miserere
3361 3623 3546 3676 nostri.

1968 3721 2122 3785 Quod
2158 3720 2379 3787 quidem
2416 3719 2850 3770 additamentum
2882 3717 3120 3772 Ecclesia
3157 3732 3261 3769 non
3299 3715 3545 3778 admisit,

1971 3827 2026 3865 nt
2058 3814 2202 3882 quod
2231 3821 2484 3881 quartam
2512 3827 2800 3880 personam
2827 3812 3070 3873 inducat,
3107 3819 3159 3864 et
3190 3809 3282 3862 Dei
3327 3809 3546 3872 Filium,

1972 3903 2275 3954 Salvatoris
2309 3900 2517 3952 scilicet
2547 3899 2943 3952 consistentem
3006 3899 3321 3952 facultatem
3345 3937 3359 3958 ,
3395 3911 3549 3950 seor-

1969 4009 2087 4059 suin
2135 4003 2318 4060 ponat,
2348 4004 2398 4044 et
2427 3991 2708 4044 Christum
2744 3993 3067 4044 cruciﬁxum
3105 4003 3361 4060 tanquam
3384 3993 3548 4044 alium

1968 4100 1997 4138 a
2043 4085 2192 4146 forti,
2223 4096 2276 4136 et
2309 4094 2566 4156 tanquam
2596 4084 2976 4137 affectionibus
3029 4084 3328 4150 subjectam
3370 4082 3552 4135 Trini-

1969 4186 2136 4229 tatem
2165 4176 2449 4245 gloriﬁcet,
2484 4188 2538 4228 et
2564 4176 2780 4228 Patrem
2811 4191 2916 4228 una
2960 4191 3084 4228 cum
3111 4175 3249 4228 Filio
3270 4175 3551 4242 cruciﬁgat

1969 4282 2022 4324 et
2051 4272 2315 4338 Spiritum
2346 4278 2617 4320 sanctum.
2659 4268 2720 4319 lit
2745 4269 2985 4320 decrevit
3012 4266 3231 4336 quidem
3261 4269 3546 4321 sanctissi-

1970 4379 2121 4417 mum
2157 4364 2420 4430 hymnum
2457 4362 2543 4428 pie
2574 4360 2677 4413 dici
2727 4362 2793 4413 de
2829 4370 3018 4412 sancta
3070 4359 3369 4418 Trinitate.
3403 4361 3547 4426 quod

1971 4471 2066 4525 per
2105 4455 2675 4508 trinam"sanctitatem
2723 4463 2834 4512 tnes
2857 4453 3394 4520 supersubstantialis
3430 4452 3551 4504 Dei-

289 4548 393 4611 τῆς
443 4547 673 4627 τρισσῆς
706 4551 992 4616 ἁγιότητος
1028 4551 1126 4612 τὰς
1185 4553 1333 4618 τρεῖς
1384 4551 1482 4620 τῆς
1540 4552 1863 4625 ὑπεροηυσίου

1976 4549 2104 4599 tatis
2133 4560 2394 4614 personas
2425 4552 2611 4596 sancta
2656 4543 2815 4596 nobis
2871 4543 3159 4610 Seraphim
3209 4543 3546 4596 ostendant:

291 4639 549 4704 θεότητος
589 4642 916 4704 ὑποστάσεις
965 4644 1035 4694 τὰ
1060 4644 1189 4710 ᾰγια
1231 4645 1484 4713 Σεραφὶμ
1518 4647 1650 4713 ἡμῖν
1688 4646 1870 4712 ὑπεμ-

295 4729 588 4792 φαίνουσι·
619 4735 706 4783 διά
730 4734 785 4785 δὲ
819 4735 917 4802 τῆς
949 4737 1076 4802 μιᾶς
1110 4739 1433 4804 κυριότητος
1467 4738 1565 4802 τὴν
1604 4739 1732 4806 μίαν
1772 4740 1871 4806 τῆς

296 4822 596 4889 ῡεαρχικῆς
632 4826 860 4894 Τριάδος
902 4827 1094 4878 οὐσίαν
1125 4846 1184 4880 τε
1217 4831 1311 4880 καὶ
1350 4830 1630 4896 βασιλείαν
1665 4832 1869 4899 γνωρί-

296 4911 499 4975 Conon.
539 4916 779 4985 Εὕρηται
815 4920 870 4972 δὲ
911 4921 1004 4971 καὶ
1059 4921 1116 4971 ἐν
1154 4923 1219 4990 τῇ
1252 4923 1680 4990 ἐκκλησιαστικῇ
1729 4923 1873 4975 ίστο-

301 5004 392 5071 ρίᾳ
423 4999 535 5072 (90)
560 5006 642 5057 ὅτι
673 5009 1051 5072 λιτανεύοντος
1083 5008 1178 5062 τοῦ
1200 5011 1259 5062 ὲν
1291 5011 1872 5065 Κωνσταντινουπόλει

1977 4656 2074 4710 per
2100 4653 2265 4691 unam
2292 4652 2421 4690 vero
2447 4636 2874 4689 dOminationem
2905 4651 3068 4687 unam
3113 4636 3306 4685 divinae
3361 4632 3552 4686 Trini-

1981 4734 2110 4786 tatis
2143 4731 2510 4784 substantiam
2554 4745 2890 4796 regnumque
2920 4729 3251 4788 signiﬁcant.
3281 4729 3339 4780 In
3377 4729 3550 4780 eccle-

1978 4825 2202 4879 siastica
2237 4832 2416 4875 autem
2454 4820 2679 4873 historia
2712 4820 2989 4874 inventum
3025 4831 3130 4882 est,
3165 4835 3288 4872 cum
3319 4818 3548 4886 populus

1975 4915 2452 4983 Constantinopoli
2488 4914 2846 4982 supplicaret,
2882 4925 3098 4981 propter
3145 4911 3410 4980 quasdam
3462 4911 3548 4962 di-

1977 5011 2186 5064 vinitus
2250 5011 2545 5063 intentatas
2619 5010 2837 5072 minas,
2908 5024 3029 5077 quae
3093 5019 3337 5076 tempore
3368 5007 3543 5061 Procli

1534 5121 1723 5181 Guill.
1762 5123 2090 5200 Beveregii
2124 5130 2311 5182 notae.

373 5216 485 5285 (90)
519 5217 774 5283 Εῦρηται
795 5219 862 5272 δὲ
891 5220 984 5273 καὶ
1015 5221 1083 5272 ἐν
1114 5219 1184 5287 τῇ
1208 5220 1689 5285 ἐκκλησιαστικῇ
1713 5225 1872 5273 ἱστο-

281 5291 412 5361 pia.
439 5289 582 5342 Sane
605 5290 715 5342 haec
742 5289 966 5361 historia
998 5293 1062 5345 de
1088 5291 1332 5361 'l‘risagio
1357 5308 1386 5346 a
1417 5291 1743 5358 Theophane
1773 5307 1860 5343 re~

291 5360 316 5410 ς
335 5381 362 5408 -ι
381 5371 484 5414 tur.
521 5361 604 5410 his
632 5361 808 5414 verbis
830 5379 843 5414 ;
864 5360 990 5413 Ἐπὶ
1017 5361 1204 5414 τούτου
1227 5360 1322 5414 τοῦ
1345 5365 1400 5413 ἐν
1430 5361 1604 5428 ἁγίοις
1632 5363 1870 5427 Πρόκλου

297 5430 514 5501 σεισμοὶ
550 5433 804 5494 γεγόνασι
849 5432 1075 5499 μεγάλοι
1110 5436 1166 5485 ἐν
1203 5436 1268 5501 τῇ
1313 5433 1878 5483 Κωνετταντινουπόλει

290 5498 388 5548 ἐπὶ
420 5499 688 5570 τέσσαρας
727 5498 936 5567 μῆνας,
965 5504 1105 5556 ὥστε
1148 5498 1473 5570 φοϐηθέντες
1507 5503 1554 5550 οἱ
1601 5501 1876 5563 Βυζάντιοι

289 5571 494 5643 ἔφυγον
524 5569 628 5633 ἔξω
654 5571 746 5638 τῆς
783 5571 985 5643 πόλεως
1013 5575 1071 5625 ὲν
1100 5569 1174 5643 τῷ
1205 5569 1477 5642 λεγομένῳ
1506 5571 1757 5643 Κά’.ιπῳ⁶
1788 5574 1878 5624 καὶ

290 5634 437 5711 ἦσαν
473 5634 1005 5711 προσκαρτεροῦντες
1050 5634 1184 5711 μετά
1204 5634 1295 5694 τοῦ
1322 5634 1627 5711 ἐπισκόποί
1659 5634 1726 5696 ἐν
1760 5646 1878 5696 ταῖς

291 5707 489 5768 λιταῖς,
531 5707 802 5781 κλαίοντες
831 5715 966 5778 πρὸς
1001 5707 1091 5767 τόν
1122 5713 1272 5766 Θεόν.
1317 5711 1409 5764 Ἐν
1445 5712 1544 5780 μιᾷ
1571 5707 1663 5762 οὖν
1697 5713 1876 5781 ’ἡμέρᾳ

294 5780 702 5850 κυμαινομένης
722 5783 817 5851 τῆς
838 5784 959 5852 γῆς,
977 5787 1072 5838 καὶ
1096 5784 1292 5845 παντὸς
1314 5783 1406 5836 τοῦ
1423 5783 1550 5835 λαοῦ
1573 5780 1859 5852 κράζοντος

1977 5223 2059 5272 τό·
2085 5222 2274 5288 Κύριε,
2301 5220 2537 5286 ἐλέησον,
2566 5220 2815 5278 Exi-avia,
2845 5223 2966 5288 πτρῖ
2997 5221 3144 5287 ὥραν
3173 5221 3364 5288 τρίτην
3391 5221 3542 5289 ἄφνω

1981 5294 2198 5343 πάντων
2237 5290 2504 5358 ὁρώντων,
2543 5292 2736 5359 συνέϐη
2770 5293 2871 5343 ὑπο
2906 5293 3051 5351 0-5a;
3076 5291 3357 5352 δυνὰιιεως
3377 5291 3550 5356 ἀρθή-

1979 5363 2064 5412 ναί
2091 5379 2210 5412 τινα
2240 5364 2517 5412 νεάνισκον
2560 5363 2634 5418 εἰς
2665 5365 2751 5410 τὸν
2792 5364 2946 5429 ἀέρα,
2989 5365 3081 5413 καὶ
3121 5361 3345 5415 ἀκοῦσαι
3399 5361 3542 5422 θείας

1979 5433 2160 5498 φωνῆς
2199 5432 2567 5497 παριιηούτης
2602 5431 2762 5480 αὐτὸν
2798 5434 3114 5496 ἀναγγεῖλαι
3150 5431 3224 5498 τῷ
3262 5431 3544 5498 ἐπισκόπει,

1979 5503 2069 5552 καὶ
2099 5503 2172 5563 τῷ
2227 5503 2335 5564 mg}
2361 5503 2492 5552 λιταη
2516 5502 2658 5549 ε“5ειν
2683 5504 2851 5561 οὓτως
2882 5519 2891 5527 ·
2927 5505 3111 5566 Ἄγιος
3150 5503 3177 5552 ὁ
3211 5501 3363 5564 θεὸς,
3395 5501 3545 5565 ἅγιος

1980 5574 2235 5639 ἰσχυρὸς,
2291 5573 2440 5635 ἅγιος
2515 5571 2796 5628 anu-.0;
2842 5573 3059 5638 ἐλέητον
3123 5573 3309 5639 ἡμᾶς.
3379 5569 3545 5637 μηδὲν

1976 5642 2162 5708 ἕτερον
2193 5642 2606 5707 προστεθένταῖ.
2659 5643 2714 5689 ’0
2747 5647 2798 5691 οε
2832 5646 2885 5689 ἐν
2921 5645 3087 5705 ἁγίοις
3125 5642 3381 5708 Πρόκλος,
3413 5639 3541 5710 11'1"-

1977 5730 2075 5777 την
2126 5711 2412 5773 δεξάμενος
2467 5715 2561 5775 την
2621 5716 2912 5771 dat/ruma,
2969 5713 3233 5780 ἐπέτρεψε
3294 5711 3368 5775 τῷ
3433 5707 3541 5780 ltro)

1969 5781 2187 5850 ψάλλειν
2210 5782 2400 5845 οὕτως,
2426 5800 2519 5833 και
2539 5785 2732 5844 eluito;
2753 5801 2958 5852 ιῑιιῑεστη
2979 5789 3002 5834 υ
3024 5776 3264 5851 οηίσέιὸς,
3291 5776 3539 5844 Tlteorh.
