4218 6458
265 366 373 431 ’ἶὸθ

1206 373 1283 433 IN
1326 373 1491 432 CAN.
1519 372 1792 431 LXXXII
1833 371 2040 429 CONC.
2092 376 2162 432 IN
2199 380 2523 440 TliULLl).

3423 388 3526 446 79G

268 486 494 540 ΛΡΙΣΤ.
532 504 549 537 t
597 485 687 553 Τῷ
744 486 1017 557 τρισαγίῳ
1068 484 1222 552 ὕμνῳ
1270 486 1295 535 ὁ
1331 486 1618 536 συνάπτων
1652 484 1730 542 τὸ,
1781 481 1835 528 ὐ
1866 481 1912 536 Λ

1866 481 1912 536 Λ
2011 487 2239 542 ΛΙὶΙδΤ.
2290 513 2305 541 ι
2354 497 2454 555 Qui
2492 497 2690 561 hymno
2722 495 2988 561 'l't'isagio.
3028 494 3179 557 Illud,
3216 494 3318 559 Qui
3348 498 3526 549 cruci—

663 578 1020 647 σταυρωθεὶς,
1052 577 1381 645 ὲτερόδοξος.

348 672 602 740 Λέγεται,
632 673 705 735 ὡς
734 674 829 726 ἐπὶ
854 673 952 741 τῆς
989 671 1267 739 βασιλείας
1303 670 1583 722 Θεοδοσίου
1614 671 1705 721 τοῦ
1748 670 1849 721 Μι-

274 768 413 831 κροῦ
446 766 588 835 ἤρθη
616 766 828 818 παιδίον
866 768 922 817 ὲν
949 770 1015 835 τῇ
1050 767 1141 817 τοῦ
1184 765 1405 834 κάμπου
1443 764 1586 833 λιτῇ,
1633 765 1725 814 καί
1756 763 1847 814 ἐπὶ

272 860 476 913 πολλὰς
508 859 655 928 ὥρας
712 860 986 925 μετέωρον
1025 858 1240 924 γέγονε,
1294 860 1388 909 καὶ
1438 857 1643 926 ἤκουσε
1695 854 1848 914 θείας

273 951 482 1017 φωνῆς,
537 952 610 1017 μὴ
662 948 1011 1017 προστιθέναι
1064 951 1120 1001 ὲν
1176 949 1255 1018 τῷ
1304 950 1586 1018 Τρισαγίῳ
1640 947 1730 997 τόο
1786 945 1851 999 '0

269 1041 642 1109 σταινρωθείς
688 1041 762 1094 δι’
817 1040 995 1109 ἡμᾶς,
1045 1042 1119 1104 ὡς
1151 1045 1178 1092 6
1222 1044 1532 1111 παράφρων
1570 1039 1781 1101 Παῦλος
1822 1040 1850 1090 6

278 1134 635 1200 Σαμοσατεὺς
672 1133 933 1202 ὲληρώδει
974 1134 1109 1203 (91),
1137 1134 1205 1187 Εἴ
1230 1152 1312 1196 τις
1338 1130 1430 1186 οὖν
1470 1133 1567 1203 τὴν
1594 1132 1851 1200 τοιαύτην

272 1228 462 1292 φωνὴν
492 1225 568 1293 τῷ
609 1227 890 1294 Τρισαγίῳ
951 1226 1104 1295 ὕμνῳ
1136 1229 1385 1296 συνάψει.
1438 1228 1512 1290 ὡς
1544 1225 1849 1295 ἐτερόδοξος

275 1317 878 1385 ἀναθεματισθήσεται.
908 1319 1175 1388 Εύρήσεις
1198 1319 1254 1372 δὲ
1288 1324 1378 1371 καὶ
1420 1324 1477 1371 ἐν
1520 1320 1594 1388 τῷ
1625 1323 1849 1385 Δαμασ-

274 1409 429 1476 κηνῷ
474 1414 551 1474 νΥ’
584 1409 882 1471 κεφάλαιον
928 1410 1294 1479 διαλαμϐάνον
1329 1411 1667 1480 πλατύτερον
1721 1410 1849 1479 περὶ

269 1501 369 1552 τοῦ
406 1500 727 1568 Ἰ’ρισαγίου,
773 1503 865 1554 καὶ
905 1503 993 1555 διὰ
1039 1505 1202 1558 ποίαν
1240 1505 1420 1557 αἰτίαν
1454 1505 1595 1574 ἤρθη
1628 1506 1688 1556 τὸ
1722 1522 1849 1555 παι-

270 1611 406 1647 οιον.

855 1688 1089 1742 ΚΑΝΩΝ
1127 1688 1249 1745 ΠΒ’.

1961 609 1978 637 ι
2025 590 2183 649 ﬁxus,
2213 587 2480 653 adiungit,
2520 587 2884 638 hctcrodoxus
2912 596 3188 639 censetur.

2028 681 2426 749 υἰεὶιιιι·,ιμιυιί
2473 682 2573 734 sub
2629 679 2928 732 Theodosii
2976 678 3225 732 Junioris
3290 679 3521 747 imperio

1956 794 2089 843 puer
2132 780 2181 829 in
2225 777 2396 838 campi
2433 774 2689 840 precibus
2718 774 2965 826 sublatus
3002 782 3083 824 est
3115 812 3128 831 ,
3176 779 3229 823 et
3261 787 3354 837 per
3388 772 3524 822 mul-

1955 880 2039 923 tas
2077 871 2239 921 horas
2271 869 2321 921 in
2356 868 2573 919 sublimi
2602 882 2944 933 suspensus;
2990 876 3044 917 ct
3083 865 3293 916 audivit
3336 879 3524 914 vocem

1955 962 2218 1018 divinam,
2254 978 2318 1014 ne
2352 962 2476 1020 hue,
2517 960 2618 1022 Qui
2649 976 2741 1026 pro
2772 958 2916 1009 nobis
2949 958 3235 1023 cruri/imus
3261 999 3272 1015 ,
3304 956 3359 1008 in
3404 955 3524 1007 Tri-

1956 1054 2109 1119 Sagio
2147 1052 2455 1112 adderetur,
2492 1062 2548 1104 ut
2581 1067 2817 1103 vesanus
2873 1051 3071 1101 l’aulus
3126 1050 3527 1101 Samosaleuus

1954 1146 2126 1200 delire
2159 1144 2458 1199 elTutiehat.
2496 1142 2548 1194 Si
2574 1144 2697 1213 quis
2726 1144 2907 1208 itaque
2928 1144 3090 1193 talem
3116 1158 3300 1192 vocem
3328 1140 3530 1209 hymno

1955 1237 2205 1305 Trisagio
2240 1237 2593 1301 adjunxerit,
2645 1243 2703 1287 ut
2756 1233 3121 1285 heterodoxus
3180 1234 3526 1285 anathemati-

1956 1330 2311 1399 perrutielur.
2344 1327 2592 1380 Invenies
2623 1338 2803 1379 autem
2842 1328 2893 1379 in
2929 1328 3267 1379 Damasceno
3298 1340 3420 1393 cap.
3457 1324 3525 1376 δι

1953 1426 2019 1475 de
2066 1422 2319 1490 Tuisagio
2381 1420 2596 1487 plenius
2659 1431 2940 1482 tractans;
3009 1432 3061 1471 et
3094 1429 3315 1487 propter
3356 1434 3523 1487 quam

1955 1531 2175 1568 causam
2213 1529 2346 1582 puer
2377 1515 2429 1566 in
2463 1512 2683 1567 sublimi
2722 1513 3095 1565 allollehalut'.

2480 1697 2705 1751 CANON
2751 1693 3009 1748 LXXXII.

278 1799 298 1829 ο
354 1783 452 1832 Ἔν
479 1799 590 1834 τισι
628 1781 735 1833 τῶν
770 1784 987 1835 σεπτῶν
1020 1784 1246 1836 εἰκόνων
1277 1787 1519 1853 γραφαῖς
1554 1785 1727 1850 ἀμνὸς
1754 1786 1848 1837 δα·
1884 1824 1922 1877 Β

1884 1824 1922 1877 Β
1959 1813 1976 1845 ι
2017 1794 2162 1847 Inter
2198 1792 2487 1845 nonnullas
2514 1790 2910 1843 veniet-altilium
2942 1788 3238 1856 imaginum
3265 1786 3524 1854 picturas,

354 1891 371 1923 ι
422 1873 602 1943 κτύλῳ
618 1874 711 1928 τοῦ
726 1875 1038 1944 Προδρόμου
1061 1875 1410 1945 δεικνύμενος
1429 1878 1845 1947 ὲγχαράττεται,

352 1987 371 2015 ι
414 1966 471 2027 ὃς
502 1967 582 2029 εἰς
606 1965 774 2019 τύπον
801 1966 1126 2036 παρελῄφθη
1154 1967 1252 2035 τῆς
1284 1968 1506 2036 χάριτος
1538 1968 1627 2020 τὸν
1659 1968 1847 2035 ἀληθι-

353 2078 371 2109 ‹
415 2060 503 2109 νὸν
536 2061 667 2128 ἡμῖν
705 2058 793 2111 διὰ
832 2058 998 2125 νόμου
1038 2060 1464 2125 προῦποφαίνων
1506 2060 1678 2128 ἀμνὸν
1708 2063 1844 2128 Χρι-

352 2170 371 2201 r
417 2149 539 2202 στὸν
562 2150 653 2202 τὸν
686 2150 816 2203 Θεὸν
842 2150 1017 2220 ἡμῶν.
1062 2152 1199 2214 Τοὺς
1222 2148 1316 2206 οῦν
1345 2154 1604 2217 παλαιοὺς
1644 2154 1845 2218 τύπους

350 2260 370 2290 ί
424 2243 519 2294 καὶ
550 2243 647 2304 τὰς
673 2242 853 2305 σκιὰς,
878 2244 951 2304 ὡς
978 2244 1071 2313 τῆς
1102 2244 1361 2313 ἀληθείας
1386 2246 1629 2316 σύμϐολά
1654 2264 1713 2299 τε
1750 2251 1845 2301 καὶ

348 2354 365 2385 ‹
420 2338 881 2406 προχαράγμανα,
928 2339 991 2405 τῇ
1038 2336 1335 2409 Ἐκκλησία
1377 2338 1846 2410 παραδεδομένους

347 2447 367 2479 ι
418 2428 920 2498 κατασπαζόμενοι,
975 2428 1075 2498 τὴν
1111 2431 1271 2501 χάριν
1326 2431 1686 2501 προτιμῶμεν
1750 2432 1845 2486 καὶ

350 2543 368 2572 ι
416 2522 516 2592 τὴν
546 2523 827 2593 ἀλήθειαν,
857 2523 932 2586 ὡς
961 2524 1235 2594 πλήρωμα
1259 2525 1428 2594 νόμου
1470 2525 1678 2596 ταύτην
1710 2526 1843 2579 ὑπο-

348 2632 367 2662 0
414 2616 718 2683 δεξάμενοι.
762 2617 850 2679 Ὠς
884 2617 950 2670 ἂν
981 2615 1075 2670 οῦν
1104 2617 1164 2670 τὸ
1195 2618 1399 2671 τέλειον
1429 2620 1530 2672 κάν
1558 2623 1677 2683 ταῖς
1701 2637 1845 2690 χρωο

350 2730 367 2756 ι
423 2708 778 2777 ματουργίαις
814 2708 873 2760 ὲν
916 2712 1037 2772 ταῖς
1061 2709 1315 2764 ἁπάντων
1353 2711 1542 2781 ὄψεσιν
1594 2714 1842 2784 ὑπογρά-

352 2818 371 2851 ι
419 2817 604 2868 φηται,
640 2801 728 2852 τὸν
766 2801 857 2852 τοῦ
886 2803 1135 2870 αἴροντος
1174 2804 1271 2873 τὴν
1303 2805 1581 2875 ἁμαρτίαν
1610 2809 1839 2876 κόσμου,

351 2912 366 2943 ι
416 2892 588 2960 ἀμνοῦ
623 2894 863 2962 Χριστοῦ
922 2895 1016 2948 τοῦ
1054 2897 1189 2948 Θεοῦ
1225 2897 1406 2967 ἡμῶν,
1453 2900 1593 2951 κατὰ
1628 2901 1719 2953 τὸν
1745 2904 1842 2953 ἀν·-

349 3003 369 3034 ‹
419 2983 691 3053 θρώπινον
723 2989 1051 3057 χαρακτῆρα
1111 2989 1205 3042 καὶ
1241 2992 1298 3041 ὲν
1330 2994 1453 3052 ταῖς
1500 2993 1706 3045 εἰκόσιν
1736 2994 1845 3046 ἀπὸ

352 3098 369 3127 ι
420 3076 511 3129 τοῦ
549 3077 664 3142 νῦν,
713 3081 834 3132 ἀντὶ
869 3078 966 3132 τοῦ
998 3081 1231 3134 παλαιοῦ
1265 3083 1462 3151 ἀμνοῦ,
1509 3086 1841 3157 ἁναστηλοῦ-

354 3189 372 3219 ι
418 3171 542 3223 σθαι
574 3171 853 3241 ὁρίζομεν,
890 3173 955 3226 δι’
981 3173 1148 3226 αὑτοῦ
1195 3175 1256 3226 τὸ
1312 3176 1413 3246 τῆς
1462 3178 1848 3240 ταπεινώσεως
1876 3164 1917 3221 (ἶ

348 3280 369 3313 ι
416 3262 509 3315 τοῦ
537 3263 672 3317 Θεοῦ
701 3265 877 3334 Λόγου
906 3270 1317 3332 κατανοοῦντες,
1348 3271 1442 3324 καὶ
1466 3273 1601 3340 πρὸς
1628 3275 1850 3344 μνήμην

357 3374 377 3405 ι
424 3356 523 3425 τῆς
550 3360 607 3410 ἐν
646 3360 810 3428 σαρκὶ
864 3360 1162 3424 πολιτείας,
1199 3362 1293 3415 τοῦ
1334 3381 1394 3417 τε
1449 3366 1651 3428 πάθους
1681 3367 1849 3421 αὑτοῦ

357 3468 376 3498 ι
426 3450 647 3503 καὶτοῦ
704 3455 976 3525 σωτηρίου
1034 3455 1265 3510 θανάτου
1325 3459 1847 3531 χειραγωγούμενοι,

349 3562 367 3593 ι
417 3544 512 3595 καὶ
540 3543 639 3613 τῆς
666 3545 914 3603 ἐντεῦθεν
947 3552 1252 3622 γενομένης
1301 3553 1379 3623 τῷ
1423 3556 1613 3626 κόσμῳ
1650 3558 1843 3610 ἀπολυο

356 3652 374 3682 ι
419 3633 693 3701 τρώσεως.

346 3728 544 3782 ΒΛΛΣ.
584 3731 712 3784 “Ore
769 3732 868 3801 τὴν
927 3733 1069 3787 κατὰ
1124 3735 1235 3788 τῶν
1273 3740 1639 3805 πρωτοτόκων
1676 3744 1850 3809 Λίγυ-

266 3821 442 3872 τιτίων
480 3821 709 3891 ἀπειλὴν
753 3823 1036 3895 διελάλησε
1085 3828 1225 3883 κατά
1268 3829 1516 3883 κέλευσιν
1564 3835 1656 3886 τοῦ
1714 3835 1847 3889 Θεοῦ

268 3914 299 3965 ὸ
355 3912 633 3983 Μωῦσῆς,
672 3916 973 3971 ἐνετείλατο
1019 3920 1134 3979 ταῖς
1214 3920 1487 3991 Ἑϐραίοις
1545 3929 1845 3994 σφαγιάσαι

267 4006 442 4073 ἀμνὸν
466 4046 480 4065 ,
515 4008 611 4060 xit
640 4008 718 4079 τῷ
751 4010 944 4077 αἵματι
970 4012 1161 4064 τούτου
1190 4014 1476 4085 γρισθῆναι
1497 4019 1594 4080 τὰς
1630 4020 1844 4072 Ἰουδαῖ-

269 4100 376 4157 xire
422 4098 605 4167 φλιὰς,
631 4101 706 4163 ὡς
740 4100 807 4155 ἂν
853 4102 1045 4157 ἄϐατοι
1072 4099 1174 4158 ὦσι
1215 4106 1293 4173 τῷ
1341 4108 1453 4161 τῶν
1483 4114 1848 4180 πρωτοτόκων

268 4188 604 4258 ὀλοθρευτῇ·
658 4192 975 4261 Προετύπου
1030 4191 1126 4247 οὖν
1179 4199 1207 4249 6
1239 4199 1482 4262 τοιοῦτος
1533 4202 1705 4270 ἀμνὸς
1756 4207 1846 4258 τὸν

271 4280 506 4347 Κύριον.
538 4281 703 4335 Ὅθεν
733 4282 829 4336 καὶ
860 4287 888 4336 ό
926 4286 1099 4353 μέγας
1131 4289 1189 4340 ἐν
1213 4293 1526 4359 προφήταις
1557 4296 1653 4345 καὶ
1688 4296 1843 4365 ισάγ-

272 4373 433 4440 γελος
481 4375 792 4446 πρόδρομος
831 4378 958 4432 ἰδὼν
1004 4382 1095 4433 τὸν
1142 4382 1346 4454 Κύριον
1372 4387 1581 4457 Ἰησοῦν
1612 4388 1846 4459 Χριστὸν

2030 1904 2048 1935 ι
2090 1900 2262 1954 agnus
2289 1924 2303 1945 ,
2358 1884 2450 1952 qui
2509 1882 2681 1949 digito
2740 1882 3104 1935 Praecursoris
3142 1890 3481 1932 monstratur
3510 1920 3523 1941 ,

2030 1995 2047 2027 ι
2089 1976 2425 2045 depingitur,
2458 1977 2549 2044 qui
2588 1976 2654 2027 ad
2694 1975 2883 2042 gratiae
2927 1976 3152 2038 ligurzun
3204 1979 3526 2035 assumptus

2028 2090 2046 2121 ι
2084 2079 2191 2133 est,
2220 2086 2408 2124 verum
2440 2070 2599 2123 nobis
2632 2075 2841 2139 Aguum
2895 2084 2991 2137 per
3043 2069 3212 2134 legem
3240 2065 3524 2120 Christum

2026 2182 2045 2215 ι
2092 2163 2257 2218 Datim
2294 2172 2543 2217 nostrum
2592 2174 3042 2229 prmmonstrans.
3094 2160 3363 2229 Antiqnas
3396 2175 3526 2228 ergo

2028 2272 2047 2305 ι
2090 2253 2291 2323 lignras
2325 2262 2379 2305 et
2410 2253 2655 2314 umbras,
2683 2262 2743 2305 ut
2780 2253 3031 2305 veritatis
3062 2254 3218 2319 signa
3248 2261 3301 2304 et
3328 2250 3525 2302 chara-

2025 2367 2043 2397 ‹
2085 2357 2286 2411 cteres,
2307 2346 2569 2401 Ecclesia:
2594 2346 2828 2400 traditas
2851 2347 3260 2414 amplectentes.
3292 2344 3523 2411 gratiam

2026 2461 2042 2491 ι
2081 2451 2134 2495 et
2157 2442 2443 2496 veritatem
2481 2455 2891 2510 pra'ponamus,
2920 2454 3038 2493 eam
3084 2448 3141 2489 ut
3166 2438 3300 2504 legis
3332 2438 3526 2504 imple-

2027 2552 2045 2583 ι
2086 2533 2293 2587 tionem
2323 2533 2714 2601 suscipientes.
2758 2532 2825 2587 Ut
2851 2546 2981 2601 ergo
3022 2530 3168 2600 quod
3223 2528 3524 2598 perfectum

2023 2646 2041 2676 ι
2084 2636 2187 2688 est,
2230 2626 2423 2680 saltem
2464 2625 2743 2678 coloribus
2768 2622 3358 2694 elligiatum,omnitnn
3404 2634 3527 2672 ocu-

2022 2740 2040 2771 ι
2085 2720 2154 2774 lis
2184 2720 2531 2787 subjiciatur,
2583 2718 2722 2787 Agni
2755 2718 2909 2783 ejus,
2944 2719 3036 2785 qui
3064 2717 3203 2768 tollit
3241 2722 3525 2784 peccatum

2024 2833 2040 2864 ι
2082 2813 2295 2879 mundi,
2320 2811 2523 2867 Christi
2548 2812 2640 2865 Dei
2671 2813 2868 2873 nostri,
2903 2812 3076 2863 instar
3124 2809 3360 2862 hominis
3393 2806 3526 2860 cha-

2024 2928 2041 2958 ι
2085 2906 2565 2969 racterem,etiam
2623 2907 2678 2959 in
2735 2905 3062 2974 imaginibus
3117 2904 3375 2970 deinceps
3428 2914 3529 2969 pro

2027 3022 2044 3052 ι
2087 3003 2255 3055 veteri
2293 3014 2434 3070 agno
2481 2999 2646 3054 statui
2702 2998 2965 3066 jubemus
3000 3036 3015 3059 ,
3076 3006 3133 3049 ut
3192 3011 3287 3067 per
3349 2995 3526 3062 ipsum

2030 3116 2048 3146 ε
2084 3092 2245 3148 Verbi
2284 3096 2374 3148 Dei
2424 3093 2860 3145 lunniliationem
2916 3101 3102 3142 mente
3161 3089 3528 3155 comprehen-

2029 3209 2046 3240 ι
2090 3189 2307 3251 dentes,
2345 3188 2409 3240 ad
2444 3188 2762 3241 memoriam
2816 3200 3037 3253 quoque
3088 3183 3210 3250 ejus
3261 3182 3316 3235 in
3364 3197 3529 3234 carne

2031 3302 2049 3334 ι
2090 3281 2556 3341 conversationis,
2579 3279 2809 3349 ejusque
2840 3277 3116 3347 passionis
3163 3286 3217 3330 et
3268 3274 3527 3330 salutaris

2031 3396 2049 3427 ‹
2092 3376 2288 3429 mortis
2318 3389 2482 3428 manu
2515 3374 2806 3434 ducamur.
2849 3370 3084 3439 ejusque
3117 3383 3237 3438 qua:
3260 3384 3325 3423 ex
3354 3382 3421 3421 eo
3447 3367 3528 3419 la-

2029 3487 2048 3519 ‹
2083 3476 2170 3524 cta
2200 3478 2283 3522 est
2314 3464 2520 3519 mundo
2548 3464 2962 3534 redemptionis.
3004 3483 3022 3513 ι

2028 3738 2223 3793 BALS.
2257 3735 2547 3804 Quomodo
2574 3732 2839 3789 adversus
2887 3731 3269 3803 [Egyptiormn
3323 3731 3527 3797 primo-

1954 3839 2135 3909 genita
2166 3835 2342 3887 Moses
2371 3833 2527 3899 jussu
2560 3829 2653 3884 Dei
2684 3828 2936 3882 elocutus
2976 3837 3055 3880 est
3085 3868 3099 3891 ,
3126 3825 3290 3893 jussit
3320 3825 3388 3876 ab
3425 3821 3530 3875 lle—

1952 3933 2114 3986 braeis
2139 3943 2338 3999 agnum
2364 3924 2623 3984 interﬁci,
2649 3930 2705 3977 et
2735 3923 2855 3989 ejus
2905 3922 3170 3989 sanguine
3219 3916 3525 3971 Jodreorum

1952 4024 2142 4076 limina
2175 4021 2363 4085 inungi
2400 4035 2413 4070 :
2452 4025 2510 4069 ut
2541 4031 2568 4067 a
2628 4013 3113 4084 primogenitorum
3178 4012 3526 4064 destruetore

1952 4119 2019 4170 ad
2050 4128 2145 4168 eos
2178 4112 2315 4165 adiri
2359 4124 2465 4163 non
2500 4116 2706 4176 posset.
2744 4106 2842 4158 llic
2870 4122 2999 4173 ergo
3051 4120 3224 4174 θειιιις
3274 4104 3531 4171 prmligu-

1954 4209 2107 4262 rabat
2140 4204 2454 4258 Dominum.
2494 4200 2642 4254 Unde
2673 4200 2837 4252 etiam
2876 4214 3104 4269 magnus
3136 4200 3395 4267 propheta
3432 4214 3529 4252 an-

1950 4302 2192 4370 gelisque
2211 4295 2434 4363 :equalis
2462 4294 2794 4353 Pra'eursor,
2822 4307 2945 4343 eum
2972 4291 3255 4343 Dominum
3277 4298 3332 4343 et
3361 4290 3525 4341 Deum

1953 4405 2196 4447 nostrum
2217 4389 2402 4443 Jesum
2429 4389 2706 4439 Christum
2738 4384 2984 4447 vidisset,
3006 4383 3161 4436 dixit:
3186 4382 3322 4438 Ecce
3342 4386 3528 4447 Agnus

272 4470 371 4520 καὶ
403 4468 535 4521 Θεὸν
588 4468 768 4540 ἡμῶν,
812 4465 989 4527 εἶπεν.
1036 4475 1167 4527 Ἰδοὺ
1211 4479 1237 4529 ὁ
1274 4477 1447 4545 ἀμνὸς
1480 4481 1575 4532 τοῦ
1620 4481 1758 4535 Θεοῦ
1818 4488 1844 4537 ὁ
1881 4508 1921 4560 ι)

1881 4508 1921 4560 ο
1956 4481 2047 4536 Dei
2075 4521 2087 4540 .
2128 4478 2296 4532 Filius
2331 4477 2509 4530 Patris
2536 4516 2550 4539 ,
2583 4476 2673 4543 qui
2722 4474 2859 4527 tollit
2908 4484 3185 4542 peceatum
3245 4476 3429 4528 mundi
3458 4477 3520 4528 ἰ.

272 4560 404 4622 Υἱὸς
430 4559 525 4613 τοῦ
555 4561 789 4631 Πατρὸς,
816 4563 845 4615 6
864 4564 1034 4634 αἴρων
1058 4567 1157 4634 τὴν
1186 4568 1461 4638 ἁμαρτίαν
1491 4574 1583 4625 τοῦ
1616 4576 1844 4644 κόσμου,

270 4652 430 4714 Τινὲς
485 4652 607 4717 οῦν,
669 4655 728 4709 ἐν
757 4657 943 4722 ἁγίαις
1000 4659 1179 4733 ,εἰκόσι
1213 4662 1304 4712 τὸν
1342 4660 1499 4729 ἅγιον
1537 4666 1847 4739 Πρόδρομον

268 4743 731 4813 ἁναστηλοῦντες,
766 4749 938 4817 ἀμνὸν
970 4750 1200 4819 ἀντικρὺ
1252 4754 1419 4806 αὑτοῦ
1474 4757 1845 4828 ἀνεχάραττον

269 4835 379 4886 ὑπὸ
415 4835 509 4887 τοῦ
536 4838 850 4910 Προδρόμου
873 4839 1497 4919 δακτυλοδεικτούμενον
1534 4850 1645 4918 (9:2)
1676 4854 1845 4907 Τοῦτο

265 4928 521 4999 τοίνυνὴ
577 4931 713 4996 ἁγία
770 4930 985 4989 σύνοδος
1041 4935 1448 5005 ἀποτρέπουσα,
1496 4940 1717 5010 ὥρισεν,
1768 4946 1844 5008 ὡς

265 5016 395 5067 ἐπεὶ
424 5018 451 5067 ό
483 5020 653 5086 ἀμνὸς
684 5020 766 5082 εἰς
799 5019 973 5073 τύπον
1001 5012 1100 5092 τῆς
1130 5024 1385 5093 ἀληθείας
1413 5030 1763 5103 παρελήφθη,
1788 5038 1844 5088 at

267 5110 427 5162 σκιαὶ
456 5109 512 5162 δὲ
548 5112 639 5164 καὶ
666 5112 715 5163 οί
746 5111 909 5167 τύποι
937 5116 1030 5167 καὶ
1059 5116 1127 5167 τὰ
1154 5116 1400 5186 σύμϐολα
1426 5122 1732 5191 παρῆλθον,
1767 5125 1844 5190 ὡς

265 5201 371 5267 τῆς
444 5201 702 5271 ἀληθείας
765 5208 1318 5281 παρῤησιασθείσης·
1370 5217 1843 5287 κατασπαζόμεθα

346 5365 391 5396 ’³
414 5364 574 5420 Joan.
621 5384 660 5431 ι,
687 5367 775 5423 29.

1958 4574 2188 4638 Quidam
2225 4585 2355 4636 ergo
2386 4570 2437 4621 in
2474 4567 2647 4622 sacris
2699 4567 3024 4635 imaginibus
3076 4577 3325 4620 sani-tum
3381 4566 3530 4621 Prae-

1955 4679 2238 4720 cursorem
2272 4661 2662 4723 describentes,
2697 4675 2726 4713 e
2760 4663 2978 4729 regiooe
3013 4659 3133 4724 ejus
3175 4675 3373 4727 agnum
3432 4662 3529 4711 im-

1956 4757 2287 4826 primebant,
2311 4754 2402 4820 qui
2429 4768 2457 4803 a
2491 4752 2861 4805 Praecursoris
2895 4751 3065 4819 digito
3093 4752 3524 4807 monstrabatur.

1955 4852 2070 4905 Hoc
2098 4864 2226 4917 ergo
2260 4855 2449 4899 sancta
2477 4845 2721 4914 synodus
2759 4843 3076 4913 prohibens,
3109 4844 3301 4897 statuit
3359 4846 3528 4912 quod,

1955 4944 2215 5014 quoniam
2249 4955 2424 5008 agnus
2456 4938 2509 4990 in
2562 4949 2745 5007 typum
2803 4937 3047 4990 veritatis
3096 4948 3353 5004 acceptus
3407 4950 3527 5003 est,

1956 5035 2163 5088 umbrae
2192 5041 2371 5085 autem
2413 5041 2467 5083 et
2498 5030 2650 5099 signa
2687 5036 2743 5081 et
2775 5028 2885 5098 typi
2912 5032 3315 5094 prieterit-runt,
3344 5038 3529 5097 utpote

1954 5144 2077 5182 cum
2108 5125 2311 5179 veritas
2333 5122 2677 5185 exhibeatur,
2716 5131 2872 5189 typos
2903 5139 3123 5190 quoque
3173 5132 3225 5176 ct
3282 5126 3525 5188 umbras,

1958 5229 2019 5273 ut
2050 5218 2205 5288 signa
2257 5214 2526 5280 veritatis,
2587 5213 3013 5283 amplectimur;
3082 5216 3175 5269 sed
3243 5216 3525 5272 veritatem

1512 5470 1706 5531 Guill.
1738 5474 2063 5556 Beveregii
2096 5486 2286 5538 notae.

343 5604 736 5685 (gn-"(11"qu
772 5610 805 5661 ὁ
836 5612 1259 5685 Σαμοαζαντεὺς
1292 5612 1594 5685 ἐληρῴὃει.
1636 5624 1842 5672 nrlste-

267 5690 377 5730 IIllS
425 5676 512 5728 hic
566 5677 792 5729 Paulum
849 5676 969 5732 cum
1018 5680 1175 5734 Petro
1219 5676 1557 5739 confundere
1601 5686 1839 5743 videtur.

269 5744 455 5814 Neque
483 5747 625 5799 enim
659 5747 856 5801 Paulus
880 5751 1286 5813 Satnosatcnus.
1320 5756 1414 5809 sed
1440 5754 1631 5811 Petrus
1662 5756 1817 5813 Fullo

271 5802 651 5874 Sic-delirasse
685 5802 1024 5889 perhjbmull.
1045 5802 1123 5807 ﬁ"
1322 5802 1414 5809 “““
1440 5802 1458 5807 “
1484 5802 1551 5811 ν’·
1573 5802 1630 5810 ···’
1662 5802 1681 5811 -
1708 5802 1837 5825 -·--υ,

2023 5623 2135 5692 (92)
2166 5624 2885 5694 Δακτυλοδεικνούμενον.
2920 5627 3101 5681 Codex
3138 5628 3528 5686 Annulmchia-

1948 5710 2051 5747 nus
2112 5704 2163 5749 et
2210 5695 2549 5751 Aitouiensis
2600 5698 2801 5751 rectius
2856 5699 3036 5769 legunt
3078 5700 3529 5756 δακτυλοόεκτού-

1951 5782 2130 5831 μενον.
