4218 6458
691 444 787 508 791

1954 459 2238 518 THEOD.
2272 461 2362 518 BA
2376 459 2684 521 LSAMON

3840 462 3948 523 ’ῖθὲ

691 554 1077 621 praeponimus.
1116 559 1180 612 Et
1213 560 1330 614 ideo
1361 571 1540 632 typum
1595 565 1811 635 quidem
1872 584 2093 624 ccssare
2150 582 2257 624 sta-

2369 571 2464 640 μὲν
2499 570 2593 623 καὶ
2626 571 2757 632 τοὺς
2788 571 2992 632 τύπους
3024 569 3119 621 καὶ
3145 567 3243 627 τὰς
3274 565 3431 627 σκιὰς
3466 567 3540 631 ὡς
3563 571 3664 639 τῆς
3685 570 3951 640 ἀληθείας

689 654 948 711 tuerunt;
979 664 1074 717 pro
1125 665 1272 718 agno
1318 663 1499 709 autem
1559 657 1613 709 iu
1666 661 1872 713 sanctis
1929 661 2262 731 imaginibus

689 738 866 804 ipsum
902 739 1183 794 Dominum
1209 752 1261 798 et
1293 746 1461 803 Deum
1498 758 1743 804 nostrum
1772 751 1955 809 .Iesum
1984 755 2259 810 Christum

695 828 929 881 humana
963 830 1133 887 forma
1169 834 1424 891 describi.
1459 837 1513 890 Si
1551 839 1665 893 haec
1697 853 1875 908 autem
1925 844 1996 897 ita
2049 859 2107 896 se
2168 846 2263 898 ha-

692 922 874 985 beant,
903 937 995 977 eos
1022 926 1160 980 male
1189 927 1366 984 facere
1428 931 1702 996 arbitror,
1760 937 1853 1003 qui
1915 936 1966 989 iu
2028 939 2260 992 ecclesia

691 1012 974 1068 columbas
1005 1019 1261 1074 emittunt
1292 1037 1387 1089 pro
1444 1025 1618 1078 sancti
1675 1026 1912 1095 Spiritus
1973 1029 2208 1084 adventu
2245 1048 2259 1086 :

689 1117 739 1155 et
771 1106 862 1172 qui
898 1122 995 1174 pro
1024 1109 1112 1164 illa
1149 1114 1326 1177 stella,
1364 1129 1485 1184 quae
1536 1133 1677 1172 novo
1725 1119 1885 1174 modo
1941 1130 2266 1191 apparuerat

690 1206 744 1247 et
787 1207 905 1250 erat
949 1200 1304 1270 admirabilis,
1357 1223 1547 1261 cereos
1575 1210 1881 1264 accendunt
1919 1223 2015 1266 :et
2050 1213 2141 1283 qui
2181 1213 2267 1265 in-

688 1287 958 1346 eﬂ'abilem
991 1305 1044 1348 et
1077 1296 1374 1352 salutarem
1408 1300 1621 1354 Domini
1655 1311 1708 1357 et
1741 1303 1834 1358 Dei
1865 1315 1918 1360 et
1958 1305 2266 1361 Servatoris

690 1385 861 1438 nostri
893 1385 1017 1441 Jesu
1051 1387 1252 1444 Christi
1307 1394 1710 1461 generationem
1774 1411 1943 1466 puero
2001 1385 2265 1453 etVIIioro

689 1485 862 1528 strato
884 1481 1218 1550 exprimunt,
1247 1490 1301 1536 et
1329 1499 1450 1552 qua:
1483 1494 1608 1540 sunt
1659 1502 1822 1556 supra
1889 1488 2155 1542 rationem
2206 1499 2262 1543 et

693 1568 890 1620 mentis
924 1568 1310 1637 cogitationem
1341 1575 1598 1631 humanis
1629 1577 1826 1631 studiis
1867 1577 2206 1631 describunt.

2370 663 2641 734 σύμϐολα,
2699 661 3106 732 προτιμώμεθα
3138 662 3195 715 δὲ
3255 662 3353 732 τὴν
3390 664 3669 731 ἀλήθειαν.
3712 665 3804 715 Διὸ
3854 667 3954 716 καὶ

2368 753 2575 825 ὥρισαν
2616 756 2680 806 τὰ
2719 755 2818 822 μὲν
2846 751 2942 805 τοῦ
2974 751 3147 805 τύπου
3205 753 3500 823 σχολάσαι·
3530 754 3651 806 ἀντὶ
3677 752 3734 806 δὲ
3765 754 3949 823 ἀμνοῦ

2369 849 2425 897 ὲν
2451 849 2570 907 ταῖς
2604 847 2787 913 ἁγίαις
2823 846 3031 898 εἰκόσιν
3057 846 3491 914 ἀκθαστηλοῦσθαι
3515 846 3677 898 αὑτὸν
3705 847 3799 898 τὸν
3833 847 3954 899 Κύο

2369 954 2489 1007 ριον
2533 937 2694 1006 ἡμῶν
2744 937 2962 1008 Ἰησοῦν
2993 939 3229 1008 Χριστὸν
3264 943 3358 993 καὶ
3394 941 3528 992 Θεὸν
3582 939 3768 1010 ἡμῶν,
3804 940 3953 993 κατὰ

2367 1029 2461 1080 τὸν
2516 1028 2857 1099 ἀνθρώπινον
2914 1031 3266 1102 χαρακτῆρα.
3327 1031 3388 1085 ΕΞ
3438 1030 3494 1084 δὲ
3546 1030 3722 1085 ταῦτα
3772 1030 3955 1093 οὕτως

2367 1118 2580 1189 ἔχουσι,
2615 1121 2824 1191 νομίζω
2856 1121 2938 1175 ὅτι
2966 1123 3154 1185 κακῶς
3188 1123 3439 1177 ποιοῦσιν
3462 1126 3507 1176 οί
3540 1124 3626 1176 ἐπ’
3653 1123 3954 1191 ἐκκλησίας

2373 1190 2710 1288 Rapio-rapti;
2761 1215 3086 1280 ἀπολύοντες
3122 1218 3242 1270 ἀντὶ
3295 1218 3609 1287 Πνεύματος
3637 1218 3795 1283 ἁγίου
3829 1218 3955 1268 ἐπι-

2369 1307 2594 1376 δημίας,
2631 1310 2725 1360 καὶ
2748 1309 2870 1361 ἀντὶ
2895 1309 2989 1361 τοῦ
3021 1310 3247 1380 dictépo;
3274 1310 3483 1362 ἐκείνου
3509 1309 3603 1362 τοῦ
3636 1307 3958 1377 ὑπερφυοῦς

2373 1399 2469 1450 καὶ
2500 1399 2863 1467 καινοφανοῦς
2895 1402 3067 1472 κηρὸν
3101 1402 3439 1465 ἀνάπτοντες
3462 1417 3476 1431 ⁸
3511 1403 3602 1454 καὶ
3631 1401 3732 1471 τὴν
3779 1401 3961 1469 ἀπόῤ-

2373 1491 2536 1560 ρητον
2566 1491 2659 1542 καὶ
2681 1492 2950 1562 σωτήριον
2978 1496 3035 1546 ὲν
3067 1492 3320 1565 σπηλαίῳ
3342 1492 3597 1562 γέννησιν
3629 1492 3724 1544 τοῦ
3750 1491 3958 1560 Κυρίου

2369 1582 2464 1634 καὶ
2481 1582 2614 1634 Θεοῦ
2646 1584 2739 1635 καὶ
2763 1584 3019 1654 Σωτῆρος
3052 1587 3084 1655 ὴ
3095 1585 3210 1655 μῶν
3231 1585 3410 1656 Ἰησοῦ
3448 1584 3685 1656 Χριστοῦ
3710 1585 3802 1638 διά
3827 1601 3960 1636 παις

688 1658 779 1722 δὸς
833 1662 925 1714 καὶ
981 1668 1271 1737 στρωμνῆς
1305 1669 1729 1736 ὑποτυποῦντες,
1764 1675 1858 1726 καὶ
1901 1676 1969 1727 τὰ
2003 1675 2144 1745 ὑπὲρ
2176 1673 2334 1743 λόγον
2367 1679 2461 1730 καὶ
2531 1679 2744 1734 ἔννοιαν
2800 1681 3167 1752 ἀνθρωπίνοις
3239 1682 3637 1752 ἐπιτηδεύμασι
3724 1680 3962 1750 διαγρά-

688 1771 901 1823 φοντες.

762 1856 923 1930 253
946 1858 1195 1916 ZONAR.
1220 1864 1322 1931 Qui
1351 1867 1418 1921 ah
1446 1868 1685 1921 Hebraais
1711 1885 1881 1938 agnus
1910 1870 2054 1924 Mose
2076 1869 2267 1940 praeci-

2440 1866 2687 1921 ΖΩΝΑΡ.
2732 1864 2790 1916 Ὀ
2829 1866 2945 1928 τοϊς
2986 1863 3265 1934 Ἑϐραίοις
3300 1864 3452 1933 παρά
3482 1862 3729 1925 Μωσέως
3766 1861 3961 1915 ἐνταλο

690 1950 876 2017 piente
901 1955 1214 2010 immolatus
1239 1967 1340 2023 est,
1362 1957 1518 2027 cujus
1539 1963 1803 2030 sanguine
1826 1961 2141 2031 consignata
2173 1963 2270 2015 do-

694 2057 900 2095 morum
922 2043 1105 2098 Iimina
1128 2051 1608 2120 primogenitoruni
1631 2055 1966 2109 interfectori
1991 2057 2268 2109 inaccessa

692 2134 865 2200 fuere,
891 2137 943 2188 iu
975 2137 1172 2190 Christi
1207 2139 1337 2195 .Iesu
1375 2143 1585 2197 Domini
1619 2147 1789 2198 nostri
1826 2157 2009 2217 typum
2041 2163 2102 2200 ac
2133 2148 2267 2199 ima-

693 2226 869 2290 giuem
897 2230 1185 2286 referebat.
1214 2232 1558 2304 Quapropter
1582 2250 1631 2290 et
1660 2237 1922 2306 Baptista,
1955 2255 2078 2293 eum
2108 2240 2268 2294 Chri-

692 2329 837 2372 stum
891 2325 1089 2392 populo
1141 2327 1430 2392 indicaret,
1476 2330 1633 2393 Ecce,
1673 2334 1871 2400 inquit,
1921 2334 2105 2404 Agnus
2146 2334 2259 2395 Dei,

690 2415 785 2482 qui
831 2416 971 2469 tollit
1006 2429 1289 2486 peccatum
1325 2423 1534 2478 mundi.
1568 2423 1806 2480 Proinde
1847 2427 1899 2480 in
1939 2426 2266 2493 imaginibus

690 2524 908 2578 quoque
937 2526 1133 2580 agnus.
1154 2528 1274 2568 cum
1303 2513 1654 2571 Prmcursore
1683 2518 1833 2572 illum
1863 2521 2074 2573 intento
2097 2519 2264 2587 digito

694 2612 1061 2667 monstrante,
1096 2605 1473 2674 cﬂingebatur.
1511 2609 1664 2675 Quod
1697 2611 1915 2680 quidem
1957 2610 2070 2664 haec
2101 2626 2267 2680 syno-

690 2691 794 2744 dus
824 2693 938 2746 Iieri
979 2703 1145 2760 vetat,
1174 2697 1378 2766 Iiguras
1405 2699 1620 2765 dicens,
1655 2709 1707 2753 et
1742 2701 1987 2762 umbras,
2022 2708 2081 2753 ut
2109 2703 2263 2770 signa

691 2783 940 2837 veritatis
989 2787 1322 2859 iudiciaque,
1375 2805 1741 2857 veneramur;
1787 2793 1882 2847 sed
1933 2794 2163 2862 gratiam
2211 2800 2266 2846 et

689 2874 981 2930 veritatem
1039 2878 1200 2950 longe
1232 2882 1408 2950 pluris
1441 2882 1686 2936 facienda
1723 2900 1846 2939 esse
1890 2885 2204 2953 jlldlt'alllUS
2247 2901 2262 2939 :

692 2982 756 3018 ac
796 2983 863 3022 ne
901 2969 951 3022 in
981 2983 1258 3039 posterum
1303 2975 1370 3037 is,
1406 2976 1500 3044 qui
1550 2985 1832 3044 peceatum
1870 2976 2057 3031 mundi
2101 2978 2263 3040 tollit,

692 3060 816 3125 agni
862 3063 1042 3129 specie
1078 3065 1130 3116 in
1181 3067 1511 3133 imaginibus
1562 3070 1836 3138 piugatur,
1880 3069 1976 3122 sed
2025 3074 2264 3124 humano

692 3150 878 3204 habitu
913 3168 976 3206 ac
1011 3154 1180 3223 ﬁgura
1208 3160 1570 3226 exprimatur,
1601 3159 1946 3214 decernimus
1972 3177 1987 3225 ;
2013 3170 2071 3214 ut
2105 3161 2253 3223 hinc,

692 3259 816 3309 qua:
847 3255 1030 3297 nostra
1056 3262 1220 3302 causa
1253 3247 1410 3302 Verbi
1441 3249 1528 3304 Dei
1555 3251 1788 3321 abjectio
1813 3253 2266 3323 demissiouisque

694 3337 1038 3393 immensitas
1083 3340 1264 3405 fuerit,
1303 3342 1677 3412 intelligamus
1701 3385 1714 3406 ,
1753 3345 1982 3414 ejusque
2013 3345 2064 3398 in
2100 3361 2265 3398 carne.

695 3432 1154 3494 conversationis.
1188 3444 1241 3487 et
1279 3438 1554 3502 passionis
1590 3451 1658 3490 ac
1704 3437 1896 3491 mortis
1923 3454 2140 3507 quoque
2175 3452 2266 3490 sa-

695 3521 912 3583 lutaris.
963 3532 1014 3576 et
1082 3541 1425 3595 quaecunque
1474 3529 1692 3588 demum
1747 3530 1800 3582 in
1860 3546 1958 3583 nos
2017 3531 2263 3595 contulit,

697 3613 1109 3678 heueliciorum,
1136 3623 1453 3671 memoriam
1486 3629 1747 3690 perpetuo
1777 3636 2190 3676 conservemus.

695 3792 920 3847 ARIST.
963 3815 980 3847 ι
1016 3793 1135 3850 Non
1172 3796 1433 3867 depinges
1466 3813 1666 3868 agnum
1698 3799 1750 3851 in
1786 3808 1966 3868 typum
2001 3798 2207 3852 Christi
2249 3815 2262 3850 :

1165 3907 1185 3939 ι
1224 3892 1316 3942 sed
1352 3891 1503 3943 illum
1541 3892 1741 3959 ipsum.
1789 3910 1808 3942 ι

767 3983 963 4050 Agnus
997 3981 1049 4034 in
1092 3985 1200 4036 veri
1233 3984 1437 4037 Christi
1484 3985 1575 4036 Dei
1610 3985 1783 4038 nostri
1819 3993 2002 4055 typum
2050 3979 2266 4038 ass'um-

700 4084 825 4138 ptus
853 4074 974 4126 fuit.
1006 4074 1068 4127 Et
1095 4089 1203 4129 non
1233 4085 1444 4143 oportet
1474 4084 1659 4146 typum
1685 4079 1899 4131 veritati
1925 4091 2264 4146 praeponere,

699 4173 752 4217 t-t
782 4182 982 4234 agnum
1022 4170 1072 4220 in
1098 4170 1505 4225 venerabilibus
1541 4171 1871 4241 imaginibus
1899 4171 2266 4225 Prazcursoris

700 4257 870 4324 digito
897 4269 1261 4312 tnoustratum
1289 4261 1588 4330 depingere
1614 4279 1627 4315 :
1658 4263 1754 4315 sed
1781 4265 1957 4330 ipsum
1986 4263 2264 4317 Christum

699 4358 755 4399 ιιι
780 4348 945 4402 Deum
972 4359 1218 4406 nostrum
1244 4355 1407 4407 etiam
1435 4356 1711 4410 coloribus
1739 4356 2070 4411 delineatum
2094 4356 2264 4410 forma

699 4444 940 4499 humana
977 4449 1300 4513 exprimere.

1209 4628 1437 4683 CANON
1481 4628 1759 4683 LXXXIII.

707 4737 728 4770 ι
766 4717 935 4773 Nemo
964 4730 1303 4775 mortuorum
1337 4724 1663 4791 corporibus
1695 4724 2087 4778 Eucharistiam
2120 4739 2270 4778 com-

777 4830 794 4861 ι
837 4811 1090 4867 municet.
1147 4814 1422 4884 Scriptum
1473 4826 1558 4869 est
1603 4803 1767 4877 enim,
1817 4815 2068 4886 Accipite,
2104 4832 2272 4869 come-

724 4891 728 4896 ’
777 4920 796 4952 ι
836 4905 941 4956 dite
974 4905 1041 4956 ³³.
1087 4903 1426 4958 Mortuorum
1463 4915 1644 4960 autem
1693 4921 1923 4976 corpora
1979 4923 2080 4962 nec
2127 4908 2270 4962 acci-

779 5015 798 5043 ‹
840 5012 967 5064 pere
994 5006 1244 5066 possunt,
1280 5014 1381 5053 nec
1417 5000 1724 5054 comedere.
1769 5018 1788 5051 ι

774 5087 969 5143 BALS.
1013 5089 1275 5145 Dominus
1307 5100 1360 5146 et
1393 5092 1537 5147 Deus
1572 5105 1757 5148 noster
1795 5092 1953 5147 Jesus
1987 5093 2263 5156 Christus,

703 5195 833 5234 cum
873 5198 976 5234 una
1025 5198 1148 5236 cum
1197 5185 1315 5240 suis
1362 5185 1649 5255 discipulis
1681 5201 1910 5240 cmnans
1939 5187 2021 5241 eis
2070 5202 2264 5254 panem

706 5273 1063 5342 impertiisset
1095 5315 1110 5338 ,
1160 5276 1299 5330 dixit
1346 5279 1620 5348 :Accipc,
1687 5279 1988 5343 comedile;
2043 5279 2138 5332 hoc
2190 5290 2268 5332 est

775 5455 819 5484 “
844 5453 1037 5507 Matth.
1067 5469 1209 5516 sxw,
1237 5452 1326 5506 26.

2373 1960 2490 2024 θεὶς
2520 1959 2925 2027 σφαγιασθῆναι
2948 1957 3141 2027 ἀμνὸς,
3166 1949 3334 2029 ούτῷ
3363 1957 3557 2026 αἵματι
3588 1957 3642 2008 αἱ
3669 1954 3828 2023 φλιαὶ
3852 1955 3964 2007 τῶν

2368 2055 2535 2107 οἴκων
2569 2051 2747 2104 αὐτῶν
2777 2051 3086 2120 χρισθεῖσαι
3114 2050 3303 2103 ἄϐατοι
3340 2050 3414 2119 τῷ
3446 2048 3556 2102 τῶν
3585 2048 3962 2117 πρωτοτόκων

2368 2141 2509 2216 ἦσαν
2546 2145 2862 2213 ὀλοθρευτῇ,
2899 2145 2988 2195 τὸν
3029 2145 3236 2214 Κύριον
3282 2144 3441 2213 ἡμῶν
3473 2139 3682 2211 Ἰησοῦν
3719 2141 3964 2209 Χριστὸν

2372 2238 2686 2308 προετύπου
2719 2239 2812 2289 καὶ
2842 2236 3239 2307 προεικόνιζεν.
3276 2235 3441 2287 Ὅθεν
3471 2236 3565 2286 καὶ
3590 2236 3617 2286 ὁ
3640 2233 3966 2294 Βαπτιστῆς

2367 2323 2629 2376 δεικνύων
2688 2327 2802 2386 τοῖς
2833 2323 2984 2386 λαοῖς
3013 2323 3102 2376 τὸν
3153 2322 3407 2392 Χριστὸν,
3445 2322 3550 2373 Ἰδε
3587 2324 3613 2373 ὀ
3660 2320 3840 2388 ἀμνὸς
3869 2319 3964 2372 τοῦ

2366 2415 2527 2478 Θεοῦ,
2586 2415 2715 2485 ἔφη,
2768 2419 2796 2468 ὁ
2848 2415 3018 2486 αἴρων
3080 2414 3181 2485 τὴν
3235 2415 3515 2484 ἁμαρτίαν
3571 2411 3666 2464 τοῦ
3725 2412 3962 2478 κόσμου.

2379 2507 2681 2578 Ἐγράφετο
2736 2507 2833 2561 οὖν
2877 2510 2934 2560 ὲν
2973 2509 3181 2562 εἰκόσιν
3213 2507 3406 2576 ἀμνὸς,
3456 2508 3548 2560 καὶ
3577 2509 3605 2558 ὁ
3641 2505 3966 2574 Προδρομος

2364 2599 2443 2666 τῷ
2465 2598 2715 2667 δακτύλῳ
2740 2598 3009 2652 δεικνύων
3040 2599 3226 2653 αὐτόν.
3256 2599 3426 2650 Τοῦτο
3448 2597 3503 2648 δὲ
3543 2597 3617 2665 μὴ
3645 2597 3902 2662 γίνεσθαι
3926 2596 3958 2663 ἡ

2368 2691 2584 2754 σύνοδος
2611 2691 2753 2761 αὕτη
2786 2692 3130 2760 θεσμοθετεῖ,
3167 2690 3404 2757 λέγουσα
3440 2690 3520 2741 ὅτι
3571 2688 3698 2750 τοὺς
3735 2688 3836 2756 μὲν
3863 2691 3962 2739 τύ-

2366 2803 2500 2848 πους
2534 2787 2628 2839 καὶ
2667 2786 2772 2846 τάς
2801 2785 2961 2844 σκιὰς
2989 2784 3239 2853 τιμῶμεν
3290 2785 3366 2846 ὡς
3398 2782 3644 2851 σύμϐολα
3698 2782 3800 2848 τῆς
3834 2780 3967 2847 ἀλη-

2366 2837 2516 2938 θείας
2548 2837 2646 2929 καὶ
2674 2837 3151 2946 προχαράγματοηΙ
3176 2837 3537 2944 πὶοτιμῶμιεν
3562 2874 3620 2928 δὲ
3649 2837 3962 2944 τὴννχαριιν

2367 2967 2463 3021 καὶ
2488 2966 2586 3038 τὴν
2616 2967 2878 3036 ἀλήθειαν
2910 2969 3023 3036 (95)
3047 2985 3060 2997 ·
3093 2968 3183 3019 καὶ
3217 2966 3476 3036 ὁρίζομεν
3506 2969 3706 3036 μηκέτι
3740 2967 3798 3017 ὲν
3827 2966 3962 3017 εἴδει

2366 3062 2544 3129 ἀμνοῦ
2574 3063 2885 3132 γράφεσθαι
2915 3063 3006 3116 τὸν
3035 3062 3261 3134 αἴροντα
3296 3063 3396 3132 τὴν
3429 3062 3712 3132 ἁμαρτίαν
3743 3060 3840 3113 τοῦ
3866 3059 3964 3112 κύ-

2371 3170 2535 3220 σμου,
2559 3154 2694 3206 ἀλλά
2725 3155 2867 3207 κατὰ
2891 3155 2983 3207 τὸν
3001 3154 3339 3223 ἀνθρώπινον
3363 3153 3690 3224 χαρακτῆρα
3716 3155 3956 3220 ἀναπη-

2293 3235 2337 3292 C
2369 3246 2595 3300 λοῦσθαι
2626 3246 2790 3300 αὑτὸν
2813 3249 2871 3300 ὲν
2895 3247 3105 3300 εἰκόσιν
3124 3264 3138 3278 ⁸
3188 3247 3257 3299 ἵν’
3279 3245 3422 3299 οὕτω
3449 3248 3813 3314 κατανοῶμεν
3851 3243 3954 3312 τὴν

2375 3339 2784 3406 συγκατάϐασιν
2807 3338 2899 3391 τοῦ
2926 3338 3064 3390 Θεοῦ
3086 3337 3283 3405 Λόγου,
3317 3340 3410 3390 καὶ
3438 3337 3498 3390 τὸ
3521 3337 3616 3406 τῆς
3647 3334 3816 3387 αὑτοῦ
3865 3351 3966 3384 τα-

2373 3430 2686 3493 πεινώσεως
2711 3431 2972 3501 ἄμετρον,
2993 3432 3086 3482 καὶ
3121 3430 3556 3500 μνημονεύωμεν
3583 3429 3679 3497 τῆς
3707 3429 3766 3478 ὲν
3789 3427 3965 3495 σαρκὶ

2372 3525 2720 3593 ἀναστροφῆς
2753 3523 2941 3579 αὑτοῦ.
2976 3524 3074 3575 καὶ
3109 3522 3204 3575 τοῦ
3238 3523 3446 3584 πάθους
3497 3520 3595 3574 καὶ
3634 3519 3729 3572 τοῦ
3783 3535 3966 3589 σωτη-

2376 3616 2492 3686 ρίου
2514 3617 2764 3681 θανάτου,
2801 3617 2894 3669 καὶ
2919 3617 3060 3669 ὅσων
3094 3615 3424 3682 εὐεργεσιῶν
3458 3613 3724 3682 ἐτύχομεν
3754 3609 3824 3662 δι’
3860 3611 3965 3663 αύ-

2372 3709 2488 3764 τοῦ.
2754 3712 2762 3720 ’

2374 3803 2593 3857 ΑΡΙΣΤ.
2635 3821 2650 3850 ι
2697 3801 2777 3852 Οὐ
2824 3798 3084 3870 χαράξεις
3131 3800 3307 3868 ἀμνὸν
3359 3799 3439 3860 εἰς
3487 3795 3656 3848 τύπον
3686 3795 3960 3864 Χριστοῦ,

2826 3911 2844 3943 ι
2886 3891 3001 3943 ἀλλ’
3030 3893 3239 3943 ἐκεῖνον
3268 3891 3450 3942 αὐτόν.
3493 3910 3512 3943 ι

2455 3985 2514 4038 Ὀ
2543 3984 2715 4053 ἀμνὸς
2742 3985 2820 4045 εἰς
2845 3982 3018 4034 τύπον
3046 3981 3372 4052 παρελήφθη
3404 3983 3498 4035 τοῦ
3529 3979 3790 4052 ἀληθινοῦ
3819 3982 3963 4052 Χρι-

2376 4074 2504 4127 στοῦ
2533 4075 2629 4127 τοῦ
2658 4073 2793 4126 Θεοῦ
2819 4073 2998 4142 ἡμῶν.
3049 4074 3161 4126 Καὶ
3192 4074 3252 4125 ού
3277 4074 3384 4143 χρὴ
3416 4073 3508 4125 τὸν
3556 4074 3729 4126 τύπον
3758 4090 3963 4142 προτι-

2380 4168 2585 4235 μᾶσθαι
2617 4169 2717 4234 τῆς
2751 4164 3034 4232 ἀληθείας,
3071 4163 3168 4215 καὶ
3229 4163 3401 4232 ἀμνὸν
3458 4165 3518 4215 ἐν
3549 4165 3671 4226 ταῖς
3725 4165 3963 4225 σεπταῖς

2376 4260 2579 4312 εἰκόσιν
2610 4258 2934 4327 ἐγγράφειν,
2961 4253 3036 4324 τῷ
3072 4254 3323 4321 δακτύλῳ
3375 4254 3470 4306 τοῦ
3498 4253 3820 4322 Προόρόμου
3845 4255 3964 4306 δει-

2375 4353 2641 4422 κνύμενον
2665 4371 2683 4387 ο
2714 4350 2829 4404 ἀλλ’
2860 4350 3025 4404 αὑτὸν
3048 4349 3141 4401 τὸν
3166 4350 3404 4418 Χριστὸν
3459 4348 3554 4401 καὶ
3606 4347 3740 4400 Θεὸν
3766 4348 3961 4414 ἡμῶν,

2377 4449 2470 4500 καὶ
2511 4450 2569 4498 ἐν
2624 4448 2745 4507 ταῖς
2784 4443 3270 4513 χρωματουργίαις
3328 4441 3485 4494 κατα
3509 4439 3570 4493 τὸ
3607 4439 3965 4511 ἀνθρώπινον

2376 4539 2753 4610 ἐγχαράττειν.

2963 4627 3198 4679 ΚΑΝΩΝ
3231 4627 3353 4679 III".

2380 4746 2398 4778 ι
2439 4726 2642 4795 Μηδεὶς
2667 4726 2780 4786 τοῖς
2806 4723 3021 4792 σώμασι
3055 4721 3164 4772 τῶν
3191 4719 3633 4790 τελευτησάντων
3655 4719 3756 4787 τῆς
3782 4719 3962 4787 εὖχα·

2451 4837 2469 4868 ι
2513 4818 2726 4888 ριστίας
2781 4815 3125 4883 μεταδιδότω.
3165 4814 3475 4883 Γέγραπται
3521 4812 3629 4881 γάρ
3663 4811 3963 4876 ’Λάϐετε,

2453 4932 2471 4964 ι
2507 4910 2724 4980 φάγετε
2746 4927 2759 4940 ·
2785 4911 2854 4960 τά
2880 4909 2936 4960 δὲ
2965 4908 3074 4958 τῶν
3104 4907 3313 4973 νεκρῶν
3363 4903 3590 4970 σώματα
3615 4902 3740 4954 οὐδὲ
3767 4902 3966 4956 λαϐεῖν

2453 5023 2471 5056 ι
2507 5004 2750 5063 δύναται,
2780 5000 2902 5052 οὐδὲ
2930 5001 3148 5067 φαγεῖν.
3182 5017 3199 5047 ι

2444 5092 2733 5161 ΒᾹΛΣ.ε⁹Ο
2763 5091 2963 5158 Κύριος
2992 5091 3087 5142 καὶ
3110 5090 3241 5150 Θεὸς
3256 5088 3415 5157 ἡμῶν
3452 5085 3655 5157 Ἰησοῦς
3691 5085 3961 5153 Χριστὸς,

2376 5187 2671 5255 δειπνήσας
2704 5186 2842 5254 μετὰ
2856 5183 2967 5234 τῶν
2995 5181 3214 5234 οἰκείων
3239 5180 3519 5250 μαθητῶν,
3540 5180 3632 5232 καὶ
3661 5176 3759 5229 τοῦ
3785 5180 3962 5247 ἄρτου

2382 5278 2591 5339 τούτοις
2612 5275 2946 5346 μεταδιδοὺς,
2987 5273 3228 5337 Λάϐετε,
3261 5273 3500 5342 φάγετε,
3531 5271 3737 5339 ἔφησε·
3795 5268 3961 5321 τοῦτό

1887 5568 2076 5628 Guill.
2116 5569 2442 5644 [ξενωθέῙὶ
2491 5577 2678 5626 notae.

781 5697 890 5760 493)
921 5696 1040 5761 Τὴν
1066 5697 1241 5762 χάριν
1267 5696 1362 5748 καὶ
1389 5699 1504 5761 τὴν
1531 5697 1839 5762 ἀλήθειαν.
1873 5699 1926 5749 In
1958 5697 2170 5749 Ileuriei
2207 5696 2270 5749 II.

706 5782 752 5816 ιιι
791 5767 1032 5820 ΟιιιθιιιΙί
1071 5771 1116 5819 «Ι.
1169 5767 1230 5820 C.
1279 5767 1560 5821 codicibus
1602 5767 1754 5820 locus
1795 5768 1880 5819 hic
1921 5769 2000 5820 sic
2037 5770 2266 5833 legitur-

708 5837 1068 5904 Ιίροτιμῶμ.εν
1093 5839 1147 5888 δὲ
1183 5841 1279 5906 τὴν
1308 5837 1466 5906 χάριν
1505 5839 1596 5887 καὶ
1643 5839 1739 5904 τὴν
1778 5838 2034 5905 ἀλήθειαν
2057 5877 2071 5897 ν
2109 5839 2275 5906 ἤγουν

679 5909 847 5961 -αύτὰ
877 5908 941 5960 τὰ
972 5910 1290 5976 πράγμαῖα,
1320 5910 1384 5961 τὰ
1413 5909 1498 5961 διὰ
1525 5909 1629 5959 τῶν
1663 5909 1939 5976 συμϐόλων
1962 5910 2271 5977 Tmoliten

2379 5697 2473 5746 καὶ
2521 5694 2849 5762 δηλούμενα,
2881 5693 2986 5748 Sed
3027 5695 3254 5762 gratiam
3284 5701 3335 5742 et
3380 5692 3663 5762 veritatem.
3691 5689 3812 5762 ‘hoc
3860 5701 3959 5751 est,

2382 5782 2461 5816 res
2503 5766 2666 5831 ipsas.
2691 5759 2831 5833 'qun:
2869 5759 3043 5832 signis
3079 5765 3444 5830 exprimuntur
3490 5771 3534 5812 et
3583 5759 3959 5833 declarantur,

2385 5830 2533 5901 lonqe
2565 5830 2736 5900 pluris
2765 5830 3006 5902 facierida
3039 5851 3149 5886 esse
3184 5833 3498 5895 iudicamus.
3537 5830 3640 5882 Sed
3683 5832 3732 5880 in
3767 5830 3962 5884 codice

2387 5907 2816 5960 Amabat-hiant)
2851 5908 3020 5960 lectus
3048 5913 3150 5966 est,
3191 5913 3249 5955 ut
3279 5918 3308 5954 a
3347 5902 3502 5956 nobis
3527 5903 3733 5955 editus.
