4218 6458
307 384 414 444 793

1284 403 1364 461 ΙΝ
1402 403 1565 465 CAN.
1607 407 1897 468 LXXXIV
1925 409 2131 474 CONC.
2171 414 2250 472 IN
2287 415 2611 478 TRULLO.

3451 413 3555 476 794

303 492 439 548 ἐστι
459 498 522 550 τὸ
538 499 710 568 σῶμά
725 522 844 571 μου
867 506 933 560 τὸ
955 507 1106 574 ὑπὲρ
1134 508 1300 576 ὑμῶν
1318 511 1624 577 κλώμενον
1646 531 1730 577 εις
1751 514 1892 580 ἀρε·
1926 524 1969 579 Δ

1883 545 1892 555 ·
1926 524 1971 579 Α
2000 536 2190 586 Corpus
2219 537 2387 573 meum
2413 560 2429 582 ,
2459 523 2597 587 quod
2632 537 2726 590 pro
2762 521 2901 574 vobis
2937 521 3205 590 frangitur
3234 536 3329 588 pro
3369 523 3549 573 remis-

306 601 414 639 σιν
459 589 785 659 ἁμαρτιῶν·
825 599 1006 662 καθὼς
1043 600 1199 653 τοῦτο
1230 603 1288 653 ὲν
1307 602 1658 670 Εὑαγγελίοις
1676 605 1882 676 γέγρα-

307 696 463 736 πται.
493 685 711 740 Εῖθιστο
747 691 878 757 γοῦν
905 693 1012 761 πρὸ
1039 695 1139 759 τῆς
1189 695 1408 749 συνόδου
1464 697 1669 767 ταύτης
1727 697 1881 768 παρά

306 791 422 826 τισι
461 779 799 843 μεταδιδόναι
829 783 938 837 τῶν
975 784 1134 839 θείων
1167 786 1523 857 ἀγιασμάτων
1543 790 1741 858 (ταῦτα
1768 791 1880 864 γὰρ

308 867 676 939 Ευχαριστίαν
703 877 750 928 οῖ
786 877 1022 946 Πατέρες
1057 878 1369 949 ὠνόμασαν)
1404 881 1621 950 σώμασι
1643 887 1878 953 νεκροῖς.

310 961 486 1014 Τοῦτο
511 959 602 1017 οὖν
633 968 932 1030 κωλύοντες
962 972 1010 1023 οῖ
1038 972 1300 1042 Πατέρες,
1337 974 1659 1044 διωρίσαντο
1685 977 1880 1046 μηκέτι

305 1054 550 1108 τοιοῦτόν
593 1075 644 1111 τι
697 1061 964 1126 γίνεσθαι.
1011 1063 1156 1126 Ὅτι,
1192 1069 1346 1132 φασὶ,
1379 1067 1686 1139 γέγραπται
1711 1085 1726 1100 ο
1763 1068 1880 1124 Ad-

308 1146 466 1210 6€te,
494 1147 744 1218 φάγετε·
775 1152 844 1205 τὰ
867 1152 922 1206 δὲ
959 1153 1184 1222 σώματα
1235 1157 1342 1209 τῶν
1384 1159 1593 1228 νεκρῶν
1631 1160 1752 1214 οὔτε
1786 1161 1880 1214 λα-

307 1237 424 1290 ϐεῖν
454 1239 578 1293 οὔτε
613 1248 806 1312 φαγεῖν
832 1245 1106 1301 δύνανται.
1183 1247 1522 1317 Ἀνάγνωσον
1575 1251 1669 1304 καὶ
1697 1250 1786 1306 τὸν
1809 1252 1879 1320 ιη’

304 1332 511 1388 κανόνα
537 1335 639 1403 τῆς
659 1339 718 1389 ὲν
747 1339 1072 1412 Καρθαγένῃ
1104 1341 1346 1396 συνόδου.
1381 1344 1456 1396 Τὸ
1487 1344 1670 1412 μέντοι
1702 1346 1877 1416 χειρί-

305 1427 495 1490 ζεσθαι
525 1433 638 1492 τοῖς
663 1433 980 1504 ἀρχιερεῦσι
1009 1435 1146 1504 μετά
1193 1437 1452 1508 τελευτὴν
1497 1437 1654 1505 ἅγιον
1690 1440 1877 1511 ἄρτον,

303 1521 404 1573 καὶ
430 1522 602 1583 οὕτως
627 1526 1069 1593 ὲνταφιάζεσθαι,
1119 1529 1323 1598 νομίζω
1352 1530 1594 1597 γίνεσθαι
1634 1532 1713 1594 είς
1744 1535 1880 1587 ἀπο-

302 1617 516 1684 τροπὴν
542 1615 650 1669 τῶν
681 1618 998 1685 δαιμονίων.
1046 1621 1141 1674 καὶ
1169 1622 1255 1675 ἵνα
1288 1622 1357 1676 δι’
1394 1623 1557 1678 αὐτοῦ
1585 1623 1876 1695 ἑφοδιάζη-

301 1725 394 1760 ται
421 1709 556 1778 πρὸς
603 1711 832 1781 οὐρανὸν
903 1716 931 1767 ὁ
975 1714 1070 1767 τοῦ
1113 1715 1350 1786 μεγάλου
1378 1719 1472 1772 καὶ
1513 1718 1875 1772 ἀποστολικοῦ

311 1800 674 1865 καταξιωθεὶς
706 1806 1153 1876 ἐπαγγέλματος.

1984 610 2182 666 sionem
2240 622 2611 680 peceatorum,
2656 617 2800 668 sicut
2878 615 2978 667 hoc
3031 614 3290 682 scriptum
3351 620 3433 665 est
3500 612 3551 663 in

1984 701 2310 770 Evangeliis.
2357 705 2498 758 Ante
2556 705 2696 758 hanc
2753 717 2881 771 ergo
2934 703 3196 772 synodum
3263 717 3384 755 mos
3437 711 3554 753 erat

1985 792 2260 847 nonnullis
2304 791 2487 847 divina
2523 801 2864 847 sacramenta
2911 793 2996 859 (ea
3029 793 3174 846 enim
3217 791 3406 846 Patres
3444 789 3553 842 Eu-

1983 880 2297 936 cliaristiam
2334 884 2709 953 nominavere)
2735 883 3064 954 corporibus
3091 885 3318 938 mortuis
3351 884 3554 951 imper-

1983 974 2110 1029 tire.
2159 974 2347 1030 Patres
2393 991 2525 1040 ergo
2573 975 2676 1030 boc
2725 978 2837 1030 ﬂeri
2875 975 3249 1046 prohibentes,
3285 975 3389 1028 tale
3419 975 3548 1041 quid

1983 1079 2090 1120 non
2154 1067 2389 1135 amplius
2450 1067 2761 1121 faciendum
2821 1067 3203 1121 decreverunt.
3257 1064 3550 1131 Quoniam,

1983 1155 2259 1226 inquiunt,
2289 1157 2550 1226 scriptum
2569 1167 2674 1222 est,
2699 1158 2953 1225 Accipite.
2981 1157 3232 1212 comedite
3261 1171 3278 1210 :
3309 1167 3550 1209 mortuo~

1981 1265 2099 1304 rum
2146 1259 2326 1304 autem
2379 1265 2602 1320 corpora
2649 1267 2756 1304 non
2821 1260 3050 1319 possunt
3119 1250 3369 1318 accipere
3450 1264 3549 1301 nec

1979 1343 2286 1398 comedere.
2312 1342 2453 1410 Lege
2479 1350 2531 1396 et
2559 1343 2624 1396 18
2647 1359 2769 1397 can.
2803 1343 2991 1396 Carth.
3017 1358 3138 1412 syn.
3173 1341 3331 1407 Quod
3365 1351 3546 1394 autem

1980 1447 2204 1490 Sanctus
2258 1436 2413 1503 panis
2459 1436 2797 1490 antistitibus
2833 1446 2957 1504 post
3002 1445 3228 1488 mortem
3272 1434 3545 1495 tradatur,

1978 1536 2033 1581 et
2063 1529 2146 1580 sic
2171 1527 2533 1594 sepeliantur,
2565 1527 2818 1582 existimo
2846 1528 2952 1581 hoc
2986 1527 3099 1580 ﬁeri
3127 1528 3192 1580 ad
3224 1527 3548 1581 avertendos

1975 1621 2276 1687 dzemouas,
2311 1632 2364 1676 et
2395 1631 2454 1676 ut
2486 1637 2582 1690 per
2617 1622 2817 1687 ipsum,
2851 1630 3107 1688 tanquam
3141 1619 3418 1684 viaticum,
3450 1618 3547 1672 dc-

1977 1713 2208 1766 ducatur
2259 1714 2324 1766 ad
2362 1713 2582 1777 caelum,
2615 1712 2706 1781 qui
2745 1725 2938 1779 magna
2978 1719 3030 1764 et
3080 1709 3544 1780 apostolicalpro-

1979 1802 2215 1857 fessione
2245 1803 2442 1872 dignus
2473 1814 2555 1858 est
2587 1801 2832 1856 habitus.

375 1893 619 1948 ΖΩΝΑΡ.
660 1857 913 1967 Ἐθοίῆν
939 1857 1165 1953 naiath
1207 1901 1579 1970 μεταδίδοσθαι
1628 1857 1742 1965 τοῖς
1790 1920 1872 1954 νε-
1910 1871 1949 1924 Β

1910 1871 1949 1924 Β
2048 1857 2591 1961 ΖΟΝΑΒ.υΑιιιί‹ιυιε
2635 1891 3052 1946 consuetudinis
3096 1892 3194 1944 fuit
3241 1907 3444 1960 corpus
3491 1903 3543 1946 et

299 1989 455 2053 κροῖς
481 1987 696 2056 σώμασι
725 1991 834 2043 τῶν
862 1994 1303 2065 τελευτησάντων
1351 1996 1447 2049 τοῦ
1483 1999 1737 2066 σώματος
1781 1998 1875 2052 καὶ

299 2080 394 2132 τοῦ
458 2081 690 2150 αἵματος
742 2085 835 2137 τοῦ
873 2086 1100 2154 Κυρίου.
1165 2088 1337 2142 Τοῦτο
1392 2093 1499 2160 γὰρ
1557 2091 1873 2161 ὠνόμασται

299 2171 653 2241 Εὐχαριστία,
677 2174 758 2226 ὅτι
781 2175 1122 2243 εὐχαριστεῖν
1143 2181 1288 2249 ἡμᾶς
1313 2180 1416 2250 χρὴ
1441 2181 1876 2252 μεταλαμόἀνον-

297 2281 398 2325 τας
427 2265 651 2327 τούτων,
687 2267 762 2329 ὡς
783 2267 1114 2334 ἀξιωθέντας
1145 2272 1402 2328 τοιούτων
1430 2274 1671 2341 δωρεῶν.
1699 2274 1873 2328 Τοῦτο

297 2357 477 2409 τοίνυν
509 2357 756 2424 γίνεσθαι
780 2361 808 2412 ὁ
829 2361 1007 2413 κανὼν
1032 2364 1408 2433 ἀπηγόρευσε,
1434 2365 1530 2418 καὶ
1561 2365 1659 2434 τὴν
1690 2367 1872 2418 αἰτίαν

296 2438 495 2513 ἐπάγει
522 2449 697 2516 λέγων
727 2451 808 2504 ὅτι
839 2454 866 2504 ὁ
906 2453 1106 2525 Κύριος
1133 2455 1406 2525 διανέμων
1443 2457 1534 2510 τὸν
1563 2458 1726 2524 ἄρτον
1757 2463 1874 2520 τοῖς

300 2537 594 2608 μαθηταῖς,
618 2540 860 2602 Λάϐετε,
889 2543 1131 2612 φάγετε,
1162 2541 1285 2598 εἶπε
1308 2564 1320 2577 ο
1347 2547 1414 2599 τά
1446 2547 1502 2600 δὲ
1534 2550 1872 2616 νεκρωθέντα

298 2626 528 2696 σώματα
587 2628 711 2683 οὔτε
763 2631 950 2684 λαϐεῖν
999 2632 1122 2684 οὔτε
1159 2638 1356 2704 φαγεῖν
1404 2635 1644 2692 δύναται.
1708 2639 1813 2690 Καὶ
1844 2642 1872 2692 ὁ

295 2721 768 2786 ὀκτωκαιδέκατος
819 2725 999 2778 κανὼν
1055 2730 1151 2795 τῆς
1186 2730 1242 2780 ὲν
1273 2730 1604 2802 Καρθαγένῃ
1650 2732 1870 2784 συνόδου

295 2817 406 2884 πρὸ
441 2815 540 2885 τῆς
577 2816 798 2871 συνόδου
821 2817 1017 2885 ταύτης
1042 2819 1388 2890 ἀπηγόρευσε
1426 2823 1486 2875 τὸ
1512 2823 1611 2891 τῆς
1637 2824 1871 2896 Εὐχαρι-

297 2908 449 2970 στίας
485 2910 858 2976 μεταδίδοσθαι
880 2913 993 2974 τοῖς
1033 2915 1271 2975 νεκροῖς.

296 3090 523 3143 ΑΡΙΣΤ.
555 3108 572 3141 ι
607 3090 830 3161 Σώματι
874 3093 1052 3163 νεκρῷ
1096 3093 1158 3146 οὐ
1196 3093 1520 3162 μεταδοτέον
1561 3094 1670 3148 τῶν
1705 3096 1868 3165 ἁγια-

862 3202 881 3237 ι
933 3187 1178 3255 σμάτων.
1228 3205 1248 3240 ι

375 3275 598 3344 Ἐπειδὴ
624 3276 936 3347 γέγραπται
971 3293 984 3307 ’
1025 3278 1267 3342 Λάϐετε,
1299 3279 1549 3349 φάγε-τεο
1581 3279 1648 3334 τά
1674 3281 1731 3334 δὲ
1758 3282 1866 3335 τῶν

291 3370 504 3438 νεκρῶν
544 3370 774 3439 σώματα
805 3371 930 3424 οὔτε
950 3371 1142 3425 λαϐεῖν
1168 3372 1291 3426 οὔτε
1327 3376 1523 3442 φαγεῖν
1570 3374 1824 3428 δύνανται
1846 3391 1860 3405 ο

292 3462 470 3524 οὐδεὶς
496 3461 794 3530 μεταδώσει
847 3466 961 3527 τοῖς
999 3463 1360 3534 τελευτήσασι
1398 3465 1510 3520 τῶν
1568 3466 1729 3521 θείων
1770 3468 1867 3522 καὶ

292 3555 582 3625 ἀχράντων
608 3555 988 3626 ἀγιασμάτων.

675 3635 680 3640 ’
778 3653 791 3671 ί
882 3652 1123 3705 ΚΑΝΩΝ
1159 3655 1282 3708 ων.

299 3760 318 3792 ε
357 3741 484 3805 Τοῖς
515 3745 821 3808 κανονικοῖς
853 3743 961 3798 τῶν
993 3744 1255 3812 Πατὲρων
1318 3745 1543 3816 θεσμοῖς
1593 3747 1704 3816 (96)
1737 3764 1867 3801 κατ-

369 3851 389 3885 ε
429 3833 875 3900 ακο).ουθοῦντες,
905 3836 1162 3906 ὁρίζομεν
1207 3836 1301 3890 καὶ
1333 3838 1460 3907 περὶ
1497 3839 1605 3892 τῶν
1634 3840 1862 3909 νηπίων,

369 3943 389 3978 ι
425 3927 612 3990 ὁσάκις
658 3926 732 3998 μὴ
759 3927 1121 3997 εὑρίσκωνται
1188 3927 1399 3997 βέϐαιοι
1449 3932 1751 4001 μάρτυρες,
1784 3933 1863 3985 ·οί
1899 4006 1902 4007 ν

367 4035 388 4068 ε
424 4017 601 4072 ταῦτα
617 4018 1006 4087 ἀναμφιϐόλως
1029 4019 1399 4088 βαπτισθέντα
1423 4018 1562 4075 εἶναι
1589 4024 1860 4091 λέγοντες,

368 4127 389 4160 ι
426 4110 524 4162 καὶ
582 4109 706 4164 οὐδὲ
736 4111 909 4165 ταῦτα
936 4110 1048 4182 (95)
1107 4112 1196 4166 διὰ
1232 4112 1331 4183 τὴν
1361 4115 1554 4182 κεῖραν
1588 4115 1712 4184 περὶ
1765 4118 1864 4184 τῆς

366 4200 831 4272 «παραδοθείσης
886 4203 1072 4266 αὐτοῖς
1109 4203 1500 4272 μυσταγωγίας
1558 4205 1861 4274 ἀποκρίνα-

366 4309 387 4344 ε
427 4293 554 4347 σθαι
579 4293 903 4363 ἐπιτηδείως
931 4294 1136 4364 ἔχουσι,
1185 4298 1359 4366 χωρίς
1409 4314 1553 4360 τινος
1581 4300 1861 4368 προσκόμο

365 4402 387 4438 ε
431 4403 602 4456 ματος
649 4386 888 4455 ὀφείλειν
919 4387 1098 4442 ταῦτα
1132 4387 1522 4458 βαπτίζεσθαι*
1592 4393 1803 4461 μήποτε
1833 4395 1862 4446 ό

363 4494 384 4529 ε
421 4475 663 4540 τοιοῦτος
683 4477 982 4550 δισταγμδς
1003 4481 1360 4555 ἀποστερήσῃ
1389 4483 1530 4538 αὐτὰ
1550 4484 1648 4555 τῆς
1679 4487 1860 4541 τοιαύ-
1887 4557 1892 4561 γ

1887 4556 1937 4614 D

364 4587 386 4621 ε
421 4587 520 4638 της
552 4570 645 4624 τοῦ
678 4571 954 4641 ἀγιασμοῦ
989 4573 1332 4643 καθάρσεως.
1375 4593 1396 4629 ι

355 4661 551 4716 ΒΔΛΣ.
593 4661 656 4714 Οί
687 4664 746 4715 ἑν
796 4663 1128 4740 Καρθαγένῃ
1194 4667 1539 4732 συνελθόντες
1588 4671 1856 4742 Πατέρες,

282 4746 362 4807 ὧν
391 4755 420 4805 δ
444 4753 638 4824 παρὼν
664 4753 846 4808 κανὼν
899 4755 1196 4825 μέμνηται,
1239 4756 1299 4812 ἓν
1349 4758 1632 4832 βάπτισμα
1671 4763 1860 4832 ὁμολο-

283 4845 510 4914 γοῦντες
539 4847 684 4901 κατὰ
715 4848 815 4916 τὴν
853 4846 948 4900 τοῦ
979 4847 1139 4915 ἀγίου
1208 4851 1480 4920 συμϐόλου
1541 4853 1855 4923 περίληψιν,

283 4938 493 5009 ὥρισαν
535 4940 595 4991 εν
648 4939 833 4994 κανόνι
857 4938 933 5009 οβ’
963 4941 1090 5002 τοὺς
1115 4941 1172 4993 ὲν
1213 4942 1500 5013 νηπιότητι
1527 4944 1857 5016 λεγομένους

286 5031 680 5102 βαπτισθῆναι,
719 5033 831 5086 εῖτε
871 5032 1061 5102 καὶμὴ
1094 5033 1476 5103 βαπτίζεσθαι,
1512 5039 1607 5092 ὲάν
1640 5039 1717 5107 μὴ
1748 5036 1852 5095 ὦσι

1977 1986 2296 2055 sanguinem
2320 1984 2531 2039 Domini
2554 1995 2892 2038 mortuorum
2913 1984 3234 2053 corporibus
3254 1986 3545 2051 impertiri.

1976 2078 2070 2132 Illa
2130 2078 2394 2145 siquidem
2454 2069 2813 2130 Eucharistiae
2875 2077 3096 2132 nomine
3145 2077 3543 2144 intelliguntur,

1973 2170 2120 2240 quod
2150 2185 2210 2224 ea
2247 2170 2373 2223 dum
2407 2168 2760 2238 percipimus,
2784 2167 2852 2222 sit
2884 2182 2914 2220 a
2945 2167 3124 2231 nobis,
3153 2167 3244 2236 qui
3272 2168 3540 2237 ejusmodi

1975 2261 2290 2316 muneribus
2349 2260 2494 2330 digni
2551 2259 2718 2313 habiti
2778 2259 2993 2324 simus,
3047 2258 3346 2327 gratiarum
3399 2259 3544 2311 actio

1976 2352 2302 2405 adhibenda.
2337 2350 2390 2405 ld
2424 2351 2590 2420 igitur
2619 2351 2708 2403 hic
2738 2365 2912 2404 canon
2945 2349 3059 2403 ﬁeri
3089 2349 3284 2412 vetuit,
3312 2348 3542 2418 ejusque

1973 2449 2048 2500 rei
2083 2445 2352 2501 rationem
2387 2445 2526 2499 lianc
2556 2445 2759 2501 subdit.
2793 2443 2937 2510 quod
2974 2458 3168 2511 panem
3198 2443 3459 2496 Dominus
3488 2443 3538 2494 iu

1975 2536 2282 2604 discipulos
2333 2537 2605 2600 dividens,
2659 2536 2918 2603 Accipite,
2971 2536 3083 2600 ait,
3140 2547 3186 2588 et
3238 2537 3489 2588 comedite
3522 2553 3540 2588 :

1973 2629 2204 2682 mortuis
2235 2637 2412 2682 autem
2447 2627 2804 2683 cadaveribus
2850 2643 3024 2697 neque
3062 2628 3312 2697 accipere
3361 2643 3539 2695 neque

1971 2720 2258 2775 comedere
2282 2720 2470 2775 datum
2498 2729 2602 2774 est.
2630 2719 3083 2790 Carthaginensis
3105 2735 3322 2794 quoque
3349 2721 3536 2790 synodi

1970 2813 2180 2867 derimn
2213 2824 2406 2867 octavo
2444 2828 2674 2872 canone.
2717 2813 2824 2881 jam
2861 2815 2990 2866 olim
3028 2820 3154 2866 ante
3197 2811 3334 2866 hanc
3373 2827 3537 2880 symp—

1971 2905 2121 2967 dum,
2159 2905 2566 2960 Eucharistiam
2605 2905 2718 2960 vita
2767 2904 2971 2960 functis
3008 2904 3248 2973 premere
3279 2919 3346 2958 ne
3377 2906 3538 2958 liceat

1971 2998 2318 3052 interdictum
2349 3007 2452 3053 est.

1969 3089 2197 3146 ARIST.
2242 3111 2260 3144 ι
2297 3090 2527 3162 Corpori
2579 3097 2798 3146 mortuo
2851 3098 3192 3144 sacramenta
3246 3104 3356 3144 non
3407 3098 3536 3142 sunt

2452 3202 2472 3235 ε
2509 3182 2988 3237 communicanda.
3031 3201 3049 3233 ι

2038 3277 2306 3342 Quoniam
2341 3276 2601 3344 scriptum
2637 3286 2757 3330 est:
2790 3275 3040 3344 Accipite,
3079 3275 3250 3339 edite;
3283 3289 3345 3327 ac
3388 3289 3533 3327 mor-

1967 3380 2185 3425 tuorum
2217 3366 2379 3439 254
2409 3382 2701 3438 corporum
2735 3382 2836 3421 nec
2873 3368 3117 3433 accipere
3154 3373 3403 3436 possunt,
3435 3382 3533 3419 nec

1965 3462 2294 3518 comedere:
2327 3475 2488 3515 nemo
2517 3459 2748 3513 mortuis
2784 3458 2973 3513 divina
3002 3469 3347 3514 sacramenta
3383 3472 3532 3512 com-

1967 3551 2286 3607 municabit.

2469 3640 2698 3698 CANON
2737 3641 3020 3698 LXXXIV.

1973 3756 1991 3790 ι
2028 3735 2334 3792 Canonicas
2363 3733 2588 3789 Patrum
2615 3736 2758 3804 leges
2789 3743 3104 3802 sequentes,
3136 3732 3202 3788 de
3230 3731 3530 3786 infamibus

2042 3847 2062 3880 ι
2101 3842 2320 3898 quoque
2365 3828 2738 3890 decernimus,
2770 3829 2987 3896 quoties
3030 3841 3139 3879 non
3174 3825 3531 3879 inveniuntur

2042 3937 2061 3970 ε
2105 3919 2246 3972 ﬁrmi
2293 3927 2480 3980 testes,
2521 3918 2613 3984 qui
2652 3932 2748 3972 eos
2795 3915 3020 3970 indubie
3067 3915 3372 3985 baptizatos
3409 3931 3532 3969 esse

2041 4029 2060 4064 ι
2103 4011 2315 4073 dicant,
2345 4027 2444 4065 nec
2473 4010 2577 4079 ipsi
2604 4018 2827 4078 propter
2854 4017 3067 4062 aetatem
3097 4008 3164 4062 de
3195 4007 3298 4061 sibi
3330 4007 3530 4060 tradito

2044 4122 2063 4155 ε
2103 4103 2365 4174 mysterio
2395 4110 2521 4170 apte
2545 4101 2879 4169 respondere
2913 4102 3144 4170 possint,
3178 4100 3377 4156 debere
3414 4100 3530 4155 sine

2035 4213 2057 4247 ε
2095 4196 2203 4249 ulla
2250 4193 2550 4247 oll‘eusione
2601 4191 2867 4261 baptizari
2911 4210 2923 4244 :
2961 4207 3027 4245 ne
3077 4191 3217 4244 forte
3261 4190 3528 4258 ejusmodi

2025 4304 2059 4338 ιι
2101 4286 2371 4342 dubitatio
2399 4299 2494 4341 eos
2533 4283 2626 4339 tali
2659 4284 2969 4339 sanctitatis
2995 4283 3233 4354 puritate
3268 4282 3461 4352 privet.
3502 4299 3521 4332 ι

2033 4677 2225 4734 BALS.
2285 4677 2473 4731 Patres
2549 4675 2642 4746 qui
2729 4672 3058 4743 Carthagine
3121 4681 3521 4728 convenerant.

1957 4786 2188 4841 quorum
2216 4784 2458 4838 praesens
2485 4782 2661 4822 canon
2691 4763 2961 4829 meminit,
2994 4779 3159 4817 unum
3189 4762 3519 4830 baptismum

1955 4861 2279 4916 conﬁtentes
2308 4874 2378 4912 ex
2401 4859 2573 4913 sancti
2598 4855 2830 4926 symboli
2857 4854 3368 4923 comprehensione,
3396 4866 3522 4905 can.

1956 4954 2024 5007 72
2065 4959 2400 5016 statuerunt,
2457 4957 2516 5004 ut
2571 4947 2661 5017 qui
2721 4947 2778 5001 in
2823 4945 3048 5000 infantia
3099 4945 3359 4999 dicuntur
3403 4959 3526 4997 esse

1954 5039 2212 5109 baptizati
2243 5038 2359 5092 sive
2385 5053 2513 5101 non,
2544 5037 2590 5091 si
2620 5050 2730 5089 non
2755 5035 2866 5090 sint
2900 5034 3041 5090 ﬁrmi
3073 5041 3265 5097 testes,
3302 5032 3394 5101 qui
3424 5048 3520 5086 eos

1532 5175 1721 5236 Guill.
1754 5175 2085 5254 Beveregii
2133 5182 2318 5236 noue.

361 5321 472 5395 (94)
497 5320 631 5388 Τοῖς
654 5322 992 5395 marmor}
1009 5323 1128 5376 τῶν⁵
1147 5324 1420 5392 Πατέρων
1434 5326 1696 5395 θεσμοῖς.
1720 5325 1855 5391 Hoc,

291 5392 549 5462 nimirum
590 5401 666 5462 ut
719 5393 991 5457 infantes,
1043 5395 1111 5447 de
1158 5395 1355 5462 quibus
1405 5392 1718 5458 dubitatur.
1785 5412 1855 5452 an

290 5460 546 5535 baptizati
581 5461 802 5535 fuerint,
827 5465 895 5535 ab
920 5464 1160 5518 Ecclesia
1178 5460 1463 5520 Catholica
1487 5467 1854 5535 baptizentur,

289 5546 323 5608 a_
347 5529 598 5608 Patribus
626 5531 1060 5608 Africanis_a_ute
1093 5535 1368 5608 decretum
1406 5535 1526 5608 (uit,
1560 5529 1682 5608 syn.
1718 5529 1854 5592 Car;-

288 5601 626 5668 thaginensis
659 5616 866 5657 canone
904 5603 992 5666 75,
1021 5603 1179 5672 cujus
1210 5606 1325 5672 ipsa
1354 5606 1518 5660 etiam
1563 5601 1724 5661 verba
1767 5608 1856 5661 hic

291 5679 608 5747 repetuntur
647 5691 659 5725 :
706 5677 765 5725 at
797 5672 1077 5747 indubium
1114 5677 1182 5727 sit
1211 5691 1306 5729 eos
1342 5691 1463 5747 esse
1494 5675 1852 5747 Patresliqui

290 5741 376 5816 hic
405 5753 918 5816 commemorantur.
951 5744 1092 5797 Idem
1123 5755 1309 5816 postea
1334 5761 1362 5798 a
1393 5744 1652 5816 Gregorio
1676 5741 1852 5810 lein

293 5807 668 5866 Decretatibus
691 5815 1048 5869 constitutum
1074 5807 1176 5880 est,
1204 5815 1277 5870 De
1298 5816 1484 5886 quibus
1503 5807 1726 5872 dubium
1754 5807 1853 5878 est,

1954 5344 2024 5380 an
2060 5327 2314 5391 baptizati
2344 5327 2561 5393 fuerint,
2597 5326 2931 5393 baptizentur
2965 5326 3044 5378 his
3078 5325 3245 5380 verbis
3279 5326 3522 5394 puemit-

1953 5399 2049 5459 sis,
2092 5398 2154 5452 Si
2201 5398 2495 5463 baptizatus
2545 5413 2598 5450 es
2651 5413 2753 5450 non
2800 5406 2850 5449 te
2903 5396 3147 5460 baptizo:
3189 5400 3277 5449 sed
3327 5399 3373 5450 si
3421 5414 3522 5449 non

1954 5469 2252 5532 baptizatus
2296 5483 2370 5530 es,
2423 5483 2546 5536 ergo
2601 5476 2650 5519 te
2682 5467 2915 5535 baptizo,
2962 5477 3063 5520 etc.
3100 5467 3309 5521 Decret.
3361 5465 3520 5534 Greg.

1958 5538 1993 5590 Ι.
2031 5554 2113 5590 ιιι.
2142 5538 2226 5590 tit.
2261 5536 2352 5590 42.
2382 5552 2433 5590 c.
2458 5536 2514 5589 2.
2597 5567 2601 5572 -

1983 5576 1993 5588 .
2031 5554 2113 5594 ιιι.
2142 5538 2226 5590 tit.
2261 5538 2352 5600 42,
2382 5552 2433 5591 c.
2458 5538 2514 5589 2.
2597 5567 2601 5572 -

2029 5608 2141 5678 (95)
2176 5607 2464 5678 Λέγγοντες
2491 5606 2587 5678 καὶ
2612 5607 2753 5660 οὐδὲ
2781 5609 2987 5661 ταῦτα.
3021 5606 3075 5659 In
3103 5606 3300 5678 (codice
3334 5606 3522 5678 ;A_mer-

1960 5675 2230 5730 baChi'ano
2255 5677 2468 5744 legitur,
2496 5676 2744 5744 λέγοντες
2772 5679 2895 5731 οὐδὲ
2918 5677 3072 5733 αὑτά.
3101 5677 3157 5729 In
3182 5692 3300 5745 syn.
3333 5675 3517 5728 ϐαι-11).

1961 5762 2082 5800 can.
2120 5747 2210 5810 75,
2245 5747 2390 5801 unde
2429 5749 2515 5800 hic
2550 5748 2952 5811 transcribitur,
2993 5747 3232 5812 λέγοντες
3267 5747 3359 5816 καὶ
3397 5745 3515 5797 οὐδὲ

1961 5817 2118 5872 αὐτα.
2158 5816 2216 5872 lu
2255 5817 2492 5874 cditiouc
2522 5817 2815 5874 Parisiensi
2856 5819 3100 5887 λέγονται
3131 5817 3408 5873 scribitur.
