4218 6458
669 385 774 445 795

1926 379 2210 440 THEOD.
2249 377 2648 437 BALSAMON

3815 369 3922 428 796

667 514 792 552 esse
824 499 1131 564 baptizatos
1163 498 1318 565 plene
1351 506 1402 551 et
1434 498 1641 566 integre
1679 499 1927 566 probent.
1957 496 2236 565 baptizen-
2271 538 2276 551 ι

2365 490 2622 562 ιάρτυρες
2655 488 2862 558 βέϐαιοι
2894 487 3368 557 πληροφοροῦντες
3387 484 3585 546 αὐτοὺς
3609 484 3926 552 βαπτισθῆ-

670 599 778 641 tur.
817 591 908 644 llis
933 606 1062 658 ergo
1095 597 1491 658 consequenter
1530 589 1718 644 Patres
1754 591 1807 643 in
1844 590 2100 657 praasvoti
2137 603 2231 641 ca-

670 697 816 735 none
861 697 922 734 ea
975 683 1087 749 ipsa
1132 691 1463 743 statuerunt,
1514 698 1634 750 qua:
1689 690 1742 734 et
1777 684 1868 752 qui
1913 681 2243 750 Carthagine

673 782 1046 844 conveni-runt
1092 773 1368 841 jusserunt
1420 792 1431 826 :
1473 783 1530 825 ut
1567 775 1599 827 ii
1641 775 1853 827 scilicet
1899 772 2242 840 baptizhren-

673 873 783 924 tur,
814 868 879 916 de
920 867 1118 932 quibus
1151 866 1523 926 dubitabatur.
1556 882 1622 918 an
1658 867 1913 933 baptizati
1951 876 2157 929 essent,
2197 865 2240 918 si

681 970 778 1006 nec
812 955 882 1006 illi
919 954 1018 1021 ipsi
1050 955 1279 1022 probare
1303 956 1513 1022 possint
1539 972 1596 1009 se
1622 955 1791 1010 fuisse
1827 957 2150 1023 baptizatos,
2180 969 2245 1006 eo

679 1045 823 1113 quod
887 1046 1132 1099 nesciant
1183 1046 1311 1114 quid
1373 1047 1476 1100 sibi
1522 1047 1572 1099 in
1626 1047 1857 1100 infantia
1915 1048 2114 1100 factum
2174 1050 2244 1100 sit

676 1139 820 1201 (nam
862 1141 1017 1206 κεῖρα
1053 1148 1136 1193 est
1170 1150 1299 1193 artas
1340 1139 1700 1206 imperfecta),
1739 1155 1834 1191 nec
1871 1152 2037 1194 testes
2076 1139 2246 1191 addu-

678 1236 831 1289 runt,
871 1230 962 1296 qui
1001 1230 1233 1298 probent
1275 1244 1368 1283 eos
1407 1230 1574 1283 fuisse
1608 1231 1936 1297 baptizatos.
1977 1230 2067 1282 list
2103 1231 2243 1282 enim

679 1321 996 1383 timendum,
1027 1336 1093 1374 ne
1131 1331 1351 1388 propter
1380 1322 1780 1373 dubitationem
1821 1320 2053 1373 infulile
2089 1336 2246 1372 sacro

684 1411 1008 1475 baptismate
1043 1421 1095 1464 cl
1133 1429 1298 1482 regno
1333 1416 1622 1476 caelorum,
1656 1415 1796 1479 quod
1842 1429 1934 1479 per
1981 1414 2028 1464 id
2065 1416 2243 1472 datur,

680 1503 986 1567 priventur,
1017 1515 1175 1573 prout
1213 1514 1296 1558 est
1329 1521 1428 1557 VM
1471 1506 1677 1557 Domini
1706 1507 1965 1561 dicentis,
1995 1508 2108 1557 Nisi
2134 1507 2246 1570 quis

680 1607 772 1649 per
810 1610 996 1658 nquam
1035 1605 1082 1646 et
1118 1594 1373 1662 Spiritum
1414 1605 1626 1648 renatus
1663 1596 1844 1663 fuerit,
1890 1614 1991 1649 non
2033 1597 2246 1649 intrabit

683 1684 734 1734 in
771 1699 981 1749 regnum
1018 1686 1262 1738 castorum
1294 1687 1358 1740 ”.
1391 1685 1514 1740 Haec
1549 1699 1728 1739 autem
1761 1689 2064 1741 constituta
2098 1702 2246 1749 sunt,

685 1777 945 1840 quoniam
980 1791 1086 1828 non
1123 1781 1510 1840 permittebant
1547 1779 1733 1849 aliqui,
1767 1793 1816 1833 ut
1856 1782 1988 1834 tales
2031 1790 2250 1848 propter

686 1865 1079 1920 dubitationem
1135 1867 1540 1936 baptizarentur
1591 1889 1604 1924 :
1663 1887 1728 1924 ne
1781 1886 1913 1933 eos,
1961 1871 2051 1939 qui
2099 1879 2253 1923 antea

688 1959 947 2028 baptizati
976 1958 1212 2025 fuerant,
1247 1965 1590 2032 rebaptizare
1629 1965 1966 2017 viderentur.
2001 1963 2074 2017 De
2103 1979 2162 2015 ca
2197 1980 2252 2016 re

688 2061 868 2104 autem
906 2067 1048 2120 saepe
1082 2053 1344 2123 synodice
1368 2058 1740 2110 controversia
1771 2068 1955 2110 exorta
1992 2067 2094 2110 est.
2120 2055 2253 2109 Cum

676 2143 833 2195 cnim
871 2144 1111 2198 infantes
1147 2161 1215 2200 ex
1248 2148 1683 2202 Christianorum
1721 2150 1941 2208 regione
1976 2165 2003 2202 a
2035 2148 2255 2219 Scythis

687 2246 741 2289 et
780 2225 1042 2304 Agarenis
1079 2241 1219 2293 bello
1254 2243 1398 2306 capti
1437 2251 1645 2300 essent,
1677 2254 1726 2295 ct
1770 2242 2032 2297 Romanis
2064 2243 2254 2296 diven-

688 2329 806 2387 diti,
841 2331 1146 2384 dubitatum
1174 2345 1280 2395 est,
1315 2349 1380 2386 an
1419 2345 1667 2402 oporteat.
1706 2336 2048 2388 vcnundatos
2079 2334 2256 2401 bapti-

688 2420 822 2473 zari.
848 2421 1106 2476 Dicebant
1124 2425 1266 2478 enim
1289 2428 1562 2486 nonnulli,
1583 2427 1838 2496 quoniam
1863 2444 1923 2481 ex
1949 2427 2258 2480 Christiana

687 2513 908 2581 regione
954 2519 1094 2586 capti
1147 2529 1300 2582 sunt,
1352 2522 1705 2590 praesumptio
1745 2532 1827 2576 est
1856 2537 1950 2575 eos
1996 2521 2163 2575 fuisse
2205 2523 2257 2574 in

693 2606 909 2672 regione
949 2607 1252 2676 baptizatos
1288 2611 1340 2662 in
1387 2610 1638 2668 infantia.
1678 2626 1777 2664 nec
1824 2610 2260 2678 rcbaptizandos.

691 2695 901 2750 Placuit
929 2715 1058 2752 vero
1104 2702 1284 2767 potius
1331 2703 1686 2770 baptizandos
1730 2719 1872 2768 esse,
1907 2718 1970 2756 eo
2017 2704 2158 2770 quod
2208 2703 2260 2755 bi

694 2791 962 2854 nesciant,
995 2807 1065 2846 an
1104 2793 1158 2846 in
1201 2777 1426 2847 infantia
1476 2795 1736 2861 baptizati
1773 2795 1999 2856 fuerint,
2035 2810 2134 2847 nec
2169 2794 2262 2847 ulli

694 2881 1043 2935 inveniantur
1066 2884 1156 2951 qui
1191 2885 1520 2954 baptismum
1549 2885 1840 2940 affirmem.
1877 2887 1948 2940 De
1973 2887 2039 2940 iis
2063 2895 2264 2952 autem,

695 2972 784 3037 qui
820 2988 883 3025 ex
931 2973 1230 3027 infidelium
1279 2977 1506 3046 regione
1544 2977 1858 3046 capiuntur,
1892 2991 1989 3031 eos
2023 2990 2144 3030 esse
2171 2977 2267 3028 ba-

697 3060 982 3128 ptizandos
1011 3064 1325 3119 indistincte
1355 3074 1621 3119 statutum
1650 3076 1733 3120 est
1765 3085 1778 3120 :
1813 3067 1918 3120 nisi
1947 3074 2114 3122 testes
2143 3081 2270 3135 pro-

701 3155 959 3207 fiteantur
989 3171 1085 3210 eos
1139 3165 1264 3224 post
1311 3159 1685 3227 captivitatem
1737 3159 1909 3213 fuisse
1940 3159 2265 3228 baptizatos.

2344 601 2450 636 ναι.
2493 581 2825 642 Ἀκολούθως
2851 579 2943 632 οῦν
2967 580 3177 640 τούτοις
3213 577 3646 646 ὲθεσμοθέτησαν
3673 577 3723 628 οἱ
3754 577 3928 627 lla-:5-

2350 691 2440 744 ρες
2479 676 2534 725 ἐν
2558 674 2635 741 τῷ
2660 675 2885 741 παρόντι
2923 672 3104 723 κανόνι
3152 670 3290 722 αὐτὰ
3344 673 3545 732 ἐκεῖνα,
3586 669 3686 720 ὅσα
3747 670 3843 718 καὶ
3879 671 3925 717 οἱ

2347 769 2402 819 ἐν
2432 765 2756 834 Καρθαγένῃ
2786 763 3129 821 συνελθόντες
3169 761 3642 829 παρεκελεύσαντο
3669 777 3682 787 ·
3722 760 3923 827 δη).ον-

2345 861 2425 914 ὀτι
2483 857 2832 926 βαπτίζεσθαι
2852 856 2980 918 τοὺς
3004 853 3514 924 ἁμφιϐαλλομένους
3536 852 3930 920 βαπτισθῆναι,

2346 953 2395 1004 εἰ
2428 952 2563 1020 μήτε
2599 951 2752 1001 αὐτοὶ
2793 950 2993 999 ἐκεῖνοι
3053 946 3164 1013 (96)
3195 946 3447 997 δύνανται
3501 943 3932 1012 πληρουρορῆσαι

2346 1042 2406 1094 τι
2439 1040 2822 1108 βαπτισθῆναι,
2881 1039 2968 1090 διὰ
3027 1037 3086 1089 τι
3121 1036 3196 1106 μὴ
3247 1035 3444 1088 εἰδέναι
3498 1036 3551 1087 τί
3595 1034 3824 1102 γέγονεν
3857 1036 3933 1093 εἰς

2347 1133 2567 1192 τούτους
2617 1134 2672 1182 ἐν
2727 1130 3013 1198 νηπιότητι
3077 1130 3275 1197 (κεῖρα
3312 1126 3419 1195 γάρ
3475 1128 3620 1179 ἐστιν
3664 1129 3695 1194 ἠ
3733 1125 3937 1188 ἀτελὴς

2348 1224 2561 1296 ἡλικία)
2601 1222 2732 1290 μηδὲ
2759 1221 3032 1290 μάρτυρες
3067 1221 3410 1288 παράγονται
3453 1215 3939 1285 πληροφοροῦντες

2348 1320 2408 1369 τδ
2441 1317 2806 1385 βαπτισθῆναι
2840 1314 3059 1372 αὐτούς.
3092 1313 3222 1374 Δέος
3262 1313 3370 1381 γάρ
3428 1313 3541 1362 ἐστι
3585 1311 3798 1378 μήποτε
3850 1302 3940 1357 δια

2348 1412 2437 1462 τὸν
2463 1407 2763 1476 δισταγμδν
2813 1403 3229 1474 ἀποστερηθῶσι
3279 1404 3346 1455 τὰ
3411 1404 3578 1471 νήπια
3614 1402 3710 1453 τοῦ
3785 1400 3936 1450 θείου

2353 1501 2752 1573 βαπτίσματος,
2787 1500 2880 1552 καὶ
2910 1499 3010 1566 τῆς
3041 1498 3128 1550 διὰ
3154 1496 3310 1548 τοῦτο
3333 1495 3622 1564 διδομένης
3656 1493 3939 1561 βασιλείας

2351 1595 2458 1647 τῶν
2497 1590 2760 1660 οὐρανῶν,
2805 1589 2944 1642 κατὰ
2976 1589 3077 1652 τὴν
3111 1589 3205 1640 τοῦ
3232 1587 3441 1654 Κυρίου
3473 1585 3656 1652 φωνὴν
3688 1584 3805 1650 (97)
3838 1582 3939 1648 τὴν

2351 1686 2639 1752 λέγουσαν·
2661 1685 2727 1735 Εἰ
2760 1683 2844 1750 μή
2881 1698 2971 1746 τις
3001 1677 3268 1748 γεννηθῇ
3293 1678 3370 1730 δι’
3394 1677 3611 1740 ὕδατος
3641 1675 3739 1726 καί
3761 1675 3944 1727 πνεύ-

2350 1798 2560 1849 ματος,
2592 1781 2663 1832 οὐ
2695 1777 2774 1842 μὴ
2798 1774 3041 1841 εἰσέλθῃ
3075 1775 3161 1836 είς
3184 1771 3299 1838 τὴν
3316 1769 3649 1835 ,ϐασιλείαν
3682 1765 3806 1819 τῶν
3840 1767 3944 1819 οὐ·

2292 1873 2327 1923 Β
2350 1871 2577 1941 ρανῶν.
2608 1870 2794 1923 Ταῦτα
2827 1869 2884 1921 δὲ
2920 1865 3368 1935 νενομοθέτηται,
3403 1863 3482 1914 ὅτι
3512 1860 3658 1921 τινὲς
3693 1859 3757 1911 οὐ
3798 1874 3944 1924 παρ-

2357 1963 2598 2034 εχώρουν
2616 1962 2704 2015 διὰ
2732 1961 2829 2030 τὴν
2854 1958 3187 2028 ἀμφιϐολίαν
3211 1953 3572 2025 βαπτίζεσθαι
3604 1953 3733 2011 τοὺς
3767 1948 3948 2000 τοιού-

2356 2073 2504 2118 τους,
2530 2056 2618 2106 ἵνα
2655 2052 2729 2122 μὴ
2768 2052 2997 2115 δόξωσιν
3029 2046 3429 2109 ἀναϐαπτίζειν
3477 2045 3604 2104 τοὺς
3630 2041 3947 2112 προϐαπτι-

2360 2147 2603 2208 σθέντας.
2656 2143 2792 2213 Περὶ
2849 2144 2907 2195 δὲ
2961 2140 3152 2194 τούτου
3210 2139 3474 2198 πολλάκις
3525 2133 3947 2203 ἀμφισϐήτησις

2362 2236 2912 2307 γέγονεισυνοδικῶς.
2948 2234 3178 2301 Νηπίων
3228 2231 3336 2299 γὰρ
3386 2229 3492 2282 ἀπὺ
3541 2224 3948 2296 Χριστιανικῆς

2360 2331 2544 2402 χώρας
2579 2327 3130 2398 αἰχμαλωτισθέντων
3169 2322 3316 2384 παρὰ
3367 2319 3592 2372 Σκυθῶν
3643 2320 3738 2370 καὶ
3783 2317 3950 2382 Ἀγα-

2363 2421 2560 2491 ρηνῶν,
2603 2420 2694 2471 καὶ
2729 2417 3144 2486 διαπραθέντων
3175 2413 3308 2484 πρὸς
3346 2410 3678 2479 Ῥωμαίους,
3704 2408 3949 2477 ἀμφιϐο-

2362 2513 2450 2566 λία
2478 2513 2722 2578 γέγονεν,
2761 2511 2806 2561 εί
2835 2509 2940 2578 χρὴ
2987 2507 3114 2569 τοὺς
3146 2503 3498 2573 πωληθέντας
3558 2498 3945 2568 βαπτισθῆναι.

2367 2605 2597 2670 Ἔλεγον
2628 2601 2737 2670 γάρ
2758 2617 2903 2660 τινες
2932 2599 3028 2663 ὡς,
3049 2596 3170 2648 ἐπεὶ
3203 2595 3311 2649 ἀπὸ
3339 2593 3732 2663 Χριστιανικῆς
3760 2589 3948 2658 χώρας

2364 2693 2889 2766 ᾐχμαλωτίσθησαν,
2944 2687 3214 2757 πρόληψις
3256 2687 3372 2738 ἐστι
3407 2682 3772 2754 βαπτισθῆναι
3807 2682 3945 2732 κατὰ

2366 2788 2550 2859 χώραν
2582 2789 2640 2839 ἐν
2669 2786 2982 2854 νηπιότητι,
3017 2785 3112 2835 καὶ
3134 2781 3194 2832 οὐ
3221 2779 3326 2848 χρὴ
3356 2777 3511 2838 αὖθις
3539 2773 3949 2840 ἀναϐαπτισθῆ-

2366 2900 2474 2937 ναι.
2511 2883 2714 2950 Ἤρεσε
2750 2880 2805 2931 δὲ
2837 2879 3036 2948 μᾶλλον
3064 2874 3302 2942 ὀφείλειν
3324 2867 3716 2941 βαπτισθῆναι,
3751 2867 3840 2920 διὰ
3890 2868 3950 2916 τὸ

2370 2974 2446 3045 μὴ
2485 2974 2686 3025 εἰδέναι
2735 2971 2960 3030 τούτους
2989 2969 3037 3019 εί
3068 2968 3127 3019 ὲν
3161 2963 3452 3033 νηπιότητι
3505 2959 3949 3026 ἐϐαπτίσθησαν,

2371 3067 2510 3138 μήτε
2544 3065 2700 3126 τινὰς
2723 3061 3086 3132 εῦρέσκεσθαι
3109 3055 3628 3121 διαϐεϐαιουμένους
3663 3053 3721 3104 τὸ
3755 3052 3951 3120 βάπτι-

2372 3175 2504 3226 σμα.
2539 3159 2674 3225 Περὶ
2707 3155 2761 3208 δὲ
2795 3155 2900 3206 τῶν
2930 3153 3036 3204 ἀπὸ
3060 3151 3241 3219 χώρας
3270 3148 3514 3200 ἀπίστων
3543 3142 3954 3212 αἰχμαλωτιζο-

698 3246 968 3316 Tempore
1025 3259 1207 3302 autem
1273 3251 1610 3304 sanctissimi
1673 3254 2001 3320 patriarchae
2059 3251 2263 3305 domini

2377 3248 2555 3319 μένων
2578 3247 2786 3316 ὡρίσθη
2816 3243 3181 3303 ἀδιαστίκτως
3228 3237 3427 3299 αὐτοὺς
3479 3233 3875 3305 βαπτίζεσθαιο
3904 3234 3950 3283 εἰ

699 3337 861 3393 Luca:
899 3341 1162 3409 synodice
1198 3338 1493 3394 adfuerunt
1532 3341 1787 3411 Agareni,
1827 3352 1881 3396 ct
1918 3360 2040 3396 cum
2085 3344 2151 3396 ab
2189 3344 2268 3397 eis

699 3427 1070 3494 postularetur
1107 3438 1162 3481 ut
1213 3429 1640 3496 baptizareutur,
1688 3431 1966 3494 dixerunt,
2020 3431 2164 3498 quod
2215 3431 2266 3482 in

702 3519 817 3571 suis
851 3520 1165 3587 regionibus
1202 3531 1362 3575 antea
1411 3522 1670 3589 haptizati
1721 3521 1960 3576 fuerant.
2000 3522 2063 3576 Et
2105 3524 2270 3576 inter-

709 3611 882 3678 rogati
913 3613 1188 3679 quomodo
1216 3617 1637 3685 responderunt,
1669 3631 1790 3669 esse
1816 3615 2270 3670 consuetudinem

707 3712 763 3753 ut
800 3715 990 3754 omnes
1024 3703 1396 3770 Agarenorum
1436 3688 1672 3760 infantes
1709 3707 1778 3759 ab
1817 3706 2138 3761 orthodoxis
2187 3722 2273 3759 sa-

706 3793 1026 3848 cerdotibus
1089 3797 1501 3865 baptizarentur
1555 3815 1568 3850 :
1630 3813 1735 3851 non
1800 3806 1979 3850 tamen
2047 3798 2272 3852 admissi

708 3888 949 3939 fuerunt.
997 3886 1301 3942 Audierant
1345 3889 1512 3953 enim,
1555 3891 1700 3960 quod
1738 3891 2063 3960 baptismus,
2110 3908 2271 3960 quem

705 3979 954 4034 infideles
995 3995 1021 4032 a
1057 3981 1386 4036 Christianis
1422 3993 1632 4052 petunt,
1673 4001 1781 4037 non
1820 3985 1956 4038 bona
1991 3984 2276 4038 allectione

706 4082 760 4126 ct
789 4073 1092 4126 orthodoxa
1124 4078 1405 4146 preposito
1443 4081 1638 4145 petitur
1667 4095 1680 4143 ;
1713 4079 1804 4131 sed
1835 4087 2059 4148 propter
2083 4093 2276 4146 corpo-

707 4167 872 4219 ralem
912 4169 1259 4222 medicinam.
1304 4155 1629 4225 Persuasum
1673 4178 1757 4224 est
1803 4171 1945 4224 enim
1988 4170 2275 4238 Agarenis,

673 4279 675 4282 ⁴
711 4259 825 4309 fore
859 4265 915 4308 ut
951 4259 1034 4310 sui
1078 4258 1232 4310 liberi
1266 4274 1294 4310 a
1324 4259 1570 4311 dzemonc
1610 4268 1894 4317 vexentur,
1929 4268 1982 4311 et
2017 4267 2276 4325 tanquam

713 4364 878 4402 canes
929 4351 1068 4402 male
1110 4350 1309 4412 oleant,
1360 4349 1462 4403 nisi
1524 4351 1853 4417 baptismqu
1905 4349 2278 4402 Christianum

716 4449 1097 4509 assequuntur.
1142 4442 1529 4505 Quamobrem,
1563 4459 1668 4494 nou
1715 4450 1772 4493 ut
1803 4441 2046 4493 omnium
2086 4441 2282 4493 animm

2374 3341 2449 3411 μὴ
2480 3340 2761 3409 μάρτυρες
2784 3334 3110 3406 ὁμολογοῦσι
3147 3329 3518 3402 βαπτισθῆναι
3553 3326 3778 3386 τούτους
3814 3327 3956 3394 μετὰ

2369 3433 2467 3502 τὴν
2497 3431 2899 3501 αἰχμαλωσίαν.
2937 3426 3062 3480 Ἐπὶ
3095 3425 3152 3479 δὲ
3189 3423 3299 3476 τῶν
3317 3421 3543 3490 ἡμερῶν
3574 3417 3672 3470 τοῦ
3709 3418 3954 3484 ἁγιωτὰ-

2368 3522 2462 3576 τοῦ
2493 3521 2835 3591 πατριάρχου
2855 3516 3022 3587 κυροῦ
3053 3515 3239 3568 Λουκᾶ
3268 3510 3624 3581 παρέστησαν
3647 3508 3958 3576 Ἀγαρηνοὶ

2374 3615 2685 3676 συνοδικῶς,
2712 3614 2808 3664 καὶ
2837 3610 3229 3678 ἀπαιτούμενοι
3269 3604 3660 3675 βαπτισθῆναι,
3696 3597 3858 3653 εἷπον
3882 3599 3958 3660 ὡς

2373 3707 2614 3777 ἔφθασαν
2644 3709 2724 3767 εἰς
2781 3707 2880 3766 τας
2929 3703 3112 3773 χώρας
3168 3700 3351 3753 αὐτῶν
3405 3695 3801 3766 βαπτισθῆναι.
3846 3693 3961 3745 Καὶ

2375 3800 2718 3870 ἐρωτώμενοι
2754 3797 2922 3858 ὅπως,
2951 3794 3367 3863 ἀπελογήσαντο
3409 3791 3490 3842 ὅτι
3528 3784 3789 3854 συνήθειά
3839 3785 3963 3835 ἐστι

2377 3893 2554 3944 πάντα
2584 3888 2652 3939 τὰ
2689 3889 2856 3957 νήπια
2889 3883 2998 3937 τῶν
3044 3881 3366 3949 Ἀγαρηνῶν
3404 3873 3766 3946 βαπτίζεσθαι
3797 3873 3963 3939 παρὰ.

2377 3982 2672 4047 ὀρθοδὸξων
2705 3979 2929 4046 ίερέων·
2963 3975 3077 4027 ἀλλ’
3103 3975 3165 4025 οὐ
3200 3970 3636 4040 παρεδέχθησαν.
3669 3966 3964 4016 Ἤκουσαν

2378 4076 2488 4144 γὰρ
2523 4078 2596 4136 ὡς
2629 4073 2689 4125 τὸ
2726 4070 2880 4139 παρὰ
2927 4069 3034 4121 τῶν
3070 4064 3316 4120 ἀπίστων
3351 4060 3688 4130 ζητούμενον
3713 4057 3819 4110 ἀπὸ
3847 4056 3966 4109 τῶν

2382 4165 2726 4235 Χριστιανῶν
2760 4163 3046 4232 βάπτισμα
3068 4158 3128 4210 ού
3158 4156 3300 4207 κατᾶ
3335 4152 3578 4206 διάθεσιν
3623 4148 3841 4216 ἀγαθὴν
3869 4148 3966 4200 καὶ

2381 4258 2701 4328 προαίρεσιν
2727 4253 3011 4322 ὀρθόδοξον
3039 4245 3474 4314 ζητεῖται,’ἁλλὰ
3522 4243 3609 4294 διὰ
3651 4240 3967 4309 θεραπείαν

2384 4349 2724 4419 σωματικήν.
2759 4345 3016 4396 Δέδοκται
3039 4341 3148 4407 γὰρ
3184 4338 3337 4407 παρᾶ
3370 4337 3482 4397 τοῖς
3529 4334 3866 4400 Ἀγαρηνοίς
3897 4331 3969 4382 τὰ

2383 4446 2545 4496 τέκνα
2579 4444 2785 4494 τούτων
2813 4437 3076 4507 δαιμονᾷν
3105 4435 3201 4488 καὶ
3232 4431 3374 4485 κατὰ
3397 4428 3566 4491 κύνας
3597 4427 3766 4490 δζειν,
3799 4426 3849 4478 εἰ
3892 4424 3971 4494 μὴ

717 4535 992 4589 sordidum
1043 4536 1448 4600 mundatorem,
1502 4536 1809 4605 divinaeque
1867 4535 2004 4588 lucis
2051 4544 2105 4588 et
2152 4549 2276 4587 san-

2389 4536 2765 4606 βαπτίσματος
2820 4533 3024 4600 τύχωσι
3055 4523 3475 4598 Χριστιανικοῦ.
3512 4516 3830 4605 Κάντεῦθεν
3862 4517 3972 4585 οὐχ

717 4631 1061 4684 ctifteationis
1123 4632 1510 4700 praebitorem,
1569 4631 1902 4699 baptismum
1955 4631 2281 4696 postulant;

716 4725 808 4778 sed
844 4732 1100 4792 tanquam
1129 4724 1450 4777 veneficium
1485 4734 1540 4777 et
1572 4721 2020 4776 incantationem.
2054 4719 2282 4786 Quidam

717 4826 898 4868 autem
922 4831 1108 4869 eorum
1129 4815 1387 4870 dicebant
1405 4831 1463 4869 se
1487 4824 1691 4868 matres
1715 4813 1912 4866 habere
1931 4811 2284 4876 orthodoxam

717 4922 888 4976 aeque
919 4922 1106 4961 earmn
1135 4923 1265 4961 cura
1299 4907 1469 4960 fuisse
1498 4906 1564 4959 ab
1586 4904 1909 4958 orthodoxis
1935 4903 2242 4971 baptizatos
2269 4919 2284 4955 :

719 4998 816 5051 sed
859 5014 958 5054 nec
992 5000 1025 5052 ii
1058 4999 1295 5052 exauditi
1318 5005 1469 5059 sunt,
1493 4997 1754 5064 quoniam
1785 5004 1950 5050 testes
1973 5013 2079 5049 non
2112 4995 2289 5049 addu-

719 5091 942 5151 cebant,
987 5092 1078 5158 qui
1118 5091 1220 5144 hoc
1258 5090 1434 5158 ipsum
1489 5104 1588 5157 pro
1638 5089 1955 5141 testimonio
2005 5089 2287 5152 dicerent;

723 5186 833 5236 imo
868 5184 1051 5252 potius
1086 5181 1436 5238 condemnati
1477 5189 1626 5244 sunt,
1659 5181 1805 5248 quod
1843 5195 1951 5232 non
1994 5179 2192 5232 bonam
2226 5180 2292 5234 de

797 5319 1021 5375 "Joan.
1058 5337 1141 5386 ιιι,
1178 5322 1231 5376 5.

2385 4631 2462 4692 ὡς
2496 4627 2867 4697 καθαρτήριον
2900 4624 3103 4682 παντὸς
3134 4619 3339 4689 ῥύπους
3365 4614 3624 4687 ψυχικοῦ,
3653 4614 3752 4666 καὶ⁹
3779 4611 3972 4679 φωτὸς

2388 4721 2536 4773 θείου
2587 4719 2683 4770 xui.
2718 4713 2999 4784 ᾁγιασμοῦ
3037 4712 3282 4781 πάροχον
3337 4703 3738 4762 ἀνακαλοῦνται
3771 4701 3836 4753 τὸ
3877 4700 3974 4769 βά.

2388 4828 2620 4878 πτισμα,
2658 4808 2774 4861 ἀλλ’
2803 4808 2879 4866 ὡς
2917 4802 3269 4874 φαρμακείαν
3301 4800 3333 4868 ἢ
3367 4798 3604 4866 ἐπῳδήν.
3636 4793 3795 4854 Τινὲς
3822 4791 3888 4844 δὲ
3915 4789 3976 4853 ἐξ

2389 4902 2568 4956 αὐτῶν
2625 4895 2778 4954 εἶπον
2832 4897 3077 4968 μητέρας
3119 4894 3264 4963 ἔχειν
3312 4889 3654 4960 ὀρθοδόξους,
3709 4885 3806 4938 καὶ
3863 4882 3978 4936 ἀπὸ

2393 4997 2632 5060 σπουδῆς
2664 4994 2872 5046 τούτων
2928 4988 3294 5058 βαπτισθῆναι
3334 4984 3531 5044 αὐτοὺς
3566 4978 3720 5047 παρὰ
3750 4976 3979 5046 696066-

2395 5087 2530 5151 ξων,
2557 5083 2804 5140 mmet:
2825 5073 2973 5134 οῦτοι.
3004 5077 3463 5148 είσηκούσθησαν,
3485 5074 3568 5124 ὅτι
3601 5071 3660 5121 οὐ
3681 5069 3977 5137 παρέστη-

2396 5194 2494 5230 σαν
2531 5175 2806 5246 μάρτυρες
2827 5172 2982 5225 τοῦτο
3006 5170 3136 5223 αὐτὸ
3167 5163 3587 5238 μαρτυροῦντες·
3642 5157 3850 5229 μᾶλλον
3875 5159 3979 5226 μὲν

1967 5431 2153 5491 Guill.
2190 5430 2511 5506 Beveregii
2552 5437 2734 5489 noue.

799 5541 908 5609 (.96)
944 5541 1006 5594 Et
1031 5540 1183 5609 μήτε
1211 5539 1377 5594 αὐτοὶ
1410 5538 1646 5592 ἐκεῖνοι.
1683 5536 1808 5591 Haec
1833 5536 1994 5588 verba
2026 5551 2200 5609 usque
2227 5537 2295 5609 ad

730 5605 1090 5682 βτπτισθῆναι
1124 5615 1174 5665 in
1213 5628 1312 5666 ms.
1343 5610 1633 5664 Bodleiano
1662 5609 2067 5682 desiderantur,
2103 5605 2208 5660 sed'
2240 5607 2293 5659 in

732 5679 852 5734 iliis
883 5685 1139 5734 «tinnitibus
1174 5683 1444 5751 leguntur,
1487 5689 1538 5734 et
1572 5679 1758 5733 sensui
1789 5679 2101 5732 necessaria
2133 5687 2218 5730 stu
2242 5686 2296 5740 l;

735 5767 797 5807 ac
827 5755 977 5820 proin
1013 5769 1074 5805 ca
1109 5755 1448 5805 rctinuiums.

813 5817 927 5889 (—97)
962 5825 1122 5877 Κατὰ
1153 5824 1267 5888 τὴν
1301 5822 1405 5876 τοῦ
1440 5822 1658 5889 Κυρίου
1681 5818 1906 5887 φωνήν.
1951 5817 2124 5872 Etiam
2181 5820 2291 5871 lucc

2401 5551 2574 5602 llStlllt‘
2630 5535 2692 5585 ad
2754 5531 2854 5602 τὴν
2911 5528 3188 5600 βασιλείαν
3239 5523 3346 5574 τῶν
3404 5518 3980 5602 οὐρανῶν.-ἱῇιιυΙιιξςξνιξ

2401 5609 2453 5659 in
2489 5590 2610 5658 'ms.
2655 5590 2950 5656 Bodleiano
2990 5613 3095 5650 nun
3133 5597 3384 5664 leguntur
3423 5611 3434 5644 :
3470 5590 3561 5644 Sed
3613 5590 3982 5664 nihilominus

2399 5694 2483 5739 ea,
2517 5677 2643 5743 quia
2678 5679 2727 5726 in
2755 5671 2872 5726 aliis
2899 5661 3362 5743 codicibus'lecta,
3395 5681 3481 5718 om
3508 5673 3644 5716 tterc
3669 5661 3980 5724 noluimus,

2401 5763 2466 5802 ne
2503 5740 2652 5800 locus
2681 5746 2901 5798 mutilus
2933 5740 3223 5793 videretur.
