4218 6458
668 449 773 512 799
1874 526 1879 531 ἢ
1918 438 2197 500 ΤΗΕΟῙ).
2239 431 2644 494 BALSAMON
3818 417 3932 481 suo

666 579 819 627 cere,
866 576 935 618 eo
979 558 1123 631 quod
1169 557 1319 629 leges
1365 564 1419 612 ct
1453 570 1694 614 canones
1723 556 1965 612 libertati
2009 552 2244 609 maxime
2273 550 2322 608 A

2273 550 2322 608 Α
2349 548 2626 611 ἀπόδειξιν
2658 544 2993 617 ἐλευθερίας,
3044 541 3132 599 διὰ
3163 543 3224 597 τὸ
3259 536 3657 597 ἐπιθάλπεσθαι
3680 534 3840 607 ταρά
3868 552 3930 588 τε

670 656 919 722 faveant;
972 626 1028 709 e—t
1072 626 1517 722 quandoquidem
1575 650 1870 719 cujuslibet
1922 647 2066 703 servi
2122 661 2244 716 pre-

2345 640 2457 693 τῶν
2502 641 2687 708 νόμων
2731 638 2829 690 καὶ
2886 634 2994 689 τῶν
3055 632 3298 688 κανόνων
3337 631 3500 684 πλέον
3557 628 3781 682 πάντων
3827 626 3934 695 τὴν

1057 706 1490 815 blyperpyrorum
1540 706 1735 796 libram
1775 757 1882 796 non
1918 706 2155 801 excedit,
2189 739 2243 792 in

2345 706 2659 801 ἐλευθερίαν
2679 746 2693 761 ο
2726 728 2902 793 ἄλλως
2934 726 3146 781 τειέπεὶ
3174 725 3276 778 οὐκ
3308 720 3661 794 ὑπερϐαίνειν
3700 706 3932 788 τίμημα

684 858 793 896 una
848 847 1029 894 autem
1092 811 1523 910 li—yperpyrorum
1572 836 1711 891 libra
1762 836 2119 890 constitutum
2162 844 2248 887 est
2347 849 2350 870 ι

2347 822 2535 878 δούλου
2581 819 2910 891 οίουδήτινος
2965 816 3095 888 μίαν
3152 813 3491 885 ὑπερπύρων
3533 811 3747 881 λίτραν,
3777 824 3934 861 νενο-

2353 913 2725 987 μοθέτηταιδέ
2780 911 2874 964 ἐπὶ
2935 910 3065 979 μιᾶς
3114 904 3451 976 ύπερπύρων
3511 904 3700 972 λίτρας
3736 900 3939 970 ἀρκεῖν

2356 1009 2637 1080 μάρτυρας
2654 1005 2767 1069 δύο,
2802 1004 3024 1065 πάντως
3061 1002 3158 1055 καὶ
3200 1002 3278 1061 είς
3313 997 3587 1064 ἀπόδειξιν
3620 991 3940 1062 ἐλευθερίας

2354 1102 2449 1156 δύο
2493 1100 2792 1170 ἀρκέσουσι
2850 1096 3127 1165 μ’ἅρτυρες
3187 1088 3497 1152 ἀκολούθως
3562 1085 3643 1155 τῷ
3702 1083 3941 1153 παρόντι

2356 1197 2543 1251 κανόνι
2604 1194 2681 1264 τῷ
2735 1191 2873 1259 ὑπὲρ
2906 1190 3005 1257 τῆς
3060 1185 3371 1253 ἐλευθερίας
3402 1179 3797 1251 ἐκφωνηθέντι.
3831 1175 3932 1228 καὶ

2358 1292 2566 1355 λέγοντι
2597 1288 2652 1353 ἐξ
2676 1286 2854 1356 ἀρχῆς
2873 1300 2885 1313 ·
2922 1281 3047 1334 Ἐπὶ
3079 1280 3172 1332 δύο
3198 1278 3230 1348 ἢ
3260 1277 3429 1348 τριῶν
3469 1274 3765 1345 μαρτύρων
3799 1285 3933 1321 στα⁴

2362 1383 2585 1451 θήσεται
2622 1379 2729 1432 πᾶν
2756 1376 2931 1445 ῥῆμα.
2972 1373 3082 1427 Καὶ
3118 1373 3200 1425 ὅτι
3231 1369 3289 1434 ἐξ
3323 1367 3539 1429 ἀτονίας
3568 1364 3677 1419 τῶν
3701 1357 3932 1417 ἀποδεί-

2363 1474 2497 1540 ξεων
2520 1471 2641 1541 ούχί
2672 1471 2703 1537 ἠ
2729 1468 3081 1537 ἀδιατίμητος
3115 1461 3399 1530 ἐλευθερία
3443 1460 3642 1514 δίδοται
3684 1455 3767 1525 τῷ
3786 1453 3944 1506 ἀντιο

2363 1567 2516 1635 δίκῳ,
2541 1565 2676 1617 ἀλλὰ
2725 1564 2758 1632 ὴ
2789 1561 3023 1623 δουλεία,
3073 1559 3197 1628 ἦτις
3256 1554 3594 1623 ἁποτιμᾶται
3624 1552 3698 1612 ὡς
3728 1547 3947 1602 ἄνωθεν

2364 1662 2597 1729 εἴρηται,
2632 1652 2700 1727 ἦς
2731 1658 2821 1708 καὶ
2869 1653 3116 1720 δοθείσης
3144 1650 3232 1703 διὰ
3263 1647 3614 1719 νομισμάτων
3638 1641 3951 1710 ἐλευθερω-

675 936 814 991 duos
843 942 1015 990 testes
1057 931 1324 996 sullieerc,
1366 932 1592 987 omnino
1648 939 1707 986 et
1755 930 1821 985 ad
1857 927 2247 984 ostendendam

675 1028 988 1082 libertatem
1033 1024 1144 1080 duo
1184 1034 1353 1081 testes
1398 1023 1693 1087 sufﬁcient,
1740 1021 1997 1093 praesenti
2052 1019 2251 1073 canoni

674 1127 1096 1192 consequenter,
1128 1121 1222 1191 qui
1253 1128 1337 1175 est
1372 1134 1471 1189 pro
1505 1118 1757 1173 libertate
1784 1116 1991 1177 editus,
2034 1123 2087 1169 et
2118 1113 2253 1169 dicit

677 1216 748 1270 ab
777 1215 934 1270 initio
966 1232 981 1269 :
1019 1214 1081 1270 In
1113 1230 1207 1269 ore
1250 1213 1486 1268 duorum
1517 1210 1599 1266 vel
1636 1212 1798 1265 trium
1833 1209 2054 1264 testium
2090 1207 2257 1262 stabit

679 1322 849 1363 omne
879 1306 1108 1363 verbum
1133 1323 1148 1371 ;
1174 1313 1228 1358 et
1258 1305 1401 1375 quod
1431 1319 1496 1359 ex
1530 1303 1848 1358 inﬁrmitate
1869 1303 2254 1373 probationum

681 1398 1084 1455 inaestimabilis
1130 1397 1359 1454 libertas
1400 1413 1505 1452 non
1555 1396 1719 1451 datur
1773 1395 2113 1459 adversario,
2161 1398 2258 1451 sed

684 1492 924 1546 servitus
970 1505 1093 1560 quae
1124 1491 1448 1552 aestimatur,
1497 1497 1559 1543 ut
1607 1490 1862 1558 superius
1899 1488 2107 1543 dictum
2152 1496 2258 1553 est,

682 1600 789 1655 qua
818 1585 982 1639 etiam
1014 1585 1162 1651 data,
1191 1583 1437 1653 pecuniis
1463 1582 1785 1637 liberabitur
1806 1583 1897 1653 qui
1933 1583 1999 1637 ad
2030 1582 2255 1637 liberta-

688 1689 799 1733 tem
828 1679 1153 1749 proclamat.

756 1854 902 1927 Lege
932 1854 1093 1909 etiam
1133 1853 1413 1909 Novellam
1449 1852 1798 1923 imperatoris
1833 1853 2039 1908 domini
2083 1839 2260 1907 Alexii

689 1948 977 2011 Comneni,
1010 1961 1128 2015 qua.
1159 1947 1303 2000 edita
1355 1952 1440 2000 est
1473 1945 1541 1999 de
1568 1960 1678 2000 non
1712 1944 2068 2001 admittendis
2104 1945 2260 2000 testi-

689 2042 793 2094 bus
828 2037 922 2106 qui
960 2051 1150 2091 contra
1184 2046 1560 2106 opponuntur,
1608 2035 1831 2106 quando
1872 2045 2041 2092 testes
2096 2037 2269 2092 addu-

692 2140 896 2185 cuntur
918 2131 987 2184 ab
1016 2145 1081 2184 eo
1109 2130 1197 2197 qui
1225 2128 1291 2182 ad
1320 2128 1625 2183 libertatem
1648 2130 1969 2197 proclamat,
1997 2140 2053 2185 et
2080 2130 2146 2184 de
2201 2147 2269 2186 eo

692 2220 837 2291 quod
886 2221 1042 2275 liberi
1082 2222 1225 2275 servi
1278 2236 1385 2274 non
1440 2220 1592 2283 ﬁant,
1648 2221 1740 2289 qui
1784 2237 2000 2276 sacram
2050 2223 2271 2277 benedi-

696 2314 931 2367 ctionem
966 2312 1279 2382 acceperint
1329 2329 1342 2363 :
1390 2326 1510 2380 quae
1557 2312 1669 2364 haec:
1722 2314 1804 2367 bis
1841 2314 2021 2368 verbis
2073 2329 2265 2382 perse-

697 2408 907 2475 quitur.
936 2406 1051 2459 Duo
1077 2406 1189 2459 tunc
1215 2403 1280 2458 ad
1309 2419 1472 2458 aures
1500 2404 1801 2472 imperialis
1824 2421 1958 2459 mea:
1986 2409 2271 2475 potestatis

699 2503 1088 2565 pervenerunt,
1136 2495 1484 2548 sanctissime
1535 2493 1755 2548 domine
1790 2535 1805 2559 ,
1849 2497 1992 2564 quod
2048 2499 2271 2566 quidam

702 2604 928 2653 eorum,
977 2588 1069 2657 qui
1113 2587 1179 2641 ad
1216 2595 1465 2642 sanctum
1514 2596 1569 2641 et
1602 2603 1857 2657 magnum
1901 2589 2067 2662 256
2104 2591 2273 2647 divini

709 2679 869 2734 Verbi
908 2679 1188 2749 sapientiae
1234 2678 1493 2745 templum
1538 2679 1833 2743 accedunt,
1865 2679 1933 2733 ad
1964 2681 2274 2737 libertatem

706 2776 1135 2843 proclamantes,
1167 2781 1219 2827 et
1266 2787 1439 2841 genus
1476 2788 1635 2827 suum
1670 2772 1736 2825 ad
1785 2774 2053 2829 libertatis
2092 2785 2279 2831 osten-

708 2865 916 2919 sionem
965 2864 1263 2933 allegantes
1308 2862 1519 2931 (dicunt
1558 2864 1703 2916 enim
1746 2879 1806 2918 se
1854 2879 1918 2917 ex
1966 2864 2152 2919 liberis
2188 2882 2279 2935 pa-

712 2957 961 3011 rentibus
1012 2972 1137 3011 esse
1172 2966 1351 3018 natos,
1399 2953 1647 3024 Bulgaris
1700 2956 1837 3010 forte
1874 2956 1957 3011 vel
2006 2957 2279 3027 aliquibus

711 3048 1003 3117 aliis,quos
1037 3046 1090 3101 in
1125 3048 1444 3101 servitutem
1480 3056 1665 3099 nostra
1698 3061 1804 3099 non
1838 3047 2046 3116 accepit
2083 3064 2279 3119 respu-

719 3139 909 3212 blica),
936 3155 996 3194 ea
1028 3139 1244 3207 quidem
1273 3153 1394 3207 quae
1428 3137 1618 3190 dicunt
1650 3136 2024 3191 demonstrare
2057 3139 2279 3205 permit-

2290 1899 2335 1957 B

2370 1753 2596 1821 θήσεται
2633 1750 2659 1801 ὀ
2696 1744 3115 1814 ἑλευθεροϐοῶν.

2452 1841 2745 1911 Ἀνάγνωθι
2796 1841 2888 1894 καὶ
2943 1839 3040 1905 τὴν
3085 1835 3307 1905 Νεαρὰν
3334 1830 3427 1885 τοῦ
3489 1827 3755 1900 βασιλέως
3776 1828 3951 1897 κυροῖ»

2377 1938 2615 2003 Ἀλεξίου
2638 1936 2733 1989 τοῦ
2769 1932 3081 2005 Κομνηνοῦ,
3110 1932 3207 1999 τὴν
3255 1927 3624 1997 ἐξενεχθεῖσαν
3663 1922 3829 1993 χάριν
3854 1919 3950 1972 τοῦ

2370 2032 2444 2102 μὴ
2516 2029 2766 2100 δέχεσθαι
2842 2022 3350 2095 ἀντιπαραστάσεις
3432 2016 3769 2087 μαρτύρων,
3823 2013 3955 2065 ὅταν

2371 2121 2728 2192 παράγωνται
2778 2110 3053 2189 μάρτυρες
3109 2114 3259 2181 παρὰ
3304 2110 3397 2163 τοῦ
3434 2104 3955 2177 ὲλευθεροὸοῶντος,

2370 2216 2464 2270 καὶ
2492 2215 2656 2285 χάριν
2683 2210 2777 2264 τοῦ
2814 2209 2889 2279 μὴ
2923 2206 3168 2277 γίνεσθαι
3198 2201 3517 2269 ἐλευθέρους
3547 2200 3674 2261 τοὺς
3740 2197 3956 2268 ίερολε-

2370 2307 2632 2377 γομένους
2673 2289 2786 2371 (98)
2822 2300 3062 2363 δούλους,
3095 2298 3195 2366 τὴν
3222 2296 3316 2350 καὶ
3348 2295 3474 2348 τάδε
3526 2292 3705 2361 ῥητῶς
3729 2288 3960 2353 διεξιοῦο

2373 2418 2492 2456 σαν.
2519 2398 2622 2451 Δύο
2647 2396 2823 2450 ταῦτα
2850 2394 2943 2447 ἐπὶ
2962 2394 3059 2455 τὰς
3076 2391 3248 2453 ἀκοὰς
3270 2392 3338 2458 τῇ
3366 2387 3615 2457 βασιλείᾳ
3641 2402 3744 2454 μου
3764 2379 3958 2453 ἦλθεν,

2374 2493 2643 2560 ἁγιώτατε
2675 2491 2931 2548 δέσποτα,
2962 2486 3037 2549 ὥς
3067 2502 3213 2548 τινες
3246 2483 3355 2536 τῶν
3384 2476 3851 2551 προσερχομένων
3882 2474 3962 2545 τῷ

2377 2586 2520 2656 ἁγίῳ
2549 2583 2773 2653 μεγάλῳ
2795 2599 2854 2636 τε
2876 2579 2974 2633 καὶ
3015 2578 3145 2649 θείῳ
3201 2575 3314 2646 ναῷ
3343 2576 3444 2642 τῆς
3495 2572 3589 2626 τοῦ
3616 2570 3754 2624 Θεοῦ
3778 2568 3961 2633 Λόγου

2377 2675 2589 2743 σοφίας,
2613 2676 2690 2735 εἰς
2732 2670 3045 2740 ἐλευθερίαν
3086 2664 3518 2735 ἀναφωνοῦντες.
3567 2662 3660 2715 καὶ
3680 2661 3964 2730 πρόφασιν

2377 2769 2478 2837 τῆς
2508 2764 2824 2834 ἐλευθερίας
2856 2764 2917 2816 τὸ
2946 2763 3105 2830 γένος
3130 2758 3450 2827 ποιούμενοι
3482 2756 3640 2827 (φασὶ
3667 2754 3782 2823 γὰρ
3807 2754 3963 2804 ἐλευ-

2379 2860 2552 2931 θέρων
2576 2854 3169 2927 γεγεννῆσθαίγονέων,
3202 2850 3529 2918 Βουλγάρων
3552 2847 3720 2916 τυχὸν
3748 2848 3783 2915 ἦ
3798 2863 3965 2898 τινων

2378 2951 2634 3006 τοιούτων
2662 2948 2756 3012 οὓς
2790 2951 2869 3011 είς
2891 2945 3136 2999 δουλείαν
3168 2947 3200 3015 ή
3226 2945 3350 2997 καθ’
3373 2944 3518 3012 ἡμᾶς
3562 2942 3624 2995 ού
3681 2938 3967 3009 παρέλαϐε

2381 3043 2781 3106 πολιτεία),είς
2829 3039 3102 3104 ἀπόδειξιν
3154 3038 3264 3091 τῶν
3316 3034 3624 3105 λεγομένων
3679 3033 3966 3101 ἀφίενται.

2381 3137 2629 3209 Κάπειδὴ
2666 3134 3102 3204 παραστήσονται
3130 3132 3413 3200 μάρτυρας
3457 3126 3847 3196 ἀδιαῦλήτους,
3878 3124 3966 3185 είς

718 3243 936 3286 tuntttr.
978 3231 1042 3285 Et
1086 3239 1373 3302 postquam
1421 3238 1590 3284 testes
1631 3230 1779 3283 omni
1813 3230 2133 3298 exceptione
2172 3237 2356 3297 tna-c

2309 3237 2356 3297 (ζ
2384 3226 2922 3299 ἀντιπαραστατικὴν
2986 3221 3295 3295 μαρτυρίαν
3338 3222 3388 3273 οί
3413 3219 3594 3289 κύριοι
3620 3217 3834 3271 τούτων
3860 3232 3969 3284 χω·-

713 3321 885 3392 jores,
914 3330 969 3375 et
990 3322 1044 3374 in
1072 3336 1211 3389 quos
1234 3319 1379 3373 nulla
1403 3318 1548 3372 cadit
1572 3317 1906 3381 criminatio,
1932 3320 2279 3389 adduxerim,

724 3414 789 3466 ad
825 3413 962 3464 alios
996 3411 1075 3465 eis
1109 3418 1277 3465 testes
1307 3410 1667 3478 opponendos
1704 3424 1894 3462 eorum
1926 3409 2132 3463 domini
2163 3426 2287 3477 pro.

718 3504 966 3566 cedunt;
998 3510 1051 3557 et
1093 3502 1175 3557 sic
1208 3517 1332 3555 cum
1369 3502 1426 3566 ii,
1456 3501 1548 3568 qui
1586 3511 1903 3570 provocant,
1935 3517 2041 3556 non
2078 3508 2289 3573 possint

723 3596 961 3665 amplius
999 3597 1051 3648 in
1085 3594 1310 3664 judiciis
1349 3595 1677 3663 persistere:
1695 3595 1911 3648 servilis
1951 3596 2289 3654 conditionis

727 3706 900 3744 onere
940 3706 1134 3744 rursus
1178 3671 1566 3758 opprimuntur
1604 3703 1619 3740 :
1653 3696 1703 3740 et
1748 3688 1964 3755 quando
2009 3691 2290 3746 matrimo-

727 3783 901 3837 niales
952 3781 1088 3835 liunt
1136 3796 1417 3836 servorum
1480 3779 1908 3833 consuetudines
1957 3789 2012 3835 et
2063 3784 2293 3837 convin-

729 3875 941 3929 ctiones
977 3874 1029 3927 in
1074 3881 1262 3927 nostra
1298 3870 1598 3937 republica,
1636 3886 1729 3925 eas
1756 3879 1938 3924 tamen
1982 3887 2139 3927 sacra
2185 3890 2293 3927 non

734 3965 1096 4033 consequitur
1146 3962 1495 4024 benedictio,
1558 3961 1884 4017 caventibus
1941 3961 2178 4018 dominis
2229 3982 2299 4021 ne

738 4060 882 4115 servi
933 4060 1074 4112 inter
1126 4072 1185 4113 se
1239 4057 1468 4113 invicem
1529 4072 1651 4111 cum
1702 4071 1855 4109 sacra
1913 4057 2291 4115 benedictione

738 4152 1162 4221 conjungantur,
1197 4166 1266 4204 ne
1294 4165 1356 4203 ex
1400 4164 1464 4203 eo
1494 4150 1558 4201 ad
1596 4148 1907 4203 libertatem
1951 4152 2302 4208 conveniant.

742 4244 944 4298 Eorum
996 4253 1176 4296 autem
1226 4251 1520 4309 utrumque
1566 4241 1913 4294 convenienti
1966 4245 2306 4299 correctione

744 4349 885 4401 opus
916 4326 1123 4387 habere
1155 4334 1404 4397 censuit;
1444 4341 1499 4386 et
1540 4339 1824 4400 propterea
1868 4332 2008 4385 hanc
2048 4337 2311 4388 constitu-

743 4430 945 4481 tionem
973 4440 1164 4495 magna
1189 4440 1311 4479 cum
1339 4426 1593 4477 cautione
1624 4434 1677 4477 et
1700 4425 2089 4480 observatione
2118 4428 2309 4492 edidit,

745 4538 842 4592 per
886 4537 1048 4590 quam
1100 4521 1353 4573 statuitur
1391 4520 1458 4571 de
1493 4519 1578 4571 his
1606 4519 1707 4585 .qui
1740 4517 1806 4571 ad
1844 4516 2149 4571 libertatem
2186 4536 2311 4588 pro-

2391 3317 2547 3394 ρούσι
2581 3357 2596 3380 ,
2651 3316 2744 3370 καὶ
2804 3314 2977 3378 οὕτως
3026 3313 3136 3366 τῶν
3205 3310 3584 3379 ἐγκαλούντων
3631 3310 3721 3362 διὰ
3780 3306 3974 3366 τέλους

2395 3411 2737 3484 παραμένειν
2820 3410 2934 3471 τοῖς
2998 3407 3371 3475 δικαστηρίοις
3424 3401 3839 3457 ἀδυνατούντων
3870 3440 3888 3460 ,
3943 3401 3977 3463 ἡ

2392 3504 2615 3573 δουλικὴ
2661 3501 2799 3570 τύχη
2828 3500 2991 3554 πάλιν
3018 3498 3230 3560 τούτοις
3259 3495 3673 3567 ἐπιφορτίζεται
3696 3509 3714 3525 ·
3744 3493 3845 3547 καὶ
3889 3494 3981 3545 ὅτι

2395 3598 2628 3669 γαμικαὶ
2656 3594 2857 3649 δούλων
2875 3592 3082 3663 ὁμιλίαι
3106 3608 3165 3644 τε
3187 3591 3281 3643 καὶ
3331 3588 3677 3657 συναρμογαὶ
3704 3587 3863 3655 παρὰ
3896 3586 3977 3655 τῷ

2397 3672 2521 3747 καθ’
2548 3691 2694 3759 ἡμᾶς
2743 3687 2984 3755 γίνονται
3044 3682 3425 3751 πολιτεύματι,
3473 3681 3535 3733 ού
3575 3680 3830 3749 μέντοιγε
3885 3680 3984 3733 καὶ

2402 3781 2675 3853 ίερολογία
2737 3780 2965 3840 ταύταις
3013 3775 3322 3837 ἀκολουθεῖ,
3380 3773 3489 3826 τῶν
3531 3772 3740 3843 κυρίων
3794 3774 3985 3827 αὐτῶν

2403 3872 2815 3940 εὐλαϐουμένων
2874 3867 2994 3936 μεθ’
3026 3866 3329 3938 ίερολογίας
3391 3864 3654 3934 ἀλλήλους
3683 3865 3987 3917 συνάπτειν

2403 3967 2532 4027 τοὺς
2583 3962 2800 4023 δούλους
2828 4000 2844 4024 ,
2901 3960 2988 4012 ίνα
3043 3958 3119 4030 μὴ
3167 3955 3308 4025 πρὸς
3358 3954 3674 4025 ἐλευθερίαν
3727 3955 3989 4008 ἐντεῦθεν

2410 4060 2733 4113 συνέλθωσι.
2765 4054 2877 4107 Καὶ
2906 4052 3007 4121 τῆς
3039 4048 3427 4120 προσηκούσης
3448 4047 3613 4117 ἄμφω
3640 4046 3991 4116 διορθώσεως

2408 4153 2613 4220 ἔγνωκε
2647 4150 2777 4201 δεῖν·
2814 4146 2912 4198 καὶ
2939 4143 3028 4197 διὰ
3052 4142 3211 4195 τοῦτο
3237 4141 3300 4193 τὸ
3316 4140 3492 4208 παρὸν
3518 4139 3798 4207 διάταγμα
3851 4157 3986 4191 συν-

2408 4240 2794 4310 τετηρημένως
2826 4234 3060 4301 ἐξέθετο,
3085 4231 3153 4286 δι’
3181 4225 3243 4287 οὗ
3272 4231 3571 4301 διορίζεται
3606 4231 3749 4289 κατὰ
3769 4231 3881 4283 τῶν
3914 4234 3995 4294 εἰς

2414 4330 2726 4400 ἐλευθερίαν
2738 4324 3163 4394 ἁναφωνούντων
3188 4320 3410 4383 δούλων,
3444 4320 3997 4388 ἁντιπαραστατικὴν

2420 4422 2725 4495 μαρτυρίαν
2751 4420 2825 4488 μὴ
2856 4418 3098 4487 κρατεῖν,
3161 4414 3294 4483 μηδὲ
3327 4411 3519 4482 χώραν’
3544 4410 3681 4474 ὅλως
3715 4409 3867 4478 ἔχειν
3898 4411 3999 4462 ab.

2419 4517 2517 4588 τὴν
2542 4515 2671 4582 παρ’
2701 4512 2971 4580 οίῳδήτινι
3002 4504 3319 4575 πολιτικῷἧ
3350 4501 3797 4572 ἐκκλησιαστικῷ
3834 4502 3999 4555 δικα-

742 4614 984 4667 clamant
1012 4613 1205 4673 servis,
1234 4625 1301 4663 ne
1327 4609 1385 4673 ii,
1411 4610 1502 4677 qui
1528 4617 1716 4661 contra
1749 4606 2116 4670 adducuntur,
2141 4617 2308 4665 testes
2345 4606 2386 4661 ῐ)

2345 4606 2386 4661 ῐ)
2414 4608 2622 4679 στηρίῳ
2649 4623 2662 4636 ·
2712 4604 2847 4657 ἀλλὰ
2877 4603 2989 4663 τοῖς
3018 4596 3312 4665 ἐγκαλοῦσι
3354 4594 3537 4664 μόνοις
3560 4594 3658 4655 τὰς
3683 4592 4001 4657 ἀποδείξεις

743 4706 851 4758 vim
904 4703 1067 4755 ullam
1124 4701 1369 4754 locnmve
1422 4699 1694 4761 habeant,
1735 4698 1791 4751 in
1840 4714 2164 4769 quocunque
2216 4716 2311 4754 seu

746 4794 895 4848 civili
932 4809 1026 4847 seu
1060 4791 1445 4847 ecclesiastico
1472 4790 1719 4857 judicio:
1765 4790 1858 4844 sed
1899 4791 1933 4843 ii
1968 4791 2094 4856 soli,
2133 4792 2225 4861 qui
2260 4793 2311 4847 in

741 4886 838 4953 jus
871 4892 1091 4947 vocant,
1131 4884 1400 4949 legitimas
1427 4882 1777 4952 probationes
1806 4881 2038 4936 all‘crant
2066 4903 2079 4948 ;
2108 4895 2161 4937 et
2197 4884 2240 4939 si
2277 4886 2312 4938 ii

749 4979 966 5047 quidem
1000 4977 1230 5030 testibus
1260 4976 1559 5037 abundent,
1591 4974 1682 5043 qui
1710 4974 1835 5041 jure
1861 4982 1990 5028 sunt
2018 4975 2312 5045 recipiendi

751 5086 930 5140 neque
964 5069 1235 5123 calumnia
1260 5068 1491 5130 inducti,
1532 5069 1752 5121 testium
1778 5066 2144 5136 jurejurando
2170 5068 2319 5137 judi-

2412 4702 2554 4756 κατὰ
2608 4699 2804 4768 νόμους
2858 4692 3197 4780 ἐξάγεσθαι,
3254 4688 3357 4741 κᾶν
3415 4686 3471 4740 εἴ
3522 4703 3626 4739 που
3670 4689 4004 4754 μαρτυριῶν

2410 4792 2766 4863 εύπορήσοιεν
2782 4779 2927 4840 οὗτοι
2949 4785 3132 4854 νόμοις
3157 4780 3363 4835 δεκτῶν
3410 4780 3505 4833 καὶ
3529 4779 3605 4847 μὴ
3664 4795 4007 4847 περιτρεπο-

2416 4886 2590 4955 μένων
2607 4881 2905 4942 διαϐολαῖς,
2935 4876 3013 4945 τῷ
3052 4874 3161 4926 τῶν
3215 4872 3505 4943 μαρτύρων
3530 4872 3677 4940 ὅρκῳ
3707 4871 3809 4938 τὴν
3839 4869 4009 4935 δίκην

2411 4976 2663 5031 λύεσθαι*
2699 4973 2834 5028 ἀλλὰ
2865 4970 2939 5041 μὴ
2968 4971 3064 5023 καὶ
3097 4964 3595 5035 ἀντιπαραστάσεις
3622 4966 3738 5025 τοῖς
3770 4965 3997 5034 κυρίοις

2421 5069 2601 5124 αὐτῶν
2629 5066 2990 5135 ἐγχωρείσθαι
3009 5078 3024 5092 ·
3063 5063 3149 5113 ἵνα
3176 5058 3254 5129 μὴ
3284 5060 3343 5110 τὸ
3375 5059 3510 5111 πολὺ
3546 5056 3657 5109 τῶν
3692 5056 4009 5110 ἀντιθέτων

755 5166 901 5219 cium
934 5165 1222 5229 solvatur;
1260 5162 1353 5217 sed
1383 5179 1490 5215 non
1521 5162 1809 5215 contrariae
1843 5162 2006 5214 etiam
2039 5175 2133 5231 per
2160 5171 2328 5217 testes

2423 5167 2610 5220 ἄνισον
2664 5157 2868 5228 βλάϐης
2932 5155 3109 5210 αἴτιον
3167 5156 3282 5215 τοῖς
3338 5150 3780 5221 ὲλαχιστοτὲροις
3838 5148 4010 5219 γενή-

760 5258 1107 5326 probationes
1135 5270 1324 5309 eorum
1350 5254 1586 5307 dominis
1612 5253 2015 5321 permittantur,
2048 5268 2113 5304 ne
2138 5268 2326 5321 magna
2426 5272 2610 5327 σηται.

760 5347 1198 5399 adversariorum
1234 5342 1578 5414 inzequalitas
1623 5344 1696 5398 sit
1739 5342 2094 5398 inferioribus
2138 5341 2325 5397 damni

764 5454 951 5493 C'MISII.

1990 5595 2184 5659 Guill.
2227 5592 2557 5672 Beveregii
2592 5556 2776 5652 nouis.

846 5731 957 5799 (98)
1011 5731 1156 5796 τοὺς
1195 5732 1696 5800 ίερολεγομένους.
1738 5728 1795 5783 In
1845 5729 2029 5783 codice
2072 5728 2329 5800 Amerba-

778 5804 974 5856 chiano
997 5805 1186 5867 legitur
1204 5804 1328 5865 τοὺς
1348 5799 1835 5873 ίέρολογουμένους.
1857 5799 2143 5873 Quomodo
2164 5800 2327 5873 etiam

780 5876 835 5929 in
862 5873 1101 5943 mergite
1130 5873 1193 5927 ad
1229 5869 1478 5929 eumdem
1502 5873 1738 5927 codicem
1769 5870 1962 5941 legitur
1994 5871 2076 5926 liis
2112 5869 2321 5934 verbis,

2447 5725 2615 5793 νεαρὰ
2647 5723 2720 5792 μὴ
2751 5715 3165 5793 ἐλευθερούσθω
3186 5681 3529 5783 διοριζομένη
3557 5709 3683 5773 τοὺς
3710 5705 4027 5778 ίερολογου-

2440 5791 2633 5867 μένους
2678 5791 2919 5852 δούλους.
