4218 6458
279 405 382 466 801

1265 403 1349 464 IN
1379 406 1544 466 CAN.
1583 405 1839 468 LXXXV
1875 404 2079 465 CONC,
2122 406 2202 464 IN
2243 408 2568 469 TRULID.

3432 416 3535 480 802

360 528 501 581 Ἀλλ’
535 528 726 599 ὥσπερ
794 529 886 582 ἐπὶ
919 528 1031 581 τῶν
1087 527 1420 597 ὁμοτελῶνὴ
1457 528 1551 579 τοῦ
1621 545 1857 596 μακαρι-
1887 533 1925 586 Λ

1887 533 1925 586 Λ
2032 525 2135 580 Sed
2180 527 2643 595 quemadmodum
2695 528 2747 581 in
2793 530 2882 594 iis,
2930 530 3021 598 qui
3070 529 3214 584 idem
3266 532 3527 586 tributum

278 623 407 677 στοῦ
462 622 632 693 κυροῦ
658 622 944 675 Βασιλείου
971 620 1265 689 νομοθεσία
1300 623 1415 684 τοῖς
1443 621 1687 681 δυνατοῖς
1713 621 1855 672 κατὰ

275 716 388 767 τῶν
431 717 684 783 πενήτων
764 713 1262 781 ἀντιπαραστάσέις
1315 713 1418 766 οὐκ
1474 711 1854 780 ἐξεχώρησεν

277 806 425 858 οὕτω
486 806 767 858 κάνταῦθα
814 808 928 868 τοῖς
988 806 1204 876 κυρίοις
1259 807 1401 859 κατά
1475 807 1583 858 τῶν
1650 805 1852 859 δούλων

278 901 690 969 ἀπεσϐεσμένον
717 899 867 953 ἔσται
894 900 954 952 τὸ
980 900 1079 969 τῆς
1133 901 1664 967 ἀντιπαραστάσεως
1698 901 1848 968 ἰσχυ-

283 993 398 1060 ρὸν,
426 993 516 1044 καὶ
556 993 690 1060 μόνη
753 993 1018 1062 κρατήσει
1063 994 1213 1062 παρὰ
1242 992 1449 1053 τούτοις
1489 994 1524 1062 ἡ
1551 993 1690 1045 κατὰ
1738 993 1848 1044 τῶν

282 1084 578 1152 μαρτύρων
608 1084 825 1151 διαϐολή
854 1101 868 1114 ·
919 1084 1020 1153 τῆς
1069 1085 1596 1152 ἁντιπαραστάσεως
1633 1084 1852 1146 πάντως

283 1175 360 1243 μὴ
399 1174 834 1244 ἁποκλειομένης
885 1177 996 1238 τοῖς
1024 1175 1444 1245 ἐγκαλουμένοις
1468 1175 1694 1237 δούλοις,
1722 1175 1852 1229 ὅταν

276 1267 404 1328 τοὺς
425 1267 704 1336 μάρτυρας
743 1268 886 1320 κατὰ
911 1268 1018 1320 τῶν
1048 1269 1105 1319 ἐν
1135 1270 1272 1338 νομῇ
1326 1267 1639 1337 ἐλευθερίας
1675 1269 1846 1321 ὄντων

273 1357 324 1408 οἱ
357 1359 490 1426 πρὸς
510 1357 758 1411 δουλείαν
789 1359 1036 1421 ἕλκοντες
1066 1358 1290 1422 τούτους
1320 1362 1702 1430 παραγάγωσι.
1727 1361 1850 1422 Τοῖς

274 1451 385 1518 γὰρ
415 1451 846 1520 ὲλαχιστοτέροις
915 1452 1006 1504 καὶ
1062 1450 1406 1519 ἁσθενέσινή
1457 1450 1711 1518 παροῦσα
1738 1451 1852 1503 διά-

273 1539 435 1605 ταξις
497 1541 776 1610 χαρίζεται
825 1541 923 1611 τὴν
977 1541 1168 1611 ῥοπὴν,
1228 1541 1341 1594 ἀλλ’
1393 1541 1489 1609 οὐχ
1542 1540 1681 1610 ὺπέρ
1742 1540 1850 1594 τῶν

275 1631 518 1683 δυνατῶν
557 1635 651 1685 καὶ
678 1634 877 1702 μᾶλλον
913 1634 1284 1704 ἰσχυροτέρων
1313 1633 1642 1688 ὲκτέθειται.
1668 1635 1847 1703 Προσ-

275 1723 462 1792 τίθησι
483 1725 538 1777 δὲ
566 1728 660 1780 καὶ
694 1727 790 1790 τὰς
850 1727 1152 1796 ίερολογίας
1219 1728 1295 1797 μὴ
1332 1728 1491 1796 μόνον
1536 1727 1686 1795 παρὰ
1738 1729 1848 1789 τοῖς

273 1815 602 1887 ἐλευθέροις,
667 1818 800 1870 ἀλλά
857 1819 951 1872 καὶ
1004 1819 1155 1890 παρὰ
1207 1822 1321 1881 τοῖς
1361 1818 1567 1879 δούλοις
1600 1821 1843 1888 κρατεῖν.

270 1909 384 1960 Καὶ
433 1907 610 1978 γάμον
648 1911 723 1980 μὴ
750 1910 925 1974 ἄλλως
951 1910 1174 1980 ἔννομον
1200 1929 1258 1962 τε
1287 1912 1381 1964 καὶ
1419 1913 1515 1980 τῆς
1560 1913 1844 1981 Χρισιτια-

270 1991 430 2068 νικῆς
459 2005 840 2065 καταστάσεως
885 2004 1032 2069 ἄξιον
1067 1999 1204 2056 εἷναί
1253 2021 1313 2056 τε
1367 2006 1456 2057 καὶ
1507 2004 1840 2074 νομίζεσθαι,

269 2094 318 2142 εί
362 2093 436 2162 μὴ
471 2096 561 2144 καὶ
618 2095 884 2163 ἱερολογία
944 2095 1071 2155 τοὺς
1148 2094 1588 2164 συναπτομένους
1644 2094 1841 2151 συνδεῖ.

274 2183 510 2236 ’Λτοπον
540 2186 648 2255 γὰρ
671 2186 737 2237 ἂν
771 2185 879 2254 εἴη,
913 2186 1043 2253 μιᾶς
1077 2188 1134 2237 ἐν
1159 2188 1294 2239 πᾶσι
1321 2187 1420 2254 τῆς
1453 2186 1842 2254 Χριστιανικῆς

270 2271 586 2340 κρατούσης
617 2271 850 2337 πίστεως
883 2276 976 2325 καὶ
1011 2273 1384 2344 βαπτίσματος
1409 2275 1841 2345 ὁμολογουμένου

271 2363 414 2425 ἐνὸς,
469 2364 538 2415 δι’
588 2360 648 2418 οὗ
685 2368 1043 2437 προσήγμεθα
1069 2370 1146 2438 τῷ
1173 2369 1382 2437 Κυρίῳ,
1420 2370 1510 2422 καὶ
1539 2372 1638 2437 τῆς
1669 2369 1841 2438 αὐτῆς

271 2455 546 2525 σωτηρίας
579 2455 940 2527 ἐλπιζομένης
979 2463 1147 2512 πᾶσιν
1171 2462 1303 2529 ἡμῖν
1327 2463 1439 2523 τοῖς
1470 2460 1839 2523 πιστεύουσιν,

268 2547 594 2616 ὑποτρέχειν
631 2549 807 2612 ἐνίους
850 2549 1129 2614 ὑπόνοιαν,
1160 2551 1234 2614 ὼς
1263 2553 1377 2614 τοῖς
1435 2552 1642 2613 δούλοις
1671 2547 1835 2623 ἦττον

270 2637 496 2706 μέτεστι
524 2639 618 2693 τοῦ
648 2641 814 2694 καλοῦ
839 2659 852 2673 ·
888 2644 984 2696 καὶ
1024 2644 1150 2707 τοὺς
1183 2642 1282 2712 μὲν
1334 2644 1650 2714 ἐλευθέρους
1699 2643 1840 2695 κατὰ

266 2731 450 2800 γάμον
501 2733 752 2802 ἀλλήλοις
805 2735 1175 2788 συνάπτεσθαι
1257 2736 1380 2805 θείᾳ
1445 2735 1838 2804 συνδουμένους

268 2824 404 2893 εὐχῇ
437 2826 701 2896 πρότερον
726 2842 742 2857 ο
769 2827 898 2890 τοὺς
925 2825 1147 2889 δούλους
1176 2827 1234 2880 δὲ
1251 2827 1493 2881 τοιούτου
1525 2827 1838 2882 διαπίπτειν

268 2915 440 2968 καλοῦ
472 2920 565 2969 καὶ
606 2919 684 2989 μὴ
707 2919 1160 2988 παραλαμϐάνειν
1182 2920 1313 2972 Θεὸν
1334 2918 1422 2972 ἐπ’
1469 2919 1694 2991 εὐλογίᾳ
1733 2921 1834 2989 τῆς

271 3007 658 3073 συνελεύσεως,
688 3010 721 3080 ἢ
746 3010 996 3074 δεδιέναι,
1029 3012 1182 3074 ὡς,εί
1216 3011 1688 3083 παρελαμϐάνετο,
1723 3013 1837 3066 ἀδι-

271 3099 471 3170 κηθείη
507 3102 573 3154 ἂν
602 3104 838 3174 περὶτὴν
864 3103 1181 3156 δεσποτείαν
1209 3105 1237 3156 ὁ
1263 3106 1465 3158 τούτων
1493 3103 1703 3174 κύριος,
1737 3104 1834 3174 τῆς

1958 620 2197 678 solvunt,
2247 620 2329 672 lex
2379 621 2680 674 beatissimi
2731 621 2932 674 domini
2980 623 3161 676 Basilii
3219 625 3533 690 polentibus

1956 711 2220 762 adversus
2246 727 2510 780 pauperes
2532 714 2840 766 contrarias
2867 713 3213 780 probationes
3243 732 3339 783 per
3361 724 3531 768 testes

1957 819 2065 856 non
2103 805 2348 872 permisit
2385 822 2397 857 :
2435 806 2513 857 sic
2559 815 2611 858 et
2649 807 2734 858 hic
2766 806 3006 858 dominis
3043 808 3305 861 adversus
3344 823 3534 861 servos

1957 896 2040 949 vis
2074 899 2361 949 contrariae
2393 912 2487 964 per
2526 908 2692 950 testes
2722 899 3073 965 probationis
3103 902 3370 953 exstincta
3402 905 3532 964 erit,

1952 999 2005 1040 et
2032 989 2147 1039 sola
2179 987 2317 1055 apud
2344 1003 2439 1040 eos
2474 987 2674 1040 valebit
2708 989 2974 1042 adversus
3001 989 3148 1053 ipsos
3181 999 3347 1043 testes
3381 992 3531 1046 illata

1954 1081 2307 1141 criminatio;
2342 1081 2619 1131 contraria
2658 1096 2764 1132 non
2811 1083 3036 1133 omnino
3079 1096 3173 1149 per
3205 1091 3372 1135 testes
3405 1099 3531 1152 pro-

1958 1170 2176 1225 batione
2225 1173 2467 1230 exclusa,
2499 1171 2720 1240 quando
2765 1171 2819 1230 ii,
2858 1175 2947 1241 qui
2987 1177 3220 1227 trahunt
3266 1175 3320 1227 in
3357 1177 3531 1228 servi-

1957 1272 2157 1330 tutem,
2193 1266 2454 1320 adversus
2487 1267 2630 1329 illos,
2675 1266 2764 1335 qui
2806 1266 2930 1334 jure
2972 1278 3100 1320 sunt
3139 1268 3318 1331 liberi,
3355 1271 3530 1323 servis

1954 1354 2007 1406 iii
2058 1355 2152 1423 jus
2205 1357 2657 1414 voeatis.testes.
2721 1356 3104 1422 ρι-υόιικυιήιιι.
3167 1357 3530 1413 Ιιιίοτίυιὶὺιιδ

1953 1451 2096 1502 enim
2127 1460 2179 1500 et
2213 1447 2502 1500 imbecillis
2534 1464 2774 1514 praesens
2809 1451 3135 1501 constitutio
3167 1452 3524 1518 gratiﬁcatur,

1950 1546 2002 1591 et
2037 1537 2181 1606 quod
2227 1553 2321 1590 eos
2357 1537 2512 1605 juvet
2550 1536 2937 1590 subministrat
2990 1557 3004 1590 :
3047 1555 3154 1592 non
3201 1551 3380 1593 autem
3428 1558 3527 1612 pro

1965 1629 2267 1698 majoribus
2320 1639 2373 1681 et
2416 1627 2816 1696 potentioribus
2863 1631 3065 1683 editur.
3100 1631 3306 1698 Adjicit
3343 1645 3525 1687 autem

1949 1731 2002 1774 et
2034 1737 2219 1774 sacras
2252 1723 2686 1782 benedictiones,
2734 1738 2840 1774 non
2886 1724 3060 1774 solum
3108 1725 3251 1792 apud
3302 1725 3523 1791 liberos,

1951 1813 2044 1868 sed
2078 1814 2238 1866 etiam
2270 1817 2409 1881 apud
2439 1829 2629 1868 servos
2656 1814 2854 1867 valere.
2890 1813 2954 1866 Et
2987 1817 3203 1884 nuptias
3236 1834 3342 1871 non
3381 1821 3519 1873 alias

1950 1909 2220 1977 legitimas
2251 1919 2305 1962 et
2351 1901 2665 1962 Christiana
2706 1909 3057 1962 inStitutione
3093 1911 3288 1979 dignas
3316 1927 3436 1966 esse
3467 1921 3522 1966 et

1943 2001 2276 2059 esistimari,
2317 2000 2420 2052 nisi
2462 2000 2628 2052 etiam
2669 2002 2972 2054 benedictio
3005 2017 3122 2065 eos,
3157 2003 3248 2069 qui
3287 2005 3522 2073 conjun-

1943 2103 2165 2162 guntur,
2198 2092 2438 2159 colliget.
2484 2091 2792 2144 Ahsurdum
2830 2094 2974 2146 enim
3025 2105 3193 2161 esset,
3237 2113 3359 2150 cum
3409 2115 3514 2152 una

1945 2186 1997 2239 in
2040 2185 2295 2238 omnibus
2322 2185 2632 2237 Christiana
2669 2186 2805 2239 lides
2847 2187 3049 2251 valeat,
3081 2201 3135 2240 et
3169 2205 3312 2244 unus
3349 2193 3422 2243 sit
3462 2192 3516 2245 in

1941 2279 2194 2333 confesso
2247 2278 2573 2346 baptismus,
2628 2293 2722 2346 per
2770 2294 2930 2345 quem
2970 2281 3035 2332 ad
3094 2281 3384 2334 Dominum
3420 2283 3518 2335 de-

1940 2372 2090 2425 ducti
2125 2387 2339 2435 sumus,
2372 2379 2426 2424 et
2459 2372 2647 2424 eadem
2681 2372 2833 2425 salus
2868 2387 2896 2424 a
2933 2373 3091 2425 nobis
3126 2375 3381 2429 omnibus
3421 2375 3515 2444 qui

1941 2466 2224 2520 credimus
2261 2475 2536 2532 speretur,
2577 2465 2855 2517 nonnullis
2904 2466 3043 2518 hanc
3092 2466 3339 2517 obortam
3394 2483 3513 2520 esse

1939 2556 2330 2625 suspicionem,
2355 2556 2501 2624 quod
2523 2558 2664 2610 servi
2691 2557 2803 2610 sint
2824 2557 2949 2610 boni
2977 2558 3156 2610 minus
3180 2559 3506 2626 participes;

1937 2657 1992 2703 et
2015 2649 2170 2702 liberi
2197 2649 2419 2717 quidem
2446 2647 2801 2701 matrimonio
2828 2648 3056 2703 invicem
3082 2650 3512 2720 eonjnngantur,

1938 2742 2088 2812 prius
2119 2740 2369 2793 oratione
2411 2741 2648 2808 colligati
2688 2758 2702 2792 :
2736 2744 2877 2795 servi
2917 2753 3097 2797 autem
3143 2760 3172 2798 a
3226 2747 3319 2798 tali
3369 2748 3515 2800 bono

1934 2834 2207 2892 excidant.
2256 2838 2309 2884 et
2365 2830 2530 2884 Deum
2587 2847 2692 2884 non
2745 2843 3028 2888 assumant
3076 2836 3127 2888 in
3183 2852 3514 2906 congressus

1934 2923 2334 2986 benedictione,
2381 2922 2463 2977 vel
2499 2931 2768 2983 metuant.
2799 2924 2943 2993 quod
2998 2927 3041 2979 si
3079 2930 3510 2996 assumpserint,

1934 3033 2122 3072 eorum
2154 3017 2409 3070 dominus
2440 3017 2492 3068 in
2530 3017 2775 3068 dominio
2805 3017 3005 3085 iniuria
3042 3019 3368 3083 abiceretur,
3395 3022 3513 3073 illo-

1939 3124 2058 3161 rum
2100 3109 2339 3162 dominio
2376 3109 2642 3176 privatus.
2692 3107 2748 3159 Si
2806 3109 2907 3160 hoc
2957 3118 3134 3162 autem
3189 3110 3363 3163 locum
3413 3112 3509 3163 ha-

262 3192 363 3247 ἐπ’
385 3196 562 3258 αὐτοῖς
593 3195 1008 3265 στερισκόμενος
1048 3195 1382 3259 δεσποτείας.
1441 3195 1600 3248 Οὕτω
1643 3196 1748 3266 γὰρ
1783 3198 1831 3248 εί
1860 3227 1904 3288 C

1860 3227 1904 3288 Ο
1936 3200 2134 3261 buerit,
2161 3209 2412 3253 sanctum
2442 3216 2660 3268 quoque
2687 3201 3015 3266 baptismum
3043 3203 3233 3253 timere
3262 3212 3501 3268 oportet,

263 3285 427 3338 τοῦτο
456 3290 684 3357 κρατοίη
713 3287 946 3340 δεδιέναι
964 3287 1068 3358 χρὴ
1112 3288 1208 3340 καὶ
1232 3289 1292 3339 τὸ
1314 3288 1468 3354 ἅγιον
1524 3287 1826 3358 βάπτισμα,

265 3378 344 3446 μὴ
375 3377 559 3431 δοῦλον
607 3379 889 3445 ξενωθεῖεν
939 3380 1052 3433 τῶν
1106 3380 1468 3434 δεσποτειῶνο
1535 3379 1671 3436 ἀλλὰ
1734 3379 1830 3432 καὶ

263 3468 435 3538 αὐτὴν
462 3469 559 3540 τὴν
585 3471 692 3524 τῶν
718 3471 1002 3541 ἁχράντων
1031 3471 1351 3540 μυστηρίων
1392 3471 1715 3541 μετάληψιν,
1753 3470 1828 3541 μὴ

260 3563 357 3615 καὶ
393 3563 480 3615 διὰ
534 3562 737 3632 ταύτης
788 3563 1015 3616 ἐκείνων
1042 3563 1475 3633 άλλοτριωθεῖεν.
1521 3563 1827 3617 Κάντεῦθεν

258 3658 326 3707 ἐκ
360 3655 468 3707 τῶν
497 3655 701 3708 δούλων
751 3656 1036 3726 οἰκήσεται
1082 3655 1141 3708 τὸ
1176 3656 1318 3724 μέγα
1377 3656 1471 3708 καὶ
1525 3656 1825 3725 σεὸάσμιον

256 3748 357 3815 τῆς
403 3745 554 3808 θείας
607 3746 845 3809 πίστεως
902 3746 1071 3814 ὄνομα
1113 3761 1128 3776 ⁸
1178 3747 1272 3798 καὶ
1327 3746 1387 3797 οὐ
1429 3745 1608 3798 δοῦλοι
1661 3747 1823 3815 μόνον

258 3835 590 3906 ἀνθρώπων,
619 3836 756 3889 ἀλλὰ
783 3838 878 3889 καὶ
900 3837 992 3889 τοῦ
1017 3837 1111 3890 ἀνθ
1122 3839 1467 3908 ρωποκτόνου
1496 3841 1813 3907 γενήσονται

258 3928 561 3999 ἅνθρωποι.
595 3929 1112 3997 Συγκινδυνεύσουσι
1145 3930 1199 3981 δὲ
1230 3931 1320 3981 καὶ
1349 3930 1398 3980 οί
1471 3931 1648 3998 κύριοι
1702 3929 1824 3982 τού-

257 4038 370 4074 των
397 4021 545 4091 φόϐῳ
581 4020 675 4074 τοῦ
743 4022 817 4092 μη
866 4022 1143 4075 διαπεσεῖν
1170 4021 1472 4091 ὑπηρεσίας
1496 4022 1821 4091 ἀνθρώπων,

256 4114 361 4181 τῆς
415 4112 511 4164 τοῦ
536 4113 673 4165 Θεοῦ
698 4114 857 4181 δόξης
916 4112 1214 4179 ἀποξενοῦν
1277 4114 1507 4176 ἑαυτοὺς
1562 4115 1824 4184 ἀνεχόμε-

255 4221 340 4257 νοι
376 4203 508 4270 (99).
553 4204 690 4258 Ἀλλ’
721 4204 846 4256 οὔτε
880 4203 1038 4256 τοῦτο
1097 4203 1256 4270 λόγον
1308 4203 1420 4273 ἔχει
1452 4204 1686 4268 δίκαιον,
1727 4206 1822 4257 καὶ

253 4296 358 4366 τὴν
384 4297 686 4366 ἱερολογίαν
719 4296 779 4361 ἐξ
806 4296 1052 4365 ἀνάγκης
1080 4297 1171 4348 καὶ
1196 4294 1288 4348 ἐπὶ
1319 4296 1427 4347 τῶν
1456 4295 1658 4348 δούλων
1687 4313 1822 4359 κρα-

253 4391 377 4440 τεῖν
433 4386 649 4454 εὔλογον
697 4389 791 4440 καὶ
847 4387 1239 4458 Χριστιανικῆς
1279 4384 1498 4450 ἐπάξιον
1558 4388 1823 4441 καταστά-

257 4496 421 4541 σεως.

1937 3307 2003 3346 ne
2036 3292 2179 3346 servi
2212 3292 2513 3344 dominium
2545 3291 2646 3345 sibi
2686 3291 2976 3344 vendieent
3014 3293 3157 3345 :sed
3191 3295 3356 3346 etiam
3403 3294 3499 3346 im-

1935 3383 2328 3437 maculatorum
2377 3384 2759 3453 mysteriorum
2807 3383 3255 3450 assumptionem,
3302 3402 3367 3438 ne
3409 3402 3506 3455 per

1931 3490 2051 3530 eam
2084 3475 2150 3527 ab
2178 3474 2285 3527 illis
2309 3487 2529 3543 quoque
2555 3473 2884 3526 alienentur.
2910 3471 3029 3538 Quo
3056 3473 3144 3527 ﬁet
3169 3483 3224 3526 nt
3253 3476 3303 3527 in
3332 3478 3503 3529 servis

1929 3565 2159 3617 intereat
2186 3577 2438 3630 magnum
2462 3571 2516 3614 et
2543 3559 2855 3614 venerabile
2885 3561 3084 3615 divinae
3108 3562 3228 3615 ﬁdei
3257 3578 3451 3616 nomen
3485 3580 3500 3616 :

1927 3661 1980 3707 et
2028 3667 2135 3704 non
2185 3652 2364 3704 solum
2415 3649 2554 3704 servi
2593 3649 2895 3713 hominum,
2951 3649 3045 3703 sed
3098 3653 3259 3704 etiam
3295 3653 3498 3705 diaboli

1926 3738 2236 3799 homicidae,
2271 3735 2401 3789 ﬁent
2435 3736 2704 3789 homines.
2745 3735 2945 3788 Eorum
2984 3745 3161 3790 autem
3201 3738 3404 3789 domini
3443 3741 3494 3791 in

1925 3829 2225 3899 periculum
2258 3841 2475 3896 quoque
2514 3827 2757 3887 venient,
2801 3843 2890 3890 ne,
2921 3829 3045 3880 dum
3081 3828 3360 3881 hominum
3392 3833 3496 3883 mi-

1926 3921 2156 3975 nisterio
2211 3919 2410 3989 privari
2468 3919 2784 3980 formidant,
2841 3935 2869 3971 a
2922 3919 3012 3974 Dei
3065 3921 3232 3990 gloria
3283 3922 3495 3990 seipsos

1923 4012 2232 4067 abalienare
2273 4012 2603 4073 sustineant,
2656 4012 2749 4064 sed
2790 4026 2971 4080 neque
3022 4012 3121 4065 hoc
3153 4021 3242 4067 est
3285 4015 3487 4067 rationi

1922 4111 2373 4168 consentaneum,
2400 4111 2453 4156 et
2497 4118 2710 4156 sacram
2748 4104 3184 4158 benedictionem
3230 4106 3282 4158 in
3314 4107 3493 4159 servis

1923 4212 2140 4268 quoque
2167 4197 2345 4250 valere
2389 4211 2630 4266 aequum,
2676 4204 2731 4249 et
2778 4195 3093 4250 Christiana
3143 4195 3492 4251 institutione

1921 4291 2143 4364 dignum
2178 4299 2282 4345 est.

334 4572 494 4625 Ἀλλὰ
535 4573 640 4642 γὰρ
661 4573 720 4624 ἐν
749 4571 1058 4643 ἀνθρώποις
1079 4566 1218 4625 οἶδεν
1239 4571 1272 4642 ἠ
1295 4572 1431 4642 τύχη
1494 4570 1813 4626 δεσποτείαν
1840 4569 1888 4628 1)
1984 4572 2000 4604 ‘

1840 4569 1888 4628 D
1984 4571 2468 4630 Verumenimvero
2515 4570 2731 4625 fortuna
2785 4573 2933 4626 novit
2965 4573 3017 4626 in
3051 4572 3367 4628 hominibus
3397 4573 3483 4626 di-

254 4664 354 4716 καὶ
381 4663 622 4718 δουλείαν
665 4663 921 4735 διάφορα,
949 4666 1046 4718 καὶ
1090 4665 1238 4733 άπερ
1270 4667 1302 4734 ἡ
1329 4663 1451 4717 καθ’
1495 4662 1643 4734 ἡμᾶς
1664 4663 1816 4715 πολι-

249 4756 378 4808 τεία
399 4755 673 4826 παρέλαϐε
697 4756 869 4808 ταῦτα
897 4756 988 4809 καὶ
1016 4756 1108 4809 ἐπὶ
1137 4755 1342 4808 τούτων
1366 4755 1542 4824 χρεὼν
1559 4757 1804 4826 κρατεῖν.

256 4845 352 4911 Εἷς
383 4850 437 4901 δὲ
469 4849 672 4919 Κύριος
725 4851 964 4914 πάντων,
1018 4849 1116 4918 μία
1160 4850 1368 4916 πίστις,
1399 4851 1458 4902 ἓν
1507 4850 1814 4920 βάπτισμα,

254 4941 354 4992 καὶ
378 4940 588 4994 δουλεία
609 4940 700 4993 καὶ
718 4940 1003 4995 δεσποτεία
1023 4942 1120 4994 ὃσα
1146 4959 1206 5009 γε
1228 4943 1368 4996 κατὰ
1392 4943 1575 4995 πίστιν
1587 4942 1818 5012 διάφορα

253 5029 316 5081 ού
348 5028 708 5099 γινώσκομεν,
741 5030 822 5082 ὅτι
851 5031 943 5083 καὶ
969 5031 1169 5092 πάντες
1187 5029 1382 5098 ἐπίσης
1434 5029 1612 5083 δοῦλοί
1640 5032 1810 5099 ἐσμεν

251 5120 332 5188 τῷ
363 5122 425 5172 ἐκ
448 5119 688 5183 δουλείας
742 5119 1081 5192 λυτρώσαντι
1151 5122 1295 5193 ἡμᾶς
1318 5122 1395 5192 τῷ
1414 5121 1474 5187 ἐξ
1492 5121 1657 5176 αὑτοῦ
1683 5121 1814 5192 θείῳ

1915 4680 2076 4721 versa
2099 4680 2220 4720 esse
2250 4664 2555 4718 dominium
2599 4672 2651 4717 et
2682 4665 3022 4729 servitutem,
3050 4673 3104 4717 et
3140 4681 3258 4734 quae
3299 4677 3486 4719 nostra

1919 4765 2130 4825 accepit
2158 4755 2487 4825 respublica,
2526 4770 2586 4808 ea
2616 4757 2668 4807 in
2703 4755 2769 4807 iis
2798 4771 3013 4824 quoque
3039 4756 3219 4810 valere
3245 4765 3480 4826 oportet.

1916 4845 2070 4901 Unus
2110 4855 2291 4899 autem
2345 4845 2605 4898 Dominus
2653 4846 2924 4909 omnium,
2973 4861 3078 4899 una
3122 4847 3274 4909 lides,
3312 4863 3481 4901 unum

1917 4938 2187 5008 baptisma
2222 4937 2270 4970 "
2307 4956 2320 4991 :
2355 4935 2513 5006 257
2542 4949 2596 4989 et
2625 4937 2769 5006 quod
2799 4937 2864 4990 ad
2907 4939 3064 4991 [idem
3094 4937 3312 5007 quidem
3349 4939 3482 4992 atti-

1917 5038 2030 5093 net,
2065 5029 2294 5084 dominii
2327 5040 2380 5084 et
2415 5029 2695 5084 servitutis
2734 5030 3098 5085 dill'erentiam
3138 5045 3246 5083 non
3279 5045 3484 5099 cogno-

1913 5122 2151 5186 scimus;
2178 5119 2439 5189 quoniam
2466 5133 2656 5173 munes
2684 5133 2874 5174 sumus
2898 5135 2961 5173 ex
2988 5135 3144 5188 aequo
3167 5119 3310 5174 servi
3333 5119 3476 5188 ejus,

251 5215 350 5268 καὶ
385 5212 634 5284 ζωοποιῷ
694 5213 910 5282 αἵματι.
954 5213 1065 5268 Καὶ
1118 5216 1242 5268 ἐπεὶ
1269 5214 1442 5268 ταῦτα
1481 5214 1661 5278 καλῶς
1690 5214 1813 5269 τού-
1909 5232 1917 5264 ι

1808 5245 1813 5256 ι
1909 5211 2002 5282 qui
2032 5226 2132 5264 nos
2157 5225 2223 5263 ex
2255 5209 2518 5263 servitute
2543 5206 2728 5261 divino
2751 5221 2853 5262 suo
2878 5217 2931 5262 et
2964 5206 3181 5261 vivilieo
3207 5205 3474 5277 sanguine

247 5319 367 5364 τοις
399 5305 494 5356 καὶ
549 5305 842 5368 λυσιτελῶς
889 5305 1265 5369 διατέτακται,
1316 5304 1398 5358 δεῖ
1431 5306 1532 5374 τὴν
1558 5305 1807 5376 μεγάλην

251 5396 564 5466 ἁγιωσύνην
601 5413 693 5450 σου
723 5397 858 5468 δῆλα
909 5397 1077 5450 ταῦτα
1117 5396 1303 5450 θέσθαι
1329 5395 1648 5467 ἁπανταχοῦ
1698 5397 1808 5450 τῶν

325 5555 371 5585 ³³
412 5553 609 5621 Ephes.
636 5568 708 5618 tv,
727 5553 780 5607 5.

1909 5303 2157 5358 redemit.
2195 5300 2260 5353 Et
2281 5300 2544 5371 quoniam
2579 5300 2693 5353 haec
2726 5311 2873 5354 recte
2902 5299 2989 5354 his
3016 5309 3072 5353 et
3104 5299 3308 5353 utiliter
3340 5314 3475 5358 cone

1907 5398 2099 5453 stituta
2154 5401 2305 5460 sunt,
2351 5402 2572 5464 oportet
2624 5406 2873 5463 magnam
2924 5400 3074 5447 tuam
3125 5393 3470 5449 sanctitatem

1462 5638 1654 5702 Guill.
1696 5640 2026 5716 Beveregii
2059 5651 2242 5704 noue.

325 5750 432 5820 (99)
468 5748 746 5816 Ἑαυτοὺς
767 5749 1132 5817 ἀνεχόμενοι.
1161 5745 1220 5800 In
1246 5745 1480 5801 editione
1503 5744 1796 5820 Parisie_nsi

247 5817 439 5877 lacuna
475 5821 575 5876 hoc
611 5823 728 5877 loco
763 5821 1106 5893 relinquitur,
1139 5831 1300 5889 quam
1332 5832 1429 5873 nos
1460 5832 1523 5873 ex
1560 5832 1660 5873 ms.
1700 5817 1800 5874 Bo-

1904 5746 2120 5873 dleian?
2150 5750 2228 5803 sic
2257 5753 2662 5822 supplevmtus;
2691 5752 2780 5807 cui
2804 5751 2966 5808 etiam
2998 5753 3467 5812 Amerbacliianus

1906 5831 1964 5873 as
1995 5834 2080 5873 mu
2114 5831 2252 5873 atur.

1943 5834 2252 5889 snputatur.
