4218 6458
693 440 798 503 8ῡ3
861 434 864 442 ’

1953 433 2056 492 ΤΗ
2070 433 2233 492 ΕΟΙ).
2280 429 2678 489 BALSAMON

3829 431 3936 494 804

694 555 806 607 bare
833 549 1087 621 omniain
1113 546 1368 601 omnibus
1391 544 1641 601 ccclesiis
1667 542 1957 600 manifesta
1985 543 2211 598 reddere
2243 559 2256 594 :

2369 541 2535 608 ἁγίων
2556 539 2886 609 ἐκκλησιῶν,
2945 541 3019 603 ὡς
3053 542 3119 594 ἂν
3147 542 3199 594 οῖ
3245 542 3302 594 ἐν
3335 544 3528 607 αὑταῖς
3583 545 3935 613 προεστῶτες

696 653 752 696 ιιι
784 641 875 704 qui
912 639 988 691 eis
1019 647 1279 705 pra-snnt,
1315 650 1377 688 ea
1410 651 1530 702 qua:
1560 633 1622 685 ad
1655 633 1958 686 libertatem
1992 634 2260 693 pertinent

695 740 776 790 sic
828 733 1205 789 cxaminantes
1262 730 1568 781 contrarias
1631 732 1849 781 testium
1905 726 2256 794 probationes

695 831 959 882 adversus
985 841 1174 897 servos
1207 822 1444 875 dominis
1483 837 1590 873 non
1617 819 1958 888 permittant,
2000 826 2053 870 et
2085 816 2261 868 omni-

697 921 800 974 bus
851 921 902 972 in
947 920 1062 971 suis
1107 912 1405 984 provinciis
1443 911 1790 964 manifestum
1823 909 2075 974 efficiant,
2110 908 2258 977 quod

691 1013 787 1081 qui
839 1027 944 1064 non
981 1025 1105 1061 cum
1160 1021 1313 1060 sacra
1366 1004 1745 1057 benedictione
1791 1018 1976 1058 servos
2028 1003 2258 1055 invicem

691 1104 1054 1168 coniungunt,
1108 1115 1212 1153 non
1260 1097 1369 1150 Deo
1419 1105 1633 1167 gratum
1666 1097 1808 1148 inter
1849 1110 1943 1150 eos
1973 1094 2262 1148 matrimo-

696 1198 847 1251 nium
881 1195 1225 1249 constituunt
1255 1207 1270 1243 :
1305 1189 1398 1244 sed
1443 1187 1859 1242 fornicatorium
1891 1187 2092 1241 coitum
2126 1201 2260 1240 con-

697 1291 937 1342 lirmant.
972 1285 1121 1351 Quos
1167 1284 1313 1338 enim
1353 1298 1458 1336 non
1494 1281 1781 1351 coniungit
1817 1280 1962 1334 Deus
2007 1295 2102 1348 per
2134 1295 2262 1334 san-

696 1392 838 1438 ctam
899 1377 1334 1434 benedictionem
1396 1382 1750 1440 assumptus,
1815 1371 1868 1424 hi
1936 1386 2128 1427 omnes
2191 1372 2260 1426 ad

697 1481 916 1542 peccata
949 1471 1300 1523 conveniunt.
1345 1464 1407 1518 Et
1447 1464 1622 1518 sicubi
1661 1464 1761 1518 hoc
1789 1464 1861 1517 ab
1896 1463 2100 1533 aliquo,
2136 1464 2265 1533 qui-

692 1582 908 1635 cunque
965 1568 1008 1620 is
1059 1565 1150 1627 sit,
1198 1563 1400 1616 abhinc
1432 1560 1630 1615 factum
1668 1561 2039 1613 renuntiatum
2076 1558 2260 1623 fuerit,

696 1661 870 1712 sciant
902 1656 1129 1716 domini,
1167 1653 1309 1722 quod
1361 1669 1466 1705 non
1515 1652 1696 1704 solum
1746 1651 1840 1702 ira:
1870 1649 2068 1701 divina:
2096 1658 2260 1700 erunt

697 1750 945 1808 obnoxii,
989 1747 1080 1800 sed
1125 1761 1153 1798 a
1194 1747 1369 1800 servis
1402 1758 1620 1812 quoque
1660 1740 2138 1801 abalienabnntur,
2180 1739 2261 1792 eis

698 1843 949 1896 abductis
983 1840 1035 1892 in
1067 1840 1397 1893 libertatem.
1430 1837 1567 1889 Cum
1597 1836 1674 1889 eis
1699 1835 1843 1887 enim
1879 1834 2042 1888 liceat
2073 1847 2260 1887 servos

699 1951 830 1990 suos
853 1935 974 2003 jure
1017 1934 1071 1986 in
1116 1934 1224 1986 Deo
1263 1933 1498 1985 invicem
1534 1931 1886 1997 conjungere,
1913 1938 1966 1979 et
1997 1931 2262 1997 integrum

699 2031 751 2084 in
795 2030 877 2082 eis
923 2028 1126 2080 habere
1173 2025 1501 2087 dominium,
1538 2025 1644 2077 nisi
1696 2024 1795 2076 hoc
1846 2022 2094 2080 fecerint,
2143 2021 2266 2089 jure

694 2119 921 2174 omnino
947 2118 1013 2171 ab
1036 2133 1226 2171 eorum
1256 2116 1497 2168 dominio
1519 2115 1790 2167 excident.
1815 2113 2064 2166 Praesens
2087 2125 2264 2165 autem

696 2212 1020 2266 constitutio
1052 2225 1161 2263 non
1193 2209 1370 2263 solum
1406 2208 1568 2261 debet
1600 2209 1654 2259 in
1699 2206 1949 2261 ecclesiis
1989 2221 2110 2275 qua:
2141 2206 2267 2259 ubi-

697 2321 803 2375 que
831 2316 960 2358 sunt
993 2301 1351 2372 promulgari,
1386 2301 1480 2355 sed
1514 2300 1567 2352 in
1605 2299 1862 2352 omnibus
1890 2299 2053 2351 etiam
2088 2297 2267 2350 civili-

696 2399 803 2452 bus
831 2396 1054 2464 judiciis
1096 2394 1286 2461 deponi
1325 2410 1341 2446 :
1374 2392 1513 2445 tradi
1548 2401 1728 2446 autem
1766 2390 1930 2444 etiam
1968 2386 2057 2452 iis,
2091 2391 2178 2458 qui
2212 2390 2265 2442 in

701 2488 1003 2557 provinciis
1038 2487 1389 2553 magistratus
1433 2493 1652 2553 gerunt,
1685 2491 1743 2536 ut
1776 2498 1898 2550 quae
1927 2482 1994 2535 ab
2026 2482 2267 2549 impera-

665 2574 667 2576 ’
697 2582 839 2634 toria
874 2587 1058 2632 nostra
1103 2578 1434 2629 auctoritate.
1470 2577 1610 2628 bene
1649 2576 2047 2637 decernuntur,
2090 2575 2269 2628 omni-

702 2675 805 2726 bus
828 2674 1195 2724 innotescant.
1221 2667 1496 2734 Quoniam
1529 2678 1707 2721 autem
1737 2668 1790 2720 in
1817 2668 2068 2735 personis
2092 2668 2268 2721 servi-

698 2765 801 2816 lem
836 2762 1111 2815 fortunam
1147 2760 1480 2814 habentibus
1509 2760 1710 2829 nuptizn
1742 2762 1894 2830 prius
1929 2759 2083 2813 facta:
2117 2768 2266 2824 sunt,

699 2862 752 2905 et
784 2854 986 2921 nuptiae
1016 2854 1410 2906 convenienter
1452 2851 1674 2919 iniquae,
1715 2865 1835 2918 quae
1873 2849 2158 2918 hucusque
2190 2850 2271 2902 in-

701 2945 890 3006 valuit,
943 2944 1322 2998 consuetudini
1373 2952 1762 3013 processerunt
1791 2985 1804 3007 ,
1842 2950 2058 3012 oportet
2102 2940 2153 2994 in
2202 2940 2271 2996 iis

699 3054 919 3107 quoque
963 3054 1174 3092 sacram
1221 3037 1662 3091 benedictionem
1715 3036 1852 3098 ﬁeri,
1902 3047 1961 3089 ut
2002 3051 2097 3103 per
2125 3049 2270 3100 eam,

698 3132 861 3185 etiam
897 3131 940 3184 si
977 3131 1131 3184 tarde
1159 3132 1270 3192 ﬁat,
1307 3131 1357 3183 id
1394 3131 1537 3198 quod
1578 3138 1660 3183 est
1685 3128 1974 3183 colendum
2005 3143 2067 3181 ac
2098 3143 2269 3182 vene-

702 3222 934 3276 randum
971 3223 1228 3284 habeant,
1263 3221 1646 3290 superioribus
1677 3235 1899 3290 quoque
1930 3220 2269 3274 observatio—

703 3318 865 3369 nibus
891 3315 1057 3368 etiam
1089 3314 1143 3367 in
1173 3315 1322 3368 hisce
1355 3314 1561 3382 nuptiis
1585 3313 1778 3368 ‘valere
1812 3312 2160 3367 debentibus.

773 3405 1028 3461 ZONAR.
1089 3406 1222 3459 Rem
1285 3405 1720 3458 inaestimabilem
1773 3420 1894 3459 esse
1943 3404 2267 3468 libertatem,

701 3503 805 3555 boc
837 3511 940 3563 est,
992 3499 1332 3568 impossibile
1378 3514 1516 3564 esse,
1551 3507 1612 3552 ut
1656 3499 1977 3562 aestimetur,
2027 3497 2111 3550 vel
2151 3511 2274 3563 pre-

702 3595 833 3648 tium
871 3594 991 3661 ejus
1025 3595 1413 3654 constituatur,
1443 3591 1588 3661 leges
1626 3591 1811 3645 civiles
1834 3590 2050 3645 docent.
2080 3591 2268 3660 Igitur,

714 3687 928 3753 quoties
961 3685 1025 3738 de
1075 3683 1343 3746 libertate,
1369 3685 1567 3751 quippe
1608 3683 1673 3735 de
1706 3699 1814 3736 non
1849 3685 1982 3738 levis
2014 3684 2272 3738 momenti

703 3795 760 3831 re
802 3777 1175 3830 testimOnium
1211 3775 1344 3828 ferri
1382 3783 1685 3843 oporteret,
1738 3789 1972 3843 quorum
2009 3776 2273 3829 intererat

704 3866 1056 3937 probationes
1112 3862 1350 3927 alierre,
1399 3862 1639 3931 quinque
1684 3862 1896 3916 scilicet
1945 3873 2039 3915 aut
2090 3863 2274 3933 plures

701 3959 864 4011 etiam
905 3957 1069 4025 (quod
1103 3955 1328 4008 totidem
1361 3954 1416 4006 in
1452 3953 1576 4006 aliis
1605 3969 1823 4022 quoque
1858 3953 2271 4023 disceptationi-

706 4050 810 4102 bus
851 4046 969 4100 dari
1006 4043 1452 4108 eonsuevissent)
1500 4050 1672 4096 testes
1703 4042 1958 4097 exhibere
2011 4044 2300 4112 cogeban'-_

703 4149 813 4192 tur.
861 4137 975 4202 Qua
1001 4137 1219 4204 quidem
1251 4133 1649 4190 consuetudine
1688 4134 1776 4187 hic
1807 4133 2058 4187 damnata
2098 4149 2274 4189 canon

704 4231 820 4299 (qui
859 4230 1117 4282 nimirum
1153 4228 1391 4283 libertati
1437 4226 1634 4296 faveat)
1687 4227 1850 4280 trium
1882 4241 2097 4295 quoque.
2124 4228 2277 4282 testi-

707 4321 954 4374 monium
984 4318 1118 4373 satis
1152 4334 1272 4372 esse
1299 4319 1588 4383 decernit;
1622 4327 1674 4372 et
1700 4319 2040 4373 stabilienda:
2074 4319 2280 4373 consti-

706 4413 904 4466 tutioni
931 4427 999 4466 ex
1028 4411 1200 4466 sacris
1234 4412 1454 4466 Litteris
1486 4412 1575 4464 illa
1606 4412 1831 4481 profert,
1855 4412 1911 4466 In
1944 4427 2038 4466 ore
2073 4413 2280 4468 scilicet

708 4507 941 4558 duorum
972 4505 1254 4563 aut_trium
1281 4505 1496 4557 testium
1522 4504 1688 4557 stabit
1712 4519 1872 4557 omne
1896 4505 2144 4567 verbum,
2173 4506 2279 4560 hoc

705 4610 813 4662 cSI,
849 4597 1061 4651 ﬁrmum
1101 4613 1163 4650 ac
1197 4607 1371 4650 ratum
1406 4613 1532 4652 esse
1559 4598 1912 4665 jndicahitur.

705 4689 936 4745 ARIST.
992 4710 1009 4741 ι
1066 4688 1266 4744 Servus
1303 4709 1328 4742 a
1383 4691 1606 4744 domino
1637 4691 1740 4744 sub
1777 4691 1994 4744 duobus
2047 4691 2274 4747 testibus

751 4803 768 4831 ο
815 4768 1206 4847 manumissus,
1247 4782 1499 4836 libertate
1535 4784 1782 4834 donetur.
1829 4799 1849 4833 ι
1887 4781 2237 4852 Perspicuus.

1221 4873 1444 4929 CANON
1482 4872 1768 4927 LXXXVI.
1793 4921 1817 4950 ,

712 4987 732 5019 ι
772 4968 903 5032 Eos,
930 4966 1020 5036 qui
1057 4965 1123 5019 ad
1159 4967 1464 5018 animarum
1498 4964 1707 5034 lapsum
1737 4964 2052 5020 meretrices
2076 4977 2279 5035 cogunt

783 5079 802 5111 ι
843 5070 896 5113 et
931 5059 1104 5123 alunt,
1136 5059 1183 5111 si
1218 5058 1328 5112 sint
1358 5057 1576 5126 quidem
1611 5056 1820 5121 clerici,
1853 5056 2050 5126 deponi
2083 5058 2278 5113 deﬁni-

788 5170 806 5201 ι
846 5167 968 5204 mus
995 5170 1007 5205 :
1039 5151 1125 5203 sin
1164 5165 1289 5202 vero
1317 5148 1462 5210 laici,
1499 5148 1796 5218 segregari.
1837 5166 1855 5199 ι

781 5241 981 5295 BALS.
1043 5240 1517 5307 Quemadmodum
1551 5240 1636 5295 lex
1677 5240 1854 5294 civilis
1899 5233 2146 5305 lenones,
2191 5241 2282 5310 qui

716 5336 1036 5388 meretrices
1065 5335 1241 5397 alunt,
1273 5333 1447 5402 punit,
1485 5333 1558 5385 ita
1594 5339 1650 5386 et
1690 5347 1864 5385 canon
1892 5331 2133 5386 decernit
2165 5349 2281 5397 eos,

710 5428 806 5498 qui
855 5427 1171 5481 meretrices
1215 5433 1436 5494 cogunt,
1491 5432 1545 5478 et
1586 5425 1786 5478 multos
1838 5439 1898 5477 ea
1959 5425 2165 5478 ratione
2216 5427 2280 5477 ad

2306 4584 2361 4643 D

2369 635 2512 689 οὕτω
2541 652 2600 688 τε
2655 637 2723 688 τὰ
2787 635 2916 704 περὶ
2985 637 3096 688 τῶν
3157 636 3480 706 ἐλευθεριῶν
3539 638 3934 706 δοκιμάζωσιν,

2362 730 2902 799 ἀντιπαραστατικὴν
2932 730 3242 799 μαρτυρίαν
3267 731 3408 783 κατά
3446 730 3555 783 τῶν
3589 730 3795 784 δούλων
3821 735 3937 794 τοῖς

2361 823 2647 886 δεσπόταις
2695 823 2770 892 μὴ
2805 823 3242 893 συγχωροῦντες,
3303 824 3395 876 καὶ
3424 825 3557 877 πᾶσι
3601 825 3807 877 θῶνται
3837 842 3938 876 και

2361 915 2599 982 ταφανές
2628 917 2684 967 ἐν
2719 916 2838 976 ταῖς
2864 916 2954 966 ὑπ’
2987 915 3168 967 αὐτῶν
3208 917 3463 985 ἐνορίαις,
3501 917 3576 979 ὡς
3610 919 3657 968 οί
3693 917 3769 986 μὴ
3805 918 3942 986 μεθ’

2376 1009 2691 1081 ἱερουργίας
2719 1008 2971 1078 ἀλλήλοις
3001 1010 3365 1070 συνάπτοντες
3398 1012 3524 1071 τοὺς
3553 1009 3779 1072 δούλους
3812 1009 3940 1079 οὐχὶ

2362 1102 2587 1171 θεοφιλῆ
2633 1102 2814 1171 γάμον
2846 1101 3170 1167 συνεστῶσιν
3205 1104 3264 1154 ἐν
3298 1102 3484 1164 αὐτοῖς
3510 1118 3526 1134 ο
3588 1102 3704 1156 ἀλλ’
3737 1105 3940 1172 ἐκπορ-

2360 1193 2624 1248 νεύουσαν
2663 1193 2810 1263 μίξιν
2840 1191 3221 1263 κρατύνουσιν.
3253 1193 3360 1254 Οὓς
3397 1195 3505 1263 γὰρ
3561 1196 3634 1264 μὴ
3668 1195 3942 1248 συνάπτει

2361 1286 2495 1348 Θεὸς
2525 1287 2594 1340 δι’
2621 1286 2922 1356 ἱερολογίας
2951 1286 3536 1357 παραλαμϐανόμενος,
3559 1284 3704 1342 οὗτοι
3731 1288 3943 1347 πάντες

2361 1382 2438 1440 εἰς
2469 1380 2742 1448 ἁμαρτίας
2773 1379 3148 1449 συνέρχονται.
3214 1380 3320 1432 Καὶ
3347 1381 3399 1433 εῖ
3436 1398 3540 1433 που
3590 1383 3943 1448 προσαγγελ-

2363 1473 2477 1542 θείη
2501 1471 2659 1524 τοῦτο
2688 1473 2817 1541 παρ’
2835 1471 3166 1542 οίουδήτινος
3194 1470 3367 1534 οὕτως
3409 1473 3518 1526 ἀπὸ
3538 1472 3694 1526 τοῦδε
3717 1475 3944 1540 γινόμε-

2360 1581 2469 1626 νον,
2499 1565 2737 1617 ἴστωσαν
2756 1563 2828 1626 ὡς
2856 1565 2914 1616 οὐ
2937 1565 3095 1633 μόνον
3118 1563 3246 1633 θείῳ
3309 1565 3592 1634 μηνύματι
3648 1569 3942 1635 καταστή-

2364 1677 2544 1712 σονται
2569 1657 2764 1727 ἔνοχοι,
2784 1658 2919 1710 ἀλλὰ
2946 1660 3038 1710 καὶ
3091 1658 3201 1710 τῶν
3227 1657 3430 1710 δούλων
3474 1659 3944 1728 ἁλλοτριωθήσον-

2359 1767 2476 1827 ςιαι,
2505 1752 2584 1811 εἰς
2610 1748 2926 1818 ἐλευθερίαν
2960 1749 3379 1817 ἁρπαζομένων.
3425 1749 3576 1816 Ἐξδν
3608 1751 3722 1821 γὰρ
3755 1753 3942 1814 αὐτοῖς

2364 1842 2505 1895 κατὰ
2533 1841 2727 1910 νόμους
2771 1841 2890 1910 Θεῷ
2925 1840 3222 1893 συνάπτειν
3252 1840 3500 1911 ἀλλήλοις
3527 1844 3650 1902 τοὺς
3690 1842 3942 1906 δούλους,

2369 1939 2462 2003 καὶ
2486 1935 2582 2004 τὴν
2605 1935 2702 2002 επὶ
2752 1935 2935 1996 αὐτοῖς
2989 1935 3309 1986 δεσποτείαν
3367 1936 3515 2005 ἔχειν
3557 1934 3865 2005 ἁλὼὅητον,
3895 1939 3942 1988 εί

2372 2027 2446 2099 μὴ
2475 2029 2637 2082 τοῦτο
2665 2029 2892 2093 ποιοῖεν,
2927 2028 3139 2089 ἑαυτοῖς
3166 2026 3408 2091 δικαίως
3445 2027 3662 2088 πάντως
3692 2029 3795 2093 τὴν
3843 2026 3941 2094 τῆς

2366 2119 2688 2182 δεσποτείας
2717 2120 3013 2186 ἐπάγουσιν
3077 2118 3376 2173 ἔκπτωσιν.
3423 2118 3496 2170 Τὸ
3529 2118 3588 2170 δὲ
3621 2117 3802 2185 παρὸν
3833 2117 3948 2168 διά-

2366 2227 2554 2280 ταγμα
2579 2211 2640 2262 οὑ
2700 2211 2862 2278 μόνον
2916 2208 3123 2275 ὀφείλει
3180 2211 3268 2280 ἐνᾼ
3291 2208 3413 2270 ταῖς
3451 2205 3774 2275 ἅπανταχοῦ
3837 2206 3948 2256 τῶν

2367 2275 2669 2370 ἐκκλησιῶν
2693 2275 3108 2368 διαγγελθῆναι,
3138 2275 3274 2350 ἀλλά
3299 2297 3404 2349 κάν
3461 2299 3574 2358 τοῖς
3639 2295 3948 2354 πολιτικοῖς

2368 2394 2742 2462 δικαστηρίοις
2774 2391 3228 2461 καταστρωθῆναι
3266 2389 3370 2460 (ιιι
3401 2388 3650 2458 γενέσθαι
3679 2389 3739 2440 δὲ
3771 2389 3952 2440 διαδό·

2372 2506 2552 2558 σιμον,
2610 2488 2704 2541 καὶ
2757 2489 2836 2549 είς
2864 2487 2988 2547 τοὺς
3035 2485 3144 2538 τῶν
3185 2486 3542 2555 ἐπαρχιωτῶν
3589 2484 3946 2554 προεστῶτας

2370 2579 2573 2650 ἀρχῶν,
2627 2580 2701 2641 ὡς
2738 2580 2804 2631 ἂν
2857 2576 3063 2647 εἴδησιν
3112 2577 3274 2645 ἔχωσι
3326 2576 3565 2638 ἅπαντες
3613 2577 3726 2628 τῶν
3755 2575 3945 2635 καλῶς

2371 2673 2523 2741 παρά
2545 2673 2644 2740 τῆς
2692 2670 2970 2740 βασιλείας
3022 2669 3179 2739 ήμῶν
3220 2669 3567 2738 ὁρισθέντων.
3641 2667 3872 2736 Ἐπειδὴ
3893 2668 3951 2718 δὲ

2371 2769 2465 2820 καὶ
2495 2766 2663 2833 γάμοι
2724 2763 2966 2830 ἔφθασαν
3016 2764 3116 2832 ἤδη
3177 2762 3428 2826 γενέσθαι
3487 2748 3590 2830 sui,
3630 2765 3952 2830 προσώποις

2370 2856 2622 2925 δουλικὴν
2650 2854 2831 2924 ἔχουσι
2877 2852 3071 2922 τύχην,
3127 2853 3219 2906 καὶ
3246 2853 3295 2905 οί
3320 2852 3488 2922 γάμοι
3545 2839 3691 2923 κατὰ
3711 2852 3816 2919 τὴν
3845 2854 3954 2912 ἓως

2371 2948 2463 3001 τοῦ
2495 2948 2587 3000 νῦν
2613 2950 2923 3016 κρατοῦσαν
2953 2945 3264 3014 παράλογον
3334 2946 3625 3014 συνήθειαν
3668 2945 3956 3027 προϐεεήι

2372 3055 2525 3100 κασι,
2549 3038 2629 3089 δεῖ
2659 3037 2752 3089 καὶ
2802 3038 2894 3089 ἐπὶ
2923 3036 3130 3089 τούτων
3173 3036 3270 3107 τὴν
3303 3035 3607 3107 ίερολογίαν
3661 3033 3952 3103 γενέσθαι,

2375 3123 2578 3186 ἴνα-’διὰ
2641 3133 2869 3199 ταύτης,
2908 3131 3013 3184 κᾶν
3071 3130 3168 3200 ὀψὲ
3227 3131 3474 3200 γένηται,
3532 3131 3593 3182 τὸ
3650 3130 3956 3206 σεϐάσμιοι

2373 3226 2559 3296 ἔχωσι,
2601 3225 2711 3277 τῶν
2733 3225 3021 3294 ἀνωτέρων
3041 3227 3346 3294 εἰρημένων
3377 3227 3828 3293 παρατηρήσεων
3852 3226 3952 3276 καὶ

2373 3321 2468 3374 ἐπὶ
2497 3319 2578 3388 τῷ
2608 3319 2834 3387 τοιούτῳ
2863 3318 3025 3385 γάμῳ
3061 3320 3282 3386 κρατεῖν
3303 3316 3656 3384 ὀφειλουσῶν.

2409 3412 2692 3464 εΖΩΝΑΡ.
2730 3409 3116 3480 Ἀδιατίμητον
3171 3410 3403 3478 πρᾶγμα
3446 3409 3547 3477 τὴν
3597 3407 3952 3472 ἐλευθερίαν,

2374 3505 2541 3574 ἧγουν
2589 3502 2976 3572 διατιμηθῆναι
3017 3502 3116 3555 καὶ
3173 3500 3336 3570 τιμὴν
3377 3500 3661 3571 ὁρισθῆναι
3688 3502 3781 3552 ἐπ’
3819 3503 3958 3569 αὐτῇ

2379 3596 2454 3663 μὴ
2486 3596 2803 3663 δυνάμενον,
2859 3594 2907 3646 οί
2942 3596 3042 3663 τῆς
3069 3594 3346 3656 πολιτείας
3381 3589 3520 3645 εῖναι
3561 3593 3721 3660 νόμοι
3761 3592 3960 3659 φασίν.

2392 3688 2479 3750 Ὠς
2503 3686 2594 3739 οὖν
2612 3685 2740 3756 περὶ
2768 3685 3004 3755 μεγάλου
3037 3686 3364 3755 πράγματος
3396 3683 3656 3751 ἐσομένης
3685 3683 3788 3752 τῆς
3821 3701 3967 3752 μαρ-

2377 3779 2575 3850 τυρίας
2602 3781 2690 3831 ὅτε
2737 3777 2918 3846 δεήσει
2945 3777 3248 3846 μαρτυρίας
3281 3775 3411 3845 περὶ
3466 3776 3804 3844 ἐλευθερίας,
3850 3779 3960 3829 ἁπ-

2379 3870 2606 3942 ῃτοῦντο
2630 3871 2677 3922 οἱ
2702 3869 2799 3932 τὰς
2829 3869 3129 3933 ἀποδείξεις
3157 3866 3474 3937 ποιούμενοι
3503 3869 3668 3919 πέντε
3703 3868 3877 3936 τυχὸν
3926 3870 3960 3937 ἦ

2378 3964 2473 4016 καὶ
2513 3961 2764 4022 πλείονας
2819 3959 3168 4028 παράγεσθαι
3203 3960 3509 4029 μάρτυρας,
3544 3958 3622 4020 ὡς
3677 3959 3960 4011 τοσούτων

2353 4057 2472 4109 ’καὶ
2495 4054 2580 4121 ἐφ’
2619 4054 2836 4122 ἑτέραις
2873 4052 3169 4105 ὑποθέσεσι
3193 4051 3617 4122 παραγομένων.
3652 4052 3834 4103 Τοῦτο
3866 4049 3960 4104 οὖν

2375 4144 2614 4212 ἀναιρῶν
2649 4145 2680 4196 ὁ
2735 4141 2912 4196 κανὼν
2941 4144 3032 4195 ἐπὶ
3088 4141 3282 4211 θάλψει
3326 4145 3424 4212 τῆς
3477 4142 3819 4211 ἐλευθερίας,
3868 4147 3963 4195 καὶ

2374 4239 2524 4306 τρεῖς
2574 4234 2744 4304 ὁρίζει
2799 4235 3007 4302 ἀρκεῖν,
3040 4235 3132 4286 καὶ
3188 4233 3286 4304 τὴν
3318 4234 3540 4304 Γραφὴν
3581 4235 3829 4301 παράγει
3882 4237 3962 4297 εἰς

2380 4328 2639 4380 σύστασιν
2671 4326 2768 4394 τῆς
2828 4325 3214 4394 θεσμοθεσίας,
3264 4325 3529 4391 λέγουσαν
3556 4343 3568 4356 ο
3612 4327 3738 4377 ἐπὶ
3796 4326 3899 4378 δύο
3926 4328 3960 4395 ἢ

2379 4419 2549 4488 τριῶν
2587 4418 2879 4487 μαρτύρων
2941 4416 3273 4486 σταθήσεται
3308 4420 3416 4470 πᾶν
3446 4419 3621 4487 ρἧα,
3683 4419 3808 4470 ἀντὶ
3864 4421 3959 4472 τοῦ

2383 4507 2830 4578 βεϐαιωθήσεται,
2862 4507 3263 4576 κυρωθήσεται.

2379 4676 2603 4729 ΑΡΙΣΤ.
2649 4693 2668 4726 ι
2727 4675 3204 4745 Ἠλευθερωμένος
3262 4676 3367 4728 ὑπὸ
3429 4677 3694 4730 δεσπότου
3755 4679 3955 4747 δοῦλος

2485 4770 2581 4820 ἐπὶ
2609 4767 2731 4821 δυσὶ
2781 4769 3049 4838 μάρτυσιν
3076 4768 3165 4836 εἴη
3207 4769 3525 4832 ἀδούλωτος.
3577 4789 3595 4822 ι
3633 4773 3845 4842 Σαφής.

2935 4861 3174 4913 κΑΝοΝ
3234 4860 3379 4928 nq’.

2385 4973 2405 5007 ι
2451 4953 2593 5016 Τοὺς
2615 4953 2709 5006 ἐπὶ
2743 4951 2925 5022 ψυχῶν
2951 4952 3149 5023 ὀλίσθῳ
3174 4955 3378 5024 πόρνας
3403 4956 3845 5022 ἐπισυναγοντας
3866 4962 3962 5010 καὶ

2460 5063 2480 5098 ι
2527 5044 2920 5115 ἐκτρέφοντας,
2943 5044 2992 5096 εί
3018 5045 3117 5113 μὲν
3139 5043 3391 5114 κληρικοὶ
3416 5040 3544 5107 εἶεν,
3573 5047 3963 5116 καθαιρεῖσθαι

2450 5157 2472 5214 ς
2515 5138 2803 5208 ὁρίζομεν·
2832 5137 2881 5190 εί
2909 5136 2967 5189 δέ
2997 5137 3196 5200 λαῖκοὶ,
3234 5138 3610 5209 ἀφορίζεσθαι.
3642 5159 3662 5190 ι

2457 5230 2654 5284 ΒΑΛΣ.
2697 5230 2910 5299 Ὥσπερ
2942 5231 2970 5282 ὁ
2998 5229 3281 5292 πολιτικὸς
3332 5231 3496 5300 νόμος
3548 5232 3773 5296 κολάζει
3837 5236 3964 5298 τοὺς

2385 5323 2811 5394 πορνοϐοσκοὺς,
2849 5321 2994 5375 οὕτω
3043 5323 3138 5376 καὶ
3172 5325 3200 5376 ὁ
3247 5323 3431 5377 κανὼν
3488 5324 3785 5395 διορῖζεται
3841 5331 3968 5391 τοὺς

2382 5415 2810 5482 ἐπισυνάγοντας
2858 5413 3087 5484 πόρνας,
3136 5415 3230 5467 καὶ
3281 5409 3392 5468 οἷον
3436 5416 3525 5469 διὰ
3588 5418 3784 5470 τούτου
3839 5437 3968 5471 aw-

1922 5588 2116 5650 Guill.
2149 5587 2472 5663 Beveregii
2507 5596 2688 5646 noue.

792 5722 867 5790 (1)
907 5721 1089 5775 Ἀλλὰ
1110 5719 1223 5774 κάν
1249 5719 1370 5786 τοῖς
1398 5720 1726 5786 πολιτικοῖς
1751 5719 2156 5790 δικαστηρίοις
2177 5735 2280 5771 κα-

715 5789 1153 5859 ταστρωθῆναι.
1209 5791 1333 5844 llmc
1381 5793 1543 5845 verba
1591 5793 1645 5844 in
1694 5792 1930 5844 editione
1981 5789 2277 5847 Parisiensi

717 5863 1041 5918 omittuntur
1093 5879 1106 5914 :
1161 5871 1212 5914 at
1261 5879 1362 5915 non
1411 5863 1568 5914 modo
1612 5863 1663 5913 in
1712 5862 1897 5915 codice
1945 5870 2130 5915 nostro
2175 5859 2278 5913 Bo-

2384 5716 2621 5778 dleiano,
2662 5717 2755 5771 sed
2788 5715 2947 5769 etiam
2983 5715 3034 5767 in
3068 5713 3500 5766 Amerbachiano
3532 5721 3586 5766 et
3622 5711 3845 5765 Tiliano
3889 5714 3968 5765 le-

2422 5797 2618 5853 untnr;
2653 5797 2708 5840 et
2730 5803 2792 5840 ex
2827 5784 3261 5856 praecedentibus
3293 5783 3492 5843 verbis,
3521 5784 3588 5835 οὺ
3619 5784 3781 5853 μόνον
3811 5784 3965 5852 ἐτεί-

2427 5877 2496 5924 ει,
2527 5852 2844 5913 necessario
2865 5872 2927 5912 ea
2957 5852 3183 5924 legenda
3216 5868 3340 5910 esse
3370 5865 3606 5910 constat.
