4218 6458
204 370 315 432 8θ5

1189 366 1272 426 1N
1308 367 1475 428 CAN.
1516 362 1803 425 LXXXVI
1842 361 2055 420 CONC.
2097 360 2178 420 ΙΝ
2216 358 2542 420 TRULLO.

3358 354 3466 418 806

206 485 494 547 ωθοῦντας
515 485 593 546 εἰς
617 481 859 551 ψυχικὴν
886 479 1166 535 ἀπώλειαν
1185 481 1312 540 τοὺς
1339 479 1588 540 πολλοὺς,
1610 478 1703 530 καὶ
1734 476 1794 528 οὐ

1859 475 2090 532 ,anima:
2125 473 2351 526 exitium
2402 471 2566 524 veluti
2616 469 2985 540 protrudunt;
3037 476 3093 526 et
3143 483 3249 522 non
3286 471 3463 524 Stilum

209 582 374 648 μόνον
402 578 853 644 ὲπισυνάγοντας,
884 573 1019 625 ἀλλά
1068 574 1162 626 καὶ
1198 573 1589 642 ἐκτρέφοντας,
1619 571 1788 639 ἤγουν

207 672 280 724 τά
314 670 592 736 ἀναγκαῖα
621 669 811 729 αὐταῖς
859 663 1348 734 ιὲπιχορηγοῦντας
1407 662 1507 733 (τῷ
1534 663 1642 731 γὰρ
1673 661 1788 713 όνό-

213 780 347 832 ματι
374 763 469 830 τῆς
506 760 713 829 τροφῆς
765 758 857 811 καὶ
891 757 1226 826 ὲνδυμενίαι,
1260 758 1355 808 καὶ
1390 756 1459 809 τά
1503 755 1686 815 λοιπά,
1723 756 1790 806 τά

210 857 352 926 πρὸς
384 854 683 906 ἀκολασίαν
714 853 842 914 τοὺς
873 851 1262 920 ἁπαλωτέρους
1317 849 1568 911 ἕλκοντα,
1601 865 1664 898 πε
1677 846 1788 917 ριέ-

207 948 444 1016 χονται).
479 945 775 1015 κληρικοὺς
801 945 899 1013 μὲν
922 944 1104 1006 ὄντας,
1139 939 1542 1012 καθαιρεῖσθαι,
1570 937 1792 998 λαῖκοὺς

115 1040 131 1052 '
205 1037 288 1096 δὲ.
321 1035 699 1105 ἀφορίζεσθαι.
738 1034 814 1088 Οὐ
847 1034 1001 1104 παρά
1030 1034 1187 1086 τοῦτο
1213 1032 1269 1085 δὲ
1297 1034 1344 1085 ot
1383 1032 1543 1101 μόνον
1572 1032 1793 1081 ἐπισυν·

211 1126 448 1192 άγοντες
504 1125 600 1177 καὶ
638 1125 712 1195 μὴ
747 1126 1108 1195 ὲκτρέφοντες
1141 1125 1312 1186 αὐτάς
1349 1123 1408 1175 οὐ
1463 1121 1786 1191 τιμωρηθή-

212 1235 431 1272 σονταιο
466 1217 608 1270 ἀλλά
639 1219 880 1271 κάκεῖνοι
923 1217 1126 1287 ὁμοίως
1171 1216 1624 1284 κολασθήσονται.
1659 1208 1791 1264 Eine

185 1309 268 1360 ’δὲ
301 1311 328 1361 ό
361 1309 539 1362 κανὼν
572 1311 630 1364 τὸ
656 1306 1071 1376 ἐκτρέφον-τες,
1107 1309 1186 1360 ὅτι
1210 1306 1267 1371 ἐξ
1291 1306 1532 1374 ἀνάγκης
1588 1308 1653 1375 τῇ
1682 1323 1797 1356 συν·

209 1401 406 1468 ἀγωγῇ
441 1399 799 1452 ἐπακολουθεῖ
829 1397 922 1450 καὶ
951 1399 983 1467 ἡ
1009 1397 1170 1467 λοιπὴ
1200 1397 1420 1466 φροντὶς
1443 1397 1549 1449 τῶν
1579 1397 1798 1448 ἐπισυν-

214 1491 530 1560 αγομένων.
573 1493 648 1544 Οὐ
682 1493 790 1559 γάρ
820 1491 881 1542 τὸ
945 1491 1273 1557 συναγαγεῖν
1307 1495 1471 1554 μόνον
1501 1486 1650 1551 ἄξιόν
1682 1488 1798 1538 ἐστι

212 1582 498 1643 κολάσεως
519 1599 534 1613 ο
570 1583 703 1635 διότι
732 1583 954 1649 συνάγει
985 1599 1067 1642 τις
1109 1580 1370 1642 πολλάκις
1399 1578 1606 1648 πόρνας
1634 1580 1793 1647 χάριν

211 1671 313 1723 τοῦ
353 1672 650 1724 ὑποθέσθαι
681 1673 870 1735 αὑταῖς
901 1673 970 1724 τά
999 1667 1398 1740 σωτηριώδη.ἢ
1428 1672 1798 1738 χειραγωγίας

214 1762 451 1825 ἀξιῶσαι
480 1764 824 1832 σωματικῆςἸ
875 1763 909 1833 ἢ
947 1759 1287 1830 παραδοῦναι
1318 1759 1398 1828 τῷ
1443 1760 1667 1829 ἄρχοντι
1701 1762 1799 1828 χά-

1891 585 1987 622 eos
2019 571 2110 638 qui
2137 577 2362 638 cogunt,
2396 570 2487 622 sed
2515 579 2569 620 et
2596 566 2687 635 qui
2725 567 2877 620 alunt
2904 568 3019 621 sive
3049 567 3130 621 eis
3154 572 3464 624 necessaria

1896 661 2250 728 suppeditant
2286 660 2548 727 (alimenti
2603 661 2748 711 enim
2797 660 3016 713 nomine
3052 671 3104 715 i-t
3153 663 3467 721 indumenta

1893 762 1946 806 et
1987 757 2214 824 reliquzt,
2247 770 2367 824 quae
2395 755 2668 809 molliores
2691 755 2758 808 ad
2794 755 3268 822 intemperantiam
3296 769 3466 812 attra-

1896 850 2051 908 hunt,
2084 846 2666 916 comprehenduntur),
2694 849 2736 903 si
2769 848 3107 915 sintquidem
3137 853 3340 912 clerici.
3369 855 3466 905 de-

1894 942 2171 1009 ponendos
2207 957 2218 990 :
2259 942 2342 994 sin
2382 956 2509 994 vero
2542 941 2686 1003 laici,
2716 943 3106 1012 segregandos.
3133 942 3248 996 Non
3283 960 3464 1000 autem

1897 1033 2103 1087 idcirco
2146 1033 2236 1102 qui
2275 1034 2451 1087 solum
2487 1033 2704 1100 quidem
2748 1044 2970 1105 cogunt,
3001 1047 3054 1089 et
3084 1051 3327 1092 eas.uou
3365 1057 3468 1092 nu-

1893 1119 2224 1188 triunt,‘non
2262 1125 2561 1191 punientur
2587 1139 2600 1175 :
2639 1122 2734 1176 sed
2763 1125 2814 1177 in
2845 1141 2939 1180 eos
2970 1142 3187 1195 quoque
3216 1128 3470 1182 similiter

1901 1216 2386 1269 animadvertetur.
2420 1214 2562 1268 Dixit
2585 1224 2764 1269 autem
2793 1231 2967 1270 canon
2998 1217 3125 1271 illttd
3159 1235 3172 1273 :
3216 1219 3467 1284 Etalunt,

1895 1310 2152 1376 quoniam
2181 1307 2270 1362 tibi
2294 1310 2593 1377 coegerint,
2621 1324 2933 1363 necessario
2956 1325 3171 1379 quoque.
3195 1313 3466 1378 sequitur,

1897 1408 1958 1454 ut
1988 1410 2298 1454 coactarum
2332 1415 2464 1454 cura
2507 1401 2762 1470 deinceps
2801 1402 2868 1454 ah
2900 1400 2968 1455 iis
3004 1415 3244 1470 geratur.
3283 1402 3468 1471 Neque

1898 1493 2041 1545 enim
2098 1495 2274 1548 solum
2322 1508 2519 1562 cogere
2575 1495 2901 1562 supplicium
2959 1501 3201 1546 meretur
3252 1510 3473 1548 :mere-

1899 1588 2074 1640 trices
2107 1589 2248 1639 enim
2282 1601 2423 1654 sa‘pe
2454 1585 2596 1655 cogit
2625 1586 2922 1656 quispiam,
2953 1597 3010 1638 ut
3050 1587 3131 1639 eis
3161 1586 3275 1647 illa,
3308 1585 3474 1656 258

1900 1695 2018 1749 quae
2052 1691 2182 1734 sunt
2215 1680 2497 1742 salutaria,
2547 1686 2826 1748 suggerat,
2864 1677 2949 1730 vel
3000 1686 3056 1730 ut
3089 1693 3277 1731 earum
3310 1693 3472 1740 opera

1902 1772 1966 1824 ad
2013 1771 2361 1823 tractandum
2414 1772 2630 1839 aliquod
2668 1771 3032 1823 ministerium
3071 1779 3274 1832 utatur,
3302 1769 3383 1822 Vel
3415 1777 3475 1822 ut

213 1872 305 1922 ριν
348 1854 752 1924 σωφρονισμοῦ.
787 1855 955 1923 Ζήτει
1013 1854 1216 1923 βιϐλίον
1254 1853 1295 1916 ξ’
1327 1852 1437 1904 τῶν
1464 1853 1792 1918 Βασιλικῶν,

1859 1842 1870 1894 ⁵
1899 1861 1988 1913 det
2020 1875 2113 1911 eas
2151 1859 2492 1924 magistratui
2525 1856 2895 1924 castigandas.
2930 1857 3124 1922 Quaere
3159 1857 3356 1909 librqu
3407 1871 3475 1909 ιι

211 1946 384 2016 τίτλῳ
407 1945 510 2016 λη’,
541 1964 666 2015 κεφ.
691 1952 758 2001 α’.
803 1947 929 1998 Ἐάν
959 1946 1143 2015 πατὴρ
1167 1945 1441 2014 θυγατέρα
1468 1945 1500 2014 ἢ
1529 1945 1795 2014 δεσπότης

213 2039 416 2107 δούλην
463 2040 827 2108 πορνοϐοσκῇ,
877 2036 1270 2090 ἀπολλύτωσαν
1323 2037 1420 2106 τὴν
1458 2036 1544 2087 ἐπ’
1596 2038 1789 2099 αὑταῖς

215 2130 495 2192 ἐξουσίαν.
525 2129 856 2200 Προστίθησι
883 2130 938 2181 δὲ
967 2132 1028 2180 τὸ
1068 2128 1365 2196 κεφάλαιον
1400 2128 1487 2179 διά
1511 2127 1607 2180 τοῦ
1671 2131 1794 2180 ἑπι-

213 2223 428 2274 σκόπου
468 2222 562 2273 καὶ¹
594 2219 687 2272 τοῦ
703 2221 960 2289 ἄρχοντος
996 2219 1160 2280 αὑτὰς
1192 2217 1539 2289 βοηθεῖσθαιο
1569 2219 1664 2271 κοιλ⁸
1690 2221 1794 2283 ὅτι,

217 2313 319 2364 ἐὰν
355 2313 674 2365 ἀνθίσταται
895 2312 1055 2364 τοῦτο
1083 2315 1110 2364 ὁ
1144 2319 1326 2384 πατὴρ
1356 2315 1388 2384 ἢ
1416 2287 1466 2364 Αὸ
1495 2313 1789 2381 δεσπότης,

213 2405 553 2472 δημεύονται
590 2405 682 2458 καὶ
714 2407 1074 2476 έξορίζονται.
1107 2407 1217 2459 Καὶ
1246 2409 1306 2458 τὸ
1347 2407 1603 2476 δεύτερον
1631 2405 1798 2471 κεφά-

216 2495 376 2548 λαιον
402 2497 528 2558 τοὺς
566 2497 665 2565 μὲν
694 2499 930 2560 εὐτελεῖς
966 2499 1363 2568 πορνοϐοσκοὺς
1388 2500 1594 2568 ὁμοίως
1623 2516 1795 2566 τιμω-

223 2589 332 2657 ρεῖ,
362 2588 487 2650 τοὺς
521 2589 579 2640 δὲ
603 2589 892 2659 στρατείαν
924 2589 1145 2659 ἔχοντας
1168 2589 1505 2659 δημεύεσθαί
1532 2606 1687 2658 φησι.
1721 2587 1796 2639 Τὸ

219 2679 414 2747 μέντοι
450 2678 498 2748 γ’
543 2699 668 2750 κεφ.
707 2681 800 2733 τοῦ
846 2681 1012 2735 αὑτοῦ
1047 2681 1254 2751 βιϐλίου
1288 2685 1384 2735 καὶ
1416 2682 1620 2744 τίτλου,
1657 2685 1796 2750 ὅπερ

217 2773 342 2824 ἐστὶ
388 2773 576 2844 Νεαρά
618 2774 1060 2836 Ἰουστινιάνειος,
1110 2775 1357 2844 μεγάλως
1407 2773 1624 2836 κολάζει
1669 2775 1797 2838 τοὺς

220 2866 327 2917 σὺν
362 2869 545 2939 τέχνῃ,
577 2869 671 2921 καὶ
696 2869 853 2938 δόλῳ,
896 2869 992 2920 καὶ
1020 2868 1232 2940 ἀνάγκῃ
1283 2872 1365 2927 είς
1392 2871 1493 2939 τὴν
1541 2869 1799 2939 τοιαὺτην

218 2954 516 3025 ἀσέλγειαν
566 2959 842 3026 ἄγοντας,
892 2961 987 3012 καὶ
1055 2959 1540 3030 ὲμπορευομένους
1599 2961 1793 3015 ταῦτα.

235 3043 544 3115 ’Δνάγνωθι
569 3050 662 3104 οὖν
682 3052 742 3104 τὸ
767 3051 1008 3105 τοιοῦτον
1035 3054 1337 3120 κεφάλαιον
1358 3035 1796 3106 ἓπιστατικώτεο

223 3158 344 3210 ρον.
389 3144 622 3209 Λέγουσι
671 3145 779 3216 γάρ
827 3163 974 3208 τινες
999 3147 1074 3209 ὡς
1107 3145 1348 3208 ἐκείνους
1383 3147 1542 3198 τοῦτο
1576 3145 1796 3210 κολάζει

219 3234 356 3316 τοὺς
377 3234 718 3300 πλανῶντας,
747 3238 842 3289 καὶ
879 3238 1017 3306 μετά
1048 3255 1194 3299 τινος
1240 3237 1524 3308 μεθόδουῆ
1555 3240 1797 3307 ἀνάγκης

225 3325 595 3392 με’)έλκοντας
635 3328 715 3388 είς
748 3328 1003 3397 πορνείαν
1046 3329 1313 3396 γυναῖκάς
1347 3345 1501 3390 τινας
1525 3343 1540 3357 ⁸
1576 3329 1635 3380 οὐ
1695 3329 1800 3398 μὴν

219 3419 354 3478 τώς
411 3418 881 3487 προσδεχομένους
936 3419 1038 3481 τάς
1102 3420 1337 3488 ἑκουσίῳ
1399 3419 1654 3490 βουλήσει
1704 3420 1803 3489 τὴν

227 3509 492 3576 πορνείαν
544 3508 810 3578 ἑλομένας
856 3510 946 3562 διὰ
979 3511 1196 3578 φύσεως
1219 3511 1471 3581 ἀνάγκην
1576 3510 1670 3564 καὶ
1700 3528 1803 3563 πι-

225 3602 372 3656 νίαν.
429 3600 683 3668 Χρῶνται
721 3601 777 3653 δὲ
822 3602 1078 3672 καὶπρὸς
1114 3603 1473 3657 ἐπισύστασιν
1511 3602 1606 3656 τοῦ
1639 3605 1802 3672 λόγου

235 3692 419 3745 αὐτῶν
473 3695 566 3745 καὶ
602 3694 816 3764 ῥήμασί
858 3710 972 3746 τισι
994 3694 1096 3764 τῆς
1128 3696 1298 3764 αὐτῆς
1325 3695 1564 3766 Νεαρᾶς,
1599 3697 1692 3750 καὶ
1725 3697 1803 3770 τῷ

236 3786 477 3854 παρόντι
501 3786 686 3838 κανόνι
729 3786 803 3854 μὴ
848 3787 1012 3854 μόνον
1050 3787 1176 3850 τοὺς
1205 3789 1636 3856 ὲπισυνάγοντας
1669 3790 1804 3858 πόρ-

230 3895 333 3939 νας
364 3877 668 3940 κολάζοντι,
703 3877 840 3931 ἀλλά
867 3881 960 3931 καὶ
979 3879 1108 3942 τοὺς
1134 3879 1523 3950 ἐκτρέφοντας,
1553 3882 1805 3935 τουτέστι

229 3971 326 4022 διὰ
359 3970 567 4039 πλάνης
597 3972 692 4022 καὶ
721 3970 1011 4031 κολακείας
1032 3971 1410 4036 συνωθοῦντας
1440 3972 1608 4038 αὑτάς
1637 3976 1715 4037 είς
1743 3974 1804 4027 τὸ

239 4062 435 4115 κακόν.
456 4063 566 4115 Καὶ
587 4063 648 4134 τό
673 4064 911 4132 σήμερον
932 4062 988 4116 δὲ
1000 4063 1280 4130 γινόμενον
1298 4066 1694 4134 πραγματικῶς
1720 4066 1802 4130 είς

233 4158 308 4206 τὰ
339 4132 737 4223 προνοϐοσίιεῖα
763 4154 1126 4208 διενίστανται
1155 4158 1467 4225 συντρέχειν
1488 4161 1599 4220 τοῖς
1623 4158 1805 4226 λόγοις

233 4247 438 4299 αὐτῶν.
486 4246 642 4316 Ἐμοὶ
677 4248 734 4300 δὲ
769 4247 917 4300 δοκεῖ
970 4248 1054 4300 ὃτι
1110 4249 1290 4302 πάντα
1338 4251 1702 4320 πορνοϐοσκὸν
1755 4254 1804 4305 οί

237 4339 399 4408 νόμοι
450 4341 544 4391 καὶ
605 4341 654 4392 οί
685 4341 910 4402 κανόνες
956 4341 1318 4404 ἁδιαστίκτως
1363 4342 1670 4405 κολάζουσι.
1711 4346 1808 4398 καὶ

235 4433 423 4484 πᾶσαν
456 4434 660 4502 πόρνην
689 4436 770 4495 εἱς
813 4433 1173 4504 σωφροσύνην
1205 4435 1581 4504 μεθέλκουσιν.
1653 4439 1810 4492 Ἀνά-

1902 1951 2114 2004 Basilio.
2149 1951 2229 2002 tit.
2263 1950 2351 2010 58,
2378 1965 2498 2017 cap.
2526 1949 2548 2001 Ι
2587 1964 2603 2000 :
2636 1947 2689 2001 Si
2716 1961 2867 2014 pater
2894 1948 3079 2010 ﬁliam,
3111 1951 3190 2002 vel
3220 1949 3475 2003 dominus

1904 2059 2114 2097 servam
2149 2044 2349 2095 nutriat
2393 2043 2458 2095 ad
2506 2050 2774 2110 qtueslum
2815 2043 3204 2105 meretricium,
3248 2046 3478 2111 perdant

1902 2153 2062 2206 quam
2088 2136 2291 2188 habent
2322 2137 2374 2186 in
2408 2150 2501 2188 eas
2534 2143 2885 2206 potestatein.
2918 2135 3116 2204 Adjicit
3141 2147 3316 2188 autem
3349 2150 3477 2188 con-

1903 2231 2136 2287 stitutio,
2163 2229 2264 2281 Per
2295 2230 2613 2297 episcopum
2650 2238 2702 2281 et
2730 2230 3110 2301 magistratum
3146 2229 3226 2283 eis
3256 2244 3475 2297 quoque

1905 2323 2032 2375 ferri
2075 2321 2274 2374 debere
2307 2322 2571 2372 auxilium
2608 2338 2621 2372 :
2666 2330 2719 2374 et
2746 2321 2890 2389 quod
2927 2323 2972 2374 si
3000 2322 3064 2374 ad
3111 2321 3212 2374 hoc
3254 2321 3477 2374 resistat

1905 2425 2057 2484 pater
2086 2415 2166 2467 vel
2199 2413 2477 2476 dominus,
2527 2414 2876 2481 publicantur
2917 2422 2972 2466 et
3017 2416 3475 2467 exlerminantur.

1905 2509 1979 2559 Ac
2015 2506 2315 2560 secundum
2351 2504 2568 2572 quidem
2599 2513 2760 2571 caput
2793 2504 2927 2558 viles
2960 2504 3186 2557 lenones
3219 2503 3476 2556 similiter

1906 2597 2061 2666 punit
2097 2610 2111 2648 :
2143 2611 2236 2650 eus
2272 2604 2477 2655 autem,
2524 2595 2615 2662 qui
2653 2605 2781 2647 sunt
2814 2595 3070 2648 militaris
3112 2595 3341 2655 ordinis,
3371 2610 3478 2664 pu-

1907 2690 2187 2744 hlicandos
2219 2689 2372 2742 dicit.
2413 2687 2666 2755 Ejusdem
2705 2697 2884 2739 autem
2939 2688 3061 2741 libri
3094 2697 3147 2741 et
3181 2687 3321 2741 tituli
3352 2703 3476 2756 cap.

1905 2783 1958 2847 5,
1994 2781 2139 2852 quod
2171 2791 2255 2834 est
2277 2779 2569 2834 Justiuiaui
2607 2781 2848 2844 Novella,
2883 2780 3038 2834 valde
3067 2781 3222 2850 punit
3245 2796 3360 2844 eos,
3384 2784 3478 2850 qui

1905 2887 2022 2931 arte
2051 2886 2104 2930 et
2131 2876 2260 2930 dolo
2301 2882 2355 2928 et
2392 2876 2717 2928 neces<itate
2752 2876 2964 2942 aliquas
3000 2854 3062 2928 'in
3103 2875 3244 2928 hanc
3279 2875 3480 2930 intem-

1859 2987 1864 2990 ·
1907 2967 2206 3036 perantiam
2239 2966 2542 3027 attrahunt,
2575 2975 2630 3018 et
2677 2966 2744 3017 iis
2785 2975 3148 3018 mercaturam
3196 2973 3476 3023 exercent.

1904 3058 2046 3128 Lege
2081 3075 2209 3129 ergo
2235 3060 2334 3111 hoc
2357 3067 2523 3124 caput
2552 3057 2889 3126 diligentius.
2931 3055 3131 3109 Dicunt
3162 3058 3306 3110 enim
3339 3072 3478 3110 nou-

1908 3151 2065 3213 nulli,
2099 3149 2244 3217 quod
2288 3149 2338 3202 id
2387 3151 2510 3202 illos
2554 3151 2709 3218 punit
2742 3151 2832 3216 qui
2867 3149 3164 3210 seducunt,
3198 3159 3251 3200 et
3291 3150 3475 3218 aliquo

1901 3244 2132 3298 artilicio
2169 3243 2251 3297 vel
2305 3244 2630 3296 necessitate
2660 3243 2914 3294 mulieres
2952 3241 3162 3311 aliquas
3201 3243 3271 3293 ad
3309 3242 3479 3294 furni-

1901 3339 2172 3390 cationetn
2206 3337 2490 3389 attrahunt
2526 3353 2538 3387 :
2579 3352 2685 3387 non
2730 3343 2911 3386 autem
2951 3350 3052 3389 eos
3085 3334 3178 3401 qui
3226 3335 3345 3388 illas
3380 3352 3477 3390 su-

1903 3429 2168 3497 scipiunt,
2218 3443 2338 3496 qua:
2388 3435 2686 3492 spontanee
2739 3425 3020 3478 voluntate
3054 3424 3471 3478 fornicationem

1899 3520 2110 3589 eligunt
2140 3527 2359 3588 pr0pter
2392 3525 2602 3570 natura:
2630 3517 3009 3570 necessitatem
3043 3515 3123 3568 vel
3157 3519 3316 3569 etiam
3341 3531 3478 3585 pau-

1904 3620 2191 3684 pertatem.
2233 3610 2315 3664 Ad
2359 3612 2458 3663 hoc
2511 3619 2692 3662 autem
2744 3610 3086 3676 probandum
3139 3617 3368 3661 utuntur
3422 3617 3476 3660 et

1905 3707 2194 3760 nonnullis
2218 3705 2393 3774 ipsius
2421 3703 2661 3758 Novella:
2687 3703 2889 3766 verbis,
2914 3709 2968 3756 et
2994 3701 3245 3770 prmsenti
3269 3714 3482 3755 canone

1903 3803 2185 3872 puniente,
2223 3816 2330 3853 non
2380 3813 2475 3852 eos
2523 3799 2700 3852 solum
2749 3799 2841 3865 qui
2889 3797 3205 3849 meretrices
3251 3805 3479 3863 cogunt,

1902 3893 1998 3949 sed
2026 3895 2192 3947 etiam
2229 3890 2326 3960 qui.
2353 3903 2448 3943 eas
2485 3889 2759 3947 nutriunt,
2798 3901 2893 3955 per
2923 3883 3167 3938 fraudem
3196 3891 3250 3937 et
3283 3883 3477 3937 adula-

1903 3988 2106 4041 tionem
2139 3998 2233 4038 eas
2268 3983 2322 4037 in
2364 3981 2566 4034 malum
2600 3980 2969 4048 impellentes.
3009 3975 3182 4030 Porro
3209 3983 3389 4029 autem
3424 3985 3479 4027 et

1903 4079 2048 4151 quod
2095 4077 2259 4133 hodie
2303 4083 2428 4132 actu
2471 4076 2543 4130 sit
2595 4076 2650 4129 in
2685 4075 2945 4128 lenonum
2985 4071 3220 4126 olIicinis
3262 4070 3480 4124 videtur

1907 4187 2032 4227 cum
2064 4186 2256 4227 eorum
2291 4170 2441 4224 dicto
2474 4182 2825 4222 concurrere.
2865 4165 2993 4219 Mihi
3024 4176 3201 4218 autem
3239 4164 3475 4224 videtur,

1906 4264 2052 4334 quod
2087 4265 2231 4335 leges
2261 4271 2317 4317 et
2346 4275 2588 4315 canones
2621 4273 3009 4328 quemcunque
3043 4257 3298 4311 lenonem
3334 4254 3481 4308 indi-

1907 4358 2106 4410 stincte
2140 4357 2395 4425 puniunt,
2428 4362 2483 4407 et
2523 4368 2738 4405 omnem
2786 4351 3122 4404 meretricem
3178 4348 3243 4402 ad
3278 4359 3482 4417 tempe-

1907 4449 2143 4502 rantiam
2191 4447 2503 4501 retrahunt.
2551 4444 2692 4513 Lege
2733 4451 2787 4496 et
2815 4441 2873 4496 91
2920 4441 3195 4494 Novellam
3241 4439 3479 4508 impera-

229 4526 406 4594 τνωθι
439 4529 530 4577 καὶ
563 4528 659 4596 τὴν
682 4527 774 4591 ιια⁹
801 4525 1024 4594 Νεαρὰν
1056 4525 1150 4577 τοῦ
1171 4525 1435 4595 βασιλέως
1465 4528 1633 4599 κυροῦ
1654 4530 1798 4584 Λέον-

1859 4548 1887 4601 [)
1916 4541 2053 4595 toris
2083 4538 2286 4593 domini
2328 4537 2529 4592 Leonis
2562 4535 2896 4603 Philosophi,
2929 4548 3048 4602 quae
3079 4548 3186 4585 non
3215 4532 3478 4600 permittit

229 4635 329 4676 τος
375 4617 472 4670 τοῦ
527 4618 845 4682 Φιλοσόφου.
907 4619 982 4688 μὴ
1031 4618 1472 4688 παραχωροῦσαν
1542 4621 1689 4673 κατὰ
1719 4621 1813 4675 τὸν

237 4711 474 4764 παλαιὸν
506 4711 671 4778 νόμον
701 4709 912 4776 διάγειν
940 4710 1063 4761 τινά
1098 4711 1238 4779 μετά
1272 4710 1582 4766 παλλακῶν.

319 4891 564 4946 ΖΩΝΑΡ.
621 4890 696 4941 Τὸ
746 4889 1130 4960 πορνοόοσκεῖν
1191 4890 1287 4942 καὶ
1344 4893 1457 4952 τοῖς
1511 4891 1809 4957 πολιτικοῖς

239 4985 626 5055 ἀπηγόρευται
661 4983 869 5051 νόμοις.
907 4982 1298 5050 Πορνοϐοσκεῖν
1326 4983 1369 5033 δ’
1409 4983 1524 5034 ἐστὶ
1576 4984 1633 5035 τὸ
1686 4985 1810 5054 τρέ-

242 5096 370 5148 φειν
401 5077 602 5145 πόρνας
636 5076 726 5128 διά
759 5075 951 5142 κέρδος
990 5074 1086 5127 τοῦ
1128 5073 1482 5144 μισθώματος
1515 5075 1609 5127 ὲπὶ
1638 5075 1813 5149 βλάϐῃ

238 5171 453 5240 ψυχῶν.
484 5169 545 5221 Et
574 5169 631 5221 δὲ
660 5170 774 5229 τοῖς
795 5168 894 5237 τῆς
921 5166 1197 5227 πολιτείας
1229 5166 1390 5220 τοῦτο
1449 5167 1673 5236 θεσμοῖς
1707 5168 1816 5221 ἀπ-

240 5263 566 5333 ηγόρευται,
598 5258 780 5329 πολλῷ
810 5259 889 5326 τῷ
927 5260 1080 5328 μέσῳ
1111 5259 1197 5328 εῐη
1226 5257 1292 5311 ἂν
1331 5258 1816 5329 ἀποτετραμμένον

241 5355 360 5414 τοῖς
386 5352 858 5419 ἑκκλησιαστικοῖς
885 5352 980 5402 καὶ
1024 5353 1436 5419 πνευματικοῖς.
1470 5351 1561 5401 Διὸ
1601 5351 1694 5402 καὶ
1723 5351 1817 5418 βα-

249 5443 459 5514 ρύτατα
488 5443 647 5496 τοῦτο
671 5441 888 5504 κολάζει
915 5441 944 5494 ὃ
989 5439 1170 5493 κανὼν
1217 5441 1310 5493 ἐπὶ
1337 5439 1636 5510 κληρικῶν.
1669 5439 1818 5491 Καθ-

247 5536 526 5606 αιρεῖσθαι
559 5535 668 5604 γάρ
718 5535 918 5598 αὐτοὺς
949 5535 1006 5585 ὲν
1072 5533 1256 5601 ταύτῷ
1309 5537 1403 5586 καὶ
1453 5532 1814 5602 ἀφορίζεσθαι

245 5629 614 5692 διατάττεται,
642 5627 779 5696 ὅπερ
810 5627 1102 5690 σπανιάκις
1150 5626 1487 5697 εὑρίσκεται.
1531 5623 1678 5678 Ἀντὶ
1705 5626 1814 5695 γάρ

252 5723 436 5792 πάσης
462 5721 660 5794 ἑτέρας
686 5704 955 5790 τιμωρίας
994 5721 1069 5782 ὼς
1102 5720 1192 5772 ἐπὶ
1223 5720 1285 5772 τὸ
1316 5720 1454 5773 πολὺ
1484 5721 1596 5782 τοῖς
1619 5720 1814 5787 κεκλη-

253 5815 524 5886 ρωμένοις
549 5813 740 5886 ἀρκεῖν
768 5811 1186 5883 νενομοθέτηται
1237 5814 1271 5883 tl)
1307 5812 1643 5883 καθαίρεσις.
1672 5812 1813 5875 Τοὺς

1912 4639 1972 4685 ut
1997 4631 2166 4687 veteri
2200 4631 2315 4701 lege
2341 4629 2546 4698 aliquis
2578 4628 2736 4696 degat
2771 4641 2895 4679 cum
2925 4622 3277 4678 concubinis.

1981 4898 2240 4961 ZONAR.
2277 4895 2595 4951 Meretrices
2619 4894 2766 4947 alere
2790 4893 3031 4949 civilium
3060 4903 3277 4960 quoque
3299 4899 3477 4957 legum

1915 4993 2224 5048 sanctiones
2266 4996 2471 5043 vetant.
2506 4987 2668 5042 Alere
2709 5000 2838 5041 vero
2886 4983 3209 5038 meretrices
3255 4989 3360 5043 est,
3396 4980 3481 5033 eis

1913 5086 1984 5142 oh
2031 5085 2245 5138 lucrum
2298 5095 2364 5134 ex
2413 5079 2728 5134 meretricio
2776 5087 2986 5148 quaestu
3038 5072 3480 5144 percipiendum,

1911 5191 2036 5231 cum
2098 5175 2409 5232 animarum
2474 5171 2718 5242 pernicie
2778 5170 3040 5223 alimenta
3103 5162 3475 5234 suppeditare.

1911 5269 2085 5336 Quam
2135 5283 2270 5332 rem,
2325 5268 2370 5320 si
2432 5266 2624 5319 civiles
2668 5278 2887 5333 quoque
2934 5262 3082 5329 leges
3135 5256 3480 5327 prohibeant,

1915 5360 2086 5414 multo
2113 5361 2261 5414 illam
2290 5365 2439 5412 certe
2463 5357 2634 5426 magis
2659 5353 3048 5409 ecclesiasticae
3073 5365 3135 5403 ac
3161 5348 3476 5418 spirituales

1916 5450 2116 5504 debent
2164 5449 2428 5502 aversari.
2484 5445 2715 5514 Proinde
2768 5443 3048 5514 graviores
3091 5441 3254 5495 etiam
3305 5451 3481 5506 pusum

1915 5543 2130 5596 clericis
2155 5543 2208 5594 in
2238 5539 2337 5592 hoc
2367 5553 2564 5609 genere
2579 5512 3034 5604 'delinquentihus
3057 5533 3325 5598 irrogatze.
3349 5529 3483 5583 Illos

1915 5633 2184 5700 siquidem
2233 5632 2398 5700 (quod
2445 5646 2550 5684 non
2601 5629 2675 5682 ita
2723 5631 2916 5682 crebro
2969 5626 3232 5694 reperias)
3278 5622 3480 5691 deponi

1915 5725 2075 5779 simul
2110 5733 2164 5779 et
2184 5722 2454 5792 segregari
2480 5721 2657 5790 jubet.
2686 5718 2791 5774 Pro
2817 5717 3012 5788 quovis
3040 5717 3185 5771 enim
3217 5715 3326 5768 alio
3347 5728 3482 5782 sup-

1917 5816 2078 5885 plicio
2103 5816 2155 5868 in
2183 5801 2299 5876 eos,
2322 5814 2414 5883 qui
2447 5813 2592 5868 clero
2621 5812 2844 5881 ascripti
2880 5810 3116 5875 fuerant,
3159 5807 3480 5878 plerumque
