4218 6458
745 439 850 498 807

2003 426 2282 487 THEOD.
2323 415 2730 481 BALSAMON

3896 404 4003 466 808

743 551 1014 621 depositio
1051 551 1165 606 sola
1199 549 1445 605 suﬂicere
1481 549 1594 604 visa
1630 548 1752 604 fuit.
1785 547 1976 602 Laicos
2021 562 2174 608 vero,
2211 546 2304 612 qui
2334 547 2383 602 A
2407 539 2462 591 δὲ

2448 535 2714 594 ελαῖκοὺς
2783 526 3144 600 ἀφορίζεσθαι
3198 522 3529 596 προστάσσει
3572 520 3734 576 τοῦτο
3793 522 4009 574 ποιοῦν-

746 646 800 698 id
834 645 1094 707 fecerint,
1131 644 1509 712 segregatione
1546 641 1851 710 puniendus
1887 654 2010 694 esse
2045 637 2310 692 decernit.

2417 646 2535 691 τας.

743 737 970 792 ARIST.
1016 756 1032 786 ι
1087 735 1191 799 Qui
1243 738 1560 789 meretrices
1612 736 1664 786 in
1722 735 2027 786 animarum
2085 730 2313 785 exiliunt
2417 722 2461 774 Α

2448 722 2643 776 ιΡιΣΤ.
2683 739 2701 771 ι
2763 719 2822 772 Ὀ
2875 718 3126 783 συνάγων
3161 715 3370 782 πόρνας
3422 711 3512 765 ἐπ’
3556 709 3761 780 ὀλίσθῳ
3810 709 4006 779 ψυχῶν

1023 847 1042 881 ι
1080 830 1248 899 cogit,
1286 836 1623 900 segregatur.
1667 847 1686 878 ι
1725 825 2061 895 Perspicuus.

1246 941 1473 998 CANON
1513 939 1820 995 LXXXVII.

755 1073 773 1105 ι
809 1058 940 1122 Quae
969 1058 1224 1110 maritum
1257 1055 1496 1126 reliquit,
1525 1065 1610 1109 est
1639 1054 1910 1114 adultera,
1941 1054 1988 1108 si
2018 1051 2231 1108 venerit
2253 1049 2320 1104 ad

826 1170 844 1202 ι
885 1153 1074 1218 alium,
1107 1161 1163 1205 ιιι
1191 1153 1305 1204 νιιΙι
1332 1166 1488 1206 sacer
1520 1160 1574 1204 et
1598 1150 1818 1203 divinus
1849 1148 2104 1212 Basilius,
2135 1150 2228 1217 qui
2254 1161 2322 1201 ex

833 1264 850 1296 ι
893 1245 1167 1299 Hieremia
1205 1244 1469 1313 propheta
1502 1243 1606 1296 hoc
1641 1241 1844 1310 Optime
1873 1239 2090 1310 collegit
2126 1255 2141 1293 :
2173 1236 2323 1308 quod

732 1397 737 1401 η
840 1355 858 1386 ‹
901 1339 944 1392 si
974 1337 1064 1389 alii
1101 1337 1218 1388 viro
1255 1351 1394 1388 uxor
1423 1335 1602 1394 fuerit,
1631 1333 1695 1385 ad
1734 1332 1986 1385 maritum
2021 1345 2180 1386 suum
2214 1345 2323 1385 non

829 1448 849 1481 ι
887 1438 1261 1492 convertetur,
1291 1429 1384 1482 sed
1416 1425 1641 1495 polluta,
1669 1425 1943 1494 polluetur
1973 1440 1988 1478 :
2015 1433 2069 1477 et
2090 1438 2326 1480 rursus:

829 1534 848 1567 ι
886 1515 987 1581 Qui
1020 1517 1234 1571 detinet
1269 1514 1597 1577 adulteram,
1634 1523 1718 1569 est
1749 1525 1803 1566 et
1835 1513 2105 1583 insipiens
2139 1524 2193 1568 et
2227 1514 2329 1568 im-

830 1627 848 1659 (
891 1609 1034 1677 pius.
1066 1608 1122 1661 Si
1148 1609 1332 1677 itaque
1362 1615 1558 1676 praeter
1583 1607 1849 1660 rationem
1873 1620 1902 1658 a
1925 1606 2122 1660 marito
2144 1619 2331 1662 seces-

831 1718 849 1750 ‹
892 1701 1034 1755 sisse
1065 1711 1317 1768 appareat
1347 1741 1360 1763 ,
1394 1698 1484 1752 ille
1519 1697 1734 1768 quidem
1770 1697 1944 1751 venia'
1971 1697 2168 1765 dignus
2217 1706 2326 1762 est,

833 1812 851 1844 ι
898 1795 1009 1846 haec
1055 1808 1183 1845 vero
1235 1806 1414 1860 poena.
1451 1790 1529 1844 Illi
1575 1799 1755 1844 autem
1799 1791 1958 1843 venia
2003 1789 2243 1854 dabitur,
2272 1797 2334 1843 ut

2874 809 3218 881 ἀφορίζεται.
3264 826 3282 858 ι
3315 804 3544 874 Σαφής.

3007 918 3249 972 ΚΑΝΩΝ
3285 915 3409 972 ΠΖ’.

2427 1059 2447 1093 ι
2504 1040 2571 1094 Ἦ
2601 1036 2980 1094 καταλιποῦσα
3015 1037 3106 1091 τὸν
3132 1035 3303 1106 ἄνδρα
3335 1032 3589 1105 μοιχαλίς
3621 1033 3801 1095 ἐστιν,
3836 1030 3890 1082 εἰ
3927 1030 4010 1081 ἐπ’

2498 1153 2516 1184 ι
2563 1132 2723 1187 ἄλλον
2748 1127 2902 1200 ἦλθε,
2930 1129 3076 1182 κατά
3099 1127 3194 1180 τὸν
3220 1126 3366 1197 ἱερὸν
3399 1125 3496 1178 καὶ
3529 1124 3672 1176 θεῖον
3695 1123 4012 1187 Βασίλειον,

2507 1243 2525 1276 ι
2571 1225 2637 1276 ἐκ
2663 1223 2764 1292 τῆς
2801 1218 3070 1290 Ἱερεμίου
3099 1218 3437 1289 προφητείας
3467 1216 3668 1286 ἄριστα
3690 1215 3860 1268 τοῦτο
3887 1216 4017 1266 ἀνα-

2504 1333 2522 1368 ι
2568 1315 2895 1384 λεξάμενον·
2928 1313 3013 1365 ὅτι
3047 1311 3174 1364 Ἐὰν
3204 1310 3344 1379 γυνή
3369 1309 3595 1376 γένηται
3626 1307 3790 1376 ἀνδρὶ
3817 1304 4016 1373 ἑτέρῳ,

2503 1427 2522 1459 ι
2568 1408 2670 1460 οὐκ
2726 1404 3048 1476 ἐπιστρέψει
3083 1403 3223 1473 πρὸς
3277 1401 3370 1454 τὸν
3407 1399 3578 1470 ἄνδρα
3633 1399 3838 1466 αὐτῆς,
3881 1396 4017 1448 ἀλλὰ

2509 1521 2526 1553 ι
2575 1499 2908 1571 μιαινομένη
2945 1495 3308 1566 μιανθήσεται
3334 1511 3348 1524 σ
3380 1492 3475 1546 καὶ
3497 1492 3661 1544 πάλιν
3699 1507 3714 1522 ο
3759 1489 3829 1541 Ὀ
3884 1488 4019 1558 ἔχων

2509 1614 2526 1645 ι
2575 1589 2864 1662 μοιχαλίδα
2889 1589 3081 1660 ἄφρων
3113 1587 3212 1640 καὶ
3247 1584 3474 1655 ἀσεϐής.
3507 1581 3574 1636 Εἰ
3606 1581 3702 1635 οὖν
3738 1583 3895 1649 φανῇ
3923 1578 4017 1632 τοῦ

2510 1704 2528 1736 ι
2575 1684 2766 1755 ἀνδρὸς
2804 1681 3015 1750 ἀλόγως
3034 1679 3457 1750 ἀναχωρήσασα,
3480 1675 3509 1728 ὁ
3539 1675 3638 1745 μὲν
3681 1672 4021 1741 συγγνώμης

2511 1797 2530 1830 ι
2574 1778 2727 1830 ἐστὶν
2786 1775 2936 1841 ἄξιος
2987 1774 3021 1843 ἠ
3054 1771 3111 1825 δὲ
3148 1770 3461 1841 ἐπιτιμίων,
3492 1768 3555 1822 Ἦ
3595 1767 3652 1819 δὲ
3709 1765 4018 1834 συγγνώμη

836 1910 854 1942 ι
893 1892 1154 1946 Ecclesiae
1188 1889 1577 1944 communicet.
1617 1886 1726 1942 Sed
1763 1889 1809 1943 is
1836 1889 1928 1958 qui
1957 1887 2198 1960 legitime
2227 1886 2332 1943 sibi
2363 1890 2407 1952 Β

2513 1887 2532 1921 ι
2579 1867 2754 1937 τούτῳ
2779 1865 2916 1936 πρὸς
2951 1863 3012 1916 τὸ
3044 1861 3325 1916 κοινωνεῖν
3381 1854 3805 1928 τῇ”Εκκλησίᾳ
3864 1852 4022 1921 δοθή-

835 2002 852 2033 ι
889 1984 1070 2036 datam
1121 1997 1346 2036 uxorem
1401 1983 1684 2050 relinquit,
1732 1993 1787 2037 et
1837 1983 1997 2036 aliam
2046 1984 2220 2048 ducit,
2264 2000 2333 2039 ex

833 2093 852 2125 ι
893 2074 1107 2126 Domini
1151 2074 1423 2127 sententia
1470 2081 1548 2127 est
1599 2074 1851 2126 adulterii
1895 2073 2104 2142 judicio
2154 2074 2334 2129 obno-

836 2186 856 2218 ‹
898 2167 1017 2219 xius
1038 2165 1106 2220 “.
1136 2166 1178 2219 Α
1204 2165 1456 2219 Patribus
1486 2173 1665 2217 autem
1693 2165 1895 2218 nostris
1921 2174 2184 2218 statutum
2208 2175 2333 2220 est:

838 2279 858 2311 ς
898 2268 955 2312 ιιι
996 2259 1090 2328 qui
1124 2267 1254 2312 sunt
1288 2257 1551 2328 ejusmodi
1589 2274 1696 2309 uno
1732 2272 1877 2311 anno
1906 2257 2161 2322 deﬂeant,
2186 2259 2338 2312 bien-

843 2371 862 2404 ι
899 2354 993 2406 nio
1018 2352 1265 2415 audiant,
1297 2352 1533 2404 triennio
1561 2351 2004 2416 substernantur,
2028 2361 2080 2404 et
2104 2352 2336 2422 septimo

841 2466 860 2499 ι
900 2463 1022 2501 cum
1054 2446 1312 2500 ﬁdelibus
1334 2448 1659 2512 consistant,
1687 2456 1742 2500 et
1768 2446 1848 2501 sic
1874 2445 2153 2500 oblatione
2183 2447 2333 2517 digni

839 2561 858 2594 ι
903 2542 1231 2602 habeantur,
1262 2541 1308 2595 si
1351 2555 1473 2595 cum
1511 2539 1772 2611 lacrymis
1802 2539 2183 2611 paenitentiam
2209 2555 2338 2601 ege-

839 2654 859 2685 ι
901 2635 1036 2687 rint.
1079 2653 1099 2686 ι

838 2811 1037 2869 BALS.
1079 2813 1341 2869 Dominus
1379 2821 1434 2868 et
1475 2813 1621 2868 Deus
1658 2821 1845 2869 noster
1877 2810 2037 2868 Jesus
2082 2813 2338 2869 Christus

764 2907 1163 2976 interrogatus,
1212 2924 1279 2961 an
1343 2909 1504 2960 liceat
1544 2907 1744 2960 marito
1789 2920 2010 2958 uxorem
2059 2906 2248 2974 quavis
2273 2920 2340 2960 ex

762 3016 933 3056 causa
966 3001 1264 3063 dimittere,
1293 3000 1395 3053 hoc
1423 2998 1613 3059 vetuit,
1641 2998 1832 3052 dicens
1858 3015 1872 3051 :
1896 2995 2053 3062 Quod
2083 2998 2178 3066 qui
2207 3014 2343 3051 uxo-

771 3111 881 3146 rem
915 3108 1068 3148 suam
1101 3092 1328 3160 reliquit
1359 3101 1724 3160 praeterquam
1750 3089 2124 3143 fornicationis
2151 3105 2340 3154 causa,

768 3186 931 3255 259
956 3194 1009 3238 et
1037 3185 1262 3238 alteram
1312 3199 1534 3237 uxorem
1585 3182 1754 3247 ducit,
1787 3183 2109 3237 moechatur.
2156 3182 2221 3236 Et
2252 3183 2338 3235 in-

764 3281 945 3348 clytus
970 3277 1264 3346 imperator
1289 3273 1654 3338 Justinianus,
1685 3275 1832 3343 leges
1858 3289 1978 3344 quae
2002 3274 2129 3329 olim
2161 3275 2338 3329 locum

772 3371 1064 3430 habebant,
1091 3378 1146 3422 et
1173 3367 1500 3437 coniugibus
1530 3367 1918 3436 permittebant
1943 3366 2196 3436 coniugia
2224 3368 2345 3422 sine

765 3463 915 3528 jnsta
944 3475 1110 3514 causa
1143 3460 1377 3522 solvere,
1409 3469 1464 3513 et
1493 3459 1782 3527 unicuique
1815 3457 1968 3513 alteri
2001 3458 2202 3520 dicere,
2239 3457 2346 3514 Bes

773 3561 896 3605 luas
940 3567 1087 3619 gere,
1133 3566 1230 3619 per
1268 3550 1366 3602 ll7
1399 3548 1674 3603 Novellam
1709 3547 1952 3614 sustulit,
1983 3564 2104 3618 qua:
2135 3550 2238 3602 sita
2267 3559 2349 3604 est

774 3646 825 3695 in
863 3643 890 3692 7
925 3644 1008 3696 tit.
1059 3658 1227 3696 xxvnt
1280 3643 1377 3698 lib.
1429 3650 1482 3695 et
1531 3657 1728 3696 causas
1778 3651 2081 3705 enumerat,
2125 3650 2348 3712 propter

772 3749 909 3801 quas
933 3743 986 3786 et
1017 3733 1164 3786 solas
1193 3732 1331 3786 solvi
1359 3732 1558 3786 debent
1584 3731 1946 3785 matrimonia.
1977 3731 2346 3796 Quamobrem

773 3827 855 3878 lex
885 3841 1104 3895 qquue
1137 3824 1401 3879 Hebraica
1434 3841 1539 3879 una
1574 3825 1789 3879 sublata
1819 3834 1925 3889 est,
1961 3840 2084 3894 quae
2107 3825 2347 3879 libellum

775 3919 984 3987 repudii
1033 3920 1251 3971 mittere
1300 3917 1621 3973 mulieribus
1664 3925 1720 3972 et
1765 3916 2082 3988 coniugium
2139 3920 2351 3975 solvere

776 4010 908 4062 viris
941 4007 1309 4076 permittebat.
1343 4007 1756 4077 Consequenter
1785 4023 1916 4079 ergo
1945 4024 2185 4078 praesens
2215 4026 2352 4080 quo-

785 4117 893 4168 que
932 4115 1108 4155 canon
1139 4099 1290 4164 dicit,
1319 4103 1465 4169 quod
1496 4101 1710 4167 mulier,
1743 4116 1884 4169 quae,
1913 4102 2102 4156 relicto
2133 4103 2350 4169 marito,

777 4209 902 4247 cum
936 4194 1108 4248 altero
1143 4193 1349 4262 polluta
1382 4191 1566 4256 fuerit,
1601 4199 1687 4246 est
1721 4192 1969 4248 adulterii
2001 4195 2220 4249 crimini
2252 4197 2352 4249 ob-

777 4283 960 4346 noxia,
1013 4282 1471 4350 quemadmodum
1524 4282 1628 4336 hoc
1672 4297 1890 4352 quoque
1943 4299 2174 4353 magnus
2218 4287 2353 4341 dixit

784 4376 1019 4430 Basilius
1062 4377 1114 4429 in
1163 4374 1195 4428 9
1229 4391 1331 4430 suo
1369 4390 1604 4438 canone,
1636 4385 1690 4430 et
1733 4375 1796 4428 21
1837 4381 1940 4430 ιιοο
1983 4378 2245 4447 colligens
2286 4395 2354 4434 ex

782 4467 1064 4536 prophetia
1109 4465 1357 4520 Jeremia:
1401 4468 1653 4531 dicentis,
1726 4467 1784 4523 Si
1844 4470 2039 4524 mulier
2094 4487 2123 4524 a
2171 4472 2352 4527 mariti

2523 1981 2541 2013 ι
2588 1977 2767 2014 σεται.
2826 1957 2885 2012 '0
2925 1956 3107 2029 μέντοι
3135 1951 3570 2022 καταλιμπάνων
3608 1949 3708 2018 τὴν
3761 1948 4018 2015 νομίμως

2519 2075 2536 2107 ι
2587 2052 2960 2123 συναφθεῖσαν
3003 2047 3158 2119 αύτῷ
3197 2047 3460 2115 γυναῖκα,
3511 2043 3608 2096 καὶ
3646 2040 3854 2108 ἑτέραν
3898 2039 4023 2104 ἀγὸ-

2515 2166 2533 2198 ι
2578 2162 2760 2216 μενος,
2795 2143 2938 2196 κατά
2959 2142 3058 2206 τὴν
3082 2138 3178 2193 τοῦ
3213 2138 3422 2207 Κυρίου
3467 2134 3774 2199 ἀπόφασιν,
3817 2131 3900 2200 τῷ
3928 2131 4026 2196 τῆς

2519 2257 2537 2290 ι
2589 2237 2837 2307 μοιχείας
2882 2236 3166 2287 ὑπόκειται
3200 2232 3458 2301 κρίματι.
3507 2228 3928 2281 Κεκανόνισται
3969 2223 4024 2276 δὲ

2517 2352 2534 2383 ι
2585 2332 2736 2401 παρὰ
2765 2330 2874 2383 τῶν
2907 2328 3168 2398 Πατέρων
3195 2323 3354 2395 ἡμῶν
3381 2323 3508 2383 τοὺς
3527 2320 3811 2382 τοιούτους
3843 2320 4025 2371 ἐνιαυ-

2521 2444 2538 2476 ι
2582 2423 2675 2476 τὸν
2707 2419 3089 2492 προσκλαίειν,
3146 2415 3358 2470 διετίαν
3401 2410 3813 2482 ἐπακροᾶσθαι,
3885 2426 4029 2478 τριε-

2518 2537 2537 2569 ‹
2582 2518 2705 2570 τίαν
2741 2514 3102 2572 ὑποπίπτειν,
3139 2510 3236 2563 καὶ
3281 2508 3358 2579 τῷ
3397 2507 3612 2577 ὲὸδὸμῳ
3657 2503 4029 2558 συνίστασθαι

2515 2630 2532 2660 ι
2576 2611 2690 2671 τοῖς
2735 2609 2968 2669 πιστοῖς,
3010 2605 3104 2657 καὶ
3159 2601 3303 2654 οὕτω
3357 2601 3456 2670 τῆς
3509 2597 3834 2669 προσφορᾶς
3902 2610 4034 2646 κατ-

2520 2722 2537 2754 ι
2586 2699 2891 2765 αξιοῦσθαι,
2922 2701 3015 2751 ὲάν
3074 2697 3212 2767 μετά
3263 2693 3511 2763 δακρύων
3564 2692 3978 2761 μετανοήσωσι.
4010 2705 4028 2738 ι

2513 2796 2712 2849 ΒΑΛΣ.
2761 2795 2821 2847 '0
2851 2791 3052 2863 Κύριος
3087 2791 3182 2844 καὶ
3236 2788 3366 2850 Θεὸς
3419 2785 3578 2857 ἡμῶν
3619 2782 3838 2851 Ἰησοῦς
3895 2783 4032 2851 Χρι-

2453 2893 2578 2953 στὸς
2617 2888 2937 2958 ἐρωτηθεὶς,
2961 2887 3008 2938 εί
3035 2885 3246 2950 ἔξεστιν
3273 2880 3428 2949 ἀνδρὶ
3470 2879 3570 2947 τὴν
3597 2878 3842 2944 γυναῖκα
3893 2876 4035 2927 ἀπο-

2442 2984 2591 3037 λύειν
2623 2981 2766 3037 κατά
2795 2983 2980 3053 πᾶξσαν
3014 2979 3218 3043 αἰτίαν,
3254 2977 3607 3043 ἀπηγόρευσε
3635 2971 3826 3033 τοῦτο,
3865 2966 4037 3020 εἰπὼν

2443 3078 2528 3130 ὅτι
2579 3074 2639 3128 '0
2682 3073 2964 3136 ἀπολύσας
3017 3072 3119 3140 τὴν
3155 3070 3392 3138 γυναῖκα
3446 3063 3613 3118 αὑτοῦ
3652 3063 3818 3124 ἐκτὸς
3874 3060 4036 3126 λόγου

2446 3169 2727 3240 πορνείας,
2758 3169 2854 3221 καὶ
2896 3167 3157 3236 γαμήσας
3191 3164 3406 3231 ἑτέραν,
3442 3161 3727 3230 μοιχᾶται.
3771 3157 3891 3208 Καὶ
3922 3158 3950 3207 ὁ
3981 3159 4036 3206 ἐν

2448 3260 2756 3331 βασιλεῦσιν
2771 3257 3016 3326 ἀοίδιμος
3043 3253 3413 3315 Ἰουστινιανὸς
3428 3251 3552 3312 τοὺς
3570 3248 3744 3302 πάλαι
3767 3246 4040 3317 κρατοῦν-

2443 3368 2543 3414 τας
2569 3353 2787 3421 νόμους,
2816 3351 2909 3402 καὶ
2954 3345 3343 3417 ἐκχωροῦντιις
3392 3345 3504 3405 τοῖς
3545 3340 3854 3410 ὁμοζύγοις
3887 3339 4033 3390 λύειν

2447 3447 2615 3516 χωρὶς
2649 3443 2873 3510 εὐλόγου
2927 3440 3103 3503 αἰτίας
3150 3445 3219 3492 τὰ
3263 3435 3599 3497 συνοικέσια,
3651 3433 3751 3484 καὶ
3809 3433 4040 3499 λέγοντα

2448 3537 2547 3588 ἕνα
2576 3535 2806 3588 ’ἑκαστον
2863 3531 2999 3600 πρὸς
3026 3531 3117 3582 τὸν
3147 3529 3355 3598 ἓτερον,
3426 3525 3641 3593 Πράττε
3671 3523 3745 3575 τὰ
3779 3523 4037 3584 σεαυτοῦ,

2449 3627 2691 3698 ἀνῄρησε
2719 3627 2805 3679 διὰ
2826 3627 2924 3694 τῆς
2953 3625 3172 3694 Νεαρᾶ,
3207 3618 3331 3692 ριξ,
3358 3618 3452 3687 τῆς
3481 3617 3748 3686 κειμένης
3812 3619 3876 3668 ἐν
3900 3615 3980 3683 τῷ
4001 3613 4039 3677 ς’

2448 3722 2614 3790 τίτλῳ
2679 3719 2773 3772 τοῦ
2822 3715 2906 3789 κη’
2940 3716 3144 3788 βιϐλίου
3178 3755 3192 3778 ,
3243 3717 3339 3768 καὶ
3389 3711 3904 3781 ἀπαριθμουμένης
3950 3710 4040 3769 τὰς

2449 3815 2628 3871 αἰτίας
2665 3813 2729 3866 δι’
2761 3811 2826 3874 ἃς
2854 3813 2944 3864 καὶ
2972 3810 3138 3879 μόνας
3171 3807 3445 3875 ὀφείλουσι
3470 3804 3697 3857 λύεσθαι
3733 3807 3803 3856 τὰ
3863 3819 4037 3855 συνοι-

2453 3909 2638 3962 κέσια.
2681 3907 2843 3960 Ὅθεν
2878 3903 3218 3974 συνανῃρέθη
3274 3901 3370 3953 καὶ
3415 3900 3444 3951 δ
3489 3897 3786 3969 Ἐϐραῖκὸς
3851 3899 4034 3964 νόμος,

2451 4001 2480 4053 ὁ
2513 3998 2750 4060 ἐνδιδοὺς
2772 3997 2886 4060 τοῖς
2910 3994 3135 4064 ἀνδράσι
3168 3990 3377 4062 βιόλίον
3409 3987 3751 4042 ἀποστασίου
3792 3989 4040 4056 πέμπειν

2451 4093 2575 4154 ταῖς
2605 4087 2847 4159 γυναιξὶ,
2899 4085 2995 4140 καὶ
3019 4085 3118 4156 τὴν
3149 4083 3448 4152 ὁμοζυγίαν
3477 4080 3643 4134 λύειν.
3691 4079 4042 4140 Ἀκολούθοις

2453 4179 2548 4239 οὖν
2572 4183 2667 4238 καὶ
2693 4182 2722 4235 ὁ
2745 4179 2938 4251 παρὼν
2966 4175 3148 4232 κανών
3172 4194 3338 4247 φησιν
3362 4176 3442 4228 ὅτι
3464 4176 3498 4244 ὴ
3530 4175 3622 4225 τὸν
3653 4172 3835 4242 ἄνδρα
3865 4189 4039 4224 κατα-

2453 4276 2687 4330 λιποῦσα
2715 4260 2878 4344 γυνὴ,
2917 4271 3013 4326 ὲάν
3046 4269 3188 4342 μετὰ
3226 4269 3416 4339 ἑτέρου
3451 4265 3772 4336 συμφθαρῇ,
3803 4265 4038 4315 ὑπόκει-

2456 4386 2548 4422 ται
2572 4367 2652 4437 τῷ
2687 4369 2788 4438 τῆς
2823 4363 3069 4434 μοιχείας
3110 4360 3447 4432 ἐγκλήματι,
3477 4358 3660 4420 καθὼς
3690 4357 3860 4409 τοῦτο
3893 4360 3987 4408 καὶ
4015 4358 4042 4408 ὀ

2461 4461 2639 4532 μέγας
2680 4457 2964 4519 Βασίλειός
2990 4471 3156 4526 φησιν
3207 4453 3265 4506 ἐν
3297 4471 3356 4505 τε
3385 4452 3465 4521 τῷ
3503 4451 3547 4504 θ’
3615 4449 3784 4502 αὑτοῦ
3848 4449 4041 4503 κανόνι

780 4559 1057 4613 communi
1103 4559 1226 4612 vitae
1273 4560 1534 4614 societate
1565 4574 1806 4630 egressa,
1863 4576 1986 4614 cum
2026 4561 2196 4617 altero
2239 4564 2355 4630 pol-
2389 4570 2465 4639 Di

2460 4553 2557 4607 καὶ
2577 4553 2637 4605 ὲν
2661 4551 2739 4621 τῷ
2759 4554 2868 4614 κα’,
2931 4545 3328 4616 ἀναλεξάμενος
3349 4543 3481 4598 αύτδ
3504 4543 3609 4595 ἀπὸ
3625 4543 3725 4612 τῆς
3760 4541 4038 4613 Ἱερεμίου

785 4654 895 4706 luta
949 4653 1132 4717 fuerit,
1170 4668 1278 4706 non
1317 4663 1493 4722 potest
1530 4655 1598 4709 ad
1635 4657 1888 4708 maritum
1937 4670 2098 4710 suum
2128 4655 2348 4722 reverti,

783 4753 842 4797 ut
873 4759 992 4812 quae
1025 4744 1326 4798 adulterata
1366 4745 1437 4798 sit
1464 4747 1530 4799 ".
1567 4745 1674 4800 Sed
1713 4745 1879 4799 etiam
1928 4745 2183 4801 Salomon
2215 4747 2354 4800 dixit

783 4835 838 4887 in
881 4833 1228 4888 Proverbiis:
1261 4834 1364 4899 Qui
1401 4835 1510 4889 coit
1540 4851 1663 4891 cum
1693 4836 1958 4902 adultera,
2007 4837 2057 4891 id
2088 4846 2193 4899 est,
2227 4851 2350 4891 eum

783 4939 848 4978 ea
892 4938 1016 4992 quae
1066 4923 1227 4976 habet
1267 4926 1548 4987 maritum,
1586 4926 1788 4982 stultus
1831 4936 1918 4981 est
1956 4936 2010 4982 et
2046 4927 2246 4997 impius
2285 4927 2352 4980 ’³.

789 5015 920 5081 Quae
950 5031 1079 5084 ergo
1107 5016 1188 5069 sic
1219 5027 1302 5070 est
1337 5018 1658 5083 adulterata,
1690 5018 1918 5072 canonis
1949 5020 2127 5089 poenis
2161 5018 2356 5073 multa-

786 5107 955 5161 bitur.
989 5105 1214 5160 Maritus
1249 5117 1454 5170 autem,
1493 5117 1551 5162 ut
1579 5108 1668 5177 qui
1709 5124 1818 5163 non
1854 5108 2163 5176 oﬂ'enderit,
2196 5111 2354 5165 venia

789 5199 992 5266 dignus
1038 5199 1376 5260 censebitur,
1425 5199 1476 5253 id
1509 5207 1614 5264 est,
1655 5214 1762 5254 non
1807 5203 2082 5271 punietur.
2116 5199 2218 5266 Qui
2257 5216 2356 5256 au-

790 5297 897 5343 tem
928 5291 1190 5361 relinquit
1222 5291 1496 5360 propriam
1526 5295 1835 5362 coniugem,
1865 5304 1920 5347 et
1957 5293 2179 5347 alteram
2206 5293 2357 5347 ducit

794 5401 1044 5450 uxorem,
1071 5393 1131 5439 ut
1162 5387 1376 5441 adulter
1403 5388 1680 5455 punietur,
1715 5403 1779 5442 ex
1815 5387 2032 5440 Domini
2064 5387 2356 5442 sententia.

2457 4643 2814 4718 προφητείας,
2841 4643 2939 4711 τῆς
2974 4639 3238 4708 λεγούσης
3258 4653 3272 4668 ·
3293 4649 3295 4652 ‘
3314 4637 3442 4689 Ἐὰν
3463 4637 3624 4704 γυνὴ,
3667 4635 3777 4688 ἀπὸ
3807 4636 3918 4702 τῆς
3943 4640 4040 4688 ἁν-

2451 4739 2628 4812 δρῴας
2653 4733 2924 4806 ὁμοζωϊας
2968 4729 3280 4798 ἐξελθοῦσα,
3317 4729 3488 4799 ἑτέρῳ
3524 4728 3747 4798 μιανθῇ,
3809 4730 3878 4780 οὐ
3933 4729 4028 4781 δύ-

2453 4845 2614 4888 ναται
2646 4825 2978 4896 ὑποστρέψαι
3011 4823 3148 4894 πρὸς
3174 4823 3265 4875 τὸν
3285 4822 3451 4891 ἄνδρα
3481 4821 3673 4888 αὐτῆς,
3697 4820 3774 4882 ὼς
3808 4838 4036 4889 μοιχευ.

2459 4925 2649 4978 θεῖσαο
2713 4920 2876 4975 Ἀλλά
2923 4919 3019 4973 καὶ
3063 4920 3091 4971 ὁ
3126 4915 3385 4985 Σαλομῶν
3431 4917 3490 4967 ὲν
3531 4917 3650 4976 ταῖς
3697 4913 4038 4983 Bap-9min;

2461 5014 2622 5071 εἶπεν
2660 5031 2677 5049 ο
2719 5015 2778 5067 'U
2830 5011 3157 5083 μιγνύμενος
3212 5008 3349 5080 μετά
3399 5007 3726 5078 μοιχαλίδος,
3779 5008 4036 5060 τουτέστι

2456 5110 2594 5181 μετά
2616 5107 2842 5177 ἐχούσης
2864 5104 3049 5174 ἄνδρα,
3068 5102 3257 5172 ἄφρων
3281 5101 3400 5154 ἐστὶ
3415 5102 3508 5153 καὶ
3520 5099 3745 5168 ἀσεϐής.
3766 5099 4039 5170 Τιμωρη-

2455 5201 2677 5271 θήσεται
2707 5195 2802 5252 οὖν
2827 5199 2861 5267 ή
2890 5195 3034 5249 οὕτω
3061 5193 3398 5266 μοιχεύσασα
3431 5192 3502 5245 δι’
3529 5192 3822 5260 ἐπιτιμίων
3864 5209 4032 5244 xam-

2457 5292 2649 5348 νικῶν.
2711 5291 2772 5344 Ὀ
2824 5290 2962 5360 ἀνὴρ
3006 5288 3087 5354 δὲ,
3136 5286 3211 5349 ὡς
3265 5288 3341 5355 μὴ
3393 5284 3643 5347 πταίσας,
3691 5285 4036 5353 συγγνώμης

2455 5382 2842 5450 ἀξιωθήσεται,
2875 5377 3154 5430 τουτέστιν
3180 5374 3280 5427 ούκ
3315 5369 3793 5442 ὲπιτιμηθήσεται.
3839 5372 3907 5426 Ὀ
3940 5391 4035 5426 κα-

861 5560 906 5590 ³⁶
939 5561 1130 5616 Matth.
1163 5574 1218 5622 ν,
1247 5559 1340 5614 56.
1417 5561 1456 5592 ’τ
1500 5558 1729 5626 Jeretn.,
1765 5575 1846 5626 nt,
1887 5563 1939 5614 l.
2015 5560 2059 5590 ’⁸
2087 5561 2277 5621 Prov.,
2315 5575 2473 5624 xvnt,
2515 5559 2607 5612 ΕΞ.

2008 5678 2194 5740 Guill.
2230 5681 2555 5758 Beveregii
2590 5686 2774 5739 notae.

868 5801 946 5872 (2)
991 5803 1304 5858 Τουτέστιν
1337 5804 1447 5857 οὐκ
1485 5801 1982 5870 ἐπιτιμηθήσεται.
2032 5800 2153 5856 Haec
2189 5804 2345 5856 verba

798 5873 854 5928 in
886 5872 1073 5930 codice
1099 5875 1530 5930 Amerhachiano
1559 5874 1937 5929 desiderantur
1969 5894 1980 5926 :
2012 5885 2068 5927 at
2101 5889 2206 5927 non
2239 5883 2359 5926 tan-

2455 5810 2569 5854 tum
2598 5802 2653 5854 in
2685 5815 2786 5854 ms.
2820 5798 3134 5864 Bodleiano,
3165 5797 3259 5854 sed
3294 5798 3429 5854 etin
3461 5796 3674 5854 Tiliano
3704 5804 3762 5854 et
3789 5799 4035 5856 editione

2463 5872 2752 5926 Parisiensi
2786 5872 3060 5941 leguntur.
