4218 6458
175 435 283 506 813

1111 434 1192 493 IN
1230 434 1394 493 CAN.
1425 431 1780 494 LXXXVIII
1817 431 2020 491 CONC.
2055 430 2133 487 ΙΝ
2175 430 2495 489 TRULLO.

3317 423 3418 497 814

176 556 272 598 ων
305 549 396 598 τὴν
448 548 607 612 λόγον
641 547 731 598 καὶ
760 546 810 598 οἱ
859 545 990 597 θεῖοι
1025 545 1270 614 Πατέρες
1332 546 1430 614 τὴν
1485 545 1744 606 ἀναιτίως

1855 544 2054 594 vitatur.
2088 542 2152 594 Et
2181 546 2270 608 qui
2296 543 2566 594 dimissum
2594 541 2822 596 duxerit.
2856 540 3146 593 mmchalnr
3169 540 3234 592 ν’.
3271 537 3424 592 Hane

177 638 597 691 καταλιποῦσαν
631 640 721 691 τὸν
751 639 923 710 ᾷνδρα
951 639 1043 692 καὶ
1085 639 1254 706 ἑτέρῳ
1283 638 1584 705 γενομένην
1627 653 1746 704 ροι-

178 731 374 798 χαλίδα
417 730 680 785 ἐκάλεσαν
708 745 722 760 ο
765 731 906 798 ἥτις,
965 731 1068 782 κᾶν
1120 729 1456 798 ὑποστρέψαι
1513 728 1744 800 βουληθῇ

177 825 317 887 πρὸς
348 822 439 872 τὸν
465 821 593 872 ἴδιον
623 822 811 889 ἄνδρα,
861 822 1084 882 ἄκοντος
1114 822 1276 873 αὑτοῦ
1303 824 1364 874 οὐ
1410 821 1748 890 παραδεχθή·

178 932 356 967 σεται.
399 914 711 982 Μεμίανται
775 914 903 982 γάρ.
956 913 1022 964 'll
1089 909 1184 965 οὖν
1213 913 1424 979 ἀλόγως
1456 914 1750 982 ἀναχωρή-

179 1025 322 1059 σασα
358 1006 454 1058 τοῦ
503 1006 712 1074 ἀνδρὸς,
738 1007 902 1073 φησὶν
959 1008 986 1058 ό
1046 1007 1247 1063 κανὼν.
1285 1007 1578 1074 ἐπιτιμίων
1599 1008 1745 1071 ἀξία,

173 1100 349 1168 ἤγουν
377 1098 486 1150 τῶν
533 1101 631 1165 τῆς
676 1098 922 1168 μοιχείας
951 1112 965 1125 ⁶
1016 1099 1043 1147 ό
1073 1096 1130 1147 δὲ
1167 1097 1303 1164 ἀνὴρ
1361 1113 1750 1163 σνγγνωμονη-

176 1189 410 1256 θήσεται
436 1189 529 1238 καὶ
571 1188 933 1256 ἀξιωθήσεται
975 1189 1074 1257 τῆς
1125 1193 1182 1239 ἐν
1220 1188 1516 1256 Ἐκκλησία
1557 1205 1750 1240 κοινω-

176 1282 322 1342 νίας.
353 1281 518 1332 Ὥστε
550 1280 608 1343 ἐξ
635 1281 1043 1349 ἀντιδιαστολῆς
1073 1281 1312 1332 νοεῖσθαι
1341 1281 1544 1332 δίδοται
1565 1281 1667 1337 ὅτι.
1702 1280 1750 1330 εἰ

175 1373 278 1423 οὐκ
306 1372 514 1438 ἀλόγως
543 1370 856 1440 ἀνεχώρησε
890 1373 986 1425 τοῦ
1012 1373 1174 1442 ἀνδρὸ
1193 1391 1225 1434 ·,
1251 1374 1518 1441 ὲμπικραι
1553 1373 1750 1439 σμένον

177 1463 314 1523 ἴσως
353 1463 487 1530 αὑτῇ
527 1464 676 1530 παρὰ
711 1463 772 1514 τὸ
823 1466 1122 1532 προσῆκον,
1175 1463 1207 1532 ἢ
1243 1463 1683 1530 κακουχουμένη,
1716 1461 1750 1530 ἡ

176 1569 334 1609 τινας
363 1553 548 1616 αίτίας
585 1554 789 1623 ἔχουσα
820 1557 970 1624 παρὰ
1020 1554 1112 1606 τοῦ
1153 1554 1344 1624 ἀνδρὸς
1377 1554 1749 1622 ἐπαγομένας,

175 1644 366 1713 ἐκείνη
395 1643 550 1696 ἔσται
579 1646 843 1710 ἀναίτιος.
879 1647 975 1699 καὶ
1012 1647 1040 1698 ὁ
1085 1645 1226 1716 ἀνὴρ
1285 1645 1752 1714 ὲπιτιμηθήσεται

173 1733 254 1796 ὡς
294 1734 456 1795 αὐτὸς
492 1734 662 1796 αἴτιος
697 1735 795 1804 τῆς
820 1736 1095 1806 ἁμαρτίας
1125 1741 1192 1806 τῇ
1233 1738 1456 1804 γυναικὶ
1488 1734 1750 1803 γεγονώς.

189 1825 251 1875 Ὁ
277 1826 458 1892 μέντοι
488 1825 936 1893 καταλιμπάνων,
966 1829 1132 1899 φησὶν
1156 1831 1184 1881 ὀ
1205 1827 1409 1894 κανὼν,
1436 1829 1534 1897 τὴν
1556 1824 1750 1880 ἑαυτοῦ

1852 636 2016 702 igitur
2049 637 2313 687 rali0uetn
2344 634 2511 686 divini
2545 648 2764 701 quoque
2794 633 2986 686 Patres
3017 633 3188 686 secuti
3226 634 3421 684 mulie-

1852 741 1986 789 rem,
2019 741 2141 793 qua:
2188 726 2306 777 sine
2346 739 2510 777 causa
2565 724 2754 777 relicto
2784 727 2902 776 viro
2946 723 3098 776 alteri
3150 724 3418 790 nupserit,

1850 820 2152 871 adulteram
2181 832 2447 870 vocavere
2473 833 2485 869 :
2515 832 2635 885 qua)
2661 818 2878 885 quidem
2910 817 3122 871 etiamsi
3153 816 3219 869 ad
3249 818 3422 873 virum

1850 924 2008 963 auum
2060 911 2258 962 reverti
2309 917 2497 976 postea
2530 909 2676 969 velit,
2731 924 3074 978 nequaquam
3127 909 3297 960 imilo
3332 908 3424 960 illo

1852 1002 2174 1070 excipis-tur.
2212 1000 2425 1054 Polluta
2466 1011 2549 1056 est
2601 1003 2768 1054 enim.
2816 1001 2949 1067 Qua:
2999 1002 3164 1070 igitur
3208 1000 3422 1061 mulier,

1854 1094 2033 1164 inquit
2064 1108 2262 1156 canon,
2298 1108 2326 1144 a
2359 1095 2474 1146 viro
2508 1094 2714 1162 absque
2747 1108 2911 1147 causa
2938 1094 3192 1156 seces<it,
3225 1095 3423 1161 poenis,

1853 1186 1923 1240 iis
1975 1184 2232 1239 nimirum
2289 1201 2410 1253 qua:
2459 1186 2511 1237 in
2566 1187 2846 1240 adulteros
2906 1188 3217 1240 constitutte
3273 1196 3423 1242 sunt,

1853 1276 2176 1329 multabitur
2209 1293 2221 1328 :
2261 1277 2379 1330 viro
2409 1284 2588 1330 autem
2641 1277 2878 1346 ignosci,
2928 1285 2981 1331 ct
3020 1294 3164 1341 eam,
3203 1294 3323 1344 qua:
3371 1278 3423 1327 in

1854 1363 2093 1419 Ecclesia
2129 1375 2239 1430 est,
2267 1353 2706 1421 communionem
2740 1369 2966 1423 concedi
3001 1373 3196 1434 placet.
3216 1369 3294 1422 Ex
3319 1385 3427 1438 quo

1852 1469 2046 1513 contra
2100 1459 2326 1528 intelligi
2383 1461 2526 1524 licet,
2575 1474 2696 1529 qua:
2748 1476 2856 1513 non
2904 1469 3104 1512 tenn-re
3150 1475 3267 1512 sea
3310 1462 3428 1512 viro

1855 1549 2186 1618 alijunxerit,
2243 1552 2335 1603 sed
2389 1558 2483 1603 aut
2539 1552 2684 1605 illius
2727 1553 2894 1605 nimia
2944 1552 3284 1613 morositate,
3336 1567 3430 1604 aut

1855 1639 2075 1708 injuriis
2126 1643 2290 1703 victa,
2340 1650 2434 1694 aut
2472 1643 2592 1696 aliis
2651 1644 2825 1697 modis
2875 1643 2943 1697 ab
2977 1645 3165 1698 eodem
3215 1645 3427 1697 irritata

1856 1734 2195 1798 discesserit,
2247 1734 2392 1787 illam
2445 1744 2599 1788 extra
2640 1738 2855 1804 culpam
2907 1736 3041 1796 fore,
3098 1738 3191 1791 sed
3228 1752 3260 1791 a
3313 1739 3428 1791 viro

1858 1841 2070 1894 poenas.
2103 1828 2306 1897 quippe
2337 1827 2430 1897 qui
2459 1829 2632 1897 culpa
2663 1843 2882 1883 causam
2923 1831 3082 1884 uxori
3117 1833 3428 1899 praebuerit,

178 1919 440 1982 γυναῖκα,
487 1903 592 1996 ’καὶ
620 1920 815 1988 ἑτέραν
871 1921 1141 1989 ἀγόμενος
1198 1921 1276 1986 τῷ
1338 1920 1439 1988 τῆς
1504 1917 1750 1988 μοιχείας

1855 1921 2175 1989 exigendas.
2212 1921 2312 1986 Qui
2348 1937 2499 1985 vero,
2553 1924 2725 1990 inquit
2757 1927 2958 1986 canon,
2989 1939 3158 1978 uxore
3200 1925 3426 1979 dimissa

179 2010 469 2062 ὑπᾶκειται
505 2010 735 2080 κρίματι
773 2012 916 2064 κατὰ
937 2014 1036 2083 τὴν
1074 2012 1170 2065 τοῦ
1211 2012 1416 2081 Κυρίου
1450 2013 1747 2079 ἀπόφασιν*

179 2102 279 2155 καὶ
309 2103 434 2170 ἑξῆς
459 2103 653 2169 ἐπάγει
686 2104 845 2166 πῶςό
883 2105 1126 2165 τοιοῦτος
1151 2105 1620 2174 ὲπιτιμηθήσεται
1658 2103 1754 2155 καί⁸

170 2192 696 2262 οἰκονομηθήσεται.
753 2191 992 2249 Ἐοίκασι
1030 2196 1086 2247 δὲ
1117 2195 1164 2248 οε
1201 2197 1441 2264 Πατὲρες
1481 2191 1628 2250 οὗτοι
1658 2196 1754 2247 καὶ

177 2281 556 2334 ἐναντιοῦσθαι
580 2282 658 2350 τῷ
692 2284 915 2353 μεγάλῳ
944 2283 1210 2354 Βασιλείῳ
1235 2299 1248 2312 ο
1287 2285 1491 2346 ἐκεῖνος
1509 2285 1618 2352 γὰρ
1655 2283 1753 2353 τὴν

180 2376 282 2442 μὲν
306 2379 541 2440 γυναῖκα
573 2368 743 2447 ἑτέρῳ
772 2380 1248 2448 συμφθειρομένην
1274 2377 1371 2430 τοῦ
1403 2379 1584 2447 γάμου
1608 2393 1758 2430 συνι⁶

178 2469 451 2534 σταμένου
488 2469 777 2536 μοιχαλίδα
840 2469 1015 2533 καλεῖ,
1065 2470 1160 2521 καὶ
1205 2469 1544 2537 ἀποπέμψει,
1582 2466 1750 2536 λέγει,

173 2555 388 2620 ταύτην
443 2559 551 2606 τῶν
613 2558 779 2610 οἴκων
818 2559 982 2610 αὑτοῦ
1018 2561 1045 2610 ό
1095 2560 1257 2628 ἀνήρ.
1305 2559 1369 2612 Ἦ
1407 2558 1465 2611 δὲ
1524 2559 1662 2627 γυνὴ
1691 2560 1754 2611 ἐκ

174 2649 440 2715 πορνείας
479 2648 778 2704 ἐπανιόντα
812 2650 903 2702 τὸν
936 2650 1108 2719 ἄνδρα
1148 2653 1318 2720 αὐτῆς
1364 2650 1752 2720 παραδέξεται.

176 2741 252 2791 Οὐ
282 2739 392 2809 γὰρ
427 2738 644 2809 ἔχομεν,
689 2743 845 2809 φησὶ,
871 2741 1069 2793 κανόνα
1097 2742 1174 2810 τῷ
1193 2743 1291 2812 τῆς
1320 2743 1568 2811 μοιχείας
1591 2741 1755 2793 αὑτὸν

173 2831 413 2897 ὑπάγειν
439 2832 768 2900 ἐγκλήματι,
787 2833 880 2885 ἐὰν
901 2833 980 2894 εἰς
998 2833 1286 2902 ἐλευθέραν
1303 2833 1483 2901 γάμου
1507 2833 1749 2903 ἁμάρτῃ.

189 2919 330 2971 Ἀλλ’
364 2922 466 2972 οὐκ
492 2920 864 2980 ἐναντιοῦνται
891 2924 941 2974 οἱ
980 2923 1200 2985 κανόνες
1250 2923 1525 2992 ἀλλήλοις.
1567 2923 1626 2975 '0
1657 2911 1755 2992 μὲν

167 3000 284 3082 γὰρ
315 3013 490 3083 μέγας
531 3013 812 3074 Βασίλειος
853 3017 984 3084 περὶ
1026 3016 1431 3087 πορνεύσαντος
1463 3017 1619 3084 λέγει
1659 3015 1752 3068 τοῦ

169 3106 356 3176 γάμου
409 3108 829 3176 συνισταμένου,
872 3108 967 3160 καὶ
1017 3109 1434 3179 συμφθαρέντος
1489 3109 1655 3181 ἑτέρᾳ
1694 3110 1752 3177 ἐξ

167 3198 366 3265 ἀνδρὸς
415 3197 718 3274 ἐλευθέρᾳ·
790 3203 818 3252 ό
882 3199 941 3254 δὲ
981 3198 1174 3269 παρὼν
1220 3199 1402 3253 κανὼν
1464 3202 1593 3271 περὶ
1657 3200 1752 3254 τοῦ

167 3289 439 3345 ἀναιτίως
481 3289 961 3358 ἀποτιεμψαμένου
1001 3289 1102 3363 τὴν
1138 3293 1375 3358 γυναῖκα
1410 3292 1598 3353 αὑτοῦ,
1654 3293 1752 3347 καὶ

167 3381 372 3448 ἑτέραν
413 3380 490 3443 ὡς
544 3381 684 3452 τάχα
732 3382 963 3452 νόμιμον
998 3383 1250 3452 γαμετὴν
1289 3384 1749 3453 είσοικισαμένου,

159 3471 230 3523 ὃν
254 3475 349 3524 καὶ
374 3475 402 3525 ὁ
436 3471 638 3543 Κύριος
666 3473 722 3524 ἐν
747 3472 1110 3542 Εὑαγγελίοις
1145 3473 1335 3543 μοιχὸν
1355 3473 1605 3530 ἐκάλεσε.

161 3732 395 3789 ΔΡΙΣΤ.
430 3751 448 3782 ι
501 3734 567 3785 Ἡ
604 3734 660 3800 ἐξ
691 3734 881 3802 ἀνδρὸς
923 3735 1010 3787 ἐπ’
1041 3734 1199 3789 ἄλλον
1238 3735 1392 3790 ίοῦσα
1454 3739 1704 3808 μοιχαλῐς
1732 3755 1745 3768 ⁸

250 3842 269 3873 ι
307 3823 402 3876 καὶ
432 3825 459 3874 ό
491 3824 599 3876 ἀπὸ
622 3826 881 3891 γυναικὸς
911 3828 999 3878 ἐπ’
1027 3828 1377 3896 άλ).ην,κατὰ
1396 3830 1483 3881 τὸν
1516 3830 1745 3900 Κύριον,

249 3935 268 3966 ι
308 3915 511 3985 ὁμοίως
547 3917 755 3985 μοιχός.
794 3919 1024 3986 Saga-lic.

770 4098 1008 4152 ΚΑΝΩΝ
1043 4099 1176 4156 Illl'.

159 4209 182 4239 ι
230 4188 437 4258 Μηδεὶς
472 4189 618 4243 ἔνδον
659 4189 805 4259 ίεροῦ
839 4178 970 4244 ναοῦ
1022 4192 1220 4259 κτῆνος
1249 4193 1308 4245 τὸ
1355 4195 1562 4249 οἱονοῦν
1597 4197 1747 4249 είσα-

245 4300 266 4331 ι
313 4281 454 4346 γέτω
484 4296 496 4308 ⁸
529 4282 686 4344 aut;
723 4284 771 4334 εί
807 4285 882 4352 μή
951 4301 1035 4346 τις
1109 4287 1408 4355 ὁδοιπορῶν
1480 4287 1747 4357 μεγίστης

246 4391 268 4422 ι
311 4372 722 4442 καταλαϐούσης
797 4374 1044 4443 ἀνάγκης
1111 4375 1356 4429 οίιίσκου
1426 4380 1519 4428 καὶ
1580 4396 1748 4428 κατα-

247 4483 268 4510 ι
312 4460 498 4528 γωγῆς
531 4463 756 4530 ἀπορῶν
789 4464 846 4513 ἐν
874 4463 951 4531 τῷ
985 4465 1211 4534 τοιούτῳ
1267 4465 1562 4522 καταλύσει
1609 4467 1743 4536 ναῷ.

247 4572 266 4601 ι
311 4553 405 4604 Διὰ
433 4555 538 4622 γὰρ
567 4554 658 4606 τοῦ
704 4557 778 4625 μὴ
813 4556 873 4607 τὸ
908 4561 1103 4628 κτῆνος
1137 4560 1282 4612 ἔνδον
1343 4562 1743 4631 εἰσενεχθῆναι,
1790 4586 1831 4639 D

246 4665 266 4696 ι
312 4646 441 4698 αὐτὸ
477 4648 576 4713 μὲν
608 4646 756 4699 ἐστιν
811 4650 897 4702 ὅτε
963 4651 1392 4723 διαφθαρήσεται
1424 4670 1437 4684 ⁸
1472 4660 1499 4708 ὁ
1571 4656 1627 4708 δὲ
1682 4659 1748 4726 τῇ

247 4756 274 4788 4
325 4740 419 4790 τοῦ
451 4740 745 4807 ὑποζυγίου
778 4745 1039 4817 ἀποϐολῇ,
1079 4749 1168 4803 καὶ
1190 4746 1268 4816 τῷ
1323 4748 1576 4802 ἐντεῦθεν
1621 4752 1755 4803 ἀπό-

248 4853 269 4882 ι
314 4851 418 4900 ρως
445 4835 586 4903 ἔχειν
620 4838 718 4904 τῆς
754 4838 844 4888 ἐπὶ
870 4837 966 4906 τὴν
1015 4840 1326 4909 ὁδοιπορίαν
1363 4841 1564 4911 όρμῆς,
1627 4860 1749 4894 κιν-

251 4945 270 4975 ι
311 4926 449 4996 sava.
482 4929 710 4981 Θανάτου
764 4930 1224 5000 παραδοθήσεται.
1266 4933 1370 4986 Τὸν
1398 4941 1503 5004 γὰρ
1535 4936 1747 4989 Σάϐϐα-

251 5038 271 5068 :
313 5035 402 5070 τον
435 5019 522 5071 διὰ
547 5020 637 5071 τὺν
655 5021 944 5090 ἄνθρωπον
976 5024 1229 5089 γενέσθαι
1268 5026 1702 5097 ἐκδιδασκόμεθα
1734 5045 1747 5059 '

245 5130 265 5162 ι
308 5111 450 5163 ὣστε
474 5114 559 5163 διὰ
593 5116 806 5165 πάντων
838 5119 1213 5184 προτιμητὲαν
1257 5119 1507 5186 ἡγεῖσθαι
1536 5121 1631 5189 τὴν
1659 5122 1752 5173 τοῦ

250 5227 271 5257 ι
313 5208 603 5278 ἀνθρώπου
639 5213 915 5279 σωτηρίαν
965 5229 1024 5264 τε
1078 5217 1173 5267 xui.
1231 5217 1524 5271 ἀπάθειαν.
1577 5219 1638 5270 Εἰ
1699 5219 1754 5270 δέ

246 5322 272 5354 ιι
310 5320 385 5364 τις
418 5305 699 5374 φωραθείη
735 5310 903 5376 χωρ’.ς
941 5307 1210 5378 ἀνάγκης,
1237 5311 1311 5372 ὡς
1357 5310 1597 5381 εἴρηται,
1623 5313 1754 5381 κτῆσ

248 5414 272 5449 ι
313 5413 401 5459 νος
437 5398 672 5463 εἰσάγων
698 5400 777 5460 είς
835 5401 998 5468 ἱερδν,
1064 5402 1112 5453 εί
1168 5402 1268 5470 μὲν
1330 5403 1588 5473 κληρικός
1640 5407 1745 5474 εἴη,

256 5508 276 5539 ι
312 5487 700 5559 καθαιρείσθω.
736 5493 860 5545 εἰδὲ
898 5494 1108 5558 λαῖκὸς,
1166 5496 1533 5565 ἀφοριζέσθω.

245 5583 444 5635 ΒᾹΛΣ.
493 5583 577 5644 Ὡς
599 5583 763 5648 ἔοικε,
792 5586 992 5656 συνέϐη
1024 5587 1155 5640 ποτὲ
1186 5591 1241 5640 ὲν
1285 5591 1600 5662 δριμυτάτῳ
1640 5613 1753 5663 χει-

162 5676 320 5748 μῶνι
363 5677 664 5729 καταλῦσαί
700 5695 850 5741 τινας
915 5682 995 5743 εἰς
1049 5683 1177 5735 ναὸν
1239 5688 1646 5756 παρακείμενον
1695 5693 1752 5742 ἐν

255 5863 304 5896 ³³
347 5863 530 5916 Matth.
561 5880 669 5925 XIS,
707 5866 882 5928 9,10.

1857 2017 2018 2069 aliam
2070 2017 2307 2080 duxerit,
2369 2017 2628 2070 adulterii
2688 2032 2815 2070 reus
2876 2033 2940 2073 ex
2989 2018 3162 2084 ipsius
3217 2019 3428 2071 Domini

1855 2108 2035 2161 verbis
2061 2108 2465 2162 existimabitur
2491 2125 2507 2161 :
2535 2107 2769 2175 indeque
2792 2124 2898 2177 qua
2926 2123 3085 2177 pmna
3115 2108 3239 2163 talis
3269 2109 3433 2162 homo

1857 2198 2172 2253 multandus
2205 2188 2303 2264 sit,
2347 2199 2590 2268 quidque
2635 2213 2759 2253 cum
2812 2214 2876 2253 eo
2924 2200 3218 2269 agendum,
3255 2216 3430 2254 canon

1857 2293 2099 2346 disserit.
2156 2292 2412 2358 Quinimo
2459 2295 2758 2361 pugnantia
2817 2309 2941 2347 eum
2985 2309 3184 2363 magno
3230 2296 3434 2348 Basilio

1857 2385 2131 2440 afﬁrmare
2177 2387 2281 2440 hoc
2327 2387 2445 2440 loco
2474 2387 2666 2440 Patres
2691 2387 2967 2441 videntur.
3001 2385 3136 2439 Nam
3167 2387 3212 2440 is
3242 2388 3435 2441 mulie-

1857 2487 1974 2524 rem
2033 2475 2276 2542 quidem,
2337 2491 2460 2543 qua!
2517 2486 2804 2530 contracto
2854 2477 3171 2544 nuptiarum
3227 2476 3435 2532 findere.

1857 2579 1979 2616 cum
2007 2565 2116 2617 alio
2145 2565 2260 2620 viro
2286 2582 2398 2619 rem
2435 2566 2710 2625 habuerit,
2738 2567 2898 2637 261
2929 2568 3232 2621 adulteram
3255 2579 3434 2633 vocat,

1858 2671 2089 2725 eamque
2123 2663 2374 2722 maritus,
2405 2659 2606 2728 inquit,
2639 2674 2667 2712 a
2709 2661 2823 2714 suis
2854 2661 3065 2714 milibus
3096 2661 3434 2715 amandabit.

1861 2746 2249 2802 Verumtamen
2291 2765 2354 2803 ex
2407 2751 2770 2804 fornicatione
2807 2753 3124 2804 redeuutem
3179 2754 3436 2806 maritum

1862 2856 2018 2894 suum
2067 2857 2205 2895 uxor
2251 2844 2505 2911 excipiet.
2547 2842 2742 2897 Nullus
2789 2845 2960 2904 enim,
3011 2845 3211 2912 inquit,
3257 2854 3437 2898 exstat

1859 2947 2058 2997 canon,
2096 2914 2250 3003 cuius
2283 2937 2614 2989 auctoritate
2677 2937 2769 3004 qui
2815 2951 2936 2988 eum
2980 2935 3161 2988 soluta
3209 2937 3436 2991 muliere

1861 3025 2122 3094 peccarit,
2153 3025 2412 3080 adulterii
2447 3042 2574 3081 reus
2606 3028 2690 3096 agi
2723 3035 2906 3095 queat.
2945 3026 3053 3080 Sed
3087 3026 3235 3080 nullo
3271 3027 3436 3082 modo

1861 3119 2007 3172 inter
2033 3133 2091 3173 se
2121 3120 2176 3172 bi
2215 3134 2455 3174 canones
2486 3128 2749 3189 pugnant.
2780 3119 2914 3172 Nam
2953 3135 3181 3189 magnus
3216 3120 3434 3189 quidem

1861 3205 2096 3262 Basilius
2125 3210 2189 3262 de
2220 3224 2285 3263 eo
2313 3209 2532 3262 homine
2559 3210 2693 3278 agit,
2728 3211 2820 3279 qui
2848 3210 3195 3264 manentibus
3228 3211 3437 3279 nuptiis

1858 3300 2191 3365 fornicatus,
2235 3311 2287 3356 ct
2319 3317 2442 3356 cum
2481 3303 2710 3356 muliere
2747 3303 2881 3356 nulli
2912 3303 3030 3356 viro
3063 3303 3268 3356 sociata
3316 3305 3436 3372 pol-

1855 3394 2004 3453 lutus
2049 3402 2132 3446 est
2180 3411 2193 3446 :
2237 3394 2325 3447 hic
2365 3408 2494 3447 vero
2545 3409 2722 3448 canon
2768 3410 2864 3449 eos
2912 3395 3106 3464 tangit,
3135 3396 3228 3464 qni
3265 3411 3438 3450 uxore

1855 3486 1976 3539 sine
2013 3499 2180 3540 causa
2213 3485 2440 3539 dimissa
2473 3485 2635 3539 aliam
2669 3486 2796 3546 sibi,
2832 3488 2991 3556 quasi
3024 3502 3124 3557 pro
3152 3488 3300 3556 justa
3331 3490 3440 3543 sci-

1853 3579 1980 3634 licet
2013 3579 2246 3649 conjuge
2294 3581 2559 3648 habituri,
2605 3582 2980 3650 adjunxerint,
3025 3600 3166 3654 quos
3217 3586 3436 3651 quidem

1858 3666 2142 3722 adulteros
2177 3670 2293 3738 ipse
2323 3669 2375 3722 in
2407 3669 2702 3738 Evangelio
2737 3670 2999 3726 Dominus
3031 3673 3348 3743 appellavit.

1859 3758 2089 3814 ARIST.
2130 3778 2148 3810 ι
2191 3762 2323 3826 Qua:
2355 3777 2382 3812 a
2415 3763 2532 3816 viro
2568 3779 2666 3815 suo
2697 3763 2765 3816 ad
2800 3765 2964 3817 alium
3000 3766 3230 3831 accedit,
3280 3767 3443 3818 adul-

1930 3871 1948 3904 ι
1998 3861 2111 3906 tera
2142 3861 2227 3907 est
2277 3870 2290 3908 :
2351 3860 2406 3906 et
2455 3856 2544 3924 qui
2602 3855 2670 3908 ab
2724 3872 2893 3909 uxore
2949 3856 3016 3911 ad
3073 3859 3439 3926 aliam,juxta

1926 3964 1946 3997 ι
1995 3945 2205 3999 Domini
2233 3961 2560 4015 sermonem,
2585 3949 2836 4004 similiter
2865 3953 3107 4005 mcechus
3133 3960 3238 4007 est.
3270 3970 3288 4004 ι
3315 3950 3444 4004 Per-

1921 4039 2152 4104 spicuus.
3257 4037 3264 4044 ’

2351 4133 2584 4189 CANON
2627 4133 2968 4187 LXXXVIII.

1868 4241 1888 4274 ι
1928 4223 2099 4280 Nemo
2125 4226 2266 4280 intra
2291 4227 2434 4282 sides
2459 4243 2645 4282 sacras
2673 4228 2904 4296 quodvis
2933 4227 3231 4284 iumentum
3265 4232 3438 4285 intro-

1939 4332 1958 4364 ι
1990 4315 2154 4370 ducat
2187 4334 2200 4370 :
2239 4319 2348 4371 nisi
2380 4318 2522 4372 forte
2561 4319 2735 4371 viator
2759 4319 3053 4387 quispiam,
3081 4326 3316 4376 maxima
3342 4341 3438 4377 Ur—

1936 4424 1954 4455 ‹
1990 4418 2152 4474 gente
2182 4412 2510 4464 necessitate
2541 4449 2556 4473 ,
2595 4412 2939 4465 domunculae
2998 4415 3082 4468 vel
3147 4416 3433 4472 diversorii

1937 4516 1954 4547 ι
1997 4500 2271 4570 indigi-ns,
2326 4503 2377 4554 in
2419 4504 2469 4555 id
2503 4505 2761 4572 templum
2796 4506 3104 4559 diverterit.
3139 4508 3252 4562 Nisi
3287 4513 3430 4564 enim

1935 4607 1954 4639 ι
1990 4589 2296 4657 jnmentnm
2329 4593 2697 4647 introdm-tum
2754 4595 2952 4659 fuerit,
2989 4598 3163 4665 ipsum
3213 4601 3431 4668 quidem

1938 4698 1958 4731 ι
1991 4696 2381 4751 nonnunquam
2412 4685 2637 4751 peribit:
2670 4685 2758 4739 hic
2790 4701 2936 4749 vero,
2964 4689 3430 4758 propterjumenti

1933 4789 1951 4820 ι
1993 4768 2378 4834 amissionem,
2414 4781 2470 4825 et
2504 4773 2786 4828 facultatis
2813 4775 2880 4828 ad
2919 4777 3024 4830 iter
3059 4783 3429 4849 peragendum

1933 4880 1951 4911 ι
1990 4877 2054 4914 ex
2086 4876 2151 4915 eo
2187 4863 2486 4929 profectam
2520 4867 2783 4936 inapiam,
2818 4870 3008 4924 mortis
3047 4873 3288 4939 periculo
3322 4881 3427 4926 tra-

1933 4971 1952 5002 ι
1987 4953 2171 5007 detur.
2195 4951 2494 5007 Sabbatum
2515 4956 2658 5009 enim
2688 4967 2908 5026 propter
2932 4963 3201 5016 hominem
3227 4960 3427 5018 factum

1934 5062 1951 5094 ι
1990 5060 2108 5097 esse
2140 5045 2436 5110 docemur;
2461 5049 2818 5115 quamobrem
2849 5061 2901 5104 et
2937 5068 3031 5119 per
3061 5055 3241 5108 omnia
3297 5073 3432 5125 pra--

1930 5155 1947 5186 ι
1985 5137 2266 5190 ferendam
2304 5154 2427 5192 esse
2471 5141 2789 5196 existimare
2827 5143 3064 5199 hominis
3107 5147 3333 5203 salutem
3375 5161 3431 5203 et

1933 5249 1951 5280 ι
1993 5232 2447 5287 incolumitatem.
2507 5235 2563 5287 Si
2631 5237 2756 5304 quis
2813 5246 2996 5290 autem
3045 5238 3426 5309 deprehensus

1935 5343 1952 5373 ι
1997 5323 2158 5378 fuerit
2199 5326 2318 5379 sine
2355 5328 2682 5381 necessitate
2730 5329 3044 5396 jumentum
3081 5332 3133 5384 in
3169 5335 3424 5402 templum

1933 5437 1949 5466 ι
1991 5417 2362 5480 introducere,
2416 5419 2461 5472 si
2503 5420 2572 5473 sit
2604 5421 2821 5498 quidem
2867 5423 3125 5486 clericus,
3175 5426 3421 5494 depona-

1938 5533 1950 5553 ι
1995 5519 2082 5561 tur
2117 5522 2131 5567 :
2172 5511 2256 5562 sin
2294 5525 2428 5563 vero
2459 5511 2653 5578 laicus,
2683 5524 3016 5582 segrcgctur.
3051 5520 3068 5565 i

1928 5600 2122 5654 BALS.
2165 5601 2234 5653 [ι
2263 5611 2346 5655 est
2378 5603 2692 5666 verisimile,
2742 5607 2940 5658 accidit
2980 5609 3308 5678 quandoque
3366 5621 3424 5667 ut

1860 5695 1913 5748 in
1951 5693 2183 5749 maxima
2219 5702 2542 5764 tempestate
2565 5694 2901 5751 divertereut
2935 5698 3153 5766 quidam
3191 5699 3244 5756 iu
3289 5710 3426 5759 tem.
