4218 6458
221 438 324 499 817

1202 430 1281 491 ΙΝ
1321 431 1483 490 CAN.
1521 427 1814 488 LXXXIX
1858 426 2065 487 CONC.
2111 426 2527 489 lN‘TilUiLO.

3379 418 3482 478 8l8

227 549 454 602 ΑΡΙΣΤ.
501 569 518 600 ι
542 547 713 616 Ἱεροῦ
742 547 893 600 ἔνδον
928 547 1029 598 οὑκ
1061 547 1344 614 εἰσάγεται
1398 545 1625 611 κτῆνος,
1658 543 1704 594 εἰ
1736 541 1810 610 μὴ

1915 539 2145 594 ARIST.
2184 559 2201 592 ι
2242 542 2387 594 Intra
2439 554 2626 594 sacras
2676 537 2818 592 ardes
2869 539 3176 606 jnmentum
3229 552 3334 588 non
3393 538 3477 586 iu-

302 661 321 695 ι
353 640 773 705 καταλαϐούσης
828 642 888 692 έν
921 639 1025 708 ὁδῷ
1082 639 1344 709 μεγίστης
1378 638 1642 705 ἀνάγκης.
1684 655 1701 687 ι

303 823 442 875 Εἰδέ
466 839 549 884 τις
602 823 771 892 χωρὶς
807 823 1074 891 ἀνάγκης,
1109 822 1358 890 εὑπορών
1420 823 1606 891 ἐτέρου
1646 839 1811 873 κατα-

231 915 464 979 γωγίου,
505 914 655 967 ἔνδον
708 915 802 968 τοῦ
840 916 986 983 ίεροῦ
1010 915 1140 967 ναοῦ
1173 914 1234 966 τὸ
1292 913 1590 978 ὑποζύγιον
1645 912 1810 967 αὑτοῦ

245 1005 472 1068 εἰσάξει.
506 1008 553 1058 εί
589 1006 686 1072 μὲν
739 1007 997 1076 κληρικός
1023 1007 1161 1072 ἐστι,
1213 1004 1698 1076 καθαιρεθήσεται,
1765 1004 1812 1055 εί

228 1098 288 1150 δὲ
307 1099 515 1162 λαῖκδς,
567 1099 1016 1168 ἀφορισθήσεται.

837 1193 1080 1245 ΚΑΝΩΝ
1115 1192 1242 1245 ΠΘ’.

238 1300 256 1328 ι
299 1281 412 1343 Τάς
433 1280 528 1333 τοῦ
564 1281 835 1350 σωτηρίου
866 1283 1072 1343 πάθους
1121 1281 1336 1351 ἡμέρας
1364 1282 1424 1334 ὲν
1445 1280 1675 1349 νηστείᾳ
1715 1280 1810 1331 καὶ

303 1392 320 1422 ι
365 1378 642 1444 προσευχῇ
687 1375 786 1429 καὶ
831 1373 1122 1438 κατανύξει
1154 1371 1810 1445 καρδίαςὲπιτελοῦντας,

307 1485 323 1515 ι
361 1466 466 1534 χρὴ
511 1468 638 1528 τοὺς
678 1468 906 1531 πιστοὺς
931 1467 1060 1536 περὶ
1087 1465 1254 1535 μέσας
1291 1467 1389 1534 τῆς
1421 1467 1548 1535 περὶ
1581 1465 1641 1517 τὸ
1671 1464 1815 1534 μέγα

308 1575 325 1606 ι
372 1557 653 1612 Σάϐϐατον
696 1560 894 1622 νυκτὸς
950 1559 1098 1629 ὧρας
1163 1557 1650 1627 ἁπονηστίζεσθαι,
1703 1562 1813 1609 τῶν

311 1670 330 1702 ι
376 1651 538 1706 θείων
564 1653 971 1720 εὐαγγελιστῶν
1013 1652 1299 1707 Ματθαίου
1331 1652 1426 1704 καὶ
1463 1651 1671 1716 Λουκᾶ,
1715 1649 1810 1703 τοῦ

311 1764 329 1796 ι
373 1746 472 1814 μὲν
513 1748 602 1801 διὰ
623 1747 714 1800 τοῦ
737 1747 835 1816 ὀψὲ
865 1746 1158 1801 Σαϐϐάτων
1195 1747 1463 1816 ῥήματος,
1485 1744 1579 1797 τοῦ
1632 1745 1686 1796 δὲ
1723 1743 1812 1796 διὰ

309 1859 329 1891 ι
357 1839 451 1892 τοῦ
475 1839 677 1911 ὄρθρου
711 1841 927 1910 βαθέος,
963 1840 1062 1909 τὴν
1117 1838 1425 1911 βραδύτητα
1455 1838 1555 1906 τῆς
1618 1837 1810 1898 νυκτδς

301 1949 318 1981 ι
369 1933 499 1999 ἡμῖν
529 1933 977 2003 ὑπογραφόντων.

297 2022 495 2078 ΒΑΛΣ,
531 2025 641 2077 Καὶ
668 2027 723 2076 ὲν
758 2025 1140 2086 ἅποστολικοῖς
1192 2024 1388 2077 κανόσι
1428 2025 1525 2077 καὶ
1557 2026 1616 2076 ἐν
1666 2039 1809 2076 συνο-

230 2115 402 2177 δικοίς
441 2116 865 2186 νενομοθέτηται
902 2117 976 2188 μὴ
1047 2116 1332 2186 νηστεύειν
1393 2117 1451 2168 έν
1488 2115 1806 2186 Σαϐϐάτῳῆ

227 2201 291 2252 ἑν
322 2204 574 2275 κυριακῇ
611 2206 739 2258 ἄνευ
761 2207 879 2270 ένδς
930 2209 1022 2261 καὶ
1053 2208 1215 2277 μόνου
1267 2207 1570 2271 Σαὸϐάτου,
1617 2207 1808 2260 τούτου

227 2294 473 2362 δηλονότι
514 2298 608 2350 τοῦ
635 2300 895 2370 μεγάλου.
950 2300 1112 2355 Κατὰ
1151 2300 1312 2354 τοῦτο
1352 2300 1460 2370 γὰρ
1528 2302 1810 2370 νηστεύειν

229 2390 712 2462 προσετάχθημεν.
795 2394 1130 2457 ’Λκολούθως
1169 2390 1263 2450 οὖν
1345 2398 1556 2458 τούτοις
1641 2409 1734 2449 και
1782 2396 1810 2446 ὁ

227 2481 422 2552 παρὼν
449 2489 630 2537 κανὼν
681 2486 883 2556 ὁρίζων
923 2488 1067 2540 κατὰ
1096 2489 1194 2552 τὰς
1253 2488 1382 2550 ὅλας
1439 2489 1652 2557 ἡμέρας
1708 2491 1801 2542 τοῦ

228 2575 502 2644 σωτηρίου
534 2577 738 2639 πάθους
761 2579 857 2630 τοῦ
882 2579 1120 2647 Χριστοῦ
1153 2581 1247 2632 καὶ
1305 2579 1442 2633 Θεοῦ
1498 2581 1655 2649 ἡμῶν
1716 2601 1808 2651 νη-

227 2667 445 2720 στεύειν
479 2670 573 2721 κα¹ι
613 2671 1014 2742 προσεύχεσθαι
1045 2671 1180 2741 μετᾶ
1217 2671 1587 2737 κατανύξεως,
1643 2691 1807 2727 τουτ-

224 2760 348 2814 έστι
382 2760 456 2832 μὴ
513 2761 638 2816 καθ’
667 2763 982 2834 ὑπόκρισιν,
1014 2766 1072 2817 ὲν
1118 2760 1209 2826 αἷς
1238 2764 1336 2819 καὶ
1374 2763 1436 2817 τδ
1491 2766 1634 2835 μέγα
1682 2784 1808 2820 συνο

227 2853 554 2920 αριθμεῖται
604 2856 921 2910 Σάὸσατονσ
990 2857 1344 2926 προστίθησι,
1398 2859 1540 2913 κατὰ
1583 2859 1644 2913 τὸ
1679 2860 1810 2914 αὐτὸ

233 2941 516 2995 Σάΰϐατον
543 2944 685 3011 μετὰ
724 2944 952 3016 ἓξῶρας
1009 2947 1110 3016 τῆς
1165 2947 1362 3011 νυκτὸς
1423 2949 1810 3019 ἀπονηστίζειν

227 3033 360 3094 τοὺς
382 3035 758 3104 πιστοτέρους,
786 3037 875 3090 διὰ
915 3037 977 3089 τὸ
1004 3037 1306 3106 ἀναστῆναι
1327 3038 1420 3090 τὸν
1447 3038 1685 3107 Χριστὸν
1710 3038 1805 3091 καὶ

227 3126 367 3178 θεὸν
418 3127 578 3197 ἡμῶν
627 3131 769 3182 κατὰ
839 3131 966 3192 τοὺς
1023 3129 1200 3192 θείους
1248 3130 1673 3197 εὐαγγελιστάς,
1714 3130 1808 3184 τὸν

226 3219 510 3272 Ματθατον
536 3220 632 3272 καὶ
655 3221 750 3274 τὸν
777 3221 1016 3288 Λουκᾶν,
1052 3224 1182 3290 περὶ
1245 3223 1344 3291 τὴν
1404 3224 1681 3293 μεσότητα
1709 3224 1808 3291 τῆς
1835 3241 1876 3298 C

225 3308 427 3370 νυκτός
447 3324 460 3339 ⁸
479 3308 552 3371 ὠς
571 3308 662 3362 τοῦ
683 3311 781 3378 μὲν
797 3310 1069 3378 λέγοντος,
1100 3312 1246 3380 Ὀψὲ
1273 3312 1590 3366 Σαϐϐάτων
1616 3310 1806 3382 ἦλθον

224 3399 290 3450 al
313 3398 528 3465 Μαρίαι
555 3400 638 3464 εις
666 3399 770 3453 τὸν
794 3401 984 3470 τάφον
1017 3402 1236 3470 Κυρίου
1265 3401 1360 3455 καί
1386 3404 1498 3470 οὐχ
1530 3398 1715 3470 εὗρον
1737 3402 1805 3455 τὸ

223 3488 403 3557 σῶμα
433 3490 652 3545 αὑτοῦ·
686 3490 780 3544 τοῦ
823 3493 878 3545 δὲ
911 3493 1328 3562 ὑπογράφοντος
1375 3494 1473 3562 τὴν
1533 3495 1806 3562 μεσότητα

221 3584 327 3653 τῆς
358 3583 570 3649 νυκτὸς,
598 3583 685 3636 διὰ
721 3583 814 3638 τοῦ
845 3585 1021 3640 εἰπεῖν
1055 3603 1068 3617 ο
1099 3586 1354 3653 Ὀρθρος
1378 3581 1670 3656 ἧνβαθὺς
1707 3588 1806 3641 ὅτε

221 3681 287 3731 σι
311 3673 796 3747 γυναῖκες-ἦλθον
819 3680 904 3744 εἰς
934 3677 1002 3732 τὸ
1022 3679 1334 3748 μνημεῖον.
1360 3681 1466 3732 Καὶ
1495 3679 1665 3732 ταῦτα
1707 3682 1808 3750 μὲν

223 3769 425 3831 οὕτως.
462 3770 616 3824 Εἴποι
648 3769 703 3822 δέ
733 3787 817 3832 τις
850 3771 946 3834 ὡς,
1000 3771 1123 3823 ἐπεὶ
1174 3772 1201 3823 ό
1263 3771 1444 3824 κανὼν
1501 3771 1806 3841 διορίζεται

224 3865 326 3916 ἐπὶ
349 3864 526 3924 πάσας
575 3863 675 3926 τὰς
733 3862 946 3933 ἡμέρας
976 3862 1072 3916 τοῦ
1119 3865 1392 3934 σωτηρίου
1455 3865 1658 3927 πάθους
1714 3883 1804 3934 νη-

225 3955 444 4008 στεύειν
467 3956 634 4025 ήμᾶς,
658 3955 1050 4023 άπονηστίζειν
1082 3955 1137 4007 δὲ
1166 3955 1310 4008 κατὰ
1331 3956 1390 4008 τὸ
1428 3956 1573 4025 μέγα
1663 3957 1805 4009 Σάϐ-

223 4047 394 4100 ϐατον
442 4048 498 4099 ἐν
531 4046 651 4115 ὥρα
682 4046 1061 4115 μεσονυκτίου,
1101 4047 1395 4116 πρόκειται
1454 4047 1512 4114 ἐξ
1561 4047 1805 4117 ἀνάγκης

221 4135 373 4189 δυοῖν
406 4137 634 4207 θάτερον
665 4139 862 4201 εἰπεῖν,
893 4137 924 4207 ἢ
955 4137 1024 4190 δι’
1058 4138 1198 4190 ὅλων
1273 4139 1382 4191 τῶν
1435 4141 1662 4209 ἡμερῶν
1710 4139 1802 4192 τοῦ

223 4229 510 4298 Κυριακοῦ
567 4230 792 4294 πάθους,
828 4231 939 4282 τῶν
1005 4229 1399 4299 ψηφιζομένων
1427 4231 1635 4301 κυρίως
1665 4232 1804 4302 μετὰ

219 4323 328 4388 τὴν
353 4322 605 4390 τετράδα,
641 4321 874 4375 καθόλου
910 4321 1200 4390 νηστεύειν
1229 4324 1400 4392 ἡμᾶς,
1453 4325 1548 4375 καὶ
1602 4326 1806 4390 παντὸς

221 4412 527 4481 ἀπέχεσθαι
561 4411 872 4482 βρώματος,
912 4412 1055 4466 κατὰ
1086 4414 1246 4482 μόνον
1306 4413 1362 4466 δὲ
1393 4414 1454 4466 τὸ
1523 4413 1803 4468 Σάϐϐατόν

222 4503 641 4573 ἀπονηστίζειν,
677 4505 753 4567 ὡς
793 4507 1028 4575 εἴρηται,
1062 4503 1093 4573 ἢ
1125 4505 1267 4558 κατὰ
1307 4505 1367 4558 τὺ
1388 4504 1629 4559 τοιοῦτον
1659 4507 1801 4559 Σάδ-

2005 654 2023 687 ι
2069 635 2381 688 troducitur
2412 674 2426 698 ,
2478 635 2582 691 nisi
2619 633 2853 688 maxima
2909 633 2964 686 in
3021 633 3103 685 via
3159 630 3484 684 necessitate

2010 749 2029 781 ι
2065 740 2313 798 cogente.
2361 746 2380 779 ι
2774 790 2776 792 _

1996 820 2050 873 Si
2085 822 2209 888 quis
2241 829 2423 874 autem
2462 819 2601 874 citra
2636 818 3051 880 necessitatem,
3083 816 3227 870 aliud
3276 815 3484 868 habens

1919 912 2326 974 diversorium.
2388 911 2529 964 intra
2587 926 2804 964 sacrum
2863 907 3124 976 templum
3173 908 3480 973 jumentutn

1916 1018 2071 1056 suum
2114 1003 2429 1069 introducit,
2461 1004 2504 1056 si
2535 1003 2605 1058 sit
2640 1004 2859 1072 quidem
2889 1001 3124 1057 clericus
3151 998 3476 1069 deponotur:

1914 1098 1997 1150 sin
2029 1111 2156 1151 vero
2196 1096 2392 1156 laicus,
2423 1096 2826 1164 segregabitur.

2425 1187 2655 1242 CANON
2700 1185 2987 1240 LXXXIX.

1918 1299 1938 1342 ι
1983 1280 2104 1334 Dies
2137 1282 2436 1336 salutifera:
2483 1282 2762 1337 Passionis
2788 1281 2998 1352 jejunio
3035 1289 3090 1336 et
3132 1280 3381 1334 oratione
3430 1289 3482 1330 ct

1989 1392 2005 1424 ι
2045 1375 2227 1428 cordis
2263 1377 2683 1442 compunctione
2716 1381 3036 1444 peragentes
3085 1373 3295 1431 ﬁdeles,
3333 1371 3478 1423 circa

1990 1485 2008 1515 ‹
2047 1464 2280 1519 mediam
2317 1465 2497 1536 magni
2530 1465 2752 1520 Sabbati
2790 1476 3006 1520 noctem
3053 1463 3316 1533 jejunium
3366 1461 3480 1514 sol-

1987 1573 2005 1605 ι
2043 1570 2169 1610 vere
2221 1563 2472 1624 Oportet;
2529 1571 2651 1609 cum
2686 1556 2866 1611 ‘divini
2913 1554 3279 1625 evangelista,
3331 1551 3470 1606 Mat-

1990 1665 2008 1699 ι
2049 1648 2224 1702 thmus
2270 1658 2322 1704 et
2380 1649 2580 1713 Lucas,
2637 1648 2725 1705 ille
2762 1650 2978 1719 quidem
3042 1664 3138 1717 per
3195 1662 3478 1715 vesperam

1990 1757 2008 1790 ι
2051 1739 2271 1794 Sabbati
2305 1783 2319 1807 ,
2382 1742 2472 1796 hic
2523 1757 2652 1796 vero
2709 1757 2804 1810 per
2854 1742 2944 1802 id.
2997 1741 3152 1794 valde
3213 1739 3476 1801 diluculo,

1990 1849 2007 1881 ι
2046 1831 2226 1886 noctis
2257 1831 2416 1886 nobis
2450 1832 2770 1888 tarditatem
2803 1832 3143 1887 describant.
3175 1850 3192 1884 ι

1989 2012 2181 2068 DALS.
2221 2014 2289 2069 Et
2319 2014 2372 2069 in
2403 2016 2721 2081 apostolicis
2764 2017 3069 2070 canonibus
3109 2026 3160 2071 et
3214 2018 3267 2070 in
3323 2033 3486 2087 syno-

1914 2104 2132 2158 dalibus
2165 2112 2432 2158 statutum
2467 2112 2574 2169 est,
2610 2119 2676 2160 ne
2707 2107 2758 2159 in
2787 2105 3050 2169 Sabbato,
3084 2107 3166 2158 vel
3201 2109 3252 2159 in
3297 2107 3483 2159 Domi-

1916 2195 2062 2257 nico,
2097 2205 2297 2264 praeter
2331 2213 2498 2250 unum
2536 2207 2589 2250 et
2627 2199 2802 2254 solum
2861 2199 3183 2259 Sahbatum,
3227 2216 3482 2267 maguum

1913 2287 2146 2348 scilicet,
2175 2289 2479 2357 jejunetur.
2512 2288 2570 2342 In
2633 2305 2697 2343 eo
2742 2291 2884 2344 enim
2936 2291 3070 2359 iussi
3121 2307 3312 2345 sumus
3353 2292 3488 2360 jt-ju-

1915 2395 2065 2434 nare.
2095 2381 2189 2434 llis
2219 2397 2350 2446 ergo
2378 2393 2784 2450 consequenter
2805 2398 3043 2451 praesens
3069 2399 3284 2452 quoque
3310 2400 3485 2436 cano"

1889 2470 2200 2537 'statuens,
2261 2476 2520 2528 omnibus
2581 2475 2774 2530 diebus
2837 2475 3130 2531 salutiferae
3189 2464 3392 2531 Christi
3435 2486 3489 2530 ct

1914 2563 2006 2618 Dei
2062 2566 2237 2619 nostri
2295 2565 2574 2620 Passionis
2622 2567 2873 2635 jvjttnare
2916 2576 3170 2638 oportere
3223 2578 3274 2622 et
3330 2581 3487 2622 orare

1913 2672 2038 2709 cum
2074 2659 2530 2724 compunctiune,
2573 2659 2623 2712 id
2654 2667 2758 2720 est,
2795 2675 2900 2715 non
2932 2661 3208 2719 simulate.
3264 2661 3318 2713 in
3368 2661 3490 2728 qui-

1918 2748 2023 2804 bus
2083 2765 2339 2819 magnum
2391 2766 2611 2820 quoque
2665 2752 2956 2806 Sabbatum
3015 2763 3485 2807 connumeratur:
3585 2740 3589 2744 ’

1913 2843 2126 2914 adjicit,
2163 2851 2217 2913 et
2246 2857 2310 2897 eo
2355 2843 2475 2912 ipso
2507 2859 2740 2913 quoque-
2763 2845 3003 2899 Sabbato
3032 2857 3153 2916 post
3181 2863 3272 2902 sex
3323 2847 3490 2904 horas

1917 2939 2095 2992 noctis
2124 2939 2394 3008 jejunium
2456 2941 2669 2994 solvere
2723 2939 2934 3007 ﬁdeles,
2985 2956 3052 2995 eo
3105 2942 3249 3011 quod
3302 2958 3488 2998 resur-

1913 3032 2116 3086 rexerit
2150 3031 2404 3088 Christus
2454 3032 2595 3088 Deus
2650 3043 2860 3092 noster.
2915 3035 3218 3089 secundum
3275 3035 3487 3090 divinos

1913 3123 2301 3191 evangelistas,
2365 3124 2678 3178 Matthmutu
2725 3133 2777 3178 et
2834 3124 3054 3186 Lttcam.
3107 3127 3250 3180 circa
3311 3129 3488 3181 noctis

1912 3215 2198 3268 dimidium
2227 3232 2241 3280 ;
2270 3231 2394 3270 cum
2436 3217 2523 3271 ille
2555 3215 2772 3285 quidem
2806 3219 2974 3281 dicat,
3001 3215 3239 3293 vespere
3261 3218 3484 3273 Stthhztti

1911 3316 2183 3363 venerunt
2216 3307 2398 3363 Maria:
2435 3313 2500 3363 ad
2532 3309 2843 3378 sepulcrum
2900 3309 3133 3374 Domini,
3183 3320 3235 3364 et
3285 3326 3483 3380 corpus

1910 3402 2033 3470 ejus
2065 3417 2173 3455 non
2231 3404 2555 3457 invenerunt
2579 3403 2665 3455 “z
2717 3401 2806 3456 hic
2854 3417 2985 3456 vero
3025 3403 3261 3457 medium
3309 3405 3482 3459 noctis

1911 3495 2215 3559 describat,
2273 3511 2338 3550 eo
2398 3495 2542 3564 quod
2594 3495 2745 3559 dicit,
2806 3494 2934 3548 Erat
2997 3511 3269 3550 summum
3322 3512 3512 3549 mane-

1911 3590 2127 3660 quando
2163 3598 2426 3643 vent'rttnt
2457 3589 2715 3642 mulieres
2755 3590 2817 3641 ad
2873 3598 3283 3642 monumentum
3307 3589 3373 3642 ".
3421 3587 3484 3640 Et

1911 3681 2026 3735 hatc
2051 3681 2270 3750 quidem
2305 3681 2378 3734 ita
2414 3696 2472 3735 se
2490 3679 2716 3734 habent.
2741 3679 2946 3734 Dixerit
2971 3687 3153 3732 autem
3186 3679 3480 3748 quispiam,

1909 3775 2051 3843 quod
2087 3775 2345 3841 quoniam
2377 3774 2568 3828 statuit
2598 3788 2801 3839 canon,
2841 3782 2903 3828 ut
2929 3771 3185 3827 omnibus
3226 3771 3482 3827 salutaris

1909 3867 2192 3923 Passionis
2217 3867 2414 3922 diebus
2438 3866 2774 3938 jejunemus,
2809 3882 3006 3936 magno
3035 3875 3216 3920 autem
3247 3864 3484 3921 Sabbato

1905 3962 2178 4031 jejunium
2209 3961 2483 4015 solvamus
2538 3960 2603 4013 ad
2664 3959 2895 4014 mediam
2959 3967 3198 4022 noctem,
3248 3959 3478 4014 alterum

1909 4054 2142 4109 duorum
2182 4052 2496 4107 necessario
2523 4051 2812 4105 dicendum
2848 4051 3191 4120 proponitur,
3235 4053 3318 4104 vel
3350 4066 3473 4104 om-

1909 4146 2073 4201 nibus
2137 4145 2430 4198 Dominiczc
2495 4144 2772 4198 Passionis
2836 4143 3050 4208 diebus,
3116 4143 3208 4212 qui
3261 4144 3482 4213 proprie

1908 4247 2028 4306 post
2087 4246 2336 4306 quartam
2399 4235 2587 4289 feriam
2654 4235 3061 4305 praeliniuntur,
3104 4250 3203 4289 uos
3256 4235 3482 4289 omnino
3531 4285 3534 4289 .

1903 4331 2174 4402 jejunare,
2232 4339 2284 4384 et
2347 4330 2415 4383 ab
2475 4328 2622 4383 omni
2685 4329 2808 4383 cibo
2865 4328 3142 4381 abstinere
3203 4340 3478 4396 oportere,

1909 4425 2026 4480 solo
2055 4433 2238 4478 autem
2281 4421 2523 4476 Sabbato
2552 4420 2825 4489 jejunium
2885 4419 3119 4481 solvere,
3160 4428 3220 4472 ut
3272 4418 3478 4473 dictum

1911 4527 2015 4581 est,
2054 4517 2136 4570 vel
2167 4519 2268 4570 hoc
2295 4515 2533 4568 Sabbato
2561 4513 2736 4580 magis
2764 4511 3033 4581 jejunium
3071 4512 3283 4568 solvere
3317 4527 3478 4581 quam

222 4598 393 4650 6a10v
428 4598 892 4666 καταλύεινὴμᾶς
960 4598 1122 4650 πλέον
1186 4598 1296 4651 τῶν
1355 4598 1529 4652 ἄλλων
1584 4600 1806 4669 ἡμερῶν

1913 4612 2036 4666 aliis
2077 4611 2272 4664 diebus
2311 4606 2568 4663 salutaris
2601 4605 2802 4659 Christi
2831 4604 3127 4660 Passionis.
3171 4604 3281 4658 Cur
3331 4607 3477 4658 enim

222 4689 324 4740 106
356 4689 741 4760 σωτηριώδους
783 4688 1001 4751 πάθους
1031 4689 1124 4742 τοῦ
1158 4690 1418 4759 Χριστοῦ.
1478 4692 1598 4743 Ἵνα
1623 4691 1672 4744 τί
1700 4691 1808 4761 γὰρ

220 4779 546 4848 ὡρίσθημεν
580 4780 724 4832 κατὰ
753 4778 910 4833 τοῦτο
936 4781 1326 4850 ἀπονηστίζειν
1357 4783 1414 4833 ὲν
1441 4783 1807 4851 μεσονυκτίῳ,

222 4875 276 4925 εἰ
333 4872 525 4942 ἐπίσης
608 4872 895 4938 νηστεύειν
974 4873 1246 4940 μέλλομεν
1314 4874 1457 4926 κατὰ
1517 4873 1616 4936 τὰς
1681 4875 1807 4938 ὅλας

220 4964 484 5017 τοιαύτας
507 4963 726 5033 ἡμέρας
765 4984 781 5029 ;
831 4963 989 5032 Ἐμοὶ
1019 4963 1076 5016 δὲ
1115 4964 1264 5017 δοκεῖ
1292 4966 1375 5018 ὄτι
1414 4965 1807 5036 ὑπεξῃρημένη

221 5054 378 5105 ἐστὶν
406 5055 437 5120 ή
475 5054 702 5120 νηστεία
736 5054 832 5106 τοῦ
873 5054 1109 5122 μεγάλου
1142 5055 1449 5122 Σαϐϐάτου,
1484 5059 1579 5110 καὶ
1612 5075 1804 5124 προτι-

226 5146 463 5215 μότερον
492 5145 598 5198 τῶν
626 5145 802 5199 ἄλλων
833 5147 1059 5217 ἡμερῶν
1092 5147 1186 5200 τοῦ
1219 5149 1479 5217 Χριστοῦ,
1537 5149 1618 5202 ὅτι
1684 5150 1806 5202 τότε

222 5238 518 5291 κατέκειτο
539 5238 596 5290 ἐν
627 5239 703 5307 τῷ
730 5239 889 5308 τάφῳ
916 5238 978 5291 τδ
1007 5239 1340 5309 τεθεαμένον
1399 5242 1560 5309 σῶμα
1616 5241 1806 5294 αὑτοῦ.

223 5332 351 5400 Χρὴ
374 5327 465 5383 οὖν
502 5332 557 5382 ὲν
585 5333 707 5393 ταῖς
737 5330 925 5394 ἄλλαις
956 5332 1057 5400 μὲν
1088 5333 1324 5404 ἡμέραις
1352 5333 1641 5402 νηστεύειν
1668 5333 1806 5402 μετὰ

226 5421 582 5487 κατανύξεως
609 5421 698 5474 διὰ
731 5422 800 5476 τὰ
852 5422 998 5491 πάθη
1060 5425 1155 5477 τοῦ
1210 5425 1452 5494 Χριστοῦ
1531 5430 1625 5480 καὶ
1669 5427 1805 5479 Θεοῦ

225 5516 425 5582 ἡμῶν·
485 5514 666 5583 πολλῷ
721 5515 778 5568 δὲ
841 5515 1005 5568 πλέον
1061 5518 1198 5570 κατὰ
1255 5519 1313 5570 τὸ
1350 5519 1651 5582 Σαϐϐαῖον,
1719 5521 1809 5572 ὅτε

223 5610 256 5672 ἡ
293 5608 360 5658 ὲκ
383 5606 492 5658 τῶν
513 5604 732 5674 δεσμῶν
769 5605 863 5658 106
921 5606 1152 5662 θανάτου
1203 5609 1587 5680 ἀπολύτρωσις
1651 5612 1808 5681 ἡμῶν

224 5697 588 5768 κατηρτύετο.

303 5885 343 5912 θ’
382 5882 572 5940 .‘datth.
620 5904 806 5954 xum,
847 5891 889 5943 ι.
972 5891 1014 5922 ³³
1044 5885 1173 5945 Luc.
1214 5906 1358 5956 utr,
1400 5891 1442 5943 l.

1906 4713 2175 4758 statutum
2212 4709 2378 4765 esset,
2434 4709 2492 4751 ut
2547 4697 2724 4752 Inedia
2776 4696 2942 4766 hujus
3009 4705 3161 4749 nocte
3212 4696 3479 4764 jejunium

1908 4794 2208 4853 solvamus,
2235 4791 2279 4845 si
2305 4788 2561 4842 omnibus
2597 4787 2678 4842 his
2703 4785 2896 4840 diebus
2925 4784 3208 4854 aequaliter
3229 4785 3482 4856 jejunare

1907 4883 2270 4938 deberemus?
2337 4880 2464 4935 Mihi
2525 4887 2706 4934 autem
2771 4876 2986 4931 videtur
3044 4893 3164 4932 esse
3217 4879 3477 4932 eximium

1911 4977 2091 5044 magni
2129 4975 2351 5030 Sabbati
2380 4973 2675 5042 jejunium,
2710 4970 2942 5040 aliisque
2965 4969 3163 5024 Christi
3196 4968 3480 5025 Passionis
3518 5004 3524 5009 -

1907 5072 2100 5125 diebus
2134 5068 2514 5138 praestantius,
2553 5065 2820 5134 quoniam
2859 5075 2989 5117 tunc
3026 5063 3080 5118 in
3111 5065 3364 5133 sepulcro
3392 5063 3481 5128 ja-

1907 5164 2061 5216 cehat
2091 5177 2287 5230 corpus
2311 5161 2430 5226 ejus
2482 5157 2625 5227 quod
2661 5157 2834 5210 visum
2886 5165 3024 5211 erat.
3073 5155 3301 5225 Oportet
3345 5171 3475 5226 ergo

1909 5253 1960 5304 in
2001 5251 2121 5304 aliis
2155 5265 2372 5319 quoque
2393 5248 2590 5302 diebus
2613 5247 2861 5316 jejuuare
2885 5261 3005 5299 cum
3031 5246 3478 5314 compunctionc,

1909 5353 2131 5412 propter
2173 5343 2488 5396 Passionem
2539 5339 2745 5394 Christi
2798 5347 2851 5390 et
2899 5336 2987 5391 Dei
3035 5337 3258 5391 nostri:
3308 5338 3481 5392 multo

1917 5443 2099 5489 autem
2138 5434 2309 5502 magis
2338 5446 2535 5502 magno
2590 5430 2854 5489 Sabbato,
2909 5431 3126 5498 quando
3179 5427 3480 5499 redemptio

1913 5537 2093 5584 nostra
2131 5542 2159 5582 e
2192 5526 2381 5580 mortis
2417 5524 2651 5580 vinculis
2682 5522 2843 5593 263
2875 5522 3261 5576 adornabatur.
