4218 6458
716 416 826 491 819

1980 432 2079 488 'I-‘ll
2098 432 2263 490 Et)”.
2306 429 2699 489 BALSAMON

3878 418 3996 485 820

798 537 1092 606 Propterea
1137 538 1285 593 enim
1331 553 1383 593 et
1438 541 1529 609 qui
1582 549 1710 593 sunt
1764 540 2131 609 religiosiores
2184 548 2316 623 toto.

2425 583 2439 596 .
2476 540 2575 593 Διὰ
2607 539 2714 607 γὰρ
2748 537 2906 591 τοῦτο
2944 536 3038 588 καὶ
3073 536 3122 586 οῑ
3176 533 3557 603 εὐλαϐέστερνιι
3607 535 3678 587 δι’
3718 532 3847 585 ὅλου
3892 530 3995 583 10-3

733 626 996 693 Sabhato,
1047 641 1101 682 et
1150 644 1323 697 usque
1380 630 1445 682 ad
1501 631 1690 684 horam
1733 640 1942 685 sextam
1997 632 2195 694 noctis,
2249 632 2302 681 in

726 720 977 773 ecclesiis
1018 720 1263 774 assident
1322 740 1334 775 :
1379 728 1433 775 et
1484 722 1614 774 liora
1655 730 1808 775 sexta
1857 721 2058 775 divinis
2114 736 2304 773 sacra-

732 810 932 863 mcntis
962 811 1458 875 communicantes,
1492 827 1682 880 panem
1716 820 1769 864 et
1812 827 2006 879 aquam
2051 819 2298 881 gustant,

724 889 975 955 'fortasse
1007 908 1192 954 autem
1227 911 1282 956 et
1321 902 1597 956 modicum
1644 903 1778 958 vini.
1831 903 2072 973 Septima
2117 906 2297 956 autem

731 993 866 1047 hora
933 995 1236 1048 matutinas
1313 995 1645 1061 psalmodias
1703 995 2029 1058 audientes,
2082 996 2302 1064 quando

732 1086 897 1138 etiam
933 1086 1090 1151 illud,
1126 1086 1385 1141 Christus
1445 1088 1770 1150 resurrexit,
1804 1087 2029 1153 dicitur,
2080 1088 2301 1142 domum

735 1192 890 1229 suam
922 1183 1291 1240 revertuntur,
1324 1178 1505 1246 magni
1542 1177 1810 1232 Dominici
1835 1193 2118 1233 sacrorum
2155 1178 2305 1231 cele-

736 1269 1041 1323 brationem
1098 1280 1499 1339 exspectantes.
1556 1269 1713 1335 Quod
1758 1280 1939 1324 autem
1992 1286 2022 1325 a
2077 1273 2305 1338 septima

734 1358 865 1410 hora
901 1358 1103 1421 noctis,
1141 1374 1260 1427 qua:
1305 1368 1535 1412 cstante
1569 1358 1934 1421 Dominieum,
1965 1359 2157 1428 incipit
2187 1358 2306 1413 dies

740 1448 1077 1510 Dominicus.
1108 1450 1462 1504 manifestum
1493 1459 1660 1505 estex
1686 1465 1751 1503 eo
1784 1451 1926 1518 quod
1962 1458 2115 1504 ortus
2151 1449 2305 1514 solis,

734 1543 851 1595 sive
884 1541 991 1594 diei
1026 1540 1372 1606 illuminatio,
1414 1549 1496 1596 est
1546 1555 1575 1594 a
1639 1540 1867 1609 septima
1910 1542 2041 1595 hora
2092 1542 2294 1605 noctis,

728 1646 851 1698 qua:
886 1646 1011 1685 eum
1047 1631 1330 1700 prtecessit
1365 1649 1377 1685 :
1412 1633 1621 1686 clarum
1648 1642 1824 1687 estex
1865 1632 1932 1687 iis
1970 1648 2091 1700 qua;
2121 1642 2307 1687 noster

737 1738 969 1792 magnus
1002 1722 1162 1778 Pater
1181 1723 1425 1781 Joannes
1454 1725 1880 1796 Chrysostomus
1914 1725 2304 1793 interpretatus

734 1824 840 1870 est.
891 1815 1186 1886 Postquam
1237 1817 1380 1871 enim
1437 1834 1498 1873 os
1548 1819 1616 1872 iis
1664 1818 1921 1879 occlusit,
1972 1818 2064 1887 qui
2115 1816 2306 1871 dicunt

732 1907 1011 1961 Christum
1065 1908 1151 1962 die
1200 1910 1362 1962 tertio
1422 1926 1530 1963 non
1588 1910 1979 1974 resurrexi‘sse,
2032 1919 2085 1964 et
2138 1909 2301 1976 dixit,

730 2001 874 2070 quod
918 2001 1144 2055 etiamsi
1202 2000 1413 2055 dederit
1464 2000 1735 2069 quispiam
1798 2000 2088 2055 Dominum
2145 2002 2308 2057 tertio

731 2094 820 2148 die
855 2108 966 2148 non
1004 2094 1403 2159 resurrexisse,
1432 2095 1625 2164 gratiae
1655 2093 1830 2163 magis
1864 2108 1931 2148 eo
1980 2095 2205 2148 nomine
2255 2094 2307 2149 ei

732 2185 960 2254 agendae
992 2194 1143 2247 sunt.
1181 2186 1326 2254 quod
1373 2185 1538 2240 etiam
1581 2196 1706 2239 ante
1754 2185 2085 2255 praeﬁnitum
2143 2185 2307 2240 trium

731 2277 946 2330 dierum
982 2279 1277 2331 terminum
1306 2274 1561 2331 Christus
1598 2276 1984 2341 resurrexerit,
2029 2292 2191 2346 quam
2225 2287 2312 2333 est

740 2367 1242 2436 reprehendendus.
1277 2364 1713 2436 Reprehenderit
1740 2367 1883 2422 enim
1949 2368 2115 2424 etiam
2184 2384 2310 2424 eum

736 2459 1034 2529 quispiam,
1079 2460 1173 2528 qui
1213 2458 1409 2514 l‘oeuOri
1465 2460 1696 2529 accepit,
1733 2460 1879 2529 quod
1922 2468 2047 2515 ante
2096 2461 2315 2531 prmsti-

736 2560 914 2604 tutum
952 2550 1212 2605 solutioni
1259 2550 1554 2606 terminmn
1599 2552 1843 2608 debitum
1880 2552 2128 2617 solverit,
2168 2553 2313 2622 quod

736 2652 821 2698 est
854 2642 1155 2697 absurdum
1206 2642 1354 2698 :hoc
1388 2643 1610 2712 adjicit,
1662 2642 1807 2713 quod
1858 2645 1904 2699 si
1954 2645 2004 2698 id
2059 2645 2204 2713 quod
2260 2644 2312 2699 in

737 2746 1070 2805 quacunque
1106 2733 1240 2789 hora
1270 2733 1378 2789 diei
1413 2734 1494 2800 (lt,
1525 2736 1618 2805 qui
1658 2749 1688 2788 a
1717 2727 1947 2805 septima
1994 2736 2128 2791 hora
2174 2745 2317 2807 pra-

738 2827 987 2882 eedentis
1043 2827 1222 2881 noctis
1274 2827 1491 2897 incipit,
1525 2836 1581 2881 et
1633 2836 1789 2883 sexta
1844 2828 1979 2882 hora
2032 2829 2316 2898 sequentis

743 2920 920 2974 noctis
965 2918 1188 2983 desinit,
1227 2919 1280 2973 in
1315 2934 1383 2974 e0
1421 2920 1544 2989 ipso
1576 2919 1662 2974 die
1692 2920 1891 2974 factum
1918 2936 2040 2975 esse
2068 2921 2312 2976 videtur:

746 3021 897 3067 recte
928 3012 1185 3077 dicimus,
1225 3013 1369 3082 quod
1398 3013 1487 3067 die
1520 3011 1684 3066 tertio
1737 3011 1841 3066 fuit
1893 3011 2100 3069 Christi
2134 3030 2317 3070 resur-

743 3107 936 3172 rectio,
980 3106 1038 3158 u't
1085 3106 1202 3176 ipse
1237 3121 1364 3160 vere
1420 3116 1508 3160 est
1558 3104 1859 3175 pollicitus.
1904 3106 1963 3160 In
2015 3106 2317 3162 Parasceve

2335 1866 2382 1927 B

2408 635 2714 699 Σαϐϐἀτου,
2750 636 2847 687 καὶ
2882 632 3079 701 μέχρις
3127 630 3294 696 ἕκτης
3328 628 3476 697 ὧρας
3520 630 3623 697 τῆς
3672 626 3897 686 νυκτὸς,
3935 628 3997 676 ἐν

2406 731 2528 787 ταῖς
2562 724 2882 794 ἐκκλησίαις
2902 722 3359 792 προσεδρεύουσι·
3391 719 3484 772 καὶ
3508 720 3648 772 κατὰ
3685 718 3788 785 τὴν
3818 718 3999 781 ἕκτην

2408 817 2580 887 ὤραν,
2620 815 2731 867 τῶν
2786 814 2949 867 θείων
3012 812 3375 881 ἀγιασμάτων
3446 808 3993 879 μεταλαμϐάνοντες,

2407 910 2673 963 ἅπτονται
2702 907 2870 976 ἄρτου
2885 906 2982 957 καὶ
3013 904 3225 966 ὓδατος,
3253 904 3382 963 ἴσως
3408 901 3462 953 δὲ
3487 902 3581 953 καὶ
3594 902 3742 952 οἴνου
3768 899 3997 959 πάντως

2413 1002 2663 1070 μετρίου.
2699 996 2858 1053 Κατὰ
2893 998 2949 1050 δὲ
2977 997 3074 1065 τὴν
3099 996 3337 1065 ἑϐδόμην
3358 987 3530 1062 ὥραν,
3560 992 3863 1046 ἀκούοντες
3894 988 3997 1056 τῆς

2409 1093 2643 1162 ἑωθινῆς
2675 1090 2991 1162 ὑμνῳδίας,’
3009 1092 3098 1142 ὅτε
3129 1090 3225 1142 καὶ
3253 1087 3336 1152 1b,
3381 1087 3440 1138 '0
3470 1084 3707 1156 Χριστὸς
3761 1082 3994 1149 ἀνέστη.

2410 1184 2768 1250 ἐκφωνεῖται,
2807 1179 3253 1249 ὑποστρέφουσιν
3282 1178 3363 1237 είς
3410 1179 3512 1237 τὰς
3544 1176 3841 1237 κατοικίας
3894 1174 3999 1226 αὖ·

2409 1275 2520 1328 τῶν
2556 1274 2660 1341 τῆς
2716 1272 2975 1342 Μεγάλης
3005 1270 3292 1340 Κυριακῆς
3325 1267 3727 1337 ίεροτελεστίαν
3783 1265 3996 1332 ἀναμέ-

2408 1380 2613 1427 νοντες.
2651 1364 2775 1418 Ὀτι
2835 1362 2893 1415 δὲ
2941 1362 3047 1415 ἀπὸ
3098 1360 3199 1429 τῆς
3236 1359 3283 1422 ζ’
3320 1359 3468 1430 ὥρας
3521 1357 3623 1424 τῆς
3664 1357 3869 1419 νυκτὸς
3897 1357 4001 1423 τῆς

2413 1457 2523 1527 «pb
2555 1457 2655 1526 τῆς
2681 1455 2976 1526 Κυριακῆς
3012 1454 3246 1523 ἄρχεται
3295 1456 3327 1512 ἠ
3388 1452 3764 1521 κυριώνυμος,
3837 1450 4002 1518 δῆλον

2414 1549 2515 1615 μὲν
2546 1548 2640 1602 καὶ
2665 1547 2773 1601 ἀπὸ
2804 1546 2899 1599 τοῦ
2929 1546 3179 1613 γίνεσθαι
3210 1545 3311 1614 τὴν
3358 1542 3625 1597 ἀνάϐασιν
3653 1542 3749 1595 τοῦ
3820 1541 3997 1610 ἡλίου,

2408 1637 2580 1710 ἤγουν
2633 1641 2731 1707 τὴν
2792 1636 2994 1705 φαῦσιν
3031 1636 3133 1704 τῆς
3185 1634 3403 1704 ἡμέρας
3461 1634 3569 1687 ἀπὸ
3612 1636 3712 1701 τῆς
3758 1632 3809 1696 ζ’
3851 1631 4002 1701 ὧρας

2409 1730 2508 1801 τῆς
2534 1731 2642 1801 «pb
2674 1730 2845 1798 αὐτῆς
2874 1730 3091 1791 νυκτός.
3134 1727 3303 1795 Δῆλον
3333 1727 3391 1779 δὲ
3422 1727 3520 1779 καὶ
3550 1725 3645 1794 ἀφ’
3674 1716 3754 1777 ὧν
3773 1727 3803 1777 ὁ
3824 1724 4000 1794 μέγας

2414 1823 2606 1893 Πατὴρ
2635 1824 2792 1892 ἡμῶν
2833 1822 2862 1873 ὁ
2888 1819 3045 1890 ἅγιος
3099 1818 3357 1888 Ἰωάννης
3387 1820 3415 1871 ὁ
3458 1817 3867 1887 Χρυσόστομος
3905 1818 4001 1884 ήρο

2417 1917 2674 1986 μήνευσε.
2707 1912 2865 1968 Μετὰ
2912 1913 3019 1981 γὰρ
3074 1912 3138 1964 1b
3168 1911 3516 1980 ἐπιστομίσαι
3545 1911 3673 1972 τοὺς
3732 1908 4002 1975 λέγοντας

2413 2006 2491 2078 μὴ
2550 2006 2849 2075 ἀναστῆναι
2908 1998 3003 2057 τὸν
3032 2004 3239 2073 Κύριον
3303 2002 3459 2070 ἡμῶν
3505 2000 3719 2070 Ἰησοῦν
3762 1998 4005 2066 Χριστξν

2409 2099 2734 2172 τριήμερον,
2768 2100 2864 2151 καὶ⁵
2902 2097 3079 2149 εἰπεῖν
3101 2097 3200 2160 ὡς,
3236 2097 3284 2148 εί
3319 2096 3412 2148 καὶ
3433 2094 3549 2163 δοίη
3586 2111 3673 2155 τις
3721 2092 3804 2161 μὴ
3841 2092 4004 2159 τριή-

2417 2210 2587 2263 μερον
2612 2188 2914 2259 ἀναστῆναι
2954 2189 3047 2242 τὸν
3097 2187 3326 2255 Κύριον,
3379 2185 3733 2254 εὐχαριστέον
3798 2183 4007 2250 μᾶλλόν

2415 2285 2589 2346 ἐστιν,
2613 2283 2699 2335 ὅτι
2725 2281 2820 2335 καὶ
2857 2279 2965 2351 «pb
2992 2278 3092 2347 τῆς
3134 2276 3454 2348 ὁρισθείσης
3504 2274 3868 2343 προθεσμίας
3902 2272 4008 2321 τῶν

2414 2377 2585 2445 τριῶν
2609 2362 2838 2451 ὴμερῶν
2863 2374 3161 2442 ἐγήγερται
3211 2372 3238 2422 ὁ
3280 2362 3537 2439 Χριστὸς,
3572 2370 3667 2419 καὶ
3698 2367 3759 2417 οὐ
3799 2364 4009 2433 μᾶλλον

2416 2467 2715 2523 αἰτιατέον.
2772 2460 3178 2533 Ἐπιμέμφοιτο
3203 2463 3313 2532 γάρ
3347 2478 3430 2522 τις
3460 2460 3553 2512 καὶ
3596 2459 3690 2511 τὸν
3748 2458 4010 2509 δανεισά-

2421 2575 2582 2628 μενον
2611 2556 3025 2612 καταδάλλοντα
3046 2554 3122 2622 (4)
3149 2553 3210 2605 1b
3236 2552 3396 2624 χρέος
3429 2550 3539 2622 «pb
3560 2549 3659 2620 τῆς
3683 2548 4006 2619 ὁρισθείσης

2422 2647 2772 2720 προθεσμίας
2813 2647 2893 2709 είς
2915 2644 3248 2711 καταϐολὴν,
3296 2645 3437 2712 ὅπερ
3490 2643 3714 2696 ἄτοπον·
3773 2639 4015 2708 προστί-

2419 2739 2578 2810 θησιν
2626 2732 2724 2804 ὡς,
2757 2737 2877 2790 ἐπεὶ
2920 2735 2981 2789 τὸ
3013 2737 3072 2788 ἐν
3114 2733 3408 2805 οίᾳδήποτε
3454 2729 3577 2802 ὥρᾳ
3631 2734 3732 2798 τῆς
3792 2732 4015 2798 ἡμέρας

2419 2831 2727 2901 γινόμενον,
2784 2829 2885 2899 τῆς
2932 2826 3314 2897 ψηφιζομένης
3369 2825 3479 2878 ἀπὸ
3550 2822 3793 2891 ἑϐδόμης
3861 2820 4016 2888 ὧρας

2417 2927 2518 2996 τῆς
2548 2922 2654 2993 πρὸ
2686 2922 2861 2987 αὐτῆς
2912 2919 3131 2984 νυκτὸς,
3181 2921 3276 2973 καὶ
3310 2914 3737 2984 καταληγούσης
3809 2914 4013 2983 μέχρις

2420 3014 2588 3084 ἕκτης
2621 3013 2772 3085 ὥρας
2810 3005 2905 3081 τῆς
2965 3008 3106 3080 μετὰ
3142 3009 3352 3077 ταύτην
3410 3006 3623 3068 νυκτὸς,
3662 3008 3723 3057 ἐν
3758 3004 3907 3071 αὐτῇ
3947 3005 4017 3073 τῇ

2422 3106 2605 3179 ἡμέρᾳ
2628 3100 2960 3175 γεγενῆσθαι
3005 3104 3183 3155 δοκεῖ·
3239 3100 3424 3163 καλῶς
3470 3098 3707 3165 λέγομεν
3745 3095 3828 3159 ὡς
3857 3094 4016 3165 τριήδ

741 3197 888 3249 enim
926 3204 1181 3252 mortuus
1213 3206 1317 3264 est,
1349 3198 1444 3267 qui
1469 3206 1552 3253 est
1587 3198 1705 3254 dies
1732 3198 1945 3269 primus
1978 3201 2319 3263 :secundus,

2429 3216 2596 3270 μερος
2625 3198 2857 3265 γέγονεν
2886 3196 2919 3264 ὴ
2962 3195 3262 3256 ἀνάστασις
3293 3191 3388 3245 τοῦ
3421 3189 3692 3261 Χριστοῦ,
3736 3188 3887 3241 κατὰ
3913 3186 4017 3254 τὴν

743 3290 1086 3344 Subhatum:
1126 3298 1181 3345 et
1211 3290 1474 3361 quoniam
1515 3292 1806 3361 septimam
1864 3308 2086 3362 quoque
2129 3295 2318 3347 horam

743 3384 943 3441 noctis.
986 3397 1109 3451 qua:
1158 3391 1243 3438 est
1291 3391 1416 3437 ante
1474 3376 1838 3449 Dominicum,
1888 3385 2089 3455 attigit,
2149 3384 2317 3439 etiatn

745 3470 1062 3526 Dominicus
1094 3470 1290 3526 tertius
1326 3470 1447 3525 dies
1489 3478 1731 3539 putatur.
1765 3469 1885 3525 1am
1918 3488 2049 3527 vero
2088 3480 2317 3527 sanctus

747 3562 1051 3633 Gregorius
1081 3560 1365 3632 Nyssenus
1402 3563 1469 3616 de
1492 3573 1686 3617 sancto
1719 3562 1927 3619 Pascha
1955 3564 2179 3629 docens,
2208 3565 2323 3619 haec

742 3657 1195 3725 dicitexpresse:
1230 3653 1470 3724 Vespera
1514 3656 1659 3709 enim
1707 3664 1847 3721 erat,
1904 3656 2125 3725 quando
2173 3673 2326 3712 man-

743 3750 1005 3803 ducatum
1058 3757 1145 3804 est
1205 3757 1422 3803 sset-uin
1472 3748 1605 3805 illud
1658 3757 1711 3803 et
1759 3758 2009 3815 sanetum
2071 3766 2320 3821 corpus:

743 3857 905 3909 quam
940 3840 1160 3911 quidem
1196 3855 1478 3911 vesperam
1532 3857 1660 3898 nox.
1697 3857 1818 3911 qum
1852 3842 2321 3897 Parasceveman-

748 3933 973 3998 incedit,
1003 3934 1239 4004 excepit.
1274 3934 1475 3989 Deinde
1507 3933 1628 3989 dies
1655 3932 1988 3990 Parasceves
2014 3935 2324 3989 introducta

750 4034 911 4081 nocte
952 4026 1227 4081 discissus
1265 4025 1317 4079 in
1363 4040 1525 4079 unam
1566 4036 1779 4082 noctem
1813 4037 1869 4081 et
1918 4026 2055 4081 duos
2085 4028 2204 4081 dies
2236 4042 2324 4081 re-

749 4119 993 4170 ducitur.
1031 4116 1233 4171 Tribns
1266 4117 1410 4170 enim
1446 4116 1597 4171 horis
1632 4118 1855 4173 luerunt
1883 4116 2121 4171 tenebrae
2159 4130 2326 4184 super

749 4204 1065 4260 universam
1104 4214 1306 4259 terram
1339 4206 1402 4260 ³³.
1436 4206 1559 4261 ΙΙωο
1594 4215 1677 4263 est
1709 4208 1855 4262 enim
1892 4209 1943 4260 in
2001 4206 2183 4261 medio
2218 4206 2325 4259 diei

750 4311 855 4348 uox
891 4296 1171 4360 innevata,
1203 4296 1342 4353 duas
1388 4300 1602 4353 dierum
1658 4299 1931 4355 scctiones
1992 4316 2087 4369 per
2136 4315 2193 4353 se
2236 4298 2330 4352 dc-

747 4388 1018 4455 serihens,
1050 4389 1194 4455 hanc
1227 4389 1448 4457 quidem
1502 4406 1531 4445 a
1568 4406 1726 4446 inane
1778 4408 1950 4457 usque
2005 4393 2069 4447 ad
2115 4400 2326 4446 sextam

753 4483 943 4535 horam
978 4497 992 4535 :
1028 4481 1176 4536 illam
1215 4497 1346 4537 vero
1380 4482 1451 4536 ab
1477 4483 1608 4537 hora
1643 4498 1784 4537 nona
1815 4500 1987 4553 usque
2013 4479 2084 4537 ad
2134 4496 2324 4550 vespe-

2425 3290 2594 3344 αὑτοῦ
2640 3288 2848 3358 ἀψευδῆ
2883 3285 3244 3354 ἐπαγγελίαν.
3297 3283 3454 3336 Κατὰ
3506 3283 3615 3351 γὰρ
3649 3280 3751 3350 τὴν
3821 3281 4018 3348 Παρία

2428 3380 2629 3453 σκευὴν
2659 3380 2957 3441 ἀπέθανεν,
2993 3378 3116 3446 ἥτις
3153 3373 3272 3430 ἐστὶ
3306 3378 3496 3445 πρώτη
3523 3373 3732 3442 ἠμέρα’
3770 3372 4020 3441 δευτέρα

2426 3474 2486 3527 τδ
2532 3473 2840 3527 Σάδδατον,
2891 3471 3002 3525 Καὶ
3045 3470 3168 3533 ἐπεὶ
3223 3467 3401 3537 ἥψατο
3449 3467 3546 3519 καὶ
3591 3464 3692 3532 τῆς
3771 3457 4020 3529 ἑϐδόμης

2428 3566 2575 3637 ὥρας
2616 3565 2714 3635 τῆς
2739 3563 2938 3626 νυκτὸς
2967 3563 3065 3631 τῆς
3094 3559 3202 3626 «pb
3233 3557 3335 3628 τῆς
3383 3554 3698 3627 Κυριακῆς,
3732 3552 4021 3621 λογίζεται

2429 3660 2525 3712 καὶ
2554 3661 2587 3728 ἡ
2622 3656 2881 3727 Κυριακὴ
2909 3653 3070 3724 τρίτη
3112 3651 3317 3721 ἡμέρα.
3353 3650 3419 3701 '0
3454 3649 3638 3715 μέντοι
3671 3644 3841 3711 ἅγιος
3869 3643 4019 3712 Γρη-

2428 3751 2611 3821 γόριος
2642 3752 2668 3803 ὁ
2692 3748 2917 3817 Νύσσης
2979 3745 3110 3813 περὶ
3147 3740 3244 3794 τοῦ
3302 3738 3459 3807 ἁγίου
3497 3738 3687 3805 Πάσχα
3738 3728 4025 3786 διδάσκων

2431 3840 2566 3911 φησὶ
2593 3838 2768 3893 ταῦτα
2807 3837 3009 3907 ρητῶςο
3047 3833 3292 3901 Ἐσπέρα
3324 3830 3424 3900 μὲν
3447 3828 3555 3897 γὰρ
3580 3822 3648 3897 ἦν
3674 3826 3767 3877 ὅτε
3793 3823 4023 3893 ἐϐρώθη

2429 3934 2491 3987 1b
2531 3932 2676 4004 ἱερὸν
2699 3933 2879 3983 ἐκεῖνο
2907 3927 3000 3982 καὶ
3030 3928 3183 3994 ἆγιον
3216 3924 3375 3991 σῶμα
3401 3939 3415 3954 ο
3444 3922 3539 3987 νὺξ
3561 3919 3616 3972 δὲ
3640 3918 3744 3988 τὴν
3772 3916 4026 3985 ἑσπέραν

2432 4025 2648 4093 ἐκείνην
2672 4022 2778 4092 πρὸ
2801 4022 2902 4089 τῆς
2937 4014 3314 4087 Πτρασκευῆς
3342 4011 3637 4077 διεδέξατο.
3667 4005 3811 4062 Είτα
3854 4010 3890 4078 ἡ
3923 4007 4025 4074 τῆς

2433 4115 2806 4186 Παρασκευῆς
2836 4112 3040 4183 ἡμέρα,
3078 4111 3144 4179 τῇ
3193 4104 3510 4172 ἐπεισάκτῳ
3559 4100 3721 4153 νυκτὶ
3776 4099 4027 4166 διατμηο

2433 4209 2611 4273 θεῖσα,
2650 4209 2730 4269 είς
2758 4206 2885 4276 μίαν
2921 4204 3097 4256 νύκτα
3132 4201 3227 4253 καὶ
3255 4200 3335 4261 είς
3364 4198 3579 4266 ἡμέρας
3609 4192 3706 4246 δύο
3758 4190 4023 4258 καταψη-

2433 4298 2675 4368 φίζεται.
2723 4296 2811 4349 Ἐν
2855 4296 2962 4365 γὰρ
3003 4296 3124 4356 ταῖς
3176 4293 3357 4362 τρισὶν
3385 4288 3558 4358 ὥραις
3619 4284 3851 4353 ἐγένετο
3900 4280 4030 4334 aitd-

2432 4411 2524 4457 τος
2578 4393 2672 4445 ἐπὶ
2702 4391 2886 4443 πᾶσαν
2916 4382 3015 4459 τὴν
3048 4383 3395 4453 οἰκουμένην.
3432 4378 3581 4450 Αὕτη
3614 4376 3767 4430 ἐστὶν
3805 4377 3841 4445 ἠ
3880 4374 4030 4426 κατὰ

2434 4488 2496 4542 1b
2521 4487 2695 4555 μέσον
2722 4485 2822 4551 τῆς
2859 4481 3075 4552 ἡμέρας
3120 4474 3585 4545 καινοτομηθεῐσα
3631 4470 3751 4533 νὺξ,
3800 4470 3879 4523 τὰ
3938 4471 4031 4522 δύο

748 4589 905 4639 ram;
936 4573 1009 4628 ita
1039 4590 1098 4629 ur.
1127 4576 1234 4629 huc
1257 4590 1431 4644 usque
1456 4575 1576 4631 duae
1610 4578 1722 4630 sint
1748 4589 1937 4631 noctes
1964 4585 2021 4631 et
2050 4577 2159 4628 duo
2182 4574 2324 4628 dies.

2434 4568 2821 4649 τμήματαξτῶν
2844 4572 3067 4643 ἡμερῶν
3092 4567 3159 4623 δι’
3184 4568 3356 4635 αὐτῆς
3381 4565 3808 4634 ὑπογράφουσα,
3845 4564 3911 4615 τὸ
3933 4563 4032 4629 μὲν

754 4666 960 4721 Deinde
993 4666 1111 4723 dies
1146 4668 1509 4738 prmcedentis
1543 4669 1766 4724 Sabbati
1805 4668 1960 4723 habet
1988 4676 2099 4721 tres
2139 4674 2327 4721 noctes

746 4773 799 4813 ct
823 4767 933 4815 tres
956 4760 1093 4815 dies.

2436 4671 2549 4726 ἀπὸ
2586 4669 2684 4739 τῆς
2727 4666 2820 4719 τοῦ
2861 4664 3062 4734 δρθρου
3110 4662 3203 4714 ἐπὶ
3264 4659 3363 4729 τὴν
3424 4659 3593 4727 ἕκτην
3652 4654 3833 4726 ὥραν,
3870 4654 3934 4706 1b
3977 4652 4033 4705 δὲ

2435 4762 2544 4816 ἀπὸ
2606 4760 2706 4827 τῆς
2732 4759 2963 4825 ὲννάτης
2986 4756 3135 4825 ὧρας
3164 4751 3259 4805 ἐπὶ
3291 4752 3391 4819 τὴν
3426 4749 3689 4818 ἑσπέραν·
3713 4746 3870 4798 ὥστε
3890 4741 4033 4797 εἶναι

752 4852 917 4925 μέχρι
941 4856 1136 4908 τούτου
1167 4855 1262 4909 δύο
1317 4856 1519 4920 νύκτας
1556 4858 1653 4910 καὶ
1702 4857 1798 4911 δύο
1830 4860 2067 4930 ἡμέρας.
2127 4853 2261 4910 Εἶτα
2303 4855 2336 4924 ἡ
2379 4855 2485 4928 πρὸ
2521 4855 2614 4909 τοῦ
2635 4852 2917 4908 Σαὸὒάτου
2957 4847 3146 4919 ἡμέρα
3167 4845 3281 4914 ἔχει
3311 4845 3410 4904 τὰς
3439 4843 3587 4911 τρεῖς
3656 4837 3873 4899 νύκτας
3940 4834 4035 4887 καὶ

747 4950 848 5014 τὰς
878 4951 1028 5021 τρεῖς
1057 4952 1295 5023 ἡμέρας.

822 5041 1079 5097 ZONAR.
1118 5044 1244 5102 Dies
1278 5045 1422 5112 illos,
1467 5047 1669 5113 quibus
1706 5045 1962 5102 Christus
2014 5047 2177 5104 Jesus
2221 5048 2331 5103 Do-

754 5135 937 5193 minus
969 5146 1160 5192 noster
1200 5139 1421 5195 dolores
1449 5139 1847 5195 acerbissimos
1901 5143 2144 5211 pertulit,
2187 5144 2332 5211 jeju-

599 5291 639 5299 _-
680 5234 683 5238 '
755 5224 865 5281 niis
894 5236 950 5281 et
997 5229 1427 5297 compunCtione
1474 5244 1650 5284 canon
1712 5245 1742 5283 a
1799 5230 2049 5288 ﬁdelibus
2100 5232 2331 5303 transigi

752 5322 1007 5387 oportere
1034 5318 1302 5375 decernit.
1340 5320 1535 5375 Cordis
1570 5336 1699 5376 vero
1728 5325 2189 5392 compunctione,
2227 5324 2332 5379 hoc

2510 5038 2759 5095 ZQNAP.
2798 5034 2910 5096 Τὰς
2967 5030 3065 5083 τοῦ
3118 5027 3328 5088 πάθους
3390 5023 3601 5092 ἡμέρας
3654 5020 3748 5074 τοῦ
3816 5022 4032 5087 Κυρέω

2436 5134 2594 5205 ἡμῶν
2651 5127 2826 5197 Ἰησοῦ
2876 5122 3117 5196 Χριστοῦ
3179 5124 3239 5173 ἐν
3301 5118 3522 5188 νηστείᾳ
3576 5114 3668 5165 καὶ
3728 5113 4035 5176 καταιιιύξει

2436 5203 2622 5281 ἀνύειν
2666 5222 2793 5284 τοὺς
2827 5216 3056 5278 πιστοὺς
3089 5216 3116 5267 ὁ
3173 5210 3357 5267 κανὼν
3384 5209 3624 5263 ἀπαιτεῖ.
3657 5206 3748 5258 Ἐν
3786 5203 4038 5258 κατανᾷ-

2447 5317 2525 5383 ξει
2559 5316 2613 5369 δὲ
2642 5312 2894 5383 καρδίας,
2928 5306 3074 5361 τοῦτ’
3106 5307 3246 5369 ἔστι,
3287 5302 3361 5375 μὴ
3393 5298 3851 5371 ὑποκεκριμένην
3889 5294 4029 5351 εἶναι

752 5418 862 5474 est,
913 5413 1341 5482 compunctione
1392 5430 1499 5469 non
1549 5414 1666 5469 fore
1718 5415 2058 5482 simulatam,
2112 5430 2328 5473 externa

2434 5414 2537 5484 τὴν
2596 5405 2891 5470 κατάνυξιν
2931 5402 3037 5467 ἕξω
3098 5399 3259 5470 μόνον
3320 5390 3681 5465 φαινομένην,
3738 5389 3897 5444 ἀλλὰ
3949 5391 4036 5443 καὶ

825 5584 869 5615 ³³
904 5583 1041 5637 Luc.
1072 5597 1229 5648 mu,
1263 5583 1354 5636 44.

1991 5747 2175 5810 Guill.
2224 5743 2545 5821 Beveregii
2596 5748 2786 5803 nota).

825 5878 900 5941 εί)
970 5876 1411 5947 Δανεισάμενον
1474 5875 1949 5931 καττιΰάλλςντιι,
2021 5875 2076 5930 In
2142 5876 2328 5931 codice

2421 5873 2800 5929 met'baehianu
2838 5868 3037 5924 rectius
3073 5865 3270 5936 legitur
3304 5858 3699 5916 καταλαϐόντι.
