4218 6458
209 426 307 489 821

1262 430 1337 485 ΙΝ
1379 428 1543 487 CAN.
1580 429 1671 487 XC
1712 426 1921 488 CONC.
1970 429 2047 487 ΙΝ
2090 430 2415 488 ΤΙῖΕΗᾸ).

3368 438 3469 497 892

205 541 379 603 aiat-ﬁ;
434 543 534 608 τῆς
606 544 830 609 καρδίας
877 543 1219 609 ἁπτομένην,
1265 544 1397 609 Περὶ
1444 542 1501 594 δὲ
1536 543 1595 594 τὸ
1631 542 1789 611 μέσον

1900 554 2109 597 tantum
2136 546 2322 611 specie
2355 554 2738 612 apparentem;
2773 550 2865 599 scd
2894 564 3015 617 qme
3049 549 3221 616 ipsius
3250 567 3468 619 quoque

203 631 309 697 τῆς
369 634 566 692 νυκτὸς
614 635 708 687 τοῦ
761 635 1046 687 Σαϐϐάτου
1080 632 1505 700 ἐπεςωσκούσης
1552 633 1648 698 τῆς
1681 634 1791 683 Κυ-

209 724 412 792 ριακῆς
451 726 748 793 προτρέπει
804 726 1287 793 ἀπονηστίζεσθαι,
1347 726 1468 779 ἀντὶ
1520 724 1791 794 τοῦβρώ-

209 828 349 871 eam;
381 814 652 866 ἅπτεσθαι
676 854 691 878 ,
723 815 799 878 ὡς
833 817 933 886 ἤδη
965 816 1252 884 γεγονυίας
1276 818 1373 883 τῆς
1418 817 1788 876 ἀναστάσεως.

218 906 279 956 '0
324 905 421 971 μὲν
470 907 579 977 γὰρ
627 907 1039 975 εὐαγγελιστὴς,
1095 908 1250 976 φησὶ,
1300 908 1600 970 Βίατθαίος,
1648 907 1789 977 Ὀψὲ

207 992 551 1057 Σαϐϐἀτων,
585 993 777 1059 εἰπὼν,
812 998 840 1049 ὁ
868 995 924 1047 δὲ
980 998 1215 1060 Λουκᾶς,
1255 997 1498 1072 ’ρρθρου
1541 998 1791 1062 βαθέος,

208 1085 313 1153 τὴν
383 1084 696 1155 βραδύτητα.
752 1090 851 1151 τῆς
908 1088 1099 1149 νυκτὸς
1157 1090 1290 1157 ἡμῖν
1342 1090 1789 1159 ὑπογράφουσιν,

208 1175 335 1227 ἀντὶ
398 1175 515 1239 τοῦ,
574 1178 975 1247 παραδηλοῦσι,
1029 1178 1415 1251 παραδιδόασι.
1454 1182 1562 1234 Καὶ
1612 1182 1792 1235 νῦνδέ

204 1284 342 1333 φασι
378 1270 504 1330 τοὺς
541 1272 602 1325 ιν
647 1271 1051 1342 Ἰεροσολύμοις
1109 1274 1234 1326 οὔτε
1296 1275 1439 1328 κατὰ
1471 1276 1570 1345 τὴν
1602 1278 1788 1346 Παρα-

207 1358 438 1427 σκευὴν,
460 1358 583 1413 οὔτε
616 1362 759 1414 κατὰ
782 1362 843 1413 τὸ
868 1362 1150 1416 Σάϐϐατον
1178 1364 1403 1417 ἐσθίειν.
1439 1366 1549 1417 Καὶ
1576 1368 1603 1419 ὁ
1647 1366 1795 1419 Ἀλε-

218 1447 509 1518 ξανδρείας
528 1452 585 1505 δὲ
626 1453 904 1517 Διονύσιος
950 1456 1083 1525 περὶ
1138 1459 1331 1510 τούτου
1380 1459 1677 1528 ἐρωτηθεὶς
1723 1460 1793 1512 τὰ

208 1539 357 1592 αὐτὰ
393 1540 739 1612 πλατύτερον
758 1545 1117 1615 ἀπεκρίνατο.

204 1801 437 1855 ΛΙἾΣΤ.
479 1824 498 1856 ι
546 1804 634 1874 Τῷ
663 1808 886 1877 μεγάλῳ
923 1810 1189 1883 Σαϐϐάτῳ
1225 1816 1355 1885 περὶ
1387 1817 1560 1885 μέσας
1586 1819 1789 1883 νύκτας

571 1919 590 1953 ι
634 1901 734 1970 τὴν
752 1904 1008 1971 νηστείαν
1030 1909 1365 1975 διαρκετὲον.
1409 1930 1426 1962 ι

294 1991 354 2043 '0
390 1992 491 2061 μὲν
529 1994 813 2059 Ματθαῖος
844 1997 942 2066 ὀψὲ
993 2001 1293 2056 Σαϐϐάτων
1321 2005 1784 2074 ἀναστῆναιλέγει

204 2083 301 2134 τῦν
335 2084 570 2155 Κύριον·
623 2087 730 2140 όδὲ
762 2090 979 2153 Λουκᾶς
1026 2092 1224 2163 ὄρθρου
1260 2096 1473 2165 βαθέοςο
1523 2098 1607 2151 δεῖ
1656 2100 1786 2165 γοῦν

202 2174 288 2240 τῷ
319 2176 546 2246 μεγάλῳ
587 2179 854 2251 Σαϐϐάτῳ
884 2182 1014 2255 ἄχρι
1074 2189 1429 2253 μεσονυκτίου
1482 2192 1783 2261 νηστεύειν,

202 2268 290 2317 κοτ’
324 2266 511 2322 ἔκτοτε
564 2271 1015 2341 μεταλαμϐάνειν
1043 2276 1135 2329 τὸν
1176 2278 1501 2349 βουλόμενον
1556 2286 1784 2353 τροφῆς,

203 2357 298 2410 διὰ
337 2359 398 2410 τὸ
432 2362 880 2433 καταλαμϐάνειν
914 2369 977 2421 ἐκ
1002 2370 1110 2423 τῶν
1141 2373 1408 2442 ῥημάτων
1453 2378 1655 2430 τούτων
1677 2381 1785 2431 τῶν

202 2452 622 2519 εύαγγελιστῶν
649 2458 781 2529 περὶ
810 2461 984 2530 μέσας
1016 2462 1167 2536 ὥρας
1195 2468 1295 2537 τῆς
1318 2469 1509 2533 νυκτὸς
1542 2472 1783 2541 ἀναστῆ-

200 2560 295 2596 ναι
333 2544 422 2597 τὸν
458 2547 687 2616 Κύριον.

813 2649 1049 2704 KANON
1077 2649 1147 2719 ιιν.

205 2744 223 2776 ι
275 2728 409 2826 Ταῖς
434 2732 747 2826 ἰξυριακαῖς
776 2740 851 2811 μὴ
886 2744 1018 2812 γόνυ
1058 2746 1265 2802 κλίνειν
1288 2750 1479 2804 ἐκτῶν
1507 2752 1785 2826 θεοφόρων

284 2844 300 2871 ι
349 2822 509 2893 ἡμῶν
560 2828 824 2900 Πατέρων
875 2838 1179 2901 κανονικιῖκ
1229 2822 1636 2912 παρελάϐομεν,
1677 2822 1784 2915 τὴν

285 2936 304 2968 ι
354 2918 449 2971 τοῦ
479 2921 719 2990 Χριστοῦ
754 2926 1043 2994 τιμώντων
1093 2930 1413 2987 ἀνάστασιν.
1461 2934 1550 2997 Ὦς
1599 2935 1667 2991 ἂν
1691 2936 1783 2991 οὖν

286 3029 303 3058 ι
363 3010 438 3080 μὴ
469 3013 764 3083 ἀγνοῶμεν
791 3017 849 3070 τὸ
892 3021 1063 3091 σαφὲς
1096 3026 1198 3092 τῆς
1232 3026 1497 3095 τοιαύτης
1531 3046 1781 3098 παρατη-

284 3121 302 3149 ο
368 3102 601 3171 ρήσεως,
628 3107 789 3176 δῆλον
821 3111 935 3172 τοῖς
973 3117 1188 3177 πιστοῖς
1224 3118 1593 3189 καθιστῶμεν,
1639 3121 1781 3175 ὥστε

286 3211 303 3243 ι
362 3195 502 3261 μετὰ
534 3198 635 3266 τὴν
665 3201 721 3251 ὲν
757 3201 837 3267 τῷ
860 3202 1126 3274 Σαϐϐάτῳ
1154 3208 1452 3279 ὲσπερινὴν
1483 3211 1591 3265 τῶν
1624 3214 1783 3283 ἶερωυ
1812 3203 1854 3258 (ἶ

283 3303 302 3335 ι
365 3287 547 3354 μένων
568 3291 708 3361 πρὸς
747 3293 812 3347 τὸ
851 3295 1250 3369 θυσιαστήριον
1297 3302 1529 3367 εἴσοδον,
1561 3306 1700 3358 κατά
1724 3307 1785 3358 τὸ

283 3400 301 3430 ι
358 3384 600 3449 κρατοῦν
629 3387 773 3450 ἔθος,
810 3389 1014 3457 μηδένα
1046 3392 1177 3458 γόνυ
1220 3393 1425 3447 κλίνειν
1461 3395 1624 3467 μέχρι
1682 3398 1786 3466 τῆς

284 3494 302 3524 ι
356 3477 559 3547 ἑφεξῆς
595 3481 736 3533 κατά
761 3482 863 3549 τὴν
911 3484 1200 3553 Κυριακὴν
1229 3486 1500 3556 ἑσπέρας·
1551 3490 1676 3543 καθ’
1717 3492 1785 3562 ἢν

280 3586 300 3618 ι
354 3570 493 3637 μετᾶ
522 3572 622 3642 τὴν
650 3573 710 3624 ὲν
751 3572 830 3644 τῷ
863 3573 1104 3646 λυχνικῷ
1149 3578 1357 3632 εἴσοδον
1385 3576 1545 3643 αὖθις
1576 3583 1644 3635 τά
1685 3583 1785 3651 γό-

283 3682 301 3712 c
349 3680 486 3715 νατα
529 3665 901 3733 κάμπτοντες,
940 3667 1087 3722 οὕτω
1118 3670 1215 3732 τὰς
1274 3672 1437 3740 εὐχὰς
1474 3674 1551 3743 τῷ
1592 3675 1783 3747 Κυρίῳ

281 3776 302 3809 ι
354 3758 728 3829 προσάγομεν.
757 3762 870 3829 Τῆς
900 3763 1010 3833 γὰρ
1041 3764 1136 3816 τοῦ
1164 3766 1417 3835 Σωτῆρος
1446 3767 1603 3836 ἡμῶν
1623 3770 1784 3841 ἐγέρ-

285 3867 305 3899 ‹
359 3866 496 3913 σεως
548 3852 860 3922 πρόδρομον
892 3854 993 3924 τὴν
1028 3857 1165 3924 μετὰ
1213 3858 1274 3910 τὸ
1306 3859 1585 3914 Σάϐϐατόν
1613 3860 1785 3916 νύκτα
1862 3857 1866 3861 ’

285 3958 305 3992 ι
359 3942 910 4013 παραλαμϐάνοντες,
944 3946 1052 3999 τῶν
1111 3947 1299 4015 ὓμνων
1331 3950 1586 4003 ἐντεῦθεν
1616 3970 1784 4005 πνευο

284 4052 306 4084 ι
371 4035 618 4102 ματικῶς
645 4036 1030 4106 ἀπαρχόμεθα,
1063 4041 1145 4102 είς
1176 4040 1293 4107 φῶς
1330 4043 1395 4094 ὲκ
1424 4042 1651 4106 σκότους
1683 4045 1782 4114 τὴν

288 4143 308 4177 ι
370 4126 568 4194 ἑορτὴν
620 4128 1048 4197 καταλήγοντες,
1084 4130 1161 4193 ὠς
1190 4133 1247 4185 ὲν
1274 4132 1559 4204 ὁλοκλήρῳ
1596 4135 1784 4188 ἑντεῦι

286 4236 305 4269 ι
356 4216 448 4269 θεν
490 4218 648 4269 νυκτὶ
700 4218 792 4270 καὶ
845 4220 1028 4292 ἡμέρᾳ
1070 4221 1467 4293 πανηγυρίζειν
1508 4226 1655 4296 ἡμᾶς
1687 4225 1784 4296 τὴν

290 4324 311 4358 ι
365 4306 685 4360 ἀνάστασιν.
732 4324 751 4358 ι

279 4399 476 4453 ΒΑΛΣ.
524 4399 582 4452 Ὀ
641 4404 687 4452 κ’
728 4398 912 4453 κανὼν
976 4400 1073 4467 τῆς
1107 4400 1165 4452 ὲν
1206 4402 1411 4474 Νικαίᾳ
1465 4406 1708 4473 συνόδου,
1756 4408 1784 4461 ὁ

1908 635 2092 688 cordis
2126 637 2430 704 penetralia
2464 640 2766 706 contingat.
2804 640 3036 693 Circitcr
3071 656 3198 693 vero
3237 644 3464 695 mediam

1896 724 2113 778 Sabbati
2153 736 2395 789 noctem,
2430 746 2593 796 quam
2644 730 2762 782 dies
2796 745 2917 782 mox
2959 730 3274 784 Dominicus
3319 733 3466 785 exci—

1898 817 1995 885 pit.
2027 818 2093 871 ad
2122 818 2379 871 solvenda
2405 820 2635 888 jejunia,
2672 821 2773 874 hoc
2802 828 2906 882 est.
2951 822 3055 876 cibi
3108 822 3315 891 aliquid
3372 839 3466 877 sn~

1898 910 2181 973 mendum,
2212 912 2368 980 quasi
2423 912 2666 965 redivivo
2708 912 2822 981 jam
2878 927 2905 964 a
2955 914 3181 967 mortuis
3228 912 3466 974 Christo,

1898 1000 2111 1055 invitat.
2134 1000 2269 1053 Nam
2299 1002 2633 1069 evangelista
2664 1003 2907 1071 quidem,
2937 1003 3133 1071 inquit,
3159 1004 3465 1066 Matthmu‘s,

1904 1089 2145 1161 Vespere
2194 1092 2503 1153 Sabbati”,
2556 1108 2680 1145 cum
2735 1092 2968 1155 dixerit;
3026 1090 3200 1147 Lucas
3256 1100 3458 1155 autem,

1894 1182 2063 1238 Valde
2119 1185 2441 1249 diluculo",
2496 1186 2674 1238 noctis
2729 1184 2877 1239 iilius
2932 1183 3243 1238 tarditatem
3307 1182 3504 1237 nobis

1894 1275 2243 1338 describunt,
2271 1277 2373 1329 hoc
2411 1284 2518 1340 est,
2554 1276 2886 1342 signiﬁcant,
2924 1275 3198 1329 indicant.
3241 1274 3305 1327 Et
3340 1289 3467 1327 vero

1895 1382 2040 1420 nunc
2073 1368 2513 1436 quoque'aiunt,
2546 1381 2641 1421 eos
2673 1368 2764 1436 qui
2815 1364 3207 1436 Hierosolymis
3237 1365 3465 1432 degunt,

1894 1473 2074 1528 neque
2129 1446 2257 1513 toto,
2294 1458 2657 1525 Parasceves,
2712 1474 2888 1528 neque
2929 1458 3147 1512 Sabbati
3198 1457 3307 1519 die,
3357 1456 3467 1509 cibi

1895 1550 2101 1619 aliquid
2131 1552 2446 1619 degustare.
2500 1552 2569 1605 Et
2622 1551 2915 1621 Dionysius
2970 1564 3190 1617 quoque
3229 1548 3466 1601 Alexan-

1852 1658 1853 1661 ‘
1892 1645 2111 1707 drinns,
2147 1659 2270 1697 cum
2312 1658 2380 1697 ex
2412 1657 2479 1695 co
2508 1642 2574 1698 de
2625 1644 2725 1697 hac
2763 1659 2823 1697 re
2870 1648 3229 1713 quaereretur,
3274 1639 3465 1693 eadem

1895 1738 2007 1791 haec
2039 1738 2218 1791 fusius
2252 1735 2521 1805 explicata
2553 1735 2855 1804 respondit.

1893 1828 2119 1883 ARIST.
2157 1848 2173 1879 ι
2200 1827 2393 1899 Magno
2431 1827 2668 1882 Sabbato
2706 1842 2878 1895 usque
2907 1826 2971 1881 ad
2993 1825 3227 1881 mediam
3253 1836 3463 1878 neitu'n

2162 1940 2180 1971 ι
2230 1922 2285 1975 in
2310 1921 2521 1990 jejunio
2576 1919 3029 1990 perseverandum
3062 1926 3163 1971 est.
3194 1936 3211 1969 ι

1964 2013 2259 2068 ΜειιΙιίΡυε
2302 2014 2521 2082 quidem
2560 2027 2789 2081 vespere
2816 2010 3042 2064 Sabbnti
3092 2008 3464 2062 resurrexissc

1890 2106 2027 2161 dicit
2086 2107 2376 2162 Dominum
2429 2126 2441 2161 :
2510 2106 2689 2161 Lucas
2752 2113 2934 2160 autem
2996 2105 3149 2159 valde
3201 2104 3461 2157 diluculo.

1889 2197 2084 2268 Magno
2121 2200 2303 2267 itaque
2338 2195 2578 2254 Sabbato
2621 2212 2793 2266 usque
2846 2195 2911 2249 ad
2969 2193 3198 2248 mediam
3244 2202 3455 2246 nocteu.

1889 2298 2103 2358 oportet
2169 2289 2442 2359 jejunare,
2494 2299 2549 2344 et
2603 2298 2752 2352 tunc,
2789 2289 2882 2355 qui
2938 2286 3074 2350 vult,
3133 2285 3451 2339 alimentum

1890 2399 2129 2448 sumere,
2181 2386 2444 2455 quoniam
2496 2401 2562 2439 ex
2614 2384 2796 2439 verbis
2831 2383 2941 2437 illis
2993 2381 3451 2451 evangelistarum

1890 2478 2116 2532 circiter
2150 2478 2358 2533 medias
2412 2476 2595 2533 noctis
2653 2477 2819 2531 horas
2868 2474 3239 2531 resurrexisse
3278 2471 3462 2526 Domi-

1889 2585 2022 2624 num
2056 2569 2545 2639 deprehendimus.

2362 2661 2526 2733 264
2558 2658 2789 2716 CANON
2828 2658 2941 2717 xc.

1894 2770 1912 2803 ι
1956 2751 2257 2809 Dominicis
2288 2769 2428 2821 genu
2481 2770 2589 2808 non
2644 2753 2865 2808 ﬂectere
2920 2767 2950 2807 a
3001 2752 3199 2805 divinis
3258 2750 3469 2805 nostris

1963 2865 1979 2896 ι
2011 2846 2264 2902 Patribus
2309 2848 2513 2901 Christi
2538 2848 2998 2902 resurrectionem
3023 2845 3455 2900 honorantibus.

1969 2956 1986 2987 ι
2033 2940 2300 2992 canonice
2329 2941 2668 3009 accepimus.
2708 2938 2787 2993 Ne
2817 2954 2947 3005 ergo
3000 2937 3164 3005 hujus
3206 2936 3463 2990 Observa--

1933 3051 1982 3107 ,7;
2026 3032 2191 3085 tionis
2217 3032 2545 3107 evidentiam
2605 3032 2947 3101 ignoremus,
3004 3029 3259 3083 ﬁdelibus
3286 3028 3464 3081 mani-

1967 3103 2224 3177 iTestum
2269 3103 2523 3185 facimus,
2572 3122 2730 3192 “quod
2773 3130 2895 3191 post
2946 3121 3320 3190 vespertinum
3369 3135 3464 3169 sa.-

1968 3235 1985 3266 ι
2024 3216 2308 3270 cerdotum
2374 3215 2440 3270 ad
2496 3214 2671 3269 altare
2714 3215 2955 3268 Subhato
3007 3214 3341 3282 ingressum,
3394 3227 3457 3265 ex

1965 3325 1981 3356 ι
2021 3307 2420 3361 consuetudine
2446 3322 2569 3376 quae
2594 3314 2873 3369 servatur,
2910 3318 3076 3358 nemo
3101 3319 3239 3373 genu
3272 3302 3460 3357 ﬂectat

1966 3419 1982 3447 ι
2025 3414 2195 3468 usque
2231 3399 2298 3451 ad
2334 3407 2653 3467 sequentem
2696 3411 2981 3467 vesperam
3025 3397 3083 3451 in
3127 3397 3218 3451 die
3275 3396 3457 3451 Domi-

1965 3513 1981 3544 ι
2026 3492 2149 3546 nico
2178 3508 2189 3543 :
2230 3490 2283 3544 in
2311 3506 2416 3560 qua
2445 3499 2569 3560 post
2595 3492 2903 3559 ingressum
2937 3488 2989 3541 in
3022 3487 3338 3558 vespertino
3364 3501 3458 3541 seu

1967 3603 1984 3633 ι
2027 3583 2409 3652 completorio,
2460 3597 2637 3652 genua
2677 3598 2870 3637 rursus
2924 3579 3203 3635 ﬂectentes
3233 3577 3459 3633 Domino

1964 3696 1981 3726 ι
2027 3690 2217 3745 preces
2268 3676 2350 3730 sic
2384 3674 2691 3729 oﬂ‘erimus.
2736 3672 3042 3728 Servatoris
3085 3672 3233 3728 enim
3289 3672 3458 3725 nostri

1966 3789 1981 3819 ι
2022 3767 2446 3823 resurrectionis
2496 3769 2666 3822 veluti
2736 3781 3135 3838 praecursorem
3197 3774 3456 3837 noctem.

1964 3882 1981 3912 ι
2028 3879 2147 3932 quae
2216 3870 2340 3933 post
2400 3861 2698 3917 Sabbatum
2767 3861 2901 3925 fuit,
2944 3860 3305 3926 accipientes,
3357 3860 3457 3929 by-

1964 3976 1981 4006 ι
2026 3971 2180 4010 mnos
2210 3958 2279 4009 ab
2312 3970 2373 4009 ca
2405 3956 2761 4025 spiritualiter
2796 3953 3112 4023 incipimus,
3142 3951 3335 4006 festum
3390 3965 3453 4005 ex

1968 4068 1985 4098 ι
2031 4049 2274 4102 tenebris
2322 4048 2375 4102 in
2426 4048 2602 4102 lucem
2652 4046 3115 4106 transmittentes,
3149 4053 3203 4098 ut
3246 4044 3297 4097 in
3338 4057 3459 4112 per-

1970 4159 1986 4190 ι
2029 4140 2173 4193 lecto
2209 4147 2263 4193 et
2295 4140 2504 4208 integro
2534 4138 2622 4192 die
2656 4153 2721 4191 ac
2754 4148 2912 4191 nocte
2950 4151 3050 4190 nos
3103 4134 3231 4189 inde
3276 4149 3458 4189 resur-

1967 4252 1983 4283 ι
2031 4234 2327 4286 rectionem
2358 4231 2720 4285 colebremus.
2762 4247 2781 4280 ι

1963 4409 2157 4464 BALS.
2212 4409 2520 4464 Vicesimus
2584 4423 2761 4461 canon
2816 4408 3035 4461 Niceme
3108 4406 3325 4477 synodi,
3384 4406 3455 4459 25

204 4490 271 4545 ιε’
329 4489 512 4544 κανὼν
568 4493 667 4544 τοῦ
716 4492 881 4559 ἁγίου
942 4492 1152 4563 Πέτρου
1212 4492 1643 4566 Ἀλεξανδρείας,
1686 4500 1781 4552 καὶ

1886 4517 2062 4556 canon
2103 4502 2277 4555 sancti
2307 4501 2452 4557 Petri
2485 4499 2863 4562 Alexandrini,
2893 4510 2945 4552 et
2997 4498 3067 4551 27
3126 4512 3450 4565 responsum

200 4585 266 4636 τὸ
301 4582 383 4645 κζ’
412 4582 707 4651 κεφάλαιον
751 4582 851 4651 τῆς
920 4583 1058 4652 πρὸς
1100 4583 1192 4637 τὸν
1253 4584 1605 4657 Ἀμφιλόχιον
1660 4592 1781 4642 ἐπι-

204 4674 405 4743 στολῆς
432 4672 528 4727 τοῠ
559 4674 799 4742 μεγάλου
834 4672 1120 4728 Βασιλείου
1156 4674 1386 4744 (τούτων
1415 4677 1527 4747 γὰρ
1556 4680 1604 4731 ot
1639 4680 1784 4747 ἅγιοι

203 4767 454 4833 Πατέρες
482 4765 791 4835 μέμνηνται
842 4766 935 4817 καὶ
970 4766 1267 4836 θεοφόρους
1303 4770 1555 4839 Πατέρας
1585 4772 1783 4825 καλοῦ-

205 4856 323 4925 σιν)
356 4857 565 4927 ὥρισαν
617 4856 695 4928 μὴ
724 4857 930 4909 κλίνειν
969 4858 1099 4920 γόνυ
1139 4859 1196 4910 ὲν
1223 4861 1343 4923 ταῖς
1382 4862 1690 4931 Κυριακαίς
1746 4863 1777 4934 ἢ

202 4953 265 5003 ὲν
294 4952 413 5011 ταῖς
465 4950 700 5018 ἡμέραις
726 4950 827 5019 τῆς
873 4952 1279 5021 Πεντηκοστῆς.
1315 4953 1653 5018 Ἀκολούθως
1688 4952 1781 5010 οὖν

203 5042 394 5104 αὐτοῖς
426 5040 719 5110 διορίζεται
748 5043 777 5093 ὁ
812 5040 1005 5112 παρὼν
1038 5042 1219 5095 κανὼν
1265 5046 1532 5113 τιμᾶσθαι
1562 5048 1658 5118 τὴν
1686 5048 1778 5102 τοῦ

203 5134 419 5205 Κυρίου
459 5132 621 5201 ἁγίαν
658 5133 979 5186 ἀνάστασιν.
1010 5134 1165 5186 Ἐπεὶ
1202 5134 1260 5187 δέ
1292 5153 1434 5199 τινες
1460 5137 1776 5209 διηπόρουν,

203 5230 332 5283 ὅθεν
380 5228 475 5281 καὶ
524 5228 588 5279 ικ
642 5226 797 5288 ποίας
828 5224 977 5295 ὥρας
1024 5226 1056 5295 ὴ
1113 5227 1472 5295 Κυριώνυμος
1525 5230 1776 5300 ἄρχεταιν

206 5322 306 5375 καὶ
340 5321 499 5390 μέχρι
525 5321 667 5380 τίνος
689 5335 865 5386 συμπε
876 5319 1134 5387 ραίνεται,
1163 5319 1496 5390 κατέστησαν
1518 5325 1607 5376 καὶ
1629 5325 1785 5378 τοῦτο

205 5412 370 5481 δῆλον
409 5412 502 5463 καὶ
558 5409 729 5476 σαφὲς
768 5411 882 5470 τοῖς
927 5412 1157 5473 πιστοῖς,
1221 5410 1317 5462 καὶ
1368 5409 1520 5465 εἷπον
1582 5414 1785 5484 ταύτην

207 5504 480 5573 ἄρχεσθαι
516 5502 653 5571 μετὰ
690 5501 787 5571 τὴν
836 5503 1127 5571 ἐσπερινὴν
1165 5502 1444 5571 ὑμνῳδίαν
1500 5505 1593 5558 τοῦ
1640 5509 1781 5561 Σαϐ-

209 5598 402 5660 ϐάτου,
442 5594 535 5647 καὶ
582 5592 917 5662 καταλήγειν
960 5594 1123 5663 μέχρι
1177 5595 1275 5661 τῆς
1332 5597 1783 5668 συμπληρώσεως

205 5688 308 5743 τοῦ
342 5686 621 5757 λυχνικοῦ,
676 5686 794 5755 ἢτοι
845 5684 939 5738 τοῦ
983 5686 1271 5755 ἐσπερινού
1330 5688 1428 5757 τῆς
1475 5692 1778 5762 Κυριακῆς,

287 5870 332 5902 ³⁸
365 5871 552 5926 Matth.
582 5887 775 5941 .uvrn,
799 5876 843 5930 l.
925 5875 970 5908 ³⁸
996 5878 1127 5933 Luc.
1154 5895 1299 5942 xxw,
1335 5881 1384 5937 l.

931 5954 940 5964 '
1317 5952 1328 5975 ἱ

1884 4596 2124 4664 epistola:
2164 4595 2340 4662 magni
2407 4592 2593 4655 Basilii
2631 4592 2698 4646 ad
2748 4591 3189 4661 Amphilochium
3231 4589 3451 4657 (horum

1886 4687 2030 4739 enim
2066 4684 2240 4737 sancti
2276 4682 2467 4737 Patres
2502 4683 2893 4746 meminerunt,
2930 4691 2984 4737 et
3012 4682 3227 4736 divinos
3257 4680 3445 4733 Patres

1885 4778 2185 4847 appellunt)
2222 4785 2556 4842 statuerunt,
2608 4791 2751 4846 genu
2804 4790 2909 4828 non
2950 4790 3072 4830 esse
3124 4773 3451 4828 ﬂectendum

1886 4871 1940 4921 in
1983 4869 2176 4923 diebus
2230 4868 2550 4930 Dominicis,
2598 4867 2681 4919 vel
2732 4866 2787 4920 in
2831 4864 3026 4919 diebus
3077 4863 3449 4917 Pentecostes.

1889 4960 1984 5014 llis
2037 4976 2167 5029 ergo
2213 4966 2617 5028 consequenter
2667 4957 2915 5013 decernit
2956 4970 3176 5025 quoque
3211 4965 3452 5022 prmscns

1890 5066 2092 5116 canon,
2126 5061 2374 5106 sanctam
2414 5050 2628 5104 Domini
2675 5049 3132 5104 resurrectionem
3185 5059 3310 5100 esse
3358 5044 3454 5094 ho-

1884 5141 2210 5195 norandam.
2246 5141 2513 5206 Quoniam
2570 5147 2753 5194 autem
2798 5138 3045 5193 nonnulli
3098 5136 3452 5196 dubitabant,

1887 5237 2029 5289 unde
2053 5245 2107 5291 et
2139 5252 2203 5289 ex
2235 5250 2468 5304 quanam
2499 5235 2634 5287 hora
2677 5234 2994 5287 Dominicus
3050 5232 3264 5299 incipit,
3297 5237 3351 5284 et
3383 5228 3451 5283 ad

1883 5341 2047 5395 quam
2079 5342 2253 5395 usque
2286 5328 2616 5394 completur,
2653 5325 2756 5378 hoc
2788 5338 3006 5393 quoque
3048 5322 3299 5377 ﬁdelibus
3336 5335 3452 5373 ma-

1884 5419 2088 5474 nifeste
2127 5428 2181 5474 ct
2209 5420 2496 5489 perspicue
2532 5418 2906 5481 declararunt,
2942 5423 2998 5469 et
3029 5415 3290 5489 dixerunt
3324 5415 3451 5468 eu'm

1883 5509 2125 5580 incipere
2157 5486 2278 5579 post
2314 5486 2679 5579 vespertinam
2713 5509 2942 5564 Sabbati
2989 5486 3363 5579 hymnodiﬁm,
3393 5512 3452 5560 et

1882 5604 2134 5658 desinere
2186 5604 2251 5656 ad
2321 5604 2785 5672 complementum
2847 5602 3182 5672 lychnioum,
3238 5585 3304 5652 id,
3341 5609 3446 5660 est.

1885 5697 2181 5765 vespertini
2212 5696 2374 5751 ofﬁcii
2408 5696 2727 5751 Dominicae.
2764 5694 2826 5749 Et
2858 5702 2991 5750 tunc
3023 5676 3265 5761 (pridem,
3286 5692 3448 5751 .scili-
