4218 6458
731 427 837 490 822

1957 434 2053 493 TI]
2067 432 2233 492 EOD.
2264 430 2355 489 BA
2365 431 2665 498 LSAMON

3894 436 4004 497 825

731 557 821 599 cet
848 554 970 615 post
1026 548 1393 611 VCSllt'l'lilllill!
1450 547 1671 602 Sabbati
1726 564 1898 618 usque
1947 552 2011 603 ad
2066 550 2304 619 comple-

2423 554 2529 606 Καὶ
2555 553 2677 608 τότε
2731 557 2850 627 μὲν,
2895 560 3065 629 ἤγουν
3103 557 3243 629 μετὰ
3277 557 3339 611 τὸ
3384 557 3675 628 ἑσπερινόν
3704 558 3798 610 τοῦ
3859 556 4008 607 Σατο

734 648 985 692 mentum
1019 640 1319 706 vespertini
1354 640 1676 705 Duminicae,
1735 657 1913 712 genua
1946 643 2166 697 ﬂectere
2199 657 2307 696 non

732 738 1026 798 oportere,
1081 740 1311 799 propter
1360 731 1566 786 Christi
1628 735 2138 789 resurrectionem:
2192 742 2311 803 post

734 820 1032 875 Ilominicnc
1062 837 1192 876 vero
1221 823 1557 894 lychuicum,
1588 841 1767 896 genua
1815 842 2031 882 rursum
2086 826 2309 881 ﬂectere

736 921 792 967 et
819 926 1009 981 preces
1044 912 1153 968 Deo
1185 915 1486 972 eﬂ'undere.
1518 916 1598 972 Ad
1637 918 1802 986 hujus
1830 925 2009 971 autem
2044 919 2124 974 rei
2174 934 2310 974 con-

732 1006 1099 1061 tirmationem
1170 1009 1357 1079 adjicit
1415 1025 1614 1075 canon,
1677 1010 1821 1081 quod
1885 1010 2090 1067 Christi
2140 1013 2306 1067 etiam

734 1101 1069 1155 resurrectio
1101 1116 1325 1168 vespere
1365 1101 1617 1167 Sabbati,
1656 1105 1757 1159 hoc
1817 1112 1923 1169 est,
1976 1112 2105 1160 ante
2160 1105 2306 1159 diem

731 1192 1083 1248 Dominicum
1122 1195 1330 1250 exstitit
1363 1214 1376 1249 :
1405 1198 1684 1264 utffestum
1728 1212 1794 1252 ex
1833 1197 2075 1253 tenebris
2112 1196 2167 1251 in
2222 1198 2309 1251 lu-

732 1302 851 1341 cem
902 1287 1220 1352 desineret,
1270 1298 1325 1343 et
1378 1291 1676 1345 celebratio
1732 1292 2159 1346 resurrectionis
2212 1307 2310 1359 per

732 1381 1004 1451 integrum
1058 1381 1203 1435 diem
1238 1384 1618 1452 integramque
1670 1392 1887 1438 noctem
1951 1385 2123 1439 ﬁeret.
2166 1382 2307 1437 Cum

731 1471 848 1526 haec
882 1472 956 1526 ita
984 1487 1046 1527 se
1082 1472 1345 1540 habeant,
1376 1473 1579 1528 dixerit
1601 1473 1899 1543 quispiam,
1929 1488 1993 1530 ea
2024 1489 2143 1545 quae
2175 1480 2309 1528 sunt

730 1562 785 1615 in
838 1564 1092 1632 praesenti
1164 1578 1376 1618 canone
1430 1578 1738 1634 repugnare
1789 1564 2053 1621 doctrina
2098 1580 2309 1635 praece-

728 1656 908 1710 dentis
950 1656 1200 1711 canonis.
1235 1654 1354 1709 [llic
1383 1655 1531 1709 enim
1561 1654 1765 1711 dictum
1804 1663 1911 1721 est,
1942 1655 2084 1712 diem
2118 1657 2305 1712 Ποπιιί-

730 1748 917 1802 nicum
1000 1749 1277 1801 numerari
1352 1762 1382 1801 a
1452 1749 1679 1819 septima
1749 1750 1883 1803 hora
1946 1749 2305 1819 praecedentis

732 1840 936 1904 noctis,
988 1848 1044 1894 et
1082 1841 1215 1894 liora
1278 1849 1431 1896 sexta
1481 1841 1765 1911 sequentis
1812 1842 1990 1896 noctis
2023 1842 2299 1898 desinere.

2415 646 2583 699 ϐάτου
2618 647 2787 719 μέχρι
2814 650 3181 720 περατώσεως
3219 647 3313 703 τοῦ
3343 649 3632 719 ἐσπερινοῦ
3656 648 3759 716 τῆς
3784 650 4006 714 Rupta-

2414 740 2540 809 κῆς,
2580 742 2654 811 μὴ
2683 742 2890 796 κλίνειν
2942 744 3071 811 γόνυ
3102 743 3190 797 διὰ
3227 743 3328 811 τὴν
3355 744 3448 797 τοῦ
3480 741 3722 813 Χριστοῦ
3752 741 4009 793 ἀνάστα·

2415 849 2500 886 σιν
2522 848 2534 861 ·
2569 834 2709 901 μετά
2737 834 2791 886 δὲ
2830 834 2893 886 τὸ
2924 832 3175 904 λυχνικδν
3233 834 3333 903 τῆς
3368 832 3657 903 Κυρωκῆς
3718 826 3884 889 αὖθις
3936 830 4005 881 τὰ

2413 925 2619 994 γόνατα
2678 924 2956 996 κάμπτειν
3019 928 3113 980 καὶ
3166 926 3246 995 τῷ
3298 925 3493 996 Κυρίῳ
3559 921 4004 995 προσεύχεσῦαι.

2414 1016 2748 1087 Προστίθησι
2786 1001 2842 1069 δὲ
2873 1017 2950 1080 είς
3004 1017 3353 1086 κατασκευὴν
3385 1015 3584 1071 τούτου
3611 1017 3641 1069 ό
3689 1013 3879 1068 κανὼν
3915 1013 4003 1065 δτι

2413 1108 2509 1161 καὶ
2550 1110 2584 1177 ή
2618 1109 2921 1173 ἀνάστασις
2973 1110 3068 1164 τοῦ
3121 1110 3365 1181 Χριστοῦ
3420 1108 3564 1164 κατά
3607 1108 3705 1178 τὴν
3750 1106 4007 1175 ἑσπέραν

2411 1200 2506 1253 τοῦ
2540 1201 2846 1266 Σαϐϐἀτου,
2879 1200 3129 1255 τουτέστι
3158 1201 3267 1265 πρὸ
3296 1200 3627 1272 τῆςήμέρας
3650 1199 3753 1262 τῆς
3782 1199 4007 1267 Κυρια-

2413 1296 2539 1363 κῆς,
2569 1292 2826 1362 γέγονεν,
2859 1294 2945 1348 ἵνα
2995 1294 3105 1347 ἀπὸ
3135 1294 3232 1347 τοῦ
3280 1295 3507 1358 σκότους
3540 1291 3610 1346 τά
3652 1291 3754 1360 τῆς
3807 1289 4010 1358 ἑορτῆς

2417 1386 2768 1457 καταλήξωσι
2813 1388 2952 1459 πρὸς
2991 1387 3132 1456 φῶς,
3194 1386 3291 1441 καὶ
3314 1388 3351 1457 ή
3379 1386 3692 1455 πανήγυρις
3740 1385 3848 1447 τῆς
3884 1382 4011 1434 ἀνα-

2414 1481 2672 1543 στάσεως“
2688 1481 2906 1551 γίνηται
2931 1478 3022 1532 διά
3047 1478 3343 1549 ὁλοκλήρου
3377 1475 3751 1548 νυχθημέρου.
3776 1473 4007 1526 τούτων

2410 1571 2585 1636 οὕτως
2606 1571 2860 1643 ἑχόντων,
2891 1571 3033 1625 είποι
3058 1588 3145 1634 τις
3169 1569 3542 1625 ἐναντιοῦσθαι
3572 1570 3641 1622 τὰ
3664 1571 3723 1621 ὲν
3748 1566 3834 1635 τῷ
3860 1582 4010 1635 παρ-

2409 1664 2525 1717 όντι
2568 1663 2754 1717 κανόνι
2785 1665 2852 1734 τῇ
2879 1661 3197 1731 διδασκαλίᾳ
3220 1660 3313 1714 τοῦ
3342 1658 3715 1733 προλαϐόντος
3750 1656 4005 1714 κανόνος.

2422 1756 2571 1810 Ἐκεῖ
2602 1753 2703 1823 μὲν
2747 1753 2857 1824 γὰρ
2881 1752 3098 1824 εἴρηται
3142 1751 3245 1823 τὴν
3276 1749 3625 1829 κυριὼνυμον
3653 1745 4007 1819 ψηφίζεσθαι

2406 1847 2519 1901 ἀπὸ
2545 1846 2644 1916 τῆς
2672 1843 2718 1910 ζ’
2746 1845 2897 1919 ὧρας
2921 1848 3023 1915 τῆς
3058 1842 3166 1915 πρὸ
3215 1841 3387 1912 αὐτῆς
3416 1842 3631 1904 νυκτὸς,
3667 1840 3773 1893 καὶ
3837 1855 4003 1891 κατα-

730 1929 887 1985 Nuuc
921 1942 1101 1985 autem
1143 1930 1423 1987 decretum
1477 1939 1584 1995 est,
1636 1931 1981 1988 Dominicum
2024 1937 2304 1990 numerari

2415 1938 2610 2007 λήγειν
2661 1936 2829 2007 μέχρι
2877 1936 2977 2006 τῆς
3005 1935 3177 2005 ἕκτης
3204 1932 3356 2006 ὥρας
3380 1933 3476 1986 καὶ
3512 1932 3690 1999 αὐτῆς
3722 1930 3831 1999 τῆς
3868 1928 4009 1997 μετά

730 2033 854 2091 post
878 2024 1192 2094 lychnicum
1225 2021 1481 2089 Sabbati,
1522 2032 1577 2079 et
1608 2020 1863 2079 desinere
1892 2040 2122 2094 vespera
2151 2027 2307 2096 ejus-

730 2116 855 2169 dem
894 2116 1061 2170 etiam
1094 2115 1417 2171 Dominicae.
1447 2116 1566 2172 Non
1602 2126 1732 2171 sunt
1765 2128 1948 2172 autem
2004 2119 2307 2176 contraria.

732 2210 777 2262 A
814 2207 1052 2263 naturali
1081 2209 1226 2263 enim
1267 2211 1576 2264 caelestium
1611 2225 1905 2278 corporum
1955 2219 2130 2275 motu,
2163 2219 2216 2265 et
2242 2227 2309 2267 ex

733 2300 801 2355 iis
830 2316 954 2369 qme
1007 2316 1239 2367 magnus
1292 2301 1540 2356 Damasci
1590 2301 1782 2355 doctor
1836 2302 2037 2372 inquit,
2086 2302 2310 2360 dies'ita

734 2390 929 2461 incipit
958 2402 1013 2447 et
1044 2392 1270 2457 desiuit,
1304 2393 1448 2448 sicut
1500 2394 1553 2448 in
1588 2393 1656 2450 89
1702 2408 1916 2449 canone
1950 2394 2159 2450 dictum
2200 2404 2307 2453 est.

729 2484 980 2543 Praesens
1014 2496 1196 2543 autem
1244 2504 1419 2544 canon
1458 2489 1940 2559 similiterjubens
1988 2507 2084 2561 per
2133 2500 2306 2548 totum

733 2584 838 2638 diei
866 2592 920 2637 et
955 2576 1134 2639 noctis
1163 2583 1403 2652 spatium
1434 2600 1533 2639 nos
1567 2583 1783 2640 Domini
1837 2587 2300 2642 resurrectionem

730 2674 1037 2737 celebrare,
1075 2690 1184 2729 non
1214 2675 1423 2730 habens
1459 2683 1641 2731 autem
1686 2692 1913 2733 necesse
1944 2687 2073 2732 tunc
2107 2678 2307 2735 docere

729 2766 798 2820 de
829 2765 1033 2821 diurno
1079 2768 1280 2836 spatio,
1332 2767 1426 2823 sed
1481 2768 1761 2838 quomodo
1824 2777 1879 2825 et
1931 2770 2151 2841 quando
2210 2788 2309 2828 nos

734 2866 953 2927 oportet
1005 2859 1068 2911 ad
1129 2858 1254 2912 festi
1323 2859 1748 2916 celebrationem
1814 2869 1869 2917 et
1927 2867 2304 2932 paenitentiam

731 2966 1085 3020 componere,
1147 2950 1303 3012 dicit,
1340 2950 1485 3021 quod
1543 2962 1667 3022 post
1724 2954 2034 3024 lyclinicum
2079 2956 2303 3013 Sahbati

726 3059 813 3105 ea,
869 3060 992 3113 qua:
1061 3043 1129 3098 ad
1177 3047 1604 3101 resurrectionis
1653 3046 1853 3103 festum
1915 3052 2302 3105 celebrandum

727 3137 1031 3204 pertinent,
1062 3139 1441 3205 componenda
1495 3154 1559 3193 ac
1587 3142 1829 3205 paranda
1867 3150 1998 3195 sunt
2040 3161 2053 3199 :
2114 3145 2187 3197 ita
2249 3155 2303 3199 et

2416 2030 2623 2099 ταύτην
2670 2028 2889 2092 νυκτός·
2921 2029 3127 2099 ἀρτίως
3180 2027 3237 2080 δὲ
3273 2025 3522 2079 δέδοκται
3571 2025 3676 2092 τὴν
3710 2022 4010 2093 Κυριακὴν

2414 2123 2757 2194 ψηφίζεσθαι
2800 2122 2943 2193 μετὰ
2993 2121 3054 2175 τὸ
3099 2120 3355 2192 λυχνικδν
3400 2118 3493 2172 τοῦ
3539 2115 3861 2177 Σαϐϐἀτου,
3920 2115 4012 2166 καὶ

2415 2213 2749 2284 καταλήγειν
2816 2212 2979 2282 μέχρι
3047 2210 3144 2264 τοῦ
3214 2206 3504 2279 ἑσπερινοῦ
3551 2208 3647 2260 καὶ
3698 2205 3877 2258 αὑτοῦ
3911 2203 4012 2271 τῆς

2412 2305 2584 2372 αὐτῆς
2617 2303 2929 2374 Κυριακῆς.
2964 2302 3082 2355 Οὐκ
3115 2301 3226 2354 είσὶ
3254 2300 3310 2352 δὲ
3343 2297 3583 2352 ἐναντία.
3626 2296 3770 2349 Ἀπό
3797 2313 3860 2349 τε
3896 2295 4009 2363 γὰρ

2413 2397 2513 2465 τῆς
2553 2396 2788 2464 φυσικῆς
2818 2394 3083 2465 κινήσεως
3107 2392 3217 2446 τῶν
3267 2392 3537 2462 οὐρανίων
3580 2389 3886 2457 σωμάτων,
3916 2389 4014 2440 καὶ

2411 2487 2473 2551 ἐξ
2505 2481 2580 2539 ὧν
2636 2488 2664 2538 ὁ
2708 2485 2886 2556 μέγας
2937 2485 3038 2555 τῆς
3091 2483 3389 2553 Δαμασκοῦ
3431 2480 3765 2542 διδάσκαλός
3819 2496 4011 2549 φησιν,

2411 2581 2586 2642 οὕτως
2617 2581 2648 2648 ἡ
2705 2578 2893 2648 ἡμέρα
2924 2578 3152 2646 ἄρχεται
3184 2575 3280 2628 καὶ
3327 2570 3662 2645 πληροῦται,
3696 2570 3894 2632 καθὼς
3952 2572 4016 2624 ὲν

2411 2676 2489 2748 τῷ
2528 2674 2615 2728 πΟ¹
2647 2673 2831 2727 κανόνι
2893 2672 3135 2742 εἴρηται.
3181 2669 3243 2723 '0
3286 2668 3344 2722 δὲ
3379 2666 3571 2737 παρὼν
3606 2664 3800 2718 κανὼν
3832 2681 4018 2734 παρε-

2418 2769 2586 2839 μοίως
2609 2765 3122 2836 παρακελευόμενος
3151 2762 3221 2817 δι’
3250 2761 3372 2815 ὅλου
3408 2756 3794 2831 ήμερονῦκτου
3832 2774 4016 2826 πανη-

2414 2862 2665 2935 γυρίζειν
2695 2861 2845 2931 ήμᾶς
2871 2859 2973 2929 τὴν
2999 2856 3095 2911 τοῦ
3128 2854 3338 2927 Κυρίου
3373 2854 3704 2915 ἀνάστασιν,
3739 2848 3827 2921 μὴ
3869 2850 4016 2919 ἔχων

2409 2957 2467 3010 δὲ
2512 2954 2574 3008 τὸ
2622 2950 2928 3023 τηνικαῦτα
2975 2946 3399 3019 ἠναγκασμένον
3463 2941 3679 3006 διδάξαι
3730 2940 3873 3008 περὶ
3917 2938 4017 2991 τοῦ

2415 3039 2725 3112 ήμερησίου
2762 3036 3152 3106 διαστήματος,
3178 3032 3316 3087 ἀλλά
3343 3032 3477 3102 περὶ
3510 3029 3605 3084 τοῦ
3641 3030 3766 3092 πῶς
3794 3030 3883 3081 δεῖ
3918 3027 4018 3080 καὶ

2416 3132 2548 3186 πότε
2582 3126 3006 3200 εὐτρεπίζεσθαι
3042 3126 3190 3195 ἡμᾶς
3232 3125 3312 3187 είς
3343 3122 3659 3194 πανήγυριν
3690 3122 3795 3173 καὶ
3844 3121 4017 3188 μετὰ⁸

730 3240 855 3299 post
892 3229 1264 3299 vespertinum
1310 3230 1607 3285 Dominicm
1639 3249 1699 3287 ea
1754 3249 1873 3303 quae
1924 3235 1989 3290 ad
2024 3240 2297 3306 poeniten-

2416 3241 2590 3289 νοιαν,
2631 3221 2798 3291 φησὶν
2827 3220 2909 3273 ὅτι
2949 3219 3092 3289 μετά
3134 3216 3197 3270 τὸ
3239 3215 3500 3285 λυχνικδν
3556 3212 3653 3267 τοῦ
3713 3211 4017 3265 Σαϐϐἀτου

730 3320 890 3375 tiam.
933 3320 991 3375 Si
1032 3322 1175 3375 enim
1208 3322 1311 3375 hoc
1338 3338 1451 3377 non
1506 3323 1820 3388 fecerimus,
1864 3327 1957 3380 sed
2009 3343 2184 3397 usque
2237 3329 2304 3384 ad

728 3415 918 3467 horam
955 3414 1242 3483 septimam
1289 3426 1690 3497 vesperzepost
1734 3416 2079 3473 Dominicum
2122 3420 2301 3489 pinni-

727 3506 917 3560 teutiaa
978 3506 1435 3575 przeparationem
1486 3507 1886 3572 distulerimus,
1935 3518 2197 3581 tauquam
2251 3513 2306 3568 in

727 3612 793 3653 ea
824 3598 1099 3667 completo
1153 3598 1439 3653 Dominico
1463 3639 1478 3664 ,
1536 3599 1719 3670 populi
1747 3608 1873 3670 post
1926 3601 2267 3660 Dominicum
2288 3648 2303 3671 ,

728 3688 933 3759 p0pulo
994 3689 1190 3744 festum
1252 3690 1568 3745 celebrante
1619 3692 1867 3761 ignotum
1930 3694 2038 3752 erit
2090 3705 2307 3768 tempus

727 3789 854 3850 post
887 3780 1259 3847 Dominicum,
1316 3781 1519 3837 festum
1572 3784 1912 3841 celebrantes
1968 3790 2297 3856 manserint,

724 3886 792 3925 eo
815 3870 967 3940 quod
998 3871 1186 3926 multis
1215 3878 1380 3941 atque
1414 3872 1551 3928 adeo
1573 3872 1823 3942 pluribus
1854 3875 1924 3929 sit
1944 3874 2304 3945 incognitum,

725 3963 949 4031 quando
984 3962 1327 4017 veniat'hora
1360 3964 1590 4033 septima
1616 3972 1702 4030 ,et
1729 3965 1948 4034 quando
1982 3968 2307 4024 teruiinetur

728 4067 906 4112 sexta.
960 4057 1209 4113 Observa
1264 4074 1395 4127 ergo
1450 4073 1713 4125 canones,
1772 4059 1869 4115 ubi
1926 4070 1981 4115 et
2031 4062 2307 4131 quomodo

729 4150 862 4204 editi
917 4158 1090 4205 sunt:
1126 4167 1226 4206 nec
1259 4167 1357 4207 eos
1410 4152 1615 4207 dixeris
1666 4153 1810 4207 inter
1866 4169 1924 4207 se
1977 4168 2303 4224 repugnare.

729 4240 969 4310 Spiritus
999 4242 1143 4298 enim
1172 4252 1400 4299 sanctus
1451 4244 1503 4297 in
1538 4244 1799 4299 omnibus
1841 4245 2059 4300 locutus
2090 4255 2194 4301 est.

798 4594 958 4664 265
992 4592 1246 4649 ZONAR.
1279 4593 1393 4648 Non
1445 4609 1567 4650 esse
1608 4594 1912 4649 Dominicis
1955 4606 2049 4650 aut
2104 4596 2302 4650 Pente-

727 4696 907 4740 rostes
940 4685 1137 4741 diebus
1172 4684 1440 4740 ﬂectenda
1499 4700 1678 4756 genua
1715 4686 1875 4741 multi
1923 4701 2168 4742 canones
2211 4688 2306 4742 de-

727 4799 974 4840 crevere.
1026 4783 1227 4837 Eadem
1283 4782 1469 4836 Basilii
1539 4797 1762 4852 quoque
1823 4798 1977 4838 mens
2034 4782 2156 4845 fuit,
2209 4782 2303 4851 qui

728 4885 991 4942 praeterea
1033 4889 1255 4938 causas,
1287 4884 1513 4944 propter
1567 4890 1710 4943 quas
1742 4889 1806 4929 ea
1840 4874 2184 4929 consuetudo
2234 4874 2307 4929 sit

727 4966 1015 5029 damnata,
1070 4965 1371 5021 subnectit.
1428 4963 1524 5020 llic
1570 4980 1701 5021 vero
1742 4978 1920 5020 canon
1945 4967 2013 5019 de
2061 4964 2183 5022 solo
2215 4964 2305 5019 die

729 5059 1019 5114 Dominico
1057 5058 1271 5122 statuit,
1302 5066 1634 5127 tempusque
1680 5072 1710 5111 a
1772 5057 1952 5127 primo
2007 5058 2073 5112 ad
2122 5068 2306 5113 estre-

726 5167 899 5217 mum,
950 5151 1005 5205 in
1059 5166 1171 5220 quo
1200 5166 1373 5215 genua
1428 5149 1789 5218 procumbere
1827 5148 2052 5202 minime.
2102 5149 2290 5212 liceat,

620 5270 629 5276 -
726 5249 915 5309 aperte
949 5240 1291 5303 describens,
1343 5240 1459 5293 ait:
1499 5242 1546 5295 Α
1594 5238 1834 5294 Sabhato
1878 5238 2119 5307 quidem,
2180 5254 2302 5292 cum

729 5332 967 5399 primum
1003 5346 1231 5398 vespere
1268 5331 1333 5385 ad
1386 5331 1554 5385 altare
1592 5332 1932 5385 initiatorum
1967 5330 2169 5384 chorus
2224 5330 2307 5383 in-

729 5423 997 5493 greditur,
1025 5438 1184 5477 nemo
1222 5438 1362 5493 genu
1392 5424 1597 5487 ﬂectat,
1640 5423 1707 5477 ad
1740 5438 1918 5489 usque
1962 5422 2070 5475 diei
2121 5419 2302 5473 Domi-

732 5517 841 5582 nici
899 5530 1209 5586 vesperam,
1254 5515 1474 5586 quando
1503 5515 1718 5570 scilicet
1773 5514 1913 5567 alter
1964 5513 2304 5567 initiatorum

737 5608 797 5663 ﬁt
833 5610 1139 5679 ingressus,
1202 5615 1330 5661 tunc
1365 5605 1510 5660 enim
1563 5620 1739 5675 genua
1787 5603 2091 5666 ﬂectentes,
2141 5612 2196 5659 et
2230 5603 2311 5658 sic

735 5703 958 5750 orantes
986 5708 1095 5748 non
1120 5695 1490 5764 peceabimus.
1527 5695 1660 5760 Qua:
1696 5709 1800 5749 nox
1846 5694 2051 5749 etenim
2100 5695 2308 5749 Satiba-

735 5797 850 5840 tum
884 5786 1261 5856 consequitur,
1285 5802 1347 5839 ea
1384 5788 1604 5855 prepria
1631 5785 1929 5840 Domiuiem
1955 5787 2091 5842 lueis
2120 5790 2309 5842 existi-

738 5888 937 5941 matur,
976 5890 1141 5948 quam
1174 5878 1338 5933 etiam
1372 5877 1614 5948 hymnis,
1651 5875 1827 5948 inquit
1878 5892 2076 5945 canon,
2123 5880 2309 5933 tradu-

2412 3317 2482 3369 τὰ
2527 3314 2663 3386 πρὸς
2688 3312 3002 3382 πανήγυριν
3050 3309 3152 3380 τῆς
3196 3307 3549 3367 ἀναστάσεως
3580 3303 4012 3374 εὑτρεπιστέον·

2412 3405 2673 3467 ὡσαύτως
2711 3405 2807 3457 καὶ
2840 3402 2980 3471 μετά
3018 3400 3078 3453 τὸ
3124 3398 3415 3469 ὲσπερινδν
3449 3397 3552 3466 τῆς
3586 3394 3918 3464 Κυριακῆς,
3946 3396 4019 3446 τᾶ

2412 3498 2552 3570 πρὸς
2594 3495 2904 3566 μετάνοιαν.
2948 3492 3011 3546 El
3040 3491 3115 3561 μὴ
3149 3492 3258 3561 γὰρ
3288 3486 3433 3543 οῦτω
3471 3488 3822 3558 ποιήσωμεν,
3873 3485 4021 3540 ἀλλά

2416 3590 2579 3661 μέχρι
2614 3588 2716 3657 τῆς
2741 3584 2982 3655 ἑϐδόμης
3015 3581 3165 3649 ὥρας
3217 3580 3361 3651 μετὰ
3385 3579 3487 3650 τὴν
3508 3577 3810 3648 Κυριακὴν
3845 3578 4020 3631 ἐστιέ-

2414 3702 2513 3756 ρας
2547 3681 2957 3753 ἀναμείνωμεν,
3002 3677 3096 3731 καὶ
3139 3674 3231 3729 τδν
3272 3671 3642 3747 εὐτρεπισμόν
3700 3670 3808 3742 τῆς
3845 3690 4021 3742 μετα-

2410 3778 2585 3841 νοίας,
2625 3774 2702 3838 ὡς
2738 3774 2797 3827 ἑν
2829 3770 3000 3844 ταύτῃ
3037 3768 3548 3840 συμπληρουμένης
3596 3762 3706 3834 τῆς
3738 3764 4022 3835 κυριωνὶ-

2415 3887 2541 3939 μου,
2570 3866 2792 3921 λάθοιεν
2832 3864 2901 3918 ἂν
2929 3859 3402 3931 πανηγυρίζοντες
3432 3858 3527 3911 atat
3561 3858 3708 3927 μετὰ
3770 3858 3879 3926 τὴν
3918 3875 4023 3909 κυ-

2415 3958 2714 4031 ριὼνυμον,
2745 3954 2834 4009 διὰ
2870 3953 2929 4007 τὺ
2961 3952 3205 4016 πολλοῖς,
3278 3949 3481 4020 μᾶλλον
3518 3949 3576 4002 δὲ
3608 3950 3730 4011 τοῖς
3762 3947 4024 4000 πλείοσιν

2410 4051 2778 4117 ἀδιάγνωστον
2797 4044 2935 4100 εἶναι
2958 4045 3056 4115 τὴν
3083 4042 3409 4096 ἐπιστασίαν
3438 4041 3535 4109 τῆς
3567 4039 3815 4110 ἑϐδόμης
3832 4039 4019 4109 ὥρας,

2414 4142 2509 4195 καὶ
2538 4140 2600 4193 τὸ
2628 4138 2783 4202 τέλος
2830 4137 2933 4206 τῆς
2958 4137 3148 4205 ἕκτης.
3178 4133 3445 4205 Συντήρει
3479 4129 3577 4185 οὖν
3606 4132 3680 4186 τὰ
3711 4122 4021 4197 θὼνονικά,

2411 4230 2543 4284 ἔνθα
2572 4230 2669 4287 καὶ
2706 4230 2860 4289 ὅπως
2889 4224 3338 4295 ὲξεφωνήθησαν·
3392 4223 3489 4276 καὶ
3525 4222 3601 4293 μὴ
3649 4220 3823 4292 εἴπῃς
3855 4223 4023 4273 ἐναν-

2414 4322 2685 4376 τιοῦσθαι.
2743 4320 2832 4373 Ἐν
2870 4320 3005 4372 πᾶσι
3051 4316 3160 4387 γὰρ
3194 4316 3256 4369 τὸ
3298 4315 3572 4383 πανάγιον
3613 4312 3858 4383 Πνεῦμα
3894 4313 4026 4367 ἐλά.-

2338 4466 2383 4520 D
2412 4416 2479 4484 λη
2488 4432 2595 4468 σεν.

2483 4594 2728 4649 ΖΩΝΑΡ.
2768 4591 2841 4645 Τὸ
2866 4590 2941 4660 μὴ
2996 4589 3204 4642 κλίνειν
3250 4588 3383 4655 γόνυ
3440 4589 3499 4640 ἑν
3524 4587 3853 4656 Κυριακαῖς
3889 4588 3928 4658 ἢ
3962 4589 4022 4641 ἐν

2410 4685 2678 4767 ταῖςντῆς
2722 4679 3108 4751 Πεντήκοστῆς
3168 4679 3405 4748 ἡμέραις
3439 4677 3716 4767 διάφοροι
3770 4680 4024 4747 vermes.

2409 4765 2566 4831 τοῦσί
2608 4775 2855 4837 κανόνες,
2898 4770 2993 4824 καὶ
3021 4770 3050 4822 ὁ
3093 4768 3272 4836 μέγας
3300 4766 3604 4831 Βασίλειος,
3645 4765 3707 4827 ὃς
3750 4767 3865 4820 καὶ
3917 4768 4024 4829 τὶς

2412 4870 2595 4931 αἰτίας
2628 4864 2981 4937 προστίθησι,
3013 4862 3078 4916 δι’
3123 4860 3193 4924 ἃς
3223 4860 3624 4930 ἀπηγόρευται.
3665 4851 3855 4919 υῦτος
3884 4859 3949 4913 δὲ
3994 4861 4024 4912 ό

2413 4960 2597 5015 κανὼν
2628 4957 2757 5027 περὶ
2788 4956 2957 5025 μόνης
2984 4954 3088 5023 τῆς
3139 4952 3432 5022 κυριακῆς
3472 4950 3869 5013 διατάττεται,
3921 4950 4024 5004 καὶ

2410 5054 2476 5106 ὲκ
2513 5049 2674 5111 ποίας
2703 5047 2857 5117 ὥρας
2894 5047 3058 5115 μέχρι
3087 5044 3237 5107 τίνος
3273 5043 3396 5096 οὐδὲ
3423 5041 3629 5095 κλίνειν
3651 5042 3793 5108 γόνυ
3814 5042 4023 5112 σαφῶς

2412 5140 2699 5215 παριστῶν
2738 5154 2876 5208 φησι
2918 5134 3058 5205 μετά
3107 5134 3208 5203 τὴν
3241 5132 3383 5186 κατά
3408 5131 3472 5185 τὸ
3512 5130 3807 5185 Σάϐϐατον
3842 5134 4021 5186 ἐσπε-

2414 5236 2568 5303 ριαιὴν
2618 5231 2824 5285 εἴσοδον
2862 5230 2943 5293 εἰς
2969 5229 3033 5281 τὸ
3068 5226 3463 5295 θυσιαστήριον
3517 5224 3626 5276 τῶν
3674 5224 4021 5293 ἱερωμένων

2415 5327 2621 5397 μηδένα
2672 5323 2802 5392 γόνυ
2831 5321 3038 5375 κλίνειν
3078 5319 3243 5390 μέχρι
3292 5318 3391 5389 τῆς
3430 5315 3671 5387 ἑσπέρας
3725 5316 3849 5381 τῆς
3904 5318 4021 5369 κυπ-

2412 5419 2634 5495 ριακῆς,
2672 5419 2762 5471 ὅτε
2794 5414 2999 5485 δηλαδὴ
3074 5408 3234 5474 αὖθις
3286 5411 3320 5480 ἡ
3372 5408 3576 5469 εἴσοδος
3623 5407 3866 5474 γίνεται
3909 5409 4021 5461 τῶν

2416 5512 2756 5585 ἱερωμένων·
2808 5510 2995 5562 ἔκτοτε
3025 5505 3133 5575 γάρ
3180 5503 3457 5564 κλίνοντες
3490 5500 3619 5568 γόνυ
3668 5500 3769 5552 καὶ
3835 5502 4023 5565 οὕτως

2409 5603 2699 5673 εὐχόμενοι
2726 5600 2822 5669 οὐχ
2870 5596 3289 5667 ἀμαρτήσομεν.
3336 5593 3401 5645 Ἣ
3433 5594 3541 5661 γὰρ
3573 5590 3711 5660 μετά
3764 5593 3846 5644 τὸ
3876 5593 4022 5649 Σάε.

2411 5695 2577 5748 ϐατον
2601 5691 2697 5756 νὺξ
2726 5693 2823 5761 τῆς
2856 5688 3145 5758 Κυριακῆς
3170 5686 3475 5753 λογίζεται,
3506 5685 3573 5753 ῆν
3594 5683 3688 5736 καὶ
3708 5685 3775 5735 ἐν
3814 5684 4021 5756 ὕμνοις

2410 5783 2529 5835 δέον
2548 5781 2779 5847 διάγειν,
2801 5779 2968 5848 φησὶν
2997 5780 3025 5830 ὁ
3058 5775 3261 5841 κανὼν,
3287 5777 3351 5829 ὲκ
3386 5775 3613 5837 σκότους
3639 5774 3723 5835 εἰς
3760 5775 3900 5842 φῶς
3922 5778 4019 5845 τὴν

2414 5880 2609 5947 ἑορτὴν
2672 5874 3172 5945 παραπέμποντας,
3204 5876 3211 5889 ¹
3239 5870 3332 5925 καὶ
3381 5870 3554 5932 ςῦτως
3600 5869 3660 5920 ἐν
3713 5867 4018 5941 ὁλοκλήρῳ
