4218 6458
215 404 323 468 825

1274 418 1354 478 IN'
1382 421 1545 480 CAN.
1579 423 1698 480 XCI
1736 422 1924 481 CONC
1972 427 2042 483 l\'
2077 428 2405 491 T‘llUl.LO.

3365 446 3471 509 896

215 522 374 573 νυκτὶ
437 524 531 576 καὶ
602 524 786 596 ἡμέρᾳ
838 531 1239 601 πανηγυρίζειν
1296 536 1444 603 ἡμᾶς
1502 535 1599 606 τὴν
1658 534 1772 589 ἀνάι

1822 542 1858 593 Α
1894 558 2039 604 ccrc,
2086 544 2331 599 festivam
2384 547 2757 604 celebritatem
2808 568 2837 606 e
2908 556 3149 609 tenebris
3204 557 3256 610 in
3294 560 3365 611 Ιιςι
3400 584 3465 614 ma

213 625 422 666 στασιν.

1902 638 2363 700 transmittcntcs,
2416 648 2470 693 et
2533 643 2612 695 sic
2667 652 2779 696 tota
2818 655 2978 701 nocte
3036 649 3235 717 dieque
3289 670 3471 705 rosur-

1901 729 2198 781 rectionem
2236 746 2337 785 nos
2375 733 2654 787 celebrare
2685 749 2922 805 oportet.

210 801 432 855 ΑΡΙΣΤ.
481 823 500 855 ι
547 805 699 858 Μετά
733 806 832 876 τὴν
853 805 1149 877 ἑσπερινὴν
1166 809 1373 865 εἴσοδον
1394 818 1488 866 τοῦ
1513 814 1772 871 Σαϐϐάτοι

1897 819 2119 875 AlllST.
2161 839 2179 871 ι
2216 821 2345 875 Post
2404 801 2772 894 vespertinum
2841 830 3066 885 Sabbati
3122 835 3467 903 ingressum,

294 914 312 946 ι
358 897 432 965 μὴ
464 898 593 964 γόνυ
622 901 813 970 κλίνῃς
859 897 986 971 ἄχρι
1041 903 1140 971 τῆς
1176 902 1469 976 ἑσπερινῆς
1505 911 1647 963 κατὰ
1690 912 1788 981 τὴν

288 1006 305 1037 ι
348 989 636 1060 Κυριακὴν
660 992 887 1049 εἰσόδου.
924 1014 942 1045 ι

282 1079 383 1132 Ἐκ
411 1080 521 1133 τῶν
552 1083 829 1154 Οεοφόρων
871 1089 1131 1159 Πατέρων
1188 1090 1492 1153 κανονικῶς
1542 1091 1785 1161 παρελά-

210 1169 382 1239 ὁομεν
412 1173 488 1242 μὴ
519 1175 646 1240 γόνυ
676 1178 877 1232 κλίνειν
915 1181 973 1231 ὲν
992 1185 1112 1245 ταῖς
1134 1185 1461 1250 Κυριακαῖς,
1481 1185 1555 1247 ὡς
1582 1186 1786 1254 τιμῶν-

204 1280 299 1325 τες
332 1266 433 1334 τὴν
455 1268 547 1319 τοῦ
574 1269 780 1338 Κυρίου
802 1272 1125 1328 ἀνάστασιν.
1161 1278 1278 1329 Ἰνα
1305 1276 1435 1345 γοῦν
1460 1276 1534 1346 μὴ
1598 1279 1789 1348 ἀγνοῆ-

205 1371 298 1408 ται
341 1359 373 1427 ὴ
423 1365 815 1429 παρατήρησις
874 1366 1038 1435 αὕτη,
1080 1369 1227 1431 ὅπως
1271 1370 1477 1439 ὀφείλει
1517 1371 1783 1443 γίνεσθαι,

1974 933 1992 965 σ
2039 930 2213 982 usque
2244 916 2313 969 ad
2354 921 2730 985 vespertinum
2781 922 3077 977 Dominicze
3119 927 3464 993 ingressum,

1970 1024 1987 1056 ι
2027 1022 2200 1076 gmina
2241 1024 2306 1061 ne
2343 1007 2584 1064 ﬂectas.»
2839 1075 2849 1097 ι

1966 1101 2007 1151 Δ
2040 1100 2243 1153 divinis
2280 1096 2537 1157 Patribus
2569 1096 2848 1160 canonice
2885 1109 3219 1176 accepimus,
3279 1110 3463 1162 Domi-

1897 1190 2034 1243 nicis
2068 1206 2208 1257 genu
2250 1207 2354 1244 non
2391 1193 2638 1257 lli-clere,
2665 1206 2727 1249 ut
2760 1198 2973 1251 Domini
3002 1200 3462 1253 resurrectionem

1893 1277 2249 1335 honorantes.
2289 1280 2352 1338 Ut
2386 1285 2573 1353 itaque
2599 1286 2713 1339 haec
2746 1288 3059 1342 observatio
3107 1305 3212 1343 non
3244 1290 3465 1358 ignore-

1894 1382 2004 1436 tur,
2038 1377 2315 1443 quomodo
2366 1376 2479 1430 fieri
2517 1378 2700 1443 debet,
2753 1396 2871 1433 cam
2932 1380 3118 1434 Patres
3167 1397 3260 1448 per
3319 1382 3465 1432 hunc

202 1447 377 1515 δήλην
408 1450 575 1522 αὐτὴν
603 1453 650 1504 οἱ
679 1455 927 1526 Πατέρες
967 1461 1081 1521 τοῖς
1125 1465 1340 1527 πιστοῖς
1374 1463 1465 1515 διὰ
1499 1463 1594 1516 τοῦ
1619 1466 1772 1517 κανό-

1890 1480 2156 1519 canonem
2192 1467 2442 1522 ﬁdelibus
2473 1471 2816 1524 manifestam
2849 1447 3187 1534 eﬂcceruutt
3237 1481 3292 1525 ut
3340 1482 3461 1541 post

202 1558 295 1600 νος
336 1544 531 1595 τούτου
588 1548 983 1617 πεποιήκασινο
1053 1552 1193 1605 ῶστε
1234 1556 1373 1623 μετά
1429 1557 1529 1625 τὴν
1588 1559 1646 1610 ἐν
1705 1557 1772 1629 τᾷ

1894 1562 2269 1627 Vespertinum
2306 1563 2655 1616 sacerdotum
2682 1566 2735 1617 in
2766 1563 3009 1618 Sabbato
3051 1565 3116 1617 ad
3157 1565 3327 1617 altare
3374 1566 3463 1616 in-

200 1631 475 1703 Σαδὸάτῳ
508 1635 806 1709 ἑσπερινὴν
833 1641 942 1694 τῶν
981 1644 1298 1714 ἱερωμένων
1332 1648 1473 1717 πρὸς
1504 1650 1566 1702 τὸ
1596 1649 1785 1703 θυσια-

1888 1666 2133 1719 gressum
2171 1670 2309 1722 genu
2345 1669 2451 1708 non
2486 1654 2701 1711 ﬂectere
2732 1657 3054 1717 debeamus.
3078 1674 3253 1726 usque
3282 1659 3345 1711 ad
3379 1672 3465 1711 εο-

200 1725 426 1794 στήριον
456 1726 659 1780 εἴσοδον
689 1730 763 1801 μὴ
796 1734 926 1799 γόνυ
972 1735 1174 1789 κλίνειν
1222 1738 1387 1809 μέχρι
1423 1741 1521 1807 τῆς
1580 1737 1772 1809 ἐφεξῆς

1891 1755 2149 1813 qucutem
2186 1747 2356 1801 in'die
2396 1746 2677 1801 Dominico
2706 1750 3077 1815 vespertinum
3124 1749 3457 1816 ingressmu,

199 1819 347 1870 κατὰ
369 1820 468 1888 τὴν
516 1821 811 1894 Κυριακὴν
839 1826 1140 1897 ὲσπερινῆς
1175 1831 1414 1895 εἰσόδου,
1450 1832 1523 1890 ὡς
1556 1834 1610 1885 ἐν
1658 1834 1779 1885 ὁλο-

197 1906 392 1979 κλήρῳ
442 1913 771 1986 νυχθημέρῳ
834 1920 1235 1991 πανηγυρίζειν
1290 1922 1439 1993 ἡμᾶς
1499 1924 1597 1995 τὴν
1650 1925 1780 1977 ἀνά-

196 2018 300 2055 στα
310 2020 416 2057 σιν.

781 2100 1022 2155 ΚΑΝΩΝ
1060 2102 1171 2171 ιιιν.

201 2207 220 2239 ι
263 2188 375 2251 Τάς
404 2189 472 2244 τὰ
494 2189 876 2264 ἀμδλωθρίδια
903 2194 1160 2255 διδούσας
1225 2198 1495 2269 φάρμακα
1540 2203 1636 2256 καὶ
1680 2207 1777 2265 τὰς

278 2300 297 2332 ι
331 2281 631 2352 δεχομένας
675 2286 742 2339 τὰ
783 2286 1166 2358 ἐμϐρυοκτόνα
1202 2293 1508 2362 δηλητήρια
1560 2296 1637 2366 τῷ
1681 2296 1775 2350 τοῦ

273 2390 291 2422 s
332 2374 541 2439 φονέως
558 2376 823 2447 ἐπιτιμίῳ
850 2381 1360 2451 καθυποὸάλλομεν.
1399 2403 1417 2435 ι
1670 2386 1683 2410 '

266 2464 473 2520 ΒΔΛΣ.
525 2467 753 2534 Ἐπίσης
794 2471 1017 2536 κολάζει
1063 2475 1092 2525 6
1144 2474 1327 2529 κανὼν
1383 2478 1460 2545 τῷ
1509 2478 1775 2548 ἐπιτιμίῳ

187 2560 289 2611 τοῦ
322 2557 531 2626 φονέως
562 2557 661 2622 τὰς
682 2559 932 2625 διδούσας
954 2564 1223 2635 φάρμακα
1257 2567 1562 2639 δηλητήρια
1613 2571 1775 2640 χάριν

189 2646 292 2699 τοῦ
346 2646 711 2717 άμδλωθῆναι
778 2652 846 2705 τὰ
886 2653 1127 2724 ἐμόρυα,
1176 2659 1274 2711 καὶ
1331 2659 1431 2723 τὰς
1478 2660 1777 2731 δεχομένας

189 2739 363 2794 αὐτά.
417 2741 529 2794 Kal
576 2742 605 2794 6
660 2743 759 2813 μὲν
821 2747 1005 2805 κανὼν
1046 2749 1135 2802 διὰ
1181 2751 1428 2805 τοιούτου
1496 2755 1775 2825 ἐπιτιμίου

189 2831 414 2898 κολάζει
465 2833 695 2899 ταύτας.
736 2839 846 2892 Καὶ
895 2841 1153 2910 εὑρήσεις
1211 2844 1279 2897 τὰ
1316 2846 1428 2915 είδη
1463 2848 1569 2900 τῶν
1604 2849 1778 2900 ἐπιτι-

188 2926 335 2995 μίων
369 2926 427 2979 ἐν
475 2926 553 2999 τῷ
600 2931 645 2999 β’
690 2930 873 2984 κανόνι
924 2928 1018 2985 τοῦ
1050 2935 1207 3001 ἁγίου
1240 2934 1542 3003 Βασιλείου,
1590 2941 1686 2993 καὶ
1718 2942 1776 2994 ἐν

184 3022 268 3089 τῷ
303 3020 388 3078 κα²
434 3025 620 3079 κανόνι
666 3027 761 3093 τῆς
797 3028 855 3079 ἐν
926 3027 1171 3101 Ἀγκύρᾳ
1221 3032 1459 3088 συνόδου,
1498 3035 1572 3088 Τὸ
1625 3034 1681 3089 δέ
1726 3042 1775 3089 α’

184 3132 315 3182 κεφ.
392 3116 485 3170 τοῦ
544 3117 619 3170 λθ¹
659 3118 843 3172 τίτλον
914 3121 1009 3174 τοῦ
1074 3123 1116 3187 ξ’
1162 3124 1366 3194 βιϐλίου
1418 3128 1554 3196 φησι
1597 3129 1777 3182 ταῦτα

190 3206 377 3275 ῥητῶς
414 3222 431 3238 ο

182 3298 432 3366 φονεύων
464 3300 777 3369 ἄνθρωπον,
809 3303 904 3356 καὶ
934 3304 962 3355 6
995 3304 1137 3356 κατὰ
1172 3305 1320 3357 δόλον
1354 3307 1525 3359 ποιῶν
1552 3309 1766 3379 ἐμπρη-

183 3392 352 3459 σμὸν,
386 3393 482 3445 καὶ
505 3394 533 3445 6
563 3393 653 3446 διὰ
677 3394 889 3464 φόνονῆ
916 3395 1123 3466 κλοπὴν
1151 3397 1271 3465 μεθ’
1296 3399 1477 3452 ὃπλων
1517 3401 1766 3469 περιιὼν,

181 3482 284 3536 καὶ⁵
314 3481 343 3535 6
374 3482 546 3553 ἀρχῆς
586 3482 619 3553 ἢ
653 3481 1014 3553 δικαστηρίου
1047 3485 1315 3553 δημοσίου
1350 3486 1651 3557 προεστὼς,
1671 3491 1767 3542 καὶ

184 3574 505 3635 σπουδάσας
530 3574 790 3637 πλαστῶς
824 3574 1279 3646 κατηγορηοῆναί
1321 3594 1442 3629 τινα
1475 3578 1568 3631 καὶ
1614 3580 1769 3632 ἀναι-

180 3669 322 3730 τίως
355 3667 853 3735 καταδικασθῆναι,
917 3669 1011 3721 καὶ
1052 3670 1081 3721 6
1127 3670 1221 3721 ἐπὶ
1267 3669 1548 3739 ἀναιρέσει
1596 3690 1769 3745 κατα-

184 3760 466 3821 σκευάσας
515 3756 825 3828 ἢδεδωκὼς
884 3760 1222 3829 φάρμακονο
1260 3761 1361 3815 καὶ
1413 3779 1538 3831 κεφ.
1587 3770 1635 3833 γ’
1687 3763 1765 3833 τῷ

186 3853 327 3923 περὶ
372 3852 726 3922 ἀνδροφόνων
775 3852 924 3923 νόμῳ
971 3855 1285 3924 κατέχεται.
1350 3856 1461 3910 Καὶ
1500 3858 1527 3909 ὁ
1570 3858 1660 3910 διὰ
1707 3859 1768 3912 τὸ

185 3943 457 4011 φονεῦσαι
482 3943 775 4014 ἄνθρωπον
805 3945 1103 4013 φάρμακον
1134 3946 1306 3998 ποιῶν
1351 3944 1382 4015 ἢ
1434 3948 1766 4018 πιπράσκων

184 4035 217 4104 ἦ
259 4036 421 4105 ἔχων.
456 4036 576 4088 Είσὶ
602 4034 659 4087 δὲ
689 4036 957 4105 φάρμακα
999 4036 1188 4103 ὑγείαν
1219 4036 1551 4106 ἐμποιοῦντα
1583 4040 1768 4093 καὶτὰ

181 4127 457 4196 λεγόμενα
476 4126 692 4196 φίλτρα.
735 4128 878 4180 Οίδέ
920 4126 988 4181 τὰ
1012 4128 1211 4198 φίλτρα
1250 4128 1532 4193 ποιοῦντες
1563 4130 1765 4199 δημευ-

182 4220 388 4289 όμενοι
452 4217 910 4290 ἐξοριζέσθωσαν.
955 4221 1019 4273 El
1077 4220 1135 4273 δὲ
1189 4222 1282 4274 καί
1350 4240 1435 4286 τις
1496 4224 1571 4293 μὴ
1612 4224 1769 4295 κακῷ

183 4310 440 4380 λογισμῷ
465 4311 611 4382 δὼσῃ
667 4311 889 4380 γυναικὶ
937 4310 1325 4403 συλληπτικὸν,
1361 4316 1458 4368 καὶ
1520 4317 1768 4387 ἀποθάνῃ

182 4406 218 4473 ή
271 4402 531 4467 λαϐοῦσα,
584 4403 925 4472 ἐξορίξεται·
963 4402 1099 4458 Καὶ
1130 4403 1273 4473 Θέμα
1334 4404 1381 4473 γ’
1446 4406 1539 4460 τοῦ
1602 4409 1765 4461 αὑτοῦ

1891 1845 1949 1889 ut
1983 1853 2077 1906 per
2110 1838 2386 1904 integrum
2428 1840 2604 1894 noctis
2641 1847 2695 1892 et
2728 1840 2831 1894 diei
2874 1842 3110 1910 spatium
3145 1856 3252 1894 nos
3279 1856 3461 1895 resur-

1885 1931 2179 1985 rectionem
2220 1931 2581 1986 celebremus.

2459 2109 2690 2165 CANON
2736 2111 2873 2166 XCI.

1887 2220 1904 2251 ι
1950 2199 2053 2254 Eas
2086 2218 2207 2270 qua:
2238 2202 2364 2255 dant
2396 2202 2738 2258 abortionem
2775 2206 2978 2259 cientiu
3032 2205 3454 2269 medicamenta,

1957 2312 1976 2345 ι
2012 2302 2063 2346 et
2100 2310 2220 2361 quae
2262 2294 2423 2348 fmtus
2461 2296 2714 2349 necantia
2777 2311 2986 2349 venena
3025 2296 3325 2364 accipiunt,
3358 2297 3456 2349 ha-

1957 2406 1975 2438 ι
2016 2387 2228 2441 micida:
2268 2389 2445 2455 poenis
2474 2386 2824 2455 subjicimus.
2867 2407 2886 2440 ι

1952 2479 2145 2533 BALS.
2210 2478 2413 2532 Eadem
2475 2494 2659 2548 poma,
2732 2495 2837 2549 qua
2876 2479 3231 2543 homicidam,
3294 2480 3453 2548 punit

1879 2588 2057 2626 canon
2086 2586 2202 2633 eas,
2234 2588 2355 2637 quae
2383 2572 2515 2625 dant
2540 2587 2771 2634 venena,
2825 2580 2881 2624 ut
2924 2588 3105 2640 provoi
3127 2582 3251 2626 etur
3287 2574 3455 2625 abor-

1883 2662 1979 2719 tio.
2016 2670 2067 2713 et
2102 2676 2222 2728 qua:
2254 2661 2555 2729 accipiunt.
2596 2661 2659 2714 Et
2703 2660 2791 2715 hic
2822 2661 3042 2730 quidem
3096 2677 3272 2713 canon
3332 2662 3455 2713 illas

1880 2752 1971 2806 tali
2006 2767 2164 2816 pmna
2199 2752 2380 2807 allicit.
2416 2741 2711 2807 Pmna’rum
2751 2763 2929 2806 auten
2970 2769 3171 2822 genera
3204 2753 3456 2807 invenies

1878 2844 1931 2897 in
1982 2848 2017 2897 2
2061 2859 2184 2898 can.
2243 2844 2417 2897 sancti
2463 2842 2771 2904 Basilii,et
2840 2844 2892 2897 in
2949 2844 3012 2898 21
3074 2859 3201 2899 can.
3260 2846 3454 2915 synodi

1877 2935 2076 3005 Ancyr.
2110 2935 2347 2988 Primum
2384 2942 2563 2989 autem
2605 2944 2769 3004 caput
2836 2937 2905 2991 '59
2942 2936 3028 2991 tit.
3082 2952 3146 2990 LX
3192 2937 3288 2992 lib.
3340 2938 3454 2990 hmc

1879 3025 2013 3079 dicit
2044 3040 2303 3091 expresse
2335 3044 2347 3079 :
2382 3023 2520 3095 Lege
2546 3025 2615 3080 de
2644 3026 2939 3080 homicidis
2989 3036 3204 3082 tenetur
3252 3028 3321 3093 is,
3359 3029 3453 3097 qui

1879 3118 2154 3171 hominem
2190 3117 2415 3184 occidit,
2442 3126 2497 3172 et
2527 3119 2621 3188 qui
2672 3119 2800 3173 dolo
2833 3121 3065 3175 suscitat
3116 3119 3457 3184 incendium,

500 3208 593 3277 Τῷ
643 3210 771 3278 περὶ
809 3210 1153 3280 ἀνδροφόνων
1211 3216 1362 3285 νόμῳ
1407 3215 1691 3270 ὑπόκειται
1742 3220 1769 3270 6

1822 3214 1839 3271 Ξ
1874 3219 1928 3265 et
1955 3211 2069 3279 qui,
2108 3208 2188 3264 vel
2219 3209 2437 3265 furandi
2473 3211 2557 3265 vel
2591 3210 2757 3266 catdis
2785 3210 3050 3266 facienda:
3095 3213 3293 3284 gratia,
3326 3228 3450 3267 cunt

1883 3300 2055 3355 armis
2104 3301 2442 3366 obambulat,
2494 3313 2549 3356 et
2596 3302 2711 3372 qui,
2748 3319 2873 3358 cum
2924 3306 3303 3372 magistratum
3356 3321 3451 3375 ge—

1881 3399 2027 3443 reret
2059 3390 2142 3444 vel
2187 3387 2397 3459 judicio
2450 3399 2730 3461 praeesset,
2785 3394 3163 3461 procuraverit
3218 3403 3275 3445 ut
3328 3395 3451 3461 quis

1881 3483 2006 3537 ﬁcte
2043 3493 2420 3546 accusaretur,
2463 3492 2513 3537 et
2551 3484 2820 3538 innocens
2861 3485 3344 3549 condemnaretur,
3392 3493 3447 3540 et

1878 3576 1971 3645 qui
2000 3576 2063 3628 ad
2096 3575 2397 3628 tollendum
2437 3576 2503 3627 de
2539 3576 2717 3628 medio
2744 3590 3014 3628 venenum
3064 3576 3451 3645 praeparaverit

1878 3667 1963 3721 vel
1994 3667 2225 3721 dederit.
2262 3666 2327 3719 Et
2359 3682 2481 3735 rap.
2518 3668 2551 3720 5
2585 3667 2700 3736 lege
2730 3668 2795 3721 de
2824 3668 3115 3723 homicidis
3150 3669 3255 3722 lata
3300 3678 3453 3724 tene-

1874 3767 1989 3821 tur,
2020 3759 2111 3828 qui
2152 3758 2218 3811 ad
2258 3758 2536 3810 hominem
2576 3758 2941 3811 occidendum
2990 3758 3448 3813 medicamentum

1880 3849 2031 3910 facit,
2061 3851 2143 3903 vel
2174 3849 2451 3913 emit“.ch
2489 3849 2671 3903 habet.
2719 3849 2860 3904 Sunt
2892 3858 3073 3903 autem
3131 3850 3452 3917 pharmaca,

1877 3959 1999 4013 quae
2028 3943 2322 3997 sanitatem
2360 3938 2620 4005 zi'ﬂ‘erunt,
2651 3950 2704 3995 ct
2732 3958 2853 4010 quae
2877 3942 3140 3995 dicuntur
3164 3941 3449 3996 amatoria.

1878 4031 1980 4098 Qui
2012 4042 2192 4086 autem
2234 4029 2445 4085 faciunt
2476 4031 2766 4093 amatoria,
2806 4031 3103 4098 publicatis
3158 4029 3321 4083 bunis
3353 4044 3451 4082 ex.-

1877 4124 2263 4179 terminentur.
2294 4120 2449 4187 Quod
2481 4123 2525 4175 si
2556 4122 2680 4190 quis
2726 4122 2891 4175 etiam
2929 4121 3225 4175 nou.malo
3268 4121 3453 4172 animo

1822 4210 1831 4217 ’
1880 4216 2096 4271 mulieri
2127 4216 2339 4269 dederit
2376 4213 2839 4269 medicamentum
2893 4216 2957 4268 ad
3000 4214 3443 4283 concipiendum.

1877 4322 2055 4377 eoque
2088 4316 2313 4375 accepto
2367 4314 2586 4359 mortua
2643 4306 2736 4367 sit,
2791 4304 2845 4359 in
2887 4304 3139 4358 exsilium
3190 4304 3447 4357 mittitur.

1879 4399 2248 4469 Ejusdemque
2282 4397 2479 4467 capitis
2512 4397 2693 4450 thema
2729 4397 2977 4457 tertium,
3004 4394 3192 4449 dicens
3216 4395 3270 4447 in
3302 4394 3453 4463 prin-

185 4512 334 4562 κεφ.
369 4493 531 4562 λέγον
591 4495 722 4564 περὶ
765 4494 863 4557 τὰς
900 4496 1097 4565 ἀρχάς.
1150 4497 1457 4567 Κατέχεται
1509 4498 1588 4569 τῷ
1638 4501 1765 4568 περὶ

1822 4494 2065 4595 )cipio:
2103 4491 2244 4561 Lege
2294 4490 2362 4544 de
2416 4488 2705 4543 homicidis
2758 4488 2865 4541 lata
2918 4494 3157 4548 tenetur,
3214 4495 3268 4539 et
3324 4487 3449 4554 qui-

190 4586 541 4656 ἀνδροφόνων
590 4584 743 4655 νόμῳ
780 4585 873 4638 καὶ
934 4588 963 4639 ὁ
1021 4588 1415 4657 πιγμεντάριος
1477 4590 1767 4661 προπετῶς

185 4675 372 4737 διδοὺς
402 4676 699 4744 φάρμακον
741 4674 774 4745 ἦ
808 4675 1198 4746 σαλαμάνδραν
1235 4678 1268 4748 ἢ
1298 4678 1549 4733 ἀκόνιτον
1600 4682 1632 4750 ἢ
1676 4696 1769 4733 πι-

184 4765 526 4835 τυοκάμπην
557 4764 588 4834 ἢ
644 4764 981 4834 βούδρωστιν
1015 4765 1047 4835 ἦ
1080 4767 1468 4838 μανδραγόραν
1500 4768 1532 4838 ἢ
1565 4769 1769 4823 κανθα-

190 4859 368 4930 ρίδας.
402 4859 511 4912 Καὶ
543 4858 686 4926 Οέμα
720 4858 762 4910 6'
796 4874 811 4890 °
866 4857 931 4912 Ἡ
966 4858 1123 4929 ποινὴ
1172 4861 1206 4929 ἡ
1255 4861 1395 4913 κατὰ
1426 4862 1769 4932 ἀνδροφόνων

186 4951 290 5003 ἐπὶ
326 4950 423 5019 μὲν
449 4949 687 5018 ἐντίμων
723 4950 1087 5021 περιορισμός
1144 4952 1261 5003 ἐστι
1321 4952 1414 5004 καὶ
1450 4952 1630 5006 τελεία
1678 4953 1769 5023 δή-

191 5056 415 5110 μευσιςο
468 5039 564 5092 ἐπὶ
593 5041 650 5093 δέ
690 5040 801 5093 τῶν
825 5040 1062 5093 εὐτελῶν
1100 5039 1243 5111 ξίφει
1271 5044 1365 5095 καὶ
1394 5043 1606 5111 θηρίοις
1639 5044 1770 5097 ὐπο-

186 5130 490 5199 6λτ,θῆναι.
547 5130 657 5182 Καὶ
683 5130 857 5183 ταῦτα
907 5130 1005 5197 μέν
1036 5132 1143 5184 ἀπὸ
1191 5131 1285 5184 τοῦ
1324 5133 1559 5185 παλαιοῦ
1601 5133 1766 5200 νόμον

186 5224 291 5276 καλ¹
334 5221 443 5273 τῶν
522 5222 790 5274 κανόνων.
841 5219 1221 5291 Ἀπελύθησαν
1278 5222 1335 5276 δὲ
1392 5224 1587 5294 νεαραὶ
1642 5226 1770 5294 περὶ

186 5313 401 5383 φονέων
423 5313 695 5365 ἀκουσίων
723 5312 818 5364 καὶ
856 5312 1115 5365 ἑκουσίων
1129 5313 1381 5384 διάφοροι
1410 5316 1560 5383 παρὰ
1596 5331 1652 5366 τε
1673 5315 1766 5367 τοῦ

187 5404 460 5476 βασιλέως
488 5422 521 5456 κ
538 5404 669 5473 υροῦ
695 5405 1107 5457 Κωνσταντίνου
1132 5405 1226 5457 τοῦ
1251 5406 1768 5475 Πορφυρογεννήτου

187 5496 405 5551 καὶτοῦ
442 5495 767 5561 Οεοστεφοῦς
809 5498 905 5549 καὶ
959 5497 1117 5563 ἁγίου
1175 5496 1335 5566 ὴμῶν
1368 5498 1768 5568 αὐτοκράτορος

188 5586 367 5657 κυροῦ
433 5586 692 5655 Μανουὴλ
756 5586 851 5639 τοῦ
916 5587 1231 5657 Κομνηνοῦ,
1288 5581 1364 5641 ῶν
1409 5590 1462 5641 al
1512 5589 1769 5657 δυνάμεις

190 5679 615 5747 συνωψίσθησαν
672 5680 731 5730 ἐν
792 5680 909 5742 τοῖς
961 5679 1089 5748 περὶ
1159 5679 1366 5748 φονέων
1440 5681 1631 5733 κανόσι
1672 5682 1766 5733 τοῦ

193 5773 438 5844 μεγάλου
484 5771 789 5824 Βασιλείου.
837 5770 1145 5841 Ἐρωτήσει
1177 5771 1234 5824 δέ
1263 5789 1367 5836 τις,
1401 5770 1475 5834 ὡς
1509 5774 1572 5823 ἐκ
1602 5773 1764 5841 μόνου

188 5865 285 5919 τοῦ
338 5862 519 5918 δεῦναί
553 5881 673 5917 τινα
750 5862 885 5933 πρὸς
923 5867 1155 5932 γυναῖκα
1215 5864 1584 5935 ἀμϐλωορὶδια
1628 5866 1766 5918 υπο-

1874 4598 2097 4651 cunque
2127 4582 2525 4653 pigmentarius
2574 4590 2782 4636 temere
2814 4581 2909 4633 dat
2952 4580 3446 4641 medicamentum,

1872 4677 1955 4733 vel
1982 4674 2409 4737 salamandram,
2442 4673 2525 4727 vel
2568 4673 2867 4736 aconitum,
2909 4670 2991 4725 vel
3048 4670 3445 4740 pityocampam

1872 4768 1955 4823 vel
2018 4765 2319 4836 buprestim
2363 4765 2443 4819 vel
2499 4764 2911 4832 mandragoram
2956 4762 3038 4816 vel
3082 4762 3449 4815 cantharides.

1873 4859 1938 4915 Et
1974 4860 2152 4913 thema
2180 4857 2215 4911 4
2248 4859 2514 4913 adversus
2549 4856 2855 4910 homicidas
2880 4870 3035 4925 poena
3070 4864 3175 4919 est,
3204 4856 3257 4908 in
3286 4855 3452 4908 claris

1871 4953 2091 5023 quidem
2134 4952 2394 5005 exsilium
2427 4959 2480 5004 et
2516 4950 2759 5020 perfecta
2798 4951 3067 5004 bonorum
3104 4950 3399 5018 publicatio
3432 4964 3447 5002 :

1874 5046 1928 5098 iu
1957 5043 2349 5099 humilioribus
2401 5050 2584 5096 autem
2639 5042 2756 5097 ensi
2802 5049 2856 5095 et
2904 5042 3098 5096 bestiis
3127 5041 3344 5107 subjici.
3385 5041 3451 5094 Et

1874 5137 1987 5191 bzcc
2020 5137 2240 5204 quidem
2276 5150 2341 5189 ex
2376 5133 2544 5188 veteri
2584 5133 2698 5203 lege
2730 5140 2785 5187 et
2819 5134 3065 5202 antiquis
3111 5133 3447 5186 eanonibus.

1874 5229 2101 5284 Emissae
2132 5236 2263 5283 sunt
2294 5236 2473 5281 autem
2508 5226 2574 5279 de
2612 5226 2927 5288 homicidis,
2974 5236 3085 5279 tam
3119 5227 3449 5280 voluntariis

1872 5336 2036 5391 quam
2068 5318 2476 5378 involuntariis,
2514 5318 2742 5371 divisrsa:
2780 5318 3005 5371 novella
3049 5318 3118 5371 ab
3155 5319 3288 5387 imp.
3349 5321 3450 5373 do-

1872 5413 2022 5465 mino
2057 5410 2423 5465 Constantino
2472 5407 3017 5479 Porphyrogenncla,
3075 5421 3128 5462 et
3181 5418 3446 5477 prazstan-

1873 5501 2088 5555 tissimo
2129 5508 2429 5565 sanctoque
2472 5496 2604 5565 imp.
2653 5506 2843 5551 nostro
2876 5498 3099 5551 domino
3146 5498 3450 5551 Eulanuele

1872 5594 2175 5655 (lomueno,
2207 5606 2441 5658 quarum
2478 5592 2622 5643 vires
2659 5591 2713 5642 in
2764 5590 3071 5644 eanonibus
3116 5592 3299 5659 magni
3341 5591 3444 5643 Ba-

1876 5685 1988 5737 silii
2035 5683 2101 5737 de
2130 5682 2418 5736 homicidis
2455 5682 2509 5735 in
2562 5683 2945 5749 compendium
3003 5683 3236 5737 redacta
3290 5695 3440 5737 sunt.

1874 5773 2299 5842 Interrogaverit
2350 5782 2532 5827 autem
2566 5773 2859 5841 quispiam,
2916 5788 2983 5825 an
3042 5789 3107 5827 ex
3152 5789 3239 5839 eo,
3298 5780 3444 5844 quod

1879 5865 2089 5922 dederit
2119 5863 2392 5935 quispiam
2421 5863 2635 5919 mulieri
2666 5863 3120 5919 medicamentum
3171 5860 3249 5920 at!
3287 5867 3445 5920 aber—
