4218 6458
700 435 803 495 8‘21

1960 439 2060 495 ΤΠ
2077 438 2232 494 ξίιΠ)⁴
2267 436 2498 494 BALSA
2513 434 2667 494 ΜοΝ

3858 426 3969 486 8‘28

700 555 930 615 tionem,
969 552 1242 606 homicidii
1274 553 1578 622 tenebitur;
1619 556 1783 626 266
1814 571 1876 606 an
1911 571 2046 623 opus
2104 554 2176 607 sit
2229 559 2286 605 ut
2315 556 2347 612 Α

2413 556 2642 606 πεσεῖται
2673 552 2749 622 τῷ
2779 552 2888 604 τῶν
2913 551 3120 618 φονέων
3151 549 3484 616 ἐγκλήματι·
3535 546 3564 614 ἢ
3623 545 3790 613 χρεία
3847 542 3973 590 ἐστὶ

704 652 973 710 sequatur
1003 645 1165 696 etiam
1199 650 1427 705 eventus
1458 646 1536 698 vel
1575 630 1788 700 caedes?
1836 645 2068 700 Salutio.
2118 631 2270 717 Quod

706 737 961 804 superius
995 739 1231 802 positum
1259 743 1340 788 est
1369 744 1531 804 eaput
1558 737 1614 800 3,
1651 737 1718 790 59
1788 737 1875 790 tit.
1909 753 1974 789 ιιι
2012 735 2106 788 lib.
2135 724 2273 788 ceu;

712 830 909 889 stituit,
945 843 1050 880 non
1089 843 1213 881 eum
1258 828 1434 881 solum
1487 827 1580 896 qui
1623 828 1718 883 dat
1767 844 2036 881 venenum
2093 827 2277 894 puniri

713 929 772 972 nt
806 918 1158 983 homicidam,
1194 912 1288 974 sed
1321 934 1444 974 eum
1480 920 1647 974 etiam
1675 922 1765 987 qui
1799 922 1904 974 tale
1933 921 2062 990 quid
2091 922 2276 976 hahet:

706 1023 760 1064 et
791 1011 825 1063 9.
862 1011 1042 1064 thema
1086 1011 1246 1080 primi
1290 1011 1486 1080 capitis
1525 1011 1770 1079 ejusdem
1805 1014 1892 1066 tit.
1947 1023 1999 1065 et
2049 1013 2145 1066 lib.
2195 1011 2278 1064 di-

709 1105 813 1155 cit:
838 1102 938 1168 Qui
978 1119 1044 1155 eo
1075 1103 1170 1155 fuit
1200 1104 1383 1156 animo
1415 1111 1473 1155 ut
1506 1103 1662 1158 vellet
1713 1104 2037 1169 interficere,
2067 1103 2282 1157 etiamsi

714 1211 826 1248 non
861 1195 1220 1257 interfecerit,
1271 1196 1364 1248 sed
1419 1196 1775 1259 sauciaverit,
1833 1205 1919 1250 est
1967 1197 2284 1250 homicida:

710 1296 766 1339 et
797 1287 890 1352 qui
926 1287 1101 1340 noluit
1149 1286 1480 1350 interticere,
1511 1288 1724 1340 etiamsi
1760 1287 2122 1351 interfecerit,
2172 1305 2280 1342 non

711 1384 790 1428 est
828 1374 1115 1428 homicida.
1151 1373 1385 1428 Aﬂcctio
1416 1384 1594 1429 autem
1661 1390 1724 1428 ex
1757 1375 2129 1430 instrumento
2157 1377 2279 1442 eius

715 1466 809 1530 qui
851 1477 1158 1533 percussu,
1216 1477 1444 1535 apparet
1499 1474 1551 1519 et
1602 1467 1892 1535 probatur.
1950 1468 2056 1521 Sed
2109 1470 2290 1537 magni

720 1557 902 1611 Basilii
950 1574 1190 1612 canones
1221 1559 1379 1613 etiam
1407 1575 1528 1611 eum
1568 1560 1661 1628 qui
1711 1575 1819 1614 non
1857 1574 2053 1629 sponte
2119 1561 2290 1614 inter-

722 1648 874 1712 fecit,
923 1650 1426 1719 quomodocumque
1478 1650 1663 1716 fuerit,
1721 1653 1958 1721 pttniunt
2012 1663 2065 1705 ut
2115 1653 2292 1706 homi-

722 1741 898 1794 cidam
933 1783 947 1807 ,
1012 1750 1200 1794 contra
1263 1757 1325 1795 ac
1385 1745 1871 1811 comprehenditur
1928 1748 2030 1798 hac
2067 1745 2209 1811 lege,
2239 1757 2295 1799 et

728 1833 889 1887 aliter
943 1849 1105 1901 quam
1144 1834 1388 1887 decernit
1431 1833 1463 1886 6
1496 1836 1673 1887 thema
1712 1835 1744 1887 5
1795 1851 1912 1902 rap.
1955 1837 2022 1891 '59
2079 1837 2165 1889 tit.
2217 1852 2284 1892 ιι

728 1927 826 1977 lib.
866 1927 1010 1993 quod
1045 1928 1126 1980 sic
1158 1925 1295 1978 dicit
1341 1945 1354 1979 :
1408 1925 1514 1979 Lex
1546 1926 1612 1978 de
1664 1927 1955 1981 honiieidis
1991 1928 2177 1981 dolum
2213 1944 2303 1982 re-

730 2017 922 2082 quirit,
978 2027 1029 2070 et
1083 2033 1189 2071 non
1249 2031 1498 2086 tragnam
1558 2018 1965 2087 negligentiam.
2024 2019 2205 2083 Quare
2262 2020 2305 2074 si

729 2110 876 2174 quis,
915 2109 1112 2177 seipso
1173 2125 1238 2162 ex
1292 2111 1402 2163 alto
1460 2109 1689 2176 deiecto,
1747 2111 1828 2161 vel
1884 2124 2038 2163 ramo
2093 2112 2309 2165 arboris

733 2204 996 2254 deorsum
1069 2202 1260 2265 misso,
1323 2203 1633 2270 quempiam
1690 2202 1998 2266 occiderit,
2050 2205 2307 2271 praesenti

738 2295 852 2357 lege
882 2309 986 2346 non
1026 2301 1266 2350 tenetur.
1297 2294 1415 2348 Jam
1445 2310 1575 2346 vero
1609 2297 1666 2346 5|
1707 2295 1839 2362 imp.
1873 2295 2078 2347 domini
2114 2295 2311 2351 Leonis

735 2385 1054 2451 Philosophi
1096 2388 1308 2442 novella
1346 2388 1438 2441 dat
1492 2388 1611 2439 viro
1647 2396 1974 2456 potestatem
2016 2389 2308 2442 matrimo-

741 2475 891 2528 nium
929 2477 1266 2531 dissolvendi
1329 2495 1452 2532 cum
1511 2496 1706 2546 uxore,
1742 2496 1862 2549 qua:
1919 2481 2065 2538 illius
2123 2497 2307 2537 semen

734 2568 1020 2622 ahurtione
1055 2569 1236 2624 sciens
1267 2569 1434 2637 ejieit.

808 2657 1058 2712 ΖΟΝΛΠ.
1103 2658 1380 2720 Mulieres.
1415 2671 1704 2731 postquam
1747 2678 1810 2716 ex
1852 2663 2051 2718 furtivo
2103 2680 2308 2719 concu-

749 2749 863 2803 l‘itu
897 2767 1220 2820 concepere,
1256 2755 1462 2823 prolem
1495 2769 1634 2809 eam.
1675 2771 1740 2809 ne
1766 2756 2091 2824 prodantur,
2129 2758 2309 2812 medi-

739 2842 1009 2898 camentis
1083 2844 1416 2913 quibusdam
1477 2845 1657 2914 epotis
1725 2847 1776 2900 in
1844 2855 2004 2902 utero
2074 2860 2312 2914 necant,

742 2932 983 3002 indeque
1015 2934 1123 2987 vita
1158 2936 1482 2990 destitutam
1517 2936 1771 3006 ejiciunt.
1811 2938 1914 2994 Eas
1972 2938 2140 3009 igitur
2197 2956 2318 3009 quae

741 3025 1008 3087 eiusmodi
1046 3040 1341 3097 pnarmara
1398 3030 1522 3084 aliis
1577 3031 1843 3100 praebent.
1890 3037 2004 3084 tum
2058 3046 2154 3087 eas
2200 3047 2322 3100 qua:

743 3120 1042 3188 accipiunt,
1075 3121 1474 3175 homicidarum
1509 3122 1689 3191 pennis
1719 3136 1895 3177 canon
1931 3125 2104 3179 teneri
2141 3125 2320 3194 jubet,

2378 645 2474 698 τοῦ
2509 645 2759 712 γενέσθαι
2798 647 2895 698 καὶ
2925 643 3294 708 ἀποτέλεσμα,
3323 641 3489 709 ἤγουν
3522 639 3720 706 φόνον;
3753 640 3974 705 Λύσις,

2385 736 2459 788 Τδ
2523 735 2907 803 καταστρωοὲν
2963 732 3171 788 ἄνωθεν
3224 729 3272 798 γ’
3327 748 3454 798 κεφ.
3495 730 3585 782 τοῦ
3642 729 3719 780 λθ⁸
3788 731 3972 781 τετλου

2386 829 2478 881 τοῦ
2515 827 2556 893 ξ’
2615 829 2820 899 βιϐλίου
2847 827 3148 894 διορίζεται
3190 824 3267 896 μὴ
3292 825 3384 877 τὸν
3409 824 3564 876 δόντα
3599 825 3763 893 μόνον
3802 824 3976 891 δίλη-

2387 917 2576 986 τῆριον
2629 917 2919 986 φάρμακον
2953 916 3028 977 ὡς
3063 915 3230 983 φονέα
3261 913 3648 981 τιμωρεῖσθαι,
3700 913 3838 965 ἀλλὰ
3883 915 3979 965 καὶ

2391 1009 2480 1060 τὸν
2516 1008 2708 1077 ἔχοντά
2743 1025 2796 1060 τι
2823 1007 3061 1060 τοιοῦτον
3084 1024 3095 1037 ·
3126 1008 3220 1058 καὶ
3270 1006 3332 1059 τὸ
3395 1005 3438 1074 β’
3479 1005 3620 1074 θέμα
3644 1004 3741 1058 τοῦ
3771 1005 3822 1060 α’
3849 1025 3977 1074 κεφ.

2390 1099 2484 1152 τοῦ
2543 1101 2707 1153 αὐτοῦ
2739 1099 2915 1152 τίτλου
2959 1100 3050 1151 καὶ
3110 1098 3318 1166 βιϐλίου
3381 1098 3544 1164 φησίν
3576 1112 3590 1127 ·
3651 1097 3714 1149 Ὀ
3776 1098 3984 1150 σκοπὸν

2394 1190 2644 1261 ἐσχηκὼς
2664 1190 2757 1244 τοῦ
2789 1187 3074 1259 φονεῦσαι,
3103 1188 3209 1241 κᾶν
3235 1188 3309 1259 μὴ
3342 1187 3601 1258 φονεύσῃ,
3629 1187 3767 1241 ἀλλά
3802 1205 3978 1256 τραυ-

2397 1283 2620 1353 ματίσῃ,
2657 1283 2850 1352 φονεύς
2896 1283 3012 1334 ἐστι
3038 1296 3054 1312 ⁸
3087 1281 3181 1334 καὶ
3206 1281 3234 1332 ό
3290 1281 3364 1348 μὴ
3414 1279 3649 1346 θελήσας
3691 1279 3984 1345 φονεῦσαι,

2396 1376 2493 1428 ἐάν
2524 1374 2782 1445 φονεύσῃ,
2827 1373 2928 1425 οὐκ
2983 1372 3102 1424 ἔστι
3154 1369 3378 1438 φονεύς.
3423 1369 3488 1422 Ἥ
3529 1369 3587 1423 δὲ
3619 1369 3874 1432 διάθεσις
3926 1371 3989 1422 ὲκ

2395 1464 2489 1518 τοῦ
2509 1463 2813 1533 πλήξαντος
2833 1464 3072 1533 ὀργάνου
3104 1461 3406 1530 ἐλέγχεται.
3441 1462 3504 1513 Ol.
3542 1461 3732 1529 μέντοι
3758 1460 3990 1522 κανόνες

2405 1555 2500 1609 τοῦ
2538 1554 2776 1624 μεγάλου
2801 1553 3086 1606 Βασιλείου
3121 1552 3327 1605 καὶτὸν
3358 1553 3630 1613 ἀκουσίως
3661 1552 3993 1619 φονεύοντα,

2402 1646 2476 1706 ὼς
2509 1647 2574 1701 ἂν
2600 1647 2722 1719 έχῃ,
2778 1646 2851 1708 ὡς
2879 1646 3045 1714 φονέα
3079 1644 3370 1706 κολάζουσι
3393 1645 3542 1716 παρὰ
3567 1646 3664 1713 τὴν
3691 1645 3993 1714 περίληψιν

2401 1741 2496 1794 τοῦ
2527 1739 2769 1792 τοιούτου
2811 1739 2976 1807 νόμου
3031 1740 3125 1792 καὶ
3155 1737 3309 1808 παρὰ
3358 1737 3418 1788 τὸ
3487 1743 3542 1800 ς’
3596 1736 3742 1804 οέμα
3792 1736 3896 1787 τοῦ
3946 1735 3994 1803 γ’

2406 1851 2530 1902 κεφ.
2559 1832 2655 1886 τοῦ
2698 1832 2774 1884 λθ¹
2803 1832 2982 1885 τίτλου
3022 1830 3115 1883 τοῦ
3149 1827 3190 1895 ξ’
3222 1828 3448 1898 βιϐλίου,
3480 1828 3539 1881 τὸ
3570 1828 3727 1892 λέγον
3769 1828 3952 1890 οὓτως
3980 1845 3994 1858 ·

2424 1922 2485 1978 Ὀ
2519 1923 2646 1992 περὶ
2677 1922 3020 1990 ἀνδροφόνων
3072 1921 3236 1990 νόμος
3276 1919 3431 1974 δόλον
3467 1919 3742 1986 ἐπιζητεῖ,
3798 1921 3904 1970 καὶ
3941 1920 4000 1970 ού

2378 2021 2384 2025 ’
2414 2016 2655 2084 μεγάλην
2685 2013 2970 2082 ἀμέλειαν.
3008 2011 3175 2065 Ὅθεν
3205 2012 3303 2064 ἐάν
3362 2029 3444 2074 τις
3471 2010 3661 2062 ἑαυτὸν
3706 2010 3766 2074 ἐξ
3829 2010 4002 2078 ὖψους

2413 2106 2596 2175 ῥίψας,
2630 2106 2664 2175 ἢ
2711 2105 2905 2159 κλάδον
2952 2103 3062 2157 ἀπὸ
3100 2103 3343 2172 δένδρου,
3407 2103 3659 2170 φονεύσει
3720 2101 3876 2165 τινὰ,
3907 2104 4004 2170 οὐχ

2413 2199 2700 2256 ὑπόκειται
2737 2197 2814 2266 τῷ
2849 2197 3080 2266 παρόντι
3101 2196 3270 2265 νόμῳ.
3340 2195 3410 2246 Ἣ
3445 2196 3630 2263 μέντοι
3687 2192 3770 2243 λα’
3831 2194 4006 2260 νεαρὰ

2415 2286 2511 2339 τοῦ
2543 2286 2803 2355 βασιλέως
2828 2284 2999 2353 κυροῦ
3044 2283 3273 2347 Λέοντος
3304 2282 3396 2334 τοῦ
3442 2279 3746 2346 Φιλοσόᾳου
3783 2279 4006 2332 δίδωσιν

2417 2379 2603 2433 ἄδειαν
2651 2378 2730 2446 τῷ
2783 2377 2936 2446 ἀνδρὶ
2983 2377 3220 2446 διασπᾷν
3261 2375 3352 2426 τὸν
3399 2375 3537 2444 μετὰ
3580 2373 3680 2441 τῆς
3737 2374 4006 2439 γυναικὸς

2418 2469 2587 2525 αὐτοῦ
2618 2471 2818 2540 γάμον,
2846 2468 3103 2538 ἐπίτηδες
3155 2464 3598 2536 ἀμϐλωσκούσης
3642 2463 3747 2534 τὴν
3787 2465 4006 2518 ἐκείνου

2418 2565 2651 2634 σποράν.

2492 2659 2736 2712 ΖΩΝΔΡ.
2797 2656 3065 2716 Γυναῖκες
3100 2653 3278 2723 λάθρα
3339 2649 3454 2703 τισὶ
3523 2649 3869 2720 μιγνύμεναι
3919 2649 4013 2700 καὶ

2422 2748 2928 2818 συλλαμϐάνουσαι,
2978 2743 3064 2796 ἵνα
3092 2741 3169 2811 μὴ
3196 2740 3515 2809 γνωσθεῖεν,
3555 2737 3838 2807 φάρμακά
3891 2754 4018 2789 τινα

2420 2843 2662 2902 πίνουσι,
2684 2837 2753 2891 δι’
2782 2830 2856 2890 ὧν
2885 2833 2951 2888 τὰ
2981 2832 3203 2903 ἔμϐρυα
3254 2831 3660 2901 διαφθείρουσι,
3696 2827 3795 2880 καὶ
3835 2826 4014 2889 οὕτως

2423 2931 2565 2985 αὐτὰ
2620 2928 2792 2997 νεκρὰ
2840 2922 3262 2977 ἀποϐάλλονται.
3317 2921 3429 2983 Τὰς
3487 2919 3582 2972 οὖν
3625 2918 3889 2980 διδούσας
3951 2916 4017 2969 τά

2421 3025 2646 3079 τοιαῦτα
2675 3022 2964 3090 φάρμακα,
3027 3018 3121 3070 καὶ
3178 3014 3278 3076 τὰς
3332 3011 3721 3082 λαμϐανούσας
3774 3009 3860 3079 τῷ
3913 3010 4018 3062 τῶν

2424 3117 2632 3187 φονέων
2689 3111 2953 3181 ἐπιτιμίῳ
3024 3104 3402 3168 καταδικάζει,
3465 3103 3561 3156 καὶ⁴
3627 3101 3886 3164 εἰκότως.
3943 3101 4016 3152 Οὔ

744 3225 807 3262 ac
845 3211 1039 3264 merito
1071 3211 1337 3276 quidem:
1376 3213 1577 3282 quippe
1638 3229 1761 3281 quae
1808 3229 1918 3268 non
1974 3219 2133 3270 modo
2191 3233 2322 3272 con-

2429 3209 2588 3278 μόνον
2617 3206 2726 3275 γὰρ
2764 3203 2832 3256 τὰ
2867 3201 3086 3270 ἔμϐρυα
3122 3197 3428 3252 κτείνουσιν
3475 3196 3530 3246 at
3585 3191 3869 3252 τοιαῦται,
3901 3191 4018 3243 ἀλλ’

745 3310 960 3370 coptam
997 3306 1235 3372 prolem,
1266 3304 1359 3358 sed
1410 3305 1559 3375 ipsas
1593 3306 1756 3360 etiam
1786 3309 2138 3377 -quandoque
2184 3325 2322 3378 prte-

748 3402 980 3455 euautes
1023 3396 1304 3462 mulieres,
1357 3397 1505 3466 quod
1538 3413 1772 3466 magnus
1822 3414 2042 3468 quoque
2086 3399 2324 3456 Basilius

749 3498 959 3537 Canone
992 3487 1235 3540 secundo
1270 3495 1528 3552 testatur,
1561 3503 1593 3543 e
1648 3489 1829 3544 medio
1877 3489 2097 3544 tollunt.
2147 3493 2325 3561 Ancy-

752 3592 897 3631 rauae
931 3592 1062 3632 vero
1089 3580 1286 3650 synodi
1320 3595 1529 3635 canone
1559 3580 1817 3635 vicesimo
1858 3581 2036 3650 primo
2067 3581 2326 3639 mulieres

750 3670 1020 3731 eiusmodi
1059 3671 1310 3726 decennii
1348 3673 1730 3742 segregatione
1760 3674 2085 3742 puniuntur.

751 3757 978 3814 AltlST.
1014 3778 1032 3812 ι
1063 3761 1124 3816 Et
1155 3764 1248 3831 qui
1286 3765 1402 3828 dat,
1440 3775 1493 3819 et
1526 3781 1650 3835 quae
1681 3765 1884 3834 accipit
1923 3766 2330 3821 medicamenta

934 3872 954 3904 ι
995 3855 1332 3910 ahortiOuem
1360 3859 1584 3923 cientia,
1637 3869 1722 3913 est
1758 3858 2061 3912 homicida.
2098 3877 2116 3909 ι

828 3943 1208 4010 Suhjiciuntur
1236 3947 1528 4002 homicida:
1558 3952 1737 4016 pugnis
1766 3957 1819 4003 et
1850 3950 1974 4012 illae,
2010 3964 2132 4018 qua:
2164 3948 2331 4005 foetus

764 4039 1019 4091 necantia
1074 4039 1352 4110 accipiunt
1397 4040 1826 4106 medicamenta,
1862 4051 1916 4096 et
1950 4042 2045 4111 qui
2103 4056 2164 4095 ea
2216 4043 2337 4097 istis

759 4129 1036 4185 exhibent.

1322 4222 1552 4278 CANON
1595 4223 1759 4280 XCII.

771 4328 789 4359 ι
841 4311 945 4366 Eos
973 4313 1064 4378 qui
1134 4316 1354 4368 nomine
1400 4316 1733 4369 matrimonii
1781 4316 2037 4371 mulieres
2087 4320 2325 4382 rapiunt,

845 4422 862 4453 ι
903 4405 979 4456 vel
1010 4405 1100 4472 qui
1140 4421 1306 4473 opera
1337 4421 1550 4476 opeque
1595 4423 1692 4460 sua
1748 4417 1997 4476 raptores
2047 4409 2335 4478 adjuv:-nt,

843 4514 860 4544 ι
902 4496 1096 4549 statuit
1128 4506 1317 4550 sancta
1352 4499 1616 4568 synodus,
1646 4498 1691 4551 si
1727 4499 1838 4552 sint
1867 4499 2088 4565 quidem
2117 4501 2334 4562 clerici.

843 4604 861 4635 ι
903 4588 1120 4655 proprio
1151 4589 1322 4658 gradu
1353 4589 1605 4643 excidere
1638 4606 1651 4642 :
1683 4589 1768 4643 sin
1824 4605 1954 4644 vero
2011 4591 2160 4656 laici,
2199 4606 2335 4645 ana-

849 4698 866 4728 ι
904 4680 1141 4732 themate
1170 4681 1403 4748 percuti.
1439 4698 1457 4731 ι

849 4770 1040 4824 BALS.
1074 4771 1323 4824 Praesens
1357 4787 1533 4826 canon
1569 4772 1708 4825 idem
1742 4781 1827 4827 est
1852 4771 2077 4825 omnino
2114 4787 2237 4825 cum
2266 4773 2336 4826 9.7

775 4879 981 4916 canone
1020 4864 1354 4918 Chalcedon.
1411 4865 1627 4933 synodi.
1677 4864 1736 4916 Et
1791 4879 1975 4932 quaere
2015 4879 2138 4932 qua:
2175 4864 2226 4916 in
2277 4881 2342 4918 eo

777 4957 984 5022 Scripta
1018 4962 1164 5018 sunt,
1194 4963 1249 5008 et
1276 4956 1307 5009 9
1341 4955 1425 5007 tit.
1459 4954 1749 5022 praesentis
1779 4954 1985 5022 operis,
2017 4967 2138 5021 cap.
2175 4953 2245 5006 50
2292 4960 2344 5004 et

777 5063 898 5113 qme
952 5047 1006 5100 in
1053 5061 1174 5100 eum
1234 5047 1434 5116 scripta
1488 5054 1636 5101 sunt.
1685 5045 1949 5101 Similiter
1994 5054 2047 5098 et
2094 5045 2158 5098 67
2218 5060 2340 5098 can.

707 5161 710 5164 ο
779 5147 960 5206 apost.
989 5135 1128 5202 Quid
1166 5146 1374 5200 autem,
1413 5135 1460 5191 si
1491 5137 1617 5205 quis
1643 5135 1929 5190 mulierem
1965 5150 2070 5190 non
2104 5136 2347 5204 rapuerit

776 5229 998 5282 nomine
1029 5228 1390 5293 matrimonii,
1426 5228 1522 5283 sed
1573 5228 1956 5282 fornicationis
1981 5228 2179 5296 gratia,
2223 5242 2333 5278 non

785 5318 1042 5384 punietur
1071 5333 1176 5370 una
1206 5332 1333 5370 cum
1367 5317 1455 5380 iis,
1490 5318 1583 5386 qui
1633 5318 1782 5371 illum
1829 5333 1993 5386 opera
2025 5325 2078 5371 et
2115 5332 2216 5386 ope
2250 5332 2348 5379 sua

782 5407 1079 5474 adjuvant?
1135 5404 1376 5461 Salutio.
1421 5407 1678 5463 Maxime.
1737 5407 1851 5461 Hoc
1887 5416 1970 5461 est
2039 5407 2181 5459 enim
2234 5408 2351 5460 sine

782 5501 1163 5572 coptrovers'ra
1195 5518 1209 5553 :
1249 5501 1302 5553 id
1332 5511 1540 5564 autem,
1574 5498 1721 5568 quod
1768 5499 2162 5552 dubitationem
2221 5497 2354 5550 ail'c-

790 5592 968 5653 rcbat,
1003 5599 1122 5644 erat
1155 5600 1451 5658 praatextus
1492 5589 1856 5643 matrimonii.
1903 5587 2167 5640 Dicebant
2211 5588 2354 5637 enim

793 5685 1065 5749 nonnulli,
1101 5698 1224 5738 eum
1265 5683 1400 5736 nihil
1431 5682 1557 5736 mali
1597 5681 1816 5744 fecisse,
1859 5679 1952 5748 qui
2001 5677 2182 5746 rapuit
2235 5693 2353 5730 mu—

795 5781 1004 5843 licrcm,
1044 5785 1103 5831 ut
1135 5776 1184 5830 ei
1214 5775 1454 5846 legitime
1485 5775 1930 5844 conjungeretur,
1959 5786 2080 5839 qua:
2124 5768 2358 5823 fortasse

2428 3299 2608 3352 ἐνίοτε
2638 3304 2734 3354 καὶ
2772 3295 2939 3356 αὑτάς
2973 3292 3071 3352 τὰς
3107 3287 3361 3357 ἐγκύους,
3393 3285 3421 3337 ὃ
3448 3285 3541 3336 καὶ
3569 3286 3596 3336 ό
3634 3282 3820 3352 μέγας
3847 3281 4019 3333 Basi-

2426 3391 2571 3452 λειος
2598 3391 2654 3440 ἐν
2673 3387 2911 3456 δευτέρῳ
2941 3381 3133 3437 κανόνι
3153 3380 3340 3448 φησίν.
3366 3377 3425 3428 Ὀ
3450 3376 3505 3428 δὲ
3524 3375 3623 3444 τῆς
3651 3375 3709 3425 ἐν
3770 3372 4022 3441 ’Ᾱγκύρα

2433 3481 2656 3535 συνόδου
2689 3477 2869 3532 κανὼν
2899 3473 2992 3528 καὶ
3041 3473 3137 3534 τὰς
3155 3469 3412 3532 τοιαύτας
3428 3468 3693 3536 γυναῖκας
3725 3464 4022 3517 δεκαετίαν

2431 3573 2708 3646 ἀφορίζει.

2433 3753 2653 3810 ΔΡιΣτ.
2723 3771 2740 3802 ι
2778 3748 2889 3803 Καὶ
2914 3750 2942 3801 ό
2972 3746 3148 3809 διδοὺς
3188 3743 3283 3798 καὶ
3339 3743 3374 3813 ἠ
3400 3738 3768 3811 λαμϐάνουσα
3799 3735 4026 3806 ἀμϐλω-

2898 3841 3077 3908 θρίδια
3103 3835 3442 3908 ἀνδροφόνοι.
3490 3851 3511 3885 ι

2517 3939 2871 3993 ’Υπόκεινται
2919 3933 2997 4004 τῷ
3029 3929 3122 3985 τοῦ
3181 3927 3385 3997 φονέως
3422 3923 3691 3992 ἐπιτιμίῳ
3733 3922 3835 3975 καὶ
3878 3923 3937 3973 αἱ
3967 3921 4028 3972 τά

2440 4029 2817 4103 ὲμϐρυοκτόνα
2839 4027 3110 4096 φάρμακα
3130 4018 3413 4090 λαμϐάνου
3425 4033 3533 4080 σαι,
3561 4014 3658 4068 καὶ
3675 4015 3730 4066 οἱ
3752 4013 4028 4084 παρέχονο

2440 4142 2530 4188 τες
2560 4125 2732 4178 ταῦτα
2768 4121 2991 4183 αὑταῖς.

3040 4204 3281 4260 ΚΑΝΩΝ
3336 4199 3451 4268 ῌΪ.

2449 4326 2468 4359 ι
2511 4283 3027 4373 Τοὺς-ἁρπάζοντας
3055 4297 3323 4361 γυναῖκας
3357 4291 3452 4345 ἐπὶ
3497 4288 3728 4358 ὀνόματι
3783 4301 4031 4338 συνοικε·

2523 4415 2540 4448 ι
2579 4396 2720 4454 σεόυ,
2760 4392 2793 4462 ἢ
2827 4383 3345 4459 συμπράττονταςῆ
3403 4379 3874 4450 συναιρουμένους
3919 4380 4027 4437 τοῖς

2524 4505 2543 4538 ι
2580 4484 2919 4555 ἁρπάζουσιν
2949 4479 3153 4546 ὥρισεν
3178 4476 3211 4544 ἠ
3240 4472 3372 4539 ἁγία
3406 4469 3646 4528 σύνοδος.
3679 4467 3729 4518 εἱ
3764 4467 3870 4555 μὲν
3898 4464 4029 4555 irqu

2521 4597 2538 4629 ι
2583 4553 2726 4646 ρικοὶ
2750 4569 2879 4635 εἷεν,
2910 4568 3196 4621 ἐκπίπτειν
3229 4563 3324 4615 τοῦ
3363 4558 3566 4612 οἰκείου
3600 4554 3840 4626 βαθμοῦ,
3873 4554 3924 4605 εἰ
3974 4553 4030 4604 δὲ

2521 4689 2538 4721 ι
2579 4667 2780 4728 λαῖκοὶ,
2813 4654 3336 4726 άναθεματίζεσθαι.
3391 4670 3409 4702 ι

2514 4759 2715 4813 ΒΑΛΣ.
2753 4755 2810 4808 Ὀ
2826 4749 3018 4819 παρὼν
3039 4747 3218 4800 κανὼν
3249 4741 3672 4813 ἀπαράλλακτός
3707 4741 3827 4791 ἐστι
3845 4737 4028 4790 κανὼν

2445 4853 2527 4916 κζ’
2586 4851 2688 4918 τῆς
2728 4850 2786 4900 ὲν
2842 4842 3147 4910 Χαλκηδόνι
3188 4838 3430 4891 συνόδου.
3486 4834 3594 4888 Καὶ
3644 4833 3797 4901 ζήτει
3854 4833 3926 4883 τά
3971 4831 4028 4881 ἐν

2446 4943 2593 5013 αὐτῷ
2637 4935 3095 5010 παραγραφέντα,
3135 4931 3232 4983 καὶ
3278 4928 3455 4982 τίτλον
3505 4926 3549 4979 θ’
3611 4922 3705 4976 τοῦ
3749 4923 4028 4992 παρόντος

2451 5012 2826 5102 συντάγματος
2857 5044 2984 5095 κεφ.
3020 5024 3061 5076 λ’
3096 5023 3192 5076 καὶ
3227 5020 3296 5073 τὰ
3326 5024 3382 5071 ὲν
3403 5016 3559 5086 αὐτῷ
3593 5054 3608 5081 ,
3638 5012 3914 5074 ὡσαύτως
3939 5015 4031 5064 καὶ

2449 5128 2538 5181 τδν
2572 5123 2647 5190 ξς
2675 5117 3032 5174 άποστολικὺν
3065 5114 3284 5168 κανόνα,
3321 5111 3387 5163 Τί
3421 5110 3500 5172 δὲ,
3537 5107 3630 5160 ἐὰν
3665 5105 3744 5175 μὴ
3793 5105 4031 5174 ὀνόματι

2453 5215 2792 5271 συνοικεσίου
2826 5210 3054 5282 ἁρπάσῃ
3092 5223 3175 5266 τις
3193 5205 3446 5272 γυναῖκα,
3474 5198 3608 5253 ἀλλὰ
3633 5196 3722 5249 διὰ
3739 5196 4030 5265 πορνείαν.

2453 5312 2513 5362 ού
2555 5302 2958 5373 κολασθήσεται
2986 5300 3084 5352 σὺν
3108 5299 3224 5359 τοῖς
3263 5291 3621 5364 συμπράξασι
3662 5288 3760 5341 καὶ
3789 5303 4033 5356 συναρα-

2460 5397 2641 5466 μένεις
2667 5391 2816 5461 αὖτῷ
2840 5409 2853 5455 ;
2889 5389 3103 5452 Λύσις.
3129 5387 3240 5439 Καὶ
3258 5384 3511 5453 μάλιστα.
3537 5377 3706 5432 Τοῦτο
3735 5377 3848 5447 γὰρ
3894 5379 4031 5447 ἀζή-

2456 5487 2624 5556 τητόν
2669 5486 2808 5537 ἐστι.
2861 5482 2934 5534 Τὸ
2962 5480 3018 5533 δὲ
3046 5477 3236 5532 ποιοῦν
3270 5475 3370 5545 τὴν
3406 5474 3638 5543 ζήτησιν
3694 5468 3962 5539 ὑπῆρχεν
4007 5472 4034 5536 ἡ

2460 5581 2733 5648 πρόφασις
2782 5573 2875 5626 τοῦ
2913 5569 3269 5624 συνοικεσίου.
3295 5566 3519 5632 Ἔλεγον
3554 5562 3660 5630 γάρ
3682 5576 3830 5621 τινες
3868 5560 4036 5628 μηδὲν

2461 5687 2513 5721 τι
2544 5668 2717 5721 κακὸν
2765 5664 2990 5733 ποιῆσαι
3045 5660 3136 5713 τὸν
3178 5655 3508 5727 ἁρπάσαντα
3557 5651 3794 5719 γυναῖκα
3845 5649 3944 5700 διὰ
3985 5649 4047 5726 τλς

2464 5759 2713 5828 νομίμως
2752 5751 3094 5821 συναφθῆναι
3127 5748 3289 5816 αὐτῇ,
3325 5744 3456 5806 ἴσως
3479 5743 3574 5793 καὶ
3611 5737 3844 5803 ἀναξίαν
3867 5733 4038 5790 οὖσαν

802 5872 966 5923 etiam
999 5866 1220 5936 indigna
1250 5873 1332 5919 est
1370 5863 1490 5933 ejus
1518 5879 1736 5934 genere,
1774 5868 1826 5915 et
1858 5878 1920 5914 ea
1953 5875 2015 5912 eo
2049 5859 2281 5912 maxime
2311 5872 2347 5912 νς

2465 5851 2541 5920 τῷ
2592 5849 2742 5919 γένει
2776 5844 2988 5909 τούτου,
3018 5837 3314 5940 κὸςντεῦϐεν
3351 5833 3601 5904 μεγάλως
3653 5843 4036 5899 χειραγωγου-
