4218 6458
733 465 834 526 831

817 599 836 630 ι
880 577 1096 633 veniam
1133 576 1352 638 haheat,
1378 573 1526 644 quod
1585 575 1657 628 sit
1711 572 1886 642 major
1936 573 2058 642 ejus
2112 571 2310 625 mortis
2344 573 2383 627 Λ

810 689 832 723 ι
867 669 1132 738 suspicio.
1180 666 1255 720 Ea
1309 678 1512 733 autem,
1559 682 1678 735 qua:
1730 666 1829 730 illi,
1863 666 1953 734 qui
1985 665 2050 717 ad
2094 673 2309 731 tempus

822 783 843 818 ι
879 775 993 820 erat
1021 764 1089 818 ab
1114 778 1286 818 uxore
1313 761 1554 822 relictus,
1576 762 1762 829 nupsit
1788 775 1882 829 per
1918 759 2309 830 ignorantiam,

823 875 842 908 ι
883 856 1080 910 deinde
1118 854 1347 910 dimissa
1376 864 1481 917 est,
1516 853 1658 921 quod
1695 854 1845 922 prior
1889 855 1952 905 ad
1998 852 2171 919 ipsum
2223 864 2312 903 re-

825 967 842 997 ι
887 947 1074 1009 dierit,
1106 958 1188 1000 est
1242 947 1458 1016 quidem
1512 944 1808 1010 fornicata,
1865 944 1960 999 sed
2012 959 2108 1013 per
2163 944 2317 1011 igno-

824 1059 842 1091 ι
884 1040 1117 1093 rantiam
1152 1056 1166 1094 :
1206 1056 1232 1093 a
1281 1039 1636 1093 matrimonio
1672 1055 1802 1107 ergo
1855 1052 1962 1091 non
2016 1037 2314 1090 arcebitur.

828 1152 847 1184 ι
894 1133 1082 1188 Melius
1106 1143 1285 1187 autem
1312 1133 1355 1187 si
1392 1132 1471 1186 sic
1503 1134 1787 1187 manserit.
1819 1131 1913 1185 Sin
1946 1142 2128 1185 autem
2161 1130 2317 1185 miles

828 1246 846 1277 ι
887 1228 1169 1294 aliquanto
1219 1236 1343 1294 post
1393 1236 1635 1294 tempore
1682 1224 1929 1284 redierit.
1980 1223 2133 1289 cujus
2185 1238 2320 1275 uxor

830 1337 847 1369 ι
896 1328 1116 1387 propter
1174 1319 1392 1386 longam
1446 1318 1593 1371 illitis
1628 1317 1932 1370 absentiam
1979 1316 2139 1369 alteri
2200 1316 2321 1367 viro

827 1428 844 1459 ι
882 1409 1173 1476 conjuncta
1208 1421 1313 1472 est,
1350 1412 1415 1474 is,
1459 1412 1503 1464 si
1555 1410 1703 1473 velit,
1761 1409 2036 1478 propriam
2096 1422 2321 1461 uxorem

835 1522 852 1553 ι
894 1502 1148 1569 recipiat,
1183 1503 1282 1571 ipsi
1324 1506 1477 1557 venia
1522 1513 1746 1573 propter
1777 1502 2143 1572 ignorantiam
2174 1502 2324 1567 data,

836 1614 851 1642 α
893 1597 1054 1659 eique
1089 1595 1179 1663 qni
1231 1595 1375 1648 illam
1432 1595 1486 1649 in
1538 1594 1795 1649 secundis
1852 1591 2053 1662 nuptiis
2104 1592 2326 1647 domum

832 1706 850 1737 ι
885 1686 1057 1741 duxit.
1093 1707 1112 1740 ι
1308 1744 1332 1755 _

830 1774 1025 1833 BALS.
1077 1778 1335 1844 Quaedam
1373 1780 1651 1843 mulieres,
1711 1794 1835 1833 cum
1890 1780 1971 1835 sui
2025 1781 2205 1834 mariti
2264 1781 2332 1836 ab

761 1887 950 1925 carum
985 1872 1107 1926 vitae
1138 1873 1402 1927 societate
1434 1888 1494 1926 se
1525 1870 1926 1941 sejunxissent,
1975 1873 2054 1926 vel
2110 1884 2333 1943 propter

1986 455 2090 517 ΤΗ
2102 454 2270 515 EOD.
2307 452 2398 510 BA
2410 446 2708 511 LSAMON

3894 426 4014 490 8'32

2489 583 2507 615 ι
2549 580 2657 629 μην
2681 561 2743 613 τὸ
2778 559 3012 629 πρᾶγμα
3047 552 3278 609 ἐνταῦθα
3326 550 3415 604 διὰ
3468 550 3529 601 τδ
3578 544 3779 615 μᾶλλον
3849 542 4005 609 πρὶς

2487 674 2505 706 ι
2548 654 2776 708 θάνατον
2826 645 2968 703 εἶναι
3020 646 3421 717 τὴνύπὸνοιαν.
3470 642 3534 694 Ἠ
3586 641 3642 694 δὲ
3687 638 3766 707 τῷ
3824 653 4013 691 κατι-

2484 767 2502 799 r
2547 742 2977 813 λειφθέντιπρὺς
3015 736 3379 809 καιρὸν.παρά
3409 735 3510 802 τῆς
3538 732 3793 802 γυναικὸς
3846 728 4011 784 κατά

2493 858 2510 891 ι
2553 838 2777 905 ἄγνοιαν
2810 826 3270 906 γημαμένη,εῐτα
3300 827 3564 896 ἀφεθεῖσα
3591 824 3677 878 διὰ
3720 825 3781 876 τὸ
3817 827 4015 877 ἐπιν-

2478 949 2497 983 ι
2539 931 2715 984 ελοεῖν
2764 927 2903 998 πρῆς
2963 924 3128 980 αὐτὸν
3172 923 3274 994 τὴν
3326 919 3619 988 προτέραν,
3664 916 4015 984 ἐπόρνευσεν

2491 1041 2509 1073 ι
2552 1020 2672 1091 μὲν,
2700 1022 2759 1073 ἐν
2781 1018 2975 1087 ἀγνοίᾳ
3005 1017 3064 1069 δέ
3089 1032 3101 1046 ”
3137 1016 3319 1084 γάμου
3343 1012 3435 1067 οὖν
3469 1012 3569 1066 οὐκ
3620 1010 4015 1081 εἰρχθήσετιι.

2494 1133 2512 1166 ι
2553 1112 2791 1167 Κάλλιον
2822 1109 2900 1176 δὲ,
2930 1109 3026 1162 ἐὰν
3053 1108 3212 1179 μείνῃ
3239 1107 3433 1168 οὕτως.
3469 1105 3530 1157 Ei
3580 1104 3638 1156 δέ
3680 1120 3743 1170 γε
3772 1104 3800 1155 ὁ
3832 1118 4021 1168 στρα-

2499 1226 2518 1258 r
2561 1207 2760 1272 τιώτης
2796 1202 3081 1257 ἐπανέλθοι
3104 1200 3283 1271 χρόνῳ
3308 1200 3457 1263 ποτὲ,
3489 1193 3550 1251 οὗ
3606 1198 3639 1266 ή
3710 1194 3848 1263 γυνὴ
3926 1192 4021 1245 διὰ

2502 1315 2520 1347 ι
2558 1296 2657 1365 τὴν
2686 1294 2778 1347 ἐπὶ
2810 1292 2944 1346 πολὺ
2975 1292 3189 1345 ἐκείνου
3217 1289 3506 1357 ἀπόλειψιν
3536 1288 3707 1355 ἑτέρῳ
3742 1282 4015 1352 συνήφθη

2504 1406 2522 1440 ι
2570 1387 2744 1455 ἀνδρὶ,
2780 1380 2959 1450 οὗτος,
2983 1385 3030 1436 εί
3062 1384 3427 1452 προαιρεῖται,
3455 1381 3553 1450 τὴν
3582 1377 3793 1432 οἰκείαν
3845 1371 4025 1434 αὖθις

2508 1500 2525 1533 ι
2570 1477 3075 1547 ἐπαναλαμόανέτω
3093 1476 3355 1545 γυναῖκα,
3389 1470 3716 1541 συγγνώμης
3748 1468 3893 1536 αὐτῇ
3926 1467 4023 1518 ἐπὶ

2498 1594 2516 1627 ι
2554 1576 2619 1643 τῇ
2646 1572 2845 1641 ἀγνοίᾳ.
2878 1570 3195 1639 δεδομένης,
3222 1568 3320 1622 καὶ
3343 1566 3422 1636 τῷ
3447 1564 3653 1632 ταύτην
3729 1564 4023 1615 eboan-

2503 1685 2521 1717 ι
2564 1664 2709 1733 μένῳ
2730 1661 2871 1716 κατὰ
2897 1661 3152 1732 δεύτερον
3180 1660 3361 1729 γάμον
3389 1654 3559 1725 ἀνδρί.

2494 1758 2691 1812 ΒΛΛΣ.
2721 1757 2880 1819 Τινὲς
2910 1757 3193 1825 γυναῖκες,
3229 1753 3341 1805 τῶν
3363 1750 3583 1805 οἰκείων
3611 1748 3831 1816 ἀνδρῶν
3883 1746 4025 1799 ἀνα-

2435 1849 2806 1922 χωρησάντων
2840 1851 2903 1902 ἐκ
2932 1846 3031 1917 τῆς
3070 1845 3347 1918 ὁμοζωῒας
3391 1842 3615 1907 τούτων,
3670 1841 3703 1910 ἦ
3749 1841 3842 1893 διά
3900 1856 4029 1890 τινα

1020 1919 1105 1926 .-.ν
1139 1919 1401 1927 --νη---
1435 1919 1493 1926 "
1525 1919 1926 1941 --ση--η--νν--ν,
1985 1919 2053 1926 -ν-
2113 1919 2322 1943 γ-νν-ι-

765 1960 1053 2014 militarem
1090 1976 1314 2015 causam
1343 1961 1657 2031 quampiam
1688 1977 1913 2031 peregre
1964 1961 2192 2031 profecti
2231 1979 2333 2017 es-
2366 1919 2407 1975 Β

2366 1919 2407 1975 Β
2438 1919 2621 2000 αἰτίαν
2678 1940 3087 2015 στρατιωτικὴν
3146 1937 3581 2006 ἀποδημούντων
3627 1935 3722 1987 καὶ
3768 1931 4014 1999 ἀφανῶν

771 2061 915 2114 svnt,
950 2067 1050 2107 nec
1086 2070 1314 2123 usquam
1347 2064 1693 2123 apparerent,
1726 2065 1783 2107 nt
1816 2055 1904 2123 qui
1962 2071 2140 2124 neque
2188 2057 2336 2125 ipsas

766 2158 942 2209 neque
973 2144 1110 2198 ullos
1143 2146 1276 2198 alios
1308 2146 1371 2198 de
1406 2160 1465 2199 se
1495 2144 1762 2198 certiores
1792 2145 2074 2209 fecissent,
2112 2160 2235 2199 cum
2269 2144 2337 2198 de

768 2234 1012 2302 ipsorum
1052 2245 1223 2289 morte
1276 2234 1498 2289 incerta:
1548 2244 1753 2295 essent,
1814 2235 1937 2289 aliis
1987 2232 2339 2289 matrimonio

768 2328 1080 2396 conjuncm
1115 2334 1265 2383 sunt.
1300 2327 1441 2381 Dicit
1494 2342 1624 2394 ergo
1682 2342 1880 2387 canon,
1932 2342 2026 2381 eas
2073 2338 2130 2379 ut
2184 2326 2342 2379 adul-

769 2429 919 2476 teras
970 2420 1171 2490 puniri,
1224 2426 1509 2488 postquam
1567 2420 1642 2473 illi
1693 2420 1984 2481 redierint,
2035 2419 2182 2490 quod
2233 2435 2338 2473 non

771 2512 1217 2581 exspectaverint
1249 2520 1308 2565 nt
1339 2513 1542 2567 scirent
1569 2511 1635 2567 de
1669 2526 1860 2567 eorum
1904 2523 2079 2568 morte
2133 2512 2338 2582 aliquid

772 2604 999 2659 certius.
1038 2601 1155 2657 Non
1187 2602 1396 2672 justum
1420 2604 1568 2658 enim
1595 2602 1800 2657 habent
1832 2612 2181 2672 prmtextum,
2219 2605 2341 2658 lon-

775 2712 897 2765 gam
934 2710 1158 2750 suorum
1191 2694 1513 2749 maritorum
1547 2710 1774 2765 peregre
1805 2696 2134 2759 absentiam,
2181 2703 2234 2749 et
2279 2695 2346 2751 de

780 2794 953 2841 morte
983 2801 1174 2843 eorum
1207 2786 1669 2841 incertitudinem.
1694 2787 1825 2853 Quae
1859 2796 2038 2842 autem
2072 2802 2166 2855 per
2196 2788 2346 2858 igno-

779 2882 1017 2934 rantiam
1054 2881 1194 2937 forte
1226 2880 1468 2950 legitime
1494 2881 1680 2951 nupsit
1717 2881 1789 2945 ei,
1824 2884 1916 2951 qui
1967 2881 2032 2934 ad
2075 2889 2289 2950 tempus
2318 2895 2346 2934 a

784 2973 1003 3041 propria
1047 2974 1283 3045 coniuge
1325 2974 1611 3041 seiunctus
1638 2984 1741 3035 est,
1781 2972 1979 3028 deinde
2029 2973 2098 3028 ab
2148 2988 2213 3025 eo
2262 2988 2352 3029 se-

782 3067 976 3125 cessit,
1011 3068 1153 3131 quod
1202 3066 1322 3132 ejus
1368 3081 1505 3119 uxor
1552 3064 1682 3118 velit
1737 3080 1927 3120 rursus
1958 3081 2083 3119 cum
2129 3066 2353 3135 proprio

783 3158 982 3213 marito
1009 3158 1364 3224 cohabitare;
1392 3157 1728 3212 adulterium
1768 3158 1990 3226 quidem
2047 3173 2153 3211 non
2197 3173 2353 3211 com-

2440 2037 2769 2107 γενομένων.
2832 2035 2909 2097 ὡς
2979 2033 3114 2104 μηδέ
3191 2029 3683 2098 ἀναδιδαξάντωνῆ
3728 2027 3944 2084 ταύτας
3998 2026 4031 2091 ἦ

2441 2134 2661 2199 ἐτέρους
2695 2129 2847 2190 τινὰς
2868 2130 2936 2182 τὰ
2967 2129 3095 2197 περὶ
3126 2126 3346 2187 αὐτοὺς.
3404 2123 3631 2193 ἀδηλίαν
3671 2122 3901 2190 ἔχουσαι
3934 2117 4033 2171 τοῦ

2443 2226 2674 2279 θανάτου
2703 2221 2903 2284 αὐτῶν,
2951 2221 3160 2290 ἑτέροις
3207 2216 3580 2287 συνήφθησαν.
3650 2214 3792 2282 Φησὶ
3836 2209 3979 2279 γοῦν
4010 2214 4038 2263 ὁ

2443 2318 2645 2380 κανὼν,
2673 2315 2748 2378 ώς
2784 2312 3101 2383 μοιχαλίδας
3157 2310 3361 2372 ταύτας
3395 2306 3748 2370 κολάζεσθαι,
3794 2305 3941 2373 μετά
3978 2304 4039 2355 τὸ

2445 2410 2687 2471 ἐκείνους
2722 2403 3086 2475 ὑποστρέψαι,
3118 2402 3205 2455 διά
3240 2401 3299 2455 τὸ
3356 2400 3432 2470 μὴ
3480 2399 3776 2465 ἀναμεῖναι
3838 2395 4042 2465 μαθεῖν

2445 2500 2649 2556 τέλειόν
2672 2517 2725 2553 τι
2747 2498 2876 2568 περὶ
2904 2494 2998 2549 τοῦ
3034 2495 3267 2550 θανάτου
3302 2490 3502 2547 αὐτῶν.
3535 2490 3670 2545 Οὐδὲ
3702 2489 3815 2560 γάρ
3848 2488 4041 2558 ἔχουσι

2446 2594 2722 2664 πρόφασιν
2781 2590 2858 2662 (6)
2907 2588 3128 2656 εῠλογον
3184 2587 3284 2656 τὴν
3332 2586 3440 2639 τῶν
3494 2582 3707 2653 ἀνδρῶν
3765 2584 3850 2644 είς
3900 2580 4044 2631 πολὺ

2447 2683 2759 2753 ἀποδημίαν
2789 2680 3128 2750 καὶάδηλίαν
3152 2678 3249 2731 τοῦ
3294 2676 3528 2731 θανάτου
3588 2672 3797 2729 αὐτῶν.
3862 2673 3937 2725 Ἦ
3991 2673 4048 2725 δέ

2450 2777 2573 2832 κατ’
2600 2775 3157 2846 ἄγνοιανγαμηθεῖσα
3183 2772 3324 2841 τάχα
3390 2770 3639 2839 νομίμως
3695 2769 3775 2838 τῷ
3825 2768 4051 2836 διασχι-

2454 2874 2633 2929 σθέντι
2655 2872 2790 2944 πρὸς
2812 2869 3005 2940 καιρὸν
3026 2868 3133 2921 ἀπὸ
3162 2868 3260 2936 τῆς
3288 2866 3493 2927 οἰκείας
3520 2863 3781 2931 συζύγου,
3827 2859 3955 2916 εἶτα
3990 2865 4054 2913 ἐκ

2452 2966 2645 3021 τούτου
2668 2964 3097 3035 ἀναχωρήσασα,
3157 2960 3247 3013 διὰ
3294 2959 3353 3012 τδ
3403 2958 3504 3029 τὴν
3566 2957 3809 3026 σύμϐιον
3874 2956 4050 3009 αὑτοῦ

2457 3060 2619 3114 πάλιν
2645 3059 2875 3127 θελῆσαι
2909 3056 3181 3111 συνοικεῖν
3214 3052 3290 3121 τῷ
3332 3052 3518 3123 οἰκείῳ
3571 3052 3749 3121 ἀνδρὶ.
3790 3053 4054 3120 μοιχείαν

2463 3158 2562 3226 μὲν
2595 3155 2693 3224 ούχ
2720 3154 2994 3224 ἥμαρτεν,
3021 3150 3319 3217 ἐπόρνευσε
3354 3148 3433 3201 δέ.
3469 3146 3625 3215 Ἔχει
3664 3146 3861 3215 μέντοι
3893 3144 4055 3197 εὔλο-

792 3250 964 3312 misit,
1002 3247 1096 3303 sed
1135 3249 1405 3303 fornicata
1436 3257 1541 3303 est.
1579 3247 1751 3304 Haliet
1784 3257 1964 3303 tamen
2002 3249 2208 3316 justam
2256 3264 2355 3304 ει·
2383 3253 2426 3312 C

2391 3253 2426 3312 ε
2462 3265 2557 3317 γον
2590 3246 2870 3316 πρόφασιν
2898 3244 2999 3314 τὴν
3030 3245 3280 3311 ἄγνοιαν.
3309 3239 3400 3292 Διὸ
3430 3241 3523 3291 καὶ
3558 3238 3733 3308 ἑτέρῳ
3796 3236 4057 3304 νομίμως

795 3342 1160 3405 cnsationem,
1198 3341 1586 3410 ignorantiam.
1616 3342 1797 3406 Quare
1831 3354 1930 3395 nec
1960 3341 2114 3395 alteri
2148 3342 2355 3396 nubere

792 3431 927 3499 proli
958 3432 1194 3487 bcbitur.
1256 3432 1452 3497 Quaero
1505 3442 1558 3488 et
1610 3432 1678 3486 46
1730 3446 1852 3488 ean.
1916 3433 2087 3487 saneti
2150 3431 2354 3488 Basilii.

794 3521 1039 3574 Suadent
1073 3530 1251 3577 tamen
1278 3523 1467 3577 Patres
1492 3523 1731 3589 mulieri,
1758 3539 1826 3578 ne
1849 3522 1939 3577 alii
1967 3524 2356 3594 coniungatur,

794 3611 888 3664 sed
930 3627 988 3666 se
1022 3612 1234 3667 fortiter
1262 3623 1315 3668 et
1360 3614 1709 3669 continenter
1752 3625 1920 3683 gerat,
1973 3625 2027 3670 et
2077 3624 2359 3685 peccatum

796 3707 1117 3775 pmnitentia
1164 3708 1363 3778 expiet.
1427 3708 1597 3763 Porro
1639 3714 1693 3763 et.
1741 3707 1924 3774 militi,
1961 3708 2054 3777 qui
2109 3722 2364 3763 reversus

797 3809 903 3863 est,
963 3800 1353 3867 permiserunt,
1410 3799 1452 3852 si
1515 3798 1664 3860 velit,
1712 3814 1938 3853 uxorem
1995 3814 2151 3853 suam
2209 3798 2363 3854 alteri

800 3891 1147 3957 conjunctam
1182 3905 1461 3952 revocare,
1491 3905 1721 3959 eamque
1751 3890 1912 3943 venia
1956 3889 2179 3959 dignam
2231 3905 2365 3945 cen-

799 3981 931 4043 seri,
964 3988 1022 4033 ut
1047 3996 1165 4048 quae
1192 3980 1293 4035 viri
1326 3980 1409 4034 sui
1459 3982 1689 4035 reditum
1725 3980 2098 4050 desperaverit
2128 4000 2141 4036 :
2175 3996 2371 4049 quem-

800 4072 1096 4127 admodum
1158 4081 1212 4127 et
1274 4072 1349 4127 illi
1383 4073 1716 4142 ignoscetur,
1747 4074 1841 4141 qui
1890 4073 2064 4143 ipsam
2098 4072 2257 4127 duxit
2314 4073 2370 4127 in

802 4164 1109 4219 secundum
1136 4164 1567 4219 matrimonium.
1601 4162 1738 4217 Cum
1773 4163 1887 4217 haec
1917 4164 1986 4216 ita
2015 4179 2075 4219 se
2108 4162 2369 4229 habeant,

806 4256 1078 4325 rogaverit
1101 4256 1396 4325 quispiam,
1434 4254 1545 4310 Cur
1579 4272 1755 4309 canon
1790 4256 2011 4324 quidem
2037 4255 2175 4309 dicit
2208 4269 2373 4324 supe-

804 4350 922 4401 rius
952 4347 1248 4403 adulterari
1286 4346 1570 4410 mulieres,
1620 4355 1731 4401 tam
1767 4347 1889 4417 ejus
1949 4348 2039 4415 qui
2091 4346 2372 4410 discessit,

808 4438 975 4508 268
1007 4454 1167 4507 quam
1198 4437 1415 4500 militis,
1448 4438 1493 4493 si
1526 4439 1683 4492 alteri
1720 4439 2027 4503 nupserint,
2080 4447 2374 4506 antequam

814 4532 976 4598 plane
1010 4532 1075 4587 de
1122 4532 1361 4587 virorum
1419 4548 1643 4587 suorum
1694 4542 1870 4587 morte
1904 4535 2171 4586 certiores
2220 4530 2375 4584 facta;

813 4622 1015 4677 fuerint
1076 4640 1090 4677 :
1149 4622 1203 4677 in
1268 4623 1374 4677 line
1424 4635 1603 4678 autem
1666 4623 1915 4679 dei-eruit
1971 4622 2161 4677 militis
2220 4621 2376 4677 uxori

814 4715 1025 4785 ignosci
1056 4727 1331 4787 oportere,
1363 4715 1523 4783 eique
1550 4717 1641 4784 qui
1677 4717 1756 4770 illi
1789 4718 1846 4770 in
1880 4714 2138 4772 secundis
2172 4716 2395 4791 nuptiis

813 4807 1100 4876 copulatus
1130 4807 1254 4862 est?
1286 4804 1519 4863 Salutio.
1556 4807 1745 4876 Magna
1791 4816 1874 4861 est
1907 4807 2215 4862 differentia
2243 4806 2385 4859 inter

818 4910 1044 4950 uxorem
1087 4895 1278 4953 militis
1309 4906 1363 4953 et
1401 4898 1585 4953 aliam.
1618 4897 1711 4952 Illa
1742 4899 1911 4961 enim,
1964 4898 2131 4952 simul
2186 4912 2249 4952 ae
2286 4914 2380 4966 pe-

817 5004 974 5058 regre
1007 4989 1284 5058 profectus
1309 4998 1394 5046 est.
1420 4990 1596 5053 miles,
1636 4989 1798 5045 habet
1847 4990 2086 5060 aliquam
2140 4989 2209 5043 de
2260 4987 2382 5057 ejus

822 5091 997 5136 morte
1056 5081 1457 5155 suspicionem;
1516 5083 1974 5152 quemadmodum
2032 5092 2085 5137 ct
2146 5096 2386 5152 praesens

818 5184 1018 5237 can‘on,
1077 5181 1369 5244 postquam
1422 5174 1562 5228 dixit
1605 5174 1670 5227 de
1713 5174 1905 5235 milite,
1968 5173 2071 5227 hec
2128 5187 2386 5241 expresse

821 5267 988 5320 dicit:
1023 5265 1127 5320 Sed
1166 5282 1252 5322 res
1288 5266 1377 5320 liic
1408 5266 1625 5335 quidem
1657 5266 1897 5335 aliquam
1935 5265 2094 5323 liabet.
2151 5266 2384 5329 veniam,

820 5357 923 5411 hoc
959 5366 1064 5419 est,
1102 5358 1295 5413 militis
1329 5360 1488 5412 uxori
1522 5357 1849 5427 ignoscitur,
1883 5358 2027 5425 quod
2089 5357 2161 5410 sit
2211 5357 2388 5423 major

818 5450 887 5503 de
921 5457 1096 5504 morte
1131 5451 1410 5519 suspicio:
1444 5450 1588 5520 quod
1628 5450 1794 5503 etiam
1827 5450 1890 5504 51
1939 5458 1993 5503 et
2043 5450 2112 5504 56
2148 5465 2389 5505 canones

820 5544 996 5599 sancti
1054 5541 1243 5599 Basilii
1289 5550 1561 5613 statuunt.
1611 5542 1728 5597 Alia
1788 5550 1969 5597 autem
2025 5542 2159 5596 nihil
2202 5551 2381 5612 potest

2458 3339 2777 3410 γαμηθῆναι
2799 3339 2858 3389 οὗ
2884 3335 3286 3402 κωλυθήσεται.
3317 3331 3481 3401 Ζὴτει
3506 3332 3599 3383 καὶ
3629 3329 3728 3382 τὸν
3806 3336 3911 3399 pg’
3964 3348 4059 3381 κα-

2459 3435 2587 3489 νόνα
2643 3432 2736 3487 τοῦ
2789 3432 2943 3499 ἀγίου
2990 3428 3296 3483 Βασιλείου.
3343 3424 3805 3495 Συμόουλευτικῷ
3869 3425 4058 3489 τρόπῳ

2464 3523 2818 3579 ὑποτιθέασιν
2851 3523 2899 3575 οἱ
2931 3521 3177 3588 Πατέρες
3210 3521 3275 3589 τῇ
3308 3516 3527 3583 γυναικὶ
3561 3516 3636 3584 μὴ
3684 3512 4060 3581 ωζευχθίναι

2465 3616 2657 3686 ἐτέρῳ,
2688 3612 2823 3667 ἀλλά
2843 3610 3187 3682 καρτερῆσαι
3216 3609 3308 3662 καὶ
3335 3604 3739 3662 ἐξιλεώσασθαι
3763 3605 3833 3656 τὸ
3875 3605 4060 3669 ἀιάρο

2464 3723 2616 3776 τημα
2644 3704 2732 3759 διά
2769 3703 3083 3772 μετανοίας.
3120 3702 3228 3754 Καὶ
3247 3700 3324 3769 τῷ
3342 3696 3780 3761 ἐπαναζεύξαντι
3807 3696 3870 3747 δὲ
3900 3712 4064 3763 στρα-

2467 3798 2635 3869 τιώτῃ
2670 3795 3044 3867 ἐξεχώρησαν,
3103 3796 3150 3847 εί
3203 3792 3372 3854 θέλει,
3442 3789 3905 3844 ἀνακαλέσασθαι
3963 3788 4061 3855 τὴν

2469 3888 2642 3958 ἑτέρῳ
2706 3886 3097 3953 συζευχοεῖσαν
3146 3883 3380 3948 γυναῖκα
3466 3878 3653 3939 αὑτοῦ,
3728 3876 4066 3945 ὀφείλουσαν

2474 3981 2805 4051 συγγνώμης
2838 3978 3164 4045 ἀξιωθῆναι,
3191 3975 3267 4038 ὡς
3283 3972 3673 4028 ἀπελπίσασαν
3725 3970 3834 4040 τὴν
3867 3972 4059 4023 ἐπάνοεν

2473 4073 2562 4126 δον
2586 4072 2678 4124 τοῦ
2698 4068 2901 4123 οἰκείου
2925 4066 3118 4137 ἀνδρός
3151 4082 3165 4097 ’
3193 4062 3383 4132 ὥσπερ
3444 4062 3507 4128 δὴ
3563 4060 4068 4127 συγγνωσθήσεται

2474 4166 2570 4219 καὶ
2608 4165 2634 4217 ὁ
2651 4163 2729 4224 είς
2757 4160 3012 4229 δεύτερον
3038 4157 3217 4225 γάμον
3246 4155 3418 4223 αὐτὴν
3443 4151 3825 4219 ἀγαγόμενος.
3844 4150 4065 4203 Τούτων

2474 4256 2646 4319 οὕτως
2666 4255 2919 4325 ἐχόντων,
2951 4250 3217 4321 ἐρωτήσει
3241 4266 3348 4311 τις,
3371 4248 3468 4299 Διά
3493 4246 3545 4296 τί
3570 4246 3693 4299 ἀνω
3716 4244 3823 4310 μὲν
3840 4247 3872 4297 ὁ
3891 4244 4070 4297 καεὼν

2477 4363 2610 4418 φησι
2638 4340 2927 4414 μοιχᾶσθαι
2950 4339 3050 4402 τὰς
3068 4339 3352 4407 γυναῖκας,
3382 4334 3477 4388 τοῦ
3506 4351 3563 4412 τε
3579 4335 4070 4403 ἀναχωρήσαντος.

2481 4439 2622 4510 πρὸς
2652 4436 2707 4490 δὲ
2763 4432 2980 4488 καὶτοῦ
3010 4429 3376 4502 στρατιώτου,
3434 4426 3644 4495 ἑτέροις
3711 4424 4073 4494 γαμηθείτας

2481 4531 2587 4602 πρὸ
2616 4526 2865 4589 ἐντελοῦς
2886 4523 3264 4595 πληροφορίας
3293 4520 3387 4574 τοῦ
3412 4518 3649 4573 θανάτου
3708 4518 3828 4570 τῶν
3860 4516 4073 4586 ἀνδρῶν

2482 4620 2661 4673 αὐτῶν
2690 4634 2702 4647 ·
2732 4618 2790 4670 ἐν
2824 4615 2902 4685 τῷ
2925 4614 3070 4666 τέλει
3095 4613 3153 4666 δὲ
3212 4608 3510 4681 διορίζεται
3584 4606 4073 4675 συγγινιέισιιεσθαι

2480 4713 2580 4781 τὴν
2610 4712 2846 4780 γυναῖκα
2886 4706 2980 4760 τοῦ
3013 4704 3373 4773 στρατιώτου,
3419 4701 3516 4754 καὶ
3562 4700 3654 4753 τὸν
3715 4700 4070 4767 συναιροέιι-τα

2480 4803 2619 4872 αὐτῇ
2651 4799 2787 4870 μετὰ
2819 4798 3070 4867 δεύτερον
3099 4795 3317 4864 γάμον;
3356 4793 3570 4855 Λύσις.
3621 4788 3803 4856 Πολλὴ
3839 4788 4071 4859 διαφορὲ

2481 4896 2597 4947 ἐστι
2629 4895 2728 4961 τῆς
2751 4887 3011 4958 γυναικὸς
3037 4889 3133 4941 τοῦ
3171 4885 3509 4955 στρατιώτου
3568 4882 3659 4935 καὶ
3717 4881 3822 4950 τῆς
3892 4884 4069 4948 ἄλλης.

2494 4981 2691 5052 Ἰἰνμὲν
2724 4979 2831 5051 γὰρ
2894 4979 3011 5049 ἅμα
3043 4976 3119 5046 τῷ
3147 4974 3506 5045 ἀποδημῆσαι
3561 4972 3653 5024 τὸν
3721 4972 4070 5041 crepantes“

2484 5073 2725 5127 ὕποπτον
2751 5071 2970 5142 ἔχειτὸν
2993 5069 3243 5129 θάνατον,
3273 5065 3453 5127 καθὼς
3481 5065 3574 5117 καὶ
3602 5064 3628 5114 ὁ
3646 5062 3856 5131 παρὼν
3876 5062 4071 5119 κανὼν,

2489 5164 2629 5234 μετὰ
2666 5162 2727 5215 τὸ
2759 5161 2938 5213 εἰπεῖν
2962 5157 3092 5228 περὶ
3125 5157 3219 5210 τοῦ
3277 5153 3639 5225 στρατιώτου,
3692 5155 3841 5222 φησὶ
3916 5154 4075 5207 ταῦτα

2488 5255 2668 5327 ῥητῶς
2699 5268 2714 5285 ·
2768 5251 2915 5320 Πλὴν
2982 5247 3097 5317 ἔχει
3141 5245 3267 5299 τινὰ
3320 5244 3650 5313 συγγνώμην
3703 5242 3765 5294 τὸ
3851 5246 4075 5315 πρᾶγμα

2485 5344 2936 5413 ἐνταῦθα.ῆγουν
2976 5339 3420 5408 συγγινώσκεται
3474 5338 3506 5404 ὴ
3581 5334 3676 5387 τοῦ
3729 5338 4074 5403 στρατιώτου

2488 5440 2650 5510 γυνὴ,
2684 5438 2773 5491 διὰ
2802 5438 2862 5489 τὸ
2893 5435 3097 5506 μᾶλλον
3124 5433 3265 5503 πρὸς
3294 5432 3523 5484 Θάνατον
3576 5424 3717 5483 εἶναι
3766 5431 3888 5499 τὴν
3963 5432 4076 5482 ὑπο-

2489 5549 2640 5587 νοιαν
2666 5569 2681 5596 ,
2705 5532 2843 5598 ὅπερ
2910 5528 3003 5581 καὶ
3041 5528 3069 5579 ὁ
3114 5526 3193 5577 λα’
3224 5524 3317 5576 καὶ
3340 5525 3368 5574 ὁ
3404 5523 3492 5586 λς’
3530 5519 3709 5574 κανὼν
3763 5522 3875 5574 τοῦ
3942 5523 4076 5588 ἀξίου

2023 5682 2218 5744 Guill.
2261 5678 2588 5757 Beveregii
2634 5684 2824 5738 notae.

896 5810 973 5877 (fil
1017 5810 1169 5862 Οὐδὲ
1221 5810 1329 5877 γὰρ
1379 5810 1591 5878 ἔχουσι
1643 5811 1969 5879 πρόφασιν.
2029 5810 2153 5863 "me
2207 5810 2392 5869 verba.

826 5897 1000 5953 usque
1027 5881 1091 5935 ad
1114 5880 1343 5936 θανάτου
1376 5881 1574 5949 αὐτῶν,
1608 5898 1706 5936 ιιιδ.
1738 5881 2028 5936 Bodleiano
2057 5890 2268 5949 accepta
2307 5896 2390 5935 re‘

2510 5807 2756 5860 furimus.
2799 5802 2929 5855 Nam
2962 5801 3013 5852 in
3044 5801 3280 5851 editione
3314 5792 3604 5849 Parisiensi
3636 5792 4035 5848 desiderantur
4066 5812 4073 5843 :

2505 5877 2596 5934 sed
2624 5878 2673 5930 in
2712 5874 2953 5928 Ameria
2977 5870 3140 5924 liiauo
3168 5867 3399 5937 a'iisque
3431 5880 3556 5919 mss.
3590 5864 3883 5934 leguntur.
