4218 6458
773 453 876 513 835

2003 448 2105 506 Tll
2115 447 2278 504 EOD.
2326 441 2726 504 BALSAMON

3918 437 4029 500 836

777 561 962 621 litum,
995 556 1216 626 quando
1267 558 1389 625 quis
1422 572 1486 610 ex
1516 555 1655 624 ipsis
1711 554 1854 608 bello
1907 562 2100 621 captus
2147 552 2331 611 fuerit.

2443 549 2589 617 ητδν
2620 550 2811 616 ἄνδρα,
2851 547 2980 599 ὅταν
3012 563 3093 609 τις
3120 545 3178 609 ἐξ
3207 544 3390 598 αὐτῶν
3425 544 3867 614 αἰχμαλωτισθῇ,
3927 549 4029 599 καὶ

773 665 822 703 et
886 667 954 703 an
1012 659 1157 700 \‘tvat
1209 652 1480 702 incertum
1548 659 1684 700 est:
1741 657 1861 714 post
1908 646 2341 714 quinquennium

773 749 976 801 attletn,
1039 741 1268 793 alternin
1325 721 1734 792 Ittatl‘itnoniitm
1797 740 2148 792 contrahere.
2202 739 2343 808 Lege

758 851 902 899 ,ergu
936 834 1077 885 hanc
1143 831 1432 895 novellam,
1471 842 1523 885 et
1575 832 1643 884 55
1703 831 1832 899 imp.
1889 825 2094 884 domini
2135 830 2342 884 'Lconis

752 922 1053 991 Sapientis
1096 924 1361 974 nou-llam
1420 931 1756 975 statuentcm
1819 939 1925 974 11011
1986 921 2154 974 licere
2204 935 2342 989 pra:-

699 1027 712 1042 ‘
777 1026 929 1069 textu
967 1014 1306 1083 captivitatis
1359 1014 1493 1067 solri
1535 1012 1964 1073 matrimonium,
2014 1027 2115 1064 nec
2177 1011 2341 1079 parti,

773 1125 893 1177 qua:
931 1108 1097 1160 libera
1143 1115 1469 1160 conservata
1503 1115 1609 1165 est,
1648 1106 1812 1157 licere
1858 1102 2023 1172 269
2082 1102 2147 1154 ad
2201 1101 2341 1154 alte-

773 1216 890 1251 rum
937 1200 1343 1251 matrimonium
1383 1199 1653 1264 respicere
1688 1214 1700 1248 :
1740 1197 1834 1250 sed
1870 1205 1926 1247 et
1982 1195 2024 1248 si
2078 1194 2167 1247 alii
2209 1207 2342 1246 con-

769 1290 995 1356 junctus
1033 1288 1215 1351 fuerit,
1253 1289 1377 1341 licet
1435 1288 1597 1356 parti,
1634 1302 1752 1354 qua:
1798 1302 1862 1338 ex
1913 1286 2226 1353 captivitate
2259 1297 2344 1336 re-

771 1397 928 1435 versa
963 1378 1068 1444 e'st,
1102 1381 1375 1449 pr0prium
1407 1381 1714 1432 membrum
1753 1394 2031 1442 revocare,
2065 1377 2339 1432 secundas

771 1484 951 1527 autem
984 1474 1201 1540 nuptias
1257 1472 1586 1525 ili-trahere.
1632 1471 1768 1525 Cum
1819 1486 1951 1540 ergo
2013 1485 2192 1522 canon
2225 1471 2339 1524 lure

768 1566 952 1617 unmia
987 1566 1271 1624 decernat,
1295 1579 1416 1631 quae
1447 1563 1704 1628 superius
1734 1562 1876 1615 dicta
1921 1573 2070 1624 sunt,
2099 1572 2152 1614 et
2198 1562 2341 1630 leges

768 1669 831 1707 ea
860 1656 1090 1721 jllbt'alll
1122 1671 1242 1720 qua:
1281 1653 1527 1722 proxime
1573 1653 1776 1721 scripta
1831 1662 1980 1712 sunt.
2035 1653 2340 1720 interroga-

771 1747 908 1797 \‘Ul‘ll
936 1747 1233 1814 quispiam,
1284 1750 1302 1798 1
1333 1746 1561 1799 trisnam
1599 1757 1832 1798 mentem
1868 1745 2129 1799 adhibere
2171 1745 2334 1798 debe-

771 1838 930 1889 mus?
973 1837 1238 1899 Dicimus,
1295 1839 1435 1905 quod
1470 1850 1522 1889 et
1569 1837 1636 1890 iis
1676 1852 1806 1904 111111³
1852 1846 1978 1888 sunt
2012 1838 2063 1889 in
2101 1853 2335 1899 canone,

766 1939 821 1982 et
862 1945 979 1996 qua:
1010 1938 1134 1980 sunt
1176 1931 1226 1980 in
1262 1931 1394 1995 lege,
1428 1929 1718 1991 unicuique
1743 1943 1930 1980 eorum
1961 1937 2273 1995 opportune
2323 1946 2336 1982 :

772 2030 827 2071 ct
860 2037 955 2073 cas
986 2022 1201 2087 quidem
1243 2036 1304 2071 ex
1339 2034 1549 2072 Canuttc
1585 2020 1863 2072 adulteras
1891 2034 2014 2073 esse
2041 2021 2344 2072 dixerimus

775 2111 1057 2172 mulieres,
1088 2110 1155 2163 de
1190 2111 1385 2179 quibus
1443 2124 1643 2171 canon,
1690 2125 1811 2177 quae
1864 2111 1984 2164 aliis
2019 2120 2340 2178 nupserunt,

771 2198 1093 2265 priusquam
1129 2200 1287 2266 plane
1327 2199 1596 2251 certiores
1626 2198 1781 2250 facta:
1818 2197 2022 2253 fuerint
2053 2200 2121 2252 de
2169 2209 2344 2251 morte

772 2288 1100 2340 maritorum
1137 2303 1386 2350 snorum,
1415 2289 1506 2358 qui
1538 2305 1644 2341 non
1687 2299 2026 2359 comparent.
2062 2290 2173 2344 Hoc
2193 2295 2341 2346 enim

774 2380 998 2432 [tm/clla:
1035 2395 1246 2447 quoque
1273 2379 1488 2446 jubent.
1516 2378 1704 2433 Miiitis
1736 2391 1912 2433 autem
1946 2390 2195 2447 uxorein,
2226 2400 2343 2453 qua:

774 2489 884 2526 non
916 2480 976 2524 ut
1014 2471 1224 2524 novella
1258 2472 1574 2524 continetur
1599 2475 1869 2540 nupserit,
1898 2474 2054 2527 venia
2082 2489 2189 2526 non
2220 2492 2343 2530 csse

771 2568 994 2633 dignam
1034 2564 1509 2628 cxiStimalnimus;
1553 2567 1692 2616 sicut
1721 2574 1776 2617 et
1814 2580 1960 2630 eam,
1997 2581 2116 2634 quae
2144 2582 2343 2620 secun-

772 2662 901 2710 dum
935 2658 1083 2709 illam
1122 2655 1334 2719 1000111,
1373 2670 1482 2708 non
1511 2655 2004 2722 reprehendemus.
2035 2655 2189 2721 Quod
2240 2672 2342 2711 1111-

764 2760 874 2803 111111
923 2749 1080 2800 liccat
1109 2748 1367 2801 omnibus
1395 2731 2085 2801 adulterarummulierum
2132 2749 2344 2804 maritis

761 2856 861 2893 eas
900 2839 1139 2905 reiipere
1167 2838 1329 2892 etiam
1363 2847 1490 2903 post
1525 2838 1788 2900 reditum,
1818 2838 1907 2891 die
1937 2841 2333 2906 communiter,

764 2941 821 2984 et
846 2945 951 2982 non
992 2931 1046 2982 in
1073 2931 1189 2983 sola
1230 2927 1422 2982 militis
1456 2943 1657 2994 uxore,
1699 2939 1759 2981 ut
1792 2929 1940 2981 dicta
1978 2929 2077 2982 117
2129 2932 2340 2984 novella

766 3021 1121 3082 euntiuetur,
1156 3035 1276 3090 quae
1337 3021 1553 3073 redacta
1621 3029 1705 3074 est
1754 3021 1808 3073 in
1863 3036 1981 3090 cap.
2044 3023 2097 3085 5,
2159 3023 2339 3076 15111.

769 3110 1059 3177 111-1080111111
1088 3109 1288 3176 operis.
1345 3107 1615 3172 Quoniam
1666 3119 1847 3162 autem
1889 3123 2064 3163 canon
2119 3109 2337 3178 quidem

772 3199 842 3251 de
874 3197 1107 3266 captivis
1143 3197 1281 3251 nihil
1307 3198 1617 3262 constituit,
1650 3198 1794 3250 dicta
1831 3206 2010 3250 autem
2044 3198 2338 3254 Justiuiani

770 3289 984 3345 novella
1019 3289 1214 3342 statuit
1255 3288 1636 3358 quinquennio
1660 3300 1983 3358 exspectare
2013 3288 2214 3344 debere
2255 3306 2345 3346 re-

769 3381 955 3433 lictam
995 3390 1205 3450 partem
1245 3380 1498 3443 liberam,
1530 3388 1584 3434 et
1613 3381 1692 3434 sic
1720 3382 1840 3434 sine
1877 3381 1983 3434 ullo
2028 3367 2345 3449 praeiudicio

768 3474 995 3526 alterum
1067 3471 1476 3526 matrimonium
1541 3473 1908 3538 contrahere;
1966 3476 2053 3528 cui
2119 3477 2340 3543 quidem

767 3564 1075 3618 deﬁnitioni
1146 3564 1465 3618 adversatur
1521 3563 1589 3616 33
1648 3565 1858 3617 novella
1941 3564 2074 3633 imp.
2136 3569 2342 3621 domin‘i

774 3657 972 3710 Leonis
1013 3655 1314 3724 Sapientis,
1356 3670 1478 3724 qua:
1513 3655 1643 3708 dicit
1678 3657 2018 3724 indistincte,
2045 3662 2340 3728 captivum,

769 3745 863 3813 qui
901 3760 1155 3798 reversus
1185 3753 1268 3799 est
1299 3760 1514 3813 setnper
1565 3761 1820 3799 revocare
1854 3749 2134 3816 proprium
2171 3766 2340 3804 mem-

770 3835 929 3886 brum
963 3851 976 3886 :
1012 3835 1099 3888 dic
1133 3833 1432 3888 Justiuiani
1469 3836 1741 3888 novellam
1776 3838 2093 3907 abrogatam
2141 3856 2266 3894 esse
2311 3857 2342 3896 a

768 3927 915 3979 dicta
952 3927 1165 3979 novella
1204 3927 1335 3994 imp.
1374 3925 1583 3978 domini
1613 3926 1813 3979 Leonis
1847 3929 2143 3996 Sapientis.
2197 3929 2343 3985 Prae-

769 4029 916 4070 terea
978 4034 1042 4071 ue
1105 4017 1203 4070 tibi
1266 4017 1608 4071 contrarium
1666 4018 1918 4072 videatur
1979 4024 2338 4088 penultimum

767 4110 947 4161 thema
983 4108 1066 4173 11,
1094 4124 1214 4177 cap.
1245 4109 1310 4162 57
1367 4109 1452 4161 tit.
1489 4125 1554 4164 ιχ
1613 4109 1707 4163 lib.
1740 4110 1929 4165 dicens
1965 4131 1974 4162 :
2019 4114 2074 4165 Si
2102 4114 2192 4166 11111
2246 4117 2344 4170 ab-

769 4209 978 4249 sentem
1029 4199 1208 4249 virum
1270 4198 1405 4251 falso
1437 4198 1666 4265 periisse
1718 4200 1915 4252 mulier
1951 4202 2246 4266 audiverit,
2288 4214 2344 4259 et

773 4288 915 4340 fama
950 4303 1209 4356 persuasa
1243 4290 1334 4342 alii
1369 4305 1427 4342 se
1455 4291 1573 4343 sine
1612 4290 1738 4343 dolo
1780 4293 2130 4347 matr-inionio
2153 4297 2347 4364 junxe-

769 4380 863 4443 111,
901 4394 1008 4432 non
1048 4380 1297 4448 punitur.
1331 4379 1438 4432 Sed
1493 4379 1582 4434 dic
1619 4381 1722 4434 hoc
1775 4397 1896 4436 esse
1943 4385 2064 4452 jure
2106 4388 2345 4457 digesto-

769 4484 914 4532 rum,
947 4478 1000 4522 ct
1035 4477 1065 4521 a'
1089 4469 1251 4522 dictis
1292 4470 1523 4524 novellis
1552 4486 1676 4524 esse
1709 4471 2018 4528 sublatum.

2370 3242 2418 3307 Ο

2445 638 2640 707 ἀδηλία
2686 640 2802 689 ἐστὶ
2859 639 2954 704 τῆς
3004 636 3194 689 τούτου
3253 636 3418 703 ζωῆς,
3454 635 3590 702 μετά
3641 635 3698 686 δὲ
3751 636 3854 704 τὴν
3893 653 4029 687 πεν-

2445 729 2668 784 ταετίαν
2703 729 2893 797 ἕτερον
2927 729 3312 779 συναλλάττειν
3342 727 3543 794 γάμον.
3590 726 3896 793 Ἀνάγνωθι
3928 725 4028 781 οὖν

2445 822 2546 889 τὴν
2578 821 2838 888 τοιαύτην
2862 821 3088 888 νεαρὰν,
3133 819 3398 878 ὡσαύτως
3436 819 3529 870 καὶ
3579 819 3680 887 τὴν
3703 819 3788 884 λγ¹
3817 821 4028 889 νεαρὰν

2445 912 2544 964 τοῦ
2575 911 2842 982 βασιλέως
2871 910 3042 980 κυροῦ
3075 911 3306 970 Λέοντος
3360 910 3455 962 τοῦ
3481 911 3676 978 Σοφοῢ,
3708 911 4028 980 διοριζομέ-

2444 1021 2541 1072 νην
2573 1003 2648 1072 μὴ
2672 1001 2900 1057 λύεσθαι
2933 1000 3206 1070 προφάσει
3235 1001 3334 1070 τῆς
3385 1001 3766 1071 αἰχμαλωσίας
3822 1004 4027 1072 γάμον⁹

2448 1097 2584 1163 μηδὲ
2609 1096 2687 1168 τῷ
2722 1093 2990 1164 ἐλευθέρῳ
3023 1093 3421 1163 συντηρηθέντι
3451 1094 3608 1163 μέρει
3653 1093 3858 1158 ἐξεῖναι
3889 1098 4028 1166 πρὶς

2433 1187 2630 1255 «ἕτερον
2661 1185 2871 1239 ἐπιδεῖν
2903 1186 3284 1237 συνοικέσιον’
3349 1185 3464 1238 ἀλλ’
3521 1187 3568 1237 εί
3625 1191 3718 1238 καὶ
3775 1187 4027 1257 συναφθῇ

2443 1277 2638 1345 ἑτέρῳ,
2675 1277 2860 1330 ἄδειαν
2884 1275 3030 1344 ἔχειν
3077 1275 3140 1327 τδ
3175 1275 3527 1345 ὑποστρέψαν
3589 1277 3760 1346 μέρος
3806 1278 3873 1330 ὲκ
3927 1280 4028 1344 τῆς

2437 1365 2820 1434 αἰχμαλωσίας
2847 1365 3248 1420 ἀνακαλεῖσθαι
3314 1366 3376 1418 τὸ
3413 1369 3614 1419 οἰκεῖον
3675 1362 3867 1438 μέλος,
3933 1375 4030 1420 καί

2436 1459 2534 1511 τὸν
2556 1458 2810 1527 δεύτερον
2841 1458 3021 1527 γάμον
3041 1459 3300 1527 διασπᾷν.
3333 1457 3440 1511 Τοῦ
3491 1458 3622 1526 γοῦν
3652 1459 3886 1520 κανόνος
3911 1459 4029 1510 διο-

2429 1549 2736 1618 -ριζομένου
2787 1550 2888 1601 ὅσα
2933 1550 3161 1617 εἴπομεν
3224 1547 3458 1612 ἀνωθεν,
3532 1549 3626 1602 καὶ
3674 1549 3786 1600 τῶν
3845 1549 4026 1616 νόμων

2430 1641 2980 1710 παρακελευομένων
3011 1641 3186 1694 ταῦτα
3217 1639 3282 1710 δὴ
3309 1641 3380 1694 τὰ
3408 1639 3695 1709 προσεχῶς
3776 1656 4028 1707 γεγραμ-

2448 1732 2608 1802 μένα,
2640 1733 2911 1801 ἐρωτήσει
2972 1749 3077 1795 τις,
3129 1731 3286 1784 Τίσιν
3351 1733 3416 1784 ἐκ
3467 1731 3676 1784 τούτων
3732 1732 4028 1799 προσέχειν

2443 1825 2736 1893 ὀφείλομεν
2769 1842 2783 1891 ;
2811 1826 2999 1893 Φαμὲν
3029 1821 3123 1878 οὖν
3150 1827 3231 1878 ὅτι
3266 1826 3493 1888 καὶτοῖς
3517 1828 3572 1877 ἐν
3596 1824 3674 1892 τῷ
3705 1823 3894 1876 κανόνι
3932 1823 4030 1873 καὶ

2452 1920 2651 1981 ἐντοῖς
2683 1918 2898 1986 νόμοις,
2949 1918 3236 1987 ἑκατέροις
3290 1918 3513 1979 πάντως
3580 1918 3726 1970 κατὰ
3790 1917 4029 1984 καιρόν·

2452 2009 2548 2062 καὶ
2583 2010 2694 2062 ἀπὸ
2731 2010 2828 2078 μὲν
2854 2009 2948 2061 τοῦ
2975 2010 3200 2072 κανόνος
3236 2009 3558 2078 μοιχαλίδας
3589 2009 3848 2076 εἴποιμεν
3883 2003 4028 2057 εἶναι

2426 2103 2569 2164 τὰς.
2602 2101 2728 2170 περὶ
2754 2095 2830 2152 ὦν
2858 2104 2886 2153 ό
2913 2100 3115 2164 κανὼν,
3154 2104 3417 2168 γυναῖκας
3446 2099 3796 2170 γαμηθείσας
3820 2100 4032 2162 ἑτέροις

2451 2188 2558 2257 πρὸ
2586 2187 2680 2241 τοῦ
2711 2188 2896 2262 λαϐεῖν
2953 2189 3152 2258 ἐντελῆ
3208 2189 3587 2259 πληροφορίαν
3634 2189 3728 2241 τοῦ
3796 2189 4032 2242 θανάτου

2449 2278 2561 2330 τῶν
2581 2279 2804 2345 ἀφανῶν
2827 2279 3037 2344 ἀνδρῶν
3070 2279 3252 2332 αὐτῶν
3288 2295 3303 2308 ο
3334 2279 3498 2332 τοῦτο
3523 2281 3636 2350 γάρ
3665 2280 3760 2332 καὶ
3811 2281 3867 2332 αἱ
3901 2297 4032 2330 v5.1-

2453 2370 2548 2437 ραι
2585 2369 3059 2438 παρακελεύονται
3096 2371 3229 2440 ’τὴν
3247 2371 3303 2424 δὲ
3339 2375 3584 2438 γυναῖκα
3621 2370 3720 2424 τοῦ
3758 2374 4036 2442 στρατιώ-

2447 2476 2546 2510 του
2581 2461 2655 2528 μὴ
2683 2461 2825 2512 κατὰ
2856 2463 2959 2529 τὴν
2980 2461 3275 2532 περίληψιν
3299 2463 3399 2532 τῆς
3426 2466 3627 2534 νεαρᾶς
3654 2467 4036 2534 γαμηθεῖσαν.

2427 2553 2781 2621 συγγνώμης
2836 2553 2936 2604 οὐκ
2985 2554 3322 2624 ἀξιώσομεν,
3385 2555 3578 2626 ῶσπερ
3635 2560 3782 2612 κατὰ
3826 2559 4040 2625 ταύτην

2450 2641 2762 2709 ποιήσασαν
2813 2643 2943 2695 οὐκ.
2979 2644 3364 2715 αἰτιασόμεθα.
3402 2647 3488 2701 ςΤὺ
3568 2648 3754 2717 μέντοι
3772 2647 3926 2718 ἔχειν
3953 2651 4040 2701 ἐπ’

2450 2733 2635 2794 ἀδείας
2687 2735 2812 2795 τοὺς
2847 2733 3050 2804 ἄνδρας
3106 2737 3301 2788 πασῶν
3342 2738 3452 2790 τῶν
3501 2739 3896 2808 μοιχευθεισῶν
3944 2757 4042 2807 γυ-

2460 2825 2665 2878 ναικῶν
2696 2825 3172 2894 ἀναλαμϐάνεσθαι
3201 2828 3369 2890 αὑτάς
3424 2831 3517 2882 καὶ
3552 2833 3690 2898 μετά
3745 2831 3852 2901 τὴν
3910 2837 4044 2885 ὑπερ

2451 2919 2692 2986 στροφὴν
2714 2919 2909 2981 κοινῶς
2935 2919 3078 2979 sint,
3105 2919 3200 2970 καὶ
3229 2921 3303 2992 μὴ
3337 2921 3431 2972 ἐπὶ
3462 2923 3629 2990 μόνης
3676 2922 3782 2993 τῆς
3837 2941 4040 2992 rava:-

2451 3010 2544 3072 κὸς
2571 3009 2666 3064 τοῦ
2702 3011 3038 3080 στρατιώτου
3075 3012 3219 3066 κατά
3268 3015 3368 3083 τὴν
3442 3015 3732 3085 περίληψιν
3785 3018 3890 3085 τῆς
3942 3022 4041 3087 ρη-

2423 3097 2641 3168 θείσης
2673 3098 2776 3168 ριξ⁹
2819 3103 3043 3170 νεαρᾶς,
3098 3103 3200 3171 τῆς
3231 3105 3658 3176 συνοψισθείσης
3697 3110 3756 3159 ἐν
3831 3125 4051 3183 κεφ.γ,

2447 3191 2543 3243 τοῦ
2574 3197 2645 3258 ιγ’
2672 3192 2778 3245 τίτ.
2805 3191 2902 3245 τοῦ
2941 3195 3212 3262 παρόντος
3234 3198 3635 3266 συντάγματος.
3709 3201 3875 3251 Ἐπεὶ
3910 3202 3969 3252 δὲ
4016 3210 4042 3253 ο

2450 3282 2634 3338 κανὼν
2667 3285 2766 3352 μὲν
2806 3287 2937 3354 περ)⁸
2961 3287 3318 3356 αἰχμαλώτου
3355 3290 3508 3341 οὐδέν
3547 3307 3604 3341 τι
3665 3291 4045 3360 ὲθεσμοθέτη-

2453 3375 2609 3444 eam}
2641 3373 2704 3425 δὲ
2727 3374 3084 3445 διαληφθεῖσα
3149 3378 3585 3443 Ίουστινιάνειος
3629 3384 3808 3451 νεαρὰ
3868 3385 4041 3452 6:095-

2450 3465 2602 3529 ζεται
2630 3468 2720 3520 ἐπὶ
2737 3469 3006 3538 πενταετῆ
3045 3472 3241 3540 καιρὸν
3285 3474 3584 3541 ἀναμένειν
3617 3476 3677 3526 τὸ
3710 3476 4040 3546 ὑποληῖιιέὲν

2453 3560 2620 3629 μέρος
2641 3559 2948 3629 ἐλεύθερον,
2983 3561 3075 3613 καὶ
3098 3561 3270 3624 οὕτως
3300 3564 3804 3635 ἀποκριματίστως
3851 3572 4043 3640 ἕτερον

2449 3651 2786 3703 συνοικέσιον
2813 3654 3072 3722 συνιστᾷν
3107 3669 3122 3685 ’
3151 3645 3196 3720 ᾧ
3221 3653 3361 3722 δῆτα
3417 3654 3695 3728 διορισμῷ
3742 3660 4039 3712 ὲναντιοῦο

2447 3740 2699 3812 uti]th
2731 3745 2903 3812 νεαρὰ
2934 3745 3028 3797 τυῦ
3085 3746 3352 3815 βασιλέως
3405 3749 3576 3816 κυροῡ
3636 3752 3884 3814 Λέο.τος
3945 3754 4040 3807 τοῦ

2449 3834 2646 3901 Σοφοῦ,
2681 3835 2913 3902 λέγουσα
2946 3836 3332 3902 ἀδιαστίκτως,
3357 3839 3756 3894 ἀνακαλεῖσθαι
3814 3847 3906 3896 ἀεὶ
3948 3851 4037 3898 τὶν

2448 3929 2868 4000 ὑποστρέψαντα
2895 3930 3244 3997 αίχμάλωτον
3273 3933 3336 3982 τὸ
3368 3934 3575 3984 οἰκεῖον
3640 3933 3818 4004 μέλος
3848 3954 3865 3969 ·
3917 3942 4037 3990 sit-5:

2432 4022 2528 4074 ηὸτι
2563 4022 2631 4073 τὰ
2686 4025 2788 4091 τῆς
2859 4023 3298 4077 ἰουστινιανείου
3358 4027 3563 4094 νεαρᾶς
3631 4028 4038 4096 ὴπράκτηταν,

2425 4113 2807 4183 ἀναιρεθέντα
2841 4113 2946 4164 ὑπὸ
2972 4115 3071 4182 τῆς
3114 4114 3379 4184 ῥηθείσης
3431 4116 3546 4184 ρλγ¹
3571 4121 3781 4186 νεαρᾶς
3813 4121 3914 4172 τοῦ
3945 4123 4039 4190 βλ-

2431 4205 2640 4267 ’σιλέως
2699 4204 2867 4274 κυρυῦ
2889 4204 3116 4268 Λέοντος
3146 4204 3242 4257 τοῦ
3262 4205 3456 4273 Σοφοῦ.
3530 4208 3656 4260 Ἐπὶ
3694 4212 3926 4272 τούτοις
3967 4218 4037 4281 μὴ

2447 4293 2748 4362 ἐναντιωθῇ
2817 4311 2902 4347 σοι
2945 4294 3007 4345 τὸ
3057 4295 3530 4363 παρατελευταῖον
3582 4297 3729 4368 θέμα
3801 4303 3905 4354 τοῦ
3979 4311 4039 4354 ια’

2426 4385 2664 4454 “κεφ.λζ’
2691 4384 2872 4436 τίτλου
2897 4385 2989 4438 τοῦ
3017 4384 3058 4448 ξ’
3082 4383 3226 4454 βιῦλ.
3245 4386 3405 4453 λέγον
3429 4402 3444 4417 ·
3510 4389 3635 4440 Ἐἀν
3704 4391 3806 4442 ἐπὶ
3871 4394 4036 4444 πολιν

2447 4479 2637 4547 χρόνον
2663 4475 3069 4542 ἀπολειφθέντα
3091 4477 3181 4528 τὸν
3209 4477 3380 4548 ἄνδρα
3447 4479 3711 4543 πλαστῶς
3775 4485 3814 4552 ὴ
3901 4493 4036 4552 γυνη

765 4565 1457 4636 ἀκούσῃτελευτῆσαι.κιὶ
1488 4568 1855 4640 πειεθεῖσατῇ
1905 4572 2062 4642 φήμῃ
2139 4576 2310 4646 ἑτέρῳ
2349 4577 2576 4647 γαμηθῇ
2646 4572 2872 4635 ἀδόλως,
2938 4571 2998 4624 οὐ
3085 4576 3433 4643 τιμωρεῖται.
3508 4577 3649 4628 Ἀλλ’
3706 4580 3838 4632 εἰπὲ
3898 4577 4037 4634 sint

765 4657 925 4714 τοῦτο
956 4658 1240 4727 διγὲστων,
1275 4662 1370 4712 καὶ
1406 4661 1762 4732 ἀναιρεθῆναι
1795 4664 1899 4717 ὑπὸ
1930 4667 2041 4719 τῶν
2068 4670 2343 4739 magna»
2382 4673 2618 4744 νεαρῶν.

839 4752 1089 4808 ΖΟΝΜὶ.
1119 4755 1250 4818 Qua:
1285 4756 1499 4819 mulier,
1533 4759 1652 4810 viro
1690 4763 2071 4831 peregrinante
2093 4805 2108 4828 ,
2157 4784 2337 4838 neque

2515 4767 2759 4826 ΖΩΝΑΡ.
2805 4765 2932 4817 Ἐὰν
2961 4763 3120 4835 γυνὴ,
3175 4765 3632 4835 ἀναχωρήσαντος
3684 4769 3785 4821 τοῦ
3846 4775 4039 4845 ἀνδρὸς

767 4846 933 4916 longo
983 4849 1243 4915 temporis
1293 4848 1579 4902 intervallo
1616 4863 1947 4920 revertente,
1999 4871 2125 4908 cum
2186 4860 2342 4914 illum

764 4937 1074 4992 decessisse
1123 4939 1363 4991 nondum
1422 4941 1584 5008 plane
1638 4955 1984 5012 compertum
2040 4949 2128 5011 sit,
2188 4953 2343 5004 alteri

767 5031 886 5080 viro
933 5029 1224 5098 nupserit,
1259 5030 1513 5084 adulterii
1561 5033 1770 5087 crintcn
1809 5037 2068 5093 admittit.
2115 5040 2344 5098 Militum

764 5137 985 5190 quoque
1018 5137 1257 5184 uxores,
1315 5126 1362 5176 si
1410 5125 1545 5178 viris
1585 5128 1826 5194 ipsarum
1873 5146 1980 5182 non
2033 5137 2344 5201 apparenti-

735 5215 871 5267 .bus
915 5215 1036 5268 aliis
1091 5218 1398 5284 nupseriut,
1468 5219 1722 5273 adulterii
1767 5222 1922 5290 culpa
1971 5240 2078 5279 non
2129 5238 2342 5285 vacant.

766 5306 984 5370 Quibus
1002 5314 1219 5367 tatncn,
1259 5308 1406 5376 quod
1450 5310 1501 5362 111
1545 5312 1717 5366 11111110
1759 5315 1925 5367 vitam
1963 5316 2106 5370 inter
2141 5322 2346 5372 tumul-

768 5405 858 5448 tus
886 5396 1150 5449 bellorum
1185 5409 1375 5465 agente
1413 5401 1605 5454 mortis
1644 5403 1887 5472 suspicio
1923 5406 2138 5462 facilius
2187 5411 2344 5464 11110111

769 5485 1036 5548 inveniat,
1087 5485 1392 5543 faciliorem
1442 5505 1499 5544 se
1537 5506 1715 5545 canon
1747 5494 1798 5546 in
1830 5496 2166 5564 ignoscendo
2211 5517 2349 5570 prae-

769 5576 878 5628 bet.
932 5575 1004 5626 De
1038 5576 1122 5628 his
1161 5586 1339 5631 autem
1381 5595 1609 5648 magnus
1636 5599 1855 5652 quoque
1886 5585 2124 5643 Basilius
2153 5593 2343 5645 eodem

765 5657 1052 5722 trico:§imo
1090 5670 1270 5737 primo
1298 5681 1348 5724 et
1378 5675 1658 5727 lt'iCcsiino
1692 5691 1845 5731 sexm
1877 5696 2089 5735 canone
2129 5688 2340 5750 statuit,

769 5759 853 5812 νει
888 5762 1065 5825 potius
1095 5760 1215 5827 ejus
1246 5776 1487 5816 canones
1519 5765 1570 5816 111
1602 5767 1746 5818 1111110
1781 5769 1957 5822 locum
1985 5761 2226 5841 syiiodus
2258 5785 2342 5828 to-

768 5851 937 5904 tidem
963 5851 1148 5905 verbis
1180 5857 1480 5909 transtulit.
1512 5856 1584 5910 De
1621 5860 1883 5916 uxoribus
1906 5879 2073 5930 porro
2105 5870 2336 5923 militum

2445 4861 2638 4928 αὐτῆς,
2677 4858 2773 4910 καὶ
2808 4858 2900 4910 ἐπὶ
2936 4856 3154 4926 μακρὰν
3181 4857 3313 4920 ἴσως
3348 4857 3422 4929 μὴ
3464 4859 3898 4929 ἐπανελθόντος,
3942 4871 4037 4937 πρὸ

2446 4952 2544 5004 τοῦ
2571 4947 3059 5019 πληροφορηθῆναι
3096 4951 3146 5000 εί
3165 4948 3243 5011 ὡς
3272 4949 3490 5020 ἀληθῶς
3518 4949 3814 5023 τέθνηκεν,
3868 4959 4038 5026 ἑτέρῳ

2449 5046 2772 5113 συνοικήσῃ,
2831 5042 3083 5111 μοιχείαν
3131 5042 3327 5113 τολμᾷ.
3395 5045 3507 5097 Καὶ
3564 5052 3942 5116 στρατιωτῶν
3988 5053 4038 5104 δὲ

2449 5139 2729 5206 γυναῖκες,
2757 5134 2980 5203 ἀφανῶν
3004 5134 3112 5186 τῶν
3145 5135 3358 5204 ἀνδρῶν
3389 5137 3570 5189 αὐτῶν
3601 5140 3964 5207 γενομένων,
3997 5159 4019 5193 ε

2448 5227 2757 5297 γαμηθεῖεν
2793 5229 3024 5298 ἑτέροις,
3081 5228 3392 5296 μοιχαλίδες
3438 5229 3598 5286 εἰσίν.
3633 5230 3760 5283 Ἐπὶ
3824 5237 4040 5287 τούτων

2448 5321 2506 5374 δὲ
2537 5320 2738 5390 μᾶλλον
2784 5315 3168 5389 συγγνωμονεῖ
3195 5324 3223 5374 ό
3255 5320 3454 5385 κανὼν,
3490 5322 3577 5376 διὰ
3599 5323 3657 5376 τὸ
3689 5322 3829 5388 τοὺς
3883 5344 4042 5399 mea-

2448 5410 2648 5471 τιώτας
2692 5409 2895 5481 μᾶλλον
2948 5411 3304 5463 πιστεύεσθαι
3364 5414 3547 5465 θανεῖν
3578 5452 3592 5476 ,
3651 5414 3712 5464 ἐν
3761 5418 4041 5486 πολέμοις

2449 5500 2990 5570 ἀναστρεφομένους.
3039 5501 3175 5571 Περὶ
3201 5501 3406 5553 τούτων
3429 5503 3485 5554 δὲ
3518 5504 3612 5555 καὶ
3639 5504 3668 5556 6
3703 5505 3910 5573 μέγας
3943 5512 4036 5561 Βι-

2453 5593 2647 5654 σίλειος
2697 5597 2754 5644 ἐν
2799 5594 3108 5663 τριακοστῷ
3167 5593 3370 5663 πρώτῳ
3408 5597 3594 5649 κανόνι
3653 5602 3751 5650 καὶ
3821 5600 3928 5670 λς’
3986 5609 4042 5658 τὰ

2450 5687 2589 5738 αὐτά
2623 5686 2996 5750 διατάττεται,
3033 5689 3063 5756 ἢ
3093 5689 3300 5756 μᾶλλον
3328 5691 3453 5751 τοὺς
3480 5692 3695 5744 ἐκείνου
3725 5699 3983 5760 κανόνας
4012 5703 4038 5768 ἡ

2449 5777 2668 5840 σύνοδος
2698 5777 2839 5845 αὕτη
2885 5782 3000 5840 τοῖς
3037 5780 3281 5850 ῥήμασιν
3311 5783 3757 5853 ὲγκατέστρωσε.
3805 5790 3960 5861 Περὶ
3991 5793 4038 5846 δὲ

2450 5870 2852 5939 στρατιωτίδων
2905 5872 3184 5938 γυναικῶν
3232 5874 3435 5942 πολλὴν
3477 5879 3506 5930 ό
3548 5878 3846 5940 πολιτικὶς
3889 5887 4040 5950 2059.5;
