4218 6458
113 432 218 491 837

1175 415 1253 472 1N
1297 410 1463 468 t'ZAN-
1509 408 1682 466 XCIV
1727 402 1936 464 CONC.
1967 401 2044 460 ΙΝ
2084 400 2414 459 Τιιυιιο.

3265 393 3369 454 838

117 545 354 595 ποιεῖται
387 539 697 608 ἀκρίϐειαν,
735 536 877 589 ὥστε
917 539 992 603 μὴ
1035 531 1245 598 ἑτέροις
1289 523 1682 586 συνάπτεσθαι,
1720 530 1762 583 Α

1797 534 1962 588 quam
2009 517 2429 587 diligentissime
2474 517 2653 588 legum
2700 516 2942 572 civilium
2987 515 3373 582 sanctionibus

121 637 170 687 εί
201 633 427 702 μάθοιεν
460 629 766 700 ἀνῃρῆσθαι
801 628 925 688 τοὺς
953 622 1151 693 ἄνδρας
1178 618 1381 680 αὐτῶν,
1416 617 1464 667 εί
1493 615 1567 682 μή
1590 614 1691 675 τὰς

125 725 546 794 παρατηρήσεις
605 718 942 788 φυλάξαιεν,
1007 714 1071 776 ἃς
1131 714 1165 781 ή
1247 706 1687 772 ἑπτακαιδεκάτη

127 815 298 885 νεαρά
323 814 594 882 περιέχει,
625 811 852 879 κειμένη
883 810 960 869 εις
995 803 1198 876 βιϐλίον
1243 801 1351 853 τῶν
1393 794 1697 850 Βασιλικῶν

127 907 378 960 εἰκοστὸν
406 905 610 971 ὄγδοον,
637 902 813 955 τίτλον
863 899 905 964 ζ’
959 914 1087 966 κεφ.
1121 896 1188 958 ζ’.
1217 894 1278 946 Et
1309 891 1364 944 δέ
1391 906 1498 951 τις,
1532 888 1698 955 φησὶν

129 999 156 1048 6
185 993 368 1048 κανὼν
400 989 579 1054 οὗτος,
606 990 746 1060 γυνὴ
771 989 1080 1057 συνοικήσει
1107 983 1184 1054 τῷ
1209 981 1345 1052 πρὸς
1377 977 1570 1045 καιρὸν
1601 993 1699 1028 κα-

137 1084 486 1150 ταλειφθέντι
525 1082 677 1151 παρά
704 1080 802 1147 τῆς
837 1079 976 1140 ἰδίας
1012 1073 1306 1144 γυναικὸς,
1341 1067 1612 1137 ἀγνοοῦσα
1641 1067 1702 1118 τὸ

136 1180 397 1246 πρᾶγμα,
451 1171 571 1227 εἶτα
622 1170 1028 1239 ἐπανελθούσης
1077 1167 1176 1236 τῆς
1230 1163 1502 1234 προτέρας
1537 1159 1700 1212 αὐτοῦ

131 1266 395 1334 γυναικὸς
431 1265 767 1333 ἀποπεμφθῇ
821 1266 850 1330 ἡ
898 1261 1047 1329 αὑτῷ
1097 1259 1237 1311 κατὰ
1261 1256 1514 1324 δεύτερον
1563 1255 1704 1322 τάχα

132 1358 511 1426 συνοικήσασα
556 1355 754 1423 γάμον,
807 1354 884 1415 ὡς
933 1349 1305 1420 πορνεύσασα,
1355 1346 1449 1398 καὶ
1498 1343 1596 1410 οὐχ
1631 1343 1707 1404 ὡς

141 1448 397 1517 μοιχαλὶ;
431 1447 992 1514 καταδικασθήσεται,
1027 1444 1119 1494 καὶ
1168 1443 1215 1491 εί
1250 1438 1500 1507 βούλεται
1535 1437 1708 1504 ἑτέρῳ

147 1542 306 1609 ἀνδρὶ
333 1539 550 1607 νομίμῳ
577 1537 858 1604 γενέσθαι,
889 1536 949 1587 ού
983 1533 1388 1601 κωλυθήσεται.
1420 1527 1528 1580 Καὶ
1554 1528 1709 1580 τοῦτο

137 1633 188 1684 δι
217 1632 312 1684 τοῦ
337 1631 575 1700 μεγάλου
608 1629 890 1682 Βασιλείου
920 1627 1099 1679 κανών
1131 1625 1246 1676 ἐστι
1275 1619 1712 1690 τεσσαρακοστδς

147 1726 337 1785 ἕκτος.
369 1723 431 1775 Et
462 1723 520 1775 δὲ
557 1719 892 1790 στρατιώτου
923 1719 1061 1787 γυνή
1086 1717 1161 1777 ὡς
1191 1713 1285 1768 τοῦ
1322 1712 1512 1781 ἀνδρὸς
1547 1710 1716 1779 αὐτῆς

145 1815 402 1875 θανόντος
426 1813 611 1883 ἕτερον
635 1811 812 1875 λάϐοι,
843 1808 962 1862 εῐτα
987 1806 1274 1860 ἐπανέλθοι
1304 1805 1331 1855 6
1356 1801 1716 1868 στρατιώτης,

1784 615 2028 670 cautum
2055 616 2176 671 est;
2216 617 2272 661 ut
2297 609 2545 677 quamvis
2576 613 2824 662 nuntiato
2856 613 3094 664 virorum
3125 614 3373 679 interitu,

1808 714 1916 752 non
1944 707 2147 763 tamen,
2202 698 2307 753 nisi
2347 700 2414 752 iis
2445 701 2698 754 munibus
2737 717 2857 768 qure
2892 702 3102 757 decima
3139 708 3376 773 septima

1801 791 2021 844 novella
2070 791 2123 843 in
2171 791 2312 843 libro
2340 792 2602 846 vicesimo
2649 802 2861 856 octavo,
2904 796 3059 848 titulo
3106 799 3379 866 st-ptinio,

1812 897 1930 950 cap.
1959 882 2191 950 septimo
2221 881 2439 935 Basihe.
2487 883 2658 950 posita
2709 886 3064 938 continentur
3124 892 3376 952 servatis,

1815 972 1970 1025 alteri
2000 972 2233 1038 cuipiam
2275 973 2507 1024 nubant.
2544 969 2599 1024 Si
2637 988 2757 1040 qua:
2795 988 2920 1026 vero
2954 975 3168 1038 mulier,
3203 978 3381 1045 inquit

1819 1063 2139 1123 hiccanon,
2200 1061 2314 1114 viro
2365 1064 2431 1114 ad
2476 1071 2690 1129 tempus
2724 1065 2788 1115 ah
2817 1080 2986 1118 uxore
3026 1081 3122 1118 sua
3169 1067 3380 1130 relicto,

1819 1156 2023 1209 factum
2049 1157 2329 1226 ignorans,
2368 1161 2641 1226 nupserit,
2676 1169 2787 1212 tum
2828 1177 2993 1212 uxore
3018 1164 3194 1230 ptime
3231 1155 3384 1216 rede—

1823 1256 1951 1300 unte
1981 1249 2048 1300 ab
2085 1249 2173 1301 illo
2197 1247 2425 1302 dimissa
2461 1249 2640 1312 fuerit,
2670 1266 2793 1303 cum
2822 1267 2928 1319 quo
2964 1254 3217 1306 secundis
3252 1255 3386 1308 forte

1825 1339 2027 1405 nuptiis
2054 1338 2303 1405 copulata
2345 1340 2624 1394 coiret-at:
2659 1342 2833 1394 instar
2862 1342 3252 1404 ini-nicatrit-is.
3282 1362 3384 1396 m-n

1824 1436 1881 1480 ut
1922 1427 2170 1480 adultera
2217 1428 2704 1492 condemuabitur,
2753 1446 2852 1484 nec
2899 1431 3218 1501 quidquam,
3257 1451 3392 1501 (μυο-

1826 1519 2028 1580 minus,
2077 1517 2123 1571 si
2153 1517 2305 1582 velit,
2348 1518 2503 1571 alteri
2537 1518 2653 1571 viro
2687 1521 2878 1585 nubat,
2911 1522 3170 1576 obstabit.
3207 1525 3385 1592 Atque

1828 1614 1929 1663 hoc
1993 1624 2212 1678 quoque
2285 1612 2460 1680 magni
2514 1612 2642 1664 item
2713 1612 2898 1666 Basilii
2963 1617 3390 1686 quadragesimo

1826 1708 1980 1755 sexto
2013 1716 2226 1756 canone
2249 1708 2604 1757 constitutum
2626 1715 2732 1758 est.
2755 1706 2910 1769 Quod
2939 1708 2984 1761 si
3018 1724 3154 1762 uxor
3183 1712 3394 1770 militis.

1833 1793 2083 1845 maritum
2120 1793 2396 1848 interiisse
2458 1805 2599 1859 rata,
2630 1797 2785 1850 alteri
2821 1802 3091 1866 nupserit,
3129 1815 3191 1852 ac
3218 1817 3399 1855 rever-

142 1908 192 1957 εί
235 1875 534 1975 βούλεται..
566 1903 798 1973 λήψεται
841 1903 940 1971 τὴν
971 1899 1179 1951 οἰκείαν
1212 1897 1447 1965 γυναῖκα
1479 1909 1725 1959 συγγνω-
1753 1875 1769 1932 Ῑ

1784 1876 1972 1937 ltatur
2024 1894 2207 1952 postea
2244 1887 2420 1950 miles,
2447 1903 2599 1940 suam
2639 1889 2709 1952 is,
2749 1891 2794 1944 si
2868 1893 3122 1955 voluerit,
3171 1890 3396 1945 um'rem

149 1998 493 2066 μονουμένην
515 1997 601 2047 διὰ
632 1997 728 2064 τὴν
746 1994 990 2060 ἄγνοιαν,
1020 1989 1162 2042 ὥστε
1198 1989 1273 2057 μὴ
1300 1984 1723 2054 ἐπιτιμηθῆναι,

152 2090 273 2143 ἀλλ’
299 2089 423 2141 οῦδὲ
467 2090 494 2140 6
530 2087 705 2156 ταύτῃ
758 2085 1004 2153 νομίμως
1053 2080 1348 2148 συναφθεὶς
1386 2075 1725 2144 ἐπιτιμηθῆ-

152 2198 309 2233 σεται
335 2182 421 2232 διὰ
450 2181 548 2246 τὴν
574 2179 742 2248 αὐτὴν
771 2177 976 2229 αἰτίαν.

152 2273 382 2325 ΛΡΙΣΤ.
446 2289 462 2322 ι
516 2270 733 2340 ’Λνδρδς
776 2265 1213 2336 ἀφαντουμένου,
1254 2264 1288 2331 ἡ
1351 2259 1456 2336 πρὸ
1487 2259 1578 2312 τοῦ
1611 2274 1730 2310 πει-

237 2384 256 2417 )
305 2365 501 2432 σθῆναι
551 2361 793 2414 λαϐοῦσα
849 2359 1106 2429 μοιχᾶται
1146 2373 1161 2388 ο
1199 2359 1226 2409 6
1274 2354 1331 2406 δὲ
1384 2351 1733 2422 ὑποστρέψας

245 2475 264 2508 ι
308 2456 472 2523 ἀνὴρ,
503 2454 551 2505 εί
585 2453 917 2522 προῄρηται,
952 2447 1187 2517 λήψεται
1218 2444 1410 2513 αὑτήν.
1451 2461 1470 2493 ι

239 2641 462 2711 Συνάεει
495 2639 568 2706 τῷ
597 2637 820 2706 παρόντι
852 2634 1036 2688 κανόνι
1069 2632 1164 2684 καὶ
1192 2633 1226 2702 ἠ
1275 2629 1542 2698 ἐκατοστὴ
1575 2628 1743 2678 ἐπτα-

164 2730 472 2798 καιδεκάτη
536 2724 969 2784 Ἱουστινιάνειος
1015 2721 1186 2789 νεαρὰ
1212 2761 1226 2785 ,
1264 2720 1296 2787 ή
1333 2721 1390 2770 ἐν
1419 2716 1497 2785 τῷ
1528 2716 1741 2782 ἑϐδόμῳ

163 2822 334 2889 τίτλῳ
383 2818 478 2871 τοῦ
523 2815 770 2870 εἰκοστοῦ
815 2814 1005 2882 ὀγδόου
1051 2812 1265 2880 βιϐλίου
1295 2809 1405 2862 τῶν
1443 2807 1745 2860 Βασιλικῶν

169 2913 405 2981 κειμένη
442 2927 455 2940 ·
490 2908 823 2978 προστάττει
875 2905 985 2974 γάρ
1024 2903 1278 2970 κάκείνη,
1328 2901 1428 2965 ὡς,
1478 2899 1573 2950 ἐάν
1607 2897 1746 2967 γυνὴ

171 3004 519 3072 στρατιώτην
553 3003 650 3070 ἔχη
678 3000 869 3067 ἄνδρα,
905 3000 999 3050 καὶ
1027 2999 1084 3048 ἐν
1115 2991 1443 3062 ἐπιστρατείᾳ
1470 2989 1749 3056 ἀποδημῇ,

145 3096 275 3148 -καὶ
307 3095 454 3165 μάθῃ
483 3094 671 3145 τοῦτον
711 3087 1174 3158 τετελευτηκέναι,
1218 3083 1292 3154 μὴ
1326 3081 1499 3143 άλλως
1529 3081 1606 3141 είς
1635 3081 1751 3134 ἐτέ-

178 3204 310 3254 ρους
352 3187 522 3254 αύτὴν
570 3182 829 3253 ἔρχεσθαι
880 3179 1093 3248 γάμους

178 3282 287 3348 σχῇ
343 3277 496 3345 παρὰ
546 3276 654 3327 τῶν
691 3272 942 3342 ’πρώτων
990 3274 1084 3321 τοῦ
1122 3265 1359 3335 ἀριθμοῦ
1393 3266 1450 3315 ἐν
1485 3258 1528 3330 ᾧ
1559 3263 1586 3314 6
1616 3261 1755 3331 ἀνὴρ

178 3369 356 3435 αὐτῆς
387 3363 809 3436 ἐστρατεύσατο,
847 3357 1226 3427 προκειμένων
1251 3353 1361 3406 τῶν
1391 3353 1557 3420 ἁγίων
1582 3351 1756 3416 Εὐαγ-

178 3461 382 3528 γελίων
404 3461 498 3510 καὶ
517 3455 610 3507 ἐπὶ
640 3453 891 3524 πράξεως
915 3447 1325 3520 ὑπομνημάτων
1350 3441 1757 3513 ὁμολογούντων

182 3555 265 3616 ὠς
296 3555 416 3614 ταῖς
451 3549 736 3618 ἀληθείαις
768 3550 795 3598 6
820 3546 960 3616 ἀνὴρ
989 3545 1159 3611 αὐτῆς
1191 3538 1532 3605 ἐτελεύτησε,
1562 3535 1656 3586 καὶ
1691 3533 1758 3585 τὰ

181 3644 417 3696 τοιαῦτα
456 3641 833 3708 ὑπομνήματα
865 3634 1006 3704 λάϐῃ
1030 3674 1044 3696 ,
1079 3634 1174 3686 καὶ
1215 3630 1351 3700 μετὰ
1381 3630 1478 3696 τὴν
1503 3624 1761 3693 τοιαύτην

189 3735 579 3804 πληροφορίαν
613 3732 884 3801 ἀναμείνῃ
911 3731 1005 3778 καὶ
1038 3725 1155 3786 ἐνὸς
1183 3719 1432 3774 ἐνιαυτοῦ
1464 3719 1758 3784 διάστημα.

190 3830 258 3882 Εἰ
293 3826 349 3878 δὲ
401 3825 554 3894 παρά
607 3823 707 3891 τὴν
749 3820 1137 3889 παρατήρησιν
1187 3812 1392 3881 ταύτην
1451 3815 1529 3873 είς
1576 3809 1762 3878 ἓτερον

188 3920 326 3990 έλοη
381 3918 558 3986 γάμον
615 3917 709 3967 καὶ
743 3912 913 3982 αὐτὴν
957 3911 1052 3964 καὶ
1087 3910 1180 3962 τὸν
1213 3907 1555 3975 ἀγαγόμενον
1595 3904 1764 3973 αὐτὴν

185 4011 268 4070 ὠς
299 4009 516 4077 μοιχοὺς
569 4003 956 4075 τιμωρεῖσθαι.
1003 4001 1062 4053 Et
1098 4001 1152 4052 δὲ
1200 3999 1298 4068 τῆς
1329 3997 1766 4067 παρατηρήσεως

188 4105 403 4171 ταύτης
433 4104 761 4170 γενομένης,
787 4097 1088 4167 εὑρεθῶσιν
1116 4095 1166 4145 οἱ
1201 4093 1319 4163 μεθ’
1366 4093 1530 4159 ὅρκου
1563 4091 1767 4159 πληρο-

191 4197 540 4268 φορήσαντες
604 4193 775 4259 αὐτὴν
831 4189 1199 4258 ψευδόμενοι,
1263 4186 1460 4246 αὐτοὺς
1520 4185 1616 4251 μὲν
1669 4181 1770 4249 τῆς

193 4287 493 4357 στρατείας
527 4282 1002 4353 ἀπογυμνοῦσθαι,
1029 4281 1120 4331 καὶ
1148 4279 1282 4330 δέκα
1317 4276 1518 4347 λιτρῶν
1546 4274 1768 4343 χρυσίου

195 4379 397 4447 ποινὴν
427 4379 563 4447 πρὸς
605 4377 840 4440 ἐκεῖνον,
874 4373 934 4425 ὃν
968 4370 1268 4442 ἐψεύσαντο
1300 4367 1768 4434 τετελευτηκέναι,

198 4472 525 4526 καταθεῖναι
560 4466 1004 4539 παρακελεύεται
1039 4481 1052 4493 ⁸
1096 4465 1261 4516 αὑτὸν
1292 4462 1368 4522 δέ,
1418 4461 1466 4512 εἰ
1512 4457 1772 4530 βουληθῇ,

195 4565 305 4632 τὴν
336 4562 469 4615 ἰδίαν
501 4560 746 4630 γαμετὴν
771 4558 1061 4612 ἀναλαϐεῖν
1090 4555 1149 4606 οὐ
1173 4553 1394 4606 κωλύει.

808 4647 1038 4705 manu
1078 4645 1187 4714 ιιιιν.

209 4767 230 4799 ε
285 4748 424 4809 Τοὺς
478 4746 782 4814 ὀμνύοντας
854 4744 1051 4812 ὅρκους
1125 4737 1472 4805 Ἑλληνικοὺς
1523 4737 1550 4787 6
1602 4731 1781 4786 κανὼν

297 4860 314 4891 ι
371 4840 664 4908 ἐπιτιμίοις
720 4832 1125 4888 καθυποϐάλλει
1160 4845 1174 4860 ·
1224 4830 1319 4883 καὶ
1363 4829 1523 4899 ἡμεῖς
1572 4829 1782 4888 τούτοις

294 4953 311 4983 ι
356 4931 446 4983 τὸν
480 4929 781 4998 ἀφορισμὶν
811 4925 1083 4995 ὁρίζομεν.
1126 4942 1144 4974 ι

286 5025 480 5076 ΒΑΛΣ.
522 5024 588 5074 ’0
622 5021 790 5090 μέγας
828 5019 1103 5078 “Mileto;
1164 5017 1222 5067 ἐν
1278 5013 1466 5065 κανόνι
1513 5011 1617 5064 πα’.
1660 5013 1784 5063 ἐπι-

203 5119 419 5188 τιμίοις
449 5113 854 5168 καθυποϐάλλει
881 5115 940 5163 οὑ
990 5111 1152 5178 μόνον
1192 5109 1321 5169 τοὺς
1370 5107 1634 5168 ἑκουσίως
1680 5105 1787 5156 τῶν

207 5211 587 5280 δαιμονιωδτῦν
623 5208 882 5276 θυμάτων
923 5202 1234 5273 ἁψαμένους
1264 5240 1280 5263 ,
1332 5201 1426 5252 καὶ
1481 5199 1787 5266 ὀμόσιντας

226 5303 585 5373 Ἑλληνικοὺς
636 5302 850 5370 ὅρκους,
901 5297 1036 5349 ἀλλά
1091 5296 1185 5348 καὶ
1238 5293 1362 5355 τοὺς
1398 5292 1664 5352 ἀκουσίως
1711 5292 1790 5352 είς

219 5397 388 5450 τοῦτο
422 5393 854 5462 συνωθηθέντας.
912 5387 1249 5448 Ἀκολούθως
1297 5382 1392 5438 οῦν
1447 5385 1526 5450 τῷ
1566 5383 1790 5450 τοιούτῳ

219 5491 413 5543 κανόνι
446 5487 539 5540 καὶ
563 5489 590 5540 6
619 5485 808 5555 παρὼν
837 5481 1092 5552 ἀφορίζει
1123 5479 1370 5541 τούτους.
1411 5477 1711 5546 Ἑλληνικά
1737 5476 1793 5527 δέ

218 5586 380 5652 ὅρκοι
436 5581 575 5632 εἰσὶν
628 5580 676 5631 si
708 5577 858 5647 παρὰ
896 5577 1003 5629 τῶν
1047 5574 1318 5642 Ἑλλήνων
1358 5571 1672 5640 ὀμνύμενοι.
1731 5568 1795 5621 Ol.

226 5676 329 5745 μὲν
391 5675 521 5744 γάρ,
594 5677 672 5734 είς
739 5668 1127 5740 ψευδωνύμους
1191 5667 1345 5728 θεοὺς
1422 5662 1792 5725 πιστεύοντες,

222 5768 448 5834 ὤμνυον
500 5767 578 5828 είς
613 5767 680 5817 τά
727 5763 933 5816 τούτων
979 5760 1220 5828 ὀνόματα
1251 5773 1266 5788 ·
1307 5757 1457 5809 ἄλλοι
1509 5756 1797 5806 ἐπίστευον

225 5859 418 5923 εἰς,τὰ
452 5860 713 5928 στοιχεῖα,
749 5855 844 5909 καὶ
876 5854 1057 5923 ἕτεροι
1090 5853 1168 5915 εἰς
1202 5850 1339 5904 ἄλλα
1372 5849 1515 5901 τινά.
1555 5847 1795 5916 Ἐρωτή·

1117 3219 1130 3240 ,
1176 3177 1224 3227 εί
1262 3174 1335 3245 μὴ
1372 3173 1754 3275 πληροφορίαν
1783 3218 1823 3275 C

1835 1977 2097 2043 recipiet;
2136 1978 2222 2028 cui
2273 1978 2491 2046 quidem
2544 1979 2612 2030 ob
2663 1980 3028 2048 ignorantiam
3095 1976 3400 2051 ignoscitur

1835 2065 1969 2119 adeo
2010 2077 2061 2118 ut
2104 2084 2206 2119 non
2246 2069 2539 2135 puniatur;
2574 2072 2872 2137 quinetiam
2907 2074 3097 2137 necis,
3144 2075 3238 2142 qui
3283 2090 3401 2128 eant

1838 2157 2075 2223 legitime
2107 2160 2282 2220 duxit,
2321 2162 2466 2213 illam
2491 2163 2559 2215 ob
2588 2177 2808 2216 causam
2847 2166 3129 2232 punietur.

1839 2250 2069 2304 Αιιιδι.
2131 2269 2148 2301 ι
2183 2253 2309 2304 Viro
2361 2268 2464 2306 non
2509 2264 2806 2322 apparente
2832 2294 2846 2318 ,
2897 2272 3016 2325 quae
3055 2258 3219 2310 alium
3257 2261 3408 2330 prius

1915 2361 1933 2393 ι
1972 2345 2265 2412 acceperit,
2298 2360 2458 2412 quam
2502 2349 2703 2400 certior
2738 2347 2876 2400 facta
2908 2351 2998 2411 sit,
3043 2349 3404 2405 adulteratur.

1918 2452 1934 2483 ι
1973 2431 2067 2485 Vir
2115 2442 2294 2486 autem
2350 2450 2641 2499 reversus,
2702 2438 2748 2490 si
2797 2438 3060 2500 voluerit,
3089 2455 3206 2493 eam
3267 2443 3410 2496 reci-

1920 2542 1938 2573 ι
1987 2525 2114 2591 piet.
2147 2543 2164 2575 ι

1917 2618 2169 2670 Concinit
2206 2620 2458 2686 pr:esenti
2507 2620 2702 2672 αλιιοηί
2756 2630 2805 2674 et
2849 2624 3144 2676 centesima
3201 2625 3410 2678 decima

1850 2708 2380 2775 septimaJustiniaui
2405 2713 2608 2764 nowlla
2637 2714 2685 2764 iu
2716 2715 2946 2783 S"pii.||0
2987 2713 3141 2768 titulo
3174 2715 3416 2769 vicesiut

1851 2801 2212 2870 octavi
2242 2803 2361 2855 libri
2394 2803 2610 2858 Basilic.
2639 2807 2840 2874 posita.
2878 2804 3204 2859 llla'cteuim
3234 2807 3411 2874 jubet,

1853 2889 1999 2958 quod
2033 2893 2076 2944 si
2111 2894 2308 2944 mulier
2341 2894 2560 2946 militem
2604 2896 2856 2949 habuerit
2883 2897 3080 2957 virum,
3107 2899 3197 2965 qui
3235 2898 3286 2950 in
3319 2914 3415 2950 ei;-

1846 2983 2126 3049 »peditiune
2159 2998 2380 3052 peregre
2416 2983 2692 3052 profectus
2725 2991 2815 3047 sit,
2855 3001 2916 3039 ea
2952 2996 3130 3039 autem
3160 2988 3415 3040 didicerit

1859 3077 2010 3129 illum
2044 3087 2273 3131 mortem
2307 3078 2550 3144 obiisse;
2600 3095 2709 3132 non
2753 3080 2911 3132 aliter
2947 3096 3008 3133 ea
3037 3081 3170 3134 alias
3200 3081 3419 3149 nuptias

1860 3167 2026 3234 ineat,
2077 3169 2180 3224 nisi
2222 3186 2317 3238 pro
2351 3184 2504 3224 certo
2539 3172 2790 3226 habuerit
2820 3188 2848 3225 a
2897 3174 3087 3242 primis
3120 3173 3326 3226 numeri
3367 3175 3419 3225 in

1856 3274 1966 3327 quo
2025 3260 2102 3312 vir
2139 3259 2259 3327 ejus
2305 3261 2591 3326 militabat,
2644 3263 2938 3331 pr0pnsitis
2994 3263 3155 3316 etiam
3215 3265 3424 3317 sanctis

1859 3349 2165 3420 Evangeliis
2206 3362 2262 3405 et
2303 3368 2398 3421 per
2442 3355 2675 3407 actionis
2715 3363 3066 3408 monumenta
3113 3351 3427 3406 conﬁtenti-

1862 3449 1983 3508 bus,
2020 3445 2164 3513 quod
2197 3447 2277 3499 vir
2299 3446 2419 3514 ejus
2451 3462 2637 3500 revera
2673 3447 2778 3499 vita
2811 3447 3106 3500 defunctus
3133 3447 3223 3511 sit,
3253 3457 3304 3500 et
3327 3447 3428 3498 hn-

1857 3537 2098 3606 jusmudi
2141 3549 2490 3592 monumenta
2522 3532 2814 3608 acceperit,
2850 3550 2902 3591 et
2934 3547 3056 3608 post
3087 3547 3290 3592 certam
3325 3540 3428 3591 hu-

1859 3629 2098 3697 jusmodi
2134 3631 2569 3705 persuasionem,
2607 3632 2767 3684 unius
2809 3633 2974 3684 etiam
3021 3632 3145 3684 anui
3193 3632 3426 3700 spatium

1866 3725 2149 3774 manserit.
2207 3720 2262 3774 Si
2323 3730 2504 3776 autem
2554 3732 2750 3792 prazter
2793 3723 2934 3776 hanc
2987 3723 3428 3776 observationem

1868 3812 2005 3864 alias
2039 3811 2259 3880 nuptias
2285 3813 2531 3875 iniverit,
2562 3821 2615 3867 et
2644 3813 2755 3876 illa,
2795 3821 2847 3866 et
2889 3813 2984 3880 qui
3018 3826 3136 3864 eam
3165 3812 3339 3874 ducit,
3377 3823 3434 3864 ut

1868 3901 2101 3954 adulteri
2134 3902 2396 3970 puniendi
2423 3910 2573 3956 sunt.
2616 3901 2670 3955 Si
2717 3911 2896 3956 autent
2935 3903 3036 3954 hac
3076 3901 3215 3955 faeta
3249 3902 3437 3956 obser-

1870 3999 2086 4052 vatione
2119 3998 2228 4062 isti,
2266 3998 2358 4066 qui
2389 4012 2511 4050 cum
2535 3999 2845 4063 iuramento
2879 4011 2996 4047 eam
3034 3996 3286 4049 fecerunt
3312 4011 3435 4047 cer-

1873 4089 2088 4154 tiorem,
2123 4089 2333 4142 mentiti
2364 4089 2534 4142 fuisse
2575 4088 3089 4156 deprehendantur;
3127 4087 3438 4164 istos‘mili-

1874 4183 1948 4236 tia
1985 4182 2342 4235 denudandos
2397 4196 2547 4242 esse,
2615 4189 2669 4233 et
2728 4181 2915 4232 decem
2990 4179 3255 4232 librarum
3320 4179 3436 4231 auri

1875 4290 2089 4344 plenam
2137 4276 2181 4328 ei
2214 4313 2230 4336 ,
2289 4290 2451 4343 quem
2510 4273 2647 4327 [also
2698 4275 2956 4326 dixerunt
3007 4272 3151 4324 diem
3210 4271 3439 4334 abiisse,

1878 4366 2190 4434 persolvere
2232 4365 2430 4433 jubet:
2475 4380 2598 4417 eum
2654 4374 2873 4429 autem,
2917 4363 2962 4418 si
3009 4363 3160 4427 velit,
3209 4377 3436 4416 uxorem

1879 4473 2031 4510 suam
2063 4459 2306 4527 recipere
2337 4473 2444 4510 non
2470 4456 2742 4525 prohibet.

1800 4551 1853 4610 D

2447 4633 2676 4688 CANON
2722 4632 2904 4688 XCIV.

1889 4747 1908 4780 ι
1953 4730 2057 4783 Eos
2117 4730 2206 4799 qui
2269 4729 2551 4797 gentilium
2615 4740 2955 4782 sacramenta
3001 4727 3214 4796 jurant,
3274 4742 3450 4782 canon

1962 4840 1980 4872 ι
2029 4823 2204 4890 pinnis
2235 4821 2457 4890 subjicit
2489 4838 2501 4872 :
2531 4829 2584 4873 et
2623 4834 2722 4874 nos
2748 4820 2813 4874 iis
2847 4835 3066 4889 quoque
3115 4820 3450 4889 segregatim

1964 4933 1981 4965 ι
2034 4931 2152 4968 nem
2184 4913 2548 4968 decernimus.
2581 4931 2599 4964 ι
3211 4973 3214 4976 λ

1962 5005 2156 5059 BALS.
2193 5006 2421 5075 Magnus
2497 5005 2731 5059 Basilius
2783 5004 2835 5057 in
2891 5019 3100 5057 canone
3154 5003 3216 5058 8|
3281 5003 3460 5072 ptenis

1890 5099 2111 5167 subjicit
2143 5113 2250 5152 non
2275 5113 2370 5152 eos
2407 5096 2581 5151 solum
2615 5097 2706 5165 qui
2763 5111 2861 5148 sua
2904 5103 3096 5161 Sponte
3127 5093 3460 5147 dminoniaea

1891 5191 2158 5244 sacriﬁcia
2184 5189 2502 5258 attigerunt,
2536 5195 2590 5241 et
2612 5187 2898 5256 gentilium
2930 5194 3276 5238 sacramenta
3304 5184 3463 5250 jura-

1894 5290 2052 5345 runl,
2090 5282 2184 5336 sed
2213 5297 2309 5336 eos
2342 5284 2505 5334 etiam
2540 5280 2633 5348 qui
2672 5295 2778 5332 non
2809 5287 3004 5346 sponte
3040 5280 3105 5329 ad
3154 5291 3216 5331 ea
3254 5278 3463 5331 detrusi

1896 5387 2043 5435 sunt.
2085 5375 2144 5428 Ei
2180 5389 2307 5442 ergo
2337 5371 2534 5425 canoni
2569 5379 2997 5439 consequenter,
3043 5383 3283 5435 praesens
3326 5383 3466 5436 quo-

1897 5488 2003 5542 que
2036 5484 2212 5524 canon
2259 5482 2357 5521 eos
2408 5473 2676 5533 segregat.
2713 5463 2852 5517 Sunt
2889 5473 3066 5515 autem
3116 5470 3462 5515 sacramenta

1897 5565 2201 5635 gentilium,
2226 5576 2346 5629 quae
2371 5560 2629 5626 jnrautur
2673 5572 2701 5607 a
2738 5555 3053 5622 gentilibus.
3092 5554 3196 5607 Alii
3230 5553 3373 5607 enim
3411 5554 3464 5605 in

1900 5658 2031 5710 deos
2071 5655 2206 5707 falso
2238 5650 2538 5721 appellatos
2570 5649 2882 5706 eredcntes.
2921 5650 2974 5700 in
3008 5662 3199 5699 eorum
3247 5647 3468 5698 nomina

1897 5747 2178 5817 jurahant.
2226 5741 2334 5795 Alii
2384 5739 2681 5794 credebant
2739 5739 2787 5789 in
2835 5740 3126 5797 elementa,
3179 5745 3232 5788 et
3279 5736 3366 5786 alii
3416 5736 3469 5788 in

1902 5839 2151 5911 qna-dam
2203 5837 2332 5890 alia.
2377 5834 2671 5903 liogaverit
2729 5840 2904 5884 autem
2973 5828 3270 5898 quispiam,
3345 5839 3469 5878 cum
