4218 6458
219 395 316 456 841

288 616 303 644 ι
351 598 494 650 κατὰ
528 600 626 668 τὴν
663 600 1139 668 Τὺποτεταγμένην
1195 601 1515 654 ἀκολουθίαν
1567 619 1624 654 τε
1679 606 1770 656 καὶ

287 711 304 739 ι
355 691 677 759 συνήθειαν
720 693 1027 757 Ἀρειανοὺς
1069 692 1167 760 μὲν
1200 693 1294 744 καὶ
1328 695 1768 759 Μακεδονιανοὺς

285 804 301 833 ε
351 786 446 837 καὶ
492 784 888 848 Ναυατιανοῦς,
937 785 1065 846 τοὺς
1099 785 1354 853 λέγοντας
1387 788 1613 849 ἑαυτοὺς
1653 789 1768 840 Κα-

284 896 301 926 ι
351 875 568 946 θαροὺς,
608 877 700 930 καὶ
747 877 1112 946 Ἀριστεροὺς,
1177 879 1268 930 καὶ
1297 880 1419 932 τοὺς
1459 879 1768 948 Τεσσαρεσο

283 988 298 1017 ς
345 970 746 1030 καιδεκειτίτας,
820 970 988 1039 ἡγουν
1057 969 1386 1040 Τετραδίτας
1441 973 1535 1023 καὶ
1579 972 1768 1024 ’Δπολ-

285 1079 298 1108 ι
351 1059 687 1130 λιναριστὰς,
737 1061 1004 1130 δεχόμεθα
1057 1061 1295 1124 διδόντας
1350 1061 1643 1124 mem-4;,
1677 1063 1769 1114 καί

283 1171 300 1198 ι
349 1150 842 1219 ἀναθεματίζοντας
882 1153 1059 1204 πᾶσαν
1103 1153 1314 1222 αἵρεσιν
1345 1153 1416 1222 μὴ
1468 1153 1768 1222 φρονοῦσαν

287 1269 302 1290 ι
354 1242 426 1303 ὠς
461 1245 646 1313 φρονεῖ
680 1245 708 1311 ἡ
745 1243 874 1310 ἁγία
925 1243 1022 1297 τοῦ
1056 1243 1188 1295 Θεοῦ
1228 1243 1481 1312 καθολικὴ
1512 1243 1606 1295 καὶ
1635 1244 1766 1296 ἁπο-

282 1353 299 1379 ‹
350 1332 570 1404 στολικὴ
622 1335 937 1405 Ἐκκλησία,
981 1337 1450 1406 σφραγιζομένους
1475 1335 1594 1406 ἢτοι
1626 1353 1769 1405 χριο-

281 1445 299 1475 ‹
353 1425 545 1493 μένους
583 1432 801 1495 πρῶτον
845 1427 924 1497 τῷ
961 1429 1102 1498 ἁγίῳ
1139 1429 1294 1498 μύρῳ
1335 1428 1394 1480 τό
1425 1445 1484 1480 τε
1520 1428 1768 1496 μέτωπον

280 1539 298 1568 ι
344 1521 438 1571 καὶ
470 1521 594 1582 τοὺς
622 1521 936 1590 ὀφθαλμοὺς
967 1523 1062 1574 καὶ
1089 1523 1187 1583 τὰς
1214 1524 1364 1591 ῥῖνας
1391 1522 1486 1573 καὶ
1509 1520 1571 1573 τὸ
1595 1522 1767 1591 στόμα

281 1630 298 1658 ι
345 1613 441 1664 καὶ
464 1612 532 1663 τὰ
558 1607 672 1666 ὦτα
694 1628 709 1644 ·
748 1613 843 1666 καὶ
873 1611 1264 1683 σφραγίζοντες
1291 1615 1488 1676 αὐτοὺς
1513 1613 1761 1684 λέγομεν·

278 1723 294 1752 ‹
346 1705 591 1772 Σφραγὶς
647 1706 856 1775 δωρεᾶς
917 1706 1234 1770 ιινεύματος
1284 1707 1463 1773 ἁγίου.
1519 1707 1654 1778 Περὶ
1707 1708 1765 1760 δὲ

282 1815 297 1843 ι
345 1795 456 1847 τῶν
520 1797 1016 1859 Παυλιανισάντων,
1069 1793 1184 1851 εἶτα
1237 1799 1658 1866 προσφυγόντων
1695 1801 1761 1870 τῇ

278 1906 292 1933 ι
339 1888 598 1958 καθολικῇ
657 1889 979 1960 Ἐκκλησία,
1033 1891 1155 1961 ὅρος
1204 1892 1510 1945 έκτέθειται
1559 1893 1762 1945 ἀναϐα-

274 1999 293 2028 ε
339 1978 491 2044 πτέςε
503 1981 625 2035 σθαι
649 1983 842 2044 αὐτοὺς
863 1983 1178 2048 έξάπαντος.
1203 1986 1562 2054 Εὑνομιανοὺς
1583 1985 1764 2050 μέντοι

277 2095 292 2119 ι
344 2074 471 2133 τοὺς
521 2074 604 2134 εἰς
641 2076 775 2141 μὶαν
823 2077 1120 2129 κατάδυσιν
1178 2077 1630 2149 βαπτιζομένους,
1671 2081 1765 2134 καὶ

275 2181 293 2212 ι
343 2164 725 2229 Μοντανιστὰς
759 2168 886 2231 τοὺς
912 2169 1144 2222 ἐνταῦθα
1175 2170 1497 2240 λεγομένους
1523 2171 1761 2241 Φρύγας,

274 2274 294 2306 ι
341 2259 435 2310 καὶ
473 2259 886 2324 Σαϐελλιανοῦς,
924 2263 1016 2315 καὶ
1056 2262 1182 2324 τοὺς
1209 2265 1569 2335 υἱοπατορίαν
1601 2265 1760 2330 δοξά-

271 2368 288 2396 ι
340 2349 553 2416 ζοντας,
603 2351 693 2404 καὶ
727 2353 888 2422 ἓτερά
919 2367 1037 2406 τινα
1071 2355 1281 2424 χαλεπά
1309 2357 1613 2420 ποιοῦντας,
1669 2358 1762 2410 καὶ

273 2459 290 2490 ¢
336 2440 515 2504 πάσας
547 2443 642 2506 τὰς
680 2443 845 2506 ἄλλας
873 2445 1133 2514 αἱρέσεις,
1176 2446 1364 2517 ἐπειδὴ
1399 2447 1588 2499 πολλαί
1622 2451 1760 2500 εἰσιν

272 2554 289 2582 ι
338 2535 593 2602 ἐνταῦθα,
629 2537 871 2604 μάλιστα
897 2538 945 2589 οἱ
973 2537 1081 2590 ἀπὸ
1130 2539 1226 2606 τῆς
1281 2539 1540 2592 Γαλατῶν
1575 2539 1761 2612 χώρας

270 2647 286 2677 ι
333 2628 685 2698 ὁρμώμενοι·
744 2629 952 2692 πάντας
981 2632 1106 2694 τοὺς
1152 2631 1245 2684 ἀπ’
1275 2631 1453 2684 αὐτῶν
1507 2633 1760 2697 θέλοντας

275 2740 292 2768 ι
341 2721 727 2790 προστίθεσθαι
756 2725 822 2791 τῇ
859 2723 1136 2794 όρθοδοξίᾳ
1181 2723 1254 2786 ὡς
1307 2723 1578 2794 ’Έλληνας
1607 2725 1761 2796 δεχό-

274 2831 290 2860 ι
345 2811 518 2879 μεθαο
551 2813 642 2863 καὶ
698 2812 797 2881 τὴν
845 2813 942 2880 μὲν
999 2812 1223 2884 πρώτην
1255 2815 1468 2884 ἡμέραν
1497 2816 1760 2886 ποιοῦμεν

271 2923 288 2952 ι
334 2904 532 2968 αὐτοὺς
574 2905 955 2975 Χριστιανοὺς,
988 2907 1088 2974 τὴν
1117 2906 1172 2958 δὲ
1204 2907 1464 2978 δευτέραν
1494 2922 1759 2978 κατηχου-

270 3017 287 3046 ι
339 2996 574 3066 μένους’
637 2993 757 3051 εἶτα
814 2999 914 3068 τὴν
956 2999 1150 3069 τρίτην
1207 2999 1565 3069 ἑξορκίζομεν
1619 3003 1757 3070 μετὰ

270 3109 286 3135 ο
334 3089 427 3141 τοῦ
458 3092 708 3161 ἑμφυσᾷν
739 3095 923 3162 τρίτον
956 3094 1035 3154 εἱς
1084 3093 1144 3144 τὸ
1200 3093 1495 3162 πρόσωπον
1549 3095 1644 3147 καὶ
1676 3096 1756 3158 εἰς

272 3294 289 3323 ί

271 3385 286 3413 θ

272 3659 289 3688 4

334 3181 400 3233 τὰ
428 3175 561 3234 ὦτα·
598 3182 692 3236 καὶ
729 3182 872 3236 οὕτω
932 3183 1300 3252 κατηχοῦμεν,
1360 3187 1455 3238 καὶ
1495 3185 1755 3255 ποιοῦμεν
1782 3202 1825 3258 α

338 3275 608 3344 χρονίζειν
650 3276 730 3338 εἰς
789 3278 890 3345 τὴν
949 3277 1272 3344 ἐκκλησίαν,
1309 3278 1404 3329 καλ⁸
1453 3279 1756 3347 ἀκροᾶσθαι

338 3365 448 3416 τῶν
478 3367 736 3436 Γραφῶν,
766 3369 859 3420 καὶ
887 3369 1008 3420 τότε
1040 3367 1239 3431 αὐτοὺς
1267 3367 1627 3438 βαπτίζομεν·
1661 3374 1757 3426 καὶ

328 3456 449 3519 τοὺς
479 3457 816 3526 Μανιχαίους
864 3458 920 3510 δὲ
969 3459 1046 3526 (8)
1077 3459 1326 3520 καὶτοὺς
1379 3460 1756 3515 Οὐαλεντινια-

331 3547 477 3609 νοῦς,
512 3550 603 3601 καὶ
623 3549 1051 3618 ἱὶιαρκιονιστὰς,
1075 3550 1314 3612 καὶτοὺς
1341 3551 1402 3603 ἐκ
1420 3551 1529 3604 τῶν
1553 3553 1755 3621 ὁμοίων

338 3641 622 3704 αἱρέσεων.
654 3641 792 3704 Τοὺς
817 3642 873 3694 δὲ
901 3643 1300 3712 Νεστοριανοὺς
1330 3643 1437 3714 χρὴ
1471 3647 1644 3698 ποιεῖν
1673 3646 1754 3698 λι·

332 3732 573 3797 ϐέλλους,
611 3735 707 3786 καὶ
744 3735 1162 3804 ἀναθεματίζειν
1191 3736 1290 3805 τὴν
1324 3736 1538 3806 αἵρεσιν
1568 3740 1752 3793 αὐτῶν

325 3827 422 3878 καὶ
451 3826 744 3895 Νεστόριον
775 3827 871 3880 καὶ
908 3827 1155 3897 Εὑτυχέα
1186 3829 1284 3880 καὶ
1315 3829 1608 3899 Διόσκορον
1660 3833 1754 3884 καὶ

333 3917 592 3988 Σεϐῆρον,
623 3918 716 3970 καὶ
750 3919 874 3982 τοὺς
903 3920 1123 3982 λοιποὺς
1153 3920 1414 3988 ἐξάρχους
1442 3922 1549 3975 τῶν
1579 3923 1752 3976 τοιού-

327 4028 434 4063 των
466 4012 754 4078 αἱρέσεων,
785 4013 878 4064 καὶ
909 4013 1035 4074 τοὺς
1067 4013 1401 4083 φρονοῦντας
1426 4015 1494 4066 τὰ
1546 4017 1750 4080 αὐτῶν,

329 4102 421 4154 καὶ
473 4104 651 4164 πάσας
705 4102 803 4164 τὰς
858 4108 1420 4175 προσαναφερομένας
1476 4107 1747 4176 αἱρέσεις·

263 4216 277 4242 ι
328 4195 420 4245 καὶ
477 4193 618 4246 οὕτω
666 4194 1110 4264 μεταλαμῦἀνειν
1167 4199 1265 4267 τῆς
1337 4199 1498 4266 ἁγίας
1551 4217 1744 4252 κοινω-

262 4306 279 4335 ι
326 4286 460 4347 νίας.
513 4305 532 4336 ι

256 4380 451 4433 ΒΑΛΣ.
486 4382 620 4450 Περὶ
673 4380 768 4434 τοῦ
823 4381 1045 4444 κανόνος
1078 4382 1272 4436 τούτου
1321 4385 1550 4456 ἑϐδόμου
1599 4389 1748 4450 ὄντος

177 4473 283 4539 τῆς
318 4475 705 4544 οἱκουμενικῆς
755 4473 800 4543 β’
853 4474 1071 4528 συνόδου
1105 4475 1307 4538 ἱκανῶς
1356 4479 1534 4532 ἐκεῖσε
1586 4481 1748 4552 ἐγρά-

1227 395 1303 453 IN
1347 395 1508 456 CAN.
1543 396 1682 456 XCV
1729 395 1939 456 CONC.
1987 397 2065 457 IN
2099 397 2419 457 TRUI.L0.

290 523 306 550 ι
355 502 532 573 μερίδι
562 504 667 556 τῶν
699 505 1021 575 σωζομένων
1052 505 1158 559 ἀπὸ
1185 507 1478 577 αἱρετικῶν
1503 509 1768 579 δεχόμεθα
1800 509 1847 568 Λ

3332 392 3439 452 852

1948 529 1965 561 ‹
2012 525 2198 566 eorum
2251 510 2340 579 qui
2396 524 2456 562 ex
2512 506 2776 562 haereticis
2823 517 3130 570 servantur,
3190 507 3437 571 subiecto

1948 620 1964 648 ι
2011 600 2200 652 ordine
2250 607 2303 652 et
2353 597 2746 650 consuetudine
2800 597 3132 664 recipimus:
3203 595 3435 649 Arianos

1948 705 1964 735 α
2011 686 2226 756 quidem
2279 682 2780 738 ctMaccdonianos
2829 693 2882 736 et
2933 682 3286 748 Novatianos,
3344 687 3432 753 qui

1952 797 1967 825 ι
2014 778 2225 845 seipsos
2275 774 2541 850 Catharos
2599 774 2893 843 appellant,
2948 781 3001 828 et
3059 776 3334 830 Aristcros
3387 785 3439 828 et

1949 889 1963 914 ι
2013 865 2530 932 Quartadecimanos
2577 881 2672 920 seu
2705 862 3013 919 Tetraditas
3059 879 3113 920 et
3155 868 3438 934 Apollina-

1947 982 1961 1009 ι
2012 963 2172 1017 ristas
2233 960 2546 1030 recipimus,
2592 961 2785 1014 dantes
2833 959 3064 1022 libellos,
3120 971 3172 1015 et
3220 977 3434 1016 Omnem

1947 1074 1962 1103 ι
2014 1055 2258 1110 Incresim
2301 1053 2840 1119 anathematizantcs,
2892 1070 3012 1124 qua:
3043 1069 3148 1108 non
3181 1057 3339 1109 sentit
3373 1067 3427 1109 nt

1947 1167 1961 1196 ι
2011 1148 2173 1201 sentit
2192 1156 2378 1200 sancta
2407 1146 2497 1199 l)ei
2521 1145 2842 1200 universalis
2866 1155 2921 1200 et
2943 1148 3233 1214 apostolica
3259 1147 3439 1201 Eccle-

1947 1260 1960 1286 |
2007 1240 2107 1302 sia,
2156 1247 2346 1292 sancto
2391 1237 2622 1307 primum
2674 1237 2967 1292 chrismate
3019 1251 3070 1293 et
3119 1238 3350 1293 frontem
3387 1252 3438 1294 rt

1944 1349 1960 1378 ι
2009 1329 2194 1383 oculos
2221 1340 2268 1386 ct
2302 1345 2460 1383 nares
2493 1338 2546 1383 et
2577 1345 2638 1384 os
2671 1339 2723 1382 et
2751 1345 2910 1382 aures
2941 1332 3292 1401 consignatos
3327 1332 3440 1384 sive

1941 1441 1957 1468 ι
2008 1423 2290 1474 inunctos:
2325 1430 2378 1475 et
2417 1436 2511 1475 cos
2544 1422 2928 1490 consignantes
2965 1423 3215 1485 dicimus,
3252 1424 3438 1492 signa-

1945 1531 1962 1558 ι
2009 1513 2190 1565 culum
2220 1513 2350 1565 doni
2384 1511 2622 1580 Spiritus
2661 1513 2854 1566 sancti.
2912 1513 2984 1566 De
3027 1513 3091 1566 iis
3113 1525 3312 1577 autem,
3343 1517 3436 1584 qui

1943 1623 1958 1652 ι
2009 1604 2254 1658 Pauliaui
2283 1612 2485 1658 sectam
2539 1606 2712 1657 secuti
2763 1614 2908 1668 sunt,
2941 1604 3138 1658 deinde
3161 1607 3224 1657 ad
3245 1609 3438 1660 catho-

1944 1720 1959 1748 ι
2011 1699 2166 1754 licam
2203 1697 2497 1753 Ecclesiam
2530 1699 2914 1767 confugerunt,
2951 1708 3216 1754 statutum
3252 1713 3334 1754 εει
3382 1711 3438 1754 ut

1943 1813 1958 1844 ι
2010 1794 2043 1846 ii
2077 1793 2299 1846 omnino
2344 1793 2767 1863 rebaptizentur.
2798 1791 3168 1847 Eunomianos
3197 1810 3436 1863 quoque,

1945 1909 1961 1936 ι
2008 1886 2100 1955 qui
2133 1901 2238 1939 una
2262 1886 2607 1942 demersione
2641 1887 2942 1956 haptizant,
2991 1896 3045 1941 et
3078 1885 3436 1942 Montanistas

1949 2000 1966 2029 ι
2015 1979 2109 2048 qui
2167 1978 2253 2034 hic
2300 1979 2562 2033 dicuntur
2607 1979 2846 2050 Phryges
2881 1993 2933 2034 et
2965 1981 3308 2037 Sabellianos
3342 1983 3436 2051 qui

1944 2091 1960 2120 ι
2013 2070 2206 2125 Filium
2262 2071 2403 2126 idem
2463 2085 2582 2126 esse
2619 2087 2742 2125 cum
2790 2071 2946 2126 Patrc
2991 2072 3329 2137 existimant,
3380 2083 3434 2127 et

1941 2180 1958 2210 ‹
2005 2162 2108 2216 alia
2141 2161 2388 2231 quaedam
2445 2162 2628 2231 gravia
2678 2162 2905 2229 faciunt,
2955 2173 3010 2218 et
3058 2180 3248 2221 omnes
3300 2167 3434 2219 alias

1947 2273 1964 2302 ι
2013 2254 2270 2316 haereses,
2302 2257 2558 2323 quoniam
2595 2256 2746 2308 multi
2785 2257 2871 2309 hic
2907 2268 3056 2321 sunt,
3112 2269 3165 2312 et
3197 2261 3433 2312 maxime

1944 2369 1961 2398 ι
2007 2347 2100 2418 qui
2126 2363 2192 2403 ex
2214 2346 2525 2402 Galatarum
2551 2351 2770 2419 regione
2798 2351 3023 2418 profecti
3053 2362 3216 2414 sunt;
3242 2367 3434 2407 omnes

1954 2464 1971 2490 ι
2019 2458 2084 2495 ex
2134 2442 2222 2505 iis,
2274 2441 2365 2511 qui
2408 2445 2473 2496 ad
2507 2452 2710 2494 rectam
2741 2443 2806 2496 de
2839 2442 2940 2497 fide
2975 2446 3298 2499 sententiam
3335 2462 3433 2499 vo-

1941 2554 1958 2584 ι
2008 2536 2123 2589 lunt
2155 2536 2439 2601 accedere,
2473 2543 2532 2588 ut
2553 2533 2770 2591 Graecos
2803 2539 3135 2607 recipimus:
3169 2549 3222 2593 et
3257 2541 3433 2608 primo

1950 2654 1965 2682 ι
2012 2632 2228 2704 quidem
2274 2632 2361 2688 die
2389 2648 2484 2689 eos
2515 2633 2856 2690 Christianos
2891 2635 3139 2700 facimus,
3191 2635 3433 2692 secundo

1949 2744 1965 2774 α
2013 2736 2193 2780 autem
2217 2725 2640 2780 catechumenos
2660 2743 2674 2791 ;
2698 2725 2894 2782 deinde
2913 2728 3072 2782 tertio
3089 2730 3429 2798 adjuvamus,

1947 2837 1963 2866 ι
2013 2817 2172 2872 simul
2201 2819 2358 2871 etiam
2383 2829 2466 2872 ter
2493 2819 2544 2873 in
2573 2818 2766 2873 faciem
2795 2829 2846 2874 et
2869 2834 3029 2876 aures
3056 2823 3390 2892 inspirantes
3415 2841 3427 2884 ;

1944 2931 1961 2956 ‹
2007 2917 2061 2962 et
2088 2910 2502 2972 sic'initiamus,
2559 2919 2613 2965 et
2651 2911 2740 2964 diu
2777 2912 2830 2965 in
2868 2913 3099 2966 ecclesia
3133 2915 3335 2968 versari
3377 2926 3432 2969 ct

1940 3021 1955 3049 ι
2005 3001 2319 3069 Scripturas
2349 3002 2538 3056 audire
2568 3002 2820 3070 facimus,
2854 3012 2908 3058 et
2934 3012 3062 3058 tunc
3083 3005 3232 3074 ipsos
3256 3006 3430 3076 bapti-

1941 3115 1956 3141 ‹
2003 3108 2213 3149 zamus.
2269 3094 2410 3160 Quin
2440 3095 2604 3150 etiam
2630 3093 2977 3160 Manichaos,
3007 3105 3060 3151 et
3093 3096 3432 3154 Valentinia-

1943 3205 1960 3232 ι
2012 3200 2132 3252 nos,
2183 3195 2236 3242 et
2294 3187 2710 3252 hlarcionistas,
2759 3198 2813 3242 et
2865 3190 3070 3244 similes
3122 3192 3430 3247 haereticos.

1942 3300 1956 3326 ι
2010 3279 2360 3335 Nestoriauos
2404 3291 2584 3335 autem
2620 3293 2835 3351 oportet
2880 3285 3089 3338 libellos
3131 3284 3328 3350 facere,
3377 3298 3430 3340 ct

1941 3395 1956 3412 -
2009 3374 2254 3428 haeresim
2287 3389 2440 3427 suum
2491 3375 2970 3442 anathematizare,
3025 3386 3080 3432 et
3121 3376 3428 3433 Nestorium

1945 3489 1959 3515 ι
2011 3476 2062 3522 et
2106 3467 2406 3538 Eutychcm
2459 3476 2510 3522 ct
2566 3470 2880 3524 Dioscormn
2933 3485 2987 3526 ct
3038 3474 3320 3542 Severum,
3376 3486 3430 3530 et

1945 3581 1961 3610 ‹
2010 3562 2244 3630 reliquos
2289 3563 2476 3616 talium
2555 3562 2832 3618 haereseon
2887 3566 3186 3637 principes,
3233 3579 3286 3624 et
3332 3571 3425 3640 qui

1940 3682 1956 3706 ι
2004 3658 2187 3712 eadem
2224 3672 2346 3712 cum
2378 3658 2485 3712 illis
2515 3660 2776 3721 sentiunt,
2835 3670 2886 3715 et
2911 3678 3101 3718 omnes
3137 3666 3427 3732 prmdictas

1939 3774 1952 3799 ι
2000 3754 2232 3809 haereses
2260 3771 2272 3808 :
2306 3764 2356 3810 et
2383 3754 2463 3810 sic
2494 3771 2616 3812 esse
2635 3766 2837 3812 sanctze
2866 3761 3269 3816 communionis
3302 3777 3430 3831 par-

1933 3867 1948 3896 ι
1999 3846 2207 3917 ticipes.
2223 3868 2242 3900 υ

1935 4380 2128 4436 BALS.
2195 4381 2268 4434 De
2319 4381 2420 4434 hoc
2472 4394 2700 4443 canone,
2753 4381 2846 4450 qui
2888 4389 2972 4436 est
3003 4383 3270 4452 septimus
3300 4385 3424 4437 uui-

1852 4476 2082 4530 versnlis
2120 4474 2373 4528 secundae
2405 4473 2622 4544 synodi,
2665 4475 2800 4526 satis
2830 4474 2940 4527 illic
2971 4477 3318 4542 scripsimus,
3368 4487 3426 4531 et

176 4568 384 4636 ψαμεν,
425 4538 518 4619 καὶ
563 4568 623 4619 οὐ
659 4538 775 4636 *χρῆ
823 4569 949 4636 περὶ
983 4567 1094 4620 τῶν
1147 4569 1325 4621 αὐτῶν
1375 4538 1741 4639 παλιλλοέέῖν.
1775 4538 1827 4599 D

1775 4538 1827 4599 D
1857 4583 1964 4619 non
1998 4573 2212 4634 oportet
2246 4565 2434 4617 eadem
2499 4572 2765 4632 repetere.
2845 4564 3110 4629 Quoniam
3143 4578 3320 4620 autem
3353 4571 3419 4622 al:

190 4656 350 4709 Ἐπεὶ
377 4657 430 4710 δὲ
463 4659 767 4727 προσετέθη
803 4661 954 4730 παρὰ
982 4660 1077 4727 τῆς
1110 4660 1327 4712 συνόδου
1360 4661 1566 4732 ταύτης
1597 4665 1742 4733 ὀφεί-

176 4747 294 4799 λειν
319 4749 416 4800 καὶ
446 4752 570 4810 τοὺς
601 4739 934 4817 Μανιχαίους
982 4751 1077 4803 καὶ
1113 4751 1237 4814 τοὺς
1268 4751 1739 4816 Οὐαλεντινιανοὺς

175 4841 276 4892 καὶ
311 4841 435 4901 τοὺς
464 4842 892 4911 Μαρκιονιστάς,
956 4843 1049 4894 καὶ
1105 4843 1230 4905 τοὺς
1289 4845 1351 4895 ἐκ
1383 4845 1492 4897 τῶν
1538 4847 1739 4915 όμοίων

173 4931 463 5000 αἱρέσεων,
500 4933 641 4984 κατὰ
672 4934 798 4995 τοὺς
833 4933 1202 5002 Εὐνομιανοὺς
1236 4936 1326 4987 καὶ
1357 4938 1486 5000 τοὺς
1517 4938 1739 4991 Μοντα-

1855 4659 1953 4711 hac
1988 4656 2193 4728 synodo
2220 4655 2490 4723 adjectum
2520 4665 2624 4718 est,
2671 4655 2868 4709 debere
2897 4658 3059 4710 etiam
3098 4657 3421 4713 Manichazos

1851 4765 1903 4806 et
1933 4750 2344 4806 Valentinianos
2377 4759 2431 4801 ct
2463 4747 2865 4809 Marcionistas,
2888 4759 2943 4802 et
2978 4752 3116 4806 alios
3146 4753 3416 4818 ejusmodi

1850 4844 2162 4906 haereticos,
2214 4841 2672 4911 quemadmodum
2713 4841 3077 4896 Ennomianus
3118 4853 3171 4896 et
3215 4845 3419 4897 Merita-

1841 4941 2056 4999 nistas,
2117 4935 2418 5004 baptizari;
2475 4933 2828 4988 Nestorianos
2893 4941 3072 4988 autent
3131 4951 3242 4989 sua:
3297 4938 3414 4992 fidei

1359 5033 1546 5095 Guill.
1592 5035 1914 5112 Bevcregii
1958 5042 2145 5095 noue.

171 5133 342 5186 istum
386 5144 648 5182 canonem
689 5129 984 5197 Epistolam
1036 5131 1212 5198 potius
1249 5147 1407 5200 quam
1460 5136 1734 5189 decretmu

167 5200 389 5272 aliquod
421 5202 677 5267 synodale
706 5215 860 5272 esse;
899 5203 1094 5268 quippe
1125 5217 1233 5272 quo
1267 5204 1396 5255 nihil
1445 5208 1733 5260 constitui-

170 5284 284 5340 tur,
334 5273 426 5322 sed
468 5281 675 5322 tantum
725 5271 944 5338 antiqua
987 5271 1232 5339 quaedam
1283 5277 1621 5328 coosuetudo
1680 5279 1732 5330 in

168 5341 440 5395 lum-elicis
476 5340 800 5406 recipiendis
839 5341 1116 5394 recitatur.
1152 5343 1532 5410 (loujecturam
1567 5362 1630 5399 ex
1666 5364 1732 5400 eo

166 5411 598 5466 verisimiliorem
632 5412 882 5472 fecimus,
915 5412 1055 5482 quod
1092 5413 1277 5482 eadem
1305 5419 1489 5476 verba,
1517 5432 1636 5482 qua:
1661 5418 1731 5470 ibi

163 5493 219 5535 et
246 5485 330 5534 hic
362 5491 712 5554 usurpantur,
741 5484 791 5532 in
816 5481 1039 5554 epistola
1069 5481 1299 5554 quadam
1322 5484 1387 5535 ad
1413 5481 1730 5554 martyrium

163 5553 569 5620 Antiochi-pum
632 5550 1102 5619 Constantinopoli
1169 5555 1366 5620 scripta
1438 5550 1731 5619 habeatur,

160 5639 286 5690 qua:
321 5638 383 5676 ex
434 5618 621 5672 Jacobi
654 5623 978 5674 Armachani
1002 5618 1103 5672 τοῦ
1141 5618 1440 5691 μακαρίτου
1474 5643 1600 5680 mss.
1639 5618 1735 5681 cx?-

161 5694 370 5760 scripta
408 5694 688 5744 nobiscum
739 5693 1139 5744 communicata
1180 5693 1298 5746 fuit.
1342 5694 1423 5748 Ad
1472 5700 1730 5761 majorem

162 5764 325 5817 istius
358 5764 432 5816 rei
472 5761 1010 5835 elucidationeinhic
1046 5765 1335 5818 Observare
1377 5765 1552 5825 liccat.
1591 5767 1731 5835 quod

162 5845 296 5887 tunc
345 5850 427 5887 me
476 5833 658 5898 latuit,
708 5834 846 5885 hanc
897 5833 1067 5901 ipsam
1118 5836 1402 5900 epistulam
1452 5854 1481 5891 a
1527 5833 1736 5892 Joanne

446 5928 710 5986 PATItuL.
760 5927 877 5987 GR.
929 5927 1089 5986 CXX
1104 5927 1293 5990 XVII.

1845 5134 2170 5190 Lattuclavio
2224 5132 2273 5183 in
2319 5130 2469 5182 luris
2516 5127 2958 5183 Grato-Romani
3012 5128 3150 5182 libro
3217 5138 3413 5196 quarto

1843 5223 1963 5276 pag.
2003 5204 2127 5265 9.90,
2181 5203 2306 5276 illi,
2340 5202 2539 5276 editam
2581 5218 2722 5276 esse,
2767 5200 3009 5276 _ex_al_io,
3044 5199 3228 5276 nescio
3282 5213 3412 5266 quo,

1842 5270 1947 5330 ms'.
1982 5277 2165 5330 codice.
2201 5291 2214 5326 :
2244 5273 2378 5325 adeo
2411 5280 2467 5323 ιιι
2494 5271 2560 5324 de
2586 5271 2826 5339 epistola:
2855 5271 3012 5324 istius
3042 5270 3270 5323 veritate
3291 5288 3414 5323 eer-

1842 5351 2008 5399 tiores
2055 5346 2265 5398 fiamus.
2301 5343 2364 5396 Et
2410 5342 2626 5410 quidem
2659 5358 2780 5409 qum
2810 5341 2862 5393 in
2918 5341 3169 5408 praesenti
3206 5356 3415 5395 canone

1840 5417 2208 5474 continentur,
2246 5429 2309 5467 ex
2355 5413 2440 5466 illa
2494 5413 2718 5479 epistola
2769 5411 2946 5477 p0tius
2996 5425 3156 5478 quam
3203 5426 3266 5463 ex
3317 5413 3413 5464 de-

1842 5501 1992 5540 eretn
2031 5488 2209 5553 aliquo
2246 5484 2437 5554 synodi
2480 5482 3098 5551 Constantinopolitanx
3124 5483 3412 5550 desumpta

1849 5577 1872 5606 ι·
1885 5559 2120 5610 identur.

1913 5633 1987 5695 (8)
2025 5627 2132 5681 Καὶ
2167 5627 2304 5689 τοὺς
2336 5624 2706 5691 Μαι-ιχαίους
2739 5623 2824 5677 δέ.
2863 5623 2958 5678 Hic
2991 5624 3256 5692 incipiunt
3290 5641 3412 5692 qua:

1841 5715 2080 5766 praesens
2132 5697 2421 5750 concilium
2456 5697 2521 5748 de
2549 5696 2836 5752 .haareticis
2883 5696 2935 5748 in
2979 5696 3273 5748 Ecclesium
3313 5697 3413 5749 (Ia-

1845 5772 2100 5821 Illolicntn
2139 5769 2461 5836 recipiendis
2504 5768 2826 5832 constituit;
2871 5775 3063 5834 pr:rtcr
3102 5782 3165 5817 ea
3199 5783 3319 5834 qttav
3363 5769 3414 5819 in

1838 5840 2068 5910 cpistola
2103 5841 2353 5904 superius
2382 5847 2802 5892 rounnemorula
2827 5840 3203 5892 continentur.

2984 5934 3062 5990 ΞΠ
