  <div class='ocr_page' id='page_1' title='image "/cluster/home/n/w/nwhite01/storage/ocr_20150623/137/nnc1.0046979786/452.png"; bbox 0 0 4218 6458; ppageno 0'>
   <div class='ocr_carea' id='block_1_1' title="bbox 193 413 293 476">
    <p class='ocr_par' dir='ltr' id='par_1_1' title="bbox 193 413 293 476">
     <span class='ocr_line' id='line_1_1' title="bbox 193 413 293 476; baseline 0 -1"><span class='ocrx_word' id='word_1_1' title='bbox 193 413 293 476; x_wconf 68' lang='grc'><strong>843</strong></span> 
     </span>
    </p>
   </div>
   <div class='ocr_carea' id='block_1_2' title="bbox 1210 397 2455 465">
    <p class='ocr_par' dir='ltr' id='par_1_2' title="bbox 1210 397 2455 465">
     <span class='ocr_line' id='line_1_2' title="bbox 1210 397 2455 465; baseline -0.005 0"><span class='ocrx_word' id='word_1_2' title='bbox 1210 407 1285 465; x_wconf 69' lang='lat' dir='ltr'><strong>1N</strong></span> <span class='ocrx_word' id='word_1_3' title='bbox 1331 405 1495 465; x_wconf 74' lang='lat' dir='ltr'><strong>CAN.</strong></span> <span class='ocrx_word' id='word_1_4' title='bbox 1533 402 1706 462; x_wconf 75' lang='lat' dir='ltr'><strong>XCVl</strong></span> <span class='ocrx_word' id='word_1_5' title='bbox 1752 398 1971 460; x_wconf 54' lang='grc' dir='ltr'><strong>(ΗΝΘ.</strong></span> <span class='ocrx_word' id='word_1_6' title='bbox 2012 397 2090 456; x_wconf 72' lang='lat' dir='ltr'><strong>IN</strong></span> <span class='ocrx_word' id='word_1_7' title='bbox 2134 398 2455 460; x_wconf 74' lang='lat' dir='ltr'><strong>TBULLO.</strong></span> 
     </span>
    </p>
   </div>
   <div class='ocr_carea' id='block_1_3' title="bbox 3341 403 3447 467">
    <p class='ocr_par' dir='ltr' id='par_1_3' title="bbox 3341 403 3447 467">
     <span class='ocr_line' id='line_1_3' title="bbox 3341 403 3447 467; baseline -0.019 -1"><span class='ocrx_word' id='word_1_8' title='bbox 3341 403 3447 467; x_wconf 75' lang='grc'><strong>846</strong></span> 
     </span>
    </p>
   </div>
   <div class='ocr_carea' id='block_1_4' title="bbox 195 511 1861 594">
    <p class='ocr_par' dir='ltr' id='par_1_4' title="bbox 195 515 1839 594">
     <span class='ocr_line' id='line_1_4' title="bbox 195 515 1839 594; baseline -0.007 -17"><span class='ocrx_word' id='word_1_9' title='bbox 195 525 469 594; x_wconf 59' lang='lat' dir='ltr'><strong>pacatis);</strong></span> <span class='ocrx_word' id='word_1_10' title='bbox 489 523 917 594; x_wconf 64' lang='grc' dir='ltr'><strong>καταγομένους,</strong></span> <span class='ocrx_word' id='word_1_11' title='bbox 941 524 1032 575; x_wconf 62' lang='grc' dir='ltr'><strong>καὶ</strong></span> <span class='ocrx_word' id='word_1_12' title='bbox 1052 520 1174 581; x_wconf 69' lang='grc' dir='ltr'>τοὺς</span> <span class='ocrx_word' id='word_1_13' title='bbox 1196 519 1412 580; x_wconf 74' lang='grc' dir='ltr'>λοιποὺς</span> <span class='ocrx_word' id='word_1_14' title='bbox 1432 515 1765 586; x_wconf 74' lang='grc' dir='ltr'>αἱρετικοῦς,</span> <span class='ocrx_word' id='word_1_15' title='bbox 1801 523 1839 575; x_wconf 78' lang='grc' dir='ltr'><strong>Α</strong></span> 
     </span>
    </p>
   </div>
   <div class='ocr_carea' id='block_1_5' title="bbox 1775 511 3441 594">
    <p class='ocr_par' dir='ltr' id='par_1_5' title="bbox 1801 511 3441 576">
     <span class='ocr_line' id='line_1_5' title="bbox 1801 511 3441 576; baseline 0.008 -13"><span class='ocrx_word' id='word_1_16' title='bbox 1801 523 1839 575; x_wconf 76' lang='grc' dir='ltr'><strong>Α</strong></span> <span class='ocrx_word' id='word_1_17' title='bbox 1876 511 2037 564; x_wconf 72' lang='lat' dir='ltr'><strong>Paulo</strong></span> <span class='ocrx_word' id='word_1_18' title='bbox 2071 512 2432 566; x_wconf 86' lang='lat' dir='ltr'><strong>Samosatcno</strong></span> <span class='ocrx_word' id='word_1_19' title='bbox 2486 513 2739 569; x_wconf 88' lang='lat' dir='ltr'><strong>seductos</strong></span> <span class='ocrx_word' id='word_1_20' title='bbox 2787 526 2840 570; x_wconf 89' lang='lat' dir='ltr'><strong>et</strong></span> <span class='ocrx_word' id='word_1_21' title='bbox 2874 517 3010 573; x_wconf 47' lang='lat' dir='ltr'><strong>alios</strong></span> <span class='ocrx_word' id='word_1_22' title='bbox 3042 520 3327 576; x_wconf 65' lang='lat' dir='ltr'><strong>haareticos</strong></span> <span class='ocrx_word' id='word_1_23' title='bbox 3355 538 3441 576; x_wconf 85' lang='lat' dir='ltr'><strong>or-</strong></span> 
     </span>
    </p>
   </div>
   <div class='ocr_carea' id='block_1_6' title="bbox 190 606 1768 688">
    <p class='ocr_par' dir='ltr' id='par_1_6' title="bbox 190 606 1768 688">
     <span class='ocr_line' id='line_1_6' title="bbox 190 606 1768 688; baseline -0.008 -18"><span class='ocrx_word' id='word_1_24' title='bbox 190 618 316 685; x_wconf 68' lang='grc' dir='ltr'>τοὺς</span> <span class='ocrx_word' id='word_1_25' title='bbox 351 619 820 688; x_wconf 77' lang='grc' dir='ltr'>προσερχομένους</span> <span class='ocrx_word' id='word_1_26' title='bbox 876 620 941 686; x_wconf 79' lang='grc' dir='ltr'><strong>τῇ</strong></span> <span class='ocrx_word' id='word_1_27' title='bbox 1005 612 1270 683; x_wconf 77' lang='grc' dir='ltr'>ὀρθοδόξῳ</span> <span class='ocrx_word' id='word_1_28' title='bbox 1308 611 1512 673; x_wconf 80' lang='grc' dir='ltr'>πίστει,</span> <span class='ocrx_word' id='word_1_29' title='bbox 1554 609 1646 659; x_wconf 74' lang='grc' dir='ltr'><strong>καὶ</strong></span> <span class='ocrx_word' id='word_1_30' title='bbox 1695 606 1768 666; x_wconf 72' lang='grc' dir='ltr'>ὡς</span> 
     </span>
    </p>
   </div>
   <div class='ocr_carea' id='block_1_7' title="bbox 196 698 1764 780">
    <p class='ocr_par' dir='ltr' id='par_1_7' title="bbox 196 698 1764 780">
     <span class='ocr_line' id='line_1_7' title="bbox 196 698 1764 780; baseline 0.013 -52"><span class='ocrx_word' id='word_1_31' title='bbox 196 712 460 776; x_wconf 67' lang='grc' dir='ltr'>..Ελληνας</span> <span class='ocrx_word' id='word_1_32' title='bbox 484 708 916 780; x_wconf 72' lang='grc' dir='ltr'>παραδεχόμενοι</span> <span class='ocrx_word' id='word_1_33' title='bbox 943 709 1031 759; x_wconf 84' lang='grc' dir='ltr'><strong>καὶ</strong></span> <span class='ocrx_word' id='word_1_34' title='bbox 1067 707 1445 777; x_wconf 73' lang='grc' dir='ltr'><strong>βαπτίζοντες,</strong></span> <span class='ocrx_word' id='word_1_35' title='bbox 1474 703 1541 772; x_wconf 79' lang='grc' dir='ltr'>τῇ</span> <span class='ocrx_word' id='word_1_36' title='bbox 1570 698 1764 770; x_wconf 80' lang='grc' dir='ltr'>πρώτῃ</span> 
     </span>
    </p>
   </div>
   <div class='ocr_carea' id='block_1_8' title="bbox 193 789 1767 871">
    <p class='ocr_par' dir='ltr' id='par_1_8' title="bbox 193 789 1767 871">
     <span class='ocr_line' id='line_1_8' title="bbox 193 789 1767 871; baseline -0.009 -18"><span class='ocrx_word' id='word_1_37' title='bbox 193 801 373 871; x_wconf 71' lang='grc' dir='ltr'>ἡμέρᾳ</span> <span class='ocrx_word' id='word_1_38' title='bbox 409 801 505 862; x_wconf 79' lang='grc' dir='ltr'><strong>τὰς</strong></span> <span class='ocrx_word' id='word_1_39' title='bbox 538 803 785 869; x_wconf 80' lang='grc' dir='ltr'><strong>αἱρέσεις</strong></span> <span class='ocrx_word' id='word_1_40' title='bbox 828 797 1009 848; x_wconf 79' lang='grc' dir='ltr'>αὐτῶν</span> <span class='ocrx_word' id='word_1_41' title='bbox 1045 795 1390 864; x_wconf 76' lang='grc' dir='ltr'><strong>ἀπαιτοῦμεν</strong></span> <span class='ocrx_word' id='word_1_42' title='bbox 1433 789 1767 861; x_wconf 81' lang='grc' dir='ltr'>ἀναθεματί·</span> 
     </span>
    </p>
   </div>
   <div class='ocr_carea' id='block_1_9' title="bbox 194 886 1772 961">
    <p class='ocr_par' dir='ltr' id='par_1_9' title="bbox 194 886 1772 961">
     <span class='ocr_line' id='line_1_9' title="bbox 194 886 1772 961; baseline -0.009 -14"><span class='ocrx_word' id='word_1_43' title='bbox 194 895 326 960; x_wconf 74' lang='grc' dir='ltr'>ζειν,</span> <span class='ocrx_word' id='word_1_44' title='bbox 362 894 456 947; x_wconf 81' lang='grc' dir='ltr'><strong>καὶ</strong></span> <span class='ocrx_word' id='word_1_45' title='bbox 490 893 753 961; x_wconf 75' lang='grc' dir='ltr'>ποιοῦμεν</span> <span class='ocrx_word' id='word_1_46' title='bbox 815 891 1013 952; x_wconf 81' lang='grc' dir='ltr'>αὐτοὺς</span> <span class='ocrx_word' id='word_1_47' title='bbox 1081 892 1204 943; x_wconf 81' lang='grc' dir='ltr'>ὅσον</span> <span class='ocrx_word' id='word_1_48' title='bbox 1239 891 1380 942; x_wconf 79' lang='grc' dir='ltr'>κατὰ</span> <span class='ocrx_word' id='word_1_49' title='bbox 1413 886 1572 940; x_wconf 83' lang='grc' dir='ltr'>τοῦτο</span> <span class='ocrx_word' id='word_1_50' title='bbox 1635 886 1772 953; x_wconf 83' lang='grc' dir='ltr'>Χρι-</span> 
     </span>
    </p>
   </div>
   <div class='ocr_carea' id='block_1_10' title="bbox 195 978 1772 1057">
    <p class='ocr_par' dir='ltr' id='par_1_10' title="bbox 195 978 1772 1057">
     <span class='ocr_line' id='line_1_10' title="bbox 195 978 1772 1057; baseline -0.008 -16"><span class='ocrx_word' id='word_1_51' title='bbox 195 988 482 1050; x_wconf 77' lang='grc' dir='ltr'>στιανούςο</span> <span class='ocrx_word' id='word_1_52' title='bbox 523 991 587 1057; x_wconf 82' lang='grc' dir='ltr'>τῇ</span> <span class='ocrx_word' id='word_1_53' title='bbox 650 988 706 1039; x_wconf 79' lang='grc' dir='ltr'>δὲ</span> <span class='ocrx_word' id='word_1_54' title='bbox 758 987 987 1057; x_wconf 67' lang='grc' dir='ltr'>δευτέρα</span> <span class='ocrx_word' id='word_1_55' title='bbox 1044 983 1395 1054; x_wconf 85' lang='grc' dir='ltr'>κατηχοῦμεν</span> <span class='ocrx_word' id='word_1_56' title='bbox 1431 981 1626 1040; x_wconf 69' lang='grc' dir='ltr'>αὐτοὺς</span> <span class='ocrx_word' id='word_1_57' title='bbox 1681 978 1772 1029; x_wconf 79' lang='grc' dir='ltr'><strong>τὸν</strong></span> 
     </span>
    </p>
   </div>
   <div class='ocr_carea' id='block_1_11' title="bbox 194 1071 1768 1150">
    <p class='ocr_par' dir='ltr' id='par_1_11' title="bbox 194 1071 1768 1150">
     <span class='ocr_line' id='line_1_11' title="bbox 194 1071 1768 1150; baseline -0.007 -19"><span class='ocrx_word' id='word_1_58' title='bbox 194 1082 352 1149; x_wconf 87' lang='grc' dir='ltr'>λόγον</span> <span class='ocrx_word' id='word_1_59' title='bbox 377 1081 476 1150; x_wconf 78' lang='grc' dir='ltr'>τῆς</span> <span class='ocrx_word' id='word_1_60' title='bbox 511 1079 790 1148; x_wconf 83' lang='grc' dir='ltr'>ἀληθείας,</span> <span class='ocrx_word' id='word_1_61' title='bbox 820 1079 915 1132; x_wconf 75' lang='grc' dir='ltr'>καὶ</span> <span class='ocrx_word' id='word_1_62' title='bbox 948 1077 1146 1147; x_wconf 77' lang='grc' dir='ltr'>ἑφεξῆς</span> <span class='ocrx_word' id='word_1_63' title='bbox 1180 1077 1248 1128; x_wconf 87' lang='grc' dir='ltr'><strong>τά</strong></span> <span class='ocrx_word' id='word_1_64' title='bbox 1280 1074 1443 1126; x_wconf 73' lang='grc' dir='ltr'>λοιπὰ</span> <span class='ocrx_word' id='word_1_65' title='bbox 1475 1071 1768 1139; x_wconf 74' lang='grc' dir='ltr'><strong>ποιοῦμεν⁸</strong></span> 
     </span>
    </p>
   </div>
   <div class='ocr_carea' id='block_1_12' title="bbox 198 1164 1788 1242">
    <p class='ocr_par' dir='ltr' id='par_1_12' title="bbox 198 1164 1788 1242">
     <span class='ocr_line' id='line_1_12' title="bbox 198 1164 1788 1242; baseline -0.008 -16"><span class='ocrx_word' id='word_1_66' title='bbox 198 1175 290 1226; x_wconf 80' lang='grc' dir='ltr'><strong>καὶ</strong></span> <span class='ocrx_word' id='word_1_67' title='bbox 325 1173 468 1225; x_wconf 74' lang='grc' dir='ltr'>οὕτω</span> <span class='ocrx_word' id='word_1_68' title='bbox 507 1173 644 1242; x_wconf 85' lang='grc' dir='ltr'><strong>μετὰ</strong></span> <span class='ocrx_word' id='word_1_69' title='bbox 695 1173 752 1226; x_wconf 73' lang='grc' dir='ltr'>τὸ</span> <span class='ocrx_word' id='word_1_70' title='bbox 805 1173 1053 1241; x_wconf 87' lang='grc' dir='ltr'>χρονίσαι</span> <span class='ocrx_word' id='word_1_71' title='bbox 1100 1169 1296 1230; x_wconf 75' lang='grc' dir='ltr'>αὐτοὺς</span> <span class='ocrx_word' id='word_1_72' title='bbox 1330 1169 1386 1218; x_wconf 83' lang='grc' dir='ltr'>ὲν</span> <span class='ocrx_word' id='word_1_73' title='bbox 1415 1167 1534 1224; x_wconf 81' lang='grc' dir='ltr'>ταῖς</span> <span class='ocrx_word' id='word_1_74' title='bbox 1571 1164 1788 1230; x_wconf 56' lang='grc' dir='ltr'>ὲκκλτβ</span> 
     </span>
    </p>
   </div>
   <div class='ocr_carea' id='block_1_13' title="bbox 200 1257 1770 1334">
    <p class='ocr_par' dir='ltr' id='par_1_13' title="bbox 200 1257 1770 1334">
     <span class='ocr_line' id='line_1_13' title="bbox 200 1257 1770 1334; baseline -0.017 1"><span class='ocrx_word' id='word_1_75' title='bbox 200 1266 367 1332; x_wconf 81' lang='grc' dir='ltr'>σίαις.</span> <span class='ocrx_word' id='word_1_76' title='bbox 421 1268 514 1320; x_wconf 78' lang='grc' dir='ltr'><strong>καὶ</strong></span> <span class='ocrx_word' id='word_1_77' title='bbox 558 1267 665 1319; x_wconf 87' lang='grc' dir='ltr'><strong>τῶν</strong></span> <span class='ocrx_word' id='word_1_78' title='bbox 721 1266 881 1319; x_wconf 86' lang='grc' dir='ltr'>θείων</span> <span class='ocrx_word' id='word_1_79' title='bbox 935 1264 1168 1334; x_wconf 78' lang='grc' dir='ltr'>Γραφῶν</span> <span class='ocrx_word' id='word_1_80' title='bbox 1219 1259 1620 1331; x_wconf 81' lang='grc' dir='ltr'>ἀκροάσασθαι,</span> <span class='ocrx_word' id='word_1_81' title='bbox 1676 1257 1770 1309; x_wconf 81' lang='grc' dir='ltr'><strong>τοῦ</strong></span> 
     </span>
    </p>
   </div>
   <div class='ocr_carea' id='block_1_14' title="bbox 195 1352 1773 1428">
    <p class='ocr_par' dir='ltr' id='par_1_14' title="bbox 195 1352 1773 1428">
     <span class='ocr_line' id='line_1_14' title="bbox 195 1352 1773 1428; baseline -0.008 -16"><span class='ocrx_word' id='word_1_82' title='bbox 195 1361 338 1413; x_wconf 78' lang='grc' dir='ltr'>θείου</span> <span class='ocrx_word' id='word_1_83' title='bbox 372 1357 745 1427; x_wconf 78' lang='grc' dir='ltr'>καταξιοῦμεν</span> <span class='ocrx_word' id='word_1_84' title='bbox 779 1357 1178 1428; x_wconf 84' lang='grc' dir='ltr'>βαπτίσματος.</span> <span class='ocrx_word' id='word_1_85' title='bbox 1224 1352 1622 1413; x_wconf 80' lang='grc' dir='ltr'>Ιιαυλιανιστὰς</span> <span class='ocrx_word' id='word_1_86' title='bbox 1644 1353 1773 1401; x_wconf 86' lang='grc' dir='ltr'>ἀνα-</span> 
     </span>
    </p>
   </div>
   <div class='ocr_carea' id='block_1_15' title="bbox 195 1442 1773 1520">
    <p class='ocr_par' dir='ltr' id='par_1_15' title="bbox 195 1442 1773 1520">
     <span class='ocr_line' id='line_1_15' title="bbox 195 1442 1773 1520; baseline -0.005 -18"><span class='ocrx_word' id='word_1_87' title='bbox 195 1451 560 1520; x_wconf 77' lang='grc' dir='ltr'>ὁαπτίζομεν,</span> <span class='ocrx_word' id='word_1_88' title='bbox 605 1451 1006 1520; x_wconf 82' lang='grc' dir='ltr'>Εὑνομιανοὺς,</span> <span class='ocrx_word' id='word_1_89' title='bbox 1041 1447 1440 1509; x_wconf 75' lang='grc' dir='ltr'>Μοντανιστὰς,</span> <span class='ocrx_word' id='word_1_90' title='bbox 1478 1442 1773 1497; x_wconf 79' lang='grc' dir='ltr'>Σαῦελλια-</span> 
     </span>
    </p>
   </div>
   <div class='ocr_carea' id='block_1_16' title="bbox 194 1535 1776 1607">
    <p class='ocr_par' dir='ltr' id='par_1_16' title="bbox 194 1535 1776 1607">
     <span class='ocr_line' id='line_1_16' title="bbox 194 1535 1776 1607; baseline -0.006 -13"><span class='ocrx_word' id='word_1_91' title='bbox 194 1541 337 1605; x_wconf 77' lang='grc' dir='ltr'>νοῦς,</span> <span class='ocrx_word' id='word_1_92' title='bbox 373 1543 466 1595; x_wconf 75' lang='grc' dir='ltr'><strong>καὶ</strong></span> <span class='ocrx_word' id='word_1_93' title='bbox 491 1544 695 1605; x_wconf 85' lang='grc' dir='ltr'>πάντας</span> <span class='ocrx_word' id='word_1_94' title='bbox 718 1543 844 1604; x_wconf 81' lang='grc' dir='ltr'>τοὺς</span> <span class='ocrx_word' id='word_1_95' title='bbox 865 1545 953 1595; x_wconf 81' lang='grc' dir='ltr'>ἀπ’</span> <span class='ocrx_word' id='word_1_96' title='bbox 993 1541 1172 1594; x_wconf 80' lang='grc' dir='ltr'>αὐτῶν</span> <span class='ocrx_word' id='word_1_97' title='bbox 1216 1541 1289 1602; x_wconf 85' lang='grc' dir='ltr'>ὼς</span> <span class='ocrx_word' id='word_1_98' title='bbox 1310 1539 1580 1607; x_wconf 84' lang='grc' dir='ltr'>’Έλληνας</span> <span class='ocrx_word' id='word_1_99' title='bbox 1626 1535 1776 1605; x_wconf 89' lang='grc' dir='ltr'>δεχό-</span> 
     </span>
    </p>
   </div>
   <div class='ocr_carea' id='block_1_17' title="bbox 195 1630 1778 1703">
    <p class='ocr_par' dir='ltr' id='par_1_17' title="bbox 195 1630 1778 1703">
     <span class='ocr_line' id='line_1_17' title="bbox 195 1630 1778 1703; baseline -0.001 -20"><span class='ocrx_word' id='word_1_100' title='bbox 195 1649 366 1700; x_wconf 89' lang='grc' dir='ltr'>μενοι·</span> <span class='ocrx_word' id='word_1_101' title='bbox 396 1632 489 1684; x_wconf 64' lang='grc' dir='ltr'>καὶ</span> <span class='ocrx_word' id='word_1_102' title='bbox 507 1636 571 1702; x_wconf 76' lang='grc' dir='ltr'>τῇ</span> <span class='ocrx_word' id='word_1_103' title='bbox 597 1632 788 1703; x_wconf 83' lang='grc' dir='ltr'>πρώτῃ</span> <span class='ocrx_word' id='word_1_104' title='bbox 811 1634 992 1703; x_wconf 72' lang='grc' dir='ltr'>ἡμέρα</span> <span class='ocrx_word' id='word_1_105' title='bbox 1018 1632 1281 1702; x_wconf 76' lang='grc' dir='ltr'>ποιοῦμεν</span> <span class='ocrx_word' id='word_1_106' title='bbox 1305 1630 1501 1693; x_wconf 80' lang='grc' dir='ltr'>αὐτοὺς</span> <span class='ocrx_word' id='word_1_107' title='bbox 1520 1630 1778 1700; x_wconf 83' lang='grc' dir='ltr'>Χριστια-</span> 
     </span>
    </p>
   </div>
   <div class='ocr_carea' id='block_1_18' title="bbox 193 1720 1778 1797">
    <p class='ocr_par' dir='ltr' id='par_1_18' title="bbox 193 1720 1778 1797">
     <span class='ocr_line' id='line_1_18' title="bbox 193 1720 1778 1797; baseline -0.002 -22"><span class='ocrx_word' id='word_1_108' title='bbox 193 1725 338 1789; x_wconf 80' lang='grc' dir='ltr'>νοὺς,</span> <span class='ocrx_word' id='word_1_109' title='bbox 381 1729 446 1796; x_wconf 81' lang='grc' dir='ltr'>τῇ</span> <span class='ocrx_word' id='word_1_110' title='bbox 471 1727 696 1797; x_wconf 75' lang='grc' dir='ltr'>δευτέρᾳ</span> <span class='ocrx_word' id='word_1_111' title='bbox 733 1725 1193 1795; x_wconf 82' lang='grc' dir='ltr'>κατηχουμὲνους,</span> <span class='ocrx_word' id='word_1_112' title='bbox 1220 1727 1286 1794; x_wconf 84' lang='grc' dir='ltr'>τῇ</span> <span class='ocrx_word' id='word_1_113' title='bbox 1320 1725 1477 1793; x_wconf 84' lang='grc' dir='ltr'>τρίτῃ</span> <span class='ocrx_word' id='word_1_114' title='bbox 1503 1720 1778 1791; x_wconf 74' lang='grc' dir='ltr'>ἐξορκίζο-</span> 
     </span>
    </p>
   </div>
   <div class='ocr_carea' id='block_1_19' title="bbox 200 1814 1776 1888">
    <p class='ocr_par' dir='ltr' id='par_1_19' title="bbox 200 1814 1776 1888">
     <span class='ocr_line' id='line_1_19' title="bbox 200 1814 1776 1888; baseline -0.001 -20"><span class='ocrx_word' id='word_1_115' title='bbox 200 1833 324 1882; x_wconf 87' lang='grc' dir='ltr'>μεν,</span> <span class='ocrx_word' id='word_1_116' title='bbox 361 1819 716 1887; x_wconf 73' lang='grc' dir='ltr'><strong>ἐμφυσῶντες</strong></span> <span class='ocrx_word' id='word_1_117' title='bbox 759 1819 938 1888; x_wconf 83' lang='grc' dir='ltr'>τρίτον</span> <span class='ocrx_word' id='word_1_118' title='bbox 997 1820 1076 1880; x_wconf 85' lang='grc' dir='ltr'><strong>είς</strong></span> <span class='ocrx_word' id='word_1_119' title='bbox 1127 1817 1188 1870; x_wconf 81' lang='grc' dir='ltr'>τὺ</span> <span class='ocrx_word' id='word_1_120' title='bbox 1224 1817 1516 1886; x_wconf 83' lang='grc' dir='ltr'>πρόσωπον</span> <span class='ocrx_word' id='word_1_121' title='bbox 1564 1817 1658 1867; x_wconf 79' lang='grc' dir='ltr'><strong>καὶ</strong></span> <span class='ocrx_word' id='word_1_122' title='bbox 1709 1814 1776 1866; x_wconf 76' lang='grc' dir='ltr'>τὰ</span> 
     </span>
    </p>
   </div>
   <div class='ocr_carea' id='block_1_20' title="bbox 193 1902 1774 1980">
    <p class='ocr_par' dir='ltr' id='par_1_20' title="bbox 193 1902 1774 1980">
     <span class='ocr_line' id='line_1_20' title="bbox 193 1902 1774 1980; baseline -0.002 -20"><span class='ocrx_word' id='word_1_123' title='bbox 193 1902 328 1960; x_wconf 75' lang='grc' dir='ltr'>ῶτα·</span> <span class='ocrx_word' id='word_1_124' title='bbox 366 1911 462 1962; x_wconf 79' lang='grc' dir='ltr'>καὶ</span> <span class='ocrx_word' id='word_1_125' title='bbox 507 1910 649 1962; x_wconf 75' lang='grc' dir='ltr'>οὕτω</span> <span class='ocrx_word' id='word_1_126' title='bbox 686 1912 1052 1980; x_wconf 66' lang='grc' dir='ltr'>κατηχοῦμεν,</span> <span class='ocrx_word' id='word_1_127' title='bbox 1084 1911 1178 1963; x_wconf 74' lang='grc' dir='ltr'><strong>καὶ</strong></span> <span class='ocrx_word' id='word_1_128' title='bbox 1218 1907 1478 1977; x_wconf 84' lang='grc' dir='ltr'>ποιοῦμεν</span> <span class='ocrx_word' id='word_1_129' title='bbox 1503 1905 1774 1977; x_wconf 72' lang='grc' dir='ltr'>χρονίζειν</span> 
     </span>
    </p>
   </div>
   <div class='ocr_carea' id='block_1_21' title="bbox 193 1997 1840 2073">
    <p class='ocr_par' dir='ltr' id='par_1_21' title="bbox 193 1997 1840 2073">
     <span class='ocr_line' id='line_1_21' title="bbox 193 1997 1840 2073; baseline -0.002 -22"><span class='ocrx_word' id='word_1_130' title='bbox 193 2004 250 2052; x_wconf 80' lang='grc' dir='ltr'>ὲν</span> <span class='ocrx_word' id='word_1_131' title='bbox 301 2001 380 2070; x_wconf 82' lang='grc' dir='ltr'>τῷ</span> <span class='ocrx_word' id='word_1_132' title='bbox 411 2003 542 2072; x_wconf 81' lang='grc' dir='ltr'>ναῷ,</span> <span class='ocrx_word' id='word_1_133' title='bbox 587 2003 679 2055; x_wconf 84' lang='grc' dir='ltr'><strong>καὶ</strong></span> <span class='ocrx_word' id='word_1_134' title='bbox 709 2003 1013 2073; x_wconf 83' lang='grc' dir='ltr'>ἀκροᾶσθαι</span> <span class='ocrx_word' id='word_1_135' title='bbox 1047 2002 1153 2054; x_wconf 91' lang='grc' dir='ltr'><strong>τῶν</strong></span> <span class='ocrx_word' id='word_1_136' title='bbox 1204 2001 1457 2070; x_wconf 62' lang='grc' dir='ltr'>Γραφιῐλν·</span> <span class='ocrx_word' id='word_1_137' title='bbox 1500 1999 1592 2052; x_wconf 72' lang='grc' dir='ltr'>καὶ</span> <span class='ocrx_word' id='word_1_138' title='bbox 1643 1998 1768 2049; x_wconf 83' lang='grc' dir='ltr'>τότε</span> <span class='ocrx_word' id='word_1_139' title='bbox 1822 1997 1840 2032; x_wconf 79' lang='lat'><strong>-’</strong></span> 
     </span>
    </p>
   </div>
   <div class='ocr_carea' id='block_1_22' title="bbox 194 2095 1775 2168">
    <p class='ocr_par' dir='ltr' id='par_1_22' title="bbox 194 2095 1775 2168">
     <span class='ocr_line' id='line_1_22' title="bbox 194 2095 1775 2168; baseline -0.001 -19"><span class='ocrx_word' id='word_1_140' title='bbox 194 2099 398 2162; x_wconf 79' lang='grc' dir='ltr'>αὐτοὺς</span> <span class='ocrx_word' id='word_1_141' title='bbox 433 2098 786 2168; x_wconf 79' lang='grc' dir='ltr'>βαπτίζομεν.</span> <span class='ocrx_word' id='word_1_142' title='bbox 820 2099 931 2152; x_wconf 78' lang='grc' dir='ltr'><strong>Καὶ</strong></span> <span class='ocrx_word' id='word_1_143' title='bbox 960 2099 1296 2165; x_wconf 81' lang='grc' dir='ltr'>Μανιχαίους</span> <span class='ocrx_word' id='word_1_144' title='bbox 1325 2095 1380 2146; x_wconf 80' lang='grc' dir='ltr'><strong>δὲ</strong></span> <span class='ocrx_word' id='word_1_145' title='bbox 1413 2097 1500 2146; x_wconf 85' lang='grc' dir='ltr'><strong>καὶ</strong></span> <span class='ocrx_word' id='word_1_146' title='bbox 1539 2096 1775 2147; x_wconf 78' lang='grc' dir='ltr'>Οὐαλεν-</span> 
     </span>
    </p>
   </div>
   <div class='ocr_carea' id='block_1_23' title="bbox 195 2187 1775 2260">
    <p class='ocr_par' dir='ltr' id='par_1_23' title="bbox 195 2187 1775 2260">
     <span class='ocr_line' id='line_1_23' title="bbox 195 2187 1775 2260; baseline -0.002 -17"><span class='ocrx_word' id='word_1_147' title='bbox 195 2193 489 2256; x_wconf 79' lang='grc' dir='ltr'>τινιανοὺς,</span> <span class='ocrx_word' id='word_1_148' title='bbox 531 2192 624 2244; x_wconf 74' lang='grc' dir='ltr'>καὶ</span> <span class='ocrx_word' id='word_1_149' title='bbox 654 2193 1102 2259; x_wconf 80' lang='grc' dir='ltr'>Μαρκιωνιστὰς,</span> <span class='ocrx_word' id='word_1_150' title='bbox 1147 2191 1241 2246; x_wconf 61' lang='grc' dir='ltr'><strong>καὶΙ</strong></span> <span class='ocrx_word' id='word_1_151' title='bbox 1279 2190 1644 2260; x_wconf 79' lang='grc' dir='ltr'>Σευηριανοὺς</span> <span class='ocrx_word' id='word_1_152' title='bbox 1681 2187 1775 2242; x_wconf 78' lang='grc' dir='ltr'>καὶ</span> 
     </span>
    </p>
   </div>
   <div class='ocr_carea' id='block_1_24' title="bbox 192 2280 1776 2355">
    <p class='ocr_par' dir='ltr' id='par_1_24' title="bbox 192 2280 1776 2355">
     <span class='ocr_line' id='line_1_24' title="bbox 192 2280 1776 2355; baseline -0.002 -19"><span class='ocrx_word' id='word_1_153' title='bbox 192 2287 325 2348; x_wconf 76' lang='grc' dir='ltr'>τοὺς</span> <span class='ocrx_word' id='word_1_154' title='bbox 354 2286 417 2337; x_wconf 77' lang='grc' dir='ltr'>ἐκ</span> <span class='ocrx_word' id='word_1_155' title='bbox 455 2285 564 2337; x_wconf 87' lang='grc' dir='ltr'><strong>τῶν</strong></span> <span class='ocrx_word' id='word_1_156' title='bbox 601 2285 803 2355; x_wconf 87' lang='grc' dir='ltr'>ὁμοίων</span> <span class='ocrx_word' id='word_1_157' title='bbox 861 2286 1149 2355; x_wconf 84' lang='grc' dir='ltr'>αἱρέσεων,</span> <span class='ocrx_word' id='word_1_158' title='bbox 1199 2284 1328 2354; x_wconf 86' lang='grc' dir='ltr'>χρὴ,</span> <span class='ocrx_word' id='word_1_159' title='bbox 1389 2281 1664 2343; x_wconf 79' lang='grc' dir='ltr'>λιὸἐλλους</span> <span class='ocrx_word' id='word_1_160' title='bbox 1695 2280 1776 2335; x_wconf 84' lang='grc' dir='ltr'>δι-</span> 
     </span>
    </p>
   </div>
   <div class='ocr_carea' id='block_1_25' title="bbox 191 2375 1776 2448">
    <p class='ocr_par' dir='ltr' id='par_1_25' title="bbox 191 2375 1776 2448">
     <span class='ocr_line' id='line_1_25' title="bbox 191 2375 1776 2448; baseline -0.002 -18"><span class='ocrx_word' id='word_1_161' title='bbox 191 2379 408 2441; x_wconf 81' lang='grc' dir='ltr'>δόντας,</span> <span class='ocrx_word' id='word_1_162' title='bbox 443 2379 866 2447; x_wconf 75' lang='grc' dir='ltr'>ἀναθεματίζειν</span> <span class='ocrx_word' id='word_1_163' title='bbox 897 2380 1077 2433; x_wconf 83' lang='grc' dir='ltr'>πᾶσαν</span> <span class='ocrx_word' id='word_1_164' title='bbox 1116 2381 1350 2448; x_wconf 78' lang='grc' dir='ltr'>αἰρεσιν,</span> <span class='ocrx_word' id='word_1_165' title='bbox 1384 2378 1476 2429; x_wconf 75' lang='grc' dir='ltr'><strong>καὶ</strong></span> <span class='ocrx_word' id='word_1_166' title='bbox 1505 2375 1647 2429; x_wconf 76' lang='grc' dir='ltr'>οὕτω</span> <span class='ocrx_word' id='word_1_167' title='bbox 1682 2392 1776 2444; x_wconf 82' lang='grc' dir='ltr'>με·</span> 
     </span>
    </p>
   </div>
   <div class='ocr_carea' id='block_1_26' title="bbox 193 2472 1224 2542">
    <p class='ocr_par' dir='ltr' id='par_1_26' title="bbox 193 2472 1224 2542">
     <span class='ocr_line' id='line_1_26' title="bbox 193 2472 1224 2542; baseline 0.004 -20"><span class='ocrx_word' id='word_1_168' title='bbox 193 2472 573 2542; x_wconf 77' lang='grc' dir='ltr'>ταλαμὸάνειν</span> <span class='ocrx_word' id='word_1_169' title='bbox 599 2475 700 2542; x_wconf 79' lang='grc' dir='ltr'><strong>τῆς</strong></span> <span class='ocrx_word' id='word_1_170' title='bbox 730 2474 892 2541; x_wconf 89' lang='grc' dir='ltr'>ἀγίας</span> <span class='ocrx_word' id='word_1_171' title='bbox 915 2477 1224 2534; x_wconf 81' lang='grc' dir='ltr'>κοινωνίας.</span> 
     </span>
    </p>
   </div>
   <div class='ocr_carea' id='block_1_27' title="bbox 805 2568 1203 2633">
    <p class='ocr_par' dir='ltr' id='par_1_27' title="bbox 805 2568 1203 2633">
     <span class='ocr_line' id='line_1_27' title="bbox 805 2568 1203 2633; baseline -0.003 -13"><span class='ocrx_word' id='word_1_172' title='bbox 805 2568 1046 2620; x_wconf 79' lang='grc' dir='ltr'><strong>ΚΑΝΩΝ</strong></span> <span class='ocrx_word' id='word_1_173' title='bbox 1075 2570 1203 2633; x_wconf 54' lang='grc' dir='ltr'><strong>ις’.</strong></span> 
     </span>
    </p>
   </div>
   <div class='ocr_carea' id='block_1_28' title="bbox 200 2657 1776 2736">
    <p class='ocr_par' dir='ltr' id='par_1_28' title="bbox 200 2657 1776 2736">
     <span class='ocr_line' id='line_1_28' title="bbox 200 2657 1776 2736; baseline 0.008 -29"><span class='ocrx_word' id='word_1_174' title='bbox 200 2674 219 2707; x_wconf 79' lang='grc' dir='ltr'><strong>ι</strong></span> <span class='ocrx_word' id='word_1_175' title='bbox 274 2660 338 2710; x_wconf 81' lang='grc' dir='ltr'><strong>ΟΞ</strong></span> <span class='ocrx_word' id='word_1_176' title='bbox 363 2657 454 2710; x_wconf 82' lang='grc' dir='ltr'><strong>τὸν</strong></span> <span class='ocrx_word' id='word_1_177' title='bbox 483 2659 719 2730; x_wconf 80' lang='grc' dir='ltr'>Χριστὸν</span> <span class='ocrx_word' id='word_1_178' title='bbox 740 2659 828 2712; x_wconf 82' lang='grc' dir='ltr'>διὰ</span> <span class='ocrx_word' id='word_1_179' title='bbox 857 2660 952 2712; x_wconf 85' lang='grc' dir='ltr'><strong>τοῦ</strong></span> <span class='ocrx_word' id='word_1_180' title='bbox 985 2660 1364 2729; x_wconf 85' lang='grc' dir='ltr'>βαπτίσματος</span> <span class='ocrx_word' id='word_1_181' title='bbox 1420 2663 1776 2736; x_wconf 81' lang='grc' dir='ltr'>ἐνδυσάμενοι</span> 
     </span>
    </p>
   </div>
   <div class='ocr_carea' id='block_1_29' title="bbox 277 2750 1774 2823">
    <p class='ocr_par' dir='ltr' id='par_1_29' title="bbox 277 2750 1774 2823">
     <span class='ocr_line' id='line_1_29' title="bbox 277 2750 1774 2823; baseline 0.008 -24"><span class='ocrx_word' id='word_1_182' title='bbox 277 2768 296 2797; x_wconf 90' lang='grc'><strong><em>‹</em></strong></span> <span class='ocrx_word' id='word_1_183' title='bbox 345 2750 443 2819; x_wconf 76' lang='grc' dir='ltr'>τὴν</span> <span class='ocrx_word' id='word_1_184' title='bbox 477 2753 533 2801; x_wconf 83' lang='grc' dir='ltr'>ἐν</span> <span class='ocrx_word' id='word_1_185' title='bbox 565 2752 727 2822; x_wconf 76' lang='grc' dir='ltr'>σαρκὶ</span> <span class='ocrx_word' id='word_1_186' title='bbox 754 2751 921 2804; x_wconf 84' lang='grc' dir='ltr'>αὐτοῦ</span> <span class='ocrx_word' id='word_1_187' title='bbox 971 2752 1254 2805; x_wconf 83' lang='grc' dir='ltr'>πολιτείαν</span> <span class='ocrx_word' id='word_1_188' title='bbox 1308 2755 1591 2823; x_wconf 83' lang='grc' dir='ltr'>μιμεῖσθαι</span> <span class='ocrx_word' id='word_1_189' title='bbox 1641 2758 1774 2811; x_wconf 89' lang='grc' dir='ltr'>καθ-</span> 
     </span>
    </p>
   </div>
   <div class='ocr_carea' id='block_1_30' title="bbox 281 2842 1778 2922">
    <p class='ocr_par' dir='ltr' id='par_1_30' title="bbox 281 2842 1778 2922">
     <span class='ocr_line' id='line_1_30' title="bbox 281 2842 1778 2922; baseline 0.007 -29"><span class='ocrx_word' id='word_1_190' title='bbox 281 2865 299 2893; x_wconf 77' lang='grc' dir='ltr'><strong>ι</strong></span> <span class='ocrx_word' id='word_1_191' title='bbox 342 2846 720 2914; x_wconf 79' lang='grc' dir='ltr'>ωμολόγησαν.</span> <span class='ocrx_word' id='word_1_192' title='bbox 750 2846 885 2908; x_wconf 83' lang='grc' dir='ltr'>Τοὺς</span> <span class='ocrx_word' id='word_1_193' title='bbox 918 2842 1012 2900; x_wconf 82' lang='grc' dir='ltr'>οὖν</span> <span class='ocrx_word' id='word_1_194' title='bbox 1035 2847 1132 2909; x_wconf 77' lang='grc' dir='ltr'>τὰς</span> <span class='ocrx_word' id='word_1_195' title='bbox 1161 2848 1219 2898; x_wconf 84' lang='grc' dir='ltr'>ὲν</span> <span class='ocrx_word' id='word_1_196' title='bbox 1252 2850 1319 2918; x_wconf 76' lang='grc' dir='ltr'>τῇ</span> <span class='ocrx_word' id='word_1_197' title='bbox 1348 2849 1555 2920; x_wconf 80' lang='grc' dir='ltr'>κεφαλῇ</span> <span class='ocrx_word' id='word_1_198' title='bbox 1585 2855 1778 2922; x_wconf 61' lang='grc' dir='ltr'>τρίχας</span> 
     </span>
    </p>
   </div>
   <div class='ocr_carea' id='block_1_31' title="bbox 275 2936 1781 3024">
    <p class='ocr_par' dir='ltr' id='par_1_31' title="bbox 275 2936 1781 3024">
     <span class='ocr_line' id='line_1_31' title="bbox 275 2936 1781 3024; baseline 0.009 -40"><span class='ocrx_word' id='word_1_199' title='bbox 275 2955 294 2984; x_wconf 84' lang='grc'><em>‹</em></span> <span class='ocrx_word' id='word_1_200' title='bbox 347 2936 483 3004; x_wconf 80' lang='grc' dir='ltr'>πρὸς</span> <span class='ocrx_word' id='word_1_201' title='bbox 515 2936 694 3008; x_wconf 85' lang='grc' dir='ltr'>λύμην</span> <span class='ocrx_word' id='word_1_202' title='bbox 730 2938 835 2990; x_wconf 89' lang='grc' dir='ltr'><strong>τῶν</strong></span> <span class='ocrx_word' id='word_1_203' title='bbox 871 2937 1124 3009; x_wconf 77' lang='grc' dir='ltr'>ὁρώντων</span> <span class='ocrx_word' id='word_1_204' title='bbox 1157 2941 1215 2993; x_wconf 84' lang='grc' dir='ltr'>ὲν</span> <span class='ocrx_word' id='word_1_205' title='bbox 1263 2943 1530 3006; x_wconf 78' lang='grc' dir='ltr'>ἐπινοίαις</span> <span class='ocrx_word' id='word_1_206' title='bbox 1569 2945 1781 3024; x_wconf 59' lang='grc' dir='ltr'>ἐμπλο-</span> 
     </span>
    </p>
   </div>
   <div class='ocr_carea' id='block_1_32' title="bbox 277 3030 1779 3102">
    <p class='ocr_par' dir='ltr' id='par_1_32' title="bbox 277 3030 1779 3102">
     <span class='ocr_line' id='line_1_32' title="bbox 277 3030 1779 3102; baseline 0.008 -23"><span class='ocrx_word' id='word_1_207' title='bbox 277 3050 292 3078; x_wconf 90' lang='grc' dir='ltr'><strong>ι</strong></span> <span class='ocrx_word' id='word_1_208' title='bbox 346 3032 446 3099; x_wconf 84' lang='grc' dir='ltr'>κῆς</span> <span class='ocrx_word' id='word_1_209' title='bbox 487 3030 862 3096; x_wconf 78' lang='grc' dir='ltr'>εὐθετίζοντας</span> <span class='ocrx_word' id='word_1_210' title='bbox 917 3035 1011 3086; x_wconf 76' lang='grc' dir='ltr'><strong>καὶ</strong></span> <span class='ocrx_word' id='word_1_211' title='bbox 1051 3033 1531 3102; x_wconf 77' lang='grc' dir='ltr'>διασκευάζοντας,</span> <span class='ocrx_word' id='word_1_212' title='bbox 1567 3037 1660 3090; x_wconf 79' lang='grc' dir='ltr'><strong>καὶ</strong></span> <span class='ocrx_word' id='word_1_213' title='bbox 1689 3040 1779 3091; x_wconf 78' lang='grc' dir='ltr'><strong>δέ-</strong></span> 
     </span>
    </p>
   </div>
   <div class='ocr_carea' id='block_1_33' title="bbox 279 3122 1778 3199">
    <p class='ocr_par' dir='ltr' id='par_1_33' title="bbox 279 3122 1778 3199">
     <span class='ocr_line' id='line_1_33' title="bbox 279 3122 1778 3199; baseline 0.008 -29"><span class='ocrx_word' id='word_1_214' title='bbox 279 3141 295 3170; x_wconf 88' lang='grc' dir='ltr'><strong>ι</strong></span> <span class='ocrx_word' id='word_1_215' title='bbox 346 3122 477 3190; x_wconf 85' lang='grc' dir='ltr'>λεαρ</span> <span class='ocrx_word' id='word_1_216' title='bbox 532 3123 888 3193; x_wconf 80' lang='grc' dir='ltr'>προτιθέντας</span> <span class='ocrx_word' id='word_1_217' title='bbox 946 3124 1200 3177; x_wconf 80' lang='grc' dir='ltr'>ἐντεῦθεν</span> <span class='ocrx_word' id='word_1_218' title='bbox 1257 3129 1375 3190; x_wconf 89' lang='grc' dir='ltr'>ταῖς</span> <span class='ocrx_word' id='word_1_219' title='bbox 1424 3128 1778 3199; x_wconf 86' lang='grc' dir='ltr'>ἀστηρίκτοις</span> 
     </span>
    </p>
   </div>
   <div class='ocr_carea' id='block_1_34' title="bbox 279 3214 1779 3296">
    <p class='ocr_par' dir='ltr' id='par_1_34' title="bbox 279 3214 1779 3296">
     <span class='ocr_line' id='line_1_34' title="bbox 279 3214 1779 3296; baseline 0.009 -34"><span class='ocrx_word' id='word_1_220' title='bbox 279 3234 295 3262; x_wconf 82' lang='grc' dir='ltr'><strong>ι</strong></span> <span class='ocrx_word' id='word_1_221' title='bbox 342 3214 565 3283; x_wconf 79' lang='grc' dir='ltr'>ψυχαῖς,</span> <span class='ocrx_word' id='word_1_222' title='bbox 625 3216 887 3286; x_wconf 77' lang='grc' dir='ltr'>ἐπιτιμίῳ</span> <span class='ocrx_word' id='word_1_223' title='bbox 923 3218 1224 3289; x_wconf 77' lang='grc' dir='ltr'>προσφὸρῳ</span> <span class='ocrx_word' id='word_1_224' title='bbox 1274 3221 1556 3291; x_wconf 81' lang='grc' dir='ltr'>πατρικῶς</span> <span class='ocrx_word' id='word_1_225' title='bbox 1614 3223 1779 3296; x_wconf 81' lang='grc' dir='ltr'>θερα-</span> 
     </span>
    </p>
   </div>
   <div class='ocr_carea' id='block_1_35' title="bbox 278 3309 1782 3387">
    <p class='ocr_par' dir='ltr' id='par_1_35' title="bbox 278 3309 1782 3387">
     <span class='ocr_line' id='line_1_35' title="bbox 278 3309 1782 3387; baseline 0.007 -28"><span class='ocrx_word' id='word_1_226' title='bbox 278 3327 296 3358; x_wconf 79' lang='grc' dir='ltr'><strong>ι</strong></span> <span class='ocrx_word' id='word_1_227' title='bbox 350 3309 610 3376; x_wconf 82' lang='grc' dir='ltr'>πεύομεν,</span> <span class='ocrx_word' id='word_1_228' title='bbox 653 3310 1129 3378; x_wconf 84' lang='grc' dir='ltr'>παιδαγωγοῦντες</span> <span class='ocrx_word' id='word_1_229' title='bbox 1177 3312 1375 3376; x_wconf 82' lang='grc' dir='ltr'>αὐτοὺς</span> <span class='ocrx_word' id='word_1_230' title='bbox 1431 3317 1522 3366; x_wconf 73' lang='grc' dir='ltr'>καὶ</span> <span class='ocrx_word' id='word_1_231' title='bbox 1569 3318 1782 3387; x_wconf 59' lang='grc' dir='ltr'>σωφρό-</span> 
     </span>
    </p>
   </div>
   <div class='ocr_carea' id='block_1_36' title="bbox 351 3401 1784 3476">
    <p class='ocr_par' dir='ltr' id='par_1_36' title="bbox 351 3401 1784 3476">
     <span class='ocr_line' id='line_1_36' title="bbox 351 3401 1784 3476; baseline 0.004 -22"><span class='ocrx_word' id='word_1_232' title='bbox 351 3419 456 3464; x_wconf 89' lang='grc' dir='ltr'><strong>νως</strong></span> <span class='ocrx_word' id='word_1_233' title='bbox 507 3401 656 3470; x_wconf 85' lang='grc' dir='ltr'>βιοῦν</span> <span class='ocrx_word' id='word_1_234' title='bbox 718 3403 1148 3467; x_wconf 67' lang='grc' dir='ltr'>ἐκδιδάσκοντες,</span> <span class='ocrx_word' id='word_1_235' title='bbox 1207 3406 1342 3475; x_wconf 80' lang='grc' dir='ltr'>πρὸς</span> <span class='ocrx_word' id='word_1_236' title='bbox 1398 3410 1478 3470; x_wconf 82' lang='grc' dir='ltr'><strong>τὸ,</strong></span> <span class='ocrx_word' id='word_1_237' title='bbox 1546 3409 1784 3476; x_wconf 72' lang='grc' dir='ltr'>ἀφέντας</span> 
     </span>
    </p>
   </div>
   <div class='ocr_carea' id='block_1_37' title="bbox 355 3495 1786 3572">
    <p class='ocr_par' dir='ltr' id='par_1_37' title="bbox 355 3495 1786 3572">
     <span class='ocr_line' id='line_1_37' title="bbox 355 3495 1786 3572; baseline 0.006 -25"><span class='ocrx_word' id='word_1_238' title='bbox 355 3497 454 3565; x_wconf 79' lang='grc' dir='ltr'>τὴν</span> <span class='ocrx_word' id='word_1_239' title='bbox 487 3497 550 3547; x_wconf 83' lang='grc' dir='ltr'>ἐκ</span> <span class='ocrx_word' id='word_1_240' title='bbox 584 3495 684 3565; x_wconf 85' lang='grc' dir='ltr'>τῆς</span> <span class='ocrx_word' id='word_1_241' title='bbox 712 3496 842 3564; x_wconf 72' lang='grc' dir='ltr'>ὕλης</span> <span class='ocrx_word' id='word_1_242' title='bbox 877 3497 1093 3567; x_wconf 78' lang='grc' dir='ltr'>ἀπάτην</span> <span class='ocrx_word' id='word_1_243' title='bbox 1124 3501 1214 3551; x_wconf 77' lang='grc' dir='ltr'><strong>καὶ</strong></span> <span class='ocrx_word' id='word_1_244' title='bbox 1258 3501 1616 3570; x_wconf 87' lang='grc' dir='ltr'>ματαιότητα,</span> <span class='ocrx_word' id='word_1_245' title='bbox 1649 3503 1786 3572; x_wconf 73' lang='grc' dir='ltr'>πρὸς</span> 
     </span>
    </p>
   </div>
   <div class='ocr_carea' id='block_1_38' title="bbox 352 3587 1779 3661">
    <p class='ocr_par' dir='ltr' id='par_1_38' title="bbox 352 3587 1779 3661">
     <span class='ocr_line' id='line_1_38' title="bbox 352 3587 1779 3661; baseline 0.004 -21"><span class='ocrx_word' id='word_1_246' title='bbox 352 3591 451 3658; x_wconf 83' lang='grc' dir='ltr'><strong>τὴν</strong></span> <span class='ocrx_word' id='word_1_247' title='bbox 480 3587 786 3657; x_wconf 82' lang='grc' dir='ltr'>ἀνώλεθρον</span> <span class='ocrx_word' id='word_1_248' title='bbox 824 3593 916 3641; x_wconf 68' lang='grc' dir='ltr'><strong>καὶ</strong></span> <span class='ocrx_word' id='word_1_249' title='bbox 983 3591 1263 3661; x_wconf 83' lang='grc' dir='ltr'>μακαρίαν</span> <span class='ocrx_word' id='word_1_250' title='bbox 1314 3592 1459 3661; x_wconf 78' lang='grc' dir='ltr'>ζωὴν</span> <span class='ocrx_word' id='word_1_251' title='bbox 1508 3595 1598 3645; x_wconf 83' lang='grc' dir='ltr'><strong>τὸν</strong></span> <span class='ocrx_word' id='word_1_252' title='bbox 1656 3595 1779 3646; x_wconf 73' lang='grc' dir='ltr'>νοῦν</span> 
     </span>
    </p>
   </div>
   <div class='ocr_carea' id='block_1_39' title="bbox 282 3683 1782 3758">
    <p class='ocr_par' dir='ltr' id='par_1_39' title="bbox 282 3683 1782 3758">
     <span class='ocr_line' id='line_1_39' title="bbox 282 3683 1782 3758; baseline 0.005 -26"><span class='ocrx_word' id='word_1_253' title='bbox 282 3704 298 3732; x_wconf 85' lang='grc' dir='ltr'><strong>ι</strong></span> <span class='ocrx_word' id='word_1_254' title='bbox 353 3683 614 3751; x_wconf 79' lang='grc' dir='ltr'>μετάγειν</span> <span class='ocrx_word' id='word_1_255' title='bbox 648 3683 934 3752; x_wconf 79' lang='grc' dir='ltr'>διηνεκῶς,</span> <span class='ocrx_word' id='word_1_256' title='bbox 976 3685 1068 3736; x_wconf 72' lang='grc' dir='ltr'><strong>καὶ</strong></span> <span class='ocrx_word' id='word_1_257' title='bbox 1109 3687 1166 3736; x_wconf 83' lang='grc' dir='ltr'><strong>ἐν</strong></span> <span class='ocrx_word' id='word_1_258' title='bbox 1221 3685 1369 3756; x_wconf 81' lang='grc' dir='ltr'><strong>φόὸῳ</strong></span> <span class='ocrx_word' id='word_1_259' title='bbox 1422 3686 1596 3758; x_wconf 83' lang='grc' dir='ltr'>ἁγνὴν</span> <span class='ocrx_word' id='word_1_260' title='bbox 1635 3688 1782 3757; x_wconf 81' lang='grc' dir='ltr'>ἔχειν</span> 
     </span>
    </p>
   </div>
   <div class='ocr_carea' id='block_1_40' title="bbox 289 3777 1788 3850">
    <p class='ocr_par' dir='ltr' id='par_1_40' title="bbox 289 3777 1788 3850">
     <span class='ocr_line' id='line_1_40' title="bbox 289 3777 1788 3850; baseline 0.007 -26"><span class='ocrx_word' id='word_1_261' title='bbox 289 3798 305 3824; x_wconf 79' lang='grc' dir='ltr'><strong>ι</strong></span> <span class='ocrx_word' id='word_1_262' title='bbox 357 3777 728 3845; x_wconf 77' lang='grc' dir='ltr'>αναστροφὴν,</span> <span class='ocrx_word' id='word_1_263' title='bbox 762 3777 854 3828; x_wconf 75' lang='grc' dir='ltr'><strong>καὶ</strong></span> <span class='ocrx_word' id='word_1_264' title='bbox 889 3777 1007 3847; x_wconf 89' lang='grc' dir='ltr'>Θεῴ</span> <span class='ocrx_word' id='word_1_265' title='bbox 1058 3779 1383 3847; x_wconf 77' lang='grc' dir='ltr'>πλησιάζειν</span> <span class='ocrx_word' id='word_1_266' title='bbox 1416 3781 1556 3832; x_wconf 87' lang='grc' dir='ltr'><strong>κατὰ</strong></span> <span class='ocrx_word' id='word_1_267' title='bbox 1585 3782 1644 3833; x_wconf 81' lang='grc' dir='ltr'><strong>τὸ</strong></span> <span class='ocrx_word' id='word_1_268' title='bbox 1671 3784 1788 3850; x_wconf 76' lang='grc' dir='ltr'>ἐφι-</span> 
     </span>
    </p>
   </div>
   <div class='ocr_carea' id='block_1_41' title="bbox 291 3869 1786 3941">
    <p class='ocr_par' dir='ltr' id='par_1_41' title="bbox 291 3869 1786 3941">
     <span class='ocr_line' id='line_1_41' title="bbox 291 3869 1786 3941; baseline 0.004 -22"><span class='ocrx_word' id='word_1_269' title='bbox 291 3895 306 3919; x_wconf 73' lang='grc' dir='ltr'><strong>ι</strong></span> <span class='ocrx_word' id='word_1_270' title='bbox 361 3869 487 3922; x_wconf 83' lang='grc' dir='ltr'>κτὸν</span> <span class='ocrx_word' id='word_1_271' title='bbox 513 3869 600 3923; x_wconf 77' lang='grc' dir='ltr'><strong>διά</strong></span> <span class='ocrx_word' id='word_1_272' title='bbox 629 3872 729 3940; x_wconf 78' lang='grc' dir='ltr'>τῆς</span> <span class='ocrx_word' id='word_1_273' title='bbox 763 3873 818 3923; x_wconf 82' lang='grc' dir='ltr'>ὲν</span> <span class='ocrx_word' id='word_1_274' title='bbox 847 3870 946 3940; x_wconf 84' lang='grc' dir='ltr'>βίῳ</span> <span class='ocrx_word' id='word_1_275' title='bbox 981 3870 1328 3941; x_wconf 81' lang='grc' dir='ltr'>καθάρσεως,</span> <span class='ocrx_word' id='word_1_276' title='bbox 1360 3873 1454 3925; x_wconf 73' lang='grc' dir='ltr'>καὶ</span> <span class='ocrx_word' id='word_1_277' title='bbox 1486 3874 1576 3925; x_wconf 71' lang='grc' dir='ltr'>τὸν</span> <span class='ocrx_word' id='word_1_278' title='bbox 1638 3875 1786 3926; x_wconf 76' lang='grc' dir='ltr'>ἔνδον</span> 
     </span>
    </p>
   </div>
   <div class='ocr_carea' id='block_1_42' title="bbox 286 3942 1787 4038">
    <p class='ocr_par' dir='ltr' id='par_1_42' title="bbox 286 3942 1787 4038">
     <span class='ocr_line' id='line_1_42' title="bbox 286 3942 1787 4038; baseline 0.005 -24"><span class='ocrx_word' id='word_1_279' title='bbox 286 3983 303 4013; x_wconf 84' lang='grc' dir='ltr'><strong>ι</strong></span> <span class='ocrx_word' id='word_1_280' title='bbox 351 3963 381 4034; x_wconf 81' lang='grc' dir='ltr'>ἢ</span> <span class='ocrx_word' id='word_1_281' title='bbox 419 3964 508 4016; x_wconf 77' lang='grc' dir='ltr'>τὸν</span> <span class='ocrx_word' id='word_1_282' title='bbox 558 3963 665 4026; x_wconf 78' lang='grc' dir='ltr'><strong>ἔξω</strong></span> <span class='ocrx_word' id='word_1_283' title='bbox 723 3942 1010 4034; x_wconf 70' lang='grc' dir='ltr'>άνθρωπον</span> <span class='ocrx_word' id='word_1_284' title='bbox 1049 3965 1251 4032; x_wconf 80' lang='grc' dir='ltr'>μᾶλλον</span> <span class='ocrx_word' id='word_1_285' title='bbox 1281 3970 1507 4034; x_wconf 86' lang='grc' dir='ltr'>κοσμεῖν</span> <span class='ocrx_word' id='word_1_286' title='bbox 1565 3969 1787 4038; x_wconf 87' lang='grc' dir='ltr'>ἀρεταῖς</span> 
     </span>
    </p>
   </div>
   <div class='ocr_carea' id='block_1_43' title="bbox 287 4056 1789 4129">
    <p class='ocr_par' dir='ltr' id='par_1_43' title="bbox 287 4056 1789 4129">
     <span class='ocr_line' id='line_1_43' title="bbox 287 4056 1789 4129; baseline 0.004 -23"><span class='ocrx_word' id='word_1_287' title='bbox 287 4078 303 4106; x_wconf 78' lang='grc' dir='ltr'><strong>ι</strong></span> <span class='ocrx_word' id='word_1_288' title='bbox 357 4056 450 4107; x_wconf 83' lang='grc' dir='ltr'>καὶ</span> <span class='ocrx_word' id='word_1_289' title='bbox 482 4058 739 4126; x_wconf 81' lang='grc' dir='ltr'>χρηστοῖς</span> <span class='ocrx_word' id='word_1_290' title='bbox 773 4058 868 4108; x_wconf 74' lang='grc' dir='ltr'><strong>καὶ</strong></span> <span class='ocrx_word' id='word_1_291' title='bbox 899 4056 1152 4127; x_wconf 84' lang='grc' dir='ltr'>ὰμὼμοις</span> <span class='ocrx_word' id='word_1_292' title='bbox 1205 4061 1319 4122; x_wconf 88' lang='grc' dir='ltr'>τοῖς</span> <span class='ocrx_word' id='word_1_293' title='bbox 1373 4059 1560 4129; x_wconf 72' lang='grc' dir='ltr'>ἤθεσιν</span> <span class='ocrx_word' id='word_1_294' title='bbox 1587 4076 1600 4089; x_wconf 80' lang='grc'><strong><em>⁸</em></strong></span> <span class='ocrx_word' id='word_1_295' title='bbox 1647 4061 1789 4113; x_wconf 80' lang='grc' dir='ltr'>ὥστε</span> 
     </span>
    </p>
   </div>
   <div class='ocr_carea' id='block_1_44' title="bbox 288 4140 1790 4222">
    <p class='ocr_par' dir='ltr' id='par_1_44' title="bbox 288 4140 1790 4222">
     <span class='ocr_line' id='line_1_44' title="bbox 288 4140 1790 4222; baseline 0.004 -21"><span class='ocrx_word' id='word_1_296' title='bbox 288 4171 303 4200; x_wconf 89' lang='grc' dir='ltr'><strong>ι</strong></span> <span class='ocrx_word' id='word_1_297' title='bbox 361 4150 528 4220; x_wconf 83' lang='grc' dir='ltr'>μηδὲν</span> <span class='ocrx_word' id='word_1_298' title='bbox 559 4151 813 4218; x_wconf 73' lang='grc' dir='ltr'>λείψανον</span> <span class='ocrx_word' id='word_1_299' title='bbox 845 4157 1032 4218; x_wconf 81' lang='grc' dir='ltr'>φερειν</span> <span class='ocrx_word' id='word_1_300' title='bbox 1073 4154 1130 4204; x_wconf 75' lang='grc' dir='ltr'>ὲν</span> <span class='ocrx_word' id='word_1_301' title='bbox 1155 4140 1368 4214; x_wconf 72' lang='grc' dir='ltr'>ἑαυτοῖς</span> <span class='ocrx_word' id='word_1_302' title='bbox 1391 4156 1490 4222; x_wconf 81' lang='grc' dir='ltr'>τῆς</span> <span class='ocrx_word' id='word_1_303' title='bbox 1518 4155 1613 4206; x_wconf 84' lang='grc' dir='ltr'><strong>τοῦ</strong></span> <span class='ocrx_word' id='word_1_304' title='bbox 1643 4158 1790 4208; x_wconf 78' lang='grc' dir='ltr'>ἐναν-</span> 
     </span>
    </p>
   </div>
   <div class='ocr_carea' id='block_1_45' title="bbox 291 4245 1792 4319">
    <p class='ocr_par' dir='ltr' id='par_1_45' title="bbox 291 4245 1792 4319">
     <span class='ocr_line' id='line_1_45' title="bbox 291 4245 1792 4319; baseline 0.004 -23"><span class='ocrx_word' id='word_1_305' title='bbox 291 4267 311 4296; x_wconf 77' lang='grc' dir='ltr'><strong>ι</strong></span> <span class='ocrx_word' id='word_1_306' title='bbox 361 4246 477 4296; x_wconf 87' lang='grc' dir='ltr'>τίου</span> <span class='ocrx_word' id='word_1_307' title='bbox 517 4247 860 4314; x_wconf 71' lang='grc' dir='ltr'>σκαιότητος.</span> <span class='ocrx_word' id='word_1_308' title='bbox 899 4245 1042 4297; x_wconf 84' lang='grc' dir='ltr'><strong>Εἰδὲ</strong></span> <span class='ocrx_word' id='word_1_309' title='bbox 1077 4262 1161 4307; x_wconf 87' lang='grc' dir='ltr'><strong>τις</strong></span> <span class='ocrx_word' id='word_1_310' title='bbox 1194 4247 1346 4316; x_wconf 74' lang='grc' dir='ltr'>παρὰ</span> <span class='ocrx_word' id='word_1_311' title='bbox 1404 4246 1509 4306; x_wconf 73' lang='grc' dir='ltr'>τὸνι</span> <span class='ocrx_word' id='word_1_312' title='bbox 1552 4250 1792 4319; x_wconf 83' lang='grc' dir='ltr'>παρόντα</span> 
     </span>
    </p>
   </div>
   <div class='ocr_carea' id='block_1_46' title="bbox 289 4336 1323 4407">
    <p class='ocr_par' dir='ltr' id='par_1_46' title="bbox 289 4336 1323 4407">
     <span class='ocr_line' id='line_1_46' title="bbox 289 4336 1323 4407; baseline -0.002 -17"><span class='ocrx_word' id='word_1_313' title='bbox 289 4359 308 4390; x_wconf 80' lang='grc' dir='ltr'><strong>ι</strong></span> <span class='ocrx_word' id='word_1_314' title='bbox 363 4337 562 4390; x_wconf 88' lang='grc' dir='ltr'>κανόνα</span> <span class='ocrx_word' id='word_1_315' title='bbox 593 4336 857 4403; x_wconf 83' lang='grc' dir='ltr'>διάγοιτο,</span> <span class='ocrx_word' id='word_1_316' title='bbox 890 4337 1259 4407; x_wconf 74' lang='grc' dir='ltr'>ἀφοριζέσθω.</span> <span class='ocrx_word' id='word_1_317' title='bbox 1305 4356 1323 4388; x_wconf 79' lang='grc' dir='ltr'><strong>ι</strong></span> 
     </span>
    </p>
   </div>
   <div class='ocr_carea' id='block_1_47' title="bbox 283 4428 1787 4502">
    <p class='ocr_par' dir='ltr' id='par_1_47' title="bbox 283 4428 1787 4502">
     <span class='ocr_line' id='line_1_47' title="bbox 283 4428 1787 4502; baseline -0.005 -19"><span class='ocrx_word' id='word_1_318' title='bbox 283 4431 482 4484; x_wconf 82' lang='grc' dir='ltr'><strong>ΒΑΛΣ.</strong></span> <span class='ocrx_word' id='word_1_319' title='bbox 529 4430 622 4482; x_wconf 78' lang='grc' dir='ltr'>Ἐκ</span> <span class='ocrx_word' id='word_1_320' title='bbox 651 4430 746 4500; x_wconf 76' lang='grc' dir='ltr'>τῆς</span> <span class='ocrx_word' id='word_1_321' title='bbox 778 4429 912 4498; x_wconf 86' lang='grc' dir='ltr'>πρὸς</span> <span class='ocrx_word' id='word_1_322' title='bbox 936 4428 1183 4491; x_wconf 75' lang='grc' dir='ltr'>Γαλάτας</span> <span class='ocrx_word' id='word_1_323' title='bbox 1222 4430 1541 4501; x_wconf 81' lang='grc' dir='ltr'>Ἐπιστολῆς</span> <span class='ocrx_word' id='word_1_324' title='bbox 1571 4432 1663 4486; x_wconf 85' lang='grc' dir='ltr'><strong>τοῦ</strong></span> <span class='ocrx_word' id='word_1_325' title='bbox 1693 4451 1787 4502; x_wconf 79' lang='grc' dir='ltr'>με.</span> 
     </span>
    </p>
   </div>
   <div class='ocr_carea' id='block_1_48' title="bbox 207 4520 1790 4595">
    <p class='ocr_par' dir='ltr' id='par_1_48' title="bbox 207 4520 1790 4595">
     <span class='ocr_line' id='line_1_48' title="bbox 207 4520 1790 4595; baseline 0.001 -19"><span class='ocrx_word' id='word_1_326' title='bbox 207 4523 648 4594; x_wconf 76' lang='grc' dir='ltr'>γάλου-Ιῐαύλου</span> <span class='ocrx_word' id='word_1_327' title='bbox 690 4522 1189 4592; x_wconf 86' lang='grc' dir='ltr'>προοιμιασάμενοι</span> <span class='ocrx_word' id='word_1_328' title='bbox 1236 4523 1287 4573; x_wconf 75' lang='lat' dir='ltr'><strong>oi</strong></span> <span class='ocrx_word' id='word_1_329' title='bbox 1322 4520 1469 4590; x_wconf 84' lang='grc' dir='ltr'>ἆγιοι</span> <span class='ocrx_word' id='word_1_330' title='bbox 1528 4525 1790 4595; x_wconf 84' lang='grc' dir='ltr'>Πατὲρες,</span> 
     </span>
    </p>
   </div>
   <div class='ocr_carea' id='block_1_49' title="bbox 1876 604 3441 670">
    <p class='ocr_par' dir='ltr' id='par_1_49' title="bbox 1876 604 3441 670">
     <span class='ocr_line' id='line_1_49' title="bbox 1876 604 3441 670; baseline 0.007 -13"><span class='ocrx_word' id='word_1_331' title='bbox 1876 605 2124 658; x_wconf 76' lang='lat' dir='ltr'><strong>thodoxzc</strong></span> <span class='ocrx_word' id='word_1_332' title='bbox 2157 604 2279 657; x_wconf 77' lang='lat' dir='ltr'><strong>fidei</strong></span> <span class='ocrx_word' id='word_1_333' title='bbox 2326 604 2669 669; x_wconf 86' lang='lat' dir='ltr'><strong>acccdentcs,</strong></span> <span class='ocrx_word' id='word_1_334' title='bbox 2722 609 2882 663; x_wconf 86' lang='lat' dir='ltr'><strong>etiam</strong></span> <span class='ocrx_word' id='word_1_335' title='bbox 2942 621 2997 663; x_wconf 90' lang='lat' dir='ltr'><strong>ut</strong></span> <span class='ocrx_word' id='word_1_336' title='bbox 3053 612 3273 668; x_wconf 72' lang='lat' dir='ltr'><strong>Grazcos</strong></span> <span class='ocrx_word' id='word_1_337' title='bbox 3307 616 3441 670; x_wconf 82' lang='lat' dir='ltr'><strong>reci-</strong></span> 
     </span>
    </p>
   </div>
   <div class='ocr_carea' id='block_1_50' title="bbox 1875 698 3445 770">
    <p class='ocr_par' dir='ltr' id='par_1_50' title="bbox 1875 698 3445 770">
     <span class='ocr_line' id='line_1_50' title="bbox 1875 698 3445 770; baseline 0.008 -20"><span class='ocrx_word' id='word_1_338' title='bbox 1875 698 2084 767; x_wconf 70' lang='lat' dir='ltr'><strong>picntvs</strong></span> <span class='ocrx_word' id='word_1_339' title='bbox 2117 709 2169 751; x_wconf 90' lang='lat' dir='ltr'><strong>et</strong></span> <span class='ocrx_word' id='word_1_340' title='bbox 2199 698 2556 766; x_wconf 88' lang='lat' dir='ltr'><strong>baptizantes,</strong></span> <span class='ocrx_word' id='word_1_341' title='bbox 2587 703 2765 770; x_wconf 92' lang='lat' dir='ltr'><strong>primo</strong></span> <span class='ocrx_word' id='word_1_342' title='bbox 2793 705 2880 758; x_wconf 88' lang='lat' dir='ltr'><strong>die</strong></span> <span class='ocrx_word' id='word_1_343' title='bbox 2908 721 3098 761; x_wconf 77' lang='lat' dir='ltr'><strong>oumcs</strong></span> <span class='ocrx_word' id='word_1_344' title='bbox 3129 721 3256 762; x_wconf 84' lang='lat' dir='ltr'><strong>suas</strong></span> <span class='ocrx_word' id='word_1_345' title='bbox 3282 709 3445 763; x_wconf 73' lang='lat' dir='ltr'><strong>luere-</strong></span> 
     </span>
    </p>
   </div>
   <div class='ocr_carea' id='block_1_51' title="bbox 1874 793 3446 871">
    <p class='ocr_par' dir='ltr' id='par_1_51' title="bbox 1874 793 3446 871">
     <span class='ocr_line' id='line_1_51' title="bbox 1874 793 3446 871; baseline 0.006 -26"><span class='ocrx_word' id='word_1_346' title='bbox 1874 807 1962 846; x_wconf 88' lang='lat' dir='ltr'><strong>ses</strong></span> <span class='ocrx_word' id='word_1_347' title='bbox 1993 793 2329 860; x_wconf 83' lang='lat' dir='ltr'><strong>reposcimus</strong></span> <span class='ocrx_word' id='word_1_348' title='bbox 2357 794 2650 858; x_wconf 80' lang='lat' dir='ltr'><strong>exsecrari,</strong></span> <span class='ocrx_word' id='word_1_349' title='bbox 2676 810 2879 866; x_wconf 86' lang='lat' dir='ltr'><strong>eosque</strong></span> <span class='ocrx_word' id='word_1_350' title='bbox 2903 797 3151 863; x_wconf 84' lang='lat' dir='ltr'><strong>facimus,</strong></span> <span class='ocrx_word' id='word_1_351' title='bbox 3184 811 3446 871; x_wconf 89' lang='lat' dir='ltr'><strong>quantum</strong></span> 
     </span>
    </p>
   </div>
   <div class='ocr_carea' id='block_1_52' title="bbox 1875 883 3446 950">
    <p class='ocr_par' dir='ltr' id='par_1_52' title="bbox 1875 883 3446 950">
     <span class='ocr_line' id='line_1_52' title="bbox 1875 883 3446 950; baseline 0.008 -15"><span class='ocrx_word' id='word_1_352' title='bbox 1875 883 1939 936; x_wconf 89' lang='lat' dir='ltr'><strong>ad</strong></span> <span class='ocrx_word' id='word_1_353' title='bbox 1964 884 2088 944; x_wconf 90' lang='lat' dir='ltr'><strong>hoc,</strong></span> <span class='ocrx_word' id='word_1_354' title='bbox 2112 883 2490 950; x_wconf 76' lang='lat' dir='ltr'><strong>Christianos;</strong></span> <span class='ocrx_word' id='word_1_355' title='bbox 2526 888 2764 942; x_wconf 89' lang='lat' dir='ltr'><strong>secundo</strong></span> <span class='ocrx_word' id='word_1_356' title='bbox 2789 902 2970 944; x_wconf 89' lang='lat' dir='ltr'><strong>autem</strong></span> <span class='ocrx_word' id='word_1_357' title='bbox 3001 892 3087 946; x_wconf 83' lang='lat' dir='ltr'><strong>die</strong></span> <span class='ocrx_word' id='word_1_358' title='bbox 3105 907 3198 949; x_wconf 87' lang='lat' dir='ltr'><strong>eos</strong></span> <span class='ocrx_word' id='word_1_359' title='bbox 3221 895 3446 950; x_wconf 87' lang='lat' dir='ltr'><strong>verbum</strong></span> 
     </span>
    </p>
   </div>
   <div class='ocr_carea' id='block_1_53' title="bbox 1879 975 3446 1054">
    <p class='ocr_par' dir='ltr' id='par_1_53' title="bbox 1879 975 3446 1054">
     <span class='ocr_line' id='line_1_53' title="bbox 1879 975 3446 1054; baseline 0.01 -26"><span class='ocrx_word' id='word_1_360' title='bbox 1879 975 2120 1030; x_wconf 85' lang='lat' dir='ltr'><strong>veritatis</strong></span> <span class='ocrx_word' id='word_1_361' title='bbox 2151 976 2409 1030; x_wconf 83' lang='lat' dir='ltr'><strong>docemus</strong></span> <span class='ocrx_word' id='word_1_362' title='bbox 2437 987 2490 1030; x_wconf 92' lang='lat' dir='ltr'><strong>et</strong></span> <span class='ocrx_word' id='word_1_363' title='bbox 2515 977 2772 1050; x_wconf 83' lang='lat' dir='ltr'><strong>deinceps</strong></span> <span class='ocrx_word' id='word_1_364' title='bbox 2812 985 3024 1054; x_wconf 79' lang='lat' dir='ltr'><strong>reliqua</strong></span> <span class='ocrx_word' id='word_1_365' title='bbox 3077 989 3347 1044; x_wconf 89' lang='lat' dir='ltr'><strong>facimus:</strong></span> <span class='ocrx_word' id='word_1_366' title='bbox 3397 999 3446 1045; x_wconf 90' lang='lat' dir='ltr'><strong>et</strong></span> 
     </span>
    </p>
   </div>
   <div class='ocr_carea' id='block_1_54' title="bbox 1878 1071 3446 1148">
    <p class='ocr_par' dir='ltr' id='par_1_54' title="bbox 1878 1071 3446 1148">
     <span class='ocr_line' id='line_1_54' title="bbox 1878 1071 3446 1148; baseline 0.01 -26"><span class='ocrx_word' id='word_1_367' title='bbox 1878 1071 1978 1132; x_wconf 90' lang='lat' dir='ltr'><strong>sic,</strong></span> <span class='ocrx_word' id='word_1_368' title='bbox 2023 1086 2146 1122; x_wconf 91' lang='lat' dir='ltr'><strong>cum</strong></span> <span class='ocrx_word' id='word_1_369' title='bbox 2197 1073 2507 1142; x_wconf 84' lang='lat' dir='ltr'><strong>aliquandiu</strong></span> <span class='ocrx_word' id='word_1_370' title='bbox 2537 1074 2590 1128; x_wconf 92' lang='lat' dir='ltr'><strong>in</strong></span> <span class='ocrx_word' id='word_1_371' title='bbox 2624 1078 2852 1132; x_wconf 80' lang='lat' dir='ltr'><strong>ecclesia</strong></span> <span class='ocrx_word' id='word_1_372' title='bbox 2909 1095 3345 1148; x_wconf 87' lang='lat' dir='ltr'><strong>permanserunt,</strong></span> <span class='ocrx_word' id='word_1_373' title='bbox 3398 1096 3446 1140; x_wconf 86' lang='lat' dir='ltr'><strong>et</strong></span> 
     </span>
    </p>
   </div>
   <div class='ocr_carea' id='block_1_55' title="bbox 1878 1162 3451 1244">
    <p class='ocr_par' dir='ltr' id='par_1_55' title="bbox 1878 1162 3451 1244">
     <span class='ocr_line' id='line_1_55' title="bbox 1878 1162 3451 1244; baseline 0.011 -28"><span class='ocrx_word' id='word_1_374' title='bbox 1878 1162 2090 1218; x_wconf 85' lang='lat' dir='ltr'><strong>divinas</strong></span> <span class='ocrx_word' id='word_1_375' title='bbox 2120 1166 2412 1220; x_wconf 88' lang='lat' dir='ltr'><strong>audierunt</strong></span> <span class='ocrx_word' id='word_1_376' title='bbox 2443 1166 2779 1238; x_wconf 87' lang='lat' dir='ltr'><strong>Scripturas,</strong></span> <span class='ocrx_word' id='word_1_377' title='bbox 2831 1173 3016 1228; x_wconf 92' lang='lat' dir='ltr'><strong>divino</strong></span> <span class='ocrx_word' id='word_1_378' title='bbox 3055 1175 3328 1244; x_wconf 85' lang='lat' dir='ltr'><strong>baptismo</strong></span> <span class='ocrx_word' id='word_1_379' title='bbox 3358 1196 3451 1234; x_wconf 90' lang='lat' dir='ltr'><strong>eos</strong></span> 
     </span>
    </p>
   </div>
   <div class='ocr_carea' id='block_1_56' title="bbox 1878 1256 3450 1333">
    <p class='ocr_par' dir='ltr' id='par_1_56' title="bbox 1878 1256 3450 1333">
     <span class='ocr_line' id='line_1_56' title="bbox 1878 1256 3450 1333; baseline 0.011 -25"><span class='ocrx_word' id='word_1_380' title='bbox 1878 1256 2186 1324; x_wconf 75' lang='lat' dir='ltr'><strong>dignamur.</strong></span> <span class='ocrx_word' id='word_1_381' title='bbox 2247 1258 2609 1316; x_wconf 84' lang='lat' dir='ltr'><strong>Paulianistas</strong></span> <span class='ocrx_word' id='word_1_382' title='bbox 2650 1265 3069 1333; x_wconf 82' lang='lat' dir='ltr'><strong>rebaptizamus.</strong></span> <span class='ocrx_word' id='word_1_383' title='bbox 3156 1269 3450 1326; x_wconf 87' lang='lat' dir='ltr'><strong>Eunomia-</strong></span> 
     </span>
    </p>
   </div>
   <div class='ocr_carea' id='block_1_57' title="bbox 1879 1349 3449 1422">
    <p class='ocr_par' dir='ltr' id='par_1_57' title="bbox 1879 1349 3449 1422">
     <span class='ocr_line' id='line_1_57' title="bbox 1879 1349 3449 1422; baseline 0.014 -22"><span class='ocrx_word' id='word_1_384' title='bbox 1879 1365 1998 1413; x_wconf 91' lang='lat' dir='ltr'><strong>nos,</strong></span> <span class='ocrx_word' id='word_1_385' title='bbox 2048 1349 2430 1418; x_wconf 85' lang='lat' dir='ltr'><strong>Montanistas,</strong></span> <span class='ocrx_word' id='word_1_386' title='bbox 2485 1353 2845 1419; x_wconf 83' lang='lat' dir='ltr'><strong>Sabellianos,</strong></span> <span class='ocrx_word' id='word_1_387' title='bbox 2874 1369 2927 1414; x_wconf 92' lang='lat' dir='ltr'><strong>et</strong></span> <span class='ocrx_word' id='word_1_388' title='bbox 2970 1376 3156 1419; x_wconf 90' lang='lat' dir='ltr'><strong>omnes</strong></span> <span class='ocrx_word' id='word_1_389' title='bbox 3191 1381 3256 1419; x_wconf 83' lang='lat' dir='ltr'><strong>ex</strong></span> <span class='ocrx_word' id='word_1_390' title='bbox 3287 1367 3366 1422; x_wconf 86' lang='lat' dir='ltr'><strong>eis</strong></span> <span class='ocrx_word' id='word_1_391' title='bbox 3396 1379 3449 1422; x_wconf 93' lang='lat' dir='ltr'><strong>ut</strong></span> 
     </span>
    </p>
   </div>
   <div class='ocr_carea' id='block_1_58' title="bbox 1879 1443 3454 1521">
    <p class='ocr_par' dir='ltr' id='par_1_58' title="bbox 1879 1443 3454 1521">
     <span class='ocr_line' id='line_1_58' title="bbox 1879 1443 3454 1521; baseline 0.013 -25"><span class='ocrx_word' id='word_1_392' title='bbox 1879 1443 2095 1499; x_wconf 62' lang='lat' dir='ltr'><strong>Greecos</strong></span> <span class='ocrx_word' id='word_1_393' title='bbox 2149 1447 2494 1516; x_wconf 86' lang='lat' dir='ltr'><strong>recipimus:</strong></span> <span class='ocrx_word' id='word_1_394' title='bbox 2560 1459 2612 1504; x_wconf 90' lang='lat' dir='ltr'><strong>et</strong></span> <span class='ocrx_word' id='word_1_395' title='bbox 2676 1455 2852 1521; x_wconf 90' lang='lat' dir='ltr'><strong>primo</strong></span> <span class='ocrx_word' id='word_1_396' title='bbox 2911 1456 3000 1510; x_wconf 92' lang='lat' dir='ltr'><strong>die</strong></span> <span class='ocrx_word' id='word_1_397' title='bbox 3064 1473 3158 1514; x_wconf 89' lang='lat' dir='ltr'><strong>eos</strong></span> <span class='ocrx_word' id='word_1_398' title='bbox 3219 1460 3454 1518; x_wconf 78' lang='lat' dir='ltr'><strong>facimus</strong></span> 
     </span>
    </p>
   </div>
   <div class='ocr_carea' id='block_1_59' title="bbox 1878 1538 3454 1616">
    <p class='ocr_par' dir='ltr' id='par_1_59' title="bbox 1878 1538 3454 1616">
     <span class='ocr_line' id='line_1_59' title="bbox 1878 1538 3454 1616; baseline 0.013 -26"><span class='ocrx_word' id='word_1_399' title='bbox 1878 1538 2258 1604; x_wconf 81' lang='lat' dir='ltr'><strong>Christianos,</strong></span> <span class='ocrx_word' id='word_1_400' title='bbox 2319 1544 2559 1597; x_wconf 89' lang='lat' dir='ltr'><strong>secundo</strong></span> <span class='ocrx_word' id='word_1_401' title='bbox 2605 1549 3063 1616; x_wconf 84' lang='lat' dir='ltr'><strong>catechumenos,</strong></span> <span class='ocrx_word' id='word_1_402' title='bbox 3133 1554 3289 1610; x_wconf 87' lang='lat' dir='ltr'><strong>tertio</strong></span> <span class='ocrx_word' id='word_1_403' title='bbox 3353 1557 3454 1610; x_wconf 89' lang='lat' dir='ltr'><strong>ad-</strong></span> 
     </span>
    </p>
   </div>
   <div class='ocr_carea' id='block_1_60' title="bbox 1875 1631 3452 1713">
    <p class='ocr_par' dir='ltr' id='par_1_60' title="bbox 1875 1631 3452 1713">
     <span class='ocr_line' id='line_1_60' title="bbox 1875 1631 3452 1713; baseline 0.014 -32"><span class='ocrx_word' id='word_1_404' title='bbox 1875 1631 2146 1698; x_wconf 81' lang='lat' dir='ltr'><strong>juramus,</strong></span> <span class='ocrx_word' id='word_1_405' title='bbox 2201 1641 2281 1685; x_wconf 87' lang='lat' dir='ltr'><strong>ter</strong></span> <span class='ocrx_word' id='word_1_406' title='bbox 2326 1634 2375 1685; x_wconf 91' lang='lat' dir='ltr'><strong>in</strong></span> <span class='ocrx_word' id='word_1_407' title='bbox 2426 1635 2619 1688; x_wconf 81' lang='lat' dir='ltr'><strong>faciem</strong></span> <span class='ocrx_word' id='word_1_408' title='bbox 2669 1646 2720 1689; x_wconf 91' lang='lat' dir='ltr'><strong>et</strong></span> <span class='ocrx_word' id='word_1_409' title='bbox 2778 1655 2934 1696; x_wconf 86' lang='lat' dir='ltr'><strong>aures</strong></span> <span class='ocrx_word' id='word_1_410' title='bbox 2980 1644 3349 1713; x_wconf 87' lang='lat' dir='ltr'><strong>inspirantes;</strong></span> <span class='ocrx_word' id='word_1_411' title='bbox 3401 1661 3452 1702; x_wconf 87' lang='lat' dir='ltr'><strong>et</strong></span> 
     </span>
    </p>
   </div>
   <div class='ocr_carea' id='block_1_61' title="bbox 1879 1723 3456 1799">
    <p class='ocr_par' dir='ltr' id='par_1_61' title="bbox 1879 1723 3456 1799">
     <span class='ocr_line' id='line_1_61' title="bbox 1879 1723 3456 1799; baseline 0.012 -22"><span class='ocrx_word' id='word_1_412' title='bbox 1879 1723 1962 1777; x_wconf 85' lang='lat' dir='ltr'><strong>sic</strong></span> <span class='ocrx_word' id='word_1_413' title='bbox 2012 1740 2104 1778; x_wconf 89' lang='lat' dir='ltr'><strong>eos</strong></span> <span class='ocrx_word' id='word_1_414' title='bbox 2153 1725 2452 1791; x_wconf 90' lang='lat' dir='ltr'><strong>initiamus,</strong></span> <span class='ocrx_word' id='word_1_415' title='bbox 2510 1738 2561 1782; x_wconf 89' lang='lat' dir='ltr'><strong>et</strong></span> <span class='ocrx_word' id='word_1_416' title='bbox 2614 1734 2703 1786; x_wconf 89' lang='lat' dir='ltr'><strong>diu</strong></span> <span class='ocrx_word' id='word_1_417' title='bbox 2759 1734 2810 1787; x_wconf 93' lang='lat' dir='ltr'><strong>in</strong></span> <span class='ocrx_word' id='word_1_418' title='bbox 2863 1738 3093 1791; x_wconf 86' lang='lat' dir='ltr'><strong>ecclesia</strong></span> <span class='ocrx_word' id='word_1_419' title='bbox 3145 1742 3352 1795; x_wconf 83' lang='lat' dir='ltr'><strong>versari</strong></span> <span class='ocrx_word' id='word_1_420' title='bbox 3401 1754 3456 1799; x_wconf 91' lang='lat' dir='ltr'><strong>et</strong></span> 
     </span>
    </p>
   </div>
   <div class='ocr_carea' id='block_1_62' title="bbox 1880 1814 3453 1906">
    <p class='ocr_par' dir='ltr' id='par_1_62' title="bbox 1880 1814 3453 1906">
     <span class='ocr_line' id='line_1_62' title="bbox 1880 1814 3453 1906; baseline 0.015 -39"><span class='ocrx_word' id='word_1_421' title='bbox 1880 1814 2190 1885; x_wconf 88' lang='lat' dir='ltr'><strong>Scripturas</strong></span> <span class='ocrx_word' id='word_1_422' title='bbox 2260 1820 2452 1874; x_wconf 90' lang='lat' dir='ltr'><strong>audire</strong></span> <span class='ocrx_word' id='word_1_423' title='bbox 2508 1824 2768 1888; x_wconf 86' lang='lat' dir='ltr'><strong>facimus;</strong></span> <span class='ocrx_word' id='word_1_424' title='bbox 2831 1837 2884 1881; x_wconf 92' lang='lat' dir='ltr'><strong>et</strong></span> <span class='ocrx_word' id='word_1_425' title='bbox 2950 1840 3074 1885; x_wconf 88' lang='lat' dir='ltr'><strong>tunc</strong></span> <span class='ocrx_word' id='word_1_426' title='bbox 3130 1848 3222 1889; x_wconf 88' lang='lat' dir='ltr'><strong>eos</strong></span> <span class='ocrx_word' id='word_1_427' title='bbox 3280 1836 3453 1906; x_wconf 83' lang='lat' dir='ltr'><strong>bapti-</strong></span> 
     </span>
    </p>
   </div>
   <div class='ocr_carea' id='block_1_63' title="bbox 1883 1909 3454 1984">
    <p class='ocr_par' dir='ltr' id='par_1_63' title="bbox 1883 1909 3454 1984">
     <span class='ocr_line' id='line_1_63' title="bbox 1883 1909 3454 1984; baseline 0.014 -24"><span class='ocrx_word' id='word_1_428' title='bbox 1883 1923 2088 1962; x_wconf 85' lang='lat' dir='ltr'><strong>zamus.</strong></span> <span class='ocrx_word' id='word_1_429' title='bbox 2173 1911 2240 1962; x_wconf 85' lang='lat' dir='ltr'><strong>At</strong></span> <span class='ocrx_word' id='word_1_430' title='bbox 2283 1909 2608 1977; x_wconf 58' lang='lat' dir='ltr'><strong>Manichaeo&#39;s</strong></span> <span class='ocrx_word' id='word_1_431' title='bbox 2654 1927 2706 1971; x_wconf 92' lang='lat' dir='ltr'><strong>et</strong></span> <span class='ocrx_word' id='word_1_432' title='bbox 2754 1917 3165 1981; x_wconf 78' lang='lat' dir='ltr'><strong>Valentiniauo’s</strong></span> <span class='ocrx_word' id='word_1_433' title='bbox 3218 1938 3270 1982; x_wconf 87' lang='lat' dir='ltr'><strong>et</strong></span> <span class='ocrx_word' id='word_1_434' title='bbox 3318 1928 3454 1984; x_wconf 78' lang='lat' dir='ltr'><strong>Mar.</strong></span> 
     </span>
    </p>
   </div>
   <div class='ocr_carea' id='block_1_64' title="bbox 1881 2002 3451 2084">
    <p class='ocr_par' dir='ltr' id='par_1_64' title="bbox 1881 2002 3451 2084">
     <span class='ocr_line' id='line_1_64' title="bbox 1881 2002 3451 2084; baseline 0.015 -30"><span class='ocrx_word' id='word_1_435' title='bbox 1881 2002 2143 2056; x_wconf 84' lang='lat' dir='ltr'><strong>cionistas</strong></span> <span class='ocrx_word' id='word_1_436' title='bbox 2193 2011 2244 2058; x_wconf 91' lang='lat' dir='ltr'><strong>et</strong></span> <span class='ocrx_word' id='word_1_437' title='bbox 2297 2005 2619 2064; x_wconf 82' lang='lat' dir='ltr'><strong>Severianus</strong></span> <span class='ocrx_word' id='word_1_438' title='bbox 2666 2019 2718 2065; x_wconf 86' lang='lat' dir='ltr'><strong>et</strong></span> <span class='ocrx_word' id='word_1_439' title='bbox 2772 2013 2910 2068; x_wconf 89' lang='lat' dir='ltr'><strong>alios</strong></span> <span class='ocrx_word' id='word_1_440' title='bbox 2961 2017 3230 2084; x_wconf 92' lang='lat' dir='ltr'><strong>ejusmodi</strong></span> <span class='ocrx_word' id='word_1_441' title='bbox 3282 2021 3451 2081; x_wconf 66' lang='lat' dir='ltr'><strong>haere-</strong></span> 
     </span>
    </p>
   </div>
   <div class='ocr_carea' id='block_1_65' title="bbox 1883 2094 3452 2183">
    <p class='ocr_par' dir='ltr' id='par_1_65' title="bbox 1883 2094 3452 2183">
     <span class='ocr_line' id='line_1_65' title="bbox 1883 2094 3452 2183; baseline 0.018 -39"><span class='ocrx_word' id='word_1_442' title='bbox 1883 2094 2055 2158; x_wconf 88' lang='lat' dir='ltr'><strong>ticos,</strong></span> <span class='ocrx_word' id='word_1_443' title='bbox 2141 2095 2350 2152; x_wconf 89' lang='lat' dir='ltr'><strong>libellos</strong></span> <span class='ocrx_word' id='word_1_444' title='bbox 2427 2099 2623 2154; x_wconf 90' lang='lat' dir='ltr'><strong>dantes</strong></span> <span class='ocrx_word' id='word_1_445' title='bbox 2695 2106 3159 2165; x_wconf 86' lang='lat' dir='ltr'><strong>anathematizare</strong></span> <span class='ocrx_word' id='word_1_446' title='bbox 3245 2128 3452 2183; x_wconf 84' lang='lat' dir='ltr'><strong>oportet</strong></span> 
     </span>
    </p>
   </div>
   <div class='ocr_carea' id='block_1_66' title="bbox 1882 2187 3458 2279">
    <p class='ocr_par' dir='ltr' id='par_1_66' title="bbox 1882 2187 3458 2279">
     <span class='ocr_line' id='line_1_66' title="bbox 1882 2187 3458 2279; baseline 0.018 -44"><span class='ocrx_word' id='word_1_447' title='bbox 1882 2199 2096 2239; x_wconf 91' lang='lat' dir='ltr'><strong>omnem</strong></span> <span class='ocrx_word' id='word_1_448' title='bbox 2135 2187 2406 2255; x_wconf 73' lang='lat' dir='ltr'><strong>haeresim,</strong></span> <span class='ocrx_word' id='word_1_449' title='bbox 2462 2201 2514 2246; x_wconf 89' lang='lat' dir='ltr'><strong>et</strong></span> <span class='ocrx_word' id='word_1_450' title='bbox 2554 2195 2633 2249; x_wconf 92' lang='lat' dir='ltr'><strong>sic</strong></span> <span class='ocrx_word' id='word_1_451' title='bbox 2664 2209 2869 2255; x_wconf 77' lang='lat' dir='ltr'><strong>sanctae</strong></span> <span class='ocrx_word' id='word_1_452' title='bbox 2902 2205 3304 2263; x_wconf 87' lang='lat' dir='ltr'><strong>communionis</strong></span> <span class='ocrx_word' id='word_1_453' title='bbox 3336 2225 3458 2279; x_wconf 70' lang='lat' dir='ltr'><strong>par—</strong></span> 
     </span>
    </p>
   </div>
   <div class='ocr_carea' id='block_1_67' title="bbox 1884 2277 2236 2364">
    <p class='ocr_par' dir='ltr' id='par_1_67' title="bbox 1884 2277 2236 2364">
     <span class='ocr_line' id='line_1_67' title="bbox 1884 2277 2236 2364; baseline 0.014 -29"><span class='ocrx_word' id='word_1_454' title='bbox 1884 2277 2074 2364; x_wconf 79' lang='lat' dir='ltr'><strong>ticipes</strong></span> <span class='ocrx_word' id='word_1_455' title='bbox 2096 2295 2236 2340; x_wconf 87' lang='lat' dir='ltr'><strong>esse.</strong></span> 
     </span>
    </p>
   </div>
   <div class='ocr_carea' id='block_1_68' title="bbox 2348 2563 2978 2635">
    <p class='ocr_par' dir='ltr' id='par_1_68' title="bbox 2348 2563 2978 2635">
     <span class='ocr_line' id='line_1_68' title="bbox 2348 2563 2978 2635; baseline 0.011 -16"><span class='ocrx_word' id='word_1_456' title='bbox 2348 2563 2509 2635; x_wconf 82' lang='lat'><strong>273</strong></span> <span class='ocrx_word' id='word_1_457' title='bbox 2531 2565 2760 2623; x_wconf 64' lang='lat' dir='ltr'><strong>canon</strong></span> <span class='ocrx_word' id='word_1_458' title='bbox 2819 2569 2978 2626; x_wconf 73' lang='lat' dir='ltr'><strong>xcv:</strong></span> 
     </span>
    </p>
   </div>
   <div class='ocr_carea' id='block_1_69' title="bbox 1893 2648 3460 2740">
    <p class='ocr_par' dir='ltr' id='par_1_69' title="bbox 1893 2648 3460 2740">
     <span class='ocr_line' id='line_1_69' title="bbox 1893 2648 3460 2740; baseline 0.019 -41"><span class='ocrx_word' id='word_1_459' title='bbox 1893 2667 1909 2698; x_wconf 88' lang='grc' dir='ltr'><strong>ι</strong></span> <span class='ocrx_word' id='word_1_460' title='bbox 1949 2648 2050 2717; x_wconf 84' lang='lat' dir='ltr'><strong>Qui</strong></span> <span class='ocrx_word' id='word_1_461' title='bbox 2099 2652 2370 2710; x_wconf 76' lang='lat' dir='ltr'><strong>Christum</strong></span> <span class='ocrx_word' id='word_1_462' title='bbox 2408 2674 2505 2727; x_wconf 88' lang='lat' dir='ltr'><strong>per</strong></span> <span class='ocrx_word' id='word_1_463' title='bbox 2533 2662 2858 2728; x_wconf 82' lang='lat' dir='ltr'><strong>baptismum</strong></span> <span class='ocrx_word' id='word_1_464' title='bbox 2895 2667 3206 2734; x_wconf 84' lang='lat' dir='ltr'><strong>induerunt,</strong></span> <span class='ocrx_word' id='word_1_465' title='bbox 3237 2675 3355 2740; x_wconf 80' lang='lat' dir='ltr'><strong>ejus</strong></span> <span class='ocrx_word' id='word_1_466' title='bbox 3406 2676 3460 2729; x_wconf 87' lang='lat' dir='ltr'><strong>in</strong></span> 
     </span>
    </p>
   </div>
   <div class='ocr_carea' id='block_1_70' title="bbox 1956 2750 3460 2835">
    <p class='ocr_par' dir='ltr' id='par_1_70' title="bbox 1956 2750 3460 2835">
     <span class='ocr_line' id='line_1_70' title="bbox 1956 2750 3460 2835; baseline 0.018 -37"><span class='ocrx_word' id='word_1_467' title='bbox 1956 2763 1982 2796; x_wconf 84' lang='grc' dir='ltr'><strong>ιι</strong></span> <span class='ocrx_word' id='word_1_468' title='bbox 2031 2753 2194 2802; x_wconf 89' lang='lat' dir='ltr'><strong>car‘ne</strong></span> <span class='ocrx_word' id='word_1_469' title='bbox 2243 2750 2366 2805; x_wconf 70' lang='lat' dir='ltr'><strong>vitae</strong></span> <span class='ocrx_word' id='word_1_470' title='bbox 2404 2755 2623 2823; x_wconf 62' lang='lat' dir='ltr'><strong>agendae</strong></span> <span class='ocrx_word' id='word_1_471' title='bbox 2670 2760 2939 2814; x_wconf 88' lang='lat' dir='ltr'><strong>rationem</strong></span> <span class='ocrx_word' id='word_1_472' title='bbox 2993 2762 3193 2817; x_wconf 85' lang='lat' dir='ltr'><strong>imitari</strong></span> <span class='ocrx_word' id='word_1_473' title='bbox 3231 2766 3460 2835; x_wconf 81' lang='lat' dir='ltr'><strong>professi</strong></span> 
     </span>
    </p>
   </div>
   <div class='ocr_carea' id='block_1_71' title="bbox 1964 2843 3462 2921">
    <p class='ocr_par' dir='ltr' id='par_1_71' title="bbox 1964 2843 3462 2921">
     <span class='ocr_line' id='line_1_71' title="bbox 1964 2843 3462 2921; baseline 0.017 -30"><span class='ocrx_word' id='word_1_474' title='bbox 1964 2859 1981 2891; x_wconf 77' lang='grc' dir='ltr'><strong>ι</strong></span> <span class='ocrx_word' id='word_1_475' title='bbox 2030 2851 2180 2901; x_wconf 80' lang='lat' dir='ltr'><strong>sunt.</strong></span> <span class='ocrx_word' id='word_1_476' title='bbox 2261 2843 2369 2900; x_wconf 86' lang='lat' dir='ltr'><strong>Eos</strong></span> <span class='ocrx_word' id='word_1_477' title='bbox 2417 2862 2565 2915; x_wconf 82' lang='lat' dir='ltr'><strong>ergo,</strong></span> <span class='ocrx_word' id='word_1_478' title='bbox 2625 2850 2714 2918; x_wconf 89' lang='lat' dir='ltr'><strong>qui</strong></span> <span class='ocrx_word' id='word_1_479' title='bbox 2765 2853 2993 2921; x_wconf 87' lang='lat' dir='ltr'><strong>capillos</strong></span> <span class='ocrx_word' id='word_1_480' title='bbox 3046 2859 3113 2908; x_wconf 87' lang='lat' dir='ltr'><strong>ad</strong></span> <span class='ocrx_word' id='word_1_481' title='bbox 3164 2857 3462 2916; x_wconf 83' lang='lat' dir='ltr'><strong>videntium</strong></span> 
     </span>
    </p>
   </div>
   <div class='ocr_carea' id='block_1_72' title="bbox 1968 2933 3462 3011">
    <p class='ocr_par' dir='ltr' id='par_1_72' title="bbox 1968 2933 3462 3011">
     <span class='ocr_line' id='line_1_72' title="bbox 1968 2933 3462 3011; baseline 0.017 -30"><span class='ocrx_word' id='word_1_482' title='bbox 1968 2953 1984 2981; x_wconf 77' lang='grc' dir='ltr'><strong>ι</strong></span> <span class='ocrx_word' id='word_1_483' title='bbox 2032 2933 2419 2991; x_wconf 85' lang='lat' dir='ltr'><strong>detrimentum</strong></span> <span class='ocrx_word' id='word_1_484' title='bbox 2446 2940 2579 2994; x_wconf 89' lang='lat' dir='ltr'><strong>scite</strong></span> <span class='ocrx_word' id='word_1_485' title='bbox 2600 2943 2922 3011; x_wconf 78' lang='lat' dir='ltr'><strong>excogitatis</strong></span> <span class='ocrx_word' id='word_1_486' title='bbox 2944 2947 3171 3002; x_wconf 83' lang='lat' dir='ltr'><strong>nexibus</strong></span> <span class='ocrx_word' id='word_1_487' title='bbox 3198 2950 3462 3006; x_wconf 87' lang='lat' dir='ltr'><strong>adornant</strong></span> 
     </span>
    </p>
   </div>
   <div class='ocr_carea' id='block_1_73' title="bbox 1965 3016 3463 3099">
    <p class='ocr_par' dir='ltr' id='par_1_73' title="bbox 1965 3016 3463 3099">
     <span class='ocr_line' id='line_1_73' title="bbox 1965 3016 3463 3099; baseline 0.015 -22"><span class='ocrx_word' id='word_1_488' title='bbox 1965 3045 1982 3075; x_wconf 84' lang='grc' dir='ltr'><strong>ι</strong></span> <span class='ocrx_word' id='word_1_489' title='bbox 2030 3035 2083 3079; x_wconf 86' lang='lat' dir='ltr'><strong>et</strong></span> <span class='ocrx_word' id='word_1_490' title='bbox 2134 3041 2490 3098; x_wconf 90' lang='lat' dir='ltr'><strong>componunt,</strong></span> <span class='ocrx_word' id='word_1_491' title='bbox 2547 3041 2603 3086; x_wconf 88' lang='lat' dir='ltr'><strong>et</strong></span> <span class='ocrx_word' id='word_1_492' title='bbox 2650 3016 2879 3089; x_wconf 76' lang='lat' dir='ltr'><strong>infirmis</strong></span> <span class='ocrx_word' id='word_1_493' title='bbox 2930 3036 3128 3092; x_wconf 86' lang='lat' dir='ltr'><strong>animis</strong></span> <span class='ocrx_word' id='word_1_494' title='bbox 3177 3057 3356 3096; x_wconf 82' lang='lat' dir='ltr'><strong>escam</strong></span> <span class='ocrx_word' id='word_1_495' title='bbox 3400 3061 3463 3099; x_wconf 83' lang='lat' dir='ltr'><strong>ea</strong></span> 
     </span>
    </p>
   </div>
   <div class='ocr_carea' id='block_1_74' title="bbox 1969 3121 3464 3205">
    <p class='ocr_par' dir='ltr' id='par_1_74' title="bbox 1969 3121 3464 3205">
     <span class='ocr_line' id='line_1_74' title="bbox 1969 3121 3464 3205; baseline 0.013 -36"><span class='ocrx_word' id='word_1_496' title='bbox 1969 3139 1984 3168; x_wconf 85' lang='grc' dir='ltr'><strong>ι</strong></span> <span class='ocrx_word' id='word_1_497' title='bbox 2036 3121 2248 3176; x_wconf 89' lang='lat' dir='ltr'><strong>ratione</strong></span> <span class='ocrx_word' id='word_1_498' title='bbox 2295 3123 2604 3191; x_wconf 87' lang='lat' dir='ltr'><strong>objiciunt.</strong></span> <span class='ocrx_word' id='word_1_499' title='bbox 2656 3128 3002 3183; x_wconf 89' lang='lat' dir='ltr'><strong>convenienti</strong></span> <span class='ocrx_word' id='word_1_500' title='bbox 3054 3134 3321 3201; x_wconf 84' lang='lat' dir='ltr'><strong>supplicio</strong></span> <span class='ocrx_word' id='word_1_501' title='bbox 3372 3153 3464 3205; x_wconf 80' lang='lat' dir='ltr'><strong>pa-</strong></span> 
     </span>
    </p>
   </div>
   <div class='ocr_carea' id='block_1_75' title="bbox 1969 3218 3457 3299">
    <p class='ocr_par' dir='ltr' id='par_1_75' title="bbox 1969 3218 3457 3299">
     <span class='ocr_line' id='line_1_75' title="bbox 1969 3218 3457 3299; baseline 0.014 -36"><span class='ocrx_word' id='word_1_502' title='bbox 1969 3234 1984 3263; x_wconf 81' lang='grc' dir='ltr'><strong>ι</strong></span> <span class='ocrx_word' id='word_1_503' title='bbox 2030 3223 2180 3267; x_wconf 84' lang='lat' dir='ltr'><strong>terne</strong></span> <span class='ocrx_word' id='word_1_504' title='bbox 2227 3231 2507 3280; x_wconf 88' lang='lat' dir='ltr'><strong>curamus,</strong></span> <span class='ocrx_word' id='word_1_505' title='bbox 2563 3218 2710 3286; x_wconf 85' lang='lat' dir='ltr'><strong>ipsos</strong></span> <span class='ocrx_word' id='word_1_506' title='bbox 2758 3220 3107 3279; x_wconf 86' lang='lat' dir='ltr'><strong>instituentes</strong></span> <span class='ocrx_word' id='word_1_507' title='bbox 3160 3239 3212 3280; x_wconf 86' lang='lat' dir='ltr'><strong>et</strong></span> <span class='ocrx_word' id='word_1_508' title='bbox 3262 3237 3457 3299; x_wconf 82' lang='lat' dir='ltr'><strong>tempe-</strong></span> 
     </span>
    </p>
   </div>
   <div class='ocr_carea' id='block_1_76' title="bbox 1967 3308 3466 3378">
    <p class='ocr_par' dir='ltr' id='par_1_76' title="bbox 1967 3308 3466 3378">
     <span class='ocr_line' id='line_1_76' title="bbox 1967 3308 3466 3378; baseline 0.015 -22"><span class='ocrx_word' id='word_1_509' title='bbox 1967 3325 1982 3356; x_wconf 81' lang='grc' dir='ltr'><strong>ι</strong></span> <span class='ocrx_word' id='word_1_510' title='bbox 2033 3317 2220 3362; x_wconf 87' lang='lat' dir='ltr'><strong>ranter</strong></span> <span class='ocrx_word' id='word_1_511' title='bbox 2273 3308 2456 3363; x_wconf 86' lang='lat' dir='ltr'><strong>vivere</strong></span> <span class='ocrx_word' id='word_1_512' title='bbox 2497 3311 2778 3376; x_wconf 89' lang='lat' dir='ltr'><strong>docentes,</strong></span> <span class='ocrx_word' id='word_1_513' title='bbox 2833 3325 2890 3367; x_wconf 86' lang='lat' dir='ltr'><strong>ut</strong></span> <span class='ocrx_word' id='word_1_514' title='bbox 2937 3318 3121 3372; x_wconf 91' lang='lat' dir='ltr'><strong>relicta</strong></span> <span class='ocrx_word' id='word_1_515' title='bbox 3183 3318 3374 3377; x_wconf 83' lang='lat' dir='ltr'><strong>fraude</strong></span> <span class='ocrx_word' id='word_1_516' title='bbox 3415 3335 3466 3378; x_wconf 89' lang='lat' dir='ltr'><strong>et</strong></span> 
     </span>
    </p>
   </div>
   <div class='ocr_carea' id='block_1_77' title="bbox 1970 3401 3467 3479">
    <p class='ocr_par' dir='ltr' id='par_1_77' title="bbox 1970 3401 3467 3479">
     <span class='ocr_line' id='line_1_77' title="bbox 1970 3401 3467 3479; baseline 0.017 -34"><span class='ocrx_word' id='word_1_517' title='bbox 1970 3420 1986 3445; x_wconf 87' lang='grc'><strong><em>‹</em></strong></span> <span class='ocrx_word' id='word_1_518' title='bbox 2037 3401 2291 3464; x_wconf 80' lang='lat' dir='ltr'><strong>vanitate,</strong></span> <span class='ocrx_word' id='word_1_519' title='bbox 2350 3418 2470 3471; x_wconf 63' lang='lat' dir='ltr'><strong>quae</strong></span> <span class='ocrx_word' id='word_1_520' title='bbox 2520 3419 2582 3457; x_wconf 85' lang='lat' dir='ltr'><strong>ex</strong></span> <span class='ocrx_word' id='word_1_521' title='bbox 2632 3406 2885 3460; x_wconf 87' lang='lat' dir='ltr'><strong>sordibus</strong></span> <span class='ocrx_word' id='word_1_522' title='bbox 2939 3412 3227 3466; x_wconf 82' lang='lat' dir='ltr'><strong>mundanis</strong></span> <span class='ocrx_word' id='word_1_523' title='bbox 3269 3417 3467 3479; x_wconf 89' lang='lat' dir='ltr'><strong>oritur,</strong></span> 
     </span>
    </p>
   </div>
   <div class='ocr_carea' id='block_1_78' title="bbox 1969 3493 3469 3570">
    <p class='ocr_par' dir='ltr' id='par_1_78' title="bbox 1969 3493 3469 3570">
     <span class='ocr_line' id='line_1_78' title="bbox 1969 3493 3469 3570; baseline 0.015 -30"><span class='ocrx_word' id='word_1_524' title='bbox 1969 3511 1985 3540; x_wconf 82' lang='grc' dir='ltr'><strong>ι</strong></span> <span class='ocrx_word' id='word_1_525' title='bbox 2033 3493 2099 3548; x_wconf 88' lang='lat' dir='ltr'><strong>ad</strong></span> <span class='ocrx_word' id='word_1_526' title='bbox 2142 3493 2400 3550; x_wconf 83' lang='lat' dir='ltr'><strong>interitus</strong></span> <span class='ocrx_word' id='word_1_527' title='bbox 2444 3508 2721 3565; x_wconf 81' lang='lat' dir='ltr'><strong>expertem</strong></span> <span class='ocrx_word' id='word_1_528' title='bbox 2758 3500 3081 3570; x_wconf 82' lang='lat' dir='ltr'><strong>beatamque</strong></span> <span class='ocrx_word' id='word_1_529' title='bbox 3110 3507 3277 3559; x_wconf 86' lang='lat' dir='ltr'><strong>vitam</strong></span> <span class='ocrx_word' id='word_1_530' title='bbox 3313 3525 3469 3562; x_wconf 90' lang='lat' dir='ltr'><strong>men-</strong></span> 
     </span>
    </p>
   </div>
   <div class='ocr_carea' id='block_1_79' title="bbox 1964 3586 3467 3669">
    <p class='ocr_par' dir='ltr' id='par_1_79' title="bbox 1964 3586 3467 3669">
     <span class='ocr_line' id='line_1_79' title="bbox 1964 3586 3467 3669; baseline 0.014 -35"><span class='ocrx_word' id='word_1_531' title='bbox 1964 3604 1979 3634; x_wconf 91' lang='grc' dir='ltr'><strong>ι</strong></span> <span class='ocrx_word' id='word_1_532' title='bbox 2027 3592 2134 3638; x_wconf 87' lang='lat' dir='ltr'><strong>tem</strong></span> <span class='ocrx_word' id='word_1_533' title='bbox 2185 3586 2404 3642; x_wconf 76' lang='lat' dir='ltr'><strong>assidue</strong></span> <span class='ocrx_word' id='word_1_534' title='bbox 2452 3588 2762 3653; x_wconf 88' lang='lat' dir='ltr'><strong>traducant,</strong></span> <span class='ocrx_word' id='word_1_535' title='bbox 2818 3601 2870 3647; x_wconf 88' lang='lat' dir='ltr'><strong>et</strong></span> <span class='ocrx_word' id='word_1_536' title='bbox 2921 3593 2972 3647; x_wconf 91' lang='lat' dir='ltr'><strong>in</strong></span> <span class='ocrx_word' id='word_1_537' title='bbox 3025 3595 3220 3652; x_wconf 87' lang='lat' dir='ltr'><strong>timore</strong></span> <span class='ocrx_word' id='word_1_538' title='bbox 3280 3615 3467 3669; x_wconf 87' lang='lat' dir='ltr'><strong>puram</strong></span> 
     </span>
    </p>
   </div>
   <div class='ocr_carea' id='block_1_80' title="bbox 1966 3682 3469 3753">
    <p class='ocr_par' dir='ltr' id='par_1_80' title="bbox 1966 3682 3469 3753">
     <span class='ocr_line' id='line_1_80' title="bbox 1966 3682 3469 3753; baseline 0.016 -28"><span class='ocrx_word' id='word_1_539' title='bbox 1966 3695 1981 3725; x_wconf 85' lang='grc' dir='ltr'><strong>ι</strong></span> <span class='ocrx_word' id='word_1_540' title='bbox 2028 3686 2081 3730; x_wconf 91' lang='lat' dir='ltr'><strong>et</strong></span> <span class='ocrx_word' id='word_1_541' title='bbox 2129 3686 2373 3732; x_wconf 87' lang='lat' dir='ltr'><strong>sanctam</strong></span> <span class='ocrx_word' id='word_1_542' title='bbox 2421 3682 2888 3737; x_wconf 75' lang='lat' dir='ltr'><strong>conversationem</strong></span> <span class='ocrx_word' id='word_1_543' title='bbox 2939 3687 3196 3753; x_wconf 82' lang='lat' dir='ltr'><strong>habeant,</strong></span> <span class='ocrx_word' id='word_1_544' title='bbox 3251 3701 3304 3744; x_wconf 88' lang='lat' dir='ltr'><strong>et</strong></span> <span class='ocrx_word' id='word_1_545' title='bbox 3337 3693 3469 3752; x_wconf 87' lang='lat' dir='ltr'><strong>Deo.</strong></span> 
     </span>
    </p>
   </div>
   <div class='ocr_carea' id='block_1_81' title="bbox 1966 3773 3471 3856">
    <p class='ocr_par' dir='ltr' id='par_1_81' title="bbox 1966 3773 3471 3856">
     <span class='ocr_line' id='line_1_81' title="bbox 1966 3773 3471 3856; baseline 0.013 -35"><span class='ocrx_word' id='word_1_546' title='bbox 1966 3791 1981 3821; x_wconf 90' lang='grc' dir='ltr'><strong>ι</strong></span> <span class='ocrx_word' id='word_1_547' title='bbox 2031 3773 2208 3840; x_wconf 84' lang='lat' dir='ltr'><strong>quoad</strong></span> <span class='ocrx_word' id='word_1_548' title='bbox 2258 3774 2377 3842; x_wconf 80' lang='lat' dir='ltr'><strong>ejus</strong></span> <span class='ocrx_word' id='word_1_549' title='bbox 2429 3775 2544 3829; x_wconf 81' lang='lat' dir='ltr'><strong>fieri</strong></span> <span class='ocrx_word' id='word_1_550' title='bbox 2603 3785 2800 3845; x_wconf 87' lang='lat' dir='ltr'><strong>potest,</strong></span> <span class='ocrx_word' id='word_1_551' title='bbox 2860 3783 3320 3853; x_wconf 84' lang='lat' dir='ltr'><strong>appropinquent,</strong></span> <span class='ocrx_word' id='word_1_552' title='bbox 3377 3803 3471 3856; x_wconf 88' lang='lat' dir='ltr'><strong>per</strong></span> 
     </span>
    </p>
   </div>
   <div class='ocr_carea' id='block_1_82' title="bbox 1965 3865 3471 3944">
    <p class='ocr_par' dir='ltr' id='par_1_82' title="bbox 1965 3865 3471 3944">
     <span class='ocr_line' id='line_1_82' title="bbox 1965 3865 3471 3944; baseline 0.015 -31"><span class='ocrx_word' id='word_1_553' title='bbox 1965 3883 1980 3913; x_wconf 91' lang='grc' dir='ltr'><strong>ι</strong></span> <span class='ocrx_word' id='word_1_554' title='bbox 2026 3865 2150 3919; x_wconf 74' lang='lat' dir='ltr'><strong>vita:</strong></span> <span class='ocrx_word' id='word_1_555' title='bbox 2176 3869 2490 3936; x_wconf 87' lang='lat' dir='ltr'><strong>puritatem,</strong></span> <span class='ocrx_word' id='word_1_556' title='bbox 2519 3877 2572 3922; x_wconf 88' lang='lat' dir='ltr'><strong>et</strong></span> <span class='ocrx_word' id='word_1_557' title='bbox 2602 3871 2874 3924; x_wconf 88' lang='lat' dir='ltr'><strong>internum</strong></span> <span class='ocrx_word' id='word_1_558' title='bbox 2903 3877 3073 3943; x_wconf 82' lang='lat' dir='ltr'><strong>magis</strong></span> <span class='ocrx_word' id='word_1_559' title='bbox 3099 3894 3260 3944; x_wconf 91' lang='lat' dir='ltr'><strong>quam</strong></span> <span class='ocrx_word' id='word_1_560' title='bbox 3289 3889 3471 3935; x_wconf 82' lang='lat' dir='ltr'><strong>exter-</strong></span> 
     </span>
    </p>
   </div>
   <div class='ocr_carea' id='block_1_83' title="bbox 1968 3962 3474 4043">
    <p class='ocr_par' dir='ltr' id='par_1_83' title="bbox 1968 3962 3474 4043">
     <span class='ocr_line' id='line_1_83' title="bbox 1968 3962 3474 4043; baseline 0.012 -33"><span class='ocrx_word' id='word_1_561' title='bbox 1968 3979 1984 4008; x_wconf 85' lang='grc' dir='ltr'><strong>ι</strong></span> <span class='ocrx_word' id='word_1_562' title='bbox 2029 3975 2160 4012; x_wconf 91' lang='lat' dir='ltr'><strong>num</strong></span> <span class='ocrx_word' id='word_1_563' title='bbox 2193 3962 2464 4015; x_wconf 87' lang='lat' dir='ltr'><strong>hominem</strong></span> <span class='ocrx_word' id='word_1_564' title='bbox 2487 3962 2783 4018; x_wconf 89' lang='lat' dir='ltr'><strong>virtutibus</strong></span> <span class='ocrx_word' id='word_1_565' title='bbox 2809 3975 2862 4019; x_wconf 90' lang='lat' dir='ltr'><strong>et</strong></span> <span class='ocrx_word' id='word_1_566' title='bbox 2890 3966 3047 4036; x_wconf 70' lang='lat' dir='ltr'><strong>bonis</strong></span> <span class='ocrx_word' id='word_1_567' title='bbox 3073 3969 3474 4043; x_wconf 80' lang='lat' dir='ltr'><strong>ineulpatisque</strong></span> 
     </span>
    </p>
   </div>
   <div class='ocr_carea' id='block_1_84' title="bbox 1972 4053 3475 4120">
    <p class='ocr_par' dir='ltr' id='par_1_84' title="bbox 1972 4053 3475 4120">
     <span class='ocr_line' id='line_1_84' title="bbox 1972 4053 3475 4120; baseline 0.014 -20"><span class='ocrx_word' id='word_1_568' title='bbox 1972 4073 1987 4100; x_wconf 78' lang='grc' dir='ltr'><strong>ι</strong></span> <span class='ocrx_word' id='word_1_569' title='bbox 2038 4053 2279 4106; x_wconf 90' lang='lat' dir='ltr'><strong>moribus</strong></span> <span class='ocrx_word' id='word_1_570' title='bbox 2310 4067 2595 4117; x_wconf 86' lang='lat' dir='ltr'><strong>exornent,</strong></span> <span class='ocrx_word' id='word_1_571' title='bbox 2646 4065 2704 4109; x_wconf 89' lang='lat' dir='ltr'><strong>ut</strong></span> <span class='ocrx_word' id='word_1_572' title='bbox 2735 4059 2913 4113; x_wconf 89' lang='lat' dir='ltr'><strong>nullas</strong></span> <span class='ocrx_word' id='word_1_573' title='bbox 2952 4061 3095 4116; x_wconf 65' lang='lat' dir='ltr'><strong>in&#39;se</strong></span> <span class='ocrx_word' id='word_1_574' title='bbox 3127 4063 3302 4118; x_wconf 83' lang='lat' dir='ltr'><strong>ferant</strong></span> <span class='ocrx_word' id='word_1_575' title='bbox 3347 4067 3475 4120; x_wconf 83' lang='lat' dir='ltr'><strong>reli-</strong></span> 
     </span>
    </p>
   </div>
   <div class='ocr_carea' id='block_1_85' title="bbox 1973 4147 3472 4224">
    <p class='ocr_par' dir='ltr' id='par_1_85' title="bbox 1973 4147 3472 4224">
     <span class='ocr_line' id='line_1_85' title="bbox 1973 4147 3472 4224; baseline 0.012 -30"><span class='ocrx_word' id='word_1_576' title='bbox 1973 4164 1989 4194; x_wconf 80' lang='grc' dir='ltr'><strong>ι</strong></span> <span class='ocrx_word' id='word_1_577' title='bbox 2040 4147 2196 4216; x_wconf 84' lang='lat' dir='ltr'><strong>quias</strong></span> <span class='ocrx_word' id='word_1_578' title='bbox 2229 4150 2602 4213; x_wconf 86' lang='lat' dir='ltr'><strong>perversitatis</strong></span> <span class='ocrx_word' id='word_1_579' title='bbox 2631 4165 2803 4217; x_wconf 86' lang='lat' dir='ltr'><strong>usque</strong></span> <span class='ocrx_word' id='word_1_580' title='bbox 2830 4152 2966 4205; x_wconf 81' lang='lat' dir='ltr'><strong>adeo</strong></span> <span class='ocrx_word' id='word_1_581' title='bbox 2998 4157 3390 4224; x_wconf 80' lang='lat' dir='ltr'><strong>repugnantis:</strong></span> <span class='ocrx_word' id='word_1_582' title='bbox 3427 4162 3472 4212; x_wconf 87' lang='lat' dir='ltr'><strong>si</strong></span> 
     </span>
    </p>
   </div>
   <div class='ocr_carea' id='block_1_86' title="bbox 1969 4238 3470 4314">
    <p class='ocr_par' dir='ltr' id='par_1_86' title="bbox 1969 4238 3470 4314">
     <span class='ocr_line' id='line_1_86' title="bbox 1969 4238 3470 4314; baseline 0.007 -26"><span class='ocrx_word' id='word_1_583' title='bbox 1969 4259 1984 4288; x_wconf 85' lang='grc' dir='ltr'><strong>ι</strong></span> <span class='ocrx_word' id='word_1_584' title='bbox 2034 4238 2156 4308; x_wconf 87' lang='lat' dir='ltr'><strong>quis</strong></span> <span class='ocrx_word' id='word_1_585' title='bbox 2190 4246 2371 4292; x_wconf 87' lang='lat' dir='ltr'><strong>autem</strong></span> <span class='ocrx_word' id='word_1_586' title='bbox 2401 4248 2597 4308; x_wconf 68' lang='lat' dir='ltr'><strong>praeter</strong></span> <span class='ocrx_word' id='word_1_587' title='bbox 2633 4241 2772 4292; x_wconf 91' lang='lat' dir='ltr'><strong>hunc</strong></span> <span class='ocrx_word' id='word_1_588' title='bbox 2798 4256 3063 4297; x_wconf 81' lang='lat' dir='ltr'><strong>canonem</strong></span> <span class='ocrx_word' id='word_1_589' title='bbox 3096 4254 3348 4301; x_wconf 87' lang='lat' dir='ltr'><strong>versatus</strong></span> <span class='ocrx_word' id='word_1_590' title='bbox 3379 4248 3470 4314; x_wconf 85' lang='lat' dir='ltr'><strong>sit,</strong></span> 
     </span>
    </p>
   </div>
   <div class='ocr_carea' id='block_1_87' title="bbox 1975 4329 2624 4384">
    <p class='ocr_par' dir='ltr' id='par_1_87' title="bbox 1975 4329 2624 4384">
     <span class='ocr_line' id='line_1_87' title="bbox 1975 4329 2624 4384; baseline 0.003 -5"><span class='ocrx_word' id='word_1_591' title='bbox 1975 4349 1992 4379; x_wconf 80' lang='grc' dir='ltr'><strong>ι</strong></span> <span class='ocrx_word' id='word_1_592' title='bbox 2039 4329 2567 4384; x_wconf 80' lang='lat' dir='ltr'><strong>excommunicetur.</strong></span> <span class='ocrx_word' id='word_1_593' title='bbox 2607 4350 2624 4381; x_wconf 71' lang='grc' dir='ltr'><strong>ι</strong></span> 
     </span>
    </p>
   </div>
   <div class='ocr_carea' id='block_1_88' title="bbox 1969 4421 3474 4498">
    <p class='ocr_par' dir='ltr' id='par_1_88' title="bbox 1969 4421 3474 4498">
     <span class='ocr_line' id='line_1_88' title="bbox 1969 4421 3474 4498; baseline 0.008 -24"><span class='ocrx_word' id='word_1_594' title='bbox 1969 4421 2165 4476; x_wconf 83' lang='lat' dir='ltr'><strong>BALS.</strong></span> <span class='ocrx_word' id='word_1_595' title='bbox 2228 4421 2304 4476; x_wconf 82' lang='lat' dir='ltr'><strong>Ex</strong></span> <span class='ocrx_word' id='word_1_596' title='bbox 2340 4425 2547 4498; x_wconf 39' lang='lat' dir='ltr'><strong>Jmagui</strong></span> <span class='ocrx_word' id='word_1_597' title='bbox 2606 4425 2759 4480; x_wconf 88' lang='lat' dir='ltr'><strong>Pauli</strong></span> <span class='ocrx_word' id='word_1_598' title='bbox 2822 4427 3062 4496; x_wconf 85' lang='lat' dir='ltr'><strong>Epistola</strong></span> <span class='ocrx_word' id='word_1_599' title='bbox 3127 4432 3193 4485; x_wconf 92' lang='lat' dir='ltr'><strong>ad</strong></span> <span class='ocrx_word' id='word_1_600' title='bbox 3253 4433 3474 4488; x_wconf 78' lang='lat' dir='ltr'><strong>Galatas</strong></span> 
     </span>
    </p>
   </div>
   <div class='ocr_carea' id='block_1_89' title="bbox 1900 4516 3477 4590">
    <p class='ocr_par' dir='ltr' id='par_1_89' title="bbox 1900 4516 3477 4590">
     <span class='ocr_line' id='line_1_89' title="bbox 1900 4516 3477 4590; baseline 0.006 -18"><span class='ocrx_word' id='word_1_601' title='bbox 1900 4521 2061 4572; x_wconf 91' lang='lat' dir='ltr'><strong>ducto</strong></span> <span class='ocrx_word' id='word_1_602' title='bbox 2084 4516 2374 4586; x_wconf 81' lang='lat' dir='ltr'><strong>principio,</strong></span> <span class='ocrx_word' id='word_1_603' title='bbox 2404 4534 2525 4586; x_wconf 67' lang='lat' dir='ltr'><strong>qua:</strong></span> <span class='ocrx_word' id='word_1_604' title='bbox 2552 4519 2767 4588; x_wconf 87' lang='lat' dir='ltr'><strong>quidem</strong></span> <span class='ocrx_word' id='word_1_605' title='bbox 2804 4523 3029 4590; x_wconf 61' lang='lat' dir='ltr'><strong>praecise</strong></span> <span class='ocrx_word' id='word_1_606' title='bbox 3059 4525 3210 4588; x_wconf 91' lang='lat' dir='ltr'><strong>dicit,</strong></span> <span class='ocrx_word' id='word_1_607' title='bbox 3244 4525 3477 4590; x_wconf 84' lang='lat' dir='ltr'><strong>Quicun-</strong></span> 
     </span>
    </p>
   </div>
   <div class='ocr_carea' id='block_1_90' title="bbox 207 4594 1873 4687">
    <p class='ocr_par' dir='ltr' id='par_1_90' title="bbox 207 4594 1872 4687">
     <span class='ocr_line' id='line_1_90' title="bbox 207 4594 1872 4687; baseline 0.001 -16"><span class='ocrx_word' id='word_1_608' title='bbox 207 4620 316 4687; x_wconf 77' lang='grc' dir='ltr'><strong>τῆς</strong></span> <span class='ocrx_word' id='word_1_609' title='bbox 346 4615 610 4685; x_wconf 78' lang='grc' dir='ltr'>λεγούσης</span> <span class='ocrx_word' id='word_1_610' title='bbox 637 4617 695 4667; x_wconf 86' lang='grc' dir='ltr'><strong>ἐν</strong></span> <span class='ocrx_word' id='word_1_611' title='bbox 732 4617 908 4684; x_wconf 81' lang='grc' dir='ltr'>μέρει,</span> <span class='ocrx_word' id='word_1_612' title='bbox 942 4615 1115 4668; x_wconf 85' lang='grc' dir='ltr'>Ὅσοι</span> <span class='ocrx_word' id='word_1_613' title='bbox 1138 4617 1223 4682; x_wconf 85' lang='grc' dir='ltr'>εις</span> <span class='ocrx_word' id='word_1_614' title='bbox 1261 4618 1518 4684; x_wconf 74' lang='grc' dir='ltr'>Χριστὸν</span> <span class='ocrx_word' id='word_1_615' title='bbox 1551 4594 1792 4673; x_wconf 63' lang='grc' dir='ltr'><strong>ἐϐαέττί-</strong></span> <span class='ocrx_word' id='word_1_616' title='bbox 1826 4594 1872 4653; x_wconf 77' lang='lat' dir='ltr'><strong>D</strong></span> 
     </span>
    </p>
   </div>
   <div class='ocr_carea' id='block_1_91' title="bbox 1809 4594 3475 4687">
    <p class='ocr_par' dir='ltr' id='par_1_91' title="bbox 1826 4594 3475 4683">
     <span class='ocr_line' id='line_1_91' title="bbox 1826 4594 3475 4683; baseline 0.005 -17"><span class='ocrx_word' id='word_1_617' title='bbox 1826 4594 1872 4653; x_wconf 74' lang='grc' dir='ltr'><strong>θ</strong></span> <span class='ocrx_word' id='word_1_618' title='bbox 1898 4631 1994 4682; x_wconf 86' lang='lat' dir='ltr'><strong>que</strong></span> <span class='ocrx_word' id='word_1_619' title='bbox 2024 4613 2075 4665; x_wconf 87' lang='lat' dir='ltr'><strong>in</strong></span> <span class='ocrx_word' id='word_1_620' title='bbox 2100 4610 2369 4666; x_wconf 78' lang='lat' dir='ltr'><strong>Christum</strong></span> <span class='ocrx_word' id='word_1_621' title='bbox 2395 4612 2648 4678; x_wconf 80' lang='lat' dir='ltr'><strong>baptizati</strong></span> <span class='ocrx_word' id='word_1_622' title='bbox 2674 4615 2822 4679; x_wconf 73' lang='lat' dir='ltr'><strong>estis,</strong></span> <span class='ocrx_word' id='word_1_623' title='bbox 2857 4615 3126 4670; x_wconf 75' lang='lat' dir='ltr'><strong>Christum</strong></span> <span class='ocrx_word' id='word_1_624' title='bbox 3153 4621 3475 4683; x_wconf 69' lang='lat' dir='ltr'><strong>induistis“,</strong></span> 
     </span>
    </p>
   </div>
   <div class='ocr_carea' id='block_1_92' title="bbox 206 4707 1794 4783">
    <p class='ocr_par' dir='ltr' id='par_1_92' title="bbox 206 4707 1794 4783">
     <span class='ocr_line' id='line_1_92' title="bbox 206 4707 1794 4783; baseline -0.001 -18"><span class='ocrx_word' id='word_1_625' title='bbox 206 4713 425 4776; x_wconf 72' lang='grc' dir='ltr'>σθητε,</span> <span class='ocrx_word' id='word_1_626' title='bbox 445 4708 703 4777; x_wconf 76' lang='grc' dir='ltr'>Χριστὸν</span> <span class='ocrx_word' id='word_1_627' title='bbox 723 4707 1120 4773; x_wconf 81' lang='grc' dir='ltr'>ἐνεδύσασθε,</span> <span class='ocrx_word' id='word_1_628' title='bbox 1149 4707 1473 4779; x_wconf 87' lang='grc' dir='ltr'>διωρίσαντο</span> <span class='ocrx_word' id='word_1_629' title='bbox 1499 4711 1794 4783; x_wconf 83' lang='grc' dir='ltr'>διορθωθῆ-</span> 
     </span>
    </p>
   </div>
   <div class='ocr_carea' id='block_1_93' title="bbox 209 4801 1793 4875">
    <p class='ocr_par' dir='ltr' id='par_1_93' title="bbox 209 4801 1793 4875">
     <span class='ocr_line' id='line_1_93' title="bbox 209 4801 1793 4875; baseline 0.005 -18"><span class='ocrx_word' id='word_1_630' title='bbox 209 4823 302 4858; x_wconf 71' lang='lat' dir='ltr'><strong>vat</strong></span> <span class='ocrx_word' id='word_1_631' title='bbox 334 4803 403 4855; x_wconf 81' lang='grc' dir='ltr'>δι’</span> <span class='ocrx_word' id='word_1_632' title='bbox 439 4801 716 4872; x_wconf 76' lang='grc' dir='ltr'>ἐπιτιμίου</span> <span class='ocrx_word' id='word_1_633' title='bbox 749 4803 876 4864; x_wconf 82' lang='grc' dir='ltr'>τοὺς</span> <span class='ocrx_word' id='word_1_634' title='bbox 907 4801 973 4852; x_wconf 83' lang='grc' dir='ltr'>δι’</span> <span class='ocrx_word' id='word_1_635' title='bbox 1007 4803 1266 4863; x_wconf 76' lang='grc' dir='ltr'>ἀπονοίας</span> <span class='ocrx_word' id='word_1_636' title='bbox 1305 4805 1361 4855; x_wconf 82' lang='grc' dir='ltr'>ἐν</span> <span class='ocrx_word' id='word_1_637' title='bbox 1401 4807 1662 4875; x_wconf 85' lang='grc' dir='ltr'>διασκευῇ</span> <span class='ocrx_word' id='word_1_638' title='bbox 1702 4809 1793 4860; x_wconf 74' lang='grc' dir='ltr'><strong>καὶ</strong></span> 
     </span>
    </p>
   </div>
   <div class='ocr_carea' id='block_1_94' title="bbox 207 4893 1794 4968">
    <p class='ocr_par' dir='ltr' id='par_1_94' title="bbox 207 4893 1794 4968">
     <span class='ocr_line' id='line_1_94' title="bbox 207 4893 1794 4968; baseline 0.002 -21"><span class='ocrx_word' id='word_1_639' title='bbox 207 4897 527 4968; x_wconf 61' lang='grc' dir='ltr'>ἐμπλοκαῖς</span> <span class='ocrx_word' id='word_1_640' title='bbox 557 4896 652 4956; x_wconf 68' lang='grc' dir='ltr'><strong>τὰς</strong></span> <span class='ocrx_word' id='word_1_641' title='bbox 685 4896 744 4947; x_wconf 83' lang='grc' dir='ltr'>ὲν</span> <span class='ocrx_word' id='word_1_642' title='bbox 795 4896 862 4963; x_wconf 83' lang='grc' dir='ltr'>τῇ</span> <span class='ocrx_word' id='word_1_643' title='bbox 899 4893 1111 4964; x_wconf 82' lang='grc' dir='ltr'>κεφαλῇ</span> <span class='ocrx_word' id='word_1_644' title='bbox 1165 4895 1365 4965; x_wconf 86' lang='grc' dir='ltr'>τρίχας</span> <span class='ocrx_word' id='word_1_645' title='bbox 1420 4896 1794 4966; x_wconf 81' lang='grc' dir='ltr'>πληθύνοντας</span> 
     </span>
    </p>
   </div>
   <div class='ocr_carea' id='block_1_95' title="bbox 209 4989 1795 5060">
    <p class='ocr_par' dir='ltr' id='par_1_95' title="bbox 209 4989 1795 5060">
     <span class='ocr_line' id='line_1_95' title="bbox 209 4989 1795 5060; baseline -0.001 -15"><span class='ocrx_word' id='word_1_646' title='bbox 209 5003 316 5045; x_wconf 76' lang='grc' dir='ltr'><strong>και</strong></span> <span class='ocrx_word' id='word_1_647' title='bbox 348 4990 816 5053; x_wconf 71' lang='grc' dir='ltr'>καλλωπίζοντας,</span> <span class='ocrx_word' id='word_1_648' title='bbox 858 4989 1019 5060; x_wconf 87' lang='grc' dir='ltr'>χάριν</span> <span class='ocrx_word' id='word_1_649' title='bbox 1057 4989 1150 5039; x_wconf 87' lang='grc' dir='ltr'><strong>τοῦ</strong></span> <span class='ocrx_word' id='word_1_650' title='bbox 1201 4989 1456 5057; x_wconf 72' lang='grc' dir='ltr'>ἐφέλκειν</span> <span class='ocrx_word' id='word_1_651' title='bbox 1492 4992 1558 5042; x_wconf 85' lang='grc' dir='ltr'>δι’</span> <span class='ocrx_word' id='word_1_652' title='bbox 1594 4993 1795 5053; x_wconf 80' lang='grc' dir='ltr'>αὐτῶν,</span> 
     </span>
    </p>
   </div>
   <div class='ocr_carea' id='block_1_96' title="bbox 208 5081 1795 5152">
    <p class='ocr_par' dir='ltr' id='par_1_96' title="bbox 208 5081 1795 5152">
     <span class='ocr_line' id='line_1_96' title="bbox 208 5081 1795 5152; baseline -0.002 -14"><span class='ocrx_word' id='word_1_653' title='bbox 208 5087 292 5148; x_wconf 72' lang='grc' dir='ltr'>ὡς</span> <span class='ocrx_word' id='word_1_654' title='bbox 326 5084 413 5135; x_wconf 80' lang='grc' dir='ltr'><strong>διά</strong></span> <span class='ocrx_word' id='word_1_655' title='bbox 443 5100 584 5144; x_wconf 88' lang='grc' dir='ltr'>τινος</span> <span class='ocrx_word' id='word_1_656' title='bbox 621 5082 1014 5150; x_wconf 77' lang='grc' dir='ltr'>δελεάσματος,</span> <span class='ocrx_word' id='word_1_657' title='bbox 1052 5081 1149 5144; x_wconf 79' lang='grc' dir='ltr'>τὰς</span> <span class='ocrx_word' id='word_1_658' title='bbox 1181 5081 1289 5133; x_wconf 87' lang='grc' dir='ltr'><strong>τῶν</strong></span> <span class='ocrx_word' id='word_1_659' title='bbox 1319 5084 1665 5152; x_wconf 87' lang='grc' dir='ltr'>ἀστηρίκτων</span> <span class='ocrx_word' id='word_1_660' title='bbox 1694 5084 1795 5152; x_wconf 71' lang='grc' dir='ltr'><strong>ψυ-</strong></span> 
     </span>
    </p>
   </div>
   <div class='ocr_carea' id='block_1_97' title="bbox 210 5175 1797 5264">
    <p class='ocr_par' dir='ltr' id='par_1_97' title="bbox 210 5175 1797 5264">
     <span class='ocr_line' id='line_1_97' title="bbox 210 5175 1797 5264; baseline -0.003 -33"><span class='ocrx_word' id='word_1_661' title='bbox 210 5179 342 5251; x_wconf 69' lang='grc' dir='ltr'>χάς.</span> <span class='ocrx_word' id='word_1_662' title='bbox 393 5178 705 5245; x_wconf 73' lang='grc' dir='ltr'>Ὀφείλουσι</span> <span class='ocrx_word' id='word_1_663' title='bbox 741 5178 872 5244; x_wconf 70' lang='grc' dir='ltr'>γάρ,</span> <span class='ocrx_word' id='word_1_664' title='bbox 906 5177 1058 5243; x_wconf 71' lang='grc' dir='ltr'>φασὶ,</span> <span class='ocrx_word' id='word_1_665' title='bbox 1096 5175 1387 5264; x_wconf 36' lang='grc' dir='ltr'>πάντεςςοὶ</span> <span class='ocrx_word' id='word_1_666' title='bbox 1422 5178 1604 5228; x_wconf 76' lang='grc' dir='ltr'>πιστοὶ</span> <span class='ocrx_word' id='word_1_667' title='bbox 1660 5177 1797 5246; x_wconf 84' lang='grc' dir='ltr'>πρὸς</span> 
     </span>
    </p>
   </div>
   <div class='ocr_carea' id='block_1_98' title="bbox 213 5265 1795 5342">
    <p class='ocr_par' dir='ltr' id='par_1_98' title="bbox 213 5265 1795 5342">
     <span class='ocr_line' id='line_1_98' title="bbox 213 5265 1795 5342; baseline -0.001 -21"><span class='ocrx_word' id='word_1_668' title='bbox 213 5275 317 5342; x_wconf 73' lang='grc' dir='ltr'><strong>τὴν</strong></span> <span class='ocrx_word' id='word_1_669' title='bbox 370 5271 482 5323; x_wconf 79' lang='grc' dir='ltr'>ἄνω</span> <span class='ocrx_word' id='word_1_670' title='bbox 513 5272 604 5320; x_wconf 73' lang='grc' dir='ltr'><strong>καὶ</strong></span> <span class='ocrx_word' id='word_1_671' title='bbox 646 5268 924 5337; x_wconf 71' lang='grc' dir='ltr'>μακαρίαν</span> <span class='ocrx_word' id='word_1_672' title='bbox 957 5266 1101 5328; x_wconf 80' lang='grc' dir='ltr'>ζωὴν</span> <span class='ocrx_word' id='word_1_673' title='bbox 1133 5265 1492 5329; x_wconf 77' lang='grc' dir='ltr'>ἀποϐλέπειν,</span> <span class='ocrx_word' id='word_1_674' title='bbox 1531 5269 1621 5318; x_wconf 80' lang='grc' dir='ltr'><strong>καὶ</strong></span> <span class='ocrx_word' id='word_1_675' title='bbox 1656 5267 1795 5336; x_wconf 79' lang='grc' dir='ltr'>μετὰ</span> 
     </span>
    </p>
   </div>
   <div class='ocr_carea' id='block_1_99' title="bbox 211 5352 1796 5436">
    <p class='ocr_par' dir='ltr' id='par_1_99' title="bbox 211 5352 1796 5436">
     <span class='ocr_line' id='line_1_99' title="bbox 211 5352 1796 5436; baseline -0.003 -22"><span class='ocrx_word' id='word_1_676' title='bbox 211 5362 389 5434; x_wconf 57' lang='grc' dir='ltr'>φόϐου</span> <span class='ocrx_word' id='word_1_677' title='bbox 426 5361 556 5412; x_wconf 77' lang='grc' dir='ltr'>Θεοῦ</span> <span class='ocrx_word' id='word_1_678' title='bbox 587 5359 1052 5428; x_wconf 67' lang='grc' dir='ltr'>ἀναστρέφεσθαι,</span> <span class='ocrx_word' id='word_1_679' title='bbox 1103 5360 1187 5427; x_wconf 74' lang='grc' dir='ltr'><strong>ἐφ’</strong></span> <span class='ocrx_word' id='word_1_680' title='bbox 1217 5352 1260 5427; x_wconf 81' lang='grc' dir='ltr'>ᾧ</span> <span class='ocrx_word' id='word_1_681' title='bbox 1313 5359 1796 5436; x_wconf 41' lang='grc' dir='ltr'>πλησιάσαιιαύτῴ</span> 
     </span>
    </p>
   </div>
   <div class='ocr_carea' id='block_1_100' title="bbox 214 5450 1796 5521">
    <p class='ocr_par' dir='ltr' id='par_1_100' title="bbox 214 5450 1796 5521">
     <span class='ocr_line' id='line_1_100' title="bbox 214 5450 1796 5521; baseline 0 -18"><span class='ocrx_word' id='word_1_682' title='bbox 214 5453 370 5508; x_wconf 71' lang='grc' dir='ltr'>κατὰ</span> <span class='ocrx_word' id='word_1_683' title='bbox 400 5453 460 5503; x_wconf 71' lang='grc' dir='ltr'>τὸ</span> <span class='ocrx_word' id='word_1_684' title='bbox 491 5453 732 5520; x_wconf 75' lang='grc' dir='ltr'>ἐφικτὸν,</span> <span class='ocrx_word' id='word_1_685' title='bbox 770 5453 864 5502; x_wconf 72' lang='grc' dir='ltr'>καὶ</span> <span class='ocrx_word' id='word_1_686' title='bbox 898 5454 986 5502; x_wconf 73' lang='grc' dir='ltr'>τὸν</span> <span class='ocrx_word' id='word_1_687' title='bbox 1018 5451 1187 5516; x_wconf 56' lang='grc' dir='ltr'><strong>Ι,ἔνδον</strong></span> <span class='ocrx_word' id='word_1_688' title='bbox 1223 5451 1427 5519; x_wconf 82' lang='grc' dir='ltr'>μᾶλλον</span> <span class='ocrx_word' id='word_1_689' title='bbox 1485 5450 1796 5521; x_wconf 84' lang='grc' dir='ltr'>ἄνθρωπον,</span> 
     </span>
    </p>
   </div>
   <div class='ocr_carea' id='block_1_101' title="bbox 213 5544 1803 5620">
    <p class='ocr_par' dir='ltr' id='par_1_101' title="bbox 213 5544 1803 5620">
     <span class='ocr_line' id='line_1_101' title="bbox 213 5544 1803 5620; baseline -0.003 -20"><span class='ocrx_word' id='word_1_690' title='bbox 213 5553 396 5620; x_wconf 64' lang='grc' dir='ltr'>ἤγουν</span> <span class='ocrx_word' id='word_1_691' title='bbox 425 5549 522 5616; x_wconf 70' lang='grc' dir='ltr'>τὴν</span> <span class='ocrx_word' id='word_1_692' title='bbox 556 5547 755 5615; x_wconf 72' lang='grc' dir='ltr'>ψυχὴν,</span> <span class='ocrx_word' id='word_1_693' title='bbox 804 5545 891 5596; x_wconf 73' lang='grc' dir='ltr'>διὰ</span> <span class='ocrx_word' id='word_1_694' title='bbox 940 5544 1118 5615; x_wconf 80' lang='grc' dir='ltr'>πάσης</span> <span class='ocrx_word' id='word_1_695' title='bbox 1149 5545 1350 5614; x_wconf 85' lang='grc' dir='ltr'>ἀρετῆς</span> <span class='ocrx_word' id='word_1_696' title='bbox 1409 5549 1657 5614; x_wconf 85' lang='grc' dir='ltr'>κοσμεῖν,</span> <span class='ocrx_word' id='word_1_697' title='bbox 1708 5549 1803 5596; x_wconf 66' lang='grc' dir='ltr'>καὶ</span> 
     </span>
    </p>
   </div>
   <div class='ocr_carea' id='block_1_102' title="bbox 213 5637 1801 5706">
    <p class='ocr_par' dir='ltr' id='par_1_102' title="bbox 213 5637 1801 5706">
     <span class='ocr_line' id='line_1_102' title="bbox 213 5637 1801 5706; baseline -0.005 -10"><span class='ocrx_word' id='word_1_698' title='bbox 213 5645 301 5706; x_wconf 69' lang='grc' dir='ltr'>μὴ</span> <span class='ocrx_word' id='word_1_699' title='bbox 343 5642 433 5693; x_wconf 73' lang='grc' dir='ltr'><strong>τὸν</strong></span> <span class='ocrx_word' id='word_1_700' title='bbox 463 5641 640 5701; x_wconf 83' lang='grc' dir='ltr'>ἐκτός.</span> <span class='ocrx_word' id='word_1_701' title='bbox 675 5639 736 5690; x_wconf 79' lang='lat' dir='ltr'><strong>Ei</strong></span> <span class='ocrx_word' id='word_1_702' title='bbox 766 5637 823 5690; x_wconf 83' lang='grc' dir='ltr'><em>δέ</em></span> <span class='ocrx_word' id='word_1_703' title='bbox 874 5655 956 5701; x_wconf 87' lang='grc' dir='ltr'><strong>τις</strong></span> <span class='ocrx_word' id='word_1_704' title='bbox 991 5639 1138 5706; x_wconf 64' lang='grc' dir='ltr'>παρὰ</span> <span class='ocrx_word' id='word_1_705' title='bbox 1169 5644 1259 5690; x_wconf 85' lang='grc' dir='ltr'><strong>τὸν</strong></span> <span class='ocrx_word' id='word_1_706' title='bbox 1313 5640 1553 5706; x_wconf 80' lang='grc' dir='ltr'>παρόντα</span> <span class='ocrx_word' id='word_1_707' title='bbox 1604 5637 1801 5690; x_wconf 82' lang='grc' dir='ltr'>κανόνα</span> 
     </span>
    </p>
   </div>
   <div class='ocr_carea' id='block_1_103' title="bbox 213 5698 1797 5798">
    <p class='ocr_par' dir='ltr' id='par_1_103' title="bbox 213 5698 1797 5798">
     <span class='ocr_line' id='line_1_103' title="bbox 213 5698 1797 5798; baseline -0.004 -12"><span class='ocrx_word' id='word_1_708' title='bbox 213 5698 403 5798; x_wconf 56' lang='grc' dir='ltr'>διάγει</span> <span class='ocrx_word' id='word_1_709' title='bbox 441 5698 656 5798; x_wconf 67' lang='grc' dir='ltr'>ἑφεξῆς,</span> <span class='ocrx_word' id='word_1_710' title='bbox 691 5698 983 5798; x_wconf 76' lang='grc' dir='ltr'>ἀφορισμῷ</span> <span class='ocrx_word' id='word_1_711' title='bbox 1039 5698 1605 5798; x_wconf 66' lang='grc' dir='ltr'>καθυποσληθησεται.</span> <span class='ocrx_word' id='word_1_712' title='bbox 1660 5727 1797 5798; x_wconf 74' lang='grc' dir='ltr'>Φησὶ</span> 
     </span>
    </p>
   </div>
   <div class='ocr_carea' id='block_1_104' title="bbox 309 5908 814 5975">
    <p class='ocr_par' dir='ltr' id='par_1_104' title="bbox 309 5908 814 5975">
     <span class='ocr_line' id='line_1_104' title="bbox 309 5908 814 5975; baseline -0.006 -11"><span class='ocrx_word' id='word_1_713' title='bbox 309 5912 353 5942; x_wconf 73' lang='grc'><strong>³⁸</strong></span> <span class='ocrx_word' id='word_1_714' title='bbox 389 5911 564 5964; x_wconf 80' lang='lat' dir='ltr'><strong>Galat.</strong></span> <span class='ocrx_word' id='word_1_715' title='bbox 601 5926 684 5975; x_wconf 81' lang='grc' dir='ltr'>ιιι,</span> <span class='ocrx_word' id='word_1_716' title='bbox 725 5908 814 5963; x_wconf 69' lang='grc'><strong>27.</strong></span> 
     </span>
    </p>
   </div>
   <div class='ocr_carea' id='block_1_105' title="bbox 1903 4705 3478 4804">
    <p class='ocr_par' dir='ltr' id='par_1_105' title="bbox 1903 4705 3478 4804">
     <span class='ocr_line' id='line_1_105' title="bbox 1903 4705 3478 4804; baseline 0.004 -42"><span class='ocrx_word' id='word_1_717' title='bbox 1903 4713 2213 4804; x_wconf 47' lang='grc' dir='ltr'>ειιιιιιεξυιιι</span> <span class='ocrx_word' id='word_1_718' title='bbox 2247 4705 2421 4758; x_wconf 89' lang='lat' dir='ltr'><strong>sancti</strong></span> <span class='ocrx_word' id='word_1_719' title='bbox 2455 4705 2644 4760; x_wconf 89' lang='lat' dir='ltr'><strong>Patres</strong></span> <span class='ocrx_word' id='word_1_720' title='bbox 2701 4723 2795 4760; x_wconf 91' lang='lat' dir='ltr'><strong>eos</strong></span> <span class='ocrx_word' id='word_1_721' title='bbox 2849 4723 3008 4777; x_wconf 74' lang='lat' dir='ltr'><strong>pmna</strong></span> <span class='ocrx_word' id='word_1_722' title='bbox 3062 4710 3264 4765; x_wconf 84' lang='lat' dir='ltr'><strong>inflicta</strong></span> <span class='ocrx_word' id='word_1_723' title='bbox 3299 4717 3478 4768; x_wconf 85' lang='lat' dir='ltr'><strong>corri-</strong></span> 
     </span>
    </p>
   </div>
   <div class='ocr_carea' id='block_1_106' title="bbox 1903 4786 3477 4872">
    <p class='ocr_par' dir='ltr' id='par_1_106' title="bbox 1903 4786 3477 4872">
     <span class='ocr_line' id='line_1_106' title="bbox 1903 4786 3477 4872; baseline 0.005 -20"><span class='ocrx_word' id='word_1_724' title='bbox 1903 4813 2051 4869; x_wconf 82' lang='lat' dir='ltr'><strong>gere,</strong></span> <span class='ocrx_word' id='word_1_725' title='bbox 2100 4786 2190 4866; x_wconf 74' lang='grc' dir='ltr'><strong>ἱῖῦἱ</strong></span> <span class='ocrx_word' id='word_1_726' title='bbox 2239 4797 2377 4851; x_wconf 90' lang='lat' dir='ltr'><strong>scite</strong></span> <span class='ocrx_word' id='word_1_727' title='bbox 2411 4796 2736 4866; x_wconf 78' lang='lat' dir='ltr'><strong>excogitatis</strong></span> <span class='ocrx_word' id='word_1_728' title='bbox 2784 4801 3213 4872; x_wconf 88' lang='lat' dir='ltr'><strong>compositisque</strong></span> <span class='ocrx_word' id='word_1_729' title='bbox 3247 4805 3477 4860; x_wconf 82' lang='lat' dir='ltr'><strong>nexibus</strong></span> 
     </span>
    </p>
   </div>
   <div class='ocr_carea' id='block_1_107' title="bbox 1907 4889 3480 4965">
    <p class='ocr_par' dir='ltr' id='par_1_107' title="bbox 1907 4889 3480 4965">
     <span class='ocr_line' id='line_1_107' title="bbox 1907 4889 3480 4965; baseline 0.003 -21"><span class='ocrx_word' id='word_1_730' title='bbox 1907 4889 2132 4959; x_wconf 88' lang='lat' dir='ltr'><strong>capillos</strong></span> <span class='ocrx_word' id='word_1_731' title='bbox 2168 4889 2441 4957; x_wconf 90' lang='lat' dir='ltr'><strong>pleniores</strong></span> <span class='ocrx_word' id='word_1_732' title='bbox 2473 4898 2526 4941; x_wconf 90' lang='lat' dir='ltr'><strong>et</strong></span> <span class='ocrx_word' id='word_1_733' title='bbox 2557 4889 2922 4958; x_wconf 87' lang='lat' dir='ltr'><strong>elegantiorcs</strong></span> <span class='ocrx_word' id='word_1_734' title='bbox 2966 4891 3226 4956; x_wconf 77' lang='lat' dir='ltr'><strong>efﬁciunt,</strong></span> <span class='ocrx_word' id='word_1_735' title='bbox 3282 4906 3339 4949; x_wconf 80' lang='grc' dir='ltr'><strong>ιιι</strong></span> <span class='ocrx_word' id='word_1_736' title='bbox 3385 4913 3480 4965; x_wconf 88' lang='lat' dir='ltr'><strong>per</strong></span> 
     </span>
    </p>
   </div>
   <div class='ocr_carea' id='block_1_108' title="bbox 1913 4981 3478 5053">
    <p class='ocr_par' dir='ltr' id='par_1_108' title="bbox 1913 4981 3478 5053">
     <span class='ocr_line' id='line_1_108' title="bbox 1913 4981 3478 5053; baseline 0.004 -17"><span class='ocrx_word' id='word_1_737' title='bbox 1913 4985 2080 5050; x_wconf 89' lang='lat' dir='ltr'><strong>ipsos,</strong></span> <span class='ocrx_word' id='word_1_738' title='bbox 2133 4981 2300 5035; x_wconf 87' lang='lat' dir='ltr'><strong>veluti</strong></span> <span class='ocrx_word' id='word_1_739' title='bbox 2355 4998 2448 5049; x_wconf 87' lang='lat' dir='ltr'><strong>per</strong></span> <span class='ocrx_word' id='word_1_740' title='bbox 2501 4997 2678 5035; x_wconf 89' lang='lat' dir='ltr'><strong>escam</strong></span> <span class='ocrx_word' id='word_1_741' title='bbox 2729 4985 3075 5053; x_wconf 88' lang='lat' dir='ltr'><strong>quampiam,</strong></span> <span class='ocrx_word' id='word_1_742' title='bbox 3134 4987 3478 5043; x_wconf 79' lang='lat' dir='ltr'><strong>infirmorum</strong></span> 
     </span>
    </p>
   </div>
   <div class='ocr_carea' id='block_1_109' title="bbox 1910 5071 3483 5146">
    <p class='ocr_par' dir='ltr' id='par_1_109' title="bbox 1910 5071 3483 5146">
     <span class='ocr_line' id='line_1_109' title="bbox 1910 5071 3483 5146; baseline 0.006 -19"><span class='ocrx_word' id='word_1_743' title='bbox 1910 5075 2119 5127; x_wconf 89' lang='lat' dir='ltr'><strong>animas</strong></span> <span class='ocrx_word' id='word_1_744' title='bbox 2150 5074 2445 5125; x_wconf 88' lang='lat' dir='ltr'><strong>attrahant.</strong></span> <span class='ocrx_word' id='word_1_745' title='bbox 2542 5071 2746 5126; x_wconf 90' lang='lat' dir='ltr'><strong>Debent</strong></span> <span class='ocrx_word' id='word_1_746' title='bbox 2779 5075 2946 5141; x_wconf 81' lang='lat' dir='ltr'><strong>enim,</strong></span> <span class='ocrx_word' id='word_1_747' title='bbox 2983 5076 3255 5146; x_wconf 89' lang='lat' dir='ltr'><strong>inquiunt,</strong></span> <span class='ocrx_word' id='word_1_748' title='bbox 3289 5096 3483 5141; x_wconf 70' lang='lat' dir='ltr'><strong>omnes</strong></span> 
     </span>
    </p>
   </div>
   <div class='ocr_carea' id='block_1_110' title="bbox 1912 5165 3480 5240">
    <p class='ocr_par' dir='ltr' id='par_1_110' title="bbox 1912 5165 3480 5240">
     <span class='ocr_line' id='line_1_110' title="bbox 1912 5165 3480 5240; baseline 0.006 -20"><span class='ocrx_word' id='word_1_749' title='bbox 1912 5167 2094 5220; x_wconf 80' lang='lat' dir='ltr'><strong>fideles</strong></span> <span class='ocrx_word' id='word_1_750' title='bbox 2149 5165 2214 5218; x_wconf 89' lang='lat' dir='ltr'><strong>ad</strong></span> <span class='ocrx_word' id='word_1_751' title='bbox 2268 5167 2557 5234; x_wconf 76' lang='lat' dir='ltr'><strong>supernam</strong></span> <span class='ocrx_word' id='word_1_752' title='bbox 2596 5166 2921 5236; x_wconf 87' lang='lat' dir='ltr'><strong>beatamque</strong></span> <span class='ocrx_word' id='word_1_753' title='bbox 2977 5171 3140 5222; x_wconf 89' lang='lat' dir='ltr'><strong>vitam</strong></span> <span class='ocrx_word' id='word_1_754' title='bbox 3190 5173 3480 5240; x_wconf 87' lang='lat' dir='ltr'><strong>respicere,</strong></span> 
     </span>
    </p>
   </div>
   <div class='ocr_carea' id='block_1_111' title="bbox 1908 5257 3482 5332">
    <p class='ocr_par' dir='ltr' id='par_1_111' title="bbox 1908 5257 3482 5332">
     <span class='ocr_line' id='line_1_111' title="bbox 1908 5257 3482 5332; baseline 0.005 -19"><span class='ocrx_word' id='word_1_755' title='bbox 1908 5271 1962 5313; x_wconf 90' lang='lat' dir='ltr'><strong>et</strong></span> <span class='ocrx_word' id='word_1_756' title='bbox 1997 5274 2118 5312; x_wconf 90' lang='lat' dir='ltr'><strong>cum</strong></span> <span class='ocrx_word' id='word_1_757' title='bbox 2151 5257 2239 5311; x_wconf 85' lang='lat' dir='ltr'><strong>Dei</strong></span> <span class='ocrx_word' id='word_1_758' title='bbox 2283 5259 2474 5312; x_wconf 86' lang='lat' dir='ltr'><strong>timore</strong></span> <span class='ocrx_word' id='word_1_759' title='bbox 2500 5262 2814 5314; x_wconf 77' lang='lat' dir='ltr'><strong>conversari</strong></span> <span class='ocrx_word' id='word_1_760' title='bbox 2843 5281 2854 5314; x_wconf 90' lang='lat'><strong>:</strong></span> <span class='ocrx_word' id='word_1_761' title='bbox 2896 5271 2972 5324; x_wconf 89' lang='lat' dir='ltr'><strong>ut,</strong></span> <span class='ocrx_word' id='word_1_762' title='bbox 3006 5266 3184 5332; x_wconf 88' lang='lat' dir='ltr'><strong>quoad</strong></span> <span class='ocrx_word' id='word_1_763' title='bbox 3217 5267 3337 5332; x_wconf 86' lang='lat' dir='ltr'><strong>ejus</strong></span> <span class='ocrx_word' id='word_1_764' title='bbox 3369 5268 3482 5321; x_wconf 78' lang='lat' dir='ltr'><strong>fieri</strong></span> 
     </span>
    </p>
   </div>
   <div class='ocr_carea' id='block_1_112' title="bbox 1910 5352 3481 5428">
    <p class='ocr_par' dir='ltr' id='par_1_112' title="bbox 1910 5352 3481 5428">
     <span class='ocr_line' id='line_1_112' title="bbox 1910 5352 3481 5428; baseline 0.004 -23"><span class='ocrx_word' id='word_1_765' title='bbox 1910 5363 2108 5422; x_wconf 86' lang='lat' dir='ltr'><strong>potest,</strong></span> <span class='ocrx_word' id='word_1_766' title='bbox 2146 5352 2210 5406; x_wconf 87' lang='lat' dir='ltr'><strong>ad</strong></span> <span class='ocrx_word' id='word_1_767' title='bbox 2241 5369 2366 5405; x_wconf 85' lang='lat' dir='ltr'><strong>cum</strong></span> <span class='ocrx_word' id='word_1_768' title='bbox 2395 5355 2856 5424; x_wconf 69' lang='lat' dir='ltr'><strong>appropinqueut,</strong></span> <span class='ocrx_word' id='word_1_769' title='bbox 2909 5366 2963 5410; x_wconf 90' lang='lat' dir='ltr'><strong>et</strong></span> <span class='ocrx_word' id='word_1_770' title='bbox 2998 5358 3273 5411; x_wconf 80' lang='lat' dir='ltr'><strong>internum</strong></span> <span class='ocrx_word' id='word_1_771' title='bbox 3307 5363 3481 5428; x_wconf 76' lang='lat' dir='ltr'><strong>magis</strong></span> 
     </span>
    </p>
   </div>
   <div class='ocr_carea' id='block_1_113' title="bbox 1911 5442 3481 5509">
    <p class='ocr_par' dir='ltr' id='par_1_113' title="bbox 1911 5442 3481 5509">
     <span class='ocr_line' id='line_1_113' title="bbox 1911 5442 3481 5509; baseline 0.003 -14"><span class='ocrx_word' id='word_1_772' title='bbox 1911 5444 2205 5506; x_wconf 88' lang='lat' dir='ltr'><strong>hominem,</strong></span> <span class='ocrx_word' id='word_1_773' title='bbox 2241 5442 2481 5497; x_wconf 90' lang='lat' dir='ltr'><strong>animum</strong></span> <span class='ocrx_word' id='word_1_774' title='bbox 2514 5445 2744 5506; x_wconf 90' lang='lat' dir='ltr'><strong>scilicet,</strong></span> <span class='ocrx_word' id='word_1_775' title='bbox 2785 5447 2929 5498; x_wconf 89' lang='lat' dir='ltr'><strong>oumi</strong></span> <span class='ocrx_word' id='word_1_776' title='bbox 2961 5449 3160 5501; x_wconf 86' lang='lat' dir='ltr'><strong>virtute</strong></span> <span class='ocrx_word' id='word_1_777' title='bbox 3193 5462 3481 5509; x_wconf 72' lang='lat' dir='ltr'><strong>exornent,</strong></span> 
     </span>
    </p>
   </div>
   <div class='ocr_carea' id='block_1_114' title="bbox 1911 5536 3481 5607">
    <p class='ocr_par' dir='ltr' id='par_1_114' title="bbox 1911 5536 3481 5607">
     <span class='ocr_line' id='line_1_114' title="bbox 1911 5536 3481 5607; baseline -0.001 -14"><span class='ocrx_word' id='word_1_778' title='bbox 1911 5547 1962 5593; x_wconf 89' lang='lat' dir='ltr'><strong>et</strong></span> <span class='ocrx_word' id='word_1_779' title='bbox 1991 5554 2098 5593; x_wconf 90' lang='lat' dir='ltr'><strong>non</strong></span> <span class='ocrx_word' id='word_1_780' title='bbox 2124 5547 2430 5592; x_wconf 80' lang='lat' dir='ltr'><strong>externum.</strong></span> <span class='ocrx_word' id='word_1_781' title='bbox 2491 5536 2544 5591; x_wconf 90' lang='lat' dir='ltr'><strong>Si</strong></span> <span class='ocrx_word' id='word_1_782' title='bbox 2573 5538 2695 5606; x_wconf 91' lang='lat' dir='ltr'><strong>quis</strong></span> <span class='ocrx_word' id='word_1_783' title='bbox 2727 5546 2904 5591; x_wconf 86' lang='lat' dir='ltr'><strong>autem</strong></span> <span class='ocrx_word' id='word_1_784' title='bbox 2938 5547 3132 5607; x_wconf 64' lang='lat' dir='ltr'><strong>praeter</strong></span> <span class='ocrx_word' id='word_1_785' title='bbox 3159 5552 3481 5607; x_wconf 71' lang='lat' dir='ltr'><strong>praasentem</strong></span> 
     </span>
    </p>
   </div>
   <div class='ocr_carea' id='block_1_115' title="bbox 1915 5631 3484 5702">
    <p class='ocr_par' dir='ltr' id='par_1_115' title="bbox 1915 5631 3484 5702">
     <span class='ocr_line' id='line_1_115' title="bbox 1915 5631 3484 5702; baseline -0.001 -15"><span class='ocrx_word' id='word_1_786' title='bbox 1915 5647 2180 5688; x_wconf 80' lang='lat' dir='ltr'><strong>canonem</strong></span> <span class='ocrx_word' id='word_1_787' title='bbox 2238 5631 2495 5699; x_wconf 90' lang='lat' dir='ltr'><strong>deinceps</strong></span> <span class='ocrx_word' id='word_1_788' title='bbox 2557 5631 2720 5684; x_wconf 85' lang='lat' dir='ltr'><strong>vitam</strong></span> <span class='ocrx_word' id='word_1_789' title='bbox 2780 5631 3051 5697; x_wconf 85' lang='lat' dir='ltr'><strong>instituit,</strong></span> <span class='ocrx_word' id='word_1_790' title='bbox 3119 5632 3484 5702; x_wconf 74' lang='lat' dir='ltr'><strong>segregationi</strong></span> 
     </span>
    </p>
   </div>
   <div class='ocr_carea' id='block_1_116' title="bbox 1920 5721 3481 5794">
    <p class='ocr_par' dir='ltr' id='par_1_116' title="bbox 1920 5721 3481 5794">
     <span class='ocr_line' id='line_1_116' title="bbox 1920 5721 3481 5794; baseline -0.003 -14"><span class='ocrx_word' id='word_1_791' title='bbox 1920 5725 2260 5794; x_wconf 88' lang='lat' dir='ltr'><strong>subjicietur.</strong></span> <span class='ocrx_word' id='word_1_792' title='bbox 2341 5723 2480 5777; x_wconf 89' lang='lat' dir='ltr'><strong>Dicit</strong></span> <span class='ocrx_word' id='word_1_793' title='bbox 2531 5731 2710 5777; x_wconf 88' lang='lat' dir='ltr'><strong>autem</strong></span> <span class='ocrx_word' id='word_1_794' title='bbox 2741 5732 2796 5792; x_wconf 84' lang='lat' dir='ltr'><strong>ct</strong></span> <span class='ocrx_word' id='word_1_795' title='bbox 2833 5739 3059 5793; x_wconf 82' lang='lat' dir='ltr'><strong>magnus</strong></span> <span class='ocrx_word' id='word_1_796' title='bbox 3091 5722 3309 5788; x_wconf 80' lang='lat' dir='ltr'><strong>Paulus,</strong></span> <span class='ocrx_word' id='word_1_797' title='bbox 3371 5721 3481 5786; x_wconf 80' lang='lat' dir='ltr'><strong>Vir,</strong></span> 
     </span>
    </p>
   </div>
  </div>
