4218 6458
783 454 885 518 847
952 402 953 405 Ἰ

783 589 829 626 st
870 584 1074 625 comam
1127 562 1246 627 alit,
1295 574 1371 618 est
1416 570 1495 616 iui
1532 563 1817 633 ignominia
1837 563 1903 616 ".

784 663 1014 717 Mnsaica
1038 659 1168 712 dicit
1190 658 1245 711 in
1276 656 1714 720 Deutcmnontio,
1752 654 1873 708 Non
1905 656 2106 724 facietis
2140 658 2342 711 cincin-

784 772 876 809 nos
935 754 987 804 in
1022 750 1191 819 capite
1229 757 1415 801 vestro.
1480 745 1615 799 Nota
1646 763 1773 815 ergo
1828 750 1962 814 hmo,
2001 760 2217 820 propter
2246 765 2343 807 ους

782 845 873 915 qui
924 842 1150 911 capillos
1203 846 1449 897 nectunt.
1509 837 1592 891 vel
1644 838 1945 908 implicant,
1982 840 2064 894 vel
2105 839 2341 909 tingunt,

782 937 862 992 vel
899 950 1019 988 cum
1072 947 1211 1001 aqua
1256 928 1639 993 madefaciunt,
1694 930 1774 981 vel
1811 930 1993 1000 aliquo
2046 930 2153 985 alio
2187 932 2345 986 modo

780 1028 1007 1097 capillos
1037 1040 1167 1079 suos
1202 1023 1476 1094 pleniores
1506 1021 1972 1092 elegantioresque
2002 1023 2229 1088 faciunt,
2261 1025 2343 1079 vel

782 1124 848 1175 iis
893 1119 1101 1173 alienos
1153 1122 1521 1170 connectunt:
1561 1113 1812 1167 similiter
1845 1124 1899 1167 et
1947 1124 2167 1185 propter
2224 1133 2339 1180 eos,
2381 1124 2393 1140 '

780 1213 869 1282 qui
896 1211 1067 1264 instar
1099 1206 1384 1261 mulierum
1439 1213 1642 1275 partes,
1693 1220 1815 1271 quce
1856 1216 1984 1260 sunt
2006 1207 2152 1260 cit-ta
2185 1222 2341 1261 suum

779 1314 961 1367 caput,
993 1307 1212 1355 ornant.

852 1389 1100 1446 ZONAR.
1161 1391 1464 1458 Quicunque
1497 1389 1548 1441 in
1581 1384 1849 1442 Christum
1894 1388 2156 1457 baptizatt
2192 1392 2337 1454 estis,

781 1500 1003 1554 magnus
1036 1484 1232 1537 Paulus
1263 1483 1355 1546 ait,
1396 1479 1666 1534 Christum
1719 1479 1988 1533 t'nduislis.
2064 1480 2168 1545 Qui
2210 1496 2342 1536 vero

777 1579 960 1630 divino
1013 1575 1280 1645 baptismo
1330 1572 1528 1625 initiati
1578 1570 1858 1626 Christum
1913 1572 2223 1638 induerunt,
2275 1576 2343 1629 ad

778 1669 923 1721 illius
952 1665 1162 1719 vivendi
1193 1678 1438 1719 normam
1464 1677 1643 1717 mores
1664 1661 2345 1735 eoufortuare,omnesque

756 1760 1049 1828 ‘puritatis,
1103 1756 1476 1825 temperantia:
1509 1765 1671 1823 atque
1717 1756 2042 1811 innocentum
2088 1772 2343 1814 numerus

778 1854 1021 1922 implere,
1074 1866 1175 1905 nec
1225 1864 1357 1903 vero
1397 1862 1579 1902 rerum
1616 1856 1957 1902 terrenarum
1991 1852 2213 1903 vanitati
2248 1851 2339 1902 ad-

2064 448 2340 509 TliEOD.
2385 448 2788 513 BALSAMON
3925 468 4014 527 8έὸ

1981 563 2149 617 Porro
2180 574 2227 618 et
2264 566 2345 619 lex
2380 616 2381 623 η

2450 568 2505 619 δὲ
2540 569 2633 621 καὶ
2665 574 2692 621 ὸ
2728 570 2900 638 μέγας
2957 569 3200 635 Παῦλος·
3252 571 3435 638 Ἀνὴρ
3471 570 3579 623 ἐὰν
3608 570 3785 640 κομᾷ,
3821 572 4010 640 ἀτιμία

2453 658 2614 725 αὐτῷ
2673 662 2826 715 ἐστι.
2877 663 2982 715 Καὶ
3011 666 3037 716 ὁ
3060 662 3351 725 Μωσαῖκὸς
3378 662 3435 715 δὲ
3463 663 3627 730 νόμος
3682 662 3834 730 λέγει
3862 666 3919 714 ἐν
3945 666 4011 731 τῷ

2452 752 2853 825 Δευτερονομίῳ
2879 772 2894 788 ·
2938 756 3019 809 Οὐ
3077 755 3364 820 ποιήσετε
3415 760 3637 822 σισόην
3683 755 3754 807 ἐκ
3785 755 3898 822 τῆς
3931 775 4011 807 κε-

2451 844 2652 914 φαλῆς
2683 846 2868 911 ὑμῶν.
2902 848 3217 917 Σημείωσαι
3246 844 3341 901 οὖν
3373 847 3546 901 ταῦτα
3595 847 3684 899 διὰ
3717 848 3847 909 τοὺς
3886 848 4012 899 κλώ-

2452 936 2647 998 θοντας
2695 936 2727 1006 ἢ
2780 937 3082 1001 πλέκοντας
3130 936 3526 1026 ῆκβάπτοντας
3562 935 3594 1004 ἢ
3631 935 3775 1003 μετὰ
3830 935 4009 996 ὓδατος

2454 1026 2772 1097 βρέχοντας,
2800 1027 2833 1098 ἦ
2865 1027 3038 1091 ἄλλως
3067 1044 3184 1089 πως
3214 1025 3609 1096 πληθύνοντας
3662 1026 3760 1078 καὶ
3816 1025 4010 1077 καλλω-

2453 1119 2709 1185 πίζοντας
2748 1120 2846 1183 τὰς
2877 1120 3084 1183 οἰκείας
3130 1120 3346 1188 τρίχας,
3380 1118 3413 1189 ἦ
3444 1118 3673 1180 ταύταις
3727 1117 4010 1186 ἀλλοτρίας

2453 1215 2840 1275 συνεῖιτττοντας⁸
2865 1212 3128 1275 ὡσαύτως
3179 1214 3426 1274 καὶτοὺς
3458 1210 3827 1273 καλλύνοντας
3882 1214 4009 1266 κατᾶ

2451 1307 2721 1373 γυναῖκας
2748 1306 2817 1357 τὰ
2848 1304 2982 1373 περὶ
3010 1306 3109 1373 τὴν
3143 1304 3394 1373 κεφαλὴν
3431 1304 3573 1372 μέρη
3598 1302 3808 1354 αὐτῶν.

2523 1397 2769 1451 ΖΩΝΑΡ.
2803 1397 2967 1450 Ὅσοι
2997 1398 3079 1457 εἰς
3104 1396 3366 1462 Χριστὸν
3403 1394 3822 1458 ἐϐαπτίσθητε,
3882 1393 4008 1458 ‘Xpt-

2453 1489 2605 1543 στὸν
2641 1488 3035 1552 ἐνεδύσασθε,
3067 1487 3095 1539 ὁ
3142 1487 3314 1557 μέγας
3380 1484 3584 1548 Παῦλός
3621 1500 3815 1553 φησιν.
3855 1486 3917 1536 Οἱ
3962 1483 4009 1535 δὲ

2451 1581 2537 1633 διὰ
2572 1580 2665 1648 τοῦ
2698 1580 2843 1632 θείου
2884 1578 3257 1648 βαπτίσματος
3286 1578 3378 1629 τὸν
3407 1577 3639 1646 Χριστὸν
3667 1576 4009 1644 ἐνδυσάμενοι

2452 1673 2573 1726 κατ’
2638 1675 2846 1727 ἐκεῖνον
2883 1674 3159 1742 ὀφείλουσι
3218 1671 3622 1736 πολιτεύεσθαι,
3687 1673 3781 1725 καὶ
3842 1673 4010 1724 πᾶσαν

2454 1766 2675 1833 ἁγνείαν
2709 1767 2801 1818 καὶ
2836 1764 3191 1836 σωφροσύνην
3219 1766 3459 1833 μετιέναι
3507 1766 3596 1817 καὶ
3651 1763 4008 1834 καθαρότητα,

2452 1860 2545 1911 καὶ
2604 1858 2677 1928 μὴ
2717 1860 2783 1929 τῇ
2841 1858 2939 1927 τῆς
2993 1856 3128 1929 ὕλης
3171 1856 3605 1928 προστετηκέναι
3663 1856 4008 1925 ματαιότητι,

724 1982 727 1983 ν
778 1948 1102 2003 haerescere.
1150 1954 1240 1997 aut
1292 1954 1633 2010 supervacuo
1681 1939 1952 2010 nimisque
1998 1940 2251 1996 atiectato
2291 1954 2345 1997 et

2451 1950 2544 2001 ml.
2576 1948 2635 2002 τὸ
2689 1949 2850 2017 σῶμα
2902 1951 3127 2014 κοσμεῖν
3154 1947 3425 2016 περιττῶς
3455 1964 3515 1999 τε
3550 1947 3641 2000 καὶ
3671 1947 4003 2016 περιέργως.

776 2052 1003 2107 operoso
1058 2033 1302 2103 corporis
1357 2034 1572 2087 ornatui
1628 2032 1906 2101 indulgere
1951 2032 2127 2087 decet.
2214 2035 2342 2100 Qua:

776 2144 939 2201 porro
976 2128 1155 2197 magis
1202 2127 1448 2180 affectata
1494 2140 1557 2179 ac
1592 2137 1992 2195 supervacanea
2040 2127 2338 2180 exornandi

772 2224 1022 2293 corporis
1072 2221 1239 2286 ratio,
1298 2234 1459 2290 quam
1497 2235 1708 2283 eorum,
1734 2219 1825 2287 qni
1884 2219 2138 2287 capillum
2175 2221 2340 2274 variis

777 2318 1006 2370 nexibus
1038 2314 1343 2384 implicant,
1380 2313 1548 2366 multa
1578 2321 1692 2364 arte
1723 2311 2044 2381 disponunt,
2076 2312 2127 2365 in
2160 2323 2342 2383 partes

772 2409 1042 2463 concinne
1065 2405 1338 2469 dividunt,
1386 2417 1564 2474 eoque
1591 2403 1972 2457 imbecilliores
2002 2403 2056 2456 in
2090 2402 2194 2457 [ille
2220 2405 2341 2458 ani-

778 2517 915 2562 mos,
963 2500 1170 2569 quique
1222 2507 1500 2565 propterea
1533 2495 1598 2549 ad
1628 2496 2097 2561 intemperantiam
2129 2495 2341 2552 facilius

771 2592 1120 2653 delabuntur,
1145 2591 1289 2643 velut
1311 2588 1541 2653 quadam
1560 2601 1684 2640 esca
1707 2586 1988 2656 deceptos,
2010 2588 2063 2641 in
2093 2586 2339 2643 fraudem

772 2684 1050 2739 alliciunt?
1101 2683 1268 2752 Igitur
1305 2680 1476 2735 divini
1537 2681 1615 2734 illi
1668 2679 1857 2736 Patres
1909 2682 2130 2751 implexi
2183 2684 2341 2738 nodis

772 2788 1002 2847 apteque
1049 2791 1113 2831 ac
1162 2774 1407 2829 studiose
1457 2770 1745 2844 compositi
1792 2773 1973 2843 capilli
2021 2776 2341 2845 meminere.

769 2871 914 2926 Nihil
941 2871 1082 2926 enim
1131 2870 1301 2931 aliud,
1356 2878 1417 2922 ut
1443 2869 1677 2933 videtur,
1722 2869 1777 2922 in
1825 2879 2024 2923 ornatu
2057 2884 2339 2924 comarum

767 2982 834 3020 eo
871 2974 1115 3034 tempore
1145 2962 1489 3033 pec-cabatur.
1543 2960 1687 3016 Nihil
1722 2977 1913 3016 eorum
1946 2964 2177 3028 scilicet,
2221 2980 2343 3033 qua:

771 3056 977 3110 nostris
1014 3054 1353 3123 temporibus
1380 3053 1435 3107 in
1461 3053 1659 3123 capillo
1690 3053 1952 3122 tingendo
1978 3055 2343 3124 (ingenuoque

770 3149 1017 3201 homines
1064 3147 1389 3211 elaborant;
1465 3145 1558 3214 qui
1618 3144 1835 3212 quidem
1888 3163 2047 3203 omne
2102 3149 2339 3203 Studium

768 3255 927 3293 suum
957 3254 1024 3292 eo
1060 3237 1373 3301 conferunt,
1406 3246 1465 3291 ut
1496 3252 1708 3293 comam
1739 3238 1909 3302 alant,
1960 3255 2024 3293 ac
2056 3239 2333 3295 cincinno-
2365 3273 2407 3330 ρ

768 3350 884 3386 rtnn
921 3331 1185 3392 fimbrias,
1237 3330 1561 3384 feminarum
1603 3331 1733 3394 ritu,
1785 3333 1828 3384 si
1880 3333 1993 3385 fieri
2030 3333 2222 3401 possit,
2271 3336 2336 3386 ad

767 3438 958 3476 zonam
1012 3437 1186 3490 usque
1240 3420 1554 3475 demittant.
1650 3421 1706 3475 In
1755 3438 1864 3491 quo
1898 3438 2003 3477 non
2055 3425 2229 3479 solum
2265 3427 2337 3479 illi

768 3514 1023 3567 nimirum
1074 3512 1139 3567 de
1186 3528 1295 3566 non
1346 3511 1623 3567 tendendo
1671 3513 1869 3582 capillo
1921 3513 2139 3567 solliciti
2188 3526 2337 3580 sunt,

774 3604 871 3661 sed
928 3605 1131 3667 etiam,
1196 3614 1554 3672 prmterquam
1614 3604 1756 3674 quod
1813 3603 2123 3659 ferramenti
2179 3622 2340 3661 omne

764 3713 937 3767 genus
992 3712 1019 3749 a
1067 3697 1245 3766 capite
1304 3704 1576 3755 amovent,
1626 3697 1808 3749 omnia
1864 3707 2120 3765 prmterea
2173 3715 2340 3752 cunne

766 3786 1071 3842 nutrienda:
1140 3794 1232 3839 aut
1298 3784 1558 3855 augendae
1622 3785 2018 3842 medicamenta
2094 3789 2340 3845 studiose

764 3878 928 3931 nimis
980 3886 1144 3944 atque
1202 3884 1460 3930 accurate
1513 3877 1869 3946 conquirunt.
1951 3878 2183 3950 Fingunt
2235 3883 2336 3937 sibi

765 3968 961 4022 exinde
1002 3968 1207 4029 crines,
1256 3968 1594 4031 calamistro,
1642 3983 1751 4039 quo
1783 3970 1949 4040 crispi
1978 3972 2131 4036 ﬁant,
2166 3973 2340 4027 intor-

766 4072 1020 4125 quentes;
1085 4060 1301 4129 tingunt
1347 4074 1584 4129 quoque,
1640 4058 2067 4125 tit-ﬂavescant,
2117 4072 2170 4118 et
2216 4066 2335 4119 auri

768 4155 1003 4223 speciem
1063 4154 1319 4207 referant.
1408 4152 1513 4206 Alii
1572 4166 1712 4222 aqua
1755 4152 2088 4210 madefactos
2138 4156 2189 4210 in
2225 4159 2340 4214 sole

768 4245 1061 4312 explicant,
1099 4242 1328 4312 ejusque
1355 4241 1522 4296 radiis
1554 4242 1754 4295 torreri
1792 4243 2097 4311 patiuntur,
2133 4254 2191 4299 ut
2223 4257 2339 4301 ater

771 4335 892 4388 inde
922 4333 1245 4403 capillorum
1274 4334 1423 4388 color
1448 4332 1791 4389 imntutetur.
1877 4333 2015 4391 Sunt
2048 4338 2209 4392 etiam
2246 4340 2336 4408 qui

770 4428 1048 4480 mentitam
1067 4426 1367 4489 cazsariem,
1395 4426 1576 4482 nativo
1599 4441 1662 4480 ac
1692 4427 1931 4497 ingenito
1949 4430 2100 4485 crine
2121 4431 2333 4497 abraso,

766 4517 1019 4571 induunt.
1085 4519 1257 4584 Atque
1283 4516 1396 4569 haec
1426 4515 1642 4584 quidem
1678 4512 1781 4571 hoc
1804 4527 2069 4587 tempore,
2098 4520 2261 4592 274
2283 4522 2335 4575 in

2442 2042 2507 2092 Τί
2553 2040 2597 2092 δ’
2645 2039 2712 2093 ἂν
2739 2040 2949 2107 γένοιτο
2994 2038 3408 2108 περιεργότερόν
3435 2054 3492 2089 τε
3545 2038 3640 2089 καὶ
3697 2038 4010 2106 περιττότε-

2419 2148 2535 2200 ·ρον
2565 2130 2826 2201 κόσμημα
2853 2130 2947 2183 τοῦ
2973 2130 3069 2192 τὰς
3093 2132 3286 2200 τρίχας
3315 2130 3414 2198 τῆς
3463 2128 3706 2198 κεφαλῆς
3771 2130 4008 2195 πλέκειν,

2443 2223 2533 2275 καὶ
2559 2219 2618 2276 εὖ
2641 2222 2932 2276 διατιθέναι
2953 2224 3045 2275 καὶ
3067 2221 3459 2286 διασκευάζειν,
3482 2220 3671 2290 δέλεαρ
3697 2222 3863 2274 αὐτὸν
3880 2222 4012 2274 ἀπά-

2441 2334 2538 2386 την
2575 2315 2929 2386 προτιθέντας
2977 2316 3097 2377 ταῖς
3119 2314 3463 2382 ἀστηρίκτοις
3500 2313 3634 2381 πρὸς
3682 2315 3784 2383 τὴν
3839 2314 4011 2364 πίστιν

2441 2408 2658 2478 ψυχαῖς,
2676 2405 2965 2461 κάντεῦθεν
2998 2405 3132 2475 πρὸς
3155 2403 3445 2458 ἀκολασίαν
3467 2405 3558 2458 εὐο
3571 2404 3771 2466 λίσθοις
3792 2405 3892 2470 ;οί
3922 2403 4011 2473 μὲν

2442 2500 2532 2553 οὖν
2573 2501 2703 2553 θεῖοι
2734 2499 2975 2568 Πατέρες
3009 2496 3203 2550 ἐκεῖνοι
3265 2498 3360 2550 τοῦ
3406 2496 3472 2551 δι’
3499 2497 3776 2566 ἐμπλοκῆς
3803 2497 4010 2548 εὐθετί-

2444 2587 2556 2650 ζειν
2578 2587 2674 2639 καὶ
2702 2585 3080 2649 διασκευαζειν
3109 2586 3208 2647 τὰς
3237 2586 3411 2654 κόμας
3443 2585 3813 2656 ἐμνήσθησαν.
3847 2584 4014 2638 Οὐδὲν

2442 2677 2551 2748 γὰρ
2582 2678 2768 2745 ἕτερον
2804 2677 2923 2731 τότε
2955 2678 3085 2745 περὶ
3132 2677 3229 2747 τὴν
3274 2679 3449 2746 κόμην
3493 2678 3659 2745 τισὶν,
3711 2679 3790 2741 ὡς
3840 2678 4012 2735 ἔοικε.

2448 2788 2513 2822 πε
2526 2771 2867 2839 ριείργαστο,
2899 2765 2985 2823 οἶα
3015 2770 3112 2823 νῦν
3147 2772 3257 2832 τοῖς
3285 2770 3676 2839 τριχοὸἀπταις
3702 2771 3803 2823 καὶ
3835 2788 4019 2841 τριχο-

2444 2860 2709 2922 τιλάσταις
2762 2860 3187 2930 περιεργάζεται
3214 2902 3227 2923 ,
3268 2862 3450 2912 πᾶσαν
3476 2861 3712 2931 σπουδὴν
3747 2865 4017 2932 ποιουμέ·

2442 2968 2554 3011 νοις
2618 2952 2815 3021 κομᾷν,
2872 2952 2965 3004 καὶ
3017 2952 3375 3018 γυναικώδεις
3425 2953 3615 3023 φέρειν
3670 2953 4015 3023 βοστρύχους

2446 3045 2609 3113 μέχρι
2636 3044 2913 3114 ζωστῆρος
2963 3044 3347 3112 καθιεμένους,
3400 3047 3450 3098 εἰ
3477 3047 3721 3100 δυνατόν.
3756 3045 3940 3100 Τοῦτο
3975 3049 4016 3100 δ’

2442 3140 2541 3191 οὐκ
2569 3140 2631 3190 ὲκ
2659 3136 2821 3206 μόνου
2851 3136 2945 3190 τοῦ
2979 3136 3056 3207 μὴ
3082 3137 3287 3206 κείρειν
3316 3138 3415 3204 τῆς
3449 3139 3628 3209 κόμης
3657 3138 3718 3192 τὸ
3742 3140 4009 3209 περιττόν

2446 3246 2631 3298 σφισιν
2658 3228 3102 3297 ἐπιτετήδευται,
3135 3228 3272 3282 ἀλλὰ
3300 3229 3434 3298 πρὸς
3456 3230 3515 3303 το
3549 3232 3623 3300 μὴ
3644 3230 3871 3300 σίδηρον
3896 3234 4020 3285 ἀναο

2443 3321 2645 3373 ϐαίνειν
2678 3318 2770 3371 ἐπὶ
2808 3320 2906 3388 τῆς
2961 3320 3207 3387 κεφαλῆς
3244 3321 3445 3385 αὐτῶν,
3488 3322 3585 3375 καὶ
3633 3321 3860 3375 ἃπασαν
3913 3325 4013 3394 τὴν

2442 3412 2618 3481 κόμην
2652 3412 2875 3482 τρέφειν
2908 3413 3090 3473 αὐτοῖς
3123 3413 3385 3481 πεφυκὸς,
3414 3416 3508 3467 καὶ
3546 3413 3772 3482 βαθεῖαν
3841 3421 4021 3467 ποιεῖν

2443 3502 2859 3571 περιείργασται
2884 3515 2899 3531 ⁸
2930 3502 3258 3557 πλάττονταί
3296 3502 3359 3555 τέ
3389 3521 3571 3572 σφισιν
3614 3506 3673 3556 ai
3705 3506 3881 3575 κόμαι
3918 3524 4013 3559 κει.⁴

2441 3594 2639 3662 λὰμοις
2673 3593 3058 3663 συειδοὺμεναι,
3097 3593 3163 3645 ἵν’
3198 3594 3388 3656 αὐταῖς
3436 3595 3661 3661 οὐλότης
3698 3599 4019 3666 προσγένη-

2439 3704 2527 3740 ται
2553 3703 2567 3716 ·
2597 3686 2690 3740 καὶ
2724 3686 3013 3755 βάπτονται
3051 3688 3109 3740 δὲ
3138 3688 3206 3740 ἶν’
3236 3683 3347 3739 εἷεν
3379 3687 3568 3750 ξανθαὶ
3596 3689 3692 3740 καὶ
3716 3692 4019 3758 χρυσίζον-

2440 3796 2549 3832 σαι.
2583 3781 2645 3831 Οἱ
2682 3780 2738 3832 δὲ
2771 3780 2866 3833 καὶ
2891 3778 3045 3834 ὕδατι
3075 3780 3173 3849 τὴν
3206 3779 3367 3850 τρίχα
3396 3779 3493 3848 τῆς
3524 3779 3776 3849 κεφαλῆς
3802 3784 4020 3835 ποιοῦν-

2441 3890 2529 3935 τες
2556 3872 2842 3942 διάϐροχον
2870 3871 3268 3942 εἱληθερεῖσθαι
3301 3872 3510 3937 ταύτην
3540 3872 3597 3922 ὲν
3620 3872 3783 3943 ἀκμῇ
3817 3872 4013 3944 θέρους

2441 3962 2745 4029 ἀνέχονται,
2778 3959 2843 4012 ἵν’
2874 3960 3059 4023 αὐτοῖς
3090 3962 3150 4013 τὸ
3198 3961 3364 4029 μέλαν
3398 3961 3776 4033 μεταδληθείη
3814 3964 3876 4016 τὸ
3909 3965 4015 4016 τῶν

2438 4053 2661 4123 τριχῶν.
2700 4053 2816 4104 Εἰσὶ
2849 4052 2895 4104 δ’
2926 4053 2976 4105 οἳ
3012 4055 3104 4106 καὶ
3136 4053 3322 4114 νόθους
3348 4052 3663 4121 πλοκάμους
3690 4057 4017 4125 περιτιθέαο

2441 4162 2525 4198 σιν
2552 4146 2791 4209 ἑαυτοῖς,
2842 4144 2941 4213 τὴν
2988 4146 3187 4214 ἐγγενῆ
3217 4162 3275 4197 τε
3327 4148 3420 4197 καὶ
3446 4145 3674 4214 συμφυῆ
3708 4146 4021 4217 ξυρώμενοι

2442 4236 2732 4306 τρίχωσιν.
2772 4234 2877 4288 Καὶ
2926 4237 2959 4305 ή
3006 4237 3103 4304 μὲν
3150 4236 3293 4304 κόμη
3340 4235 3433 4287 νῦν
3466 4235 3607 4287 οὕτω
3668 4240 3791 4301 τοῖς
3834 4240 4020 4292 πλείο-

2441 4346 2525 4381 σιν
2551 4327 2885 4391 εὐθετίζεταί
2915 4343 2973 4379 τε
3021 4328 3114 4380 καὶ
3142 4326 3548 4379 διεσκεύασται·
3590 4326 3741 4380 ἅπαν
3775 4330 3835 4382 δὲ
3866 4332 4021 4383 τοῦν-

2438 4422 2617 4474 αντίον
2675 4420 2804 4490 περὶ
2858 4418 2950 4471 τὸν
3011 4418 3246 4487 πώγωνα
3291 4418 3701 4488 διαπράττεται.
3770 4416 3870 4486 Οἷς
3924 4424 4020 4491 μὶν

2440 4516 2547 4582 γὰρ
2601 4511 2727 4581 ἄρτι
2758 4511 2819 4563 τὸ
2867 4514 3146 4579 νεοτὴσιον
3191 4509 3352 4572 ἄνθος
3383 4510 3601 4578 φύεται,
3659 4511 3897 4581 ξυρᾶται
3928 4516 4019 4567 αὐ-

768 4605 1149 4676 componendo
1181 4605 1537 4674 ornandoque
1568 4606 1783 4675 capillo,
1834 4623 1863 4660 a
1900 4608 2147 4676 plurimis
2176 4626 2333 4665 usur-
2368 4609 2381 4663 l

2440 4609 2587 4667 τίκα,
2623 4604 2712 4657 ἵνα
2749 4605 2823 4673 μὴ
2855 4603 2934 4665 εἰς
2969 4601 3145 4654 ἴουλον
3184 4604 3449 4673 καταστῇ,
3487 4603 3627 4655 ἀλλὰ
3661 4604 3889 4675 λειότης
3926 4608 4019 4658 αὖ·

766 4708 984 4769 pantur.
1087 4698 1288 4751 Contra
1338 4712 1466 4750 vero
1529 4698 1751 4763 omnia,
1796 4699 1943 4769 quod
1997 4701 2062 4754 ad
2118 4701 2338 4757 barbam

768 4792 983 4852 attinet,
1020 4791 1136 4845 fieri
1172 4804 1528 4845 consuevere.
1593 4789 1804 4856 Quibus
1834 4793 2034 4846 etenim
2080 4794 2339 4863 juvenilis

766 4884 855 4937 ille
889 4882 1146 4936 ﬂosculus
1175 4884 1410 4953 primum
1460 4882 1781 4948 innascitur,
1822 4883 1975 4938 illum
2007 4887 2213 4953 subito,
2272 4904 2338 4943 tte

768 4987 823 5028 tn
861 4975 1168 5045 lanuginem
1205 4985 1509 5040 excrescat,
1568 4974 1662 5028 sed
1712 4976 1952 5044 ipsorum
1985 4976 2037 5030 in
2072 4976 2210 5034 facie
2246 4979 2338 5035 Ia:-

766 5066 903 5120 vitas
939 5066 1194 5128 oberret,
1256 5068 1473 5134 sintque
1518 5065 1803 5121 mulierum
1844 5066 2018 5122 instar
2062 5071 2233 5125 teneri
2269 5087 2331 5128 ac

763 5159 976 5221 molles,
1027 5156 1213 5210 abradi
1241 5156 1455 5226 jubent.
1531 5157 1741 5223 Quibus
1775 5172 1905 5212 vero
1933 5157 2147 5230 longius
2173 5170 2333 5218 etate

763 5244 1033 5311 provectis
1082 5244 1365 5298 densiores
1417 5244 1527 5298 fere
1583 5245 1675 5313 pili
1731 5255 1914 5301 mento
1972 5260 2329 5314 enascuntur,

763 5337 861 5399 illi,
893 5352 958 5390 ne
984 5335 1309 5390 demissiore
1338 5335 1503 5389 barba
1534 5336 1961 5405 conspiciantur,
2010 5354 2039 5392 a
2071 5343 2328 5395 novacula

762 5428 979 5497 quidem
1031 5427 1345 5490 abstinent,
1414 5436 1570 5482 testa:
1631 5444 1760 5483 vero
1808 5430 1977 5499 ignito
2023 5412 2325 5504 fragmento

763 5518 943 5572 barbae
990 5519 1227 5583 admoto,
1293 5518 1563 5589 quidquid
1609 5535 1639 5574 e
1690 5530 1873 5574 mento
1915 5521 2077 5577 altius
2123 5523 2326 5579 eminet

758 5614 1168 5678 depascuntur,
1222 5620 1545 5679 tantumque
1598 5611 1871 5680 linquunt,
1937 5618 1995 5664 ut
2054 5612 2324 5683 lanuginis

761 5703 922 5755 modo
954 5704 1299 5770 pubescentis
1328 5703 1629 5759 similitudo
1669 5717 1963 5773 appareat;
2017 5721 2079 5761 ac
2114 5707 2224 5778 jam
2266 5710 2320 5763 in

834 5878 874 5907 ³⁷
909 5879 921 5931 l
956 5878 1081 5933 Cor.
1119 5896 1194 5944 χι,
1226 5879 1308 5932 li.

2436 4696 2545 4747 τῶν
2576 4696 2861 4765 ἐπιπρέπῃ
2889 4695 3007 4756 ταῖς
3036 4694 3215 4759 ὕψεσι,
3251 4692 3347 4744 καὶ
3400 4687 3512 4746 οἷον
3546 4695 3731 4747 εἰπεῖν
3765 4699 4018 4763 γυναικί-

2436 4789 2612 4852 ζοιντό
2643 4804 2702 4840 τε
2738 4789 2833 4840 καὶ
2865 4786 3254 4856 μαλακίζοιντο
3274 4803 3287 4817 ·
3323 4781 3407 4850 οἷς
3436 4786 3491 4839 δὲ
3523 4788 3798 4856 προήκων
3820 4790 3851 4840 ό
3886 4790 4019 4858 χρό-

2434 4897 2523 4943 νος
2553 4880 2696 4932 κατᾶ
2723 4879 3048 4946 συστήματα
3082 4878 3269 4948 σχεδὸν
3321 4882 3466 4930 ποιεῖ
3514 4877 3615 4939 τὰς
3670 4878 3877 4948 τρίχας
3926 4878 4017 4931 τοῦ

2437 4971 2697 5040 πώγωνος
2726 4969 2980 5038 φύεσθαι,
3022 4970 3110 5023 ῖνα
3146 4971 3219 5040 μὴ
3253 4969 3354 5039 τὴν
3387 4970 3594 5038 ὑπήνην
3627 4970 3855 5037 φέροιεν
3885 4970 4015 5022 καθ.

2440 5065 2702 5134 ειμένην,
2742 5056 2888 5117 οὗτοι
2934 5062 3227 5131 ἀπέχονται
3286 5063 3383 5132 μὲν
3441 5060 3629 5132 ξυροῦ,
3684 5062 4015 5132 κεράμουε

2434 5156 2553 5209 ἐστὶ
2589 5154 2849 5226 θραῦσμα
2900 5153 3160 5224 ἄνθραξιν
3215 5153 3631 5223 ὲκπυρούμενον
3690 5158 3761 5225 τῇ
3832 5157 4015 5225 in:qu

2434 5247 2834 5314 προσφέρουσι,
2861 5245 2956 5297 καὶ
2980 5245 3172 5296 τούτου
3203 5243 3295 5296 τοῦ
3360 5243 3621 5312 πώγωνος
3680 5245 3837 5300 ἅπαν
3865 5250 4011 5300 ἐκτε-

2434 5336 2631 5406 φροῦσι
2668 5337 2729 5388 τὸ
2791 5336 3189 5406 αἰωρούμενον,
3222 5336 3471 5389 λείπουσι
3507 5336 3561 5389 δὲ
3592 5338 3886 5403 τοσοῦτον,
3945 5342 4015 5401 ὡς

2431 5428 2609 5480 δοκεῖν
2637 5427 2760 5496 ἄρτι
2787 5428 2878 5479 τὸν
2908 5427 3083 5480 ἴουλον
3110 5428 3346 5496 φύεσθαι
3371 5443 3383 5455 ’
3417 5428 3512 5481 καὶ
3543 5429 3673 5492 τοὺς
3706 5432 3792 5495 εἰς
3814 5431 4016 5501 ἄιδρις

2434 5516 2533 5586 ἤδη
2566 5517 2892 5580 τελέσαντας
2929 5520 3231 5580 νεανίσκοις
3265 5518 3502 5571 ἐοικέναι
3532 5519 3779 5588 πρώτοις
3811 5524 3994 5591 tim-3w}

2432 5630 2575 5673 ταις.
2610 5612 2795 5667 Ταῦτα
2826 5615 2883 5668 δὲ
2904 5616 2964 5667 οὐ
2995 5618 3104 5675 τοῖς
3128 5615 3351 5685 τυχοῦσι
3385 5614 3571 5685 μόνοις
3599 5616 4015 5687 ἐπιτηδεύεται,

2434 5706 2569 5760 ἀλλὰ
2605 5708 2699 5761 καὶ
2752 5709 2864 5771 τοῖς
2899 5708 3162 5780 ὑπερλίαν
3211 5708 3417 5770 αὐτοῖς.
3471 5707 3639 5760 Ὅθεν
3684 5711 4017 5780 κατενεχθὲδ
