4218 6458
761 579 792 616 n
803 581 813 613 ί
825 579 887 642 I‘S.

762 666 819 709 ut
851 671 916 709 ex
977 659 1192 726 templis
1246 657 1599 726 ejicercntur,
1663 657 1809 726 quod
1870 658 1921 711 id
1972 664 2120 711 esset
2172 669 2323 710 extra

698 822 702 826 .
758 766 977 830 omnem
1027 754 1474 807 controversiam.
1527 751 1795 818 Quoniam
1833 761 2035 813 autem,
2084 752 2173 819 qui
2227 750 2325 802 ba-

759 844 887 896 bent
933 843 1215 906 ecclesias,
1270 843 1429 913 275
1464 845 1875 898 catechumenia
1922 855 2139 912 quoque
2186 842 2326 896 deti-

757 945 907 995 nent,
938 934 1196 989 dixerunt
1223 935 1581 1004 Patres,qnod
1613 954 1718 991 non
1751 938 1923 991 solum
1961 938 2026 988 ab
2058 935 2322 999 ecclesiis,

759 1024 851 1079 sed
898 1027 1063 1080 etiam
1108 1043 1134 1079 a
1188 1031 1612 1084 catccbnmeniis
1660 1029 2022 1099 expellentur.
2097 1028 2335 1084 l’ulchre‘

756 1127 936 1171 autem
967 1119 1256 1172 admodum
1283 1121 1636 1176 ecclesiarum
1672 1122 2000 1176 mentionem
2037 1136 2143 1176 non
2182 1121 2326 1175 fece-

757 1218 908 1276 runt,
966 1211 1058 1264 sed
1093 1226 1375 1266 sacrorum
1430 1213 1697 1268 locorum.
1759 1216 1892 1268 Cum
1922 1215 2148 1268 muliere
2179 1216 2324 1267 enim

758 1304 813 1357 in
846 1304 1092 1358 ecclesiis
1134 1306 1379 1360 habitare
1422 1318 1503 1360 est
1550 1309 1783 1361 maxime
1822 1308 2045 1378 impium
2086 1318 2188 1363 :-et
2227 1323 2327 1361 nec

759 1392 1011 1448 Patribus
1041 1396 1258 1464 quidem
1292 1397 1438 1449 venit
1470 1398 1522 1450 in
1559 1405 1818 1457 mentem,
1876 1396 1992 1451 fore
2026 1406 2084 1450 ut
2118 1397 2183 1451 ab
2216 1396 2327 1450 ullo

758 1494 867 1539 tam
907 1485 1130 1555 impium
1165 1486 1343 1540 scelus
1370 1487 1722 1555 suscipiatur.
1772 1484 1932 1539 Fiunt
1961 1494 2141 1540 autem
2173 1499 2325 1539 sacra

756 1579 874 1633 loca
903 1579 1235 1644 communia,
1277 1595 1372 1648 per
1406 1580 1643 1650 turpium
1684 1589 1736 1633 et
1770 1579 1988 1634 minime
2015 1578 2328 1633 decentium

757 1680 1013 1726 cantuum
1059 1672 1627 1736 communicationem,
1677 1688 1744 1726 ex
1793 1687 1857 1725 eo
1884 1671 2025 1741 quod
2057 1686 2176 1724 cum
2211 1686 2329 1723 mu-

761 1764 983 1819 lieribus
1018 1765 1068 1817 in
1100 1763 1166 1820 iis
1203 1773 1506 1827 maneatur,
1551 1774 1605 1819 et
1642 1779 1737 1832 per
1769 1764 2089 1841 cellularum
2120 1762 2198 1816 vel
2231 1778 2325 1815 co-

759 1860 1048 1929 quinarum
1080 1869 1133 1910 et
1184 1858 1413 1911 aliorum
1454 1856 1722 1925 ejusmodi
1773 1859 2224 1913 exstructionem.
2253 1859 2326 1910 Ac

761 1951 986 2004 canonis
1038 1950 1254 2020 quidem
1312 1959 1778 2019 transgressores,
1846 1950 1888 2003 si
1941 1949 2051 2002 sint
2106 1949 2323 2018 quidem

763 2045 986 2107 clerici,
1044 2044 1394 2113 deponendos
1448 2046 1801 2097 decernunt:

761 2134 1265 2189 communicandos.
1327 2134 1463 2203 Lege
1495 2144 1549 2188 et
1578 2148 1697 2203 cap.
1727 2134 1791 2187 12
1821 2134 1904 2186 tit.
1940 2134 2096 2200 primi
2156 2134 2249 2187 lib.
2288 2132 2328 2185 V

762 2231 905 2299 quod
942 2231 1176 2300 positum
1213 2237 1294 2283 est
1326 2229 1377 2281 in
1410 2229 1859 2296 interpretatione
1892 2227 1959 2282 88
2021 2242 2144 2281 can.
2220 2225 2330 2281 Nec

760 2325 856 2378 tibi
892 2323 1226 2379 contrarium
1261 2336 1382 2376 esse
1415 2320 1681 2381 videatut,
1732 2319 1872 2386 quod
1922 2320 2114 2374 doceat
2142 2321 2327 2374 termi—

761 2410 861 2474 nos
908 2417 1147 2473 ecclesiae
1208 2432 1330 2471 esse
1370 2415 1584 2469 lavacra
1641 2424 1692 2466 et
1745 2415 1930 2467 hortos
1978 2424 2031 2468 et
2090 2415 2331 2482 porticus

762 2513 905 2576 ejus,
960 2522 1010 2563 ct
1040 2517 1320 2578 propterea
1358 2525 1460 2563 non
1498 2523 1658 2577 posse
1688 2508 1996 2576 quempiam
2031 2523 2092 2561 ex
2144 2506 2207 2560 iis
2236 2521 2331 2559 cos

764 2602 1103 2667 abstrahere,
1164 2601 1255 2671 qui
1316 2601 1442 2654 illuc
1502 2599 1919 2666 confugerunt:
1982 2598 2035 2650 in
2069 2613 2134 2649 eo
2187 2598 2330 2649 enim

764 2697 880 2753 solo
919 2695 1166 2749 videntur
1215 2709 1335 2749 csse
1378 2705 1554 2761 partes
1605 2693 1869 2745 ecclesiae.
1953 2690 2132 2758 Ipsum
2188 2691 2330 2743 enim

764 2800 927 2860 caput
952 2789 1009 2851 in
1047 2788 1112 2842 iis
1155 2796 1208 2840 et
1255 2785 1492 2839 dormire
1544 2794 1596 2838 et
1640 2797 1886 2838 contesse
1923 2797 2140 2852 quoque
2177 2798 2335 2848 posse

764 2881 1049 2937 decernit:
1085 2895 1203 2948 qua:
1231 2876 1448 2947 quidem
1483 2877 1533 2928 in
1571 2876 1772 2943 templo
1804 2874 1915 2927 fieri
1955 2874 2331 2942 prohibentur.

768 2977 847 3027 Ac
892 2971 1207 3026 vicesimum
1266 2970 1483 3040 quidem
1544 2969 1775 3036 primum
1826 2965 2070 3035 ejusdem
2124 2966 2246 3019 libri
2282 2972 2337 3019 et

768 3067 853 3119 tit.
885 3072 1047 3133 caput
1076 3070 1129 3116 et
1158 3060 1227 3116 ab
1257 3060 1488 3114 ecclesia
1521 3096 1537 3117 .
1569 3069 1622 3112 et
1649 3058 1715 3111 ab
1742 3057 1861 3125 ejus
1904 3056 2121 3119 finibus,
2152 3065 2335 3109 extra-

772 3157 979 3211 bendos
1008 3171 1128 3209 esse
1157 3154 1399 3207 decernit
1425 3152 1747 3213 homicidas,
1775 3150 2051 3204 adulteras
2076 3158 2129 3203 et
2154 3158 2336 3217 rapto-

2018 446 2294 508 THEOD.
2331 444 2422 505 BA
2432 447 2561 505 LSA
2571 446 2726 507 ΜοΝ

976 563 1263 632 Propterea
1297 565 1464 629 enim,
1517 580 1614 619 nec
1646 566 1758 632 lege
1798 565 2012 633 quidem
2045 572 2324 626 caverunt,

2430 561 2720 616 ϐάλλεσθαι
2752 563 2975 627 τούτους
3016 564 3123 617 aut
3158 564 3268 615 τῶν
3299 564 3464 629 ναῶν,
3513 565 3587 625 ὡς
3622 566 3830 628 ειδότες
3856 562 3999 621 εἶναι

1862 2042 2033 2096 laicos
2081 2057 2209 2095 vero
2233 2057 2327 2095 ex-
2362 2058 2363 2061 ‘

3896 450 4003 514 852

2429 653 2559 704 αὐτὸ
2599 653 2990 721 ἀναμφίϐολον.
3026 653 3152 709 Ὀτι
3186 654 3243 707 δὲ
3272 655 3469 725 ἤθελον
3525 657 3573 709 οί
3623 657 3845 725 ἔχοντες
3903 658 3999 719 τὰς

2428 742 2763 814 ἐκκλησίας’
2809 746 2911 799 κᾶν
2955 748 3021 800 τὶ
3078 750 3514 816 κατηχουμενεῖα
3570 750 3853 819 κατέχειν,
3913 747 3990 801 εἷο

2430 854 2528 889 πον
2581 840 2627 889 οἱ
2681 839 2925 909 Πατέρες
2976 840 3050 903 ὡς
3078 840 3139 892 οὐ
3181 841 3345 909 μόνον
3373 840 3479 893 ἀπὸ
3522 841 3630 893 τῶν
3663 841 3998 909 ἐκκλησιῶν,

2427 930 2566 983 ἀλλὰ
2604 935 2697 986 καὶ
2734 932 2844 987 ἀπὸ
2871 934 2979 985 τῶν
3011 934 3492 1003 κατηχουμενείων
3528 934 3614 987 ἵνα
3660 933 3995 998 ἐξωθῶντσι.

2431 1023 2629 1086 Καλῶς
2663 1025 2720 1078 δὲ
2760 1025 2861 1077 οὐκ
2894 1026 3251 1096 ἐμνήσθησαν
3284 1026 3591 1096 ἐκκλησιῶν
3619 1068 3634 1089 ,
3664 1026 3804 1078 ἀλλὰ
3839 1023 3999 1094 ίέρῶν

2428 1112 2627 1168 τόπων.
2656 1116 2728 1167 Τὸ
2759 1116 2867 1184 γὰρ
2902 1119 3235 1189 καταμένειν
3265 1120 3400 1187 μετὰ
3428 1119 3685 1185 γυναικὸς
3715 1121 3777 1171 ἐν
3806 1120 3998 1187 ἐκκλη-

2431 1212 2521 1283 σίᾳ.
2559 1212 2921 1266 ἀσεϐέστατόν
2952 1217 3066 1268 ἐστι
3095 1232 3112 1249 ο
3148 1217 3241 1268 καὶ
3263 1216 3384 1269 οὐδὲ
3422 1217 3501 1279 εἰς
3531 1203 3835 1285 ἐνθύμησιν
3869 1212 3997 1285 ἦλθε

2427 1308 2541 1369 τοῖς
2571 1307 2819 1378 Πατράσι
2855 1310 3193 1380 τολμηθῆναι
3224 1311 3361 1374 ὅλως
3398 1311 3551 1381 παρά
3581 1329 3729 1374 τινος
3760 1311 3999 1364 τοιοῦτον

2430 1400 2711 1471 ἀσέϐημα.
2758 1404 3208 1457 Κοινοποιοῦνται
3241 1405 3297 1458 δὲ
3349 1406 3397 1456 0i
3429 1408 3562 1469 ἱεροὶ
3590 1406 3746 1459 τόποι
3780 1405 3872 1459 διὰ
3908 1405 3999 1457 τοῦ

2430 1495 2761 1563 καταμένειν
2804 1496 2944 1565 μετὰ
2980 1498 3260 1565 γυναικῶν
3295 1497 3382 1551 διὰ
3414 1497 3698 1567 ἀλαλαγῆς
3727 1500 3999 1568 μελισμάδ

2430 1600 2536 1635 των
2563 1584 2892 1651 ἀσχημόνων
2924 1588 3017 1639 καὶ
3050 1588 3352 1657 ἀπρεπῶν,
3404 1588 3496 1641 καὶ
3529 1588 3619 1641 διὰ
3650 1591 3999 1657 κατασκευῆς

2434 1675 2812 1743 παρακελλίων
2844 1677 2875 1748 ἢ
2906 1679 3241 1749 μαγειρείωην
3267 1680 3300 1752 ἢ
3330 1680 3504 1735 ἄλλων
3537 1682 3819 1736 τοιούτων.
3865 1683 3999 1743 Τοὺς

2432 1770 2618 1835 μέντοι
2679 1770 3004 1838 παραὸἁτας
3059 1771 3149 1824 τοῦ
3211 1773 3477 1838 κανόνος,
3534 1774 3835 1843 κληρικοῦε
3904 1775 3998 1842 μὲν

2429 1862 2609 1923 ὄντας,
2647 1862 3029 1931 καθαιρεῖσθαι
3058 1863 3406 1934 διορίζονται,
3443 1866 3664 1927 λαῖκοῦς
3699 1866 3782 1927 δὲ,
3812 1866 3999 1933 ἀφορί-

2430 1951 2642 2014 ζεσθαι.
2683 1952 3023 2021 ’Λνάγνωσον
3072 1956 3166 2007 καὶ
3198 1956 3259 2007 τὸ
3312 1961 3378 2026 ιβ’
3425 1974 3549 2024 κεφ.
3599 1957 3693 2009 τοῦ
3728 1964 3778 2010 α’
3818 1958 3999 2009 τίτλον

2428 2044 2523 2097 τοῦ
2556 2052 2595 2096 ε’
2647 2045 2877 2114 βιϐλίου,
2917 2048 3052 2115 ὅπερ
3090 2048 3447 2118 κατεστρώθη
3478 2050 3555 2109 είς
3583 2050 3679 2116 τὴν
3701 2051 4002 2119 ἑρμηνείαν

2429 2138 2525 2190 τοῦ
2569 2144 2659 2205 πη¹
2707 2139 2951 2205 κανόνος,
3008 2142 3100 2192 καὶ
3154 2140 3225 2211 μὴ
3255 2142 3555 2212 ἐναντιωθῇ
3587 2160 3712 2217 σοι,
3750 2144 4000 2197 διδάσκον

2431 2232 2554 2298 ὅρια
2585 2230 2684 2299 τῆς
2712 2231 3009 2300 ἐκκλησίας
3028 2229 3251 2287 εἶναιτὰ
3280 2234 3481 2303 λουτρὰ
3512 2238 3600 2288 καὶ
3636 2238 3763 2298 τοὺς
3798 2238 4002 2303 κήπους

2433 2321 2526 2372 καὶ
2566 2320 2668 2383 τὶτς
2698 2320 2859 2384 στοὰς
2897 2321 3123 2388 ταύτης,
3166 2322 3258 2373 καὶ
3304 2323 3391 2376 διὰ
3431 2324 3587 2376 τοῦτο
3623 2325 3695 2392 μὴ
3741 2324 4002 2377 δύνασθαί

2432 2429 2554 2464 τινα
2580 2413 2834 2479 ἆφέλκειν
2868 2414 2929 2466 ἐκ
2956 2413 3162 2465 τούτων
3185 2415 3310 2476 τοὺς
3338 2417 3659 2484 πρόσφυγας
3687 2433 3702 2447 ·
3738 2416 4005 2483 κατᾶγάρ

2433 2506 2594 2559 τοῦτο
2639 2509 2732 2558 καὶ
2775 2507 2942 2575 μόνον
2977 2507 3195 2559 δοκοῦσι
3225 2510 3321 2561 καὶ
3368 2509 3542 2562 ταῦτα
3580 2510 3679 2576 τῆς
3708 2510 4008 2579 ἐκκλησίας

2440 2602 2603 2669 μέρη.
2650 2599 2807 2652 Ἐπεί
2854 2600 2935 2652 τοί
2960 2618 3021 2667 γε
3052 2600 3149 2652 καὶ
3174 2600 3306 2653 αὐτο
3335 2602 3397 2654 τὸ
3440 2619 3563 2669 κιφ.
3608 2602 3915 2672 διορίζεται
3955 2604 4009 2654 ἐν

2434 2694 2645 2752 τούτοις
2670 2694 2764 2744 καὶ
2799 2692 3000 2745 ὑπνοῦν
3042 2693 3136 2744 καὶ
3186 2692 3389 2744 ἐσθίειν
3414 2731 3430 2755 ,
3471 2693 3615 2761 ἅπερ
3647 2695 3729 2755 εἰς
3756 2694 3850 2745 τὸν
3890 2694 4011 2744 va)»:

2435 2781 2789 2851 ἐκωλύθησκν
2823 2781 3093 2850 γίνεσθαι.
3128 2783 3200 2834 Τὸ
3231 2783 3412 2852 μέντοι
3443 2791 3527 2836 κα¹
3563 2802 3687 2851 κεφ.
3713 2784 3811 2836 τοῦ
3838 2783 4011 2838 αὑτοῦ

2439 2874 2648 2944 βιϐλίου
2682 2876 2776 2927 καὶ
2806 2875 2988 2927 τίτλον
3026 2876 3119 2927 καὶ
3150 2876 3258 2927 ἀπὸ
3302 2878 3401 2944 τῆς
3450 2875 3749 2944 ἐκκλησίας
3780 2879 3883 2928 καὶ
3913 2877 4014 2928 ἀπὸ

2435 2967 2544 3020 τῶν
2574 2968 2716 3037 ὅρων
2743 2968 2951 3037 ταύτης
2992 2967 3232 3031 ἐξέλκειν
3263 2966 3556 3035 διορίζεται
3590 2969 3718 3031 τοὺς
3748 2969 4016 3039 ἀνδροφό-

2438 3077 2581 3122 νους,
2636 3058 2762 3122 τοὺς
2822 3060 3044 3129 μοιχοὺς
3096 3060 3191 3112 καὶ
3246 3061 3372 3121 τοὺς
3407 3059 3686 3130 ἅρπαγας.
3739 3063 3876 3124 Τοῖς
3910 3062 4017 3131 γὰρ

2438 3154 2699 3215 τοιούτοις
2735 3153 2898 3214 τόπος
2926 3152 3155 3214 ἀσυλίας
3186 3153 3287 3205 οὐκ
3321 3154 3469 3205 ἔστιν
3493 3171 3507 3185 ”
3546 3155 3690 3215 Ὅτι,
3734 3155 3935 3224 φησὶν,
3959 3157 4016 3208 ού

768 3261 879 3299 res.
944 3243 1224 3313 Ejusmodi
1279 3243 1422 3295 enim
1475 3240 1785 3294 hominibus
1835 3241 2015 3293 nullus
2064 3247 2148 3292 est
2201 3240 2325 3307 asyli

2401 3237 2554 3310 ίτοῖς
2615 3245 2917 3305 ἀδικοῦσιν,
2963 3243 3101 3298 ἀλλὰ
3154 3244 3265 3307 τοῖς
3310 3244 3691 3313 ἀδικουμένοις
3746 3247 3799 3297 οἱ
3862 3248 4017 3313 νόμοι

773 3339 964 3391 locus:
1003 3335 1285 3401 quoniam,
1327 3332 1522 3401 inquit,
1570 3346 1676 3384 non
1715 3332 1802 3394 iis,
1862 3330 1955 3399 qui
1992 3330 2188 3397 injuria
2229 3327 2341 3380 alii-

773 3433 948 3495 ciunt,
987 3428 1079 3483 sed
1111 3428 1175 3481 iis
1204 3426 1295 3495 qui
1330 3424 1529 3493 injuria
1558 3422 1885 3486 afficiuntur,
1909 3420 2053 3487 leges
2076 3419 2339 3472 auxilium

773 3524 980 3578 ferunt.
1046 3519 1187 3589 Lege
1211 3530 1266 3573 et
1294 3519 1361 3571 73
1392 3519 1523 3586 imp.
1566 3516 1773 3571 domini
1802 3513 2000 3569 Leonis
2028 3512 2340 3582 Philosophi

772 3614 1071 3678 Novellam,
1120 3628 1241 3680 quae
1282 3627 1375 3666 eos
1426 3611 1586 3664 etiam
1620 3608 1871 3663 similiter
1918 3606 2089 3674 punit,
2144 3605 2235 3674 qui
2287 3607 2340 3658 in

776 3703 1205 3760 catechumeniis
1244 3702 1476 3757 habitari
1518 3701 1856 3770 permittunt.

847 3795 1097 3850 ZONAR.
1139 3794 1428 3849 Sacrorum
1496 3793 1737 3846 locorum
1808 3792 2048 3857 nomine,
2099 3808 2205 3847 non
2253 3793 2357 3851 hic,

780 3889 1002 3959 templa,
1040 3889 1131 3942 sed
1162 3887 1449 3956 adjunctas
1491 3886 1709 3955 templis
1741 3885 2125 3946 habitationes,
2160 3886 2343 3953 qualia

781 3990 944 4044 sunt,
992 3994 1110 4046 quae
1168 3979 1557 4031 catechumcna
1618 3976 1997 4043 appellantur,
2066 3975 2340 4041 intelligit.

778 4072 967 4141 Neque
996 4071 1141 4124 enim
1181 4070 1472 4138 quisquam
1521 4066 1694 4120 audax
1729 4066 1865 4119 adeo
1896 4066 2083 4128 fuerit,
2120 4076 2176 4119 ut
2205 4068 2343 4118 intra

779 4163 948 4218 divini
1019 4164 1201 4230 templi
1257 4169 1407 4229 septa
1466 4175 1589 4213 cum
1655 4173 1825 4212 uxore
1883 4158 2131 4211 habitare
2192 4158 2339 4211 velit.

782 4258 842 4311 in
874 4256 1079 4311 aedibus
1114 4270 1241 4309 vero
1288 4252 1502 4323 templis
1542 4252 1833 4321 adjunctis,
1874 4260 1929 4304 et
1977 4251 2030 4303 in
2082 4249 2345 4306 catechu-

785 4348 982 4403 meniis
1031 4346 1273 4401 nonnulli
1325 4345 1611 4415 degebant,
1652 4346 1742 4411 qui
1805 4342 1942 4395 forte
1978 4343 2145 4394 vitam
2204 4339 2344 4393 haud

784 4439 920 4494 satis
973 4449 1125 4494 caste
1178 4438 1495 4508 integreque
1531 4445 1775 4504 agerent,
1826 4436 2029 4504 quique
2062 4448 2344 4490 sacrorum

785 4533 1025 4586 locorum
1092 4530 1410 4599 dignitatem
1455 4536 1891 4591 contemnerent,
1925 4541 1987 4579 ac
2017 4527 2071 4578 in
2119 4526 2185 4579 iis
2225 4526 2345 4579 sine

785 4622 1123 4685 discrimine,
1164 4621 1262 4675 hoc
1284 4630 1388 4685 est,
1411 4618 1543 4689 qttid
1573 4619 1714 4695 inter
1738 4632 1950 4673 sacrum
1979 4626 2033 4671 et
2054 4615 2343 4686 profanum

785 4714 1076 4768 interesset
1124 4713 1348 4766 minime
1386 4709 1755 4769 mstimantes,
1810 4716 2185 4761 versarentur.
2242 4705 2345 4759 Eos

786 4804 952 4873 igitur
1000 4802 1249 4855 homines
1292 4816 1322 4854 e
1365 4797 1796 4853 catecltumeniis
1824 4811 2000 4850 canon
2043 4794 2342 4863 ejiciendos

789 4904 913 4945 esse
954 4890 1223 4951 decernit,
1264 4889 1468 4957 quique
1517 4902 1626 4941 non
1658 4887 1965 4956 paruerint,
2006 4885 2346 4951 depositione

792 4984 1023 5037 clericos
1084 5000 1098 5035 :
1175 4982 1345 5036 laicos
1381 4996 1509 5033 vero
1549 4978 1925 5049 segregatione
1958 4976 2129 5031 teneri
2158 4977 2335 5045 jubet.

795 5078 923 5131 Suis
966 5090 1093 5130 vero
1154 5072 1529 5143 prmrogativis
1572 5071 1831 5139 adjuncta
1882 5083 2101 5138 quoque
2171 5069 2349 5122 sacris

790 5167 997 5223 aedibus
1029 5166 1147 5219 loca
1184 5174 1375 5218 ornata
1416 5162 1606 5225 fuisse,
1660 5176 1723 5215 ex
1762 5160 1829 5213 iis
1876 5160 2033 5212 facile
2081 5169 2344 5228 apparet,

790 5274 914 5329 quae
943 5256 1269 5311 duodecimo
1308 5270 1430 5323 cap.
1481 5252 1624 5305 tituli
1680 5252 1840 5320 primi
1889 5250 2012 5303 libri
2048 5251 2225 5317 quinti
2270 5252 2350 5304 sic

793 5353 1084 5408 habentur.
1145 5348 1464 5418 Quicunque
1520 5346 1587 5399 ad
1625 5344 1913 5399 ecclesiam
1982 5342 2347 5413 confugerint,

800 5459 973 5512 usque
1001 5442 1067 5496 ad
1103 5440 1201 5494 fori
1234 5439 1438 5508 publici
1466 5437 1731 5491 terminos
1761 5435 2053 5499 securitate
2078 5432 2347 5499 fruantur;

795 5541 911 5594 sive
936 5539 990 5591 in
1040 5535 1392 5591 interioribus
1424 5533 1679 5597 lavacris,
1719 5529 1834 5585 sive
1869 5529 2062 5593 hortis,
2110 5538 2204 5583 aut
2257 5530 2354 5582 do-

2445 3338 2755 3407 βοηθοῦσιν.
2844 3336 3146 3403 Ἀνάγνωθι
3196 3339 3293 3390 καὶ
3349 3337 3448 3407 τὴν
3501 3343 3578 3403 ογ¹
3642 3336 3874 3405 Νεαρὰν
3928 3336 4017 3388 τοῦ

2445 3430 2712 3499 βασιλέως
2745 3448 2811 3482 κυ
2825 3430 2918 3500 ροῦ
2943 3431 3170 3493 Λέοντος
3198 3428 3293 3482 τοῦ
3324 3428 3619 3497 Φιλοσόφου
3639 3469 3655 3493 ,
3692 3430 4017 3497 παρομοέως

2444 3526 2780 3587 κολάζουσαν
2801 3524 3047 3585 καὶτοὺς
3078 3523 3476 3593 ἐπιτρέποντας
3497 3520 3594 3591 τὴν
3626 3522 3705 3584 είς
3741 3520 3813 3572 τὰ
3845 3537 4017 3590 xam-

2444 3620 2734 3689 χουμενεῖα
2761 3616 3067 3672 κατοικίαν.

2515 3796 2761 3851 ΖΩΝΑΡ.
2827 3796 3030 3862 Ἱερους
3088 3802 3285 3859 τόπους
3329 3797 3388 3849 οὑ
3434 3796 3560 3859 τοὺς
3618 3795 3807 3860 θείους
3858 3799 4015 3859 ναοὺς

2444 3888 2676 3941 ἐνταῦθα
2710 3889 2906 3953 καλεῖ,
2961 3890 3099 3944 ἀλλά
3145 3891 3244 3953 τὰς
3285 3892 3412 3960 περὶ
3447 3890 3647 3952 αὐτοὺς
3698 3891 4012 3951 κατοικίας.

2444 3975 2533 4033 οἶὰ
2572 3982 2677 4033 είσι
2729 3981 2797 4034 τὰ
2859 3982 3131 4050 λεγόμενα
3188 3982 3595 4052 κατηχούμενα.
3664 3982 3866 4046 Οὐδεὶς
3915 3982 4017 4049 γὰρ

2444 4070 2619 4134 οὕτως
2667 4071 2734 4124 ἂν
2772 4072 2860 4142 εἴη
2895 4072 3213 4142 τολμητίας,
3258 4073 3334 4136 ὡς
3385 4072 3537 4134 ἐντὸς
3562 4072 3698 4126 ναοῦ
3745 4077 4016 4127 συνοικεῖν

2446 4164 2687 4231 γαμετῇ.
2744 4162 2835 4214 Ἐν
2889 4162 3091 4224 οἰκίαις
3133 4163 3191 4215 δὲ
3231 4163 3374 4215 πάνυ
3430 4164 3825 4232 συνημμέναις
3878 4168 4017 4225 ναοῖς

2447 4255 2543 4307 καὶ
2569 4257 2627 4307 ἐν
2656 4257 2768 4318 τοῖς
2795 4256 3227 4326 κατηχουμένοις
3254 4255 3434 4325 ᾤκουν
3478 4257 3624 4315 τινὲς
3676 4257 3755 4325 μὴ
3809 4258 4016 4325 σεμνῶς

2447 4348 2579 4409 ἴσως
2607 4347 2870 4412 βιοῦντες,
2902 4348 2997 4400 καὶ
3021 4349 3507 4417 καταφρονητικῶς
3540 4345 3691 4418 εἶχον
3726 4350 3868 4417 περὶ
3900 4351 4017 4408 τοὺς

2446 4440 2645 4499 τόπους
2671 4438 2796 4500 τοὺς
2829 4438 3029 4507 ἱεροὺς,
3060 4437 3391 4504 ἀδιακρίτως
3418 4428 3698 4497 οἰκοῦντες
3722 4439 3785 4490 ἐν
3819 4440 4013 4497 αὐτοῖς,

2448 4531 2571 4582 ἀντὶ⁸
2592 4529 2685 4581 τοῦ
2707 4528 2781 4598 μὴ
2811 4528 3214 4590 διαστέλλοντες
3247 4528 3379 4596 μηδὲ
3406 4528 3838 4597 διαχωρίξοντες
3863 4532 4018 4599 μέσον

2452 4620 2611 4686 ἁγίου
2633 4659 2646 4680 ,
2680 4620 2774 4670 καὶ
2806 4617 3051 4685 βεϐήλου.
3108 4615 3247 4675 Τοὺς
3291 4616 3385 4668 οὖν
3417 4616 3587 4679 οὕτως
3621 4618 3860 4687 ἔχοντας
3895 4619 4014 4683 ἐξω-

2449 4711 2657 4764 θεῖσθαι
2687 4710 2796 4763 τῶν
2823 4727 3058 4780 κατηχου
3070 4710 3244 4777 μένων
3263 4712 3289 4762 ό
3318 4708 3495 4761 κανὼν
3524 4710 3905 4773 διατάττεται,
3933 4711 4016 4762 καὶ

2449 4804 2573 4865 τοὺς
2607 4803 2678 4870 μὴ
2719 4801 3311 4867 φυλάττονταςηαὺτὸν,
3356 4802 3657 4868 κληρικοὺς
3690 4802 3798 4870 μὲν
3832 4801 4014 4853 καθαι-

2401 4923 2410 4943 ι
2454 4896 2537 4963 ρεῖ
2570 4913 2580 4923 ·
2609 4893 2831 4953 λαῖκοὺς
2862 4892 2918 4944 δέ
2948 4892 3220 4959 ἀφορίζει.
3248 4892 3371 4945 Ὅτι
3402 4890 3457 4942 δέ
3480 4891 3665 4943 καὶτὰ
3685 4893 4014 4959 συγκείμενα

2450 4988 2562 5046 τοῖς
2588 4985 2748 5045 θείοις
2781 4987 2928 5046 ναοῖς
2968 4983 3279 5053 προνομίων
3310 4981 3609 5047 ἀξιοῦνται,
3649 4985 3797 5050 φησὶ
3835 4985 3894 5036 τὸ
3922 4985 4013 5036 δω-

2450 5078 2675 5129 δέκατον
2710 5076 3007 5143 κεφάλαιον
3060 5076 3151 5128 τοῦ
3199 5075 3414 5145 πρώτου
3464 5075 3645 5127 τίτλου
3703 5078 3805 5129 τοῦ
3855 5084 3895 5130 ε’
3944 5078 4014 5147 βι-

2449 5167 2618 5227 ὅλίου,
2652 5167 2903 5236 περιέχον
2931 5156 3100 5228 οὕτως
3125 5184 3139 5197 ο
3164 5167 3344 5235 Μέχρι
3368 5166 3478 5219 τῶν
3513 5166 3607 5218 ἐπὶ
3624 5168 3729 5237 τῆς
3762 5169 4015 5238 δημοσίας

2450 5258 2657 5328 ἀγορᾶς
2707 5258 2805 5325 τῆς
2838 5257 3155 5327 ’ἐκκλησίας
3190 5258 3333 5324 ὅρων
3363 5257 3425 5309 τὸ
3453 5257 3701 5327 ἀσφαλὲς
3750 5261 4014 5330 ἐχέτωσαν

2449 5351 2496 5401 οἱ
2532 5350 2939 5420 προσφυγόντες
2967 5351 3082 5409 τοῖς
3111 5348 3412 5419 ἐνδοτέροις
3428 5350 3702 5418 λουτροῖς,
3734 5351 3770 5421 ἢ
3809 5355 4013 5419 κήποις,

2451 5439 2484 5507 ἥ
2538 5439 2868 5507 οίκήμασιν,
2924 5439 2956 5507 ἢ
3014 5442 3218 5503 στοαῖς,
3270 5439 3303 5509 ἢ
3358 5440 3550 5502 αὐλαῖς
3582 5441 3893 5510 χρώμενοι,
3935 5444 4015 5493 καὶ

2454 5528 2857 5582 κωλυέσθωσαν
2908 5530 3059 5592 ἐντὸς
3098 5530 3193 5583 τοῦ
3234 5530 3364 5583 ναοῦ
3401 5530 3605 5584 ὑπνοῦν
3636 5533 3669 5597 ἢ
3721 5535 3930 5589 ἐσθίειν

795 5635 996 5696 mibus,
1050 5641 1142 5685 aut
1182 5630 1502 5697 porticibus.
1560 5638 1652 5681 aut
1718 5627 1856 5681 aulis
1924 5636 2343 5681 commorentur.
2405 5624 2588 5694 Neque
2634 5626 2885 5697 cuiquam
2945 5629 3086 5681 intra
3153 5629 3321 5697 ipsius
3366 5633 3547 5703 templi
3595 5632 3736 5688 fines
3794 5637 4010 5692 cubandi

795 5728 969 5780 eibive
1003 5725 1248 5779 sumendi
1291 5723 1379 5776 fiat
1412 5722 1663 5779 facultas.

790 5820 1022 5876 ARIST.
1085 5836 1104 5867 ι
1142 5818 1310 5872 Uxori
1359 5817 1627 5880 addictus,
1660 5828 1713 5870 et
1746 5832 1839 5888 per
1892 5826 2256 5885 contemptum
2298 5817 2349 5868 in

870 5932 888 5963 ι
928 5911 1126 5981 templo
1160 5924 1454 5974 manens,e
1507 5908 1932 5964 catcchumeniis
1970 5909 2128 5964 etiam
2167 5909 2348 5979 expel-

2458 5819 2677 5872 ΑΡΙΣΤ.
2782 5838 2800 5869 ι
2876 5818 2937 5870 ³0
2994 5816 3343 5884 ὑπογύναιος,
3398 5819 3489 5870 καὶ
3534 5823 4013 5893 καταφρονητικῶς

2533 5932 2548 5963 ι
2604 5912 2779 5979 μένων
2813 5914 2866 5965 ἐν
2899 5911 2975 5979 τῷ
3002 5910 3135 5979 ναῷ,
3162 5909 3467 5974 ἐξωθείσθω
3494 5914 3591 5967 καὶ
3619 5915 3729 5970 τῶν
3766 5934 4011 5987 aususa-
