4218 6458
174 478 277 544 857

173 590 264 644 σιὸν
294 585 395 656 τὴν
434 578 532 636 τοῦ
578 579 768 649 ἐτέρου
798 574 1047 647 μνηστὴν
1086 572 1165 627 είς
1203 571 1381 639 γάμον
1413 567 1681 635 ἀγόμενον
1715 579 1727 591 ·
1764 560 1805 616 Α
1836 554 1941 623 27

174 683 321 741 τινες
366 678 424 729 δὲ
472 673 582 727 τῶν
629 670 829 740 λογίων
881 668 1041 735 δῆθεν
1091 666 1189 734 τῆς
1242 662 1497 729 τοιαύτης
1553 660 1741 725 ὲνοχῆς

173 770 487 842 εὐμεθόδως
536 766 699 821 αὑτὸν
748 760 1153 816 ἀπαλλάττουσι
1183 774 1196 786 ο
1236 756 1452 822 λέγουσι
1497 751 1604 821 γάρ
1643 748 1739 814 ὡς,

178 867 274 917 ὲάν
303 862 409 932 πρὸ
432 860 527 913 τοῦ
561 858 744 926 γάμου
778 852 1107 907 συνέλθωσιν
1134 851 1161 902 ὃ
1190 865 1249 900 τε
1282 844 1530 916 μνηστὴρ
1575 843 1669 896 καὶ
1708 842 1742 910 ἡ

187 955 421 1024 μνηστὴ,
464 953 559 1004 καὶ
605 950 808 1001 τέκωσι
861 945 1062 1004 παῖδα,
1104 939 1332 1009 φυσικὸν
1391 935 1528 990 εἶναι
1556 936 1743 988 τοῦτον

181 1046 276 1097 καὶ
318 1039 641 1111 πορνογενῆ,
681 1037 795 1098 ἐνὸς
827 1034 936 1087 τῶν
971 1031 1296 1102 μνηστήρων
1327 1026 1745 1093 τελευτήσαντος

184 1134 291 1201 πρὸ
314 1132 408 1184 τοῦ
442 1130 647 1199 γάμου.
695 1126 890 1195 Ἡμεῖς
920 1124 978 1177 δέ
1008 1139 1191 1190 φαμεν
1226 1122 1309 1173 ὅτι
1358 1117 1451 1170 καὶ
1495 1116 1599 1185 προ
1648 1114 1745 1182 τῆς

177 1227 401 1296 Νεαρᾶς
428 1224 522 1277 τοῦ
559 1221 821 1292 βασιλέως
844 1217 1013 1289 κυροῦ
1045 1215 1283 1279 Ἀλεξίου
1312 1213 1404 1266 τοῦ
1433 1207 1745 1280 Κομνηνοῦ,

179 1318 279 1385 τῆς
332 1316 673 1383 ἑξισωσάσης
748 1311 845 1382 τὴν
901 1308 1199 1379 μνηστείαν
1256 1304 1397 1358 κατὰ
1443 1304 1622 1356 πάντα
1670 1299 1746 1367 τῷ

181 1407 374 1478 γάμώ,
412 1410 525 1474 τοῖς
582 1403 893 1474 μνηστῆρσι
924 1400 1141 1469 γαμικὰ
1166 1396 1287 1449 κατ’
1317 1394 1565 1465 ἀλλήλων
1598 1392 1750 1461 παρὰ

177 1476 291 1550 τῶν
344 1497 525 1565 νόμων
570 1494 838 1562 ἐδόθησαν
889 1490 1098 1543 δίκαια.
1132 1488 1207 1540 Ἦ
1245 1503 1302 1539 τε
1357 1476 1747 1555 γάρ“μνηστὴ,

181 1592 290 1660 πρὸ
322 1589 431 1643 τῶν
459 1590 653 1657 γάμων
677 1584 947 1654 λυομένης
975 1583 1074 1651 τῆς
1102 1578 1399 1649 μνηστείας
1432 1619 1448 1643 ,
1479 1576 1579 1646 τὴν
1621 1576 1752 1645 περὶ

183 1682 423 1753 προικὸς
449 1681 674 1750 ἀγωγὴν
702 1678 871 1731 ὲκίνει
909 1676 1069 1746 χάριν
1094 1674 1191 1742 τῆς
1223 1670 1473 1740 δοθείσης
1508 1669 1585 1735 τῷ
1621 1684 1753 1738 μνη·

182 1777 349 1845 στῆρι
383 1774 635 1841 προικὸς,
668 1771 810 1824 κατὰ
844 1769 901 1821 τὸ
927 1767 1180 1832 δεύτερον
1207 1764 1348 1833 θέμα
1377 1762 1470 1815 τοῦ
1517 1761 1582 1825 ιζ’
1626 1776 1750 1826 κεφ.

179 1869 278 1919 τοῦ
335 1867 378 1930 ζ’
430 1864 609 1917 τίτλου
658 1862 753 1915 τοῦ
800 1861 843 1913 θ’
890 1858 1122 1930 βιϐλίου,
1179 1856 1337 1923 λέγον
1368 1870 1382 1885 ·
1430 1854 1492 1905 Ἦ
1545 1849 1754 1921 μνηστὴ

183 1958 411 2012 διδοῦσα
444 1959 668 2027 προῖκα,
724 1954 770 2006 εί
806 1952 881 2023 μὴ
925 1951 1176 2020 γαμηθῇ,
1216 1949 1325 2019 ἔχει
1353 1947 1430 2017 ⁵τὸ
1467 1947 1568 2013 τῆς
1599 1960 1753 2013 προι-

183 2051 282 2111 κὸς
316 2048 651 2118 προνόμιον·
704 2045 798 2099 καὶ
853 2044 994 2097 κατά
1051 2042 1111 2094 τὸ
1160 2040 1231 2093 οδ¹
1277 2056 1401 2108 κεφ.
1430 2037 1521 2090 τοῦ
1582 2034 1628 2086 α’
1668 2036 1752 2086 τί·

182 2144 316 2196 τλου
354 2142 446 2195 τοῦ
498 2140 580 2194 κθ¹
617 2139 847 2209 βιϐλίου,
899 2136 1060 2205 λέγον
1098 2152 1111 2168 ⁸
1163 2134 1228 2187 Ἥ
1284 2133 1493 2203 μνηστὴ
1524 2146 1759 2198 παρεχο-

189 2240 331 2306 μένη
373 2239 572 2307 προῖκα
607 2234 702 2286 καὶ
740 2232 815 2303 μὴ
856 2230 1188 2301 γαμηθεῖσα,
1231 2228 1325 2279 καὶ
1370 2227 1402 2295 ἡ
1436 2225 1618 2295 ἥττων
1648 2222 1757 2274 τῶν

188 2327 257 2398 ιβ’
316 2327 471 2389 ὲτῶν,
535 2325 829 2395 προνόμιον
897 2321 1010 2390 ἔχει
1074 2316 1429 2387 ἀπαιτήσεως
1478 2314 1622 2367 κατὰ
1674 2311 1762 2381 μί-

190 2435 363 2489 μησιν
388 2419 488 2484 τῆς
518 2414 769 2486 προικός.
793 2411 865 2465 Τὸ
894 2411 949 2463 δὲ
981 2408 1272 2480 προνόμιον
1298 2407 1355 2459 ἐν
1387 2407 1504 2466 ταῖς
1544 2419 1761 2472 προσω-

185 2511 384 2573 πικαίς
407 2509 653 2574 ἀγωγαῖς
684 2504 874 2575 χώραν
898 2504 1007 2573 ἔχει
1042 2517 1055 2531 ·
1092 2501 1186 2553 καὶ
1221 2497 1469 2567 μνηστὴρ
1495 2535 1509 2555 ,
1535 2494 1676 2546 κατά
1701 2508 1761 2543 τε

184 2603 281 2655 τὸν
318 2602 556 2670 παρόντα
594 2600 792 2651 κανόνα
830 2597 925 2649 καὶ
974 2592 1113 2646 κατά
1164 2590 1224 2645 τὸ
1264 2597 1313 2658 η’
1356 2606 1484 2657 κεφ.
1534 2584 1628 2638 τοῦ
1680 2590 1760 2653 νη¹

182 2695 371 2748 τίτλου
421 2694 516 2746 τοῦ
577 2692 616 2755 ξ’
664 2691 908 2759 βιϐλίου,
960 2690 1053 2741 καὶ
1099 2685 1241 2738 κατὰ
1286 2685 1346 2735 τὸ
1400 2680 1442 2749 γ’
1492 2680 1631 2748 θέμα
1668 2676 1760 2730 τοῦ

189 2785 260 2855 ιβ’
312 2801 435 2849 xcv.
486 2784 581 2837 τοῦ
630 2780 668 2846 ξ’
716 2781 896 2833 τίτλου
937 2778 1029 2831 τοῦ
1081 2776 1125 2839 ζ’
1168 2774 1396 2846 βιϐλίου,
1447 2769 1642 2837 δικαίῳ
1668 2769 1762 2820 άν-

189 2879 323 2947 δρδς
351 2877 521 2930 ἐκίνει
546 2886 607 2927 τι·
636 2872 884 2943 μοιχικὸν
913 2870 1056 2923 κατά
1079 2884 1139 2921 τε
1171 2869 1269 2935 τῆς
1318 2863 1559 2933 μνηστῆς
1594 2860 1766 2927 ἑτέρῳ

191 2968 618 3038 συμφθαρείσης
666 2966 772 3035 πρὸ
801 2964 893 3017 τοῦ
933 2962 1114 3032 γάμου
1147 2958 1243 3012 καὶ
1274 2957 1415 3011 κατὰ
1443 2953 1536 3008 τοῦ
1564 2951 1767 3022 ταύτην

193 3060 609 3129 μοιχεύσαντος.
661 3059 719 3111 Εἰ
779 3057 909 3126 γοῦν
970 3055 1074 3126 πρὸ
1126 3055 1225 3123 τῆς
1283 3048 1499 3118 Νεαράς
1545 3043 1768 3098 τοιαῦτα

188 3153 381 3205 δίκαια
430 3148 575 3221 εἶχον
624 3152 744 3204 κατ’
783 3150 1027 3219 ἀλλήλων
1075 3149 1124 3199 οί
1188 3143 1538 3215 μνηστῆρες,
1590 3134 1770 3204 πολλῴ

190 3246 363 3299 πλέον
388 3245 478 3298 διὰ
499 3245 596 3313 τὴν
618 3244 858 3312 Νεαρὰν,
888 3240 986 3309 τὴν
1017 3236 1396 3307 διοριζομένην
1432 3228 1771 3297 ἰσοδυναμεῖν

191 3339 345 3391 κατά
379 3339 558 3391 πάντα
590 3340 689 3405 τὴν
723 3335 1021 3405 μνηστείαν
1071 3330 1149 3399 τῷ
1190 3330 1355 3398 γάμῳ
1394 3326 1480 3379 διὰ
1526 3324 1625 3389 τὴν
1660 3318 1769 3371 τῶν

192 3431 372 3498 ἁγίων
406 3432 498 3482 καὶ
535 3429 692 3481 θείων
721 3427 898 3496 εὐχῶν
928 3424 1152 3490 τελετήν
1183 3436 1196 3451 ⁸
1233 3420 1313 3473 διὸ
1354 3416 1448 3470 καὶ
1496 3414 1768 3483 ὀμόζυγος

190 3524 222 3571 ὁ
263 3526 513 3591 μνηστὴρ
538 3520 872 3589 κληθήσεται
904 3517 1003 3586 τῆς
1035 3514 1170 3577 ἰδίας
1204 3512 1444 3583 μνηστῆς
1476 3524 1491 3539 ο
1525 3507 1619 3559 καὶ
1643 3505 1671 3556 ὁ
1706 3503 1765 3566 ἐξ

191 3621 381 3675 αὐτῶν
411 3618 687 3688 γεννηθεὶς
716 3617 935 3685 γνήσιος
964 3612 1142 3667 αὐτῶν
1173 3610 1324 3662 ἔσται
1360 3609 1488 3667 παῖς
1519 3606 1613 3657 καὶ
1652 3594 2007 3667 κληρονόμος,
2052 3588 2145 3640 καὶ
2189 3584 2355 3648 ὑπεξο

191 3723 291 3776 τὸν
322 3720 519 3787 γάμον,
539 3717 679 3771 κατὰ
705 3714 928 3784 μηδένα,
958 3712 1115 3778 λόγον
1139 3706 1584 3778 ἐμποδιζόμενος.

274 3812 521 3867 ΖΩΝΛΡ.
577 3807 690 3859 Νῦν
744 3805 843 3875 μὲν
948 3802 1209 3871 ⁹κνηστεία
1253 3799 1417 3867 γάμῳ
1472 3788 1786 3858 ἱσοδυναμεί

196 3912 267 3962 ἐκ
299 3906 516 3973 Νεαρὶς
542 3900 633 3953 τοῦ
668 3898 933 3969 βασιλέως
965 3893 1150 3964 Κυροῦ
1173 3890 1412 3955 Ἀλεξίου
1444 3885 1536 3949 τοῦ
1567 3886 1787 3950 Κορνη-

198 4002 328 4063 νοῦ,
363 3998 456 4052 καὶ
489 3994 648 4049 πάλιν
678 3992 754 4046 δὲ.
789 3990 912 4042 ἐπεὶ
937 3987 1150 4056 φίλημα
1192 3983 1303 4037 τῶν
1334 3974 1785 4052 μνηστευομένων

198 4093 305 4146 ἐπὶ
336 4094 399 4159 τῇ
440 4086 704 4158 μνηστείᾳ
751 4084 963 4150 ἐγίνετο
989 4122 1003 4143 ,
1041 4084 1134 4132 καὶ
1164 4072 1425 4147 ἀρραϐὼν
1454 4073 1519 4141 τῇ
1563 4066 1785 4137 γυναικὶ

198 4184 509 4254 παρείχετο
552 4180 706 4248 παρὰ
757 4174 851 4228 τοῦ
906 4172 1126 4242 ἀνδρὸς,
1173 4169 1403 4228 εἰκότως
1438 4165 1536 4217 καὶ
1591 4162 1711 4213 τότε
1757 4160 1786 4211 ό

200 4280 414 4344 ζῶντος
450 4273 544 4326 τοῦ
582 4272 885 4342 μνήστορος
917 4265 1019 4336 τὴν
1056 4262 1305 4334 μνηστὴν
1341 4263 1421 4322 είς
1452 4257 1631 4326 γάμον
1660 4253 1791 4319 ἀγό-

204 4384 378 4441 μενος
406 4365 479 4434 τῷ
504 4365 605 4432 τῆς
639 4362 884 4432 μοιχείας
919 4358 1231 4426 ὶγκλήματι
1262 4351 1561 4406 καθίστατο
1582 4347 1786 4416 ἔνοχος’

201 4463 318 4516 κᾶν
349 4459 475 4529 ἐξῆν
500 4460 622 4511 τότε
655 4455 809 4508 λύειν
861 4453 960 4523 τὴν
994 4447 1290 4521 μνηστείαν
1336 4446 1435 4511 τῆς
1472 4441 1660 4510 ποινῆς
1692 4440 1786 4490 τοῦ

202 4552 520 4623 προστίμου
558 4544 962 4618 παρεχομένης.
1032 4538 1172 4592 Ἀλλ’
1208 4539 1277 4602 εἰ,
1316 4536 1479 4605 μήπω
1509 4535 1609 4603 τῆς
1652 4546 1789 4600 μνη-

205 4622 399 4702 στείας
430 4638 688 4707 λυθείσης
712 4678 726 4698 ,
764 4635 975 4705 μνηστὴ
1017 4626 1085 4702 ἦν
1126 4631 1160 4700 ἡ
1209 4627 1344 4697 γυνὴ
1377 4626 1584 4697 ἑτέρου,
1628 4622 1722 4676 καὶ
1760 4623 1788 4674 ό
1820 4665 1863 4720 D

196 4735 417 4801 ταύτην
462 4728 643 4784 λαϐὼν
696 4727 880 4798 μοιχὸς
942 4725 1169 4784 εἰκότως
1215 4721 1479 4788 ἐκρίνετο.
1512 4718 1686 4769 Ὅπου
1731 4714 1788 4767 δὲ

197 4828 336 4883 οὔτε
366 4826 577 4894 φίλημα
604 4822 726 4875 οὔτε
752 4822 897 4883 δόσις
928 4816 1250 4889 άρῤαϐὦνος
1278 4812 1788 4884 παρηκολούθησεν,

206 4924 291 4985 ὡς
321 4919 417 4971 νῦν
453 4917 663 4986 γίνεται
695 4915 787 4968 ἐπὶ
816 4912 926 4965 τῶν
955 4911 1267 4978 λεγομένων
1292 4906 1527 4977 δεσμῶν,
1546 4904 1647 4958 κᾶν
1674 4904 1792 4956 ἓτε-

205 5030 309 5085 ρος
339 5010 479 5082 λάϐῃ
502 5009 598 5079 τὴν
650 5008 921 5075 γυναῖκα,
976 5004 1077 5074 οὐχ
1133 5002 1491 5055 ὑποπεσεῑται
1548 4996 1627 5067 τῷ
1692 4998 1791 5067 τῆς

204 5103 469 5174 μοιχείας
514 5101 683 5170 ἐγκλή
696 5117 818 5169 ματι
831 5141 844 5155 .

200 5195 439 5252 ΑΡΙΣΤ.
504 5214 521 5245 ι
561 5193 764 5264 Μοιχός
801 5195 949 5244 ἐστιν
981 5192 1126 5259 ότὴν
1151 5189 1323 5258 ἑτέρῳ
1357 5185 1795 5257 μνηστευθεῖσαν

712 5287 999 5353 ἀγόμενος.
1016 5304 1032 5333 ι
1067 5281 1298 5352 Σαερής.

815 5377 1053 5430 ΚΑΝΩΝ
1089 5376 1203 5443 ιβ’.

212 5496 236 5530 ι
291 5476 406 5529 Καὶ
454 5472 613 5526 τοῦτο
663 5471 716 5523 δὲ
764 5472 823 5523 ὲν
874 5473 941 5540 τῇ
986 5470 1294 5540 Ἀρμενίων
1338 5469 1495 5541 χώρᾳ
1546 5467 1796 5536 γίνεσθαι

297 5588 316 5617 ι
366 5564 795 5637 μεμαθήκαμεν,
846 5562 923 5625 ὥς
969 5579 1137 5627 τινες,
1196 5562 1346 5615 ἔνδον
1386 5565 1444 5615 ὲν
1474 5564 1585 5623 τοῖς
1632 5562 1799 5627 ἱεροῖς

292 5678 313 5711 ι
366 5658 783 5726 θυσιαστηρίοις
819 5655 955 5724 μέλη
989 5655 1168 5723 κρεῶν
1196 5654 1418 5722 ἕψοντες
1443 5696 1457 5716 ,
1490 5653 1794 5722 προσάγου.

296 5771 317 5801 ι
372 5770 457 5803 σιν
492 5751 858 5820 άφαιίιέματα
884 5750 997 5810 τοῖς
1022 5747 1292 5816 ἱερεῦσιν,
1321 5747 1629 5808 Ἰουδαϊκῶς
1667 5747 1793 5798 ἀπο·

297 5862 319 5894 ι
368 5844 624 5912 νέμοντες
655 5858 670 5873 ⁸
703 5841 825 5894 ὅθεν
852 5839 911 5890 τ’)
943 5839 1042 5908 τῆς
1079 5838 1411 5907 Ἐκκλησίας
1436 5837 1795 5906 φυλάττοντες

294 5954 315 5986 ει
369 5933 718 6004 ἁκηλίὸωτον,
742 5929 995 6003 ὁρίζομεν
1026 5931 1099 6001 μὴ
1127 5928 1325 5995 ἐξεῖναί
1355 5947 1458 5983 τινι
1481 5928 1589 5985 τῶν
1611 5927 1798 5998 ίερὲων

1196 460 1277 519 ΙΝ
1319 456 1486 516 CAN.
1516 450 1700 512 XClX
1729 445 1935 507 CONC.
1975 443 2053 503 IN
2103 436 2429 498 TRULLO.

3294 414 3397 475 Sari

1949 554 1997 623 ’1
2027 549 2348 615 subjiciunt.
2378 541 2635 597 Nonnulli
2664 546 2843 591 autem
2865 550 2893 587 e
2916 529 3093 585 doctis
3121 526 3409 584 nimirum,

1846 643 2157 699 istiusmodi
2182 638 2519 707 obligatione
2544 627 2995 687 eumartiliciose
3028 623 3286 675 liberant.
3322 617 3406 667 lli-

1846 746 1976 795 cunt
1996 736 2165 799 enim,
2194 731 2339 802 quod
2374 730 2418 784 si
2446 736 2571 781 ante
2602 722 2824 792 nuptias
2860 729 3096 786 Sponsus
3126 722 3179 765 et
3207 724 3410 778 sponsa

1846 827 2200 887 conveniant,
2250 831 2303 879 ct
2351 821 2522 875 (ilium
2578 809 3011 884 procreavcriut,
3054 801 3301 856 naturale
3363 797 3417 850 id

1848 938 1969 977 esse
1997 928 2306 985 peccatum,
2354 922 2407 967 et
2448 904 2829 964 fornicationis
2858 897 3097 969 speciem
3141 912 3155 947 :
3196 892 3241 945 si
3277 904 3417 942 unus

1848 1033 1877 1071 e
1924 994 2212 1082 desponsis
2262 1015 2388 1061 ante
2451 1005 2672 1071 nuptias
2726 995 3013 1049 moriatur.
3080 986 3189 1040 Nos
3230 992 3412 1036 autem

1850 1110 2119 1165 dicimus,
2177 1100 2321 1169 quod
2389 1100 2552 1149 etiam
2614 1099 2740 1146 ante
2816 1080 3166 1154 imperatoris
3209 1073 3420 1129 domini

1850 1200 2021 1256 Alesii
2053 1194 2315 1252 Comneni
2352 1188 2631 1244 Novellam
2657 1228 2669 1248 ,
2700 1196 2820 1251 qua:
2845 1174 3192 1231 matrimonio
3229 1170 3284 1222 in
3306 1183 3423 1220 0m-

1851 1293 2015 1346 nibus
2043 1284 2320 1357 spousaiia
2343 1275 2720 1348 mquiparavit,
2753 1267 2973 1338 sponsis
2995 1256 3417 1316 matrin‘ionialia

1851 1386 1906 1438 in
1963 1398 2021 1435 se
2082 1378 2326 1433 invicem
2380 1373 2503 1441 jura
2572 1382 2603 1421 ιι
2658 1364 2869 1434 legibus
2938 1366 3200 1411 concessa
3278 1355 3425 1401 sunt.

1860 1475 2073 1545 Sponsa
2108 1470 2277 1529 enim,
2312 1466 2357 1520 si
2388 1459 2666 1532 sponsalia
2702 1464 2827 1509 ante
2865 1450 3083 1519 nuptias
3116 1442 3425 1497 dissolvan-

1849 1541 1966 1631 tur,
2022 1564 2089 1619 de
2148 1561 2274 1615 dote
2326 1556 2598 1610 actionem
2643 1554 2826 1602 movet
2873 1544 2941 1598 ob
2997 1541 3177 1595 datam
3224 1545 3430 1602 sponso

1854 1661 2034 1714 dotem
2064 1696 2080 1721 ,
2134 1655 2291 1721 juxta
2347 1644 2652 1703 secundum
2694 1642 2875 1694 thema
2930 1648 3053 1701 cap.
3099 1629 3202 1690 l7,
3255 1625 3338 1677 tit.
3379 1622 3431 1684 7,

1858 1754 1953 1806 lib.
1990 1765 2076 1811 Ix,
2123 1747 2354 1801 dicens:
2407 1738 2601 1791 Mulier
2636 1734 2817 1788 dotem
2854 1729 3011 1787 dans,
3049 1724 3095 1779 si
3132 1728 3298 1787 nupta
3325 1729 3433 1768 non

1860 1843 2041 1905 fuerit,
2077 1840 2221 1894 dotis
2252 1833 2596 1905 privilegium
2640 1826 2819 1880 habet.
2871 1821 2935 1874 Et
2987 1819 3141 1886 juxta
3173 1826 3294 1878 cap.
3335 1806 3427 1869 74,

1860 1938 1945 1990 tit.
1972 1934 2024 1995 l,
2064 1933 2159 1987 lib.
2193 1944 2342 1993 xxu,
2369 1900 2601 1980 dicens:
2637 1920 2876 1987 Sponsa,
2911 1926 3032 1979 quae
3060 1909 3239 1961 dotem
3264 1900 3433 1959 dedit,

1860 2039 1913 2084 et
1958 2044 2063 2079 non
2102 2024 2305 2092 nupsit,
2336 2028 2390 2074 et
2423 2032 2545 2085 quze
2574 2015 2752 2067 minor
2778 2017 2861 2063 est
2910 2000 3201 2057 duodecim
3253 1993 3437 2053 annis,

1862 2121 2205 2195 privilegium
2256 2109 2535 2183 repetendi
2577 2107 2745 2162 habet
2773 2101 3075 2157 secundum
3114 2094 3259 2147 dotis
3284 2088 3441 2140 simi-

1865 2184 2173 2268 litudinem.
2212 2200 2558 2270 Pririlegium
2602 2204 2783 2246 autem
2818 2191 2873 2242 in
2910 2184 3222 2240 actionibus
3253 2190 3441 2246 perso-

1865 2304 2078 2361 nalibus
2109 2300 2290 2355 locum
2324 2294 2510 2347 habet.
2547 2288 2611 2341 Et
2639 2298 2902 2353 sponsus,
2933 2280 3089 2347 juxta
3121 2282 3438 2342 pratscntctn

1866 2408 2152 2454 cauonem,
2181 2396 2235 2443 et
2298 2401 2419 2455 cap.
2461 2382 2515 2447 8,
2547 2381 2629 2434 tit.
2672 2377 2761 2440 58,
2798 2375 2892 2427 lib.
2925 2388 3016 2433 ιτ,
3056 2380 3110 2422 et
3144 2368 3326 2418 thema
3382 2364 3438 2418 '5.

1868 2502 1988 2557 cap.
2013 2486 2103 2549 12,
2124 2485 2206 2537 tit.
2230 2481 2283 2543 7,
2303 2480 2398 2532 lib.
2424 2468 2795 2544 1.x,jureviri.
2828 2477 2937 2519 tam
2964 2472 3151 2516 contra
3182 2470 3439 2525 sponsam

1868 2580 1937 2634 ab
1970 2578 2075 2632 alio
2106 2583 2233 2629 ante
2273 2570 2488 2639 nuptias
2519 2570 2856 2631 corruptam,
2883 2570 3045 2625 quam
3085 2559 3275 2604 contra
3319 2562 3440 2601 eum

1871 2670 2112 2741 quicum
2141 2681 2205 2720 ea
2259 2659 2587 2715 adulterium
2633 2648 2929 2709 commisit,
2966 2639 3217 2697 adulterii
3272 2636 3441 2689 aelio-

1870 2774 1993 2814 ncm
2026 2754 2290 2809 movebat.
2327 2750 2382 2804 Si
2410 2746 2597 2817 sponsi
2630 2744 2812 2808 itaque
2843 2747 2970 2790 ante
3010 2731 3288 2786 Novellum
3338 2727 3438 2776 hu-

1870 2847 2107 2919 jusmodi
2133 2847 2185 2899 in
2218 2859 2275 2898 se
2308 2841 2537 2897 invicem
2571 2837 2692 2907 jura
2736 2832 3070 2891 habuerant,
3113 2823 3284 2876 midto
3330 2835 3448 2869 Ina-

1879 2944 1962 3013 gis
1996 2957 2091 3011 per
2122 2938 2417 3000 novellam,
2451 2946 2573 3002 qua:
2615 2924 2891 2999 sponsalia
2934 2919 3143 2989 nuptiis
3171 2916 3240 2967 ob
3264 2926 3449 2965 sacra-

1875 3048 2020 3095 rum.
2052 3030 2359 3085 divinarum
2382 3038 2604 3095 precum
2644 3016 3069 3074 celebrationem
3106 3010 3159 3062 in
3191 3004 3449 3061 omnibus

1876 3121 2205 3194 aaquivalere
2246 3116 2457 3173 statuit.
2494 3113 2839 3181 Quapropter
2886 3106 3050 3159 etiam
3084 3097 3283 3166 conjux
3341 3107 3451 3144 sua:

1880 3231 2093 3289 sponsa:
2146 3210 2508 3283 appellabitur
2552 3218 2825 3275 sponsus;
2886 3208 2943 3252 et
2995 3194 3087 3266 qui
3124 3208 3188 3245 ex
3225 3191 3293 3242 iis
3327 3200 3454 3256 pro-

1881 3315 2121 3369 creatur,
2162 3300 2442 3371 legitimns
2475 3309 2665 3349 eormn
2721 3289 2824 3344 erit
2870 3287 3012 3340 (ilius
3060 3291 3114 3336 et
3155 3280 3350 3337 haeres,
3402 3283 3454 3326 et

1882 3400 2020 3470 patri
2056 3396 2160 3452 erit
2198 3394 2301 3449 sub
2343 3396 2631 3461 potesmte,
2678 3378 2826 3438 nullo
2883 3379 3044 3433 modo
3101 3371 3403 3441 impeditus
3437 3405 3453 3429 ,

1880 3492 2021 3562 quod
2064 3488 2264 3559 nuptiae
2303 3499 2410 3538 non
2442 3481 2727 3536 celebratae
2752 3482 2901 3531 sunt.

2122 3588 2145 3637 δι
2189 3584 2507 3645 basio-50:0;
2542 3576 2616 3645 τῷ
2649 3572 2817 3643 πατρὶ
2855 3572 2919 3623 ὲκ
2954 3564 3049 3621 τοῦ
3095 3564 3168 3636 μὴ
3203 3556 3457 3613 γενέσθαι

1959 3771 2213 3830 ZONAR.
2276 3766 2589 3838 Sponsalia,
2641 3765 2743 3816 hoc
2797 3760 3016 3828 quidem
3069 3763 3339 3820 tempore,
3394 3762 3457 3801 cx

1885 3870 2235 3942 imperatoris
2275 3862 2443 3918 Alexii
2477 3858 2741 3914 Comueni
2770 3852 3014 3915 Novella,
3047 3847 3292 3918 ejusdem
3332 3852 3460 3897 sunt

1885 3939 2010 4020 cum
2046 3960 2256 4031 nuptiis
2292 3954 2604 4026 potestatis.
2657 3950 2723 4004 Et
2773 3948 2902 4003 olim
2941 3945 3164 4013 quidem
3201 3939 3460 4008 quoniam

1883 4055 2129 4113 osculum
2164 4068 2193 4105 a
2228 4051 2347 4104 viro
2378 4048 2430 4101 in
2457 4043 2804 4113 sponsalibus
2835 4055 2957 4093 cum
2996 4024 3306 4089 arrhabone
3340 4045 3463 4082 mu—

1884 4149 2006 4205 lieri
2060 4146 2351 4217 praebitum
2403 4148 2569 4201 esset,
2598 4136 2723 4206 jure
2773 4134 2956 4194 tiebat,
2999 4137 3058 4182 ut
3093 4127 3186 4197 qui
3224 4125 3342 4177 viro
3376 4138 3463 4175 su-

1884 4240 2114 4314 perstite
2139 4250 2402 4308 sponsam
2434 4230 2707 4291 duxisset,
2739 4223 2991 4280 adulterii
3024 4236 3150 4273 reus
3173 4225 3464 4286 ageretur;

1883 4350 1947 4387 ac
1979 4340 2096 4387 tum
2132 4325 2433 4399 'sponsalia
2473 4319 2811 4379 rescindere,
2864 4327 2917 4371 et
2968 4314 3197 4367 multam
3232 4324 3297 4363 ex
3331 4322 3466 4360 con-

1883 4424 2034 4478 dicto
2086 4395 2413 4491 przeiinitam
2453 4413 2673 4481 exigere
2710 4408 2930 4461 licebat.
2968 4406 3034 4456 At
3085 4402 3154 4459 si.
3189 4395 3465 4469 sponsali-

1883 4518 1986 4571 bus
2018 4513 2259 4568 nondum
2282 4507 2589 4567 dissolutis,
2632 4502 2826 4555 mulier
2847 4498 3076 4552 alterius
3094 4501 3213 4546 crat
3245 4503 3466 4558 sponsa.

1890 4617 1944 4663 ct
1980 4606 2073 4677 qui
2104 4620 2223 4659 eam
2249 4601 2505 4663 ducebat,
2539 4598 2751 4650 adulter
2770 4594 2891 4660 jure
2918 4587 3292 4659 judicabatur.
3313 4582 3469 4647 Quod

1893 4701 1941 4756 si
1978 4713 2079 4754 nec
2109 4695 2359 4750 osculum
2399 4706 2497 4745 nec
2532 4687 2737 4757 aliquid
2774 4681 3101 4739 arrltabonis
3132 4677 3355 4732 nomine
3386 4676 3472 4727 in-

1895 4792 2262 4851 tercessisset,
2301 4798 2360 4839 ut
2394 4786 2447 4838 in
2480 4784 2569 4846 iis,
2605 4796 2726 4850 quae
2779 4779 3040 4831 dicuntur
3074 4770 3316 4832 vincula,
3373 4767 3473 4818 hoc

1895 4896 2139 4954 tempore
2173 4880 2286 4934 lieri
2328 4875 2650 4937 consuevit;
2686 4882 2839 4931 tunc.
2873 4868 2976 4923 etsi
3030 4864 3316 4919 mulierem
3366 4858 3474 4912 sibi

1898 4978 2038 5030 alter
2103 4973 2445 5039 adjunxerit,
2532 4963 2787 5020 adulterii
2852 4958 3213 5015 nihilominus
3280 4952 3473 5007 crimi-

1895 5069 1983 5122 nis
2025 5063 2286 5119 immunis
2315 5057 2745 5114 existimabitur.

1896 5156 2126 5215 ARIST.
2166 5174 2182 5206 ι
2209 5153 2435 5209 Adulter
2468 5158 2552 5204 est
2582 5147 2674 5216 qui
2708 5145 2862 5199 alteri
2894 5145 3220 5212 desponsam
3251 5135 3423 5191 ducit.
3450 5152 3468 5185 ι

2514 5241 2861 5309 Perspicuus.

2451 5331 2682 5389 CANON
2738 5327 2925 5384 XCIX.

1911 5458 1927 5489 ι
1965 5438 2139 5491 Porro
2170 5436 2273 5488 hoc
2311 5445 2532 5508 quoque
2568 5430 2622 5481 in
2677 5425 3063 5479 Armeniorum
3100 5419 3323 5489 regione
3358 5414 3474 5468 ﬁeri

1982 5551 1999 5582 ι
2030 5530 2348 5592 didicimus,
2382 5523 2529 5595 quod
2557 5520 2781 5590 quidam
2819 5518 2968 5571 intus
2993 5517 3047 5569 in
3080 5514 3253 5569 sacris
3285 5511 3477 5563 altari-

1981 5642 1997 5672 ι
2038 5623 2141 5676 bus
2198 5617 2446 5673 carnium
2488 5612 2731 5667 membra
2783 5615 3083 5677 coquentes
3120 5606 3293 5658 frusta
3343 5602 3478 5654 olli-.-

1982 5734 1996 5762 ί
2039 5723 2166 5767 runt
2201 5707 2582 5767 sacerdotibus
2609 5702 2834 5757 Judaice
2871 5699 3288 5755 distribucntes.
3323 5695 3476 5761 Quo-

1984 5826 2000 5856 ι
2035 5806 2181 5859 circa
2279 5799 2581 5856 Ecclesium
2674 5792 3079 5847 iuunaculatam
3167 5799 3476 5852 servantes,

1983 5920 2000 5951 ι
2034 5897 2352 5963 statuimus,
2385 5890 2518 5948 nulli
2555 5889 2719 5945 liccrc
2770 5886 3037 5943 Sacerdoti
3068 5884 3317 5954 separata
3354 5898 3473 5936 cur
