4218 6458
772 439 875 501 859

850 666 867 695 ι
901 645 965 698 iis
1014 644 1126 697 sint
1157 643 1425 707 contenti,
1481 659 1602 711 quzc
1655 643 1902 696 offerenti
1956 642 2075 697 visa
2114 642 2336 707 fuerint,

849 756 867 787 ε
905 738 1174 803 ejusmodi
1209 736 1486 791 oblatione
1531 745 1685 789 extra
1713 734 2013 791 Ecclesiam
2048 735 2187 791 facta
2221 752 2234 787 :
2294 735 2338 790 si

852 852 867 881 ι
901 832 1026 900 quis
1052 840 1234 885 autem
1268 832 1373 883 hoc
1404 845 1510 883 non
1548 828 1765 895 fecerit,
1797 836 2140 899 segregetur.
2178 847 2196 880 ι

848 1008 1042 1064 BALS.
1103 1009 1247 1068 Seis.
1296 1011 1439 1079 quod
1470 1026 1594 1064 cum
1628 1010 1805 1065 Moses
1831 1011 2093 1079 iussisset
2123 1010 2346 1066 Israeli-

778 1110 869 1170 tis,
904 1120 1017 1159 sua:
1050 1120 1115 1158 ex
1164 1104 1397 1174 Egypto
1454 1105 1788 1174 egressionis
1843 1115 2109 1173 tempore,
2142 1118 2341 1171 agnum

778 1196 1103 1260 interﬁcere,
1132 1204 1182 1249 et
1211 1195 1330 1263 ejus
1366 1195 1632 1262 sanguine
1662 1195 1949 1249 domorum
1974 1204 2157 1265 postes
2186 1194 2346 1247 inun-

778 1300 925 1353 gere.
956 1296 1035 1349 ut,
1069 1283 1210 1353 quod
1260 1299 1325 1339 ex
1377 1285 1861 1354 primogenitorum
1917 1286 2346 1340 exterminatore

778 1377 1143 1446 impendebat,
1202 1377 1504 1447 periculum
1555 1376 1901 1451 eﬂugerent:
1958 1377 2163 1433 Judaeis
2218 1378 2345 1432 binc

779 1470 951 1521 visum
987 1478 1092 1532 est,
1129 1484 1224 1536 per
1254 1469 1378 1536 agni
1436 1478 1489 1521 et
1539 1469 1770 1522 aliorum
1821 1470 2185 1538 quorumdam
2220 1471 2344 1527 aui-

782 1560 1003 1614 malium
1037 1561 1393 1625 sacriﬁcium,
1435 1562 1601 1616 Deum
1651 1562 1978 1631 quibusdam
2014 1562 2205 1617 diebus
2233 1563 2347 1633 pla-

781 1670 925 1709 care.
962 1654 1137 1725 Ipsum
1173 1663 1354 1709 autem
1387 1655 1717 1711 sacriﬁcium
1747 1657 1800 1710 in
1835 1658 1945 1713 alio
1974 1657 2191 1728 quidem
2227 1659 2347 1713 loco

782 1747 945 1801 ﬁebat
973 1764 987 1800 :
1046 1747 1097 1800 in
1127 1747 1234 1801 alio
1266 1756 1444 1801 autem
1479 1747 1862 1817 coquebantur
1895 1765 2087 1806 carnes
2122 1762 2174 1805 et
2208 1750 2347 1805 divi-

781 1840 1072 1897 debantur.
1092 1841 1317 1909 Aliquas
1338 1856 1465 1910 ergo
1488 1852 1668 1909 partes
1698 1843 1948 1899 animalis
1968 1845 2108 1914 quod
2137 1844 2346 1900 sacriﬁ-

780 1932 1038 1995 Cabatttr,
1121 1934 1495 1989 sacerdotibus
1565 1944 1784 2006 propter
1832 1938 2043 2007 aliquas
2104 1941 2341 1996 rationes

784 2025 1098 2085 aﬂ'crebant,
1152 2027 1220 2081 de
1272 2028 1475 2097 quibus
1532 2044 1640 2083 non
1699 2035 1783 2085 e‘st
1829 2021 2042 2086 dicendi
2106 2043 2340 2103 tempus.

781 2119 1047 2183 Quoniam
1078 2118 1245 2189 278
1270 2128 1446 2173 autem
1481 2120 1723 2177 didicere
1755 2124 1928 2177 sancti
1960 2123 2170 2187 Patres.
2200 2128 2345 2194 quod

782 2211 835 2264 in
869 2210 1251 2265 Armeniorum
1285 2213 1504 2281 regione
1549 2229 1644 2282 per
1699 2216 1951 2271 animalia
1989 2219 2203 2287 quidem
2238 2236 2344 2273 non

784 2302 919 2356 ﬁunt
959 2304 1248 2367 sacriﬁcia,
1307 2306 1399 2357 sed
1433 2306 1681 2358 carnium
1747 2314 1935 2374 partes
1979 2309 2120 2362 intra
2178 2312 2348 2367 altare

782 2408 1114 2463 coquuntur.
1149 2407 1203 2450 et
1229 2412 1291 2450 ex
1328 2398 1391 2451 iis
1422 2397 1587 2451 frusta
1618 2401 1883 2467 quaedam,
1936 2403 2141 2457 scilicet
2177 2419 2349 2458 mem-

783 2485 881 2537 bra
932 2495 1205 2553 separata,
1255 2488 1419 2557 pedes
1472 2486 1611 2544 forte
1662 2499 1717 2544 et
1756 2501 1951 2560 ,eaput,
2005 2494 2086 2546 vel
2144 2496 2348 2565 aliquid

783 2575 1075 2643 ejusmodi.
1111 2579 1493 2633 sacerdotibus
1544 2596 1696 2635 more
1723 2582 2040 2637 Judaeorum
2092 2586 2348 2654 oﬂerunt,

783 2676 1113 2733 statuerunt,
1144 2687 1243 2725 nec
1274 2672 1327 2725 in
1354 2672 1513 2727 altari
1546 2674 1793 2727 carnium
1822 2676 2061 2729 membra
2097 2693 2351 2747 coquere,

787 2776 887 2815 nec
918 2771 1071 2817 extra
1109 2763 1284 2833 ipsum
1327 2765 1461 2819 tales
1508 2776 1790 2836 separatas
1821 2780 2001 2838 partes
2051 2774 2353 2829 sacerdoti-

786 2856 891 2909 ‘nus
959 2856 1154 2911 offerre
1203 2874 1266 2913 ex
1329 2861 1549 2928 antiqua
1610 2863 2002 2918 consuetudine
2053 2876 2349 2934 oportere:

787 2945 878 2998 sed
907 2945 1172 3015 ejusmodi
1205 2963 1437 3015 cessare,
1484 2959 1539 3005 et
1569 2953 1882 3008 sacerdotes
1917 2971 1943 3007 a
1995 2956 2149 3013 laicis
2200 2959 2352 3013 obla-

788 3038 988 3091 tionem
1026 3040 1303 3109 suscipere
1358 3042 1577 3111 debere,
1631 3046 1685 3099 in
1744 3047 2160 3120 quibuscunque
2192 3052 2353 3109 rebus

787 3136 841 3182 et
872 3131 1165 3199 generibus
1200 3134 1302 3203 ipsi
1338 3134 1630 3190 voluerint.
1695 3136 1765 3191 Ut
1795 3148 1879 3193 est
1932 3150 2113 3197 autem
2152 3145 2350 3198 verisi-

787 3222 937 3286 mile,
1012 3236 1234 3294 propter
1305 3231 1756 3286 consuetudinem
1805 3249 1927 3302 quae.
1975 3235 2027 3288 in
2076 3236 2351 3294 Armeniis
2380 3252 2421 3309 (ς

789 3314 1041 3382 obtinuit,
1079 3332 1464 3375 concesserunt
1509 3325 1685 3378 sancti
1720 3325 1931 3390 Patres,
1969 3338 2029 3382 ut
2085 3330 2207 3385 laici
2265 3347 2354 3386 sa-

790 3404 1107 3461 cerdotibus
1158 3409 1415 3465 oﬁ‘errent
1483 3429 1602 3482 quae
1654 3414 1752 3484 ipsi
1802 3417 2020 3473 vellent.
2052 3421 2205 3488 Apud
2254 3438 2356 3476 nos

791 3499 934 3552 enim
967 3516 1124 3556 nemo
1157 3505 1371 3573 cogitur
1403 3505 1610 3576 aliquid
1644 3508 1956 3577 huiusmodi
2010 3512 2203 3569 facere.
2261 3515 2356 3569 Di-

792 3595 932 3648 xerit
964 3606 1142 3650 autem
1180 3599 1471 3667 quispiam,
1506 3602 1801 3670 quoumdu,
1850 3620 1972 3659 eum
2022 3623 2193 3662 canon
2248 3620 2358 3663 tra-

790 3697 902 3743 ctet
929 3690 995 3745 de
1023 3691 1235 3749 duobus
1260 3710 1380 3763 qua:
1410 3694 1462 3748 in
1488 3699 1861 3752 Armeniorum
1889 3702 2105 3769 regione
2137 3704 2355 3774 ﬁebant,

792 3782 860 3835 de
893 3784 1193 3852 eoquendis
1230 3787 1441 3843 scilicet
1492 3792 1739 3844 carnium
1779 3795 2036 3848 membris
2093 3797 2143 3849 in
2176 3799 2355 3863 altari,

792 3884 845 3929 et
879 3876 945 3930 de
972 3877 1163 3932 frustis
1212 3880 1584 3937 sacerdotibus
1641 3883 1693 3936 in
1750 3885 1994 3940 Ecclesia
2046 3887 2356 3957 afferendis,

797 3969 967 4023 solam
998 3971 1242 4025 carnium
1277 3972 1331 4026 in
1371 3972 1611 4029 Ecclesia
1643 3977 1971 4032 oblationem
2009 3979 2199 4036 Patres
2228 3999 2357 4051 pro—

796 4061 1129 4129 hibuerunt?
1160 4062 1397 4118 Salutio.
1430 4063 1486 4118 ln
1516 4066 1784 4122 altaribus
1832 4070 2081 4124 carnium
2118 4075 2358 4128 membra

720 4176 724 4183 ν
793 4162 1029 4221 coquere
1062 4155 1204 4225 apud
1235 4154 1579 4212 Christianos
1610 4168 1696 4212 est
1728 4164 1966 4219 omnino.
1999 4164 2356 4231 prohibitum,

793 4262 857 4298 ex
890 4262 998 4315 quo
1022 4262 1117 4317 per
1149 4248 1405 4303 animalia
1437 4250 1671 4304 cessavit
1701 4254 2033 4308 sacriﬁcium
2062 4272 2077 4312 :
2132 4268 2184 4312 et
2228 4274 2358 4328 pro-

794 4348 978 4407 pterea
1009 4340 1078 4396 de
1107 4356 1173 4395 eo
1203 4341 1455 4399 Patribus
1490 4343 1673 4398 dicere
1706 4360 1811 4398 nou
1846 4348 2053 4413 placuit
2082 4369 2095 4404 :
2133 4351 2275 4404 unde
2305 4360 2359 4405 et

793 4432 862 4485 de
893 4433 1025 4487 solis
1072 4432 1279 4500 frustis,
1332 4450 1451 4503 qua:
1506 4436 1885 4492 sacerdotibus
1918 4438 2239 4505 offeruntur.
2276 4443 2357 4498 lex

795 4525 1113 4585 constituit:
1149 4543 1337 4596 nempe
1366 4544 1490 4581 cum
1517 4528 1584 4582 de
1620 4543 1685 4583 eo
1716 4529 1888 4585 solum
1919 4535 2095 4603 capite
2131 4537 2359 4605 quaestio

793 4618 1043 4673 instituta
1077 4630 1243 4675 esset.
2142 4606 2143 4611 Ἴ

863 4798 1117 4857 ZONAR.
1178 4803 1528 4861 Hebraeorum
1584 4808 1858 4873 instituto,
1909 4810 2220 4880 quicunque
2271 4826 2357 4865 sa-

794 4891 1152 4959 crificaverat,
1183 4904 1235 4948 et
1270 4904 1504 4950 mactato
1538 4899 1755 4951 animali
1788 4902 2159 4967 pectusculum
2198 4901 2358 4954 alias-

794 5001 899 5054 que
953 4986 1198 5054 ejusdem
1258 4989 1515 5044 animalis
1564 4992 1886 5060 particulas,
1942 5006 2051 5045 non
2105 4992 2223 5045 sine
2265 5008 2360 5046 sna

796 5080 1035 5149 quidque
1059 5080 1266 5135 rati0ue
1293 5082 1627 5153 latentisque
1653 5084 1902 5153 mysterii
1934 5074 2358 5154 signiﬁcatione,

797 5171 1173 5227 sacerdotibus
1194 5172 1514 5229 oﬂ‘erebant.
1547 5178 1692 5246 Apud
1719 5178 2008 5233 Armenios
2037 5195 2165 5233 vero
2215 5180 2363 5233 nulla

798 5264 1013 5327 quidem
1069 5267 1324 5320 animalia
1352 5268 1810 5336 immolabantur,
1851 5271 2119 5340 siquidem
2156 5270 2244 5323 illa
2276 5286 2365 5323 sa-

798 5357 1079 5410 criﬁcandi
1129 5359 1468 5413 consuetudo
1502 5360 1939 5417 Christianorum
1968 5362 2177 5432 legibus
2228 5363 2363 5418 sub-

800 5448 906 5503 lata
970 5449 1111 5504 fuit:
1171 5450 1263 5505 sed
1298 5452 1442 5505 intra
1488 5454 1659 5508 altare
1691 5454 1933 5511 decoctis
1984 5455 2267 5515 carnibus,
2301 5472 2365 5508 cx

800 5541 869 5595 iis
899 5552 1045 5597 certa
1100 5559 1162 5597 ac
1194 5544 1415 5598 deﬁnita
1468 5546 1716 5615 quaedam
1753 5547 2138 5602 sacerdotibus
2173 5547 2366 5615 largie-

803 5635 1021 5690 bantur.
1060 5637 1234 5701 Quam
1268 5638 1488 5706 quidem
1522 5640 2001 5705 consuetudinem,
2038 5640 2238 5709 quippe
2269 5638 2365 5692 Ju-

806 5725 1045 5779 dzcorum
1103 5742 1281 5781 mores
1340 5726 1513 5780 adhuc.
1578 5729 1930 5790 redolentem,
1982 5728 2218 5797 synodus
2270 5726 2371 5780 da-

809 5827 997 5881 uiuat,
1034 5832 1095 5871 ac
1129 5834 1320 5873 carnes
1364 5820 1585 5889 quidem
1645 5821 1697 5873 in
1728 5819 1965 5874 Ecclesia
1991 5834 2248 5888 coquere.
2279 5828 2371 5871 aut

809 5909 865 5961 iu
900 5909 1085 5963 cadem
1130 5910 1347 5964 deﬁnita
1386 5911 1474 5965 illa
1528 5912 1901 5967 sacerdotibus
1946 5908 2128 5965 offerri
2184 5918 2366 5965 vetat:

2044 435 2321 497 THEOD.
2354 428 2755 493 BALSAMON

848 573 867 604 σ
905 554 1051 608 nium
1086 552 1328 606 membra
1362 552 1428 605 ab
1478 551 1837 607 oﬁerentibus
1891 554 2179 620 accipere;
2240 549 2336 605 sed
2368 566 2410 616 Α

2530 564 2547 594 ι
2598 543 2959 613 ἀφωρισμέναι
2992 540 3171 609 κρεῶν
3209 540 3344 610 μέλη
3380 542 3529 610 παρά
3567 541 3677 592 τῶν
3710 558 4018 610 προσαγω-

2526 659 2542 689 ι
2588 657 2695 691 των
2721 636 3043 705 λαμϐάνειν,
3088 636 3205 688 ἀλλ’
3253 629 3335 696 οἷς
3378 634 3582 705 ἀρεσθῇ
3626 638 3655 687 ὁ
3690 638 4017 704 προσάγων,

2524 749 2540 779 ι
2587 729 2797 790 τούτοις
2825 727 3204 795 ἀρκείσθωσαν
3229 768 3243 791 ,
3280 726 3384 791 ἔξω
3412 729 3508 797 τῆς
3536 727 3870 798 Ἐκκλησίας
3924 732 4019 798 τῆς

2531 841 2549 872 ι
2597 821 2854 889 τοιαύτης
2885 821 3176 891 γινομένης
3202 822 3571 890 προσαγωγῆς
3598 838 3613 853 ο
3644 822 3693 874 εἰ
3728 822 3788 875 δέ
3818 840 3906 886 τις
3946 824 4016 893 μὴ

2523 936 2540 968 ι
2582 916 2751 970 τοῦτο
2786 918 2935 984 ποιῇ,
2976 913 3343 983 ἀφοριζέσθω.
3390 933 3409 966 ι

2518 1011 2711 1063 ΒΔΛΣ.
2740 1006 2901 1072 Οἶδας
2939 1009 3021 1062 ὅτι
3057 1010 3152 1061 τοῦ
3194 1009 3471 1071 Μωῡσέως
3512 1009 3878 1071 κελεύσαντος
3910 1015 4017 1075 τοῖς

2460 1104 2819 1174 Ἰσραηλίταις
2852 1102 2995 1155 κατά
3021 1103 3111 1156 τὸν
3132 1102 3328 1170 καιρὸν
3351 1102 3450 1171 τῆς
3475 1103 3583 1155 ἀπὸ
3609 1104 3710 1171 τῆς
3735 1104 4015 1169 Αἰγύπτου

2448 1195 2775 1260 ἐξελεύσεως
2799 1194 2980 1248 αὐτῶν
3009 1197 3313 1263 σφαγιάσαι
3355 1195 3547 1263 ἀμνὸν,
3584 1197 3681 1248 καὶ
3711 1196 3912 1265 χρῖσαι
3936 1198 4021 1249 διὰ

2446 1287 2540 1339 τοῦ
2595 1289 2829 1357 αἵματος
2885 1289 2982 1349 τὰς
3011 1287 3171 1354 φλιάς
3208 1288 3317 1340 τῶν
3359 1288 3555 1340 οἰκιῶν
3613 1289 3821 1349 αὐτῶν,
3874 1290 4020 1349 ὅπως

2448 1376 2665 1445 φύγωσι
2715 1380 2804 1430 τὸν
2849 1380 2914 1430 ἐκ
2966 1377 3062 1432 τοῦ
3110 1376 3438 1447 ὀλοθρευτοῦ
3488 1379 3596 1430 τῶν
3650 1382 4017 1446 πρωτοτόκων

2448 1469 2729 1531 κίνδυνοντ
2742 1471 2989 1523 δέδοκται
3013 1469 3167 1537 παρὰ
3206 1469 3477 1531 Ἰουδαίοις
3506 1464 3591 1522 διὰ
3617 1471 3812 1533 θυσίας
3840 1472 4017 1537 ἀμνοῦ

2454 1558 2553 1612 καὶ
2610 1559 2786 1612 ἄλλων
2830 1559 2994 1610 τινῶν
3045 1557 3200 1622 ζώων
3245 1556 3586 1623 ἑξιλεοῦσθαι
3631 1559 3724 1611 τὸν
3780 1560 3921 1611 Θεὸν
3966 1562 4019 1611 ἐν

2450 1651 2682 1722 ἡμέραις
2717 1651 2880 1703 τισίν.
2915 1650 2979 1703 Ἠ
3014 1650 3069 1703 δὲ
3104 1650 3265 1704 θυσία
3295 1648 3432 1717 αὕτη
3470 1652 3528 1703 ἐν
3559 1650 3703 1721 ἀλλῳ
3736 1654 3837 1721 μὲν
3872 1655 4020 1720 τόπῳ

2449 1741 2675 1808 ἐγίνετο,
2703 1741 2759 1791 ὲν
2792 1741 2999 1811 ἑτέροις
3029 1740 3085 1793 δὲ
3113 1740 3181 1793 τὰ
3213 1740 3349 1809 κρέα
3372 1740 3551 1809 ὲψείτο
3579 1741 3677 1795 καὶ
3706 1743 4021 1811 ἐμερίζετο.

2451 1832 2585 1887 Τινά
2633 1832 2765 1900 γοῦν
2804 1835 2944 1901 μέρη
2994 1832 3086 1885 τοῦ
3138 1833 3406 1901 θυομένου
3459 1833 3601 1900 ζῴου
3645 1837 3760 1896 τοῖς
3810 1836 4021 1899 ἱερεῦσι

2452 1926 2790 1995 προσήγοντο
2818 1925 2905 1978 διὰ
2934 1926 3123 1992 λόγους
3150 1926 3329 1987 τινὰς,
3360 1928 3485 1996 περὶ
3509 1920 3583 1979 ὧν
3618 1926 3717 1979 οὐκ
3753 1928 3875 1981 ἐστι
3906 1946 4018 1981 και-

2453 2019 2548 2088 ρὸς
2576 2019 2779 2084 λέγειν.
2823 2017 2975 2071 Ἐπεὶ
3000 2017 3058 2069 δὲ
3094 2017 3482 2087 μεμαθήκασιν
3506 2020 3555 2071 οἱ
3582 2018 3727 2087 ἅγιοι
3779 2020 4023 2088 Πατέρες

2451 2108 2526 2173 ὡς
2562 2112 2619 2161 ἐν
2648 2114 2712 2180 τῇ
2748 2110 2902 2179 χώρα
2934 2110 3042 2162 τῶν
3087 2110 3383 2181 Ἀρμενίων
3414 2111 3595 2165 θυσίαι
3633 2112 3732 2180 μὲν
3755 2112 3846 2165 διὰ
3872 2112 4025 2176 ζώων

2452 2202 2514 2253 οὐ
2546 2202 2811 2269 γίνονται,
2844 2200 2988 2272 μέρη
3028 2200 3083 2253 δὲ
3120 2201 3301 2271 κρεῶν
3327 2201 3477 2263 ἐντὸς
3506 2202 3601 2255 τοῦ
3627 2203 4024 2273 θυσιαστηρίου

2454 2291 2696 2360 ἕψονται,
2751 2295 2844 2346 καὶ
2895 2295 2959 2346 ἐκ
3010 2293 3216 2346 τούτων
3260 2293 3619 2363 ἀφαιρέματά
3656 2312 3821 2355 τινα,
3861 2297 4026 2363 ἤγουν

2456 2385 2816 2459 ἀφωρισμένα
2872 2385 3029 2455 μέλη,
3086 2386 3251 2446 πόδας
3307 2385 3470 2454 τυχὸν
3523 2386 3617 2437 καὶ
3671 2386 3947 2456 κεφαλὴν,
3996 2388 4025 2455 ἦ

2455 2478 2643 2546 ἕτερόν
2671 2495 2723 2529 τι
2770 2476 3032 2538 τοιοῦτον,
3069 2480 3181 2530 τοῖς
3231 2477 3467 2547 ἱερεῦσιν
3509 2478 3822 2541 Ἰουδαϊκῶς
3856 2497 4028 2549 προσι-

2457 2571 2704 2637 άγουσιν,
2738 2570 2962 2638 ὥρισαν,
2997 2572 3133 2639 μήτε
3160 2572 3309 2633 ἐντὸς
3334 2571 3423 2624 τοῦ
3453 2572 3849 2642 θυσιαστηρίου
3887 2574 4021 2640 μέλη

2458 2661 2638 2730 κρεῶν
2692 2662 2958 2727 ἕψεσθαι,
3023 2664 3159 2732 μήτε
3218 2663 3374 2724 ἐκτὸς
3422 2662 3589 2716 αὑτοῦ
3649 2664 4033 2733 προσάγεσθαι

2459 2753 2685 2806 τοιαῦτα
2743 2756 3103 2822 ἀφωρισμένα
3167 2753 3299 2823 μέλη
3356 2755 3466 2816 τοῖς
3521 2753 3726 2824 ἱερεῦσι
3782 2758 3929 2808 κατὰ
3977 2756 4033 2807 τὸ

2461 2846 2629 2899 πάλαι
2662 2846 2893 2917 κρατοῦν
2928 2845 3044 2907 ἔθος
3076 2863 3090 2877 ⁸
3118 2846 3252 2898 ἀλλά
3281 2846 3379 2913 τὴν
3420 2848 3839 2915 τοιουτότροπον
3862 2865 4032 2919 πρςσο

2458 2939 2680 3007 ἀγωγὴν
2739 2940 3023 3007 σχολάσαι,
3053 2940 3147 2991 καὶ
3169 2938 3477 3004 δεξιοῦσθαι
3517 2940 3645 3003 τοὺς
3672 2940 3844 3009 ἱερεῖς
3882 2944 4033 3011 παρὰ

2460 3028 2570 3080 τῶν
2626 3030 2852 3091 λαῖκῶν,
2903 3032 2959 3082 ἐν
3003 3026 3086 3093 οἷς
3128 3026 3276 3083 οὗτοι
3317 3029 3567 3082 θέλουσιν
3610 3031 3787 3083 εἴδεσί
3838 3050 3898 3085 τε
3946 3034 4034 3085 καὶ

2462 3123 2772 3191 πράγμασι.
2853 3122 2940 3184 Ὠς
2997 3122 3138 3175 ἔοικε
3192 3122 3249 3175 δὲ
3289 3122 3379 3174 διά
3428 3122 3526 3191 τὴν
3572 3124 3942 3192 κρατήσασαν
3984 3129 4035 3178 ἐν

2475 3214 2778 3282 Ἀρμενίοις
2814 3214 3102 3283 συνήθειαν
3140 3202 3413 3265 ἐνέδωκαν
3461 3214 3510 3266 οἱ
3567 3214 3817 3285 Πατέρες
3870 3235 4053 3283 προσσν

2460 3306 2615 3368 ἁγειν
2651 3307 2776 3370 τοὺς
2811 3306 3028 3369 λαῖκοὺς
3079 3310 3189 3370 τοῖς
3234 3306 3440 3376 ἱερεῦσι
3475 3308 3541 3360 τὰ
3591 3309 3781 3372 αὐτοῖς
3816 3312 4031 3378 αἱρετά.

2465 3399 2599 3469 Παρ’
2654 3402 2786 3469 ἡμῖν
2841 3399 2949 3469 γὰρ
3010 3399 3188 3462 οὐδεὶς
3246 3398 3617 3464 ἀναγκάζεται
3655 3401 3933 3467 ,τοιοῦτόν
3986 3421 4032 3453 τι

2462 3494 2656 3545 ποιεῖν.
2689 3492 2846 3544 Εἴποι
2875 3491 2930 3544 δέ
2967 3508 3073 3553 τις,
3110 3490 3227 3552 πῶς
3256 3488 3349 3541 τοῦ
3382 3488 3606 3550 κανόνος
3632 3488 4033 3558 διαλαμϐάνον-

2414 3630 2415 3633 η
2460 3600 2557 3647 τας
2588 3585 2717 3655 περὶ
2759 3585 2852 3638 δύο
2898 3582 3059 3637 τινῶν
3102 3584 3405 3652 γινομένων
3433 3582 3513 3644 εἰς
3543 3581 3645 3651 τὴν
3684 3583 3883 3652 χώραν
3934 3584 4033 3635 τῶν

2473 3679 2797 3749 Ἀρμενίων,
2830 3680 2999 3749 ἤγουν
3034 3676 3281 3747 περὶτοῦ
3316 3677 3546 3746 ἕψεσθαι
3594 3676 3729 3745 μέλη
3762 3679 3952 3746 κρεῶν
3982 3681 4033 3729 ἐν

2461 3773 2572 3832 τοῖς
2603 3770 3039 3838 θυσιαστηρίοις,
3071 3769 3164 3820 καὶ
3195 3765 3444 3837 περὶτοῦ
3478 3767 3628 3846 ἐντὸς
3662 3766 3763 3835 τῆς
3808 3767 4035 3834 Ἐκκλη-

2462 3864 2584 3924 σίας
2626 3861 3006 3933 προσάγεσθαι
3037 3862 3149 3922 τοῖς
3176 3858 3420 3943 ἱερεῦσδιν
3452 3857 3824 3925 ἀφαιρέματα
3870 3860 4033 3917 κάτω,

2464 3958 2634 4027 μόνην
2675 3955 2774 4025 τὴν
2819 3954 2903 4009 ἐπ’
2947 3953 3243 4023 ἑκκλησίας
3298 3954 3665 4021 προσαγωγὴν
3696 3953 3820 4004 τῶν
3861 3953 4033 4022 κρεῶν

2460 4053 2508 4104 οἱ
2533 4050 2775 4115 Πατέρες
2804 4048 3118 4112 ἐκώλυσαν;
3152 4045 3363 4111 Λύσις.
3396 4046 3470 4098 Τὸ
3501 4046 3559 4098 ἐν
3589 4046 3703 4107 τοῖς
3734 4047 4035 4113 θυσιαστη-

2464 4145 2600 4213 ρίοις
2639 4142 2774 4211 μέλη
2802 4141 2979 4213 κρεῶν
3007 4138 3256 4208 ἕψεσθαι,
3288 4138 3469 4207 πάντη
3493 4135 3645 4205 παρὰ
3682 4138 4034 4206 Χριστιανοίς

2459 4235 2868 4305 ἀπηγόρευταϊξ
2895 4232 3077 4298 ὲξότου
3106 4233 3139 4302 ἡ
3164 4230 3252 4284 διὰ
3281 4229 3389 4283 τῶν
3417 4228 3571 4293 ζώων
3598 4228 3821 4299 ἐπαύθη
3858 4230 4033 4290 θυσία,

2461 4332 2555 4382 καὶ
2579 4330 2668 4382 διὰ
2693 4328 2849 4380 τοῦτο
2887 4327 3066 4378 εἰπεῖν
3107 4325 3237 4395 περὶ
3277 4313 3442 4378 αὐτοῦ
3474 4326 3586 4385 τοῖς
3615 4323 3911 4391 Πατράσιν
3944 4322 4033 4375 οὐκ

2462 4422 2643 4488 ἔδοξεν
2666 4440 2681 4453 '
2709 4422 2831 4475 ὅθεν
2858 4421 2952 4474 καὶ
2982 4419 3110 4486 περὶ
3137 4418 3318 4489 μόνων
3346 4417 3457 4470 τῶν
3492 4416 3904 4486 ἀφαιρεμάτων
3937 4416 4035 4468 τῶν

2461 4520 2574 4579 τοῖς
2612 4514 2817 4585 ἱερεῦσι
2843 4513 3277 4581 προσαγομένων
3304 4510 3337 4579 ὴ
3387 4507 3728 4577 θεσμοθεσία
3771 4509 3999 4575 γέγονεν
4020 4549 4032 4569 ,

2358 4637 2438 4694 υ
2465 4612 2540 4672 ὡς
2599 4610 2790 4663 τούτου
2844 4608 2986 4676 τάχα
3036 4603 3132 4657 τοῦ
3182 4602 3481 4671 κεφαλαίου
3524 4603 3602 4663 είς
3631 4600 3719 4653 ἔτι
3747 4603 4035 4659 πίπτοντος

2462 4704 2603 4772 ὑπὲρ
2644 4703 2891 4771 ζήτησιν.

2535 4797 2777 4849 ΖΩΝΑΡ.
2833 4797 2893 4846 ΟΞ
2949 4796 3167 4859 θύοντες
3201 4793 3349 4861 παρὰ
3418 4789 3695 4850 Ἰουδαίοις
3763 4790 4034 4856 προσῆγον

2463 4892 2576 4952 τοῖς
2607 4889 2848 4958 ἱερεῦσιν
2878 4890 2941 4940 ὲκ
2968 4887 3062 4941 τοῦ
3100 4886 3403 4955 τεθυμένου
3436 4882 3578 4946 ζώου
3623 4881 3689 4933 τὺ
3730 4883 4034 4950 στηθύνιον,

2465 4984 2560 5036 καὶ
2607 4982 2769 5055 ἕτερα
2815 4982 2911 5035 τοῦ
2963 4980 3103 5043 ζώου
3151 4979 3293 5050 μέρη
3325 4977 3482 5032 ἃκαὶ
3528 4975 3730 5041 λόγους
3770 4968 3948 5044 silet
3977 4973 4032 5023 δι’

2465 5074 2560 5139 οὓς
2593 5076 2958 5147 προσήγοντο,
2995 5074 3091 5127 καί⁵
3118 5070 3443 5140 ἀναγωγάς.
3484 5069 3641 5136 Παρὰ
3677 5067 3738 5120 δὲ
3766 5072 3886 5131 τοῖς
3924 5070 4032 5135 ’Ᾱρυ

2469 5169 2676 5238 μενίοις
2705 5165 2860 5230 ζώων
2893 5166 2991 5234 μὲν
3028 5165 3210 5218 θυσίαι
3242 5162 3354 5216 ὀὐκ
3406 5162 3777 5230 ὲπράττοντο,
3826 5163 3949 5214 ἐπεὶ
3984 5159 4034 5208 τὸ

2470 5262 2584 5325 ζῶα
2618 5259 2921 5330 προσάγειν
2954 5258 3035 5320 εἰς
3077 5256 3273 5310 θυσίαν
3325 5254 3717 5323 ἀπηγόρευται
3751 5256 3874 5316 τοῖς
3914 5254 4034 5319 Χρι-

2470 5355 2707 5414 στιανοῖς
2743 5369 2756 5382 ’
2790 5352 3012 5420 ἕψοντες
3043 5350 3098 5403 δὲ
3130 5349 3268 5416 κρέα
3296 5347 3392 5400 τοῦ
3429 5346 3839 5415 θυσιαστηρίου
3878 5347 4034 5403 ἐντὸς,

2472 5444 2534 5510 ἐξ
2559 5446 2782 5498 ἐκείνων
2835 5444 3114 5515 προσῆγον
3161 5444 3275 5504 τοίς
3310 5440 3550 5509 ἱερεῦσιν
3584 5439 3883 5508 ὡρισμένα
3914 5440 4035 5490 τινα.

2474 5538 2650 5606 Ὅπερ
2678 5536 2753 5597 ὡς
2789 5534 3077 5587 Ἰουδαϊκὸν
3121 5532 3324 5585 κωλύει
3355 5532 3389 5601 ἡ
3421 5530 3639 5590 σύνοδος
3668 5548 3683 5560 ⁸
3717 5531 3817 5583 καὶ
3848 5530 3914 5580 τεο
3956 5528 4036 5595 μὲν

2470 5628 2622 5697 ἕψειν
2648 5629 2707 5679 ἐν
2738 5627 3008 5696 ἐκκλησίᾳ
3030 5667 3045 5690 ,
3080 5625 3112 5696 ἢ
3161 5625 3443 5693 ὡρισμένα
3476 5624 3784 5693 προσάγειν
3819 5624 3879 5674 ἐν
3920 5624 4033 5685 αὑτῇ

2471 5723 2588 5783 τοῖς
2643 5718 2885 5789 ἱερεῦσιν
2927 5718 3307 5786 ἀπαγορεύει·
3343 5718 3402 5768 τὸ
3432 5716 3488 5768 δὲ
3522 5718 3832 5784 προσάγειν
3868 5715 4037 5792 αὐτᾶς

2472 5811 2560 5868 οἷα
2592 5816 2686 5866 καὶ
2715 5814 2813 5865 ὅσα
2842 5815 2890 5864 οἱ
2933 5812 3303 5881 προσάγοντες
3354 5810 3663 5877 βούλονται,
3692 5812 3799 5873 ἔξω
3842 5812 3938 5877 τῆς
3961 5809 4037 5856 ἐκο

2478 5907 2705 5978 κλησίας
2735 5907 2922 5975 ἐφίησι
2952 5920 2961 5931 ·
3004 5904 3097 5957 καὶ
3130 5903 3290 5956 τοῦτο
3319 5904 3373 5954 δὲ
3420 5920 3635 5967 παντως
3668 5904 3757 5956 διὰ
3793 5906 3893 5972 τὴν
3927 5916 4036 5970 κρε-
