4218 6458
221 466 323 528 8δί

1269 467 1348 528 ΙΝ
1389 467 1559 528 CAN.
1599 469 1638 528 C
1678 470 1884 533 CONC.
1919 475 1995 536 IN
2040 473 2365 537 TRULLO.

3362 470 3466 535 862

217 578 473 643 τήσασαν
510 577 640 646 παρ’
672 576 898 639 ἐκεῖνοις
927 578 1222 647 συνήθειαν
1247 578 1454 645 ἐφῆκεν
1483 579 1515 647 ἠ
1554 577 1795 638 σύνοδος.
1831 589 1871 638 Α

1831 589 1871 638 Α
1910 584 2211 649 ριύιιιίειΊιο
2249 600 2379 637 vero
2411 599 2748 652 quu‘cunqtle
2781 583 2999 636 demum
3031 580 3318 633 offerentes
3354 599 3461 629 tua-

231 668 540 738 Ἀφαίρεμα
566 669 619 721 δὲ
650 669 710 720 τὸ
742 670 1148 738 προσαγόμενον
1191 668 1424 735 λέγεται,
1457 669 1530 730 ὼς
1569 668 1632 719 ὲκ
1691 667 1783 719 τοῦ

219 761 346 813 ὅλου
374 760 613 831 θύματος
647 762 884 829 ἀφαιροῦ
895 779 1078 829 μενον.
1375 755 1378 757 Δ

1893 670 2092 724 lnerint
2143 681 2296 725 extra
2351 673 2644 726 Ecclesiam
2709 672 2990 731 oll'erendi,
3031 669 3192 736 idque
3240 681 3465 738 prorsus

1911 766 2176 817 nveterati
2212 767 2352 835 apud
2388 782 2482 820 eos
2521 765 2688 818 moris
2729 765 2906 818 habita
2957 764 3190 821 ratione.
3225 771 3464 830 potesta—

219 867 329 911 tem
363 858 513 914 facit.
543 858 646 913 Per
686 859 994 928 Ἀφαίρεμα
1024 873 1185 926 porro
1217 858 1270 912 id
1302 859 1440 927 quod
1486 857 1772 913 olTerentcs
1813 856 2115 926 largiuntur
2153 861 2378 932 intelligi
2414 861 2595 926 debet,
2629 878 2689 915 ex
2720 876 2784 914 eo
2820 861 3045 924 scilicet,
3080 857 3220 927 quod
3254 871 3283 909 a
3350 864 3464 908 toto

219 955 444 1006 mactati
482 953 733 1006 animalis
763 968 989 1020 corpore
1021 953 1358 1007 abstractum
1393 954 1484 1016 sit,
1538 952 1894 1022 appellatione
1923 951 2174 1007 deducta.

219 1047 450 1100 ΑΡΙΣΤ.
516 1067 532 1096 ι
585 1047 890 1109 Ἰουδαϊκῶς
930 1065 1072 1110 τινες
1104 1042 1360 1117 ἐν’ἱεροίς
1397 1048 1584 1118 ἕψουσι
1630 1049 1788 1116 κρέα.

304 1163 320 1188 ι
378 1142 475 1203 ’ος
512 1139 671 1192 τοῦτο
712 1139 803 1192 οὖν
866 1143 1312 1212 συγχωρήσειεν,
1363 1143 1395 1211 ἦ
1455 1141 1591 1213 λάϐῃ
1633 1159 1684 1193 τι
1734 1141 1790 1206 ἐξ

1061 1237 1107 1286 εἰ
1139 1235 1195 1286 δέ
1237 1252 1320 1298 τις
1358 1235 1571 1286 οἴκοθεν
1630 1233 1788 1300 ἄγοι,

300 1349 316 1377 ι
368 1327 451 1378 ὅδε
486 1327 629 1379 κατὰ
662 1326 726 1378 τὸ
760 1326 994 1396 ἀρέσκον
1024 1327 1102 1396 τῷ
1151 1329 1484 1396 προσάγοντι
1539 1327 1750 1379 λαὸἐτω
1771 1367 1786 1390 ,

308 1254 318 1265 υ
366 1233 572 1294 αὐτῶν,
633 1233 729 1301 οὐχ
778 1232 957 1302 ἱερεύς
1000 1251 1011 1263 ·

305 1442 321 1471 ι
372 1421 475 1484 ἔξω
549 1422 646 1488 τῆς
716 1420 1014 1490 ἐκκλησίας
1081 1420 1373 1490 γινομένης
1440 1420 1539 1490 τῆς
1617 1438 1784 1491 προσ-

299 1533 317 1563 ε
365 1514 610 1584 arm-7:4-
640 1535 658 1564 ι

295 1577 454 1670 Τινὲς
507 1610 564 1660 ἐν
615 1611 679 1678 τῇ
731 1608 840 1661 τῶν
883 1571 1390 1678 Ἀρμενίων-χώρα
1430 1608 1564 1677 μέλη
1611 1606 1790 1676 κρεῶν

219 1703 448 1773 ’ἕψοντες
487 1705 544 1754 ὲν
572 1706 684 1764 τοῖς
715 1704 878 1773 ἱεροῖς
909 1703 1078 1763 οἴκοις
1107 1701 1401 1771 προσῆγον,
1434 1700 1790 1771 ἀφωρισμένα

217 1795 343 1846 τινὰ
387 1793 592 1846 τούτων
643 1798 755 1856 τοῖς
797 1792 1034 1862 ἱερεῦσιν
1111 1792 1421 1854 Ἰουδαϊκῶς
1479 1792 1784 1852 ποιοῦντες.

230 1889 408 1942 Τοῦτο
438 1888 568 1955 γοῦν
607 1889 655 1939 οἰ
684 1889 926 1958 Πατέρες
959 1887 1222 1957 μαθόντες
1255 1887 1558 1954 γινόμενον,
1607 1885 1785 1937 multi-

1893 1046 2118 1104 ARIST.
2163 1071 2179 1102 ι
2213 1053 2470 1107 nonnulli
2511 1067 2660 1105 more
2691 1050 2920 1105 Judaico
2945 1061 3139 1100 carnes
3165 1062 3219 1099 tn
3245 1044 3460 1112 templis

1965 1164 1978 1190 ι
2011 1156 2273 1212 coquunt.
2310 1145 2409 1209 Qui
2447 1145 2608 1212 igitur
2659 1144 2760 1196 hoc
2797 1141 3135 1212 permiserit,
3183 1140 3264 1193 vel
3298 1139 3458 1209 quip-

1962 1261 1976 1288 ς
2018 1239 2156 1308 piam
2206 1256 2268 1293 ex
2304 1240 2411 1293 illis
2441 1235 2732 1306 acceperit,
2784 1250 2886 1286 non
2937 1241 3020 1285 est
3056 1230 3334 1283 habendus
3368 1245 3458 1285 sa-

1965 1360 1978 1387 ι
2018 1335 2252 1390 cerdos:
2290 1334 2334 1387 si
2364 1334 2488 1401 quis
2515 1339 2692 1384 autem
2725 1342 2822 1381 sua
2853 1336 3046 1395 sponte
3073 1323 3288 1387 offeret,
3319 1324 3457 1391 ipse,

1963 1455 1978 1481 ς
2013 1430 2157 1498 quod
2218 1424 2467 1480 offerenti
2533 1422 2819 1492 placuerit,
2875 1419 3124 1486 accipiat,
3181 1417 3459 1472 oblatione

1965 1549 1982 1578 ι
2013 1538 2164 1581 extra
2196 1523 2481 1578 ecclesiam
2517 1520 2680 1571 facta.
2718 1537 2734 1568 ι

1959 1619 2191 1687 Quidam
2226 1619 2278 1670 in
2329 1613 2706 1668 Armeniorum
2743 1611 2963 1679 regione
3000 1606 3248 1660 carnium
3284 1618 3456 1656 mem-

1889 1716 1986 1772 bra
2035 1721 2329 1782 coquentes
2385 1709 2436 1762 in
2492 1706 2663 1759 sacris
2713 1702 2923 1756 aedibus
2970 1697 3288 1758 offerebant,
3324 1710 3456 1748 non-

1893 1808 2039 1862 nulla
2065 1820 2251 1860 eorum
2279 1807 2524 1867 separata
2555 1796 2868 1851 Judteorum
2902 1806 3052 1844 more
3073 1787 3454 1842 sacerdotibus

1891 1900 2300 1955 distribuentes.
2337 1895 2447 1947 lloc
2492 1893 2675 1961 itaque
2711 1888 2911 1941 factum
2948 1883 3119 1936 fuisse
3151 1879 3459 1948 intelligen-

216 1999 343 2034 ουσι
373 1980 653 2048 γίνεσθαι,
688 1982 781 2034 καὶ
821 1982 1248 2046 προστάττουσι,
1299 1981 1372 2051 μὴ
1418 1981 1617 2046 ἐξεῖναι
1675 1983 1784 2042 τοῖς
1816 1999 1860 2056 Β

1816 1999 1860 2056 Β
1891 2003 1972 2048 tes
1994 1991 2206 2055 Patres,
2239 1988 2473 2057 amplius
2509 1985 2621 2037 ﬁeri
2664 1980 2980 2052 proh‘ibent,
3008 1974 3314 2044 j'ubentquc
3342 1985 3451 2023 non

219 2073 465 2142 ἱερεῦσιν
497 2073 781 2142 ὡρισμένα
811 2073 946 2142 μέλη
978 2074 1156 2142 κρεῶν
1178 2074 1450 2136 ἀπαιτεῖν,
1487 2072 1605 2126 ἀλλ’
1637 2073 1782 2125 ὲκεί-

215 2183 335 2227 νοις
363 2167 674 2233 ἀρκεῖσθαι,
722 2159 804 2228 οἷς
846 2166 1138 2234 ἀρέσκεται
1170 2167 1197 2217 ὁ
1229 2166 1520 2235 προσάγων
1543 2183 1555 2196 ⁸
1596 2165 1693 2234 τὴν
1726 2165 1782 2218 δὲ

214 2259 591 2328 προσαγωγὴν
623 2259 831 2311 τούτων
862 2260 966 2324 ἔξω
1001 2261 1099 2328 τῆς
1141 2260 1437 2330 ἐκκλησίας
1494 2261 1740 2328 γίνεσθαι
1768 2276 1782 2292 ⁸

216 2356 267 2406 εἰ
301 2353 357 2404 δὲ
393 2353 489 2422 μὴ,
517 2354 871 2423 ἀφορίζεσθαι
906 2356 996 2406 τὸν
1031 2353 1212 2418 ἄλλως
1256 2351 1533 2407 ποιοῦντα.

814 2448 860 2499 Κ
872 2447 1051 2498 ᾹΝΩΝ
1103 2449 1176 2501 P'.

219 2560 237 2588 ιι
294 2542 359 2592 Οἱ
390 2540 682 2608 ὀφθαλμοί
719 2555 833 2594 σου
866 2541 1006 2607 ὀρθὰ
1029 2541 1448 2603 βλεπέτωσαν,
1472 2540 1571 2592 καὶ
1615 2542 1780 2608 πάσῃ

301 2653 320 2699 ι
364 2631 607 2698 φυλακῇ
639 2629 800 2697 τήρει
832 2631 956 2696 σὴν
985 2631 1251 2697 καρδίαν,
1293 2651 1310 2682 ι
1350 2632 1381 2694 ἡ
1417 2630 1580 2696 Σοφία
1604 2630 1782 2682 διακε-

293 2743 314 2767 π
361 2724 576 2776 λεύετῖι
604 2740 616 2752 ο
656 2724 852 2794 ῥᾳδίως
891 2723 997 2793 γάρ
1026 2723 1092 2776 τὰ
1127 2724 1333 2777 ἑαυτῶν
1360 2724 1449 2776 ἐπὶ
1476 2723 1572 2793 τὴν
1605 2723 1782 2792 ψυχὴν

295 2836 314 2866 ιι
361 2817 416 2869 αἰ
453 2817 544 2868 τοῦ
582 2820 833 2886 σώματος
861 2818 1138 2886 αἰσθήσεις
1168 2817 1517 2886 είσκρὶνουσι,
1554 2817 1664 2878 Τὰς
1688 2817 1780 2868 οὖν

297 2931 314 2959 ιι
363 2912 462 2976 τὴν
491 2911 683 2978 ὅρασιν
717 2909 1226 2978 καταγοητευούσας
1285 2911 1521 2976 γραφὰς,
1582 2911 1692 2961 εἴτε
1725 2912 1778 2960 ἐν

301 3024 317 3052 α
369 3002 587 3066 πίναξιν
621 3004 730 3053 εἴτε
764 3001 936 3062 ἄλλως
962 3019 1078 3064 πως
1097 3001 1520 3068 ἀνατιθεμένας,
1566 3004 1657 3052 καὶ
1691 3001 1779 3051 τὸν

290 3120 309 3149 ς
356 3097 478 3150 νοῦν
533 3097 862 3165 φθειρούσας
913 3097 1005 3149 καὶ
1058 3095 1311 3158 κινούσας
1359 3100 1489 3164 πρὸς
1535 3078 1612 3147 .τά
1674 3095 1778 3145 τῶν

296 3212 315 3241 ι
368 3191 609 3260 αἰσχρῶν
647 3190 848 3259 ἡδονῶν
889 3189 1319 3259 ὑπεκκαύματα,
1357 3188 1607 3258 οὐδαμῶς
1675 3187 1779 3239 ἀπὸ

293 3305 313 3335 σ
360 3283 452 3336 τοῦ
495 3283 588 3336 νῦν
616 3282 912 3352 οίῳδὴποτε
946 3281 1133 3350 τρόπῳ
1159 3281 1575 3352 προστάσσομεν
1618 3283 1780 3348 ἐγχα-

293 3404 312 3428 ι
367 3375 658 3448 ράττεσθαι
684 3390 699 3404 ⁸
733 3376 781 3428 εἰ
811 3376 866 3427 δέ
903 3393 985 3438 τις
1016 3373 1174 3427 τοῦτο
1204 3373 1467 3444 πράττειν
1497 3371 1778 3441 ἐπιχειρή-

290 3492 310 3522 ιι
366 3490 467 3538 σοι,
497 3469 864 3539 ἀφοριζέσθω.
908 3473 911 3476 ⁴

284 3565 482 3617 ΒΑΛΣ.
517 3562 712 3633 Πρώτη
739 3564 846 3615 τῶν
868 3562 1175 3631 αἰσθήσεων
1209 3563 1240 3627 ἡ
1290 3558 1476 3630 ὅρασίς
1499 3559 1632 3620 ἐστι,
1686 3562 1778 3610 καὶ⁵

204 3661 506 3728 ὀφείλομεν
527 3657 616 3711 διὰ
638 3659 842 3726 ταύτης
875 3657 967 3708 ἐπὶ
999 3659 1104 3709 πᾶν
1138 3656 1342 3722 ἀγαθὸν
1369 3653 1699 3722 όδηγεῖσθαι·
1718 3653 1777 3704 οὐ

150 3822 155 3827 ι
212 3756 330 3825 μὴν
353 3753 416 3806 δι’
443 3753 612 3816 αὐτῆς
645 3753 786 3804 κατά
823 3752 914 3802 τὸν
950 3751 1272 3820 προπάτορα
1325 3749 1633 3818 προδιδόναι
1683 3746 1779 3803 τάς

205 3848 430 3908 ὲν·ολάς
454 3845 546 3898 τοῦ
564 3843 716 3898 Θεοῦ.
748 3864 764 3895 ι
809 3839 927 3895 Εἷδε
952 3843 1078 3913 γὰρ,
1125 3863 1142 3892 ι
1173 3843 1304 3912 φησὶ
1357 3843 1628 3900 κάκεῖνος,
1669 3860 1685 3889 ι
1720 3839 1779 3890 τὸ

207 3937 380 4007 φυτὸν
401 3937 474 4000 ὼς
494 3936 711 4006 ὡραῖον,
739 3937 830 3986 καὶ
848 3933 1122 4002 ἠπατήθη,
1149 3933 1242 3984 καὶ
1260 3931 1451 4000 ἔφαγε,
1472 3932 1565 3982 καὶ
1587 3929 1663 3998 τῷ
1689 3927 1780 3980 θα·

204 4035 362 4098 νάτῳ
379 4032 627 4092 ὑπόδικος
650 4030 922 4098 γέγονεν.)
960 4027 1112 4079 Ἐπεὶ
1134 4028 1309 4080 τοίνυν
1335 4025 1478 4088 τινὲς
1496 4026 1773 4093 ἐρωτομα-

205 4125 454 4190 νοῦντες,
474 4125 567 4176 καὶ
585 4126 711 4193 περὶ
729 4124 829 4192 τὴν
861 4122 1366 4193 βιοτὴν’ἁδιάφοροι,
1396 4123 1452 4172 ὲν
1477 4118 1711 4202 πίναξιν,
1743 4118 1775 4187 ἢ

207 4221 270 4268 ὲν
305 4215 529 4282 τείχοις,
570 4215 686 4285 ἢὲν
721 4212 901 4270 ἄλλοις
941 4214 1082 4264 τισὶν
1107 4211 1306 4263 εἴδεσιν
1347 4209 1613 4273 εἰκόνιζον
1645 4211 1778 4279 ἐρω-

203 4306 376 4368 τίδ.α,
406 4305 438 4374 ἦ
465 4305 556 4357 καί
585 4321 706 4356 τινα
741 4303 979 4372 μυσαρὰ,
1003 4304 1148 4364 ὅπως
1173 4302 1268 4366 τὰς
1301 4303 1572 4371 σαρκικάς
1604 4299 1779 4352 αὐτῶν

205 4397 512 4465 ἐπιθυμίας
547 4396 636 4448 διὰ
672 4396 773 4464 τῆς
808 4395 944 4463 πρὸς
967 4393 1137 4447 ταῦτα
1161 4394 1404 4460 ὁράσεως
1436 4392 1777 4460 ὲκπεραίνω-

211 4508 329 4554 σιν,
368 4487 577 4557 ὥρισαν
604 4489 651 4538 οἰ
678 4487 822 4553 amo;
852 4485 1110 4556 Πατέρες,
1142 4486 1477 4554 χρησάμενοι
1513 4485 1608 4536 καὶ
1639 4501 1773 4553 μαρ-

203 4581 429 4651 τυρίαις
452 4581 772 4648 γραφικαίς,
805 4578 1062 4648 σχολάσαι
1100 4575 1272 4628 ταῦτα
1300 4567 1666 4642 παντάπασιν,
1703 4578 1777 4638 ὡς

1804 3340 1853 3402 C

1888 2087 2051 2140 licere
2083 2080 2461 2138 sacerdotibus
2495 2083 2744 2144 separata
2778 2072 3025 2125 carnium
3084 2065 3454 2126 membrare-

1890 2192 2133 2247 poscere,
2191 2174 2284 2229 sed
2342 2171 2449 2225 illis
2481 2168 2832 2238 acquiescere
2869 2176 2989 2231 qua:
3037 2157 3284 2212 offerenti
3333 2155 3450 2224 pla-

1886 2282 2043 2336 cent;
2096 2283 2283 2322 eorum
2330 2273 2526 2336 autem
2583 2260 2912 2314 oblationem
2970 2260 3122 2307 extra
3171 2249 3454 2304 ecclesiam

1887 2362 2000 2416 fieri
2029 2381 2041 2414 :
2100 2361 2184 2414 sin
2219 2333 2421 2418 minus,
2466 2350 2736 2421 segregari
2778 2349 2963 2410 istum,
2994 2344 3085 2413 qui
3115 2343 3270 2395 aliter
3305 2338 3452 2392 facit.

2413 2463 2576 2534 279
2607 2458 2832 2515 canos
2869 2459 2930 2512 ι).
3311 2522 3313 2525 ι

1889 2587 1906 2615 ι
1969 2564 2122 2619 Oculi
2191 2563 2268 2614 tui
2340 2571 2486 2614 recta
2550 2555 2838 2623 aspiciant,
2895 2559 2946 2603 et
3006 2547 3150 2603 omni
3211 2544 3454 2600 custodia

1959 2679 1976 2709 ι
2025 2670 2180 2711 serva
2225 2669 2318 2708 cor
2368 2660 2520 2704 tuum
2579 2649 2645 2710 ",
2702 2645 2853 2714 jubet
2902 2638 3178 2710 Sapientia
3215 2657 3229 2704 ;
3263 2652 3455 2711 corpo-

1959 2774 1974 2802 ι
2032 2751 2106 2804 ris
2156 2747 2299 2801 enim
2349 2757 2542 2797 sensus
2596 2754 2692 2793 sua
2749 2736 2902 2789 facile
2969 2734 3022 2785 in
3078 2731 3312 2784 animam
3369 2730 3450 2780 in—

1963 2866 1978 2892 ε
2047 2840 2298 2895 fundunt.
2362 2834 2611 2888 Picturas
2667 2843 2819 2896 ergo,
2879 2840 3000 2895 qua:
3059 2824 3243 2876 oculos
3317 2835 3455 2889 pre-

1949 2959 1964 2985 ιι
2031 2922 2324 3000 stringunt,
2386 2927 2500 2982 sive
2553 2925 2605 2978 in
2661 2921 2881 2982 tabulis,
2944 2919 3056 2970 sive
3101 2915 3206 2968 alio
3257 2912 3450 2980 quovis

1950 3048 1967 3079 ι
2028 3028 2184 3080 modo
2238 3023 2387 3084 ﬁant,
2441 3027 2494 3074 et
2543 3024 2774 3071 mentem
2835 3015 3217 3074 corrumpunt,
3258 3013 3311 3057 et
3378 3003 3446 3056 ad

1953 3142 1968 3170 ι
2022 3116 2257 3187 turpium
2293 3113 2627 3181 voluptatum
2687 3113 2902 3160 movent
2954 3100 3239 3162 incendia,
3298 3095 3449 3151 nullo

1964 3235 1977 3264 ι
2039 3210 2199 3268 modo
2252 3208 2505 3273 deinceps
2537 3200 2765 3270 exprimi
2794 3199 3065 3268 jubemus.
3098 3192 3152 3245 Si
3196 3190 3314 3258 quis
3352 3203 3448 3240 au—

1961 3326 1977 3354 ι
2018 3315 2124 3360 tem
2154 3304 2257 3358 hoc
2286 3300 2466 3354 facere
2496 3309 2780 3366 aggressus
2827 3289 3008 3352 fuerit,
3045 3287 3365 3354 deponatur.
3407 3298 3427 3327 ν

1953 3568 2148 3624 BALS.
2201 3567 2415 3622 Primus
2465 3573 2721 3617 sensuum
2774 3565 2858 3611 est
2890 3553 3059 3612 visus,
3110 3559 3162 3600 et
3194 3561 3285 3615 per
3320 3557 3444 3598 eum

1881 3665 2141 3720 debemus
2193 3661 2258 3715 ad
2318 3673 2479 3712 omne
2517 3655 2657 3725 quod
2694 3653 2893 3705 bonum
2934 3657 3016 3701 est
3051 3642 3239 3697 deduci
3274 3659 3288 3694 :
3339 3652 3443 3691 non

1883 3767 2063 3810 autem
2096 3770 2189 3823 per
2218 3755 2420 3822 ipsum,
2448 3744 2907 3818 quemadmodum
2937 3746 2987 3791 et
3022 3743 3206 3791 noster
3238 3732 3446 3802 primus

1881 3858 2054 3921 pater,
2095 3847 2189 3901 Dei
2224 3853 2487 3913 praecepta
2523 3840 2772 3911 prodere.
2804 3833 2952 3887 Vidit
2981 3831 3147 3892 enim,
3190 3825 3364 3894 inquit
3394 3833 3447 3877 et

1882 3945 1992 4009 ille,
2029 3942 2304 4002 arborem,
2337 3935 2480 4006 quod
2513 3933 2736 4004 pulchra
2768 3935 2934 3986 esset,
2965 3933 3017 3978 et
3051 3923 3442 3986 deceptus.est,

1880 4045 1934 4091 et
1987 4034 2242 4096 comedit,
2299 4038 2353 4085 et
2407 4029 2510 4084 sub
2569 4025 2761 4079 mortis
2815 4027 3135 4091 potestatem
3189 4015 3443 4065 redactus

1881 4137 1965 4184 est
1996 4128 2062 4177 δ’.
2097 4123 2364 4189 Quoniam
2395 4134 2525 4188 ergo
2557 4113 2798 4169 nonnulli
2834 4113 3026 4164 insano
3061 4119 3247 4159 arnore
3278 4099 3444 4167 capti,

1880 4231 1933 4275 et
1965 4221 2124 4273 vitam
2161 4215 2516 4284 negligentem
2550 4215 2794 4277 agentes,
2823 4205 2876 4258 in
2910 4200 3130 4261 tabulis,
3167 4195 3248 4248 vel
3277 4192 3441 4246 etiam

1881 4314 1934 4365 in
1984 4282 2423 4380 parietibus,vel
2458 4302 2512 4356 in
2546 4299 2815 4368 aliquibus
2850 4294 2969 4348 aliis
3013 4292 3197 4351 rebus,
3227 4282 3442 4351 cupidi-

1880 4419 1979 4458 nes
2028 4401 2315 4472 quosdam,
2371 4395 2454 4450 vel
2501 4394 2662 4447 etiam
2698 4391 2802 4444 alia
2839 4386 3056 4457 quidem
3106 4375 3444 4436 exsecranda

1880 4497 2265 4564 depingebant,
2329 4498 2388 4542 ut
2450 4485 2698 4541 carnales
2757 4497 2885 4536 suas
2963 4473 3284 4544 cupiditates
3344 4482 3441 4537 per

1881 4599 2070 4637 eorum
2137 4588 2413 4648 aspectum
2483 4582 2838 4644 peragerent;
2896 4573 3205 4622 statuerunt
3242 4557 3445 4615 ’sancti‘

206 4674 696 4743 καταγοητεύοντα
759 4672 877 4739 ῆτοι
929 4670 1217 4723 ἀπατῶντα
1270 4671 1368 4739 τὴν
1416 4671 1626 4739 ὅρασιν,
1684 4667 1775 4721 καὶ
1807 4684 1850 4737 ι)

1774 4709 1775 4717 ι
1807 4684 1850 4737 D
1880 4678 2094 4737 Patres,
2120 4673 2416 4742 Scripturaa
2461 4682 2679 4738 quoque
2735 4661 3062 4719 testimoniis
3107 4663 3344 4716 utentes,
3379 4664 3440 4703 ea

204 4768 579 4836 εἰσκρίνοντα,
623 4766 740 4834 ἦτοι
777 4764 1158 4829 εἰσδάλλοντα,
1199 4764 1276 4825 εἰς
1316 4763 1415 4834 τὴν
1449 4763 1628 4832 ψυχὴν
1673 4765 1778 4815 πᾶν

203 4861 341 4912 εἴτι
369 4858 556 4918 κακὸν,
582 4859 676 4910 καὶ
696 4859 956 4927 παραίτια
981 4855 1110 4906 ὄντα
1137 4855 1379 4924 αἰσχρῶν
1411 4854 1506 4906 καὶ
1529 4854 1781 4923 ἀσέμνων

205 4952 611 5022 τολμημάτων,
683 4951 777 5003 καὶ
815 4949 1238 5018 διαφθειρόντων
1293 4948 1354 4999 τὸ
1413 4945 1534 4998 κατ’
1598 4948 1778 4999 εἰκόνα
1822 5005 1839 5016 ,

200 5044 351 5099 Θεοῦ
383 5061 394 5074 ·
439 5045 564 5102 τοὺς
599 5042 656 5094 δὲ
690 5041 933 5094 τοιοῦτόν
979 5057 1032 5092 τι
1075 5039 1451 5109 τολμήσαντας
1479 5036 1621 5091 καθ’.
1640 5039 1778 5091 οίον-

198 5143 399 5208 δήτινα
448 5137 646 5208 τρόπον
704 5133 1037 5196 ὑπευθύνους
1097 5129 1236 5186 εἶναι
1311 5131 1623 5203 ἀφορισμῷ.
1671 5133 1779 5201 Ση-

205 5233 450 5302 μείωσαι
479 5227 636 5279 τοῦτο
667 5245 681 5259 ο
732 5228 883 5296 παρά
919 5228 1030 5295 γὰρ
1075 5227 1244 5288 οῐκοις
1298 5225 1568 5277 πλουσίων
1619 5225 1778 5278 τινῶν

200 5324 272 5374 οὐ
314 5320 475 5389 μόνον
527 5319 724 5386 γραφαὶ
776 5317 1023 5371 τοιαῦται
1053 5318 1146 5387 καὶ
1202 5315 1373 5368 ταῦτα
1411 5320 1778 5388 χρυσόπαστοι

203 5411 358 5482 μετά
411 5413 589 5476 πάσης
622 5410 1016 5479 ἀσχημοσύνης
1053 5408 1487 5476 ἐξεικονίζονται,
1511 5411 1644 5463 ἀλλά
1683 5412 1778 5464 καὶ

198 5505 303 5558 διὰ
342 5504 582 5571 γυψίνων
658 5502 1202 5569 κατασκευασμάτων
1275 5504 1774 5574 στηλογραφοῦνται

199 5591 658 5667 ἀνθρωπόμορφα
686 5597 1061 5665 πηνίσματα·

281 5781 525 5834 ΖΩΝΑΡ.
569 5779 789 5849 Γραφάς
841 5797 1007 5841 τινες,
1083 5779 1204 5849 ἦτοι
1271 5778 1587 5849 ζωγραφίας
1644 5785 1772 5835 ἀσέ..

202 5972 249 6007 δι
291 5969 451 6023 Prov.
485 5982 555 6028 ιγ,
588 5966 675 6021 ‘25.
757 5967 797 5999 "’
827 5968 959 6023 Gen.
1009 5984 1086 6032 Ill,
1116 5967 1166 6021 6.

1883 4771 2106 4826 omnino
2172 4781 2390 4821 cessare
2451 4772 2724 4832 oportere,
2792 4766 2978 4826 utpote
3034 4767 3154 4820 quae
3213 4760 3435 4801 sensum

1883 4863 2265 4933 praestringunt
2308 4872 2404 4913 seu
2440 4856 2654 4919 fallunt,
2685 4860 2737 4905 et
2770 4851 2821 4903 in
2873 4847 3106 4900 animam
3145 4837 3439 4894 infundunt

1878 4972 1971 5010 seu
2003 4954 2301 5007 immittunt
2331 4963 2489 5002 omne
2508 4947 2728 5007 malum,
2749 4942 3104 5009 turpibusque
3130 4944 3182 4988 et
3210 4932 3440 4985 inhone-

1877 5049 1975 5102 stis
2027 5045 2277 5114 inceptis,
2330 5055 2555 5110 quaeque
2604 5037 2702 5090 Dei
2734 5035 3019 5104 imagi’nem
3057 5029 3432 5091 corrumpunt,

1877 5135 2097 5193 causam
2144 5111 2382 5207 praebent
2413 5151 2426 5186 :
2456 5148 2550 5187 eos
2580 5141 2780 5192 autem,
2815 5125 2905 5194 qui
2944 5123 3048 5177 tale
3083 5117 3213 5189 quid
3244 5111 3437 5183 quovis

1876 5233 2039 5287 modo
2093 5231 2276 5283 ausuri
2329 5235 2481 5286 sunt,
2544 5237 2665 5276 esse
2725 5213 3082 5288 segregationi
3143 5208 3433 5265 obnoxios.

1875 5325 2010 5380 Nota
2060 5324 2160 5378 lioc
2190 5338 2206 5374 :
2273 5323 2325 5374 in
2360 5318 2563 5372 aedibus
2597 5314 2743 5369 enim
2776 5307 3133 5382 quorumdam
3179 5300 3432 5360 divitum,

1875 5433 1981 5472 non
2035 5416 2210 5470 solum
2252 5410 2517 5482 ejusmodi
2559 5408 2808 5482 picturae,
2856 5415 3040 5470 exque
3074 5409 3207 5451 auro
3240 5391 3436 5445 distiu-

1880 5517 2001 5570 οιαὶ,
2036 5521 2159 5560 cum
2199 5479 2345 5558 omni
2377 5499 2713 5568 turpitudine
2745 5479 3105 5562 ellinguntur;
3140 5485 3233 5542 sed
3268 5483 3432 5536 etiam

1882 5617 1977 5672 per
2007 5614 2232 5670 gypseas
2265 5605 2590 5658 structuras,
2626 5590 2908 5646 hominum
2939 5575 3434 5654 repraasentatrices

1883 5693 2164 5760 imagines.
2203 5688 2603 5742 describuntur.

1949 5781 2196 5836 ZONAR.
2230 5781 2472 5848 Γραφὰς,
2500 5779 2602 5832 hoc
2630 5783 2714 5830 est
2741 5771 2982 5844 picturas
3011 5764 3197 5822 habitu
3222 5763 3432 5816 invere-
