4218 6458
169 436 280 496 865

1280 425 1353 485 IN
1398 426 1565 485 CAN.
1609 427 1677 484 Cl
1718 425 1926 487 CONC.
1963 423 2044 485 IN
2092 421 2425 486 TRULLO.

3303 421 3407 482 865

171 551 268 602 τοῦ
309 547 513 617 Κυρίου
551 545 643 593 καὶ
701 539 835 591 Θεοῦ
891 544 985 592 καὶ
1036 539 1288 609 Σωτῆρος
1343 541 1501 610 ἡμῶν
1566 539 1740 608 Ἰησοῦ
1774 543 1801 598 Α

1809 549 1900 599 ,ct
1939 538 2034 592 Dei
2091 547 2144 592 ct
2197 535 2506 590 Servatoris
2554 537 2724 590 nostri
2777 535 2904 590 Jesu
2956 534 3160 589 Christi
3209 551 3406 605 corpus

173 639 415 709 Χριστοῦ
449 636 588 690 κατὰ
617 637 708 687 τὸν
742 633 933 702 καιρὸν
963 635 1062 700 τῆς
1095 634 1255 701 ἁγίας
1300 634 1654 703 μεταλήψεως
1691 639 1744 686 ἐν

173 734 361 793 αὐτοῖς
393 729 738 796 ὑπεδέχοντο.
780 727 888 778 Καὶ
916 725 1155 794 ἀρχῆθεν
1185 726 1282 795 μὲν
1314 728 1443 787 ἴσως
1475 726 1744 795 ἐπενοήθη

169 824 334 875 τοῦτο
370 823 523 892 παρά
552 837 713 872 τινων
756 819 822 870 δι’
867 819 1171 880 εὐλάϐειαν,
1241 815 1568 886 νομιζόντων
1605 819 1746 888 τάχα

177 917 255 986 μὴ
297 915 432 968 εἶναι
458 914 612 977 ἀξίαν
645 915 719 975 εἰς
749 912 1012 980 ῦπιδοχὴν
1055 911 1149 964 τοῦ
1174 912 1457 980 Κυριακοῦ
1497 911 1746 980 σώματος

170 1012 276 1078 τὴν
331 1011 486 1077 χεῖρα
529 1008 627 1076 τὴν
679 1006 998 1073 ἁπτομένην
1046 1004 1138 1056 καὶ
1172 1004 1613 1075 αἰσχρῶν.τινων
1652 1004 1745 1056 καὶ

172 1099 414 1163 ἀναξίων
433 1116 448 1131 ο
486 1098 676 1166 καιροῦ
703 1098 755 1149 δὲ
784 1097 1082 1164 προϊόντος,
1111 1099 1188 1158 εἰς
1205 1095 1439 1165 ψυχικὴν
1474 1095 1745 1148 ἀπώλειαν

178 1194 483 1262 μετέπετει
547 1194 578 1258 ἡ
614 1191 889 1254 εὐλάϐεια,
936 1190 1010 1251 ὡς
1069 1189 1176 1240 τῶν
1233 1189 1530 1242 ποιούντων
1577 1187 1745 1240 ταῦτα

175 1285 488 1353 ζητούντων
518 1283 889 1351 προτιμᾶσθαι
923 1299 1029 1334 των
1058 1281 1423 1345 πενεστέρων,
1458 1281 1548 1332 καὶ
1574 1279 1745 1340 ἄλλως

174 1374 684 1440 ἁλαζονευομένων.
743 1373 900 1424 Ἐπεὶ
929 1373 1059 1439 γοῦν
1103 1372 1248 1435 ἔδοξε
1280 1373 1435 1424 τοῦτο
1483 1375 1592 1432 τοῖς
1638 1375 1748 1424 lla.-

173 1469 345 1536 τράσι
386 1468 676 1536 παραίτιον
718 1468 1029 1520 σκανδάλων
1073 1465 1301 1528 πολλῶν,
1345 1466 1478 1517 ἀλλά
1517 1465 1622 1535 μὴν
1653 1467 1746 1518 καὶ

175 1562 499 1630 ὑϐριστικον
533 1560 627 1612 τοῦ
652 1563 922 1630 ἡμετέρου
949 1559 1220 1629 σώματος,
1255 1558 1351 1612 τοῦ
1403 1559 1521 1613 κατ’
1567 1560 1748 1612 εἰκόνα

175 1651 319 1705 Θεοῦ
358 1651 711 1715 πλασθέντος,
752 1647 905 1704 εἶπον
934 1651 1008 1712 ὡς
1045 1651 1138 1704 τοῦ
1179 1650 1416 1720 μεγάλου
1453 1652 1748 1704 ἀποστόλου

178 1744 397 1799 Παύλου
430 1739 835 1807 ἀποκαλοῦντος
862 1744 952 1797 τὸν
977 1743 1264 1824 ἄνθρωπον
1321 1745 1486 1814 σῶμα·
1511 1743 1748 1814 Χριστοῦ

177 1838 278 1889 καὶ
307 1837 491 1888 εἰκόνα
526 1836 678 1900 Θεοῦ,
713 1838 809 1888 καὶ
834 1836 1033 1900 παντὸς
1067 1837 1366 1905 κτίσματος
1393 1837 1747 1906 τιμιώτερον,

175 1929 258 1989 ὡς
290 1929 384 1979 καὶ
413 1926 729 1995 ἀξιούμενον
762 1927 859 1998 τῆς
896 1930 1002 1979 τῶν
1061 1928 1219 1980 θείων
1266 1929 1622 1997 ἀγιασμάτων
1652 1946 1748 1997 με-
1785 1907 1825 1962 Β

174 2020 487 2089 ταλήψεως,
553 2020 850 2073 κάντεῦθεν
899 2020 1042 2073 κατά
1113 2037 1172 2073 τε
1227 2021 1404 2092 ψυχὴν
1464 2022 1750 2092 καὶσῶμα

173 2107 563 2178 ἀγιαζόμενον,
595 2111 692 2163 οῦκ
719 2110 992 2178 ὀφείλουσί
1017 2128 1159 2174 τινες
1184 2110 1559 2181 προτιμᾶσθαι
1589 2109 1750 2164 αὑτοῦ

176 2204 252 2255 τὰ
293 2206 355 2256 ἐκ
391 2203 597 2274 χρυσοῦ
623 2205 714 2256 καί
760 2222 921 2258 τινων
955 2205 1158 2275 ἐτέρων
1194 2204 1394 2258 ὑλικῶν
1447 2205 1630 2274 ἄψυχα
1659 2206 1753 2258 καὶ

175 2296 472 2367 ὑποχείρια
503 2296 617 2366 εἴδη
641 2313 654 2328 ⁸
697 2297 729 2366 ἢ
770 2298 876 2366 μὴν
907 2299 1030 2360 τοὺς
1073 2299 1222 2370 παρά
1256 2297 1427 2351 ταῦτα
1465 2301 1752 2360 ποιοῦντας

177 2389 564 2459 ἀφορίζεσθαι,
610 2388 851 2458 δηλονότι
905 2390 1100 2452 αὐτούς
1153 2410 1211 2444 τε
1259 2391 1386 2453 τοὺς
1438 2392 1752 2460 χρωμένους

174 2479 448 2542 τοιούτοις
476 2481 622 2532 τισὶν
644 2480 846 2542 ὑλικοῐς
871 2482 948 2542 εἰς
974 2483 1239 2552 ὑποδοχὴν
1263 2482 1356 2534 τοῦ
1389 2482 1638 2551 σώματος
1660 2482 1752 2535 τοῦ

175 2571 448 2640 Χριστοῦ,
492 2573 586 2624 καὶ
624 2572 750 2633 τοῦς
795 2572 1177 2640 μεταδιδόντας
1200 2574 1388 2626 τούτου
1417 2575 1623 2636 αὐτοῖς.
1662 2576 1752 2645 Μὴ

177 2659 471 2732 θαυμάσῃς
504 2661 583 2724 δὲ,
628 2661 761 2729 μηδὲ
803 2663 1100 2732 ἐρωτήσῃς
1117 2664 1214 2734 τὴν
1265 2665 1465 2728 αἰτίαν,
1506 2665 1573 2717 δι’
1599 2668 1663 2736 ἦν
1695 2667 1754 2719 ἐν

177 2766 328 2801 τισιν
356 2751 671 2819 ἐκκλησίαις
711 2754 1055 2822 μεταδίδοται
1098 2757 1210 2818 τοῖς
1237 2755 1445 2820 λαῖκοῖς
1495 2761 1553 2812 τὸ
1601 2759 1754 2826 ἅγιον

181 2842 350 2912 σῶμα
370 2844 464 2897 τοῦ
492 2846 753 2916 Χριστοῦ,
773 2850 865 2900 καὶ
891 2848 992 2900 οὐκ
1018 2849 1382 2920 ἐγχειρίζεται
1410 2851 1618 2915 τούτοις
1642 2852 1753 2923 (15)

177 2937 329 2988 κατὰ
368 2936 467 3006 τὴν
506 2938 601 2990 τοῦ
637 2946 862 2999 κανόνος
899 2942 1193 3011 περίληψιν
1216 2958 1228 2971 ·
1270 2944 1451 3007 πίστις
1482 2945 1591 3015 γὰρ
1620 2946 1754 3016 ὀρθὴ

180 3031 278 3080 καὶ
305 3030 467 3097 φόϐος
501 3031 634 3084 Θεοῦ
668 3035 761 3086 καὶ
795 3035 1049 3086 εὐλάϐεια
1077 3035 1384 3098 ἀνύποπτος
1424 3036 1582 3089 τοῦτο
1613 3056 1753 3108 παρ-

181 3120 410 3184 έδωκεν,
464 3125 583 3192 ούχὶ
639 3125 700 3177 τὸ
750 3127 854 3178 τῶν
916 3128 1120 3177 λαῖκων
1160 3128 1397 3192 ἀνάξιον.
1429 3129 1654 3198 Νομίζω
1697 3130 1752 3183 δὲ

179 3212 295 3264 ὑπὸ
323 3213 418 3265 τοῦ
458 3217 724 3284 παρόντος
763 3220 987 3276 κανόνος
1017 3218 1330 3270 ἁλίσκεσθαι
1365 3220 1490 3283 τοὺς
1521 3204 1754 3290 προϐαλ-

1851 642 2050 684 sanctae
2096 628 2494 682 comnmnionis
2544 637 2784 695 tempore
2833 631 2885 681 in
2936 629 3014 683 eis
3060 627 3407 695 recipiebant.

1851 723 1915 776 Et
1971 721 2040 775 ab
2097 720 2254 773 initio
2305 719 2525 788 quidem
2579 720 2678 776 hoc
2736 721 2964 773 fortasse
3009 735 3040 774 a
3088 721 3410 788 quibusdam

1853 824 2075 884 propter
2111 814 2365 883 pietatem
2419 814 2782 882 excogitatum
2822 823 2928 875 est,
2965 814 3192 868 fortasse
3227 815 3415 868 cristi-

1853 904 2131 958 mantibus
2190 917 2409 955 manum
2466 919 2572 957 non
2622 917 2742 956 esse
2792 904 3010 970 dignam
3072 904 3411 958 Dominicqu

1851 1011 2047 1064 corpus
2084 994 2386 1062 suscipere.
2423 1009 2541 1063 qua:
2584 995 2762 1064 turpia
2818 994 3061 1063 quaedam
3108 1008 3161 1050 et
3190 998 3409 1065 indigna

1857 1089 2050 1156 tangit.
2098 1084 2433 1140 Procedente
2466 1096 2642 1141 autem
2671 1097 2936 1156 tempore,
2969 1088 3034 1141 ad
3066 1088 3259 1143 animae
3297 1106 3417 1159 pcr-

1801 1213 1810 1224 ι
1854 1180 2047 1234 niciem
2122 1194 2386 1236 conversa
2437 1188 2518 1234 cst
2571 1181 2760 1250 pietas,
2820 1189 3004 1251 utpote
3058 1182 3125 1236 iis
3175 1182 3266 1252 qui
3327 1184 3412 1236 illa

1853 1271 2083 1337 iaciunt,
2131 1272 2544 1342 pauperioribus
2585 1273 2826 1342 przeferri
2857 1275 3247 1342 quaerentibus,
3280 1285 3333 1328 et
3360 1290 3417 1328 se

1853 1364 2055 1435 alioqui
2103 1375 2423 1434 arroganter
2451 1373 2505 1420 et
2551 1365 2848 1420 insolenter
2887 1367 3240 1434 jactantihus.
3274 1366 3420 1434 Quo-

1854 1458 2001 1510 niam
2033 1473 2163 1527 ergo
2205 1457 2307 1510 hoc
2339 1459 2542 1511 sanctis
2581 1457 2832 1513 Patribus
2865 1459 3159 1514 multorum
3193 1463 3421 1516 scanda-

1857 1552 2032 1604 lorum
2083 1559 2136 1604 et
2174 1549 2623 1604 oﬂ‘endiculorum
2679 1567 2898 1606 causam
2943 1551 3205 1621 praebere,
3261 1562 3320 1607 ιιι
3365 1563 3420 1607 et

1855 1641 1906 1696 in
1949 1652 2196 1699 nostrum
2245 1661 2462 1716 quoque
2513 1659 2735 1715 corpus,
2779 1644 2846 1699 ad
2891 1645 3178 1716 imaginem
3217 1644 3311 1701 Dei
3344 1647 3422 1700 fa-

1853 1747 2021 1801 ctum,
2073 1741 2525 1794 contumeliosum
2584 1754 2707 1794 esse
2763 1739 2934 1792 visum
2991 1749 3093 1803 est,
3144 1740 3421 1806 dixerunt,

1857 1830 2002 1899 quod
2034 1845 2158 1886 eum
2190 1847 2419 1902 magnus
2447 1835 2742 1906 apostolus
2758 1834 2962 1890 Paulus
2988 1850 3186 1906 corpus
3212 1838 3420 1892 Christi

1855 1933 1907 1977 et
1943 1923 2034 1977 Dei
2069 1925 2384 1996 imaginem,
2424 1938 2478 1980 et
2509 1905 2985 1995 quavis/creatura
3020 1931 3422 1998 pretiosiorem.

1857 2013 2130 2070 hominem
2170 2027 2347 2082 vocet,
2392 2029 2451 2071 ut
2483 2019 2573 2088 qui
2611 2020 2918 2075 divinorum
2951 2035 3419 2080 sacramentorum

1855 2107 2269 2177 participatione
2321 2111 2514 2177 dignus
2552 2111 2834 2175 habeatur,
2878 2122 2931 2167 et
2965 2131 3027 2168 ex
3066 2130 3130 2168 eo
3159 2125 3211 2171 et
3241 2119 3418 2170 anima

1818 2239 1824 2248 .
1853 2206 1908 2251 et
1939 2214 2167 2269 corpore
2198 2201 2570 2257 sanctiﬁcetur
2591 2242 2606 2267 ,
2640 2220 2745 2258 non
2778 2205 2974 2261 debent
3007 2210 3122 2274 ulli,
3154 2211 3422 2266 inanima.

1858 2297 1942 2344 tas
1981 2299 2033 2346 et
2085 2293 2361 2360 subjectas
2414 2295 2649 2363 species,
2711 2313 2777 2350 ex
2827 2314 2960 2354 auro
2991 2311 3045 2355 et
3098 2303 3423 2372 quibusdam

1857 2381 1977 2435 aliis
2014 2383 2388 2440 materialibus
2437 2385 2631 2453 factas,
2665 2389 2713 2442 ei
2759 2391 3014 2460 praeferre
3047 2412 3060 2448 :
3097 2395 3175 2448 vel
3225 2397 3424 2466 alioqui

1855 2478 1890 2531 ii
1920 2478 2162 2547 quidem,
2191 2479 2280 2548 qui
2313 2489 2510 2549 praeter
2549 2482 2663 2536 lizec
2694 2483 2924 2547 faciunt,
2961 2499 3336 2558 segregantur,
3368 2500 3423 2544 et

1856 2570 1892 2623 ii
1933 2571 2164 2635 scilicet,
2214 2574 2308 2642 qui
2364 2574 2636 2643 ejusmodi
2671 2579 3052 2634 materialibus
3085 2581 3150 2634 ad
3181 2585 3426 2651 corporis

1855 2661 2057 2717 Christi
2106 2667 2506 2745 susceptionem
2539 2677 2786 2732 utuntur,
2820 2681 2874 2725 et
2917 2673 3010 2740 qui
3043 2674 3123 2727 eis
3157 2674 3260 2728 hoc
3295 2691 3428 2745 prae-

1858 2757 2009 2812 bent.
2065 2732 2144 2813 Ne
2191 2758 2412 2813 mireris
2452 2769 2653 2827 autem,
2704 2777 2804 2818 nec
2852 2778 3074 2818 causam
3128 2767 3424 2835 rogaveris,

1857 2859 2080 2920 propter
2132 2867 2291 2918 quam
2329 2853 2380 2906 in
2413 2853 2735 2922 quibusdam
2781 2857 3030 2914 ecclesiis
3060 2859 3221 2915 datur
3272 2863 3425 2918 laicis

1857 2951 2111 2998 sanctum
2146 2943 2352 3000 Christi
2387 2962 2610 3017 corpus,
2641 2964 2740 3003 nec
2767 2951 2848 3004 eis
2880 2952 2934 3006 in
2967 2970 3130 3008 manu
3171 2957 3423 3023 traditur,

1857 3043 1916 3087 ut
1944 3035 2046 3088 hoc
2075 3051 2285 3091 canone
2313 3039 2621 3092 continetur
2652 3059 2666 3095 :
2706 3050 2850 3096 recta
2878 3044 3022 3098 enim
3069 3046 3201 3103 ﬁdes
3250 3057 3302 3103 et
3331 3051 3422 3104 Dei

1856 3130 2041 3194 timor,
2101 3140 2154 3185 et
2205 3134 2272 3185 ab
2313 3135 2459 3186 omni
2506 3135 2819 3204 suspicione
2869 3138 3044 3193 aliena
3081 3141 3272 3210 pietas,
3322 3146 3426 3200 hoc

1858 3222 2099 3289 tradidit,
2146 3239 2253 3277 non
2301 3225 2562 3279 laieorum
2597 3227 2915 3297 indignitas.
2954 3232 3218 3289 Existimo
3244 3247 3423 3292 autem

180 3303 453 3368 λομένους
501 3277 788 3375 ἀξιώματα
828 3308 918 3359 καὶ
953 3310 1083 3378 γένη
1143 3309 1282 3362 κατά
1315 3310 1404 3363 τὸν
1443 3277 1543 3379 τῆς
1567 3277 1801 3379 ’ἁγίαςί

1809 3277 1822 3298 ι
2087 3277 2099 3289 ,
2304 3277 2334 3278 η
2388 3277 2401 3278 ,
2482 3277 2559 3279 γη
2597 3277 2915 3297 _--__,,----__-
2955 3277 3218 3289 ..............
3244 3277 3423 3292 ..........

1809 3315 1823 3334 '
1861 3315 1963 3370 hoc
1989 3330 2200 3370 canone
2229 3333 2324 3372 eos
2353 3319 2596 3390 coargui,
2626 3323 2717 3390 qui
2745 3326 3097 3381 auctoritates
3126 3344 3219 3382 seu
3247 3331 3427 3399 digiti-

182 3395 552 3466 μεταλήψεως
582 3403 792 3469 καιρδν,
820 3400 1116 3469 ζητοῦντας
1149 3404 1542 3472 προτιμᾶσθαι.

257 3573 506 3626 ΖΩΝΑΡ.
537 3575 690 3636 Τινὲς
732 3575 798 3626 δι’
822 3576 1107 3629 εὐλάϐειαν
1132 3577 1269 3648 τάχα
1316 3582 1408 3632 καὶ
1453 3583 1617 3654 τιμὴν
1647 3585 1756 3652 τῶν

183 3667 354 3719 θείων
393 3666 581 3736 δώρων
604 3669 784 3736 δοχείά
821 3687 940 3722 τινα
980 3670 1186 3741 χρύσεα
1239 3673 1269 3742 ἢ
1326 3674 1384 3739 ἐξ
1417 3675 1582 3747 ἄλλης
1623 3677 1753 3747 ὕλης

183 3761 298 3811 τῶν
334 3760 645 3826 πολυτίμων
691 3779 992 3826 ποιουντες,
1042 3767 1098 3817 ἐν
1154 3767 1382 3832 ἐκείνοις
1431 3769 1670 3840 ἐδέχοντο
1697 3773 1755 3825 τὸ

183 3854 459 3918 ἁχραντον
502 3852 660 3920 σῶμα
696 3853 787 3904 τοῦ
822 3855 1051 3924 Κυρίου,
1083 3859 1172 3909 καὶ
1205 3859 1374 3921 οῦτως
1418 3862 1580 3915 αὑτοῦ
1628 3882 1756 3932 μετα

185 3944 519 4008 ελάμϐανον.
555 3943 786 4015 ’Όπερὴ
822 3947 1059 4009 σύνοδος,
1098 3949 1200 4000 κάν
1239 3950 1304 4001 δι’
1340 3952 1618 4005 εὐλάϐειαν
1645 3955 1756 4020 ἐγί-

184 4052 332 4096 νετο,
353 4036 452 4085 οὐκ
475 4033 712 4098 ἐδέξατο.
750 4037 954 4097 Παντὸς
979 4040 1086 4107 γὰρ
1114 4041 1375 4108 αἰσθητοῦ
1428 4045 1752 4113 πράγματις

183 4125 522 4194 τιμιώτερον
571 4127 785 4193 ἡγεῖται
813 4128 903 4179 τὸν
937 4128 1243 4198 ἄνθρωπον,
1300 4133 1375 4196 ὡς
1409 4134 1542 4186 Θεοῦ
1585 4140 1752 4190 εἰκόνι

183 4219 578 4286 τετιμημένον,
611 4220 882 4288 καὶσῶμα
915 4220 1150 4288 Χριστοῦ
1177 4224 1466 4290 γενόμενον
1501 4229 1591 4281 καὶ
1629 4231 1754 4282 ναὸν

185 4308 328 4360 Θεοῦ
371 4311 510 4360 κατά
551 4310 639 4361 τὸν
666 4311 806 4363 θεῖον
837 4313 1134 4365 ἀπόστολον
1165 4316 1398 4370 Παῦλον.
1456 4319 1606 4372 Ἐπεὶ
1640 4318 1752 4388 οὖν,

188 4401 379 4468 φησιν,
429 4401 753 4470 ὑπέρκειται
811 4403 995 4473 πάσης
1045 4407 1276 4470 κτίσεως
1326 4410 1607 4482 αἰσθητῆς,
1663 4413 1755 4465 καὶ

186 4493 387 4545 ἐσθίων
411 4494 504 4545 καί
531 4493 698 4546 πίνων
729 4495 965 4563 Χριστὸν
982 4496 1066 4548 διὰ
1095 4498 1193 4562 τῆς
1226 4502 1504 4564 κοινωνίας
1533 4506 1752 4571 ἁγιάζε-

1865 3417 2004 3463 tates
2081 3411 2407 3480 generisque
2477 3413 2818 3469 nobilitatem
2891 3417 3148 3488 allegant,
3222 3435 3426 3479 sanctae

1861 3503 2259 3556 communionis
2309 3512 2574 3574 tempore,
2609 3519 2662 3561 et
2700 3512 2938 3579 prmponi
2972 3525 3244 3583 quaerunt.

1932 3591 2184 3649 ZONAR.
2229 3595 2485 3652 Nonnulli
2518 3600 2785 3671 religione
2828 3603 2967 3659 forte
2995 3606 3232 3674 adducti.
3264 3618 3317 3664 et
3344 3626 3427 3666 sa-

1860 3703 2077 3742 crorum
2113 3691 2375 3743 donorum
2427 3695 2796 3760 veneratione,
2826 3699 3150 3767 quihusdam
3184 3715 3425 3774 recepta-

1864 3781 2001 3834 culis
2056 3797 2122 3834 cx
2157 3798 2291 3836 auro
2327 3785 2500 3839 aliave
2533 3787 2687 3840 multi
2731 3792 2892 3858 pretii
2937 3795 3162 3850 materia
3207 3813 3428 3870 compa-

1861 3876 2014 3934 ratis,
2046 3873 2452 3929 immaculatum
2486 3876 2694 3933 Domini
2723 3895 2924 3951 corpus
2946 3886 3222 3957 excipere,
3249 3906 3424 3962 eaque

1862 3965 2072 4016 ratione
2121 3966 2524 4020 communicare
2578 3971 2724 4030 soliti
2792 3981 2941 4028 sunt.
2998 3976 3152 4040 Quod
3204 3983 3423 4050 quidem

1863 4053 1987 4107 licet
2016 4069 2044 4107 a
2083 4055 2342 4125 religione
2374 4059 2699 4125 profectum,
2734 4071 2913 4118 tamen
2946 4070 3189 4137 synodus
3219 4073 3424 4142 impro-

1861 4145 2028 4200 bavit.
2069 4144 2165 4200 Rei
2215 4163 2450 4217 namque
2481 4153 2707 4207 cuilibet
2737 4156 2947 4221 sensili,
2985 4160 3222 4216 hominis
3251 4165 3428 4236 digni-

1863 4246 2047 4302 tatem,
2083 4237 2176 4307 qui
2213 4239 2492 4302 nimirum,
2525 4252 2580 4296 et
2605 4243 2787 4298 divina
2819 4247 3053 4320 imagine
3085 4255 3424 4320 nobilitatus,

1861 4337 1914 4382 et
1959 4343 2082 4381 cum
2136 4329 2350 4383 Christo
2381 4332 2546 4386 unius
2575 4337 2820 4403 corporis
2853 4319 2993 4394 nexu
3032 4345 3339 4413 copulatus,
3371 4319 3424 4405 et

1860 4419 2026 4473 divini
2068 4421 2300 4512 apostoli
2348 4419 2500 4478 Pau!i
2546 4427 2859 4484 testimonio
2895 4434 3155 4503 templum
3193 4438 3285 4494 Dei
3315 4452 3422 4508 est,

1862 4513 2018 4605 longe
2049 4514 2350 4582 anteponit.
2383 4513 2652 4580 Quoniam
2689 4521 2854 4591 igitur
2889 4523 2934 4578 is
2967 4528 3055 4580 cui
3089 4545 3246 4587 sacra
3309 4551 3424 4606 my-

187 4602 281 4636 ται
313 4585 458 4656 ψυχῇ
493 4603 549 4638 τε
591 4589 688 4640 καὶ
721 4588 936 4656 σώματι
974 4590 1001 4640 ὁ
1041 4591 1148 4641 τῶν
1189 4592 1546 4661 ἀγιασμάτων
1577 4597 1754 4660 ἀξιού-
1786 4636 1801 4692 1

1809 4587 2028 4691 )ειθὶ·ίο
2077 4606 2576 4673 communicautur,
2623 4623 2949 4679 quacunque
2997 4619 3181 4673 seusili
3226 4585 3422 4677 natura

193 4696 380 4747 μενος,
457 4682 508 4733 εἰ
562 4697 641 4745 τις
706 4679 762 4734 ἓν
808 4681 987 4752 καιρῷ
1048 4683 1318 4749 συνάξεως
1372 4684 1617 4755 βούλεται
1661 4691 1753 4746 τοῦ

189 4771 472 4840 ἁχράντου
506 4772 758 4841 σώματος
796 4775 1146 4844 μεταλαϐεῖν,
1177 4780 1418 4848 προσίτω
1454 4783 1550 4844 τὰς
1576 4776 1758 4856 χεῖρας

191 4869 464 4930 ἐκτείνας,
505 4872 598 4919 καὶ
636 4869 981 4938 σχηματίσας
1015 4871 1094 4934 είς
1131 4873 1304 4927 τύπον
1351 4881 1614 4949 σταυροῦ,
1661 4883 1756 4935 καὶ

188 4963 339 5016 οῦτω
367 4964 600 5032 δεχέσθω
634 4968 730 5032 τὴν
759 4965 1045 5017 κοινωνίαν
1071 4968 1170 5036 τῆς
1203 4969 1446 5041 χάριτος,
1479 4976 1545 5044 ἣν
1576 4977 1707 5046 ημῖν
1730 4977 1778 5030 ὁ.

191 5055 401 5124 Κύριος
429 5058 509 5118 εἰς
547 5057 820 5125 ἁγιασμὸν
859 5058 1176 5143 ἐχαρίσατο.
1220 5062 1416 5128 πΟύδεὶς
1461 5067 1568 5136 γὰρ
1608 5067 1755 5134 ἄξιος

191 5149 409 5218 ἀληθῶς
438 5153 553 5201 ὲστι
594 5152 693 5218 τῆς
742 5151 906 5204 αὑτοῦ
960 5153 1336 5222 μεταλῄψεως,
1379 5159 1514 5211 ἀλλά
1553 5164 1754 5226 πάντες

193 5244 379 5312 χάριτι
435 5243 604 5308 αὐτῆς
641 5244 968 5314 ὰξιούμεθα,
1013 5245 1150 5298 καθὸ
1204 5247 1294 5299 καὶ
1359 5252 1540 5319 χάριτί
1589 5255 1756 5324 ἐσμεν

193 5337 534 5405 σεσωσμένοι
561 5335 702 5388 κατά
725 5337 817 5389 τὸν
844 5339 1018 5406 μέγαν
1051 5338 1273 5393 Παῦλον.
1301 5331 1503 5406 Τοὺςδὲ
1530 5348 1754 5401 τοιαῦτα

190 5431 370 5498 δοχεία
413 5432 758 5497 κομίζοντας,
804 5434 895 5482 καὶ
935 5430 1003 5483 δι’
1035 5432 1213 5483 αὐτῶν
1264 5433 1514 5502 δέχεσθαι
1563 5436 1750 5504 βουλο-

1862 4701 2204 4769 ρταιειοηιὶοι*
2251 4707 2355 4766 est,
2409 4716 2474 4755 ac
2521 4701 2649 4756 dum
2698 4702 2978 4762 Christum
3026 4714 3317 4770 manducat
3369 4729 3423 4770 et

1856 4793 2014 4858 bibit,
2067 4809 2128 4847 ea
2181 4793 2564 4848 communione
2619 4797 2807 4854 animo
2864 4803 3066 4870 pariter
3110 4813 3162 4858 et
3197 4822 3423 4876 corpore

1857 4895 2081 4942 sanctus
2113 4887 2360 4954 edicitur,
2392 4889 2436 4942 si
2471 4891 2593 4958 quis
2623 4892 2830 4948 interea
2863 4894 2988 4948 dum
3021 4912 3173 4951 sacra
3203 4906 3424 4972 synaxis

1858 4981 2152 5049 peragitur,
2207 4978 2617 5034 immaculatum
2676 4997 2878 5052 corpus
2931 4987 3210 5057 suscipere
3256 5005 3397 5046 amet

1862 5071 2217 5142 exporrectis,
2269 5075 2517 5141 atquein
2565 5073 2745 5129 crucis
2794 5078 3014 5130 modum
3070 5083 3421 5140 conformatis

1864 5165 2110 5220 manibus
2132 5165 2414 5235 procedat,
2434 5181 2495 5220 ac
2522 5167 2593 5221 ita
2616 5168 2830 5224 demum
2861 5176 3047 5242 gratiae
3071 5180 3382 5233 comnmnio
3398 5211 3422 5221 -

1861 5272 2007 5320 nem,
2036 5271 2198 5327 quam
2266 5254 2527 5313 Dominus
2572 5261 2728 5317 nobis
2761 5262 2827 5318 ad
2858 5265 3097 5320 animum
3133 5273 3424 5325 sanctitate

1862 5351 2209 5404 imbuendum
2257 5349 2497 5429 donarit,
2548 5353 2797 5423 accipiat.
2850 5357 2922 5410 Ea
2969 5359 3234 5429 siquidem
3278 5377 3422 5417 com-

1862 5446 2135 5506 munione,
2166 5461 2325 5500 nemo
2356 5427 2537 5501 revera
2566 5447 2760 5518 dignus
2787 5459 2887 5516 est,
2916 5451 3008 5506 sed
3036 5467 3098 5508 ea
3129 5453 3300 5524 digni,
3327 5472 3421 5526 per

1084 5576 1113 5620 ,η
1423 5532 1616 5593 Guill.
1651 5538 1967 5617 Beveregii
2013 5547 2198 5601 nota).

268 5629 378 5693 (I5)
425 5629 530 5682 Καὶ
577 5631 685 5681 οὐκ
723 5625 1388 5699 ἐγχειρίζεταίτούτοις.
1437 5637 1617 5692 innuit
1666 5643 1752 5698 hic

195 5698 477 5752 “ulSJIIIOII
517 5710 830 5768 praesentem
873 5698 1132 5755 canouetn
1171 5706 1220 5755 in
1255 5709 1527 5760 nonnullis
1571 5707 1752 5766 Eccle-

193 5775 290 5822 siis
319 5770 437 5835 ejus
463 5772 654 5824 diebus
686 5785 790 5823 non
844 5773 1191 5849 observatum
1223 5788 1362 5849 esse.
1400 5776 1593 5845 Utpote
1626 5784 1749 5849 qui-

198 5845 296 5891 lius
328 5850 726 5893 sacramentum
762 5858 865 5899 non
903 5841 955 5895 in
994 5857 1185 5896 manus
1221 5841 1745 5906 ﬁdelium—traditum

195 5923 300 5972 est,
351 5914 440 5964 sed
491 5914 539 5962 in
574 5914 911 5979 rt-ccptaculo
965 5917 1194 5984 quodam
1239 5915 1302 5968 iis
1347 5916 1676 5986 impertitum
1732 5941 1744 5975 :

1856 5627 2202 5712 quod'Gra-ei
2232 5645 2418 5700 λαϐίδα
2453 5658 2682 5713 vocant;
2713 5649 2875 5704 latine
2903 5651 3152 5706 Coc/clear
3183 5671 3289 5710 non
3320 5658 3420 5709 im-

1859 5717 2052 5794 merito
2085 5717 2290 5794 audiat.
2321 5718 2490 5794 liujus
2529 5721 2780 5794 frequens
2813 5723 2864 5774 in
2903 5719 3229 5794 Euchologio
3270 5744 3419 5780 men-

1860 5787 2215 5877 liococcurril,
2245 5797 2305 5871 ult
2337 5789 3004 5877 in;pttjp‘sancntilicatorutn‘
3028 5787 3263 5877 “Iurgia,
3290 5794 3416 5877 Isim

1856 5854 2032 5913 λαϐὼν
2071 5857 2354 5928 τὴνιάγίαν
2390 5854 2578 5912 λαὸίδα
2602 5900 2616 5926 ,
2650 5860 2845 5928 βάπτει
2885 5865 3051 5935 αὐτὴν
3076 5869 3133 5920 ἐν
3157 5854 3416 5938 an-{etp

1855 5943 2066 5994 αιςιατι.
