  <div class='ocr_page' id='page_1' title='image "/cluster/home/n/w/nwhite01/storage/ocr_20150623/137/nnc1.0046979786/463.png"; bbox 0 0 4218 6458; ppageno 0'>
   <div class='ocr_carea' id='block_1_1' title="bbox 774 434 882 501">
    <p class='ocr_par' dir='ltr' id='par_1_1' title="bbox 774 434 882 501">
     <span class='ocr_line' id='line_1_1' title="bbox 774 434 882 501; baseline -0.019 0"><span class='ocrx_word' id='word_1_1' title='bbox 774 434 882 501; x_wconf 75' lang='grc'><strong>867</strong></span> 
     </span>
    </p>
   </div>
   <div class='ocr_carea' id='block_1_2' title="bbox 2013 410 2747 477">
    <p class='ocr_par' dir='ltr' id='par_1_2' title="bbox 2013 410 2747 477">
     <span class='ocr_line' id='line_1_2' title="bbox 2013 410 2747 477; baseline -0.011 0"><span class='ocrx_word' id='word_1_2' title='bbox 2013 414 2289 477; x_wconf 83' lang='lat' dir='ltr'><strong>THEOD.</strong></span> <span class='ocrx_word' id='word_1_3' title='bbox 2348 412 2580 473; x_wconf 76' lang='lat' dir='ltr'>BALSA</span> <span class='ocrx_word' id='word_1_4' title='bbox 2591 410 2747 471; x_wconf 80' lang='grc' dir='ltr'><strong>ΜοΝ</strong></span> 
     </span>
    </p>
   </div>
   <div class='ocr_carea' id='block_1_3' title="bbox 3920 407 4029 474">
    <p class='ocr_par' dir='ltr' id='par_1_3' title="bbox 3920 407 4029 474">
     <span class='ocr_line' id='line_1_3' title="bbox 3920 407 4029 474; baseline 0.028 -4"><span class='ocrx_word' id='word_1_5' title='bbox 3920 407 4029 474; x_wconf 61' lang='lat'><strong>868</strong></span> 
     </span>
    </p>
   </div>
   <div class='ocr_carea' id='block_1_4' title="bbox 779 534 2423 637">
    <p class='ocr_par' dir='ltr' id='par_1_4' title="bbox 779 544 2423 637">
     <span class='ocr_line' id='line_1_4' title="bbox 779 544 2423 637; baseline -0.019 -14"><span class='ocrx_word' id='word_1_6' title='bbox 779 567 1034 637; x_wconf 98' lang='lat' dir='ltr'><strong>gratiam,</strong></span> <span class='ocrx_word' id='word_1_7' title='bbox 1065 577 1255 618; x_wconf 86' lang='lat' dir='ltr'><strong>omnes</strong></span> <span class='ocrx_word' id='word_1_8' title='bbox 1278 557 1562 617; x_wconf 82' lang='lat' dir='ltr'><strong>eﬁicimur,</strong></span> <span class='ocrx_word' id='word_1_9' title='bbox 1589 550 2047 622; x_wconf 79' lang='lat' dir='ltr'><strong>quemadmodum</strong></span> <span class='ocrx_word' id='word_1_10' title='bbox 2071 559 2121 602; x_wconf 92' lang='lat' dir='ltr'><strong>et</strong></span> <span class='ocrx_word' id='word_1_11' title='bbox 2152 544 2351 616; x_wconf 80' lang='lat' dir='ltr'><strong>gratia,</strong></span> <span class='ocrx_word' id='word_1_12' title='bbox 2383 553 2423 607; x_wconf 79' lang='grc' dir='ltr'><strong>Α</strong></span> 
     </span>
    </p>
   </div>
   <div class='ocr_carea' id='block_1_5' title="bbox 2428 534 4028 637">
    <p class='ocr_par' dir='ltr' id='par_1_5' title="bbox 2462 534 4028 612">
     <span class='ocr_line' id='line_1_5' title="bbox 2462 534 4028 612; baseline -0.003 -18"><span class='ocrx_word' id='word_1_13' title='bbox 2462 542 2657 612; x_wconf 82' lang='grc' dir='ltr'>μένους</span> <span class='ocrx_word' id='word_1_14' title='bbox 2682 541 2781 608; x_wconf 80' lang='grc' dir='ltr'>τὴν</span> <span class='ocrx_word' id='word_1_15' title='bbox 2803 539 3091 594; x_wconf 78' lang='grc' dir='ltr'><strong>κοινωνίαν</strong></span> <span class='ocrx_word' id='word_1_16' title='bbox 3118 540 3192 603; x_wconf 85' lang='grc' dir='ltr'><strong>ὼς</strong></span> <span class='ocrx_word' id='word_1_17' title='bbox 3227 536 3613 609; x_wconf 72' lang='grc' dir='ltr'><strong>προτιμῶντας</strong></span> <span class='ocrx_word' id='word_1_18' title='bbox 3637 536 3738 603; x_wconf 71' lang='grc' dir='ltr'>τῆς</span> <span class='ocrx_word' id='word_1_19' title='bbox 3769 534 3865 589; x_wconf 76' lang='grc' dir='ltr'><strong>τοῦ</strong></span> <span class='ocrx_word' id='word_1_20' title='bbox 3884 537 4028 589; x_wconf 78' lang='grc' dir='ltr'>Θεοῦ</span> 
     </span>
    </p>
   </div>
   <div class='ocr_carea' id='block_1_6' title="bbox 779 640 2346 715">
    <p class='ocr_par' dir='ltr' id='par_1_6' title="bbox 779 640 2346 715">
     <span class='ocr_line' id='line_1_6' title="bbox 779 640 2346 715; baseline -0.016 -2"><span class='ocrx_word' id='word_1_21' title='bbox 779 669 841 714; x_wconf 82' lang='grc' dir='ltr'><strong>ιιι</strong></span> <span class='ocrx_word' id='word_1_22' title='bbox 894 659 955 714; x_wconf 92' lang='lat' dir='ltr'><strong>D.</strong></span> <span class='ocrx_word' id='word_1_23' title='bbox 1007 657 1207 711; x_wconf 86' lang='lat' dir='ltr'><strong>Paulus</strong></span> <span class='ocrx_word' id='word_1_24' title='bbox 1243 662 1494 715; x_wconf 85' lang='lat' dir='ltr'><strong>testatur,</strong></span> <span class='ocrx_word' id='word_1_25' title='bbox 1555 647 1746 702; x_wconf 81' lang='lat' dir='ltr'><strong>salvati</strong></span> <span class='ocrx_word' id='word_1_26' title='bbox 1798 659 2005 701; x_wconf 85' lang='lat' dir='ltr'><strong>sumus.</strong></span> <span class='ocrx_word' id='word_1_27' title='bbox 2063 640 2166 705; x_wconf 85' lang='lat' dir='ltr'><strong>Qui</strong></span> <span class='ocrx_word' id='word_1_28' title='bbox 2220 650 2346 690; x_wconf 88' lang='lat' dir='ltr'><strong>vero</strong></span> 
     </span>
    </p>
   </div>
   <div class='ocr_carea' id='block_1_7' title="bbox 778 729 2347 822">
    <p class='ocr_par' dir='ltr' id='par_1_7' title="bbox 778 729 2347 822">
     <span class='ocr_line' id='line_1_7' title="bbox 778 729 2347 822; baseline -0.015 -15"><span class='ocrx_word' id='word_1_29' title='bbox 778 754 1048 822; x_wconf 77' lang='lat' dir='ltr'><strong>ejusmodi</strong></span> <span class='ocrx_word' id='word_1_30' title='bbox 1104 752 1444 821; x_wconf 88' lang='lat' dir='ltr'><strong>receptacula</strong></span> <span class='ocrx_word' id='word_1_31' title='bbox 1496 761 1678 802; x_wconf 86' lang='lat' dir='ltr'><strong>secum</strong></span> <span class='ocrx_word' id='word_1_32' title='bbox 1739 740 1995 800; x_wconf 83' lang='lat' dir='ltr'><strong>aﬁ‘erunt,</strong></span> <span class='ocrx_word' id='word_1_33' title='bbox 2050 736 2228 803; x_wconf 89' lang='lat' dir='ltr'><strong>iisque</strong></span> <span class='ocrx_word' id='word_1_34' title='bbox 2276 729 2347 784; x_wconf 88' lang='lat' dir='ltr'><strong>ad</strong></span> 
     </span>
    </p>
   </div>
   <div class='ocr_carea' id='block_1_8' title="bbox 2455 634 4024 706">
    <p class='ocr_par' dir='ltr' id='par_1_8' title="bbox 2455 634 4024 706">
     <span class='ocr_line' id='line_1_8' title="bbox 2455 634 4024 706; baseline -0.002 -19"><span class='ocrx_word' id='word_1_35' title='bbox 2455 635 2670 698; x_wconf 79' lang='grc' dir='ltr'><strong>εἰκόνος</strong></span> <span class='ocrx_word' id='word_1_36' title='bbox 2710 634 2810 706; x_wconf 86' lang='grc' dir='ltr'>τὴν</span> <span class='ocrx_word' id='word_1_37' title='bbox 2833 635 3040 704; x_wconf 83' lang='grc' dir='ltr'>ἄψυχον</span> <span class='ocrx_word' id='word_1_38' title='bbox 3070 634 3227 705; x_wconf 87' lang='grc' dir='ltr'>ῦλην,</span> <span class='ocrx_word' id='word_1_39' title='bbox 3263 636 3623 704; x_wconf 81' lang='grc' dir='ltr'><strong>ἀφορίζεσθαι</strong></span> <span class='ocrx_word' id='word_1_40' title='bbox 3653 640 3682 691; x_wconf 88' lang='grc' dir='ltr'><strong>ὁ</strong></span> <span class='ocrx_word' id='word_1_41' title='bbox 3707 636 3893 690; x_wconf 85' lang='grc' dir='ltr'>κανὼν</span> <span class='ocrx_word' id='word_1_42' title='bbox 3934 634 4024 685; x_wconf 77' lang='grc' dir='ltr'><strong>λέ·-</strong></span> 
     </span>
    </p>
   </div>
   <div class='ocr_carea' id='block_1_9' title="bbox 2459 726 3711 796">
    <p class='ocr_par' dir='ltr' id='par_1_9' title="bbox 2459 726 3711 796">
     <span class='ocr_line' id='line_1_9' title="bbox 2459 726 3711 796; baseline 0.003 -17"><span class='ocrx_word' id='word_1_43' title='bbox 2459 744 2547 796; x_wconf 90' lang='grc' dir='ltr'><strong>γει</strong></span> <span class='ocrx_word' id='word_1_44' title='bbox 2569 730 2665 779; x_wconf 73' lang='grc' dir='ltr'><strong>καὶ</strong></span> <span class='ocrx_word' id='word_1_45' title='bbox 2702 728 2829 789; x_wconf 83' lang='grc' dir='ltr'>τοὺς</span> <span class='ocrx_word' id='word_1_46' title='bbox 2855 726 3049 779; x_wconf 84' lang='grc' dir='ltr'>τούτου</span> <span class='ocrx_word' id='word_1_47' title='bbox 3089 728 3472 796; x_wconf 82' lang='grc' dir='ltr'><strong>μεταδιδόντας</strong></span> <span class='ocrx_word' id='word_1_48' title='bbox 3505 731 3711 793; x_wconf 78' lang='grc' dir='ltr'>αὐτοῖς.</span> 
     </span>
    </p>
   </div>
   <div class='ocr_carea' id='block_1_10' title="bbox 779 821 4024 915">
    <p class='ocr_par' dir='ltr' id='par_1_10' title="bbox 779 821 4024 915">
     <span class='ocr_line' id='line_1_10' title="bbox 779 821 4024 915; baseline -0.009 -10"><span class='ocrx_word' id='word_1_49' title='bbox 779 821 1216 905; x_wconf 78' lang='lat' dir='ltr'><strong>cnnununionem</strong></span> <span class='ocrx_word' id='word_1_50' title='bbox 1276 841 1675 915; x_wconf 82' lang='lat' dir='ltr'><strong>percipiendam</strong></span> <span class='ocrx_word' id='word_1_51' title='bbox 1733 838 1808 889; x_wconf 91' lang='lat' dir='ltr'><strong>uti</strong></span> <span class='ocrx_word' id='word_1_52' title='bbox 1860 832 2075 893; x_wconf 90' lang='lat' dir='ltr'><strong>volunt,</strong></span> <span class='ocrx_word' id='word_1_53' title='bbox 2134 826 2336 898; x_wconf 84' lang='lat' dir='ltr'><strong>quippe</strong></span> <span class='ocrx_word' id='word_1_54' title='bbox 2376 823 2469 893; x_wconf 89' lang='lat' dir='ltr'><strong>qui</strong></span> <span class='ocrx_word' id='word_1_55' title='bbox 2500 831 2773 890; x_wconf 78' lang='lat' dir='ltr'><strong>expertem</strong></span> <span class='ocrx_word' id='word_1_56' title='bbox 2805 821 2974 876; x_wconf 89' lang='lat' dir='ltr'><strong>animi</strong></span> <span class='ocrx_word' id='word_1_57' title='bbox 3020 823 3300 877; x_wconf 88' lang='lat' dir='ltr'><strong>materiam</strong></span> <span class='ocrx_word' id='word_1_58' title='bbox 3339 822 3430 877; x_wconf 87' lang='lat' dir='ltr'><strong>Dei</strong></span> <span class='ocrx_word' id='word_1_59' title='bbox 3504 826 3728 894; x_wconf 79' lang='lat' dir='ltr'><strong>imagini</strong></span> <span class='ocrx_word' id='word_1_60' title='bbox 3792 833 4024 894; x_wconf 84' lang='lat' dir='ltr'><strong>antepo-</strong></span> 
     </span>
    </p>
   </div>
   <div class='ocr_carea' id='block_1_11' title="bbox 780 911 3700 1008">
    <p class='ocr_par' dir='ltr' id='par_1_11' title="bbox 780 911 3700 1008">
     <span class='ocr_line' id='line_1_11' title="bbox 780 911 3700 1008; baseline -0.009 -13"><span class='ocrx_word' id='word_1_61' title='bbox 780 951 932 1005; x_wconf 85' lang='lat' dir='ltr'><strong>nant,</strong></span> <span class='ocrx_word' id='word_1_62' title='bbox 981 956 1043 994; x_wconf 89' lang='lat' dir='ltr'><strong>ac</strong></span> <span class='ocrx_word' id='word_1_63' title='bbox 1086 955 1183 994; x_wconf 84' lang='lat' dir='ltr'><strong>eos</strong></span> <span class='ocrx_word' id='word_1_64' title='bbox 1218 911 1442 1008; x_wconf 79' lang='lat' dir='ltr'><strong>quoque</strong></span> <span class='ocrx_word' id='word_1_65' title='bbox 1478 933 1565 1002; x_wconf 92' lang='lat' dir='ltr'><strong>qni</strong></span> <span class='ocrx_word' id='word_1_66' title='bbox 1612 929 1721 985; x_wconf 90' lang='lat' dir='ltr'><strong>illis</strong></span> <span class='ocrx_word' id='word_1_67' title='bbox 1751 928 1831 984; x_wconf 91' lang='lat' dir='ltr'><strong>sic</strong></span> <span class='ocrx_word' id='word_1_68' title='bbox 1858 920 2211 996; x_wconf 87' lang='lat' dir='ltr'><strong>poscentibus</strong></span> <span class='ocrx_word' id='word_1_69' title='bbox 2251 911 2673 983; x_wconf 87' lang='lat' dir='ltr'><strong>impertiverint,</strong></span> <span class='ocrx_word' id='word_1_70' title='bbox 2705 912 3081 982; x_wconf 75' lang='lat' dir='ltr'><strong>segregatione</strong></span> <span class='ocrx_word' id='word_1_71' title='bbox 3106 927 3283 968; x_wconf 89' lang='lat' dir='ltr'><strong>canon</strong></span> <span class='ocrx_word' id='word_1_72' title='bbox 3314 915 3494 983; x_wconf 82' lang='lat' dir='ltr'><strong>puniri</strong></span> <span class='ocrx_word' id='word_1_73' title='bbox 3523 915 3700 986; x_wconf 83' lang='lat' dir='ltr'><strong>jubet.</strong></span> 
     </span>
    </p>
   </div>
   <div class='ocr_carea' id='block_1_12' title="bbox 782 1008 2349 1092">
    <p class='ocr_par' dir='ltr' id='par_1_12' title="bbox 782 1008 2349 1092">
     <span class='ocr_line' id='line_1_12' title="bbox 782 1008 2349 1092; baseline -0.018 -3"><span class='ocrx_word' id='word_1_74' title='bbox 782 1033 1013 1090; x_wconf 77' lang='lat' dir='ltr'><strong>AltlST.</strong></span> <span class='ocrx_word' id='word_1_75' title='bbox 1075 1052 1093 1083; x_wconf 73' lang='lat' dir='ltr'><strong>r</strong></span> <span class='ocrx_word' id='word_1_76' title='bbox 1130 1030 1323 1085; x_wconf 78' lang='lat' dir='ltr'><strong>Manus</strong></span> <span class='ocrx_word' id='word_1_77' title='bbox 1371 1031 1424 1083; x_wconf 89' lang='lat' dir='ltr'><strong>in</strong></span> <span class='ocrx_word' id='word_1_78' title='bbox 1458 1025 1637 1081; x_wconf 90' lang='lat' dir='ltr'><strong>crucis</strong></span> <span class='ocrx_word' id='word_1_79' title='bbox 1667 1021 1893 1092; x_wconf 90' lang='lat' dir='ltr'><strong>ﬁguram</strong></span> <span class='ocrx_word' id='word_1_80' title='bbox 1918 1012 2225 1084; x_wconf 69' lang='lat' dir='ltr'><strong>icou’tponit,</strong></span> <span class='ocrx_word' id='word_1_81' title='bbox 2255 1008 2349 1076; x_wconf 91' lang='lat' dir='ltr'><strong>qui</strong></span> 
     </span>
    </p>
   </div>
   <div class='ocr_carea' id='block_1_13' title="bbox 858 1102 2352 1199">
    <p class='ocr_par' dir='ltr' id='par_1_13' title="bbox 858 1102 2352 1199">
     <span class='ocr_line' id='line_1_13' title="bbox 858 1102 2352 1199; baseline -0.017 -20"><span class='ocrx_word' id='word_1_82' title='bbox 858 1148 875 1179; x_wconf 75' lang='grc' dir='ltr'><strong>ι</strong></span> <span class='ocrx_word' id='word_1_83' title='bbox 935 1125 1320 1181; x_wconf 65' lang='lat' dir='ltr'><strong>eucharistiam</strong></span> <span class='ocrx_word' id='word_1_84' title='bbox 1374 1130 1697 1199; x_wconf 79' lang='lat' dir='ltr'><strong>sumpturus</strong></span> <span class='ocrx_word' id='word_1_85' title='bbox 1746 1125 1847 1176; x_wconf 91' lang='lat' dir='ltr'><strong>est,</strong></span> <span class='ocrx_word' id='word_1_86' title='bbox 1894 1126 1957 1164; x_wconf 87' lang='lat' dir='ltr'><strong>ac</strong></span> <span class='ocrx_word' id='word_1_87' title='bbox 2000 1124 2095 1162; x_wconf 90' lang='lat' dir='ltr'><strong>ore</strong></span> <span class='ocrx_word' id='word_1_88' title='bbox 2151 1102 2352 1165; x_wconf 87' lang='lat' dir='ltr'><strong>sumit;</strong></span> 
     </span>
    </p>
   </div>
   <div class='ocr_carea' id='block_1_14' title="bbox 860 1199 2351 1286">
    <p class='ocr_par' dir='ltr' id='par_1_14' title="bbox 860 1199 2351 1286">
     <span class='ocr_line' id='line_1_14' title="bbox 860 1199 2351 1286; baseline -0.018 -14"><span class='ocrx_word' id='word_1_89' title='bbox 860 1240 878 1271; x_wconf 78' lang='grc' dir='ltr'><strong>ι</strong></span> <span class='ocrx_word' id='word_1_90' title='bbox 921 1222 1014 1286; x_wconf 85' lang='lat' dir='ltr'><strong>qui</strong></span> <span class='ocrx_word' id='word_1_91' title='bbox 1065 1234 1194 1272; x_wconf 87' lang='lat' dir='ltr'><strong>vero</strong></span> <span class='ocrx_word' id='word_1_92' title='bbox 1226 1211 1629 1283; x_wconf 81' lang='lat' dir='ltr'><strong>receptaculum</strong></span> <span class='ocrx_word' id='word_1_93' title='bbox 1666 1221 1914 1269; x_wconf 90' lang='lat' dir='ltr'><strong>aureum,</strong></span> <span class='ocrx_word' id='word_1_94' title='bbox 1948 1202 2032 1255; x_wconf 87' lang='lat' dir='ltr'><strong>vel</strong></span> <span class='ocrx_word' id='word_1_95' title='bbox 2066 1200 2204 1252; x_wconf 89' lang='lat' dir='ltr'><strong>alius</strong></span> <span class='ocrx_word' id='word_1_96' title='bbox 2238 1199 2351 1247; x_wconf 81' lang='lat' dir='ltr'><strong>nia-</strong></span> 
     </span>
    </p>
   </div>
   <div class='ocr_carea' id='block_1_15' title="bbox 858 1296 2323 1374">
    <p class='ocr_par' dir='ltr' id='par_1_15' title="bbox 858 1296 2323 1374">
     <span class='ocr_line' id='line_1_15' title="bbox 858 1296 2323 1374; baseline -0.016 -11"><span class='ocrx_word' id='word_1_97' title='bbox 858 1332 874 1363; x_wconf 76' lang='grc' dir='ltr'><strong>ι</strong></span> <span class='ocrx_word' id='word_1_98' title='bbox 921 1314 1067 1367; x_wconf 69' lang='lat' dir='ltr'><strong>teriae</strong></span> <span class='ocrx_word' id='word_1_99' title='bbox 1093 1323 1285 1363; x_wconf 91' lang='lat' dir='ltr'><strong>manus</strong></span> <span class='ocrx_word' id='word_1_100' title='bbox 1310 1309 1423 1360; x_wconf 89' lang='lat' dir='ltr'><strong>vice</strong></span> <span class='ocrx_word' id='word_1_101' title='bbox 1460 1311 1747 1374; x_wconf 72' lang='lat' dir='ltr'><strong>praeparat,</strong></span> <span class='ocrx_word' id='word_1_102' title='bbox 1777 1296 2144 1366; x_wconf 69' lang='lat' dir='ltr'><strong>segregandus</strong></span> <span class='ocrx_word' id='word_1_103' title='bbox 2168 1299 2269 1343; x_wconf 88' lang='lat' dir='ltr'><strong>est.</strong></span> <span class='ocrx_word' id='word_1_104' title='bbox 2305 1306 2323 1338; x_wconf 78' lang='grc' dir='ltr'><strong>ι</strong></span> 
     </span>
    </p>
   </div>
   <div class='ocr_carea' id='block_1_16' title="bbox 855 1391 2353 1470">
    <p class='ocr_par' dir='ltr' id='par_1_16' title="bbox 855 1391 2353 1470">
     <span class='ocr_line' id='line_1_16' title="bbox 855 1391 2353 1470; baseline -0.02 -10"><span class='ocrx_word' id='word_1_105' title='bbox 855 1407 1048 1470; x_wconf 84' lang='lat' dir='ltr'><strong>Homo,</strong></span> <span class='ocrx_word' id='word_1_106' title='bbox 1082 1404 1146 1456; x_wconf 87' lang='lat' dir='ltr'><strong>ad</strong></span> <span class='ocrx_word' id='word_1_107' title='bbox 1200 1401 1291 1455; x_wconf 88' lang='lat' dir='ltr'><strong>Dei</strong></span> <span class='ocrx_word' id='word_1_108' title='bbox 1326 1397 1734 1454; x_wconf 80' lang='lat' dir='ltr'><strong>similitudinem</strong></span> <span class='ocrx_word' id='word_1_109' title='bbox 1782 1400 2015 1452; x_wconf 89' lang='lat' dir='ltr'><strong>creatus,</strong></span> <span class='ocrx_word' id='word_1_110' title='bbox 2060 1394 2144 1439; x_wconf 88' lang='lat' dir='ltr'><strong>est</strong></span> <span class='ocrx_word' id='word_1_111' title='bbox 2189 1391 2353 1447; x_wconf 86' lang='lat' dir='ltr'><strong>supra</strong></span> 
     </span>
    </p>
   </div>
   <div class='ocr_carea' id='block_1_17' title="bbox 790 1477 2350 1556">
    <p class='ocr_par' dir='ltr' id='par_1_17' title="bbox 790 1477 2350 1556">
     <span class='ocr_line' id='line_1_17' title="bbox 790 1477 2350 1556; baseline -0.021 0"><span class='ocrx_word' id='word_1_112' title='bbox 790 1516 1003 1556; x_wconf 78' lang='lat' dir='ltr'><strong>omnem</strong></span> <span class='ocrx_word' id='word_1_113' title='bbox 1054 1508 1356 1551; x_wconf 87' lang='lat' dir='ltr'><strong>creaturam</strong></span> <span class='ocrx_word' id='word_1_114' title='bbox 1408 1488 1742 1547; x_wconf 88' lang='lat' dir='ltr'><strong>sensibilem,</strong></span> <span class='ocrx_word' id='word_1_115' title='bbox 1794 1492 1844 1535; x_wconf 87' lang='lat' dir='ltr'><strong>et</strong></span> <span class='ocrx_word' id='word_1_116' title='bbox 1875 1477 2077 1553; x_wconf 87' lang='lat' dir='ltr'><strong>Christi</strong></span> <span class='ocrx_word' id='word_1_117' title='bbox 2131 1486 2350 1540; x_wconf 83' lang='lat' dir='ltr'><strong>corpus,</strong></span> 
     </span>
    </p>
   </div>
   <div class='ocr_carea' id='block_1_18' title="bbox 789 1566 2353 1660">
    <p class='ocr_par' dir='ltr' id='par_1_18' title="bbox 789 1566 2353 1660">
     <span class='ocr_line' id='line_1_18' title="bbox 789 1566 2353 1660; baseline -0.019 -12"><span class='ocrx_word' id='word_1_118' title='bbox 789 1606 844 1648; x_wconf 93' lang='lat' dir='ltr'><strong>et</strong></span> <span class='ocrx_word' id='word_1_119' title='bbox 875 1591 1133 1660; x_wconf 88' lang='lat' dir='ltr'><strong>templum</strong></span> <span class='ocrx_word' id='word_1_120' title='bbox 1176 1599 1259 1641; x_wconf 88' lang='lat' dir='ltr'><strong>est</strong></span> <span class='ocrx_word' id='word_1_121' title='bbox 1289 1585 1440 1653; x_wconf 73' lang='lat' dir='ltr'><strong>juxta</strong></span> <span class='ocrx_word' id='word_1_122' title='bbox 1472 1580 1718 1633; x_wconf 87' lang='lat' dir='ltr'><strong>divinqu</strong></span> <span class='ocrx_word' id='word_1_123' title='bbox 1761 1573 2099 1643; x_wconf 83' lang='lat' dir='ltr'><strong>Apostolum.</strong></span> <span class='ocrx_word' id='word_1_124' title='bbox 2140 1566 2198 1622; x_wconf 90' lang='lat' dir='ltr'><strong>Si</strong></span> <span class='ocrx_word' id='word_1_125' title='bbox 2232 1566 2353 1635; x_wconf 85' lang='lat' dir='ltr'><strong>quis</strong></span> 
     </span>
    </p>
   </div>
   <div class='ocr_carea' id='block_1_19' title="bbox 798 1666 2355 1756">
    <p class='ocr_par' dir='ltr' id='par_1_19' title="bbox 798 1666 2355 1756">
     <span class='ocr_line' id='line_1_19' title="bbox 798 1666 2355 1756; baseline -0.019 -16"><span class='ocrx_word' id='word_1_126' title='bbox 798 1690 982 1756; x_wconf 85' lang='lat' dir='ltr'><strong>itaque</strong></span> <span class='ocrx_word' id='word_1_127' title='bbox 1037 1698 1094 1737; x_wconf 92' lang='lat' dir='ltr'><strong>se</strong></span> <span class='ocrx_word' id='word_1_128' title='bbox 1151 1680 1349 1733; x_wconf 67' lang='lat' dir='ltr'><strong>ditiinae</strong></span> <span class='ocrx_word' id='word_1_129' title='bbox 1405 1669 1806 1728; x_wconf 87' lang='lat' dir='ltr'><strong>communionis</strong></span> <span class='ocrx_word' id='word_1_130' title='bbox 1862 1666 2175 1736; x_wconf 86' lang='lat' dir='ltr'><strong>participem</strong></span> <span class='ocrx_word' id='word_1_131' title='bbox 2235 1674 2355 1713; x_wconf 84' lang='lat' dir='ltr'><strong>esse</strong></span> 
     </span>
    </p>
   </div>
   <div class='ocr_carea' id='block_1_20' title="bbox 790 1752 2353 1847">
    <p class='ocr_par' dir='ltr' id='par_1_20' title="bbox 790 1752 2353 1847">
     <span class='ocr_line' id='line_1_20' title="bbox 790 1752 2353 1847; baseline -0.019 -14"><span class='ocrx_word' id='word_1_132' title='bbox 790 1752 962 1847; x_wconf 38' lang='lat' dir='ltr'><strong>cup—it,</strong></span> <span class='ocrx_word' id='word_1_133' title='bbox 1013 1788 1241 1841; x_wconf 88' lang='lat' dir='ltr'><strong>eamque</strong></span> <span class='ocrx_word' id='word_1_134' title='bbox 1277 1785 1382 1823; x_wconf 91' lang='lat' dir='ltr'><strong>non</strong></span> <span class='ocrx_word' id='word_1_135' title='bbox 1419 1782 1513 1820; x_wconf 91' lang='lat' dir='ltr'><strong>ore</strong></span> <span class='ocrx_word' id='word_1_136' title='bbox 1562 1762 1777 1832; x_wconf 90' lang='lat' dir='ltr'><strong>accipit,</strong></span> <span class='ocrx_word' id='word_1_137' title='bbox 1807 1769 1868 1814; x_wconf 91' lang='lat' dir='ltr'><strong>ut</strong></span> <span class='ocrx_word' id='word_1_138' title='bbox 1914 1770 2108 1810; x_wconf 89' lang='lat' dir='ltr'><strong>manus</strong></span> <span class='ocrx_word' id='word_1_139' title='bbox 2137 1767 2264 1809; x_wconf 89' lang='lat' dir='ltr'><strong>suas</strong></span> <span class='ocrx_word' id='word_1_140' title='bbox 2300 1752 2353 1804; x_wconf 93' lang='lat' dir='ltr'><strong>in</strong></span> 
     </span>
    </p>
   </div>
   <div class='ocr_carea' id='block_1_21' title="bbox 793 1846 2354 1931">
    <p class='ocr_par' dir='ltr' id='par_1_21' title="bbox 793 1846 2354 1931">
     <span class='ocr_line' id='line_1_21' title="bbox 793 1846 2354 1931; baseline -0.02 -4"><span class='ocrx_word' id='word_1_141' title='bbox 793 1871 973 1927; x_wconf 90' lang='lat' dir='ltr'><strong>crucis</strong></span> <span class='ocrx_word' id='word_1_142' title='bbox 1022 1866 1251 1921; x_wconf 78' lang='lat' dir='ltr'><strong>formam</strong></span> <span class='ocrx_word' id='word_1_143' title='bbox 1306 1862 1564 1931; x_wconf 84' lang='lat' dir='ltr'><strong>ﬁgurans,</strong></span> <span class='ocrx_word' id='word_1_144' title='bbox 1600 1856 1692 1911; x_wconf 92' lang='lat' dir='ltr'><strong>sed</strong></span> <span class='ocrx_word' id='word_1_145' title='bbox 1744 1850 2142 1920; x_wconf 80' lang='lat' dir='ltr'><strong>receptaculum</strong></span> <span class='ocrx_word' id='word_1_146' title='bbox 2177 1846 2354 1914; x_wconf 89' lang='lat' dir='ltr'><strong>quod-</strong></span> 
     </span>
    </p>
   </div>
   <div class='ocr_carea' id='block_1_22' title="bbox 796 1942 2423 2017">
    <p class='ocr_par' dir='ltr' id='par_1_22' title="bbox 796 1942 2423 2017">
     <span class='ocr_line' id='line_1_22' title="bbox 796 1942 2423 2017; baseline -0.017 -2"><span class='ocrx_word' id='word_1_147' title='bbox 796 1970 913 2017; x_wconf 80' lang='lat' dir='ltr'><strong>dam</strong></span> <span class='ocrx_word' id='word_1_148' title='bbox 966 1974 1189 2015; x_wconf 85' lang='lat' dir='ltr'><strong>aureum</strong></span> <span class='ocrx_word' id='word_1_149' title='bbox 1243 1966 1335 2009; x_wconf 90' lang='lat' dir='ltr'><strong>aut</strong></span> <span class='ocrx_word' id='word_1_150' title='bbox 1367 1969 1433 2007; x_wconf 73' lang='lat' dir='ltr'><strong>ex</strong></span> <span class='ocrx_word' id='word_1_151' title='bbox 1489 1952 1594 2006; x_wconf 86' lang='lat' dir='ltr'><strong>alia</strong></span> <span class='ocrx_word' id='word_1_152' title='bbox 1661 1946 1889 2001; x_wconf 80' lang='lat' dir='ltr'><strong>materia</strong></span> <span class='ocrx_word' id='word_1_153' title='bbox 1946 1942 2104 2011; x_wconf 78' lang='lat'><strong>281</strong></span> <span class='ocrx_word' id='word_1_154' title='bbox 2164 1952 2357 1993; x_wconf 90' lang='lat' dir='ltr'><strong>manus</strong></span> <span class='ocrx_word' id='word_1_155' title='bbox 2417 1997 2423 2002; x_wconf 91' lang='lat'><strong>_</strong></span> 
     </span>
    </p>
   </div>
   <div class='ocr_carea' id='block_1_23' title="bbox 793 2028 2359 2116">
    <p class='ocr_par' dir='ltr' id='par_1_23' title="bbox 793 2028 2359 2116">
     <span class='ocr_line' id='line_1_23' title="bbox 793 2028 2359 2116; baseline -0.019 -6"><span class='ocrx_word' id='word_1_156' title='bbox 793 2059 913 2110; x_wconf 90' lang='lat' dir='ltr'><strong>loco</strong></span> <span class='ocrx_word' id='word_1_157' title='bbox 956 2052 1194 2112; x_wconf 89' lang='lat' dir='ltr'><strong>conﬁcit,</strong></span> <span class='ocrx_word' id='word_1_158' title='bbox 1254 2058 1313 2101; x_wconf 89' lang='lat' dir='ltr'><strong>ut</strong></span> <span class='ocrx_word' id='word_1_159' title='bbox 1356 2061 1451 2116; x_wconf 86' lang='lat' dir='ltr'><strong>per</strong></span> <span class='ocrx_word' id='word_1_160' title='bbox 1493 2043 1623 2097; x_wconf 83' lang='lat' dir='ltr'><strong>illud</strong></span> <span class='ocrx_word' id='word_1_161' title='bbox 1674 2041 1913 2095; x_wconf 84' lang='lat' dir='ltr'><strong>divinum</strong></span> <span class='ocrx_word' id='word_1_162' title='bbox 1960 2039 2162 2089; x_wconf 83' lang='lat' dir='ltr'><strong>donum</strong></span> <span class='ocrx_word' id='word_1_163' title='bbox 2214 2028 2359 2084; x_wconf 89' lang='lat' dir='ltr'><strong>acci-</strong></span> 
     </span>
    </p>
   </div>
   <div class='ocr_carea' id='block_1_24' title="bbox 796 2124 2356 2219">
    <p class='ocr_par' dir='ltr' id='par_1_24' title="bbox 796 2124 2356 2219">
     <span class='ocr_line' id='line_1_24' title="bbox 796 2124 2356 2219; baseline -0.02 -15"><span class='ocrx_word' id='word_1_164' title='bbox 796 2158 967 2219; x_wconf 91' lang='lat' dir='ltr'><strong>peret,</strong></span> <span class='ocrx_word' id='word_1_165' title='bbox 1016 2146 1273 2211; x_wconf 85' lang='lat' dir='ltr'><strong>illiusque</strong></span> <span class='ocrx_word' id='word_1_166' title='bbox 1325 2136 1741 2209; x_wconf 83' lang='lat' dir='ltr'><strong>participatione</strong></span> <span class='ocrx_word' id='word_1_167' title='bbox 1796 2132 2087 2184; x_wconf 83' lang='lat' dir='ltr'><strong>haberetur</strong></span> <span class='ocrx_word' id='word_1_168' title='bbox 2135 2124 2356 2194; x_wconf 87' lang='lat' dir='ltr'><strong>dignus,</strong></span> 
     </span>
    </p>
   </div>
   <div class='ocr_carea' id='block_1_25' title="bbox 793 2214 2359 2303">
    <p class='ocr_par' dir='ltr' id='par_1_25' title="bbox 793 2214 2359 2303">
     <span class='ocr_line' id='line_1_25' title="bbox 793 2214 2359 2303; baseline -0.019 -10"><span class='ocrx_word' id='word_1_169' title='bbox 793 2214 846 2293; x_wconf 82' lang='lat' dir='ltr'><strong>et</strong></span> <span class='ocrx_word' id='word_1_170' title='bbox 878 2237 1021 2303; x_wconf 77' lang='lat' dir='ltr'><strong>&#39;ipse</strong></span> <span class='ocrx_word' id='word_1_171' title='bbox 1052 2243 1105 2288; x_wconf 89' lang='lat' dir='ltr'><strong>et</strong></span> <span class='ocrx_word' id='word_1_172' title='bbox 1135 2233 1228 2303; x_wconf 91' lang='lat' dir='ltr'><strong>qui</strong></span> <span class='ocrx_word' id='word_1_173' title='bbox 1284 2229 1539 2299; x_wconf 88' lang='lat' dir='ltr'><strong>mysteria</strong></span> <span class='ocrx_word' id='word_1_174' title='bbox 1588 2225 1635 2279; x_wconf 92' lang='lat' dir='ltr'><strong>ei</strong></span> <span class='ocrx_word' id='word_1_175' title='bbox 1684 2223 1876 2277; x_wconf 81' lang='lat' dir='ltr'><strong>tradit.</strong></span> <span class='ocrx_word' id='word_1_176' title='bbox 1898 2214 2271 2289; x_wconf 84' lang='lat' dir='ltr'><strong>segregabitur</strong></span> <span class='ocrx_word' id='word_1_177' title='bbox 2300 2220 2359 2265; x_wconf 92' lang='lat' dir='ltr'><strong>ut</strong></span> 
     </span>
    </p>
   </div>
   <div class='ocr_carea' id='block_1_26' title="bbox 794 2306 2362 2399">
    <p class='ocr_par' dir='ltr' id='par_1_26' title="bbox 794 2306 2362 2399">
     <span class='ocr_line' id='line_1_26' title="bbox 794 2306 2362 2399; baseline -0.018 -16"><span class='ocrx_word' id='word_1_178' title='bbox 794 2329 887 2399; x_wconf 86' lang='lat' dir='ltr'><strong>qui</strong></span> <span class='ocrx_word' id='word_1_179' title='bbox 933 2328 1284 2381; x_wconf 88' lang='lat' dir='ltr'><strong>inanimatam</strong></span> <span class='ocrx_word' id='word_1_180' title='bbox 1321 2321 1728 2388; x_wconf 82' lang='lat' dir='ltr'><strong>subjectamque</strong></span> <span class='ocrx_word' id='word_1_181' title='bbox 1797 2312 2077 2367; x_wconf 84' lang='lat' dir='ltr'><strong>materiam</strong></span> <span class='ocrx_word' id='word_1_182' title='bbox 2106 2308 2201 2362; x_wconf 91' lang='lat' dir='ltr'><strong>Dei</strong></span> <span class='ocrx_word' id='word_1_183' title='bbox 2227 2306 2362 2358; x_wconf 89' lang='lat' dir='ltr'><strong>ima-</strong></span> 
     </span>
    </p>
   </div>
   <div class='ocr_carea' id='block_1_27' title="bbox 796 2419 1259 2493">
    <p class='ocr_par' dir='ltr' id='par_1_27' title="bbox 796 2419 1259 2493">
     <span class='ocr_line' id='line_1_27' title="bbox 796 2419 1259 2493; baseline -0.015 -17"><span class='ocrx_word' id='word_1_184' title='bbox 796 2423 910 2493; x_wconf 82' lang='lat' dir='ltr'><strong>gini</strong></span> <span class='ocrx_word' id='word_1_185' title='bbox 943 2419 1259 2489; x_wconf 67' lang='lat' dir='ltr'><strong>praeferunt.</strong></span> 
     </span>
    </p>
   </div>
   <div class='ocr_carea' id='block_1_28' title="bbox 1379 2541 1760 2599">
    <p class='ocr_par' dir='ltr' id='par_1_28' title="bbox 1379 2541 1760 2599">
     <span class='ocr_line' id='line_1_28' title="bbox 1379 2541 1760 2599; baseline -0.01 -1"><span class='ocrx_word' id='word_1_186' title='bbox 1379 2542 1607 2599; x_wconf 67' lang='lat' dir='ltr'><strong>CANON</strong></span> <span class='ocrx_word' id='word_1_187' title='bbox 1650 2541 1760 2596; x_wconf 75' lang='lat' dir='ltr'><strong>Cll.</strong></span> 
     </span>
    </p>
   </div>
   <div class='ocr_carea' id='block_1_29' title="bbox 803 2674 2365 2759">
    <p class='ocr_par' dir='ltr' id='par_1_29' title="bbox 803 2674 2365 2759">
     <span class='ocr_line' id='line_1_29' title="bbox 803 2674 2365 2759; baseline -0.01 -17"><span class='ocrx_word' id='word_1_188' title='bbox 803 2708 823 2742; x_wconf 75' lang='grc' dir='ltr'><strong>ι</strong></span> <span class='ocrx_word' id='word_1_189' title='bbox 864 2689 1090 2759; x_wconf 85' lang='lat' dir='ltr'><strong>Oportet</strong></span> <span class='ocrx_word' id='word_1_190' title='bbox 1129 2696 1307 2740; x_wconf 90' lang='lat' dir='ltr'><strong>autem</strong></span> <span class='ocrx_word' id='word_1_191' title='bbox 1338 2697 1455 2747; x_wconf 90' lang='lat' dir='ltr'><strong>eos,</strong></span> <span class='ocrx_word' id='word_1_192' title='bbox 1485 2681 1579 2751; x_wconf 90' lang='lat' dir='ltr'><strong>qui</strong></span> <span class='ocrx_word' id='word_1_193' title='bbox 1609 2676 1853 2734; x_wconf 84' lang='lat' dir='ltr'><strong>solvendi</strong></span> <span class='ocrx_word' id='word_1_194' title='bbox 1900 2686 1955 2731; x_wconf 93' lang='lat' dir='ltr'><strong>et</strong></span> <span class='ocrx_word' id='word_1_195' title='bbox 2003 2674 2208 2746; x_wconf 83' lang='lat' dir='ltr'><strong>ligandi</strong></span> <span class='ocrx_word' id='word_1_196' title='bbox 2265 2687 2365 2743; x_wconf 88' lang='lat' dir='ltr'><strong>po-</strong></span> 
     </span>
    </p>
   </div>
   <div class='ocr_carea' id='block_1_30' title="bbox 880 2768 2361 2844">
    <p class='ocr_par' dir='ltr' id='par_1_30' title="bbox 880 2768 2361 2844">
     <span class='ocr_line' id='line_1_30' title="bbox 880 2768 2361 2844; baseline -0.009 -11"><span class='ocrx_word' id='word_1_197' title='bbox 880 2800 899 2833; x_wconf 79' lang='grc' dir='ltr'><strong>ι</strong></span> <span class='ocrx_word' id='word_1_198' title='bbox 934 2788 1187 2836; x_wconf 89' lang='lat' dir='ltr'><strong>testatem</strong></span> <span class='ocrx_word' id='word_1_199' title='bbox 1247 2792 1275 2830; x_wconf 91' lang='lat' dir='ltr'><strong>a</strong></span> <span class='ocrx_word' id='word_1_200' title='bbox 1308 2776 1418 2829; x_wconf 90' lang='lat' dir='ltr'><strong>Deo</strong></span> <span class='ocrx_word' id='word_1_201' title='bbox 1450 2790 1731 2844; x_wconf 88' lang='lat' dir='ltr'><strong>accepere,</strong></span> <span class='ocrx_word' id='word_1_202' title='bbox 1785 2770 1994 2842; x_wconf 88' lang='lat' dir='ltr'><strong>peccati</strong></span> <span class='ocrx_word' id='word_1_203' title='bbox 2045 2768 2361 2839; x_wconf 89' lang='lat' dir='ltr'><strong>qualitatem</strong></span> 
     </span>
    </p>
   </div>
   <div class='ocr_carea' id='block_1_31' title="bbox 881 2861 2364 2936">
    <p class='ocr_par' dir='ltr' id='par_1_31' title="bbox 881 2861 2364 2936">
     <span class='ocr_line' id='line_1_31' title="bbox 881 2861 2364 2936; baseline -0.009 -11"><span class='ocrx_word' id='word_1_204' title='bbox 881 2895 898 2925; x_wconf 79' lang='grc' dir='ltr'><strong>ι</strong></span> <span class='ocrx_word' id='word_1_205' title='bbox 941 2871 1317 2936; x_wconf 89' lang='lat' dir='ltr'><strong>considerare,</strong></span> <span class='ocrx_word' id='word_1_206' title='bbox 1368 2879 1420 2924; x_wconf 90' lang='lat' dir='ltr'><strong>et</strong></span> <span class='ocrx_word' id='word_1_207' title='bbox 1451 2869 1569 2935; x_wconf 84' lang='lat' dir='ltr'><strong>ejus</strong></span> <span class='ocrx_word' id='word_1_208' title='bbox 1603 2867 1695 2936; x_wconf 92' lang='lat' dir='ltr'><strong>qui</strong></span> <span class='ocrx_word' id='word_1_209' title='bbox 1727 2864 1972 2935; x_wconf 85' lang='lat' dir='ltr'><strong>peccavit</strong></span> <span class='ocrx_word' id='word_1_210' title='bbox 2018 2861 2087 2916; x_wconf 90' lang='lat' dir='ltr'><strong>ad</strong></span> <span class='ocrx_word' id='word_1_211' title='bbox 2134 2875 2364 2914; x_wconf 91' lang='lat' dir='ltr'><strong>conver-</strong></span> 
     </span>
    </p>
   </div>
   <div class='ocr_carea' id='block_1_32' title="bbox 878 2948 2363 3031">
    <p class='ocr_par' dir='ltr' id='par_1_32' title="bbox 878 2948 2363 3031">
     <span class='ocr_line' id='line_1_32' title="bbox 878 2948 2363 3031; baseline -0.011 -15"><span class='ocrx_word' id='word_1_212' title='bbox 878 2987 895 3016; x_wconf 73' lang='grc' dir='ltr'><strong>ι</strong></span> <span class='ocrx_word' id='word_1_213' title='bbox 938 2965 1150 3020; x_wconf 90' lang='lat' dir='ltr'><strong>sionem</strong></span> <span class='ocrx_word' id='word_1_214' title='bbox 1204 2969 1515 3031; x_wconf 90' lang='lat' dir='ltr'><strong>promptum</strong></span> <span class='ocrx_word' id='word_1_215' title='bbox 1585 2955 1850 3017; x_wconf 91' lang='lat' dir='ltr'><strong>studium,</strong></span> <span class='ocrx_word' id='word_1_216' title='bbox 1918 2960 1972 3006; x_wconf 91' lang='lat' dir='ltr'><strong>et</strong></span> <span class='ocrx_word' id='word_1_217' title='bbox 2036 2952 2118 3004; x_wconf 87' lang='lat' dir='ltr'><strong>sic</strong></span> <span class='ocrx_word' id='word_1_218' title='bbox 2172 2948 2363 3003; x_wconf 83' lang='lat' dir='ltr'><strong>inorbo</strong></span> 
     </span>
    </p>
   </div>
   <div class='ocr_carea' id='block_1_33' title="bbox 879 3038 2361 3110">
    <p class='ocr_par' dir='ltr' id='par_1_33' title="bbox 879 3038 2361 3110">
     <span class='ocr_line' id='line_1_33' title="bbox 879 3038 2361 3110; baseline -0.011 -3"><span class='ocrx_word' id='word_1_219' title='bbox 879 3077 897 3107; x_wconf 73' lang='grc' dir='ltr'><strong>ι</strong></span> <span class='ocrx_word' id='word_1_220' title='bbox 933 3054 1346 3110; x_wconf 86' lang='lat' dir='ltr'><strong>convenientem</strong></span> <span class='ocrx_word' id='word_1_221' title='bbox 1402 3048 1594 3104; x_wconf 81' lang='lat' dir='ltr'><strong>aﬂ&#39;erre</strong></span> <span class='ocrx_word' id='word_1_222' title='bbox 1647 3045 1973 3102; x_wconf 88' lang='lat' dir='ltr'><strong>medicinam</strong></span> <span class='ocrx_word' id='word_1_223' title='bbox 2026 3060 2040 3095; x_wconf 92' lang='lat'><strong>:</strong></span> <span class='ocrx_word' id='word_1_224' title='bbox 2082 3057 2149 3096; x_wconf 92' lang='lat' dir='ltr'><strong>ne</strong></span> <span class='ocrx_word' id='word_1_225' title='bbox 2204 3040 2252 3094; x_wconf 88' lang='lat' dir='ltr'><strong>si</strong></span> <span class='ocrx_word' id='word_1_226' title='bbox 2305 3038 2361 3092; x_wconf 87' lang='lat' dir='ltr'><strong>iii</strong></span> 
     </span>
    </p>
   </div>
   <div class='ocr_carea' id='block_1_34' title="bbox 888 3132 2360 3215">
    <p class='ocr_par' dir='ltr' id='par_1_34' title="bbox 888 3132 2360 3215">
     <span class='ocr_line' id='line_1_34' title="bbox 888 3132 2360 3215; baseline -0.013 -12"><span class='ocrx_word' id='word_1_227' title='bbox 888 3168 904 3197; x_wconf 78' lang='grc' dir='ltr'><strong>ι</strong></span> <span class='ocrx_word' id='word_1_228' title='bbox 947 3157 1182 3215; x_wconf 88' lang='lat' dir='ltr'><strong>utroque</strong></span> <span class='ocrx_word' id='word_1_229' title='bbox 1231 3142 1683 3198; x_wconf 89' lang='lat' dir='ltr'><strong>immoderatione</strong></span> <span class='ocrx_word' id='word_1_230' title='bbox 1730 3147 1940 3197; x_wconf 87' lang='lat' dir='ltr'><strong>utatur,</strong></span> <span class='ocrx_word' id='word_1_231' title='bbox 1997 3134 2064 3189; x_wconf 85' lang='lat' dir='ltr'><strong>ab</strong></span> <span class='ocrx_word' id='word_1_232' title='bbox 2120 3134 2239 3203; x_wconf 88' lang='lat' dir='ltr'><strong>ejus</strong></span> <span class='ocrx_word' id='word_1_233' title='bbox 2271 3132 2360 3201; x_wconf 89' lang='lat' dir='ltr'><strong>qui</strong></span> 
     </span>
    </p>
   </div>
   <div class='ocr_carea' id='block_1_35' title="bbox 882 3208 2432 3295">
    <p class='ocr_par' dir='ltr' id='par_1_35' title="bbox 882 3208 2432 3295">
     <span class='ocr_line' id='line_1_35' title="bbox 882 3208 2432 3295; baseline -0.01 -4"><span class='ocrx_word' id='word_1_234' title='bbox 882 3262 898 3291; x_wconf 79' lang='grc' dir='ltr'><strong>ι</strong></span> <span class='ocrx_word' id='word_1_235' title='bbox 944 3240 1157 3294; x_wconf 85' lang='lat' dir='ltr'><strong>laborat</strong></span> <span class='ocrx_word' id='word_1_236' title='bbox 1187 3237 1363 3291; x_wconf 91' lang='lat' dir='ltr'><strong>salute</strong></span> <span class='ocrx_word' id='word_1_237' title='bbox 1392 3234 1627 3289; x_wconf 81' lang='lat' dir='ltr'><strong>excidat.</strong></span> <span class='ocrx_word' id='word_1_238' title='bbox 1662 3230 1777 3285; x_wconf 88' lang='lat' dir='ltr'><strong>Non</strong></span> <span class='ocrx_word' id='word_1_239' title='bbox 1830 3232 1976 3284; x_wconf 88' lang='lat' dir='ltr'><strong>enim</strong></span> <span class='ocrx_word' id='word_1_240' title='bbox 2013 3227 2245 3295; x_wconf 66' lang='lat' dir='ltr'><strong>simple:</strong></span> <span class='ocrx_word' id='word_1_241' title='bbox 2277 3232 2363 3279; x_wconf 79' lang='lat' dir='ltr'><strong>est</strong></span> <span class='ocrx_word' id='word_1_242' title='bbox 2390 3208 2432 3264; x_wconf 70' lang='grc' dir='ltr'><strong>(ἶ</strong></span> 
     </span>
    </p>
   </div>
   <div class='ocr_carea' id='block_1_36' title="bbox 883 3316 2363 3397">
    <p class='ocr_par' dir='ltr' id='par_1_36' title="bbox 883 3316 2363 3397">
     <span class='ocr_line' id='line_1_36' title="bbox 883 3316 2363 3397; baseline -0.009 -16"><span class='ocrx_word' id='word_1_243' title='bbox 883 3353 899 3381; x_wconf 70' lang='grc' dir='ltr'><strong>ε</strong></span> <span class='ocrx_word' id='word_1_244' title='bbox 941 3332 1166 3384; x_wconf 83' lang='lat' dir='ltr'><strong>morbus</strong></span> <span class='ocrx_word' id='word_1_245' title='bbox 1202 3328 1430 3397; x_wconf 86' lang='lat' dir='ltr'><strong>peccati,</strong></span> <span class='ocrx_word' id='word_1_246' title='bbox 1464 3325 1557 3378; x_wconf 87' lang='lat' dir='ltr'><strong>sed</strong></span> <span class='ocrx_word' id='word_1_247' title='bbox 1592 3323 1771 3377; x_wconf 91' lang='lat' dir='ltr'><strong>varius</strong></span> <span class='ocrx_word' id='word_1_248' title='bbox 1826 3330 1879 3373; x_wconf 89' lang='lat' dir='ltr'><strong>et</strong></span> <span class='ocrx_word' id='word_1_249' title='bbox 1909 3316 2280 3378; x_wconf 73' lang='lat' dir='ltr'><strong>multiformis,</strong></span> <span class='ocrx_word' id='word_1_250' title='bbox 2308 3322 2363 3369; x_wconf 81' lang='lat' dir='ltr'><strong>et</strong></span> 
     </span>
    </p>
   </div>
   <div class='ocr_carea' id='block_1_37' title="bbox 883 3409 2363 3484">
    <p class='ocr_par' dir='ltr' id='par_1_37' title="bbox 883 3409 2363 3484">
     <span class='ocr_line' id='line_1_37' title="bbox 883 3409 2363 3484; baseline -0.009 -12"><span class='ocrx_word' id='word_1_251' title='bbox 883 3445 900 3472; x_wconf 81' lang='grc' dir='ltr'><strong>ι</strong></span> <span class='ocrx_word' id='word_1_252' title='bbox 943 3424 1139 3476; x_wconf 88' lang='lat' dir='ltr'><strong>multas</strong></span> <span class='ocrx_word' id='word_1_253' title='bbox 1168 3416 1496 3474; x_wconf 86' lang='lat' dir='ltr'><strong>incommodi</strong></span> <span class='ocrx_word' id='word_1_254' title='bbox 1532 3414 1857 3484; x_wconf 81' lang='lat' dir='ltr'><strong>propagines</strong></span> <span class='ocrx_word' id='word_1_255' title='bbox 1902 3409 2216 3479; x_wconf 87' lang='lat' dir='ltr'><strong>germinans</strong></span> <span class='ocrx_word' id='word_1_256' title='bbox 2250 3424 2264 3459; x_wconf 91' lang='lat'><strong>:</strong></span> <span class='ocrx_word' id='word_1_257' title='bbox 2297 3422 2363 3459; x_wconf 78' lang='lat' dir='ltr'><strong>ex</strong></span> 
     </span>
    </p>
   </div>
   <div class='ocr_carea' id='block_1_38' title="bbox 882 3499 2364 3581">
    <p class='ocr_par' dir='ltr' id='par_1_38' title="bbox 882 3499 2364 3581">
     <span class='ocr_line' id='line_1_38' title="bbox 882 3499 2364 3581; baseline -0.006 -20"><span class='ocrx_word' id='word_1_258' title='bbox 882 3538 897 3561; x_wconf 79' lang='grc' dir='ltr'><strong>ι</strong></span> <span class='ocrx_word' id='word_1_259' title='bbox 938 3513 1139 3581; x_wconf 85' lang='lat' dir='ltr'><strong>quibus</strong></span> <span class='ocrx_word' id='word_1_260' title='bbox 1181 3510 1381 3561; x_wconf 85' lang='lat' dir='ltr'><strong>malum</strong></span> <span class='ocrx_word' id='word_1_261' title='bbox 1414 3507 1647 3558; x_wconf 83' lang='lat' dir='ltr'><strong>multum</strong></span> <span class='ocrx_word' id='word_1_262' title='bbox 1676 3501 2026 3563; x_wconf 70' lang='lat' dir='ltr'><strong>diffunditur,</strong></span> <span class='ocrx_word' id='word_1_263' title='bbox 2056 3507 2109 3553; x_wconf 88' lang='lat' dir='ltr'><strong>et</strong></span> <span class='ocrx_word' id='word_1_264' title='bbox 2136 3499 2364 3552; x_wconf 88' lang='lat' dir='ltr'><strong>ulterius</strong></span> 
     </span>
    </p>
   </div>
   <div class='ocr_carea' id='block_1_39' title="bbox 881 3592 2364 3670">
    <p class='ocr_par' dir='ltr' id='par_1_39' title="bbox 881 3592 2364 3670">
     <span class='ocr_line' id='line_1_39' title="bbox 881 3592 2364 3670; baseline -0.005 -20"><span class='ocrx_word' id='word_1_265' title='bbox 881 3626 894 3650; x_wconf 87' lang='lat' dir='ltr'><strong>I</strong></span> <span class='ocrx_word' id='word_1_266' title='bbox 937 3602 1301 3670; x_wconf 84' lang='lat' dir='ltr'><strong>progreditur,</strong></span> <span class='ocrx_word' id='word_1_267' title='bbox 1336 3598 1510 3651; x_wconf 86' lang='lat' dir='ltr'><strong>donec</strong></span> <span class='ocrx_word' id='word_1_268' title='bbox 1547 3596 1757 3647; x_wconf 85' lang='lat' dir='ltr'><strong>viribus</strong></span> <span class='ocrx_word' id='word_1_269' title='bbox 1796 3593 2068 3647; x_wconf 86' lang='lat' dir='ltr'><strong>medentis</strong></span> <span class='ocrx_word' id='word_1_270' title='bbox 2106 3592 2364 3661; x_wconf 81' lang='lat' dir='ltr'><strong>reprima-</strong></span> 
     </span>
    </p>
   </div>
   <div class='ocr_carea' id='block_1_40' title="bbox 882 3682 2363 3757">
    <p class='ocr_par' dir='ltr' id='par_1_40' title="bbox 882 3682 2363 3757">
     <span class='ocr_line' id='line_1_40' title="bbox 882 3682 2363 3757; baseline -0.003 -16"><span class='ocrx_word' id='word_1_271' title='bbox 882 3719 895 3741; x_wconf 65' lang='grc' dir='ltr'><strong>ς</strong></span> <span class='ocrx_word' id='word_1_272' title='bbox 937 3702 1040 3745; x_wconf 90' lang='lat' dir='ltr'><strong>tur.</strong></span> <span class='ocrx_word' id='word_1_273' title='bbox 1076 3690 1279 3754; x_wconf 85' lang='lat' dir='ltr'><strong>Quare,</strong></span> <span class='ocrx_word' id='word_1_274' title='bbox 1315 3689 1409 3757; x_wconf 91' lang='lat' dir='ltr'><strong>qui</strong></span> <span class='ocrx_word' id='word_1_275' title='bbox 1448 3685 1733 3739; x_wconf 68' lang='lat' dir='ltr'><strong>medicina:</strong></span> <span class='ocrx_word' id='word_1_276' title='bbox 1767 3684 2053 3737; x_wconf 89' lang='lat' dir='ltr'><strong>scientiam</strong></span> <span class='ocrx_word' id='word_1_277' title='bbox 2086 3682 2363 3750; x_wconf 59' lang='lat' dir='ltr'><strong>in’spiritu</strong></span> 
     </span>
    </p>
   </div>
   <div class='ocr_carea' id='block_1_41' title="bbox 884 3760 2366 3853">
    <p class='ocr_par' dir='ltr' id='par_1_41' title="bbox 884 3760 2366 3853">
     <span class='ocr_line' id='line_1_41' title="bbox 884 3760 2366 3853; baseline -0.003 -19"><span class='ocrx_word' id='word_1_278' title='bbox 884 3812 899 3834; x_wconf 76' lang='grc' dir='ltr'><strong>ι</strong></span> <span class='ocrx_word' id='word_1_279' title='bbox 945 3783 1256 3853; x_wconf 90' lang='lat' dir='ltr'><strong>proﬁtetur,</strong></span> <span class='ocrx_word' id='word_1_280' title='bbox 1286 3790 1499 3848; x_wconf 87' lang='lat' dir='ltr'><strong>oportet</strong></span> <span class='ocrx_word' id='word_1_281' title='bbox 1529 3795 1653 3833; x_wconf 91' lang='lat' dir='ltr'><strong>eum</strong></span> <span class='ocrx_word' id='word_1_282' title='bbox 1688 3778 1921 3846; x_wconf 88' lang='lat' dir='ltr'><strong>primum</strong></span> <span class='ocrx_word' id='word_1_283' title='bbox 1948 3777 2067 3845; x_wconf 88' lang='lat' dir='ltr'><strong>ejus</strong></span> <span class='ocrx_word' id='word_1_284' title='bbox 2100 3776 2192 3847; x_wconf 91' lang='lat' dir='ltr'><strong>qui</strong></span> <span class='ocrx_word' id='word_1_285' title='bbox 2244 3760 2366 3844; x_wconf 81' lang='lat' dir='ltr'><strong>pee-</strong></span> 
     </span>
    </p>
   </div>
   <div class='ocr_carea' id='block_1_42' title="bbox 884 3869 2368 3937">
    <p class='ocr_par' dir='ltr' id='par_1_42' title="bbox 884 3869 2368 3937">
     <span class='ocr_line' id='line_1_42' title="bbox 884 3869 2368 3937; baseline -0.005 -9"><span class='ocrx_word' id='word_1_286' title='bbox 884 3898 900 3928; x_wconf 71' lang='grc' dir='ltr'><strong>ι</strong></span> <span class='ocrx_word' id='word_1_287' title='bbox 944 3880 1088 3929; x_wconf 75' lang='lat' dir='ltr'><strong>cavit</strong></span> <span class='ocrx_word' id='word_1_288' title='bbox 1118 3875 1463 3930; x_wconf 78' lang='lat' dir='ltr'><strong>aﬁectionem</strong></span> <span class='ocrx_word' id='word_1_289' title='bbox 1494 3870 1869 3932; x_wconf 91' lang='lat' dir='ltr'><strong>considerare,</strong></span> <span class='ocrx_word' id='word_1_290' title='bbox 1906 3878 1980 3933; x_wconf 92' lang='lat' dir='ltr'><strong>et,</strong></span> <span class='ocrx_word' id='word_1_291' title='bbox 2032 3869 2146 3923; x_wconf 89' lang='lat' dir='ltr'><strong>sive</strong></span> <span class='ocrx_word' id='word_1_292' title='bbox 2180 3882 2368 3937; x_wconf 83' lang='lat' dir='ltr'><strong>vergat</strong></span> 
     </span>
    </p>
   </div>
   <div class='ocr_carea' id='block_1_43' title="bbox 885 3961 2367 4033">
    <p class='ocr_par' dir='ltr' id='par_1_43' title="bbox 885 3961 2367 4033">
     <span class='ocr_line' id='line_1_43' title="bbox 885 3961 2367 4033; baseline -0.004 -12"><span class='ocrx_word' id='word_1_293' title='bbox 885 3990 903 4021; x_wconf 75' lang='grc' dir='ltr'>ς</span> <span class='ocrx_word' id='word_1_294' title='bbox 949 3969 1013 4022; x_wconf 88' lang='lat' dir='ltr'><strong>ad</strong></span> <span class='ocrx_word' id='word_1_295' title='bbox 1053 3970 1366 4031; x_wconf 88' lang='lat' dir='ltr'><strong>sanitatem,</strong></span> <span class='ocrx_word' id='word_1_296' title='bbox 1423 3967 1539 4019; x_wconf 90' lang='lat' dir='ltr'><strong>sive</strong></span> <span class='ocrx_word' id='word_1_297' title='bbox 1593 3972 1779 4017; x_wconf 91' lang='lat' dir='ltr'><strong>contra</strong></span> <span class='ocrx_word' id='word_1_298' title='bbox 1836 3963 2073 4033; x_wconf 89' lang='lat' dir='ltr'><strong>propriis</strong></span> <span class='ocrx_word' id='word_1_299' title='bbox 2121 3961 2367 4016; x_wconf 91' lang='lat' dir='ltr'><strong>moribus</strong></span> 
     </span>
    </p>
   </div>
   <div class='ocr_carea' id='block_1_44' title="bbox 886 4056 2367 4129">
    <p class='ocr_par' dir='ltr' id='par_1_44' title="bbox 886 4056 2367 4129">
     <span class='ocr_line' id='line_1_44' title="bbox 886 4056 2367 4129; baseline -0.002 -18"><span class='ocrx_word' id='word_1_300' title='bbox 886 4085 900 4111; x_wconf 73' lang='grc' dir='ltr'><strong>ι</strong></span> <span class='ocrx_word' id='word_1_301' title='bbox 946 4071 1201 4129; x_wconf 87' lang='lat' dir='ltr'><strong>provocet</strong></span> <span class='ocrx_word' id='word_1_302' title='bbox 1228 4060 1280 4112; x_wconf 90' lang='lat' dir='ltr'><strong>in</strong></span> <span class='ocrx_word' id='word_1_303' title='bbox 1314 4074 1373 4113; x_wconf 90' lang='lat' dir='ltr'><strong>se</strong></span> <span class='ocrx_word' id='word_1_304' title='bbox 1406 4057 1680 4120; x_wconf 84' lang='lat' dir='ltr'><strong>morbum,</strong></span> <span class='ocrx_word' id='word_1_305' title='bbox 1718 4056 1982 4124; x_wconf 87' lang='lat' dir='ltr'><strong>aspicere,</strong></span> <span class='ocrx_word' id='word_1_306' title='bbox 2013 4062 2065 4109; x_wconf 92' lang='lat' dir='ltr'><strong>et</strong></span> <span class='ocrx_word' id='word_1_307' title='bbox 2093 4056 2367 4125; x_wconf 84' lang='lat' dir='ltr'><strong>quomodo</strong></span> 
     </span>
    </p>
   </div>
   <div class='ocr_carea' id='block_1_45' title="bbox 879 4138 2368 4222">
    <p class='ocr_par' dir='ltr' id='par_1_45' title="bbox 879 4138 2368 4222">
     <span class='ocr_line' id='line_1_45' title="bbox 879 4138 2368 4222; baseline -0.001 -19"><span class='ocrx_word' id='word_1_308' title='bbox 879 4175 896 4203; x_wconf 72' lang='grc' dir='ltr'><strong>ι</strong></span> <span class='ocrx_word' id='word_1_309' title='bbox 934 4155 1050 4222; x_wconf 77' lang='lat' dir='ltr'><strong>ejus</strong></span> <span class='ocrx_word' id='word_1_310' title='bbox 1081 4170 1197 4222; x_wconf 70' lang='lat' dir='ltr'><strong>qua:</strong></span> <span class='ocrx_word' id='word_1_311' title='bbox 1223 4150 1509 4205; x_wconf 90' lang='lat' dir='ltr'><strong>intercedit</strong></span> <span class='ocrx_word' id='word_1_312' title='bbox 1534 4151 1659 4203; x_wconf 70' lang='lat' dir='ltr'><strong>vita:</strong></span> <span class='ocrx_word' id='word_1_313' title='bbox 1686 4138 2027 4222; x_wconf 59' lang='lat' dir='ltr'><strong>rationisqd‘e</strong></span> <span class='ocrx_word' id='word_1_314' title='bbox 2061 4163 2246 4201; x_wconf 90' lang='lat' dir='ltr'><strong>curam</strong></span> <span class='ocrx_word' id='word_1_315' title='bbox 2276 4163 2368 4216; x_wconf 91' lang='lat' dir='ltr'><strong>ge-</strong></span> 
     </span>
    </p>
   </div>
   <div class='ocr_carea' id='block_1_46' title="bbox 886 4220 2368 4301">
    <p class='ocr_par' dir='ltr' id='par_1_46' title="bbox 886 4220 2368 4301">
     <span class='ocr_line' id='line_1_46' title="bbox 886 4220 2368 4301; baseline 0 -9"><span class='ocrx_word' id='word_1_316' title='bbox 886 4262 903 4292; x_wconf 75' lang='grc' dir='ltr'><strong>ι</strong></span> <span class='ocrx_word' id='word_1_317' title='bbox 945 4220 1153 4296; x_wconf 78' lang='lat' dir='ltr'><strong>ratzet</strong></span> <span class='ocrx_word' id='word_1_318' title='bbox 1206 4241 1252 4294; x_wconf 91' lang='lat' dir='ltr'><strong>si</strong></span> <span class='ocrx_word' id='word_1_319' title='bbox 1306 4240 1501 4293; x_wconf 90' lang='lat' dir='ltr'><strong>artilici</strong></span> <span class='ocrx_word' id='word_1_320' title='bbox 1564 4254 1671 4293; x_wconf 87' lang='lat' dir='ltr'><strong>non</strong></span> <span class='ocrx_word' id='word_1_321' title='bbox 1726 4220 2047 4301; x_wconf 84' lang='lat' dir='ltr'><strong>reluctatur,</strong></span> <span class='ocrx_word' id='word_1_322' title='bbox 2103 4246 2156 4291; x_wconf 89' lang='lat' dir='ltr'><strong>et</strong></span> <span class='ocrx_word' id='word_1_323' title='bbox 2213 4240 2368 4292; x_wconf 91' lang='lat' dir='ltr'><strong>ulcus</strong></span> 
     </span>
    </p>
   </div>
   <div class='ocr_carea' id='block_1_47' title="bbox 889 4328 2370 4402">
    <p class='ocr_par' dir='ltr' id='par_1_47' title="bbox 889 4328 2370 4402">
     <span class='ocr_line' id='line_1_47' title="bbox 889 4328 2370 4402; baseline -0.001 -18"><span class='ocrx_word' id='word_1_324' title='bbox 889 4354 906 4384; x_wconf 85' lang='grc'>‹</span> <span class='ocrx_word' id='word_1_325' title='bbox 942 4334 1137 4388; x_wconf 66' lang='lat' dir='ltr'><strong>anima:</strong></span> <span class='ocrx_word' id='word_1_326' title='bbox 1191 4341 1352 4402; x_wconf 84' lang='lat' dir='ltr'><strong>auget</strong></span> <span class='ocrx_word' id='word_1_327' title='bbox 1409 4347 1504 4401; x_wconf 89' lang='lat' dir='ltr'><strong>per</strong></span> <span class='ocrx_word' id='word_1_328' title='bbox 1578 4330 1956 4399; x_wconf 88' lang='lat' dir='ltr'><strong>impositorum</strong></span> <span class='ocrx_word' id='word_1_329' title='bbox 2009 4328 2370 4384; x_wconf 69' lang='lat' dir='ltr'><strong>medicamen-</strong></span> 
     </span>
    </p>
   </div>
   <div class='ocr_carea' id='block_1_48' title="bbox 887 4421 2366 4492">
    <p class='ocr_par' dir='ltr' id='par_1_48' title="bbox 887 4421 2366 4492">
     <span class='ocr_line' id='line_1_48' title="bbox 887 4421 2366 4492; baseline -0.002 -17"><span class='ocrx_word' id='word_1_330' title='bbox 887 4442 904 4475; x_wconf 69' lang='grc' dir='ltr'>ε</span> <span class='ocrx_word' id='word_1_331' title='bbox 944 4438 1124 4480; x_wconf 90' lang='lat' dir='ltr'><strong>torum</strong></span> <span class='ocrx_word' id='word_1_332' title='bbox 1156 4424 1538 4492; x_wconf 86' lang='lat' dir='ltr'><strong>adjectioncm,</strong></span> <span class='ocrx_word' id='word_1_333' title='bbox 1563 4421 1644 4477; x_wconf 92' lang='lat' dir='ltr'><strong>sic</strong></span> <span class='ocrx_word' id='word_1_334' title='bbox 1675 4436 1890 4491; x_wconf 94' lang='lat' dir='ltr'><strong>quoque</strong></span> <span class='ocrx_word' id='word_1_335' title='bbox 1918 4421 2366 4486; x_wconf 85' lang='lat' dir='ltr'><strong>misericordiam,</strong></span> 
     </span>
    </p>
   </div>
   <div class='ocr_carea' id='block_1_49' title="bbox 886 4515 2439 4614">
    <p class='ocr_par' dir='ltr' id='par_1_49' title="bbox 886 4515 2439 4614">
     <span class='ocr_line' id='line_1_49' title="bbox 886 4515 2439 4614; baseline -0.001 -45"><span class='ocrx_word' id='word_1_336' title='bbox 886 4537 904 4569; x_wconf 84' lang='grc' dir='ltr'><strong>ι</strong></span> <span class='ocrx_word' id='word_1_337' title='bbox 946 4528 1108 4589; x_wconf 89' lang='lat' dir='ltr'><strong>prout</strong></span> <span class='ocrx_word' id='word_1_338' title='bbox 1142 4519 1339 4587; x_wconf 90' lang='lat' dir='ltr'><strong>dignus</strong></span> <span class='ocrx_word' id='word_1_339' title='bbox 1371 4525 1480 4580; x_wconf 88' lang='lat' dir='ltr'><strong>est,</strong></span> <span class='ocrx_word' id='word_1_340' title='bbox 1512 4516 1801 4585; x_wconf 88' lang='lat' dir='ltr'><strong>impertiri.</strong></span> <span class='ocrx_word' id='word_1_341' title='bbox 1834 4515 2060 4569; x_wconf 89' lang='lat' dir='ltr'><strong>Omnem</strong></span> <span class='ocrx_word' id='word_1_342' title='bbox 2096 4515 2241 4569; x_wconf 91' lang='lat' dir='ltr'><strong>enim</strong></span> <span class='ocrx_word' id='word_1_343' title='bbox 2268 4529 2363 4568; x_wconf 85' lang='lat' dir='ltr'><strong>ra-</strong></span> <span class='ocrx_word' id='word_1_344' title='bbox 2394 4557 2439 4614; x_wconf 70' lang='grc' dir='ltr'>υ</span> 
     </span>
    </p>
   </div>
   <div class='ocr_carea' id='block_1_50' title="bbox 884 4605 2370 4677">
    <p class='ocr_par' dir='ltr' id='par_1_50' title="bbox 884 4605 2370 4677">
     <span class='ocr_line' id='line_1_50' title="bbox 884 4605 2370 4677; baseline -0.001 -16"><span class='ocrx_word' id='word_1_345' title='bbox 884 4629 903 4661; x_wconf 75' lang='grc' dir='ltr'><strong>ι</strong></span> <span class='ocrx_word' id='word_1_346' title='bbox 948 4611 1149 4664; x_wconf 86' lang='lat' dir='ltr'><strong>tionem</strong></span> <span class='ocrx_word' id='word_1_347' title='bbox 1186 4610 1284 4662; x_wconf 92' lang='lat' dir='ltr'><strong>init</strong></span> <span class='ocrx_word' id='word_1_348' title='bbox 1327 4607 1486 4669; x_wconf 87' lang='lat' dir='ltr'><strong>Deus,</strong></span> <span class='ocrx_word' id='word_1_349' title='bbox 1538 4608 1694 4674; x_wconf 84' lang='lat' dir='ltr'><strong>isque</strong></span> <span class='ocrx_word' id='word_1_350' title='bbox 1741 4605 1825 4659; x_wconf 85' lang='lat' dir='ltr'><strong>cui</strong></span> <span class='ocrx_word' id='word_1_351' title='bbox 1870 4605 2163 4677; x_wconf 78' lang='lat' dir='ltr'><strong>pastoralis</strong></span> <span class='ocrx_word' id='word_1_352' title='bbox 2200 4606 2370 4659; x_wconf 88' lang='lat' dir='ltr'><strong>tradi-</strong></span> 
     </span>
    </p>
   </div>
   <div class='ocr_carea' id='block_1_51' title="bbox 890 4698 2368 4769">
    <p class='ocr_par' dir='ltr' id='par_1_51' title="bbox 890 4698 2368 4769">
     <span class='ocr_line' id='line_1_51' title="bbox 890 4698 2368 4769; baseline 0 -18"><span class='ocrx_word' id='word_1_353' title='bbox 890 4720 907 4751; x_wconf 87' lang='grc'><em>‹</em></span> <span class='ocrx_word' id='word_1_354' title='bbox 950 4709 1039 4755; x_wconf 90' lang='lat' dir='ltr'><strong>tus</strong></span> <span class='ocrx_word' id='word_1_355' title='bbox 1063 4710 1145 4754; x_wconf 85' lang='lat' dir='ltr'><strong>est</strong></span> <span class='ocrx_word' id='word_1_356' title='bbox 1168 4700 1530 4769; x_wconf 81' lang='lat' dir='ltr'><strong>principatus,</strong></span> <span class='ocrx_word' id='word_1_357' title='bbox 1554 4709 1612 4752; x_wconf 94' lang='lat' dir='ltr'><strong>ut</strong></span> <span class='ocrx_word' id='word_1_358' title='bbox 1638 4707 1909 4751; x_wconf 88' lang='lat' dir='ltr'><strong>errantem</strong></span> <span class='ocrx_word' id='word_1_359' title='bbox 1938 4712 2093 4751; x_wconf 90' lang='lat' dir='ltr'><strong>ovem</strong></span> <span class='ocrx_word' id='word_1_360' title='bbox 2121 4698 2368 4764; x_wconf 87' lang='lat' dir='ltr'><strong>reducat,</strong></span> 
     </span>
    </p>
   </div>
   <div class='ocr_carea' id='block_1_52' title="bbox 888 4790 2371 4861">
    <p class='ocr_par' dir='ltr' id='par_1_52' title="bbox 888 4790 2371 4861">
     <span class='ocr_line' id='line_1_52' title="bbox 888 4790 2371 4861; baseline -0.001 -16"><span class='ocrx_word' id='word_1_361' title='bbox 888 4815 905 4845; x_wconf 75' lang='grc' dir='ltr'><strong>ι</strong></span> <span class='ocrx_word' id='word_1_362' title='bbox 948 4803 1001 4848; x_wconf 93' lang='lat' dir='ltr'><strong>et</strong></span> <span class='ocrx_word' id='word_1_363' title='bbox 1031 4794 1103 4857; x_wconf 88' lang='lat' dir='ltr'><strong>ei,</strong></span> <span class='ocrx_word' id='word_1_364' title='bbox 1136 4808 1255 4861; x_wconf 70' lang='lat' dir='ltr'><strong>quae</strong></span> <span class='ocrx_word' id='word_1_365' title='bbox 1288 4800 1372 4846; x_wconf 89' lang='lat' dir='ltr'><strong>est</strong></span> <span class='ocrx_word' id='word_1_366' title='bbox 1413 4807 1441 4844; x_wconf 90' lang='lat' dir='ltr'><strong>a</strong></span> <span class='ocrx_word' id='word_1_367' title='bbox 1498 4800 1751 4860; x_wconf 89' lang='lat' dir='ltr'><strong>serpente</strong></span> <span class='ocrx_word' id='word_1_368' title='bbox 1806 4791 2109 4854; x_wconf 89' lang='lat' dir='ltr'><strong>vulnerata,</strong></span> <span class='ocrx_word' id='word_1_369' title='bbox 2157 4790 2371 4845; x_wconf 91' lang='lat' dir='ltr'><strong>medea-</strong></span> 
     </span>
    </p>
   </div>
   <div class='ocr_carea' id='block_1_53' title="bbox 892 4882 2369 4953">
    <p class='ocr_par' dir='ltr' id='par_1_53' title="bbox 892 4882 2369 4953">
     <span class='ocr_line' id='line_1_53' title="bbox 892 4882 2369 4953; baseline -0.001 -17"><span class='ocrx_word' id='word_1_370' title='bbox 892 4906 908 4936; x_wconf 83' lang='grc'><strong>‹</strong></span> <span class='ocrx_word' id='word_1_371' title='bbox 955 4894 1066 4950; x_wconf 92' lang='lat' dir='ltr'><strong>tur,</strong></span> <span class='ocrx_word' id='word_1_372' title='bbox 1119 4896 1173 4939; x_wconf 89' lang='lat' dir='ltr'><strong>et</strong></span> <span class='ocrx_word' id='word_1_373' title='bbox 1228 4900 1401 4953; x_wconf 91' lang='lat' dir='ltr'><strong>neque</strong></span> <span class='ocrx_word' id='word_1_374' title='bbox 1456 4898 1551 4952; x_wconf 92' lang='lat' dir='ltr'><strong>per</strong></span> <span class='ocrx_word' id='word_1_375' title='bbox 1606 4883 2008 4951; x_wconf 87' lang='lat' dir='ltr'><strong>desperationis</strong></span> <span class='ocrx_word' id='word_1_376' title='bbox 2071 4882 2369 4951; x_wconf 76' lang='lat' dir='ltr'><strong>praecipitia</strong></span> 
     </span>
    </p>
   </div>
   <div class='ocr_carea' id='block_1_54' title="bbox 894 4952 2370 5045">
    <p class='ocr_par' dir='ltr' id='par_1_54' title="bbox 894 4952 2370 5045">
     <span class='ocr_line' id='line_1_54' title="bbox 894 4952 2370 5045; baseline -0.001 -17"><span class='ocrx_word' id='word_1_377' title='bbox 894 4996 912 5028; x_wconf 76' lang='grc' dir='ltr'><strong>ι</strong></span> <span class='ocrx_word' id='word_1_378' title='bbox 958 4978 1220 5045; x_wconf 90' lang='lat' dir='ltr'><strong>impellat,</strong></span> <span class='ocrx_word' id='word_1_379' title='bbox 1255 4952 1352 5029; x_wconf 73' lang='lat' dir='ltr'><strong>net.</strong></span> <span class='ocrx_word' id='word_1_380' title='bbox 1402 4976 1467 5028; x_wconf 91' lang='lat' dir='ltr'><strong>ad</strong></span> <span class='ocrx_word' id='word_1_381' title='bbox 1496 4974 1616 5028; x_wconf 77' lang='lat' dir='ltr'><strong>vitae</strong></span> <span class='ocrx_word' id='word_1_382' title='bbox 1671 4952 2083 5029; x_wconf 73' lang='lat' dir='ltr'><strong>dissdlutioneﬂi</strong></span> <span class='ocrx_word' id='word_1_383' title='bbox 2134 4984 2190 5045; x_wconf 76' lang='lat' dir='ltr'><strong>et</strong></span> <span class='ocrx_word' id='word_1_384' title='bbox 2237 4988 2370 5027; x_wconf 87' lang='lat' dir='ltr'><strong>eon-</strong></span> 
     </span>
    </p>
   </div>
   <div class='ocr_carea' id='block_1_55' title="bbox 903 5052 2370 5140">
    <p class='ocr_par' dir='ltr' id='par_1_55' title="bbox 903 5052 2370 5140">
     <span class='ocr_line' id='line_1_55' title="bbox 903 5052 2370 5140; baseline -0.003 -18"><span class='ocrx_word' id='word_1_385' title='bbox 903 5091 919 5122; x_wconf 77' lang='grc' dir='ltr'><strong>ι</strong></span> <span class='ocrx_word' id='word_1_386' title='bbox 968 5079 1231 5140; x_wconf 87' lang='lat' dir='ltr'><strong>temptum</strong></span> <span class='ocrx_word' id='word_1_387' title='bbox 1285 5067 1454 5122; x_wconf 81' lang='lat' dir='ltr'><strong>fraena</strong></span> <span class='ocrx_word' id='word_1_388' title='bbox 1512 5067 1769 5121; x_wconf 78' lang='lat' dir='ltr'><strong>relaxet:</strong></span> <span class='ocrx_word' id='word_1_389' title='bbox 1833 5064 1929 5121; x_wconf 90' lang='lat' dir='ltr'><strong>sed</strong></span> <span class='ocrx_word' id='word_1_390' title='bbox 1985 5066 2088 5119; x_wconf 90' lang='lat' dir='ltr'><strong>alia</strong></span> <span class='ocrx_word' id='word_1_391' title='bbox 2141 5052 2370 5135; x_wconf 79' lang='lat' dir='ltr'><strong>quidem</strong></span> 
     </span>
    </p>
   </div>
   <div class='ocr_carea' id='block_1_56' title="bbox 895 5156 2372 5228">
    <p class='ocr_par' dir='ltr' id='par_1_56' title="bbox 895 5156 2372 5228">
     <span class='ocr_line' id='line_1_56' title="bbox 895 5156 2372 5228; baseline -0.004 -13"><span class='ocrx_word' id='word_1_392' title='bbox 895 5186 911 5215; x_wconf 84' lang='grc'><strong>‹</strong></span> <span class='ocrx_word' id='word_1_393' title='bbox 951 5163 1177 5219; x_wconf 92' lang='lat' dir='ltr'><strong>omnino</strong></span> <span class='ocrx_word' id='word_1_394' title='bbox 1210 5161 1440 5224; x_wconf 86' lang='lat' dir='ltr'><strong>ratione,</strong></span> <span class='ocrx_word' id='word_1_395' title='bbox 1474 5158 1587 5212; x_wconf 84' lang='lat' dir='ltr'><strong>sive</strong></span> <span class='ocrx_word' id='word_1_396' title='bbox 1643 5173 1740 5228; x_wconf 91' lang='lat' dir='ltr'><strong>per</strong></span> <span class='ocrx_word' id='word_1_397' title='bbox 1791 5158 2003 5211; x_wconf 84' lang='lat' dir='ltr'><strong>acriora</strong></span> <span class='ocrx_word' id='word_1_398' title='bbox 2062 5166 2116 5210; x_wconf 88' lang='lat' dir='ltr'><strong>et</strong></span> <span class='ocrx_word' id='word_1_399' title='bbox 2168 5156 2372 5211; x_wconf 86' lang='lat' dir='ltr'><strong>astrin-</strong></span> 
     </span>
    </p>
   </div>
   <div class='ocr_carea' id='block_1_57' title="bbox 892 5249 2374 5328">
    <p class='ocr_par' dir='ltr' id='par_1_57' title="bbox 892 5249 2374 5328">
     <span class='ocr_line' id='line_1_57' title="bbox 892 5249 2374 5328; baseline -0.003 -23"><span class='ocrx_word' id='word_1_400' title='bbox 892 5282 907 5305; x_wconf 76' lang='grc' dir='ltr'><strong>ι</strong></span> <span class='ocrx_word' id='word_1_401' title='bbox 944 5255 1148 5328; x_wconf 78' lang='lat' dir='ltr'><strong>gentia,</strong></span> <span class='ocrx_word' id='word_1_402' title='bbox 1179 5253 1295 5307; x_wconf 89' lang='lat' dir='ltr'><strong>sive</strong></span> <span class='ocrx_word' id='word_1_403' title='bbox 1324 5267 1417 5320; x_wconf 92' lang='lat' dir='ltr'><strong>per</strong></span> <span class='ocrx_word' id='word_1_404' title='bbox 1465 5251 1713 5303; x_wconf 88' lang='lat' dir='ltr'><strong>molliora</strong></span> <span class='ocrx_word' id='word_1_405' title='bbox 1766 5258 1819 5303; x_wconf 89' lang='lat' dir='ltr'><strong>et</strong></span> <span class='ocrx_word' id='word_1_406' title='bbox 1871 5249 2077 5303; x_wconf 89' lang='lat' dir='ltr'><strong>leniora</strong></span> <span class='ocrx_word' id='word_1_407' title='bbox 2132 5250 2374 5303; x_wconf 85' lang='lat' dir='ltr'><strong>medica-</strong></span> 
     </span>
    </p>
   </div>
   <div class='ocr_carea' id='block_1_58' title="bbox 894 5341 2374 5410">
    <p class='ocr_par' dir='ltr' id='par_1_58' title="bbox 894 5341 2374 5410">
     <span class='ocr_line' id='line_1_58' title="bbox 894 5341 2374 5410; baseline -0.002 -12"><span class='ocrx_word' id='word_1_408' title='bbox 894 5368 912 5398; x_wconf 75' lang='grc' dir='ltr'><strong>ι</strong></span> <span class='ocrx_word' id='word_1_409' title='bbox 956 5355 1156 5410; x_wconf 89' lang='lat' dir='ltr'><strong>menta,</strong></span> <span class='ocrx_word' id='word_1_410' title='bbox 1180 5344 1448 5398; x_wconf 82' lang='lat' dir='ltr'><strong>aﬁ&#39;ectioni</strong></span> <span class='ocrx_word' id='word_1_411' title='bbox 1480 5342 1717 5405; x_wconf 88' lang='lat' dir='ltr'><strong>resistat,</strong></span> <span class='ocrx_word' id='word_1_412' title='bbox 1741 5350 1794 5396; x_wconf 84' lang='lat' dir='ltr'><strong>et</strong></span> <span class='ocrx_word' id='word_1_413' title='bbox 1820 5341 1884 5395; x_wconf 86' lang='lat' dir='ltr'><strong>ad</strong></span> <span class='ocrx_word' id='word_1_414' title='bbox 1929 5341 2124 5395; x_wconf 86' lang='lat' dir='ltr'><strong>ulceris</strong></span> <span class='ocrx_word' id='word_1_415' title='bbox 2167 5341 2374 5395; x_wconf 84' lang='lat' dir='ltr'><strong>obduc-</strong></span> 
     </span>
    </p>
   </div>
   <div class='ocr_carea' id='block_1_59' title="bbox 895 5435 2371 5506">
    <p class='ocr_par' dir='ltr' id='par_1_59' title="bbox 895 5435 2371 5506">
     <span class='ocr_line' id='line_1_59' title="bbox 895 5435 2371 5506; baseline -0.003 -13"><span class='ocrx_word' id='word_1_416' title='bbox 895 5462 912 5493; x_wconf 83' lang='grc'><em>‹</em></span> <span class='ocrx_word' id='word_1_417' title='bbox 950 5443 1152 5495; x_wconf 92' lang='lat' dir='ltr'><strong>tionem</strong></span> <span class='ocrx_word' id='word_1_418' title='bbox 1195 5439 1494 5502; x_wconf 88' lang='lat' dir='ltr'><strong>adnitatur,</strong></span> <span class='ocrx_word' id='word_1_419' title='bbox 1547 5437 1759 5491; x_wconf 76' lang='lat' dir='ltr'><strong>fructus</strong></span> <span class='ocrx_word' id='word_1_420' title='bbox 1814 5436 2147 5506; x_wconf 69' lang='lat' dir='ltr'><strong>pmnitentia:</strong></span> <span class='ocrx_word' id='word_1_421' title='bbox 2175 5435 2371 5488; x_wconf 79' lang='lat' dir='ltr'><strong>exami-</strong></span> 
     </span>
    </p>
   </div>
   <div class='ocr_carea' id='block_1_60' title="bbox 895 5528 2373 5599">
    <p class='ocr_par' dir='ltr' id='par_1_60' title="bbox 895 5528 2373 5599">
     <span class='ocr_line' id='line_1_60' title="bbox 895 5528 2373 5599; baseline -0.002 -15"><span class='ocrx_word' id='word_1_422' title='bbox 895 5554 911 5584; x_wconf 85' lang='grc'><strong>‹</strong></span> <span class='ocrx_word' id='word_1_423' title='bbox 956 5547 1129 5596; x_wconf 87' lang='lat' dir='ltr'><strong>nans,</strong></span> <span class='ocrx_word' id='word_1_424' title='bbox 1176 5540 1229 5585; x_wconf 92' lang='lat' dir='ltr'><strong>et</strong></span> <span class='ocrx_word' id='word_1_425' title='bbox 1267 5531 1539 5599; x_wconf 86' lang='lat' dir='ltr'><strong>sapienter</strong></span> <span class='ocrx_word' id='word_1_426' title='bbox 1589 5528 1916 5596; x_wconf 81' lang='lat' dir='ltr'><strong>dispensans</strong></span> <span class='ocrx_word' id='word_1_427' title='bbox 1975 5538 2027 5580; x_wconf 92' lang='lat' dir='ltr'><strong>et</strong></span> <span class='ocrx_word' id='word_1_428' title='bbox 2066 5528 2373 5597; x_wconf 83' lang='lat' dir='ltr'><strong>gubernans</strong></span> 
     </span>
    </p>
   </div>
   <div class='ocr_carea' id='block_1_61' title="bbox 897 5619 2370 5691">
    <p class='ocr_par' dir='ltr' id='par_1_61' title="bbox 897 5619 2370 5691">
     <span class='ocr_line' id='line_1_61' title="bbox 897 5619 2370 5691; baseline -0.002 -16"><span class='ocrx_word' id='word_1_429' title='bbox 897 5647 911 5675; x_wconf 79' lang='grc' dir='ltr'><strong>ι</strong></span> <span class='ocrx_word' id='word_1_430' title='bbox 952 5623 1251 5687; x_wconf 87' lang='lat' dir='ltr'><strong>hominem,</strong></span> <span class='ocrx_word' id='word_1_431' title='bbox 1289 5624 1381 5691; x_wconf 90' lang='lat' dir='ltr'><strong>qui</strong></span> <span class='ocrx_word' id='word_1_432' title='bbox 1419 5620 1484 5673; x_wconf 91' lang='lat' dir='ltr'><strong>ad</strong></span> <span class='ocrx_word' id='word_1_433' title='bbox 1518 5621 1860 5689; x_wconf 90' lang='lat' dir='ltr'><strong>superiorem</strong></span> <span class='ocrx_word' id='word_1_434' title='bbox 1913 5619 2370 5673; x_wconf 91' lang='lat' dir='ltr'><strong>illuminationem</strong></span> 
     </span>
    </p>
   </div>
   <div class='ocr_carea' id='block_1_62' title="bbox 900 5713 2375 5785">
    <p class='ocr_par' dir='ltr' id='par_1_62' title="bbox 900 5713 2375 5785">
     <span class='ocr_line' id='line_1_62' title="bbox 900 5713 2375 5785; baseline -0.001 -17"><span class='ocrx_word' id='word_1_435' title='bbox 900 5738 917 5768; x_wconf 73' lang='grc' dir='ltr'><strong>ι</strong></span> <span class='ocrx_word' id='word_1_436' title='bbox 954 5726 1202 5772; x_wconf 89' lang='lat' dir='ltr'><strong>vocatur.</strong></span> <span class='ocrx_word' id='word_1_437' title='bbox 1236 5713 1348 5768; x_wconf 85' lang='lat' dir='ltr'><strong>Nos</strong></span> <span class='ocrx_word' id='word_1_438' title='bbox 1394 5716 1539 5768; x_wconf 91' lang='lat' dir='ltr'><strong>enim</strong></span> <span class='ocrx_word' id='word_1_439' title='bbox 1580 5724 1810 5785; x_wconf 77' lang='lat' dir='ltr'><strong>utraque</strong></span> <span class='ocrx_word' id='word_1_440' title='bbox 1848 5714 1992 5768; x_wconf 91' lang='lat' dir='ltr'><strong>scire</strong></span> <span class='ocrx_word' id='word_1_441' title='bbox 2040 5723 2271 5782; x_wconf 85' lang='lat' dir='ltr'><strong>oportet,</strong></span> <span class='ocrx_word' id='word_1_442' title='bbox 2322 5722 2375 5766; x_wconf 90' lang='lat' dir='ltr'><strong>et</strong></span> 
     </span>
    </p>
   </div>
   <div class='ocr_carea' id='block_1_63' title="bbox 898 5807 2373 5879">
    <p class='ocr_par' dir='ltr' id='par_1_63' title="bbox 898 5807 2373 5879">
     <span class='ocr_line' id='line_1_63' title="bbox 898 5807 2373 5879; baseline -0.002 -19"><span class='ocrx_word' id='word_1_443' title='bbox 898 5829 914 5860; x_wconf 77' lang='grc' dir='ltr'><strong>ι</strong></span> <span class='ocrx_word' id='word_1_444' title='bbox 956 5825 1074 5879; x_wconf 66' lang='lat' dir='ltr'><strong>quae</strong></span> <span class='ocrx_word' id='word_1_445' title='bbox 1108 5816 1235 5865; x_wconf 91' lang='lat' dir='ltr'><strong>sunt</strong></span> <span class='ocrx_word' id='word_1_446' title='bbox 1269 5807 1465 5862; x_wconf 86' lang='lat' dir='ltr'><strong>summi</strong></span> <span class='ocrx_word' id='word_1_447' title='bbox 1490 5808 1655 5875; x_wconf 91' lang='lat' dir='ltr'><strong>juris.</strong></span> <span class='ocrx_word' id='word_1_448' title='bbox 1686 5816 1741 5860; x_wconf 78' lang='lat' dir='ltr'><strong>ct</strong></span> <span class='ocrx_word' id='word_1_449' title='bbox 1773 5823 1892 5874; x_wconf 71' lang='lat' dir='ltr'><strong>quae</strong></span> <span class='ocrx_word' id='word_1_450' title='bbox 1924 5814 2052 5860; x_wconf 88' lang='lat' dir='ltr'><strong>sunt</strong></span> <span class='ocrx_word' id='word_1_451' title='bbox 2080 5814 2373 5860; x_wconf 89' lang='lat' dir='ltr'><strong>consuetu-</strong></span> 
     </span>
    </p>
   </div>
   <div class='ocr_carea' id='block_1_64' title="bbox 898 5899 2365 5969">
    <p class='ocr_par' dir='ltr' id='par_1_64' title="bbox 898 5899 2365 5969">
     <span class='ocr_line' id='line_1_64' title="bbox 898 5899 2365 5969; baseline -0.002 -15"><span class='ocrx_word' id='word_1_452' title='bbox 898 5924 914 5954; x_wconf 84' lang='grc'><em>‹</em></span> <span class='ocrx_word' id='word_1_453' title='bbox 958 5902 1121 5968; x_wconf 85' lang='lat' dir='ltr'><strong>diuis,</strong></span> <span class='ocrx_word' id='word_1_454' title='bbox 1154 5903 1209 5957; x_wconf 89' lang='lat' dir='ltr'><strong>in</strong></span> <span class='ocrx_word' id='word_1_455' title='bbox 1240 5902 1305 5958; x_wconf 91' lang='lat' dir='ltr'><strong>iis</strong></span> <span class='ocrx_word' id='word_1_456' title='bbox 1356 5910 1559 5965; x_wconf 90' lang='lat' dir='ltr'><strong>autem,</strong></span> <span class='ocrx_word' id='word_1_457' title='bbox 1592 5901 1683 5969; x_wconf 86' lang='lat' dir='ltr'><strong>qui</strong></span> <span class='ocrx_word' id='word_1_458' title='bbox 1714 5907 1958 5955; x_wconf 82' lang='lat' dir='ltr'><strong>extrema</strong></span> <span class='ocrx_word' id='word_1_459' title='bbox 2006 5914 2112 5955; x_wconf 92' lang='lat' dir='ltr'><strong>non</strong></span> <span class='ocrx_word' id='word_1_460' title='bbox 2172 5899 2365 5954; x_wconf 86' lang='lat' dir='ltr'><strong>admit-</strong></span> 
     </span>
    </p>
   </div>
   <div class='ocr_carea' id='block_1_65' title="bbox 2455 1005 4032 1082">
    <p class='ocr_par' dir='ltr' id='par_1_65' title="bbox 2455 1005 4032 1082">
     <span class='ocr_line' id='line_1_65' title="bbox 2455 1005 4032 1082; baseline 0.006 -24"><span class='ocrx_word' id='word_1_461' title='bbox 2455 1005 2673 1061; x_wconf 82' lang='grc' dir='ltr'><strong>ΑΡΙΣΤ.</strong></span> <span class='ocrx_word' id='word_1_462' title='bbox 2723 1023 2741 1056; x_wconf 78' lang='grc' dir='ltr'><strong>ι</strong></span> <span class='ocrx_word' id='word_1_463' title='bbox 2791 1008 2901 1069; x_wconf 87' lang='grc' dir='ltr'><strong>Τὰς</strong></span> <span class='ocrx_word' id='word_1_464' title='bbox 2949 1007 3206 1075; x_wconf 78' lang='grc' dir='ltr'><strong>παλάμας</strong></span> <span class='ocrx_word' id='word_1_465' title='bbox 3238 1009 3319 1070; x_wconf 90' lang='grc' dir='ltr'><strong>εἰς</strong></span> <span class='ocrx_word' id='word_1_466' title='bbox 3354 1011 3587 1080; x_wconf 71' lang='grc' dir='ltr'>σταυρὸν</span> <span class='ocrx_word' id='word_1_467' title='bbox 3615 1015 3785 1065; x_wconf 81' lang='grc' dir='ltr'>τυποῖ</span> <span class='ocrx_word' id='word_1_468' title='bbox 3816 1015 3844 1065; x_wconf 85' lang='grc' dir='ltr'>ὁ</span> <span class='ocrx_word' id='word_1_469' title='bbox 3867 1032 4032 1082; x_wconf 84' lang='grc' dir='ltr'>μετα·</span> 
     </span>
    </p>
   </div>
   <div class='ocr_carea' id='block_1_66' title="bbox 2532 1098 4033 1175">
    <p class='ocr_par' dir='ltr' id='par_1_66' title="bbox 2532 1098 4033 1175">
     <span class='ocr_line' id='line_1_66' title="bbox 2532 1098 4033 1175; baseline 0.006 -25"><span class='ocrx_word' id='word_1_470' title='bbox 2532 1119 2550 1150; x_wconf 79' lang='grc' dir='ltr'><strong>ι</strong></span> <span class='ocrx_word' id='word_1_471' title='bbox 2606 1098 2933 1169; x_wconf 76' lang='grc' dir='ltr'><strong>ληψόμενος,</strong></span> <span class='ocrx_word' id='word_1_472' title='bbox 2982 1101 3077 1152; x_wconf 78' lang='grc' dir='ltr'>καὶ</span> <span class='ocrx_word' id='word_1_473' title='bbox 3128 1100 3421 1169; x_wconf 76' lang='grc' dir='ltr'>λαμϐάνων</span> <span class='ocrx_word' id='word_1_474' title='bbox 3473 1102 3551 1171; x_wconf 82' lang='grc' dir='ltr'>τῷ</span> <span class='ocrx_word' id='word_1_475' title='bbox 3602 1108 3873 1175; x_wconf 80' lang='grc' dir='ltr'>στόματι·</span> <span class='ocrx_word' id='word_1_476' title='bbox 3916 1109 3945 1158; x_wconf 82' lang='grc' dir='ltr'><strong>ὀ</strong></span> <span class='ocrx_word' id='word_1_477' title='bbox 3976 1109 4033 1159; x_wconf 78' lang='grc' dir='ltr'><strong>δὲ</strong></span> 
     </span>
    </p>
   </div>
   <div class='ocr_carea' id='block_1_67' title="bbox 2532 1193 4033 1269">
    <p class='ocr_par' dir='ltr' id='par_1_67' title="bbox 2532 1193 4033 1269">
     <span class='ocr_line' id='line_1_67' title="bbox 2532 1193 4033 1269; baseline 0.004 -25"><span class='ocrx_word' id='word_1_478' title='bbox 2532 1209 2552 1244; x_wconf 74' lang='grc' dir='ltr'><strong>ι</strong></span> <span class='ocrx_word' id='word_1_479' title='bbox 2598 1193 2803 1262; x_wconf 81' lang='grc' dir='ltr'>δοχείον</span> <span class='ocrx_word' id='word_1_480' title='bbox 2837 1197 3076 1262; x_wconf 78' lang='grc' dir='ltr'>χρυσοῦν</span> <span class='ocrx_word' id='word_1_481' title='bbox 3117 1193 3147 1264; x_wconf 81' lang='grc' dir='ltr'>ἢ</span> <span class='ocrx_word' id='word_1_482' title='bbox 3198 1194 3257 1258; x_wconf 73' lang='grc' dir='ltr'><strong>ἐξ</strong></span> <span class='ocrx_word' id='word_1_483' title='bbox 3304 1195 3473 1263; x_wconf 81' lang='grc' dir='ltr'><strong>ἄλλης</strong></span> <span class='ocrx_word' id='word_1_484' title='bbox 3509 1196 3643 1266; x_wconf 84' lang='grc' dir='ltr'>ῦλης</span> <span class='ocrx_word' id='word_1_485' title='bbox 3690 1199 3818 1249; x_wconf 70' lang='grc' dir='ltr'>ἀντὶ</span> <span class='ocrx_word' id='word_1_486' title='bbox 3854 1201 4033 1269; x_wconf 68' lang='grc' dir='ltr'>χειρὸς</span> 
     </span>
    </p>
   </div>
   <div class='ocr_carea' id='block_1_68' title="bbox 2534 1285 3377 1355">
    <p class='ocr_par' dir='ltr' id='par_1_68' title="bbox 2534 1285 3377 1355">
     <span class='ocr_line' id='line_1_68' title="bbox 2534 1285 3377 1355; baseline 0 -19"><span class='ocrx_word' id='word_1_487' title='bbox 2534 1303 2552 1336; x_wconf 75' lang='grc' dir='ltr'><strong>ι</strong></span> <span class='ocrx_word' id='word_1_488' title='bbox 2603 1285 2885 1350; x_wconf 79' lang='grc' dir='ltr'>σκευάζων</span> <span class='ocrx_word' id='word_1_489' title='bbox 2912 1286 3261 1355; x_wconf 76' lang='grc' dir='ltr'>ἁφοριστέος.</span> <span class='ocrx_word' id='word_1_490' title='bbox 3301 1304 3317 1335; x_wconf 80' lang='grc' dir='ltr'><strong>ι</strong></span> <span class='ocrx_word' id='word_1_491' title='bbox 3370 1312 3377 1317; x_wconf 88' lang='grc'><strong>-</strong></span> 
     </span>
    </p>
   </div>
   <div class='ocr_carea' id='block_1_69' title="bbox 2532 1466 4035 1536">
    <p class='ocr_par' dir='ltr' id='par_1_69' title="bbox 2532 1466 4035 1536">
     <span class='ocr_line' id='line_1_69' title="bbox 2532 1466 4035 1536; baseline 0.003 -17"><span class='ocrx_word' id='word_1_492' title='bbox 2532 1466 2720 1535; x_wconf 88' lang='grc' dir='ltr'>Πάσης</span> <span class='ocrx_word' id='word_1_493' title='bbox 2786 1468 2885 1536; x_wconf 75' lang='grc' dir='ltr'>τῆς</span> <span class='ocrx_word' id='word_1_494' title='bbox 2947 1467 3213 1535; x_wconf 82' lang='grc' dir='ltr'><strong>αἰσθητῆς</strong></span> <span class='ocrx_word' id='word_1_495' title='bbox 3260 1469 3492 1531; x_wconf 81' lang='grc' dir='ltr'>κτίσεως</span> <span class='ocrx_word' id='word_1_496' title='bbox 3543 1472 3806 1524; x_wconf 81' lang='grc' dir='ltr'><strong>ἐπέκεινα</strong></span> <span class='ocrx_word' id='word_1_497' title='bbox 3837 1474 3865 1525; x_wconf 86' lang='grc' dir='ltr'><strong>ὁ</strong></span> <span class='ocrx_word' id='word_1_498' title='bbox 3894 1474 4035 1524; x_wconf 76' lang='grc' dir='ltr'>κατᾶ</span> 
     </span>
    </p>
   </div>
   <div class='ocr_carea' id='block_1_70' title="bbox 2460 1560 4033 1635">
    <p class='ocr_par' dir='ltr' id='par_1_70' title="bbox 2460 1560 4033 1635">
     <span class='ocr_line' id='line_1_70' title="bbox 2460 1560 4033 1635; baseline 0.003 -21"><span class='ocrx_word' id='word_1_499' title='bbox 2460 1560 2645 1614; x_wconf 83' lang='grc' dir='ltr'>εἰκόνα</span> <span class='ocrx_word' id='word_1_500' title='bbox 2676 1560 2811 1613; x_wconf 83' lang='grc' dir='ltr'>Θεοῦ</span> <span class='ocrx_word' id='word_1_501' title='bbox 2835 1562 3080 1623; x_wconf 74' lang='grc' dir='ltr'>κτισθείς</span> <span class='ocrx_word' id='word_1_502' title='bbox 3115 1561 3402 1632; x_wconf 78' lang='grc' dir='ltr'>ἄνθρωπος</span> <span class='ocrx_word' id='word_1_503' title='bbox 3435 1566 3529 1616; x_wconf 81' lang='grc' dir='ltr'><strong>καὶ</strong></span> <span class='ocrx_word' id='word_1_504' title='bbox 3592 1564 3751 1633; x_wconf 83' lang='grc' dir='ltr'>σῶμα</span> <span class='ocrx_word' id='word_1_505' title='bbox 3789 1566 4033 1635; x_wconf 80' lang='grc' dir='ltr'>Χριστοῦ</span> 
     </span>
    </p>
   </div>
   <div class='ocr_carea' id='block_1_71' title="bbox 2460 1654 4035 1727">
    <p class='ocr_par' dir='ltr' id='par_1_71' title="bbox 2460 1654 4035 1727">
     <span class='ocr_line' id='line_1_71' title="bbox 2460 1654 4035 1727; baseline 0 -19"><span class='ocrx_word' id='word_1_506' title='bbox 2460 1658 2553 1708; x_wconf 73' lang='grc' dir='ltr'><strong>καὶ</strong></span> <span class='ocrx_word' id='word_1_507' title='bbox 2593 1657 2716 1719; x_wconf 78' lang='grc' dir='ltr'>ναός</span> <span class='ocrx_word' id='word_1_508' title='bbox 2749 1657 2865 1707; x_wconf 76' lang='grc' dir='ltr'>ἐστι</span> <span class='ocrx_word' id='word_1_509' title='bbox 2897 1654 3037 1705; x_wconf 77' lang='grc' dir='ltr'>κατὰ</span> <span class='ocrx_word' id='word_1_510' title='bbox 3063 1655 3153 1706; x_wconf 78' lang='grc' dir='ltr'>τὸν</span> <span class='ocrx_word' id='word_1_511' title='bbox 3191 1654 3529 1707; x_wconf 82' lang='grc' dir='ltr'>Ἀπόστολον.</span> <span class='ocrx_word' id='word_1_512' title='bbox 3564 1657 3632 1708; x_wconf 81' lang='grc' dir='ltr'><strong><em>Εἴ</em></strong></span> <span class='ocrx_word' id='word_1_513' title='bbox 3658 1674 3741 1719; x_wconf 84' lang='grc' dir='ltr'><strong>τις</strong></span> <span class='ocrx_word' id='word_1_514' title='bbox 3781 1658 3912 1723; x_wconf 80' lang='grc' dir='ltr'>γοῦν</span> <span class='ocrx_word' id='word_1_515' title='bbox 3936 1661 4035 1727; x_wconf 79' lang='grc' dir='ltr'>τῆς</span> 
     </span>
    </p>
   </div>
   <div class='ocr_carea' id='block_1_72' title="bbox 2461 1746 4037 1820">
    <p class='ocr_par' dir='ltr' id='par_1_72' title="bbox 2461 1746 4037 1820">
     <span class='ocr_line' id='line_1_72' title="bbox 2461 1746 4037 1820; baseline -0.001 -18"><span class='ocrx_word' id='word_1_516' title='bbox 2461 1749 2610 1806; x_wconf 80' lang='grc' dir='ltr'>Θείας</span> <span class='ocrx_word' id='word_1_517' title='bbox 2651 1748 2939 1809; x_wconf 79' lang='grc' dir='ltr'>κοινωνίας</span> <span class='ocrx_word' id='word_1_518' title='bbox 2971 1748 3263 1816; x_wconf 84' lang='grc' dir='ltr'>μετασχεῖν</span> <span class='ocrx_word' id='word_1_519' title='bbox 3289 1746 3604 1817; x_wconf 78' lang='grc' dir='ltr'>βουληθείη,</span> <span class='ocrx_word' id='word_1_520' title='bbox 3646 1753 3744 1801; x_wconf 79' lang='grc' dir='ltr'>καὶ</span> <span class='ocrx_word' id='word_1_521' title='bbox 3792 1751 3851 1800; x_wconf 78' lang='grc' dir='ltr'>οὐ</span> <span class='ocrx_word' id='word_1_522' title='bbox 3895 1750 4037 1820; x_wconf 75' lang='grc' dir='ltr'>λάεη</span> 
     </span>
    </p>
   </div>
   <div class='ocr_carea' id='block_1_73' title="bbox 2391 1838 4039 1924">
    <p class='ocr_par' dir='ltr' id='par_1_73' title="bbox 2391 1838 4039 1924">
     <span class='ocr_line' id='line_1_73' title="bbox 2391 1838 4039 1924; baseline 0.002 -33"><span class='ocrx_word' id='word_1_523' title='bbox 2391 1870 2430 1924; x_wconf 77' lang='grc' dir='ltr'><strong><em>Β</em></strong></span> <span class='ocrx_word' id='word_1_524' title='bbox 2460 1840 2632 1909; x_wconf 81' lang='grc' dir='ltr'>αὐτὴν</span> <span class='ocrx_word' id='word_1_525' title='bbox 2666 1838 2743 1911; x_wconf 79' lang='grc' dir='ltr'>τῷ</span> <span class='ocrx_word' id='word_1_526' title='bbox 2784 1840 3038 1907; x_wconf 87' lang='grc' dir='ltr'>στόματι,</span> <span class='ocrx_word' id='word_1_527' title='bbox 3075 1838 3149 1897; x_wconf 85' lang='grc' dir='ltr'><strong>ὡς</strong></span> <span class='ocrx_word' id='word_1_528' title='bbox 3173 1840 3231 1891; x_wconf 81' lang='grc' dir='ltr'>ὲν</span> <span class='ocrx_word' id='word_1_529' title='bbox 3262 1839 3420 1909; x_wconf 82' lang='grc' dir='ltr'><strong>τύπῳ</strong></span> <span class='ocrx_word' id='word_1_530' title='bbox 3477 1841 3712 1909; x_wconf 84' lang='grc' dir='ltr'>σταυροῦ</span> <span class='ocrx_word' id='word_1_531' title='bbox 3768 1844 4039 1911; x_wconf 78' lang='grc' dir='ltr'>σχηματί-</span> 
     </span>
    </p>
   </div>
   <div class='ocr_carea' id='block_1_74' title="bbox 2467 1929 4038 2003">
    <p class='ocr_par' dir='ltr' id='par_1_74' title="bbox 2467 1929 4038 2003">
     <span class='ocr_line' id='line_1_74' title="bbox 2467 1929 4038 2003; baseline 0.002 -20"><span class='ocrx_word' id='word_1_532' title='bbox 2467 1949 2564 1992; x_wconf 89' lang='grc' dir='ltr'>σας</span> <span class='ocrx_word' id='word_1_533' title='bbox 2605 1931 2705 1992; x_wconf 79' lang='grc' dir='ltr'><strong>τὰς</strong></span> <span class='ocrx_word' id='word_1_534' title='bbox 2735 1934 2925 1999; x_wconf 82' lang='grc' dir='ltr'>χεῖρας</span> <span class='ocrx_word' id='word_1_535' title='bbox 2966 1929 3153 1993; x_wconf 85' lang='grc' dir='ltr'>αὐτοῦ,</span> <span class='ocrx_word' id='word_1_536' title='bbox 3197 1931 3332 1983; x_wconf 84' lang='grc' dir='ltr'><strong>ἀλλὰ</strong></span> <span class='ocrx_word' id='word_1_537' title='bbox 3382 1932 3586 2000; x_wconf 82' lang='grc' dir='ltr'>δοχεῖόν</span> <span class='ocrx_word' id='word_1_538' title='bbox 3616 1949 3667 1985; x_wconf 86' lang='grc' dir='ltr'><strong>τι</strong></span> <span class='ocrx_word' id='word_1_539' title='bbox 3701 1933 3968 2003; x_wconf 81' lang='grc' dir='ltr'><strong>χρυσοῦν,</strong></span> <span class='ocrx_word' id='word_1_540' title='bbox 4002 1934 4038 2002; x_wconf 81' lang='grc' dir='ltr'>ἢ</span> 
     </span>
    </p>
   </div>
   <div class='ocr_carea' id='block_1_75' title="bbox 2444 2023 4038 2106">
    <p class='ocr_par' dir='ltr' id='par_1_75' title="bbox 2444 2023 4038 2106">
     <span class='ocr_line' id='line_1_75' title="bbox 2444 2023 4038 2106; baseline 0.001 -29"><span class='ocrx_word' id='word_1_541' title='bbox 2444 2024 2523 2106; x_wconf 52' lang='lat'><strong>55</strong></span> <span class='ocrx_word' id='word_1_542' title='bbox 2560 2026 2725 2092; x_wconf 81' lang='grc' dir='ltr'>ἄλλης</span> <span class='ocrx_word' id='word_1_543' title='bbox 2753 2023 2885 2091; x_wconf 83' lang='grc' dir='ltr'>ῦλης</span> <span class='ocrx_word' id='word_1_544' title='bbox 2914 2024 3318 2077; x_wconf 81' lang='grc' dir='ltr'>κατασκευάσει</span> <span class='ocrx_word' id='word_1_545' title='bbox 3361 2028 3481 2078; x_wconf 78' lang='grc' dir='ltr'>ἀντὶ</span> <span class='ocrx_word' id='word_1_546' title='bbox 3526 2027 3727 2094; x_wconf 77' lang='grc' dir='ltr'>χειρὸς,</span> <span class='ocrx_word' id='word_1_547' title='bbox 3772 2025 3919 2077; x_wconf 81' lang='grc' dir='ltr'>ὥστε</span> <span class='ocrx_word' id='word_1_548' title='bbox 3970 2026 4038 2078; x_wconf 76' lang='grc' dir='ltr'><strong>δι’</strong></span> 
     </span>
    </p>
   </div>
   <div class='ocr_carea' id='block_1_76' title="bbox 2450 2111 4039 2187">
    <p class='ocr_par' dir='ltr' id='par_1_76' title="bbox 2450 2111 4039 2187">
     <span class='ocr_line' id='line_1_76' title="bbox 2450 2111 4039 2187; baseline 0 -17"><span class='ocrx_word' id='word_1_549' title='bbox 2450 2111 2629 2170; x_wconf 61' lang='lat' dir='ltr'><strong>aeros</strong></span> <span class='ocrx_word' id='word_1_550' title='bbox 2656 2117 2716 2169; x_wconf 76' lang='grc' dir='ltr'><strong>τὸ</strong></span> <span class='ocrx_word' id='word_1_551' title='bbox 2743 2118 2888 2169; x_wconf 78' lang='grc' dir='ltr'>θεῖον</span> <span class='ocrx_word' id='word_1_552' title='bbox 2913 2116 3171 2181; x_wconf 82' lang='grc' dir='ltr'>δέξασθαι</span> <span class='ocrx_word' id='word_1_553' title='bbox 3204 2118 3399 2187; x_wconf 84' lang='grc' dir='ltr'>δῶρον,</span> <span class='ocrx_word' id='word_1_554' title='bbox 3430 2120 3521 2170; x_wconf 83' lang='grc' dir='ltr'><strong>καὶ</strong></span> <span class='ocrx_word' id='word_1_555' title='bbox 3547 2120 3646 2186; x_wconf 80' lang='grc' dir='ltr'><strong>τῆς</strong></span> <span class='ocrx_word' id='word_1_556' title='bbox 3674 2119 4039 2186; x_wconf 67' lang='grc' dir='ltr'>μεταλήψεως</span> 
     </span>
    </p>
   </div>
   <div class='ocr_carea' id='block_1_77' title="bbox 2463 2208 4041 2281">
    <p class='ocr_par' dir='ltr' id='par_1_77' title="bbox 2463 2208 4041 2281">
     <span class='ocr_line' id='line_1_77' title="bbox 2463 2208 4041 2281; baseline 0 -19"><span class='ocrx_word' id='word_1_557' title='bbox 2463 2209 2671 2279; x_wconf 81' lang='grc' dir='ltr'>ταύτης</span> <span class='ocrx_word' id='word_1_558' title='bbox 2721 2208 3025 2279; x_wconf 79' lang='grc' dir='ltr'>ἀξιωθῆναι</span> <span class='ocrx_word' id='word_1_559' title='bbox 3056 2225 3070 2239; x_wconf 74' lang='grc'><strong>⁸</strong></span> <span class='ocrx_word' id='word_1_560' title='bbox 3124 2210 3557 2281; x_wconf 77' lang='grc' dir='ltr'>ἀφορισθήσεται</span> <span class='ocrx_word' id='word_1_561' title='bbox 3611 2212 3781 2273; x_wconf 72' lang='grc' dir='ltr'>αὐτὸς</span> <span class='ocrx_word' id='word_1_562' title='bbox 3869 2213 3971 2261; x_wconf 74' lang='grc' dir='ltr'>καὶ</span> <span class='ocrx_word' id='word_1_563' title='bbox 4013 2213 4041 2262; x_wconf 85' lang='grc' dir='ltr'>ὁ</span> 
     </span>
    </p>
   </div>
   <div class='ocr_carea' id='block_1_78' title="bbox 2469 2299 4041 2370">
    <p class='ocr_par' dir='ltr' id='par_1_78' title="bbox 2469 2299 4041 2370">
     <span class='ocr_line' id='line_1_78' title="bbox 2469 2299 4041 2370; baseline 0.003 -19"><span class='ocrx_word' id='word_1_564' title='bbox 2469 2299 2810 2369; x_wconf 76' lang='grc' dir='ltr'>μεταδιδοὺς.</span> <span class='ocrx_word' id='word_1_565' title='bbox 2846 2300 2918 2360; x_wconf 83' lang='grc' dir='ltr'>ὡς</span> <span class='ocrx_word' id='word_1_566' title='bbox 2950 2300 3331 2370; x_wconf 82' lang='grc' dir='ltr'>προτιμῶντες</span> <span class='ocrx_word' id='word_1_567' title='bbox 3367 2303 3465 2370; x_wconf 83' lang='grc' dir='ltr'><strong>τῆς</strong></span> <span class='ocrx_word' id='word_1_568' title='bbox 3505 2301 3599 2354; x_wconf 85' lang='grc' dir='ltr'><strong>τοῦ</strong></span> <span class='ocrx_word' id='word_1_569' title='bbox 3629 2302 3765 2355; x_wconf 79' lang='grc' dir='ltr'>Θεοῦ</span> <span class='ocrx_word' id='word_1_570' title='bbox 3821 2303 4041 2364; x_wconf 74' lang='grc' dir='ltr'>εἰκόνος</span> 
     </span>
    </p>
   </div>
   <div class='ocr_carea' id='block_1_79' title="bbox 2463 2392 3457 2464">
    <p class='ocr_par' dir='ltr' id='par_1_79' title="bbox 2463 2392 3457 2464">
     <span class='ocr_line' id='line_1_79' title="bbox 2463 2392 3457 2464; baseline 0 -17"><span class='ocrx_word' id='word_1_571' title='bbox 2463 2394 2562 2464; x_wconf 82' lang='grc' dir='ltr'>τὴν</span> <span class='ocrx_word' id='word_1_572' title='bbox 2598 2392 2805 2463; x_wconf 77' lang='grc' dir='ltr'>ἄψυχον</span> <span class='ocrx_word' id='word_1_573' title='bbox 2834 2392 2963 2464; x_wconf 78' lang='grc' dir='ltr'>ὓλην</span> <span class='ocrx_word' id='word_1_574' title='bbox 3002 2396 3092 2447; x_wconf 81' lang='grc' dir='ltr'>καὶ</span> <span class='ocrx_word' id='word_1_575' title='bbox 3123 2394 3457 2463; x_wconf 84' lang='grc' dir='ltr'>ὑποχείριον.</span> 
     </span>
    </p>
   </div>
   <div class='ocr_carea' id='block_1_80' title="bbox 3059 2524 3467 2578">
    <p class='ocr_par' dir='ltr' id='par_1_80' title="bbox 3059 2524 3467 2578">
     <span class='ocr_line' id='line_1_80' title="bbox 3059 2524 3467 2578; baseline 0 -1"><span class='ocrx_word' id='word_1_576' title='bbox 3059 2525 3299 2578; x_wconf 77' lang='grc' dir='ltr'><strong>ΚΑΝΩΝ</strong></span> <span class='ocrx_word' id='word_1_577' title='bbox 3353 2524 3467 2578; x_wconf 86' lang='grc' dir='ltr'><strong>ΡΒ’.</strong></span> 
     </span>
    </p>
   </div>
   <div class='ocr_carea' id='block_1_81' title="bbox 2472 2662 4045 2733">
    <p class='ocr_par' dir='ltr' id='par_1_81' title="bbox 2472 2662 4045 2733">
     <span class='ocr_line' id='line_1_81' title="bbox 2472 2662 4045 2733; baseline 0.001 -17"><span class='ocrx_word' id='word_1_578' title='bbox 2472 2684 2489 2716; x_wconf 80' lang='grc' dir='ltr'><strong>ι</strong></span> <span class='ocrx_word' id='word_1_579' title='bbox 2539 2666 2625 2715; x_wconf 85' lang='grc' dir='ltr'>Δεῖ</span> <span class='ocrx_word' id='word_1_580' title='bbox 2654 2662 2712 2715; x_wconf 82' lang='grc' dir='ltr'><strong>δὲ</strong></span> <span class='ocrx_word' id='word_1_581' title='bbox 2745 2663 2871 2724; x_wconf 77' lang='grc' dir='ltr'>τοὺς</span> <span class='ocrx_word' id='word_1_582' title='bbox 2901 2662 3152 2727; x_wconf 76' lang='grc' dir='ltr'>ἐξουσίαν</span> <span class='ocrx_word' id='word_1_583' title='bbox 3183 2662 3331 2714; x_wconf 82' lang='grc' dir='ltr'>λύειν</span> <span class='ocrx_word' id='word_1_584' title='bbox 3358 2666 3450 2715; x_wconf 75' lang='grc' dir='ltr'>καὶ</span> <span class='ocrx_word' id='word_1_585' title='bbox 3478 2662 3696 2732; x_wconf 84' lang='grc' dir='ltr'>δεσμεῖν</span> <span class='ocrx_word' id='word_1_586' title='bbox 3718 2670 3875 2733; x_wconf 72' lang='grc' dir='ltr'>παρὰ</span> <span class='ocrx_word' id='word_1_587' title='bbox 3903 2666 4045 2718; x_wconf 81' lang='grc' dir='ltr'>Θεοῦ</span> 
     </span>
    </p>
   </div>
   <div class='ocr_carea' id='block_1_82' title="bbox 2494 2754 4047 2826">
    <p class='ocr_par' dir='ltr' id='par_1_82' title="bbox 2494 2754 4047 2826">
     <span class='ocr_line' id='line_1_82' title="bbox 2494 2754 4047 2826; baseline 0.002 -20"><span class='ocrx_word' id='word_1_588' title='bbox 2494 2758 2500 2766; x_wconf 91' lang='grc'><strong><em>“</em></strong></span> <span class='ocrx_word' id='word_1_589' title='bbox 2544 2776 2560 2806; x_wconf 73' lang='grc' dir='ltr'><strong>ι</strong></span> <span class='ocrx_word' id='word_1_590' title='bbox 2607 2755 2868 2817; x_wconf 79' lang='grc' dir='ltr'>λαϐόντας</span> <span class='ocrx_word' id='word_1_591' title='bbox 2909 2756 3131 2806; x_wconf 80' lang='grc' dir='ltr'>σκοπεῖν</span> <span class='ocrx_word' id='word_1_592' title='bbox 3175 2754 3276 2824; x_wconf 83' lang='grc' dir='ltr'>τὴν</span> <span class='ocrx_word' id='word_1_593' title='bbox 3304 2755 3404 2821; x_wconf 83' lang='grc' dir='ltr'><strong>τῆς</strong></span> <span class='ocrx_word' id='word_1_594' title='bbox 3448 2755 3722 2822; x_wconf 83' lang='grc' dir='ltr'>ἁμαρτίας</span> <span class='ocrx_word' id='word_1_595' title='bbox 3770 2758 4047 2826; x_wconf 78' lang='grc' dir='ltr'>ποιότητα</span> 
     </span>
    </p>
   </div>
   <div class='ocr_carea' id='block_1_83' title="bbox 2542 2842 4046 2921">
    <p class='ocr_par' dir='ltr' id='par_1_83' title="bbox 2542 2842 4046 2921">
     <span class='ocr_line' id='line_1_83' title="bbox 2542 2842 4046 2921; baseline 0.002 -21"><span class='ocrx_word' id='word_1_596' title='bbox 2542 2868 2559 2900; x_wconf 77' lang='grc' dir='ltr'><strong>ί</strong></span> <span class='ocrx_word' id='word_1_597' title='bbox 2606 2849 2701 2901; x_wconf 75' lang='grc' dir='ltr'><strong>καὶ</strong></span> <span class='ocrx_word' id='word_1_598' title='bbox 2754 2849 2852 2919; x_wconf 73' lang='grc' dir='ltr'>τὴν</span> <span class='ocrx_word' id='word_1_599' title='bbox 2902 2847 2996 2901; x_wconf 87' lang='grc' dir='ltr'><strong>τοῦ</strong></span> <span class='ocrx_word' id='word_1_600' title='bbox 3057 2842 3443 2917; x_wconf 67' lang='grc' dir='ltr'>ἡμαρτηκότος</span> <span class='ocrx_word' id='word_1_601' title='bbox 3499 2848 3635 2918; x_wconf 82' lang='grc' dir='ltr'>πρὸς</span> <span class='ocrx_word' id='word_1_602' title='bbox 3694 2852 4046 2921; x_wconf 62' lang='grc' dir='ltr'>ἐπιστροφὴν</span> 
     </span>
    </p>
   </div>
   <div class='ocr_carea' id='block_1_84' title="bbox 2542 2940 4046 3015">
    <p class='ocr_par' dir='ltr' id='par_1_84' title="bbox 2542 2940 4046 3015">
     <span class='ocr_line' id='line_1_84' title="bbox 2542 2940 4046 3015; baseline 0.004 -24"><span class='ocrx_word' id='word_1_603' title='bbox 2542 2963 2560 2991; x_wconf 73' lang='grc' dir='ltr'><strong>ι</strong></span> <span class='ocrx_word' id='word_1_604' title='bbox 2605 2943 2965 3011; x_wconf 78' lang='grc' dir='ltr'>ἑτοιμότητα.</span> <span class='ocrx_word' id='word_1_605' title='bbox 3020 2944 3116 2994; x_wconf 72' lang='grc' dir='ltr'>καὶ</span> <span class='ocrx_word' id='word_1_606' title='bbox 3147 2940 3290 2994; x_wconf 82' lang='grc' dir='ltr'>οὓτω</span> <span class='ocrx_word' id='word_1_607' title='bbox 3338 2941 3677 3010; x_wconf 83' lang='grc' dir='ltr'>κατάλληλον</span> <span class='ocrx_word' id='word_1_608' title='bbox 3724 2946 3825 3015; x_wconf 74' lang='grc' dir='ltr'><strong>τὴν</strong></span> <span class='ocrx_word' id='word_1_609' title='bbox 3875 2945 4046 3015; x_wconf 83' lang='grc' dir='ltr'>θερα-</span> 
     </span>
    </p>
   </div>
   <div class='ocr_carea' id='block_1_85' title="bbox 2542 3034 4045 3105">
    <p class='ocr_par' dir='ltr' id='par_1_85' title="bbox 2542 3034 4045 3105">
     <span class='ocr_line' id='line_1_85' title="bbox 2542 3034 4045 3105; baseline -0.001 -16"><span class='ocrx_word' id='word_1_610' title='bbox 2542 3057 2559 3089; x_wconf 81' lang='grc'>‹</span> <span class='ocrx_word' id='word_1_611' title='bbox 2593 3036 2768 3089; x_wconf 75' lang='grc' dir='ltr'>’πείαν</span> <span class='ocrx_word' id='word_1_612' title='bbox 2816 3035 3116 3105; x_wconf 78' lang='grc' dir='ltr'>προσάγειν</span> <span class='ocrx_word' id='word_1_613' title='bbox 3146 3034 3225 3102; x_wconf 85' lang='grc' dir='ltr'><strong>τῷ</strong></span> <span class='ocrx_word' id='word_1_614' title='bbox 3260 3034 3677 3105; x_wconf 81' lang='grc' dir='ltr'>ἀρῤωστήματι,</span> <span class='ocrx_word' id='word_1_615' title='bbox 3712 3035 3801 3087; x_wconf 81' lang='grc' dir='ltr'><strong>ἵνα</strong></span> <span class='ocrx_word' id='word_1_616' title='bbox 3836 3036 3943 3104; x_wconf 65' lang='grc' dir='ltr'><strong>μὴ’</strong></span> <span class='ocrx_word' id='word_1_617' title='bbox 3978 3041 4045 3105; x_wconf 75' lang='grc' dir='ltr'>τῇ</span> 
     </span>
    </p>
   </div>
   <div class='ocr_carea' id='block_1_86' title="bbox 2541 3126 4047 3200">
    <p class='ocr_par' dir='ltr' id='par_1_86' title="bbox 2541 3126 4047 3200">
     <span class='ocr_line' id='line_1_86' title="bbox 2541 3126 4047 3200; baseline 0.001 -20"><span class='ocrx_word' id='word_1_618' title='bbox 2541 3149 2558 3180; x_wconf 79' lang='grc' dir='ltr'><strong>ι</strong></span> <span class='ocrx_word' id='word_1_619' title='bbox 2607 3127 2844 3200; x_wconf 65' lang='grc' dir='ltr'>ἀμετρίᾳ</span> <span class='ocrx_word' id='word_1_620' title='bbox 2892 3127 3012 3181; x_wconf 82' lang='grc' dir='ltr'>καθ’</span> <span class='ocrx_word' id='word_1_621' title='bbox 3043 3126 3303 3195; x_wconf 78' lang='grc' dir='ltr'>ἑκάτερον</span> <span class='ocrx_word' id='word_1_622' title='bbox 3353 3126 3659 3196; x_wconf 85' lang='grc' dir='ltr'>χρώμενος,</span> <span class='ocrx_word' id='word_1_623' title='bbox 3690 3129 4047 3198; x_wconf 74' lang='grc' dir='ltr'>ἀποσφαλεξη</span> 
     </span>
    </p>
   </div>
   <div class='ocr_carea' id='block_1_87' title="bbox 2541 3218 4048 3292">
    <p class='ocr_par' dir='ltr' id='par_1_87' title="bbox 2541 3218 4048 3292">
     <span class='ocr_line' id='line_1_87' title="bbox 2541 3218 4048 3292; baseline -0.001 -17"><span class='ocrx_word' id='word_1_624' title='bbox 2541 3241 2559 3274; x_wconf 80' lang='lat' dir='ltr'><strong>t</strong></span> <span class='ocrx_word' id='word_1_625' title='bbox 2606 3222 2739 3292; x_wconf 84' lang='grc' dir='ltr'>πρὸς</span> <span class='ocrx_word' id='word_1_626' title='bbox 2782 3223 2879 3289; x_wconf 75' lang='grc' dir='ltr'>τὴν</span> <span class='ocrx_word' id='word_1_627' title='bbox 2933 3219 3207 3290; x_wconf 83' lang='grc' dir='ltr'>σωτηρίαν</span> <span class='ocrx_word' id='word_1_628' title='bbox 3265 3218 3359 3271; x_wconf 82' lang='grc' dir='ltr'><strong>τοῦ</strong></span> <span class='ocrx_word' id='word_1_629' title='bbox 3411 3221 3728 3288; x_wconf 81' lang='grc' dir='ltr'>κάμνοντος.</span> <span class='ocrx_word' id='word_1_630' title='bbox 3784 3222 3861 3273; x_wconf 79' lang='grc' dir='ltr'><strong>Οὐ</strong></span> <span class='ocrx_word' id='word_1_631' title='bbox 3936 3224 4048 3291; x_wconf 72' lang='grc' dir='ltr'><strong>γὰρ</strong></span> 
     </span>
    </p>
   </div>
   <div class='ocr_carea' id='block_1_88' title="bbox 2542 3312 4048 3383">
    <p class='ocr_par' dir='ltr' id='par_1_88' title="bbox 2542 3312 4048 3383">
     <span class='ocr_line' id='line_1_88' title="bbox 2542 3312 4048 3383; baseline 0 -16"><span class='ocrx_word' id='word_1_632' title='bbox 2542 3337 2559 3367; x_wconf 71' lang='grc' dir='ltr'><strong>ι</strong></span> <span class='ocrx_word' id='word_1_633' title='bbox 2606 3316 2749 3383; x_wconf 86' lang='grc' dir='ltr'>ἁπλῆ</span> <span class='ocrx_word' id='word_1_634' title='bbox 2783 3313 2881 3382; x_wconf 82' lang='grc' dir='ltr'>τῆς</span> <span class='ocrx_word' id='word_1_635' title='bbox 2913 3312 3189 3381; x_wconf 86' lang='grc' dir='ltr'>ἁμαρτίας</span> <span class='ocrx_word' id='word_1_636' title='bbox 3219 3312 3251 3377; x_wconf 86' lang='grc' dir='ltr'>ἡ</span> <span class='ocrx_word' id='word_1_637' title='bbox 3288 3312 3465 3375; x_wconf 81' lang='grc' dir='ltr'>νόσος,</span> <span class='ocrx_word' id='word_1_638' title='bbox 3495 3312 3631 3365; x_wconf 79' lang='grc' dir='ltr'><strong>ἀλλὰ</strong></span> <span class='ocrx_word' id='word_1_639' title='bbox 3665 3314 3889 3382; x_wconf 76' lang='grc' dir='ltr'>ποικίλη</span> <span class='ocrx_word' id='word_1_640' title='bbox 3954 3319 4048 3369; x_wconf 83' lang='grc' dir='ltr'><strong>καὶ</strong></span> 
     </span>
    </p>
   </div>
   <div class='ocr_carea' id='block_1_89' title="bbox 2543 3402 4045 3475">
    <p class='ocr_par' dir='ltr' id='par_1_89' title="bbox 2543 3402 4045 3475">
     <span class='ocr_line' id='line_1_89' title="bbox 2543 3402 4045 3475; baseline -0.009 -15"><span class='ocrx_word' id='word_1_641' title='bbox 2543 3428 2560 3460; x_wconf 80' lang='grc' dir='ltr'><strong>ι</strong></span> <span class='ocrx_word' id='word_1_642' title='bbox 2607 3406 2891 3475; x_wconf 78' lang='grc' dir='ltr'>πολυειδὴς</span> <span class='ocrx_word' id='word_1_643' title='bbox 2912 3446 2926 3467; x_wconf 89' lang='grc'><strong>,</strong></span> <span class='ocrx_word' id='word_1_644' title='bbox 2961 3404 3055 3455; x_wconf 78' lang='grc' dir='ltr'><strong>καὶ</strong></span> <span class='ocrx_word' id='word_1_645' title='bbox 3089 3402 3287 3464; x_wconf 80' lang='grc' dir='ltr'>πολλὰς</span> <span class='ocrx_word' id='word_1_646' title='bbox 3320 3404 3417 3471; x_wconf 81' lang='grc' dir='ltr'>τῆς</span> <span class='ocrx_word' id='word_1_647' title='bbox 3452 3404 3653 3473; x_wconf 74' lang='grc' dir='ltr'>βλάϐης</span> <span class='ocrx_word' id='word_1_648' title='bbox 3702 3405 3803 3467; x_wconf 78' lang='grc' dir='ltr'>τὰς</span> <span class='ocrx_word' id='word_1_649' title='bbox 3854 3422 4045 3475; x_wconf 68' lang='grc' dir='ltr'>παρα-</span> 
     </span>
    </p>
   </div>
   <div class='ocr_carea' id='block_1_90' title="bbox 2543 3489 4045 3568">
    <p class='ocr_par' dir='ltr' id='par_1_90' title="bbox 2543 3489 4045 3568">
     <span class='ocr_line' id='line_1_90' title="bbox 2543 3489 4045 3568; baseline -0.002 -15"><span class='ocrx_word' id='word_1_650' title='bbox 2543 3521 2560 3553; x_wconf 78' lang='grc' dir='ltr'><strong>ι</strong></span> <span class='ocrx_word' id='word_1_651' title='bbox 2608 3500 2812 3568; x_wconf 84' lang='grc' dir='ltr'>φυάδας</span> <span class='ocrx_word' id='word_1_652' title='bbox 2843 3496 3236 3567; x_wconf 87' lang='grc' dir='ltr'>βλαστάνουσα,</span> <span class='ocrx_word' id='word_1_653' title='bbox 3265 3495 3323 3559; x_wconf 79' lang='grc' dir='ltr'>ἐξ</span> <span class='ocrx_word' id='word_1_654' title='bbox 3353 3489 3427 3547; x_wconf 81' lang='grc' dir='ltr'><strong>ὧν</strong></span> <span class='ocrx_word' id='word_1_655' title='bbox 3458 3496 3518 3546; x_wconf 77' lang='grc' dir='ltr'>τὸ</span> <span class='ocrx_word' id='word_1_656' title='bbox 3559 3497 3728 3548; x_wconf 76' lang='grc' dir='ltr'>κακὸν</span> <span class='ocrx_word' id='word_1_657' title='bbox 3779 3498 3873 3548; x_wconf 69' lang='grc' dir='ltr'>ἐπὶ</span> <span class='ocrx_word' id='word_1_658' title='bbox 3908 3499 4045 3550; x_wconf 68' lang='grc' dir='ltr'>πολὺ</span> 
     </span>
    </p>
   </div>
   <div class='ocr_carea' id='block_1_91' title="bbox 2544 3588 4043 3663">
    <p class='ocr_par' dir='ltr' id='par_1_91' title="bbox 2544 3588 4043 3663">
     <span class='ocr_line' id='line_1_91' title="bbox 2544 3588 4043 3663; baseline -0.001 -20"><span class='ocrx_word' id='word_1_659' title='bbox 2544 3617 2559 3643; x_wconf 74' lang='grc' dir='ltr'><strong>ι</strong></span> <span class='ocrx_word' id='word_1_660' title='bbox 2606 3594 2870 3663; x_wconf 86' lang='grc' dir='ltr'>διαχεῖται</span> <span class='ocrx_word' id='word_1_661' title='bbox 2906 3589 3001 3643; x_wconf 88' lang='grc' dir='ltr'>καὶ</span> <span class='ocrx_word' id='word_1_662' title='bbox 3032 3588 3221 3654; x_wconf 86' lang='grc' dir='ltr'>πρόσω</span> <span class='ocrx_word' id='word_1_663' title='bbox 3283 3588 3477 3657; x_wconf 86' lang='grc' dir='ltr'>βαίνει,</span> <span class='ocrx_word' id='word_1_664' title='bbox 3514 3588 3707 3657; x_wconf 82' lang='grc' dir='ltr'>μέχρις</span> <span class='ocrx_word' id='word_1_665' title='bbox 3760 3589 3832 3641; x_wconf 84' lang='grc' dir='ltr'>ἂν</span> <span class='ocrx_word' id='word_1_666' title='bbox 3881 3593 4043 3659; x_wconf 76' lang='grc' dir='ltr'>σταίη</span> 
     </span>
    </p>
   </div>
   <div class='ocr_carea' id='block_1_92' title="bbox 2546 3680 4043 3758">
    <p class='ocr_par' dir='ltr' id='par_1_92' title="bbox 2546 3680 4043 3758">
     <span class='ocr_line' id='line_1_92' title="bbox 2546 3680 4043 3758; baseline -0.006 -19"><span class='ocrx_word' id='word_1_667' title='bbox 2546 3709 2561 3739; x_wconf 78' lang='grc' dir='ltr'><strong>ι</strong></span> <span class='ocrx_word' id='word_1_668' title='bbox 2606 3691 2672 3758; x_wconf 76' lang='grc' dir='ltr'>τῇ</span> <span class='ocrx_word' id='word_1_669' title='bbox 2707 3686 2935 3753; x_wconf 83' lang='grc' dir='ltr'>δυνάμει</span> <span class='ocrx_word' id='word_1_670' title='bbox 2980 3682 3074 3736; x_wconf 90' lang='grc' dir='ltr'><strong>τοῦ</strong></span> <span class='ocrx_word' id='word_1_671' title='bbox 3125 3682 3542 3751; x_wconf 75' lang='grc' dir='ltr'>θεραπεύοντος.</span> <span class='ocrx_word' id='word_1_672' title='bbox 3579 3680 3745 3732; x_wconf 82' lang='grc' dir='ltr'>Ὥστε</span> <span class='ocrx_word' id='word_1_673' title='bbox 3798 3681 3896 3733; x_wconf 67' lang='grc' dir='ltr'>τὸν</span> <span class='ocrx_word' id='word_1_674' title='bbox 3950 3682 4043 3750; x_wconf 73' lang='grc' dir='ltr'><strong>τὴν</strong></span> 
     </span>
    </p>
   </div>
   <div class='ocr_carea' id='block_1_93' title="bbox 2546 3773 4047 3848">
    <p class='ocr_par' dir='ltr' id='par_1_93' title="bbox 2546 3773 4047 3848">
     <span class='ocr_line' id='line_1_93' title="bbox 2546 3773 4047 3848; baseline -0.005 -17"><span class='ocrx_word' id='word_1_675' title='bbox 2546 3800 2563 3831; x_wconf 71' lang='grc' dir='ltr'><strong>ι</strong></span> <span class='ocrx_word' id='word_1_676' title='bbox 2614 3778 2861 3848; x_wconf 86' lang='grc' dir='ltr'>ἰατρικὴν</span> <span class='ocrx_word' id='word_1_677' title='bbox 2894 3778 2950 3829; x_wconf 80' lang='grc' dir='ltr'><strong>ὲν</strong></span> <span class='ocrx_word' id='word_1_678' title='bbox 2982 3774 3251 3843; x_wconf 86' lang='grc' dir='ltr'>πνεύματι</span> <span class='ocrx_word' id='word_1_679' title='bbox 3288 3775 3598 3841; x_wconf 83' lang='grc' dir='ltr'>ἐπιστήμην</span> <span class='ocrx_word' id='word_1_680' title='bbox 3653 3773 4047 3841; x_wconf 78' lang='grc' dir='ltr'>ἐπιδεικνύμε-</span> 
     </span>
    </p>
   </div>
   <div class='ocr_carea' id='block_1_94' title="bbox 2549 3864 4043 3938">
    <p class='ocr_par' dir='ltr' id='par_1_94' title="bbox 2549 3864 4043 3938">
     <span class='ocr_line' id='line_1_94' title="bbox 2549 3864 4043 3938; baseline -0.011 -14"><span class='ocrx_word' id='word_1_681' title='bbox 2549 3892 2565 3924; x_wconf 80' lang='grc'><strong>‹</strong></span> <span class='ocrx_word' id='word_1_682' title='bbox 2613 3889 2701 3924; x_wconf 90' lang='grc' dir='ltr'>νον</span> <span class='ocrx_word' id='word_1_683' title='bbox 2747 3871 3012 3938; x_wconf 78' lang='grc' dir='ltr'>πρότερον</span> <span class='ocrx_word' id='word_1_684' title='bbox 3043 3867 3147 3937; x_wconf 85' lang='grc' dir='ltr'><strong>χρὴ</strong></span> <span class='ocrx_word' id='word_1_685' title='bbox 3178 3866 3275 3936; x_wconf 80' lang='grc' dir='ltr'>τὴν</span> <span class='ocrx_word' id='word_1_686' title='bbox 3307 3864 3399 3917; x_wconf 88' lang='grc' dir='ltr'><strong>τοῦ</strong></span> <span class='ocrx_word' id='word_1_687' title='bbox 3441 3866 3836 3935; x_wconf 70' lang='grc' dir='ltr'>ἡμαρτηκότος</span> <span class='ocrx_word' id='word_1_688' title='bbox 3862 3867 4043 3920; x_wconf 66' lang='grc' dir='ltr'><strong>διάθε.</strong></span> 
     </span>
    </p>
   </div>
   <div class='ocr_carea' id='block_1_95' title="bbox 2541 3956 4045 4027">
    <p class='ocr_par' dir='ltr' id='par_1_95' title="bbox 2541 3956 4045 4027">
     <span class='ocr_line' id='line_1_95' title="bbox 2541 3956 4045 4027; baseline -0.009 -10"><span class='ocrx_word' id='word_1_689' title='bbox 2541 3965 2563 4016; x_wconf 71' lang='lat' dir='ltr'><strong>&#39;r</strong></span> <span class='ocrx_word' id='word_1_690' title='bbox 2615 3980 2698 4017; x_wconf 90' lang='grc' dir='ltr'><strong>σιν</strong></span> <span class='ocrx_word' id='word_1_691' title='bbox 2732 3958 3183 4022; x_wconf 77' lang='grc' dir='ltr'>ἐπισκέπτεσθαι,</span> <span class='ocrx_word' id='word_1_692' title='bbox 3246 3958 3340 4009; x_wconf 61' lang='grc' dir='ltr'><strong>καὶ⁹</strong></span> <span class='ocrx_word' id='word_1_693' title='bbox 3373 3958 3483 4011; x_wconf 72' lang='grc' dir='ltr'>εἴτε</span> <span class='ocrx_word' id='word_1_694' title='bbox 3518 3956 3655 4027; x_wconf 74' lang='grc' dir='ltr'>πρὸς</span> <span class='ocrx_word' id='word_1_695' title='bbox 3686 3957 3791 4027; x_wconf 83' lang='grc' dir='ltr'>τὴν</span> <span class='ocrx_word' id='word_1_696' title='bbox 3829 3960 4045 4025; x_wconf 70' lang='grc' dir='ltr'>ὑγίειαν</span> 
     </span>
    </p>
   </div>
   <div class='ocr_carea' id='block_1_96' title="bbox 2547 4050 4045 4125">
    <p class='ocr_par' dir='ltr' id='par_1_96' title="bbox 2547 4050 4045 4125">
     <span class='ocr_line' id='line_1_96' title="bbox 2547 4050 4045 4125; baseline -0.008 -16"><span class='ocrx_word' id='word_1_697' title='bbox 2547 4080 2563 4109; x_wconf 83' lang='grc'><strong>‹</strong></span> <span class='ocrx_word' id='word_1_698' title='bbox 2608 4057 2775 4120; x_wconf 86' lang='grc' dir='ltr'>νεύει,</span> <span class='ocrx_word' id='word_1_699' title='bbox 2809 4055 2841 4125; x_wconf 81' lang='grc' dir='ltr'>ἦ</span> <span class='ocrx_word' id='word_1_700' title='bbox 2881 4052 3190 4107; x_wconf 82' lang='grc' dir='ltr'>τούναντίον</span> <span class='ocrx_word' id='word_1_701' title='bbox 3236 4050 3321 4103; x_wconf 79' lang='grc' dir='ltr'><strong>διὰ</strong></span> <span class='ocrx_word' id='word_1_702' title='bbox 3381 4050 3488 4101; x_wconf 89' lang='grc' dir='ltr'><strong>τῶν</strong></span> <span class='ocrx_word' id='word_1_703' title='bbox 3540 4050 3766 4102; x_wconf 82' lang='grc' dir='ltr'>οἰκείων</span> <span class='ocrx_word' id='word_1_704' title='bbox 3825 4052 4045 4119; x_wconf 76' lang='grc' dir='ltr'>τρόπων</span> 
     </span>
    </p>
   </div>
   <div class='ocr_carea' id='block_1_97' title="bbox 2544 4137 4041 4217">
    <p class='ocr_par' dir='ltr' id='par_1_97' title="bbox 2544 4137 4041 4217">
     <span class='ocr_line' id='line_1_97' title="bbox 2544 4137 4041 4217; baseline -0.015 -14"><span class='ocrx_word' id='word_1_705' title='bbox 2544 4173 2562 4203; x_wconf 86' lang='grc'><strong><em>‹</em></strong></span> <span class='ocrx_word' id='word_1_706' title='bbox 2610 4146 3002 4217; x_wconf 86' lang='grc' dir='ltr'>προσκαλεῖται</span> <span class='ocrx_word' id='word_1_707' title='bbox 3064 4140 3187 4195; x_wconf 83' lang='grc' dir='ltr'>καθ’</span> <span class='ocrx_word' id='word_1_708' title='bbox 3261 4138 3460 4191; x_wconf 78' lang='grc' dir='ltr'>ἑαυτοῦ</span> <span class='ocrx_word' id='word_1_709' title='bbox 3538 4137 3599 4189; x_wconf 78' lang='grc' dir='ltr'><strong>τὸ</strong></span> <span class='ocrx_word' id='word_1_710' title='bbox 3670 4138 4041 4207; x_wconf 64' lang='grc' dir='ltr'>ἁρῤώπημα,</span> 
     </span>
    </p>
   </div>
   <div class='ocr_carea' id='block_1_98' title="bbox 2547 4226 4040 4308">
    <p class='ocr_par' dir='ltr' id='par_1_98' title="bbox 2547 4226 4040 4308">
     <span class='ocr_line' id='line_1_98' title="bbox 2547 4226 4040 4308; baseline -0.007 -17"><span class='ocrx_word' id='word_1_711' title='bbox 2547 4262 2563 4291; x_wconf 73' lang='grc' dir='ltr'><strong>ε</strong></span> <span class='ocrx_word' id='word_1_712' title='bbox 2610 4239 2833 4308; x_wconf 82' lang='grc' dir='ltr'>ὲφορᾷν,</span> <span class='ocrx_word' id='word_1_713' title='bbox 2861 4236 3009 4296; x_wconf 84' lang='grc' dir='ltr'>ὅπως</span> <span class='ocrx_word' id='word_1_714' title='bbox 3040 4248 3099 4284; x_wconf 85' lang='grc' dir='ltr'><strong>τε</strong></span> <span class='ocrx_word' id='word_1_715' title='bbox 3129 4230 3228 4299; x_wconf 73' lang='grc' dir='ltr'><strong>τῆς</strong></span> <span class='ocrx_word' id='word_1_716' title='bbox 3257 4231 3315 4282; x_wconf 78' lang='grc' dir='ltr'>ὲν</span> <span class='ocrx_word' id='word_1_717' title='bbox 3347 4229 3424 4297; x_wconf 84' lang='grc' dir='ltr'>τῷ</span> <span class='ocrx_word' id='word_1_718' title='bbox 3457 4226 3659 4297; x_wconf 73' lang='grc' dir='ltr'>μεταξὺ</span> <span class='ocrx_word' id='word_1_719' title='bbox 3722 4234 4040 4296; x_wconf 80' lang='grc' dir='ltr'>προνοεῖται</span> 
     </span>
    </p>
   </div>
   <div class='ocr_carea' id='block_1_99' title="bbox 2547 4319 4041 4397">
    <p class='ocr_par' dir='ltr' id='par_1_99' title="bbox 2547 4319 4041 4397">
     <span class='ocr_line' id='line_1_99' title="bbox 2547 4319 4041 4397; baseline -0.007 -13"><span class='ocrx_word' id='word_1_720' title='bbox 2547 4353 2563 4383; x_wconf 78' lang='grc' dir='ltr'><strong>ι</strong></span> <span class='ocrx_word' id='word_1_721' title='bbox 2609 4325 2977 4397; x_wconf 82' lang='grc' dir='ltr'>ἀναστροφῆς,</span> <span class='ocrx_word' id='word_1_722' title='bbox 3012 4323 3108 4377; x_wconf 78' lang='grc' dir='ltr'>καὶ</span> <span class='ocrx_word' id='word_1_723' title='bbox 3137 4323 3186 4374; x_wconf 88' lang='grc' dir='ltr'>εἰ</span> <span class='ocrx_word' id='word_1_724' title='bbox 3211 4321 3287 4390; x_wconf 81' lang='grc' dir='ltr'><strong>μὴ</strong></span> <span class='ocrx_word' id='word_1_725' title='bbox 3309 4319 3387 4389; x_wconf 85' lang='grc' dir='ltr'>τῷ</span> <span class='ocrx_word' id='word_1_726' title='bbox 3426 4320 3644 4392; x_wconf 73' lang='grc' dir='ltr'>τεχνίτῃ</span> <span class='ocrx_word' id='word_1_727' title='bbox 3672 4322 4041 4383; x_wconf 75' lang='grc' dir='ltr'>άντιπαλαίει,</span> 
     </span>
    </p>
   </div>
   <div class='ocr_carea' id='block_1_100' title="bbox 2547 4397 4046 4487">
    <p class='ocr_par' dir='ltr' id='par_1_100' title="bbox 2547 4397 4046 4487">
     <span class='ocr_line' id='line_1_100' title="bbox 2547 4397 4046 4487; baseline -0.007 -10"><span class='ocrx_word' id='word_1_728' title='bbox 2547 4446 2563 4476; x_wconf 79' lang='grc' dir='ltr'><strong>ι</strong></span> <span class='ocrx_word' id='word_1_729' title='bbox 2606 4423 2699 4476; x_wconf 73' lang='grc' dir='ltr'>καὶ</span> <span class='ocrx_word' id='word_1_730' title='bbox 2721 4421 2780 4473; x_wconf 75' lang='grc' dir='ltr'>τὸ</span> <span class='ocrx_word' id='word_1_731' title='bbox 2812 4419 2910 4487; x_wconf 81' lang='grc' dir='ltr'>τῆς</span> <span class='ocrx_word' id='word_1_732' title='bbox 2939 4414 3115 4485; x_wconf 79' lang='grc' dir='ltr'>ψυχῆς</span> <span class='ocrx_word' id='word_1_733' title='bbox 3142 4415 3297 4475; x_wconf 81' lang='grc' dir='ltr'>ἓλκσς</span> <span class='ocrx_word' id='word_1_734' title='bbox 3324 4412 3412 4466; x_wconf 80' lang='grc' dir='ltr'><strong>διὰ</strong></span> <span class='ocrx_word' id='word_1_735' title='bbox 3461 4397 3555 4481; x_wconf 70' lang='grc' dir='ltr'>τῆς</span> <span class='ocrx_word' id='word_1_736' title='bbox 3585 4412 3695 4463; x_wconf 85' lang='grc' dir='ltr'>τῶν</span> <span class='ocrx_word' id='word_1_737' title='bbox 3728 4414 4046 4483; x_wconf 48' lang='grc' dir='ltr'>ἐπιτιθεμέ-</span> 
     </span>
    </p>
   </div>
   <div class='ocr_carea' id='block_1_101' title="bbox 2554 4504 4043 4581">
    <p class='ocr_par' dir='ltr' id='par_1_101' title="bbox 2554 4504 4043 4581">
     <span class='ocr_line' id='line_1_101' title="bbox 2554 4504 4043 4581; baseline -0.007 -13"><span class='ocrx_word' id='word_1_738' title='bbox 2554 4539 2569 4568; x_wconf 78' lang='grc' dir='ltr'><strong>ι</strong></span> <span class='ocrx_word' id='word_1_739' title='bbox 2617 4532 2721 4568; x_wconf 86' lang='grc' dir='ltr'><strong>νων</strong></span> <span class='ocrx_word' id='word_1_740' title='bbox 2745 4510 3051 4581; x_wconf 74' lang='grc' dir='ltr'>φαρμάκων</span> <span class='ocrx_word' id='word_1_741' title='bbox 3073 4506 3293 4570; x_wconf 78' lang='grc' dir='ltr'>αὐξάνει</span> <span class='ocrx_word' id='word_1_742' title='bbox 3348 4506 3735 4573; x_wconf 79' lang='grc' dir='ltr'>προσαγωγῆς,</span> <span class='ocrx_word' id='word_1_743' title='bbox 3775 4504 3879 4558; x_wconf 78' lang='grc' dir='ltr'>καὶ</span> <span class='ocrx_word' id='word_1_744' title='bbox 3906 4506 4043 4559; x_wconf 79' lang='grc' dir='ltr'>οὕτω</span> 
     </span>
    </p>
   </div>
   <div class='ocr_carea' id='block_1_102' title="bbox 2549 4594 4043 4665">
    <p class='ocr_par' dir='ltr' id='par_1_102' title="bbox 2549 4594 4043 4665">
     <span class='ocr_line' id='line_1_102' title="bbox 2549 4594 4043 4665; baseline -0.015 -5"><span class='ocrx_word' id='word_1_745' title='bbox 2549 4630 2566 4660; x_wconf 75' lang='grc' dir='ltr'><strong>ι</strong></span> <span class='ocrx_word' id='word_1_746' title='bbox 2613 4607 2704 4657; x_wconf 75' lang='grc' dir='ltr'><strong>τὸν</strong></span> <span class='ocrx_word' id='word_1_747' title='bbox 2733 4602 2880 4655; x_wconf 74' lang='grc' dir='ltr'>ἔλεον</span> <span class='ocrx_word' id='word_1_748' title='bbox 2904 4596 3024 4651; x_wconf 82' lang='grc' dir='ltr'>κατ’</span> <span class='ocrx_word' id='word_1_749' title='bbox 3043 4595 3197 4661; x_wconf 82' lang='grc' dir='ltr'>ἀξίαν</span> <span class='ocrx_word' id='word_1_750' title='bbox 3221 4597 3558 4665; x_wconf 80' lang='grc' dir='ltr'>ἐπιμετρείν.</span> <span class='ocrx_word' id='word_1_751' title='bbox 3592 4594 3709 4656; x_wconf 77' lang='lat' dir='ltr'><strong>ua;</strong></span> <span class='ocrx_word' id='word_1_752' title='bbox 3743 4598 3862 4665; x_wconf 78' lang='grc' dir='ltr'><strong>γὰρ</strong></span> <span class='ocrx_word' id='word_1_753' title='bbox 3895 4598 4043 4665; x_wconf 67' lang='grc' dir='ltr'><strong>λόγος</strong></span> 
     </span>
    </p>
   </div>
   <div class='ocr_carea' id='block_1_103' title="bbox 2546 4686 4042 4766">
    <p class='ocr_par' dir='ltr' id='par_1_103' title="bbox 2546 4686 4042 4766">
     <span class='ocr_line' id='line_1_103' title="bbox 2546 4686 4042 4766; baseline -0.017 -14"><span class='ocrx_word' id='word_1_754' title='bbox 2546 4721 2562 4752; x_wconf 76' lang='grc' dir='ltr'><strong>ι</strong></span> <span class='ocrx_word' id='word_1_755' title='bbox 2609 4696 2727 4766; x_wconf 84' lang='grc' dir='ltr'><strong>Θεῷ</strong></span> <span class='ocrx_word' id='word_1_756' title='bbox 2786 4695 2879 4746; x_wconf 75' lang='grc' dir='ltr'><strong>καὶ</strong></span> <span class='ocrx_word' id='word_1_757' title='bbox 2923 4690 3001 4759; x_wconf 81' lang='grc' dir='ltr'>τῷ</span> <span class='ocrx_word' id='word_1_758' title='bbox 3058 4691 3159 4759; x_wconf 75' lang='grc' dir='ltr'>τὴν</span> <span class='ocrx_word' id='word_1_759' title='bbox 3224 4686 3585 4757; x_wconf 85' lang='grc' dir='ltr'>ποιμαντικὴν</span> <span class='ocrx_word' id='word_1_760' title='bbox 3640 4687 4042 4757; x_wconf 68' lang='grc' dir='ltr'>ἐγχειρισθέντι</span> 
     </span>
    </p>
   </div>
   <div class='ocr_carea' id='block_1_104' title="bbox 2545 4778 4044 4858">
    <p class='ocr_par' dir='ltr' id='par_1_104' title="bbox 2545 4778 4044 4858">
     <span class='ocr_line' id='line_1_104' title="bbox 2545 4778 4044 4858; baseline -0.01 -14"><span class='ocrx_word' id='word_1_761' title='bbox 2545 4812 2562 4843; x_wconf 83' lang='grc' dir='ltr'><strong>ι</strong></span> <span class='ocrx_word' id='word_1_762' title='bbox 2616 4786 2914 4858; x_wconf 84' lang='grc' dir='ltr'>ἠγεμονίαν</span> <span class='ocrx_word' id='word_1_763' title='bbox 2940 4784 3000 4835; x_wconf 81' lang='grc' dir='ltr'>τὸ</span> <span class='ocrx_word' id='word_1_764' title='bbox 3064 4780 3415 4850; x_wconf 83' lang='grc' dir='ltr'>πλανώμενον</span> <span class='ocrx_word' id='word_1_765' title='bbox 3439 4778 3714 4846; x_wconf 72' lang='grc' dir='ltr'>πρόϐατον</span> <span class='ocrx_word' id='word_1_766' title='bbox 3766 4780 4044 4847; x_wconf 58' lang='grc' dir='ltr'>ἐπαναγα-</span> 
     </span>
    </p>
   </div>
   <div class='ocr_carea' id='block_1_105' title="bbox 2548 4870 4040 4951">
    <p class='ocr_par' dir='ltr' id='par_1_105' title="bbox 2548 4870 4040 4951">
     <span class='ocr_line' id='line_1_105' title="bbox 2548 4870 4040 4951; baseline -0.011 -14"><span class='ocrx_word' id='word_1_767' title='bbox 2548 4904 2565 4935; x_wconf 81' lang='grc' dir='ltr'><strong>ι</strong></span> <span class='ocrx_word' id='word_1_768' title='bbox 2610 4885 2746 4951; x_wconf 85' lang='grc' dir='ltr'><strong>γείν,</strong></span> <span class='ocrx_word' id='word_1_769' title='bbox 2790 4877 2885 4932; x_wconf 76' lang='grc' dir='ltr'>καὶ</span> <span class='ocrx_word' id='word_1_770' title='bbox 2928 4873 3134 4947; x_wconf 79' lang='grc' dir='ltr'>τρωθὲν</span> <span class='ocrx_word' id='word_1_771' title='bbox 3198 4872 3304 4924; x_wconf 76' lang='grc' dir='ltr'>ὑπὸ</span> <span class='ocrx_word' id='word_1_772' title='bbox 3324 4870 3418 4923; x_wconf 91' lang='grc' dir='ltr'><strong>τοῦ</strong></span> <span class='ocrx_word' id='word_1_773' title='bbox 3459 4871 3633 4937; x_wconf 79' lang='grc' dir='ltr'>δφεως</span> <span class='ocrx_word' id='word_1_774' title='bbox 3696 4871 4040 4935; x_wconf 76' lang='grc' dir='ltr'>ἐξιὰσασθαι,</span> 
     </span>
    </p>
   </div>
   <div class='ocr_carea' id='block_1_106' title="bbox 2548 4961 4041 5041">
    <p class='ocr_par' dir='ltr' id='par_1_106' title="bbox 2548 4961 4041 5041">
     <span class='ocr_line' id='line_1_106' title="bbox 2548 4961 4041 5041; baseline -0.009 -16"><span class='ocrx_word' id='word_1_775' title='bbox 2548 4995 2565 5025; x_wconf 77' lang='grc' dir='ltr'><strong>ι</strong></span> <span class='ocrx_word' id='word_1_776' title='bbox 2606 4975 2699 5027; x_wconf 77' lang='grc' dir='ltr'><strong>καὶ</strong></span> <span class='ocrx_word' id='word_1_777' title='bbox 2757 4971 2895 5041; x_wconf 86' lang='grc' dir='ltr'>μήτε</span> <span class='ocrx_word' id='word_1_778' title='bbox 2945 4966 3085 5021; x_wconf 85' lang='grc' dir='ltr'>κατὰ</span> <span class='ocrx_word' id='word_1_779' title='bbox 3109 4963 3372 5035; x_wconf 84' lang='grc' dir='ltr'>κρημνῶν</span> <span class='ocrx_word' id='word_1_780' title='bbox 3394 4962 3606 5031; x_wconf 82' lang='grc' dir='ltr'>ὠθῆσαι</span> <span class='ocrx_word' id='word_1_781' title='bbox 3632 4961 3735 5030; x_wconf 82' lang='grc' dir='ltr'><strong>τῆς</strong></span> <span class='ocrx_word' id='word_1_782' title='bbox 3790 4963 4041 5030; x_wconf 70' lang='grc' dir='ltr'><strong>ἀπογνώ-</strong></span> 
     </span>
    </p>
   </div>
   <div class='ocr_carea' id='block_1_107' title="bbox 2551 5052 4041 5130">
    <p class='ocr_par' dir='ltr' id='par_1_107' title="bbox 2551 5052 4041 5130">
     <span class='ocr_line' id='line_1_107' title="bbox 2551 5052 4041 5130; baseline -0.009 -13"><span class='ocrx_word' id='word_1_783' title='bbox 2551 5086 2567 5116; x_wconf 79' lang='grc' dir='ltr'><strong>ι</strong></span> <span class='ocrx_word' id='word_1_784' title='bbox 2615 5080 2771 5126; x_wconf 87' lang='grc' dir='ltr'>σεως,</span> <span class='ocrx_word' id='word_1_785' title='bbox 2804 5063 2939 5130; x_wconf 86' lang='grc' dir='ltr'>μήτε</span> <span class='ocrx_word' id='word_1_786' title='bbox 2968 5060 3058 5111; x_wconf 80' lang='grc' dir='ltr'>τὸν</span> <span class='ocrx_word' id='word_1_787' title='bbox 3084 5054 3300 5127; x_wconf 79' lang='grc' dir='ltr'>χαλινὸν</span> <span class='ocrx_word' id='word_1_788' title='bbox 3332 5053 3611 5106; x_wconf 77' lang='grc' dir='ltr'>ἐπιδοῦναι</span> <span class='ocrx_word' id='word_1_789' title='bbox 3650 5052 3794 5115; x_wconf 83' lang='grc' dir='ltr'>πρὸς</span> <span class='ocrx_word' id='word_1_790' title='bbox 3818 5056 3923 5123; x_wconf 79' lang='grc' dir='ltr'><strong>τὴν</strong></span> <span class='ocrx_word' id='word_1_791' title='bbox 3956 5052 4041 5105; x_wconf 76' lang='grc' dir='ltr'><strong>τοῦ</strong></span> 
     </span>
    </p>
   </div>
   <div class='ocr_carea' id='block_1_108' title="bbox 2552 5144 4041 5225">
    <p class='ocr_par' dir='ltr' id='par_1_108' title="bbox 2552 5144 4041 5225">
     <span class='ocr_line' id='line_1_108' title="bbox 2552 5144 4041 5225; baseline -0.011 -18"><span class='ocrx_word' id='word_1_792' title='bbox 2552 5176 2567 5206; x_wconf 79' lang='grc' dir='ltr'><strong>ι</strong></span> <span class='ocrx_word' id='word_1_793' title='bbox 2616 5154 2730 5225; x_wconf 86' lang='grc' dir='ltr'>βίου</span> <span class='ocrx_word' id='word_1_794' title='bbox 2787 5150 3003 5203; x_wconf 80' lang='grc' dir='ltr'>ἑκλυσίν</span> <span class='ocrx_word' id='word_1_795' title='bbox 3044 5160 3102 5199; x_wconf 83' lang='grc' dir='ltr'>τε</span> <span class='ocrx_word' id='word_1_796' title='bbox 3155 5148 3248 5199; x_wconf 78' lang='grc' dir='ltr'>καὶ</span> <span class='ocrx_word' id='word_1_797' title='bbox 3306 5145 3755 5212; x_wconf 59' lang='grc' dir='ltr'>καταφρόνησιν</span> <span class='ocrx_word' id='word_1_798' title='bbox 3818 5144 3940 5195; x_wconf 77' lang='grc' dir='ltr'>ἀλλ’</span> <span class='ocrx_word' id='word_1_799' title='bbox 3990 5146 4041 5195; x_wconf 79' lang='grc' dir='ltr'><strong>ἐν</strong></span> 
     </span>
    </p>
   </div>
   <div class='ocr_carea' id='block_1_109' title="bbox 2556 5234 4041 5316">
    <p class='ocr_par' dir='ltr' id='par_1_109' title="bbox 2556 5234 4041 5316">
     <span class='ocr_line' id='line_1_109' title="bbox 2556 5234 4041 5316; baseline -0.012 -18"><span class='ocrx_word' id='word_1_800' title='bbox 2556 5267 2574 5298; x_wconf 78' lang='grc' dir='ltr'><strong>ι</strong></span> <span class='ocrx_word' id='word_1_801' title='bbox 2621 5246 2791 5316; x_wconf 71' lang='grc' dir='ltr'>ἑτέρῳ</span> <span class='ocrx_word' id='word_1_802' title='bbox 2835 5242 3020 5311; x_wconf 86' lang='grc' dir='ltr'>τρόπῳ</span> <span class='ocrx_word' id='word_1_803' title='bbox 3071 5238 3305 5299; x_wconf 86' lang='grc' dir='ltr'>πάντως,</span> <span class='ocrx_word' id='word_1_804' title='bbox 3336 5236 3445 5288; x_wconf 72' lang='grc' dir='ltr'>εἶτε</span> <span class='ocrx_word' id='word_1_805' title='bbox 3464 5234 3553 5287; x_wconf 85' lang='grc' dir='ltr'><strong>διὰ</strong></span> <span class='ocrx_word' id='word_1_806' title='bbox 3573 5234 3681 5286; x_wconf 86' lang='grc' dir='ltr'><strong>τῶν</strong></span> <span class='ocrx_word' id='word_1_807' title='bbox 3707 5234 4041 5304; x_wconf 69' lang='grc' dir='ltr'>αὐστηροτέο</span> 
     </span>
    </p>
   </div>
   <div class='ocr_carea' id='block_1_110' title="bbox 2554 5323 4039 5404">
    <p class='ocr_par' dir='ltr' id='par_1_110' title="bbox 2554 5323 4039 5404">
     <span class='ocr_line' id='line_1_110' title="bbox 2554 5323 4039 5404; baseline -0.009 -15"><span class='ocrx_word' id='word_1_808' title='bbox 2554 5361 2569 5388; x_wconf 81' lang='grc' dir='ltr'><strong>ι</strong></span> <span class='ocrx_word' id='word_1_809' title='bbox 2621 5353 2727 5404; x_wconf 89' lang='grc' dir='ltr'><strong>ρων</strong></span> <span class='ocrx_word' id='word_1_810' title='bbox 2749 5351 2806 5387; x_wconf 81' lang='grc' dir='ltr'><strong>τε</strong></span> <span class='ocrx_word' id='word_1_811' title='bbox 2834 5333 2926 5385; x_wconf 73' lang='grc' dir='ltr'><strong>καὶ</strong></span> <span class='ocrx_word' id='word_1_812' title='bbox 2950 5331 3274 5399; x_wconf 78' lang='grc' dir='ltr'>στυφόντων,</span> <span class='ocrx_word' id='word_1_813' title='bbox 3296 5326 3407 5380; x_wconf 81' lang='grc' dir='ltr'>εἴτε</span> <span class='ocrx_word' id='word_1_814' title='bbox 3436 5325 3527 5378; x_wconf 77' lang='grc' dir='ltr'><strong>διὰ</strong></span> <span class='ocrx_word' id='word_1_815' title='bbox 3552 5323 3660 5377; x_wconf 84' lang='grc' dir='ltr'><strong>τῶν</strong></span> <span class='ocrx_word' id='word_1_816' title='bbox 3687 5324 4039 5393; x_wconf 76' lang='grc' dir='ltr'>άπαλοτὲρων</span> 
     </span>
    </p>
   </div>
   <div class='ocr_carea' id='block_1_111' title="bbox 2550 5416 4040 5494">
    <p class='ocr_par' dir='ltr' id='par_1_111' title="bbox 2550 5416 4040 5494">
     <span class='ocr_line' id='line_1_111' title="bbox 2550 5416 4040 5494; baseline -0.009 -13"><span class='ocrx_word' id='word_1_817' title='bbox 2550 5450 2569 5481; x_wconf 72' lang='grc' dir='ltr'><strong>ι</strong></span> <span class='ocrx_word' id='word_1_818' title='bbox 2615 5448 2673 5483; x_wconf 87' lang='grc' dir='ltr'>τε</span> <span class='ocrx_word' id='word_1_819' title='bbox 2704 5429 2797 5481; x_wconf 74' lang='grc' dir='ltr'><strong>καὶ</strong></span> <span class='ocrx_word' id='word_1_820' title='bbox 2834 5423 3149 5494; x_wconf 83' lang='grc' dir='ltr'>πραοτέρων</span> <span class='ocrx_word' id='word_1_821' title='bbox 3171 5419 3499 5489; x_wconf 82' lang='grc' dir='ltr'>φαρμάκων,</span> <span class='ocrx_word' id='word_1_822' title='bbox 3536 5419 3679 5470; x_wconf 77' lang='grc' dir='ltr'>κατὰ</span> <span class='ocrx_word' id='word_1_823' title='bbox 3706 5416 3808 5469; x_wconf 88' lang='grc' dir='ltr'><strong>τοῦ</strong></span> <span class='ocrx_word' id='word_1_824' title='bbox 3844 5418 4040 5478; x_wconf 71' lang='grc' dir='ltr'>πάθους</span> 
     </span>
    </p>
   </div>
   <div class='ocr_carea' id='block_1_112' title="bbox 2558 5507 4044 5591">
    <p class='ocr_par' dir='ltr' id='par_1_112' title="bbox 2558 5507 4044 5591">
     <span class='ocr_line' id='line_1_112' title="bbox 2558 5507 4044 5591; baseline -0.01 -17"><span class='ocrx_word' id='word_1_825' title='bbox 2558 5543 2574 5574; x_wconf 78' lang='grc' dir='ltr'><strong>ι</strong></span> <span class='ocrx_word' id='word_1_826' title='bbox 2618 5522 2828 5591; x_wconf 82' lang='grc' dir='ltr'>στῆναι,</span> <span class='ocrx_word' id='word_1_827' title='bbox 2859 5520 2951 5571; x_wconf 77' lang='grc' dir='ltr'>καὶ</span> <span class='ocrx_word' id='word_1_828' title='bbox 2990 5515 3125 5587; x_wconf 74' lang='grc' dir='ltr'>πρὸς</span> <span class='ocrx_word' id='word_1_829' title='bbox 3170 5511 3495 5566; x_wconf 87' lang='grc' dir='ltr'>συνούλωσιν</span> <span class='ocrx_word' id='word_1_830' title='bbox 3528 5507 3621 5563; x_wconf 86' lang='grc' dir='ltr'><strong>τοῦ</strong></span> <span class='ocrx_word' id='word_1_831' title='bbox 3654 5508 3858 5571; x_wconf 74' lang='grc' dir='ltr'>ἕλκους</span> <span class='ocrx_word' id='word_1_832' title='bbox 3919 5510 4044 5561; x_wconf 80' lang='grc' dir='ltr'>άντ-</span> 
     </span>
    </p>
   </div>
   <div class='ocr_carea' id='block_1_113' title="bbox 2551 5603 4044 5682">
    <p class='ocr_par' dir='ltr' id='par_1_113' title="bbox 2551 5603 4044 5682">
     <span class='ocr_line' id='line_1_113' title="bbox 2551 5603 4044 5682; baseline -0.011 -14"><span class='ocrx_word' id='word_1_833' title='bbox 2551 5638 2569 5667; x_wconf 75' lang='grc'><strong>(</strong></span> <span class='ocrx_word' id='word_1_834' title='bbox 2615 5610 3001 5682; x_wconf 77' lang='grc' dir='ltr'>αγωνίσασθαι,</span> <span class='ocrx_word' id='word_1_835' title='bbox 3039 5606 3162 5668; x_wconf 78' lang='grc' dir='ltr'>τοὺς</span> <span class='ocrx_word' id='word_1_836' title='bbox 3185 5605 3285 5675; x_wconf 81' lang='grc' dir='ltr'><strong>τῆς</strong></span> <span class='ocrx_word' id='word_1_837' title='bbox 3317 5604 3604 5674; x_wconf 79' lang='grc' dir='ltr'>μετανοίας</span> <span class='ocrx_word' id='word_1_838' title='bbox 3635 5603 3888 5671; x_wconf 75' lang='grc' dir='ltr'>καρποὺς</span> <span class='ocrx_word' id='word_1_839' title='bbox 3908 5603 4044 5653; x_wconf 72' lang='grc' dir='ltr'>δοκι·</span> 
     </span>
    </p>
   </div>
   <div class='ocr_carea' id='block_1_114' title="bbox 2556 5694 4040 5777">
    <p class='ocr_par' dir='ltr' id='par_1_114' title="bbox 2556 5694 4040 5777">
     <span class='ocr_line' id='line_1_114' title="bbox 2556 5694 4040 5777; baseline -0.012 -17"><span class='ocrx_word' id='word_1_840' title='bbox 2556 5729 2573 5760; x_wconf 76' lang='grc' dir='ltr'><strong>ι</strong></span> <span class='ocrx_word' id='word_1_841' title='bbox 2620 5708 2839 5777; x_wconf 76' lang='grc' dir='ltr'>μάζοντι</span> <span class='ocrx_word' id='word_1_842' title='bbox 2896 5704 2991 5756; x_wconf 73' lang='grc' dir='ltr'>καὶ</span> <span class='ocrx_word' id='word_1_843' title='bbox 3026 5697 3397 5770; x_wconf 76' lang='grc' dir='ltr'>οἰκονομοῦντι</span> <span class='ocrx_word' id='word_1_844' title='bbox 3432 5697 3612 5764; x_wconf 84' lang='grc' dir='ltr'>σοφῶς</span> <span class='ocrx_word' id='word_1_845' title='bbox 3641 5695 3736 5747; x_wconf 79' lang='grc' dir='ltr'>τὸν</span> <span class='ocrx_word' id='word_1_846' title='bbox 3778 5695 3923 5765; x_wconf 67' lang='grc' dir='ltr'>πρὸς</span> <span class='ocrx_word' id='word_1_847' title='bbox 3950 5694 4040 5761; x_wconf 73' lang='grc' dir='ltr'>τὴν</span> 
     </span>
    </p>
   </div>
   <div class='ocr_carea' id='block_1_115' title="bbox 2556 5787 4038 5865">
    <p class='ocr_par' dir='ltr' id='par_1_115' title="bbox 2556 5787 4038 5865">
     <span class='ocr_line' id='line_1_115' title="bbox 2556 5787 4038 5865; baseline -0.01 -14"><span class='ocrx_word' id='word_1_848' title='bbox 2556 5820 2572 5851; x_wconf 79' lang='grc' dir='ltr'><strong>ι</strong></span> <span class='ocrx_word' id='word_1_849' title='bbox 2619 5802 2729 5853; x_wconf 84' lang='grc' dir='ltr'>ἄνω</span> <span class='ocrx_word' id='word_1_850' title='bbox 2757 5792 3175 5865; x_wconf 83' lang='grc' dir='ltr'>λαμπροφορίαν</span> <span class='ocrx_word' id='word_1_851' title='bbox 3205 5789 3542 5859; x_wconf 87' lang='grc' dir='ltr'>καλούμενον</span> <span class='ocrx_word' id='word_1_852' title='bbox 3570 5787 3887 5858; x_wconf 79' lang='grc' dir='ltr'>ἄνθρωπον.</span> <span class='ocrx_word' id='word_1_853' title='bbox 3922 5788 4038 5853; x_wconf 74' lang='grc' dir='ltr'><strong>’Δμ-</strong></span> 
     </span>
    </p>
   </div>
   <div class='ocr_carea' id='block_1_116' title="bbox 2554 5875 4036 5963">
    <p class='ocr_par' dir='ltr' id='par_1_116' title="bbox 2554 5875 4036 5963">
     <span class='ocr_line' id='line_1_116' title="bbox 2554 5875 4036 5963; baseline -0.009 -15"><span class='ocrx_word' id='word_1_854' title='bbox 2554 5915 2571 5948; x_wconf 77' lang='grc' dir='ltr'><strong>ι</strong></span> <span class='ocrx_word' id='word_1_855' title='bbox 2620 5893 2818 5963; x_wconf 83' lang='grc' dir='ltr'>φότερα</span> <span class='ocrx_word' id='word_1_856' title='bbox 2875 5891 3052 5942; x_wconf 85' lang='grc' dir='ltr'>τοίνυν</span> <span class='ocrx_word' id='word_1_857' title='bbox 3111 5885 3307 5941; x_wconf 76' lang='grc' dir='ltr'>εἰδέναι</span> <span class='ocrx_word' id='word_1_858' title='bbox 3342 5883 3487 5954; x_wconf 80' lang='grc' dir='ltr'>ἡμᾶς</span> <span class='ocrx_word' id='word_1_859' title='bbox 3536 5879 3663 5951; x_wconf 81' lang='grc' dir='ltr'>χρὴ,</span> <span class='ocrx_word' id='word_1_860' title='bbox 3696 5880 3790 5933; x_wconf 74' lang='grc' dir='ltr'><strong>καὶ</strong></span> <span class='ocrx_word' id='word_1_861' title='bbox 3823 5880 3888 5932; x_wconf 71' lang='grc' dir='ltr'>τὰ</span> <span class='ocrx_word' id='word_1_862' title='bbox 3949 5875 4036 5945; x_wconf 73' lang='grc' dir='ltr'><strong>τῆς</strong></span> 
     </span>
    </p>
   </div>
  </div>
