4218 6458
793 443 897 506 8Ῑ1

2036 437 2138 496 ΤΗ
2150 435 2292 496 EOD
2357 437 2749 498 BALSAMON

3926 438 4034 499 87?.

796 574 922 610 vero
951 573 1047 621 per
1077 566 1371 612 consuetas
1410 567 1465 612 et
1496 557 1741 610 tnitiores
1771 553 2091 617 medicinas,
2139 555 2356 623 quando
2383 561 2430 615 Α
2458 574 2462 586 λ

2383 555 2556 624 Ατὴν
2610 557 2881 628 ὐποῖοχὴν
2939 557 3044 611 τῶν
3121 557 3412 626 ἐπιτιμίων
3475 559 3870 627 ἰατρευόμενοι.
3937 559 4031 618 Εἰς

798 655 854 712 ii,
902 650 1102 718 quibus
1145 648 1412 702 medicina
1461 648 1770 712 adhibetur,
1821 647 1888 700 ad
1935 660 2127 716 poenas
2181 647 2354 699 susci-

796 743 1018 813 piendas
1055 741 1213 808 paulo
1249 741 1498 795 duriores
1552 739 1774 795 fuerint.
1819 738 1900 792 Ad
1940 739 2050 792 haec
2094 746 2356 791 consueta

796 838 936 889 enim
969 849 1127 886 nemo
1177 832 1459 886 restiterit.
1514 833 1605 887 llis
1645 831 2002 886 consimiliter
2036 832 2192 900 jubet
2244 845 2356 883 ma-

793 941 932 997 gnus
965 940 1181 995 quoque
1210 925 1442 982 Basilius
1477 927 1529 980 in
1561 926 1722 980 tertio
1749 940 1850 980 suo
1879 940 2114 980 canone.

869 1017 1119 1071 ZONAlt.
1150 1017 1284 1073 Cum
1321 1018 1388 1073 de
1415 1019 1599 1073 multis
1631 1033 1694 1073 ac
1727 1018 1894 1072 vat-iis
1934 1017 2227 1070 multarum
2265 1031 2357 1086 ges

801 1111 1026 1167 neribus
1061 1114 1304 1182 synodus
1328 1113 1670 1176 disseruerit,
1720 1127 1960 1181 suasque
1989 1111 2219 1179 singulis
2244 1110 2358 1163 cri-

810 1206 1039 1258 ninibus
1073 1219 1263 1272 pmnas
1299 1205 1538 1258 vicissim
1589 1205 1800 1258 debitas
1851 1202 2216 1265 constituerit,
2258 1201 2359 1255 hoc

796 1299 1011 1349 (lentum
1045 1309 1252 1349 canone
1279 1297 1659 1365 episcoporum
1689 1296 1897 1364 judicio
1940 1297 2195 1350 universa
2237 1309 2359 1362 per-

800 1390 965 1444 misit.
1000 1388 1108 1442 Nec
1169 1405 1298 1442 vero
1359 1392 1533 1443 solum
1585 1391 1650 1442 de
1701 1400 2040 1457 peccatorum
2099 1386 2360 1456 qualitate

795 1483 1118 1552 gz'aviorane
1149 1497 1214 1534 an
1259 1483 1461 1535 leviora
1510 1483 1636 1542 sint,
1681 1480 2059 1549 cogitandum,
2109 1478 2204 1532 sed
2240 1477 2360 1547 ejus

798 1590 1014 1643 quoque
1049 1576 1141 1643 qui
1175 1572 1440 1643 peccavit,
1476 1573 1836 1637 affectionem,
1882 1579 1936 1627 et
1977 1570 2249 1642 quomodo
2283 1570 2352 1624 ad

801 1669 1178 1735 pteuitentiam
1211 1667 1546 1736 disponitur,
1591 1682 1657 1720 an
1691 1667 1903 1720 scilicet
1931 1666 1995 1718 ad
2032 1681 2093 1720 ea
2126 1664 2359 1718 remedia

798 1775 918 1826 qua:
963 1761 1312 1812 acrimoniam
1371 1760 1833 1828 acerbitatemque
1901 1759 2155 1821 habeant,
2212 1757 2362 1811 exei-

804 1853 1000 1922 piemla
1034 1852 1105 1904 sit
1140 1860 1386 1921 paratus,
1419 1866 1486 1904 an
1520 1864 1647 1904 vero
1681 1851 2018 1903 curationem
2073 1849 2252 1902 mollis
2297 1862 2359 1901 ac

803 1946 985 2014 segnis
1021 1947 1240 1998 animus
1292 1944 1630 2008 reformidet,
1672 1943 2100 2014 inspiciendum.
2153 1957 2358 2010 proque

803 2037 1148 2091 aﬂ‘eetionum
1183 2038 1469 2098 varietate.
1516 2037 1786 2092 diversam
1839 2035 2094 2090 curanda:
2140 2035 2361 2104 aegritu-

801 2130 945 2184 dinis
1011 2129 1272 2183 rationem
1326 2129 1614 2182 iueundam
1673 2142 1795 2182 esse
1866 2127 2223 2194 demonstrat,
2296 2139 2362 2178 ne

801 2221 1018 2273 duobus
1082 2218 1220 2271 forte
1268 2217 1458 2271 eodem
1511 2217 1738 2271 crimine
1787 2215 2089 2279 obstrictis,
2131 2230 2359 2284 quorum

802 2316 939 2368 alter
977 2315 1042 2365 ad
1079 2310 1305 2366 luendas
1345 2309 1516 2364 errati
1555 2325 1742 2379 poenas
1774 2319 1994 2377 paratus
2025 2310 2119 2372 sit,
2157 2310 2364 2378 segnio-

804 2423 919 2462 rem
959 2421 1016 2460 se
1055 2405 1190 2458 alter
1222 2418 1286 2456 ac
1321 2402 1610 2456 tardiorem
1645 2407 1899 2470 praebeat,
1933 2403 2024 2471 qui
2068 2409 2363 2469 utrumque

803 2496 1101 2549 emandum
1131 2495 1396 2563 suscepit,
1431 2493 1475 2547 si
1515 2493 1685 2546 solius
1719 2492 1928 2560 peceati
1979 2499 2220 2560 spectata
2281 2504 2365 2542 ra-

803 2591 948 2642 tione
1007 2588 1194 2641 eadem
1230 2585 1444 2654 utrique
1472 2583 1710 2639 remedia
1749 2583 2052 2638 curationis
2081 2583 2364 2648 adhibeat,

810 2683 1024 2736 aberret
1052 2679 1288 2747 longius.
1327 2693 1389 2732 ac
1417 2677 1707 2746 tegrotanti
1741 2677 1970 2731 salutem
2027 2677 2221 2731 afferre
2257 2692 2362 2730 non

810 2776 880 2826 ita
939 2771 1098 2826 facile
1131 2772 1325 2841 possit.
1354 2770 1514 2825 .Natn
1551 2771 1643 2831 ille
1694 2770 1912 2840 quidem
1960 2772 2119 2836 alter,
2176 2770 2238 2822 ad
2267 2786 2364 2822 ex-

811 2864 1008 2933 pianda
1053 2864 1284 2918 crimina
1319 2874 1539 2919 strenue
1569 2874 1814 2933 paratus,
1841 2863 2005 2917 etiam
2035 2865 2078 2917 si
2120 2866 2366 2918 acerbior

808 2959 1015 3010 homini
1079 2971 1237 3027 pmna
1276 2955 1473 3010 luenda
1534 2959 1624 3015 sit,
1685 2971 1790 3009 non
1849 2957 2144 3019 recusabit,
2201 2973 2366 3026 seque

808 3061 978 3103 totum
1030 3050 1178 3104 illius
1214 3066 1243 3104 a
1285 3065 1393 3119 quo
1445 3050 1646 3118 regitur
1690 3048 1977 3112 voluntati,
2030 3050 2365 3121 arbitrioque

809 3143 1120 3210 permittet;
1176 3142 1314 3197 alter
1373 3158 1505 3196 vero
1552 3141 1644 3212 qui
1704 3141 1852 3195 mtllo
1911 3157 1969 3196 se
2027 3144 2364 3212 pmnitentia:

809 3251 994 3290 amore
1033 3237 1316 3290 incensum
1346 3237 1622 3298 ostendat,
1658 3235 1927 3288 acriorem
1981 3251 2362 3305 quamcunque

2457 649 2629 701 ταῦτα
2652 649 2758 717 γὰρ
2787 650 2853 702 τὰ
2887 649 3090 719 συνήθη
3122 649 3219 701 οὐκ
3269 650 3334 702 ἄν
3385 667 3466 714 τις
3508 650 3821 718 ἀντισταίη.
3877 650 4034 716 Παρ-

2458 740 2660 811 ομοίως
2687 741 2741 793 δὲ
2772 740 2978 803 τούτοις
2995 741 3429 810 παρακελεύεται
3473 743 3562 796 καὶ
3585 745 3614 797 ὁ
3654 744 3828 814 μέγας
3869 742 4035 794 Βασί-

2458 835 2598 898 λειος
2656 836 2714 888 ἐν
2739 835 2817 904 τῷ
2847 840 2893 903 γ’
2918 835 3102 888 κανόνι
3135 833 3321 889 αὐτοῦ.

2531 1015 2770 1068 ΖΩΝΛΡ.
2827 1015 2958 1082 Περὶ
3008 1013 3217 1068 πολλῶν
3280 1014 3567 1083 ἐπιτιμίων
3622 1017 3715 1068 καὶ
3755 1016 4033 1087 διαφόρων

2459 1109 2802 1176 διαλεχθεῖσι
2867 1109 2898 1172 ή
2945 1107 3181 1170 σύνοδος,
3231 1106 3323 1159 καὶ
3367 1109 3476 1160 τῶν
3528 1109 4032 1178 ἀπαριθμηθέντων

2459 1202 2813 1271 “malum”
2884 1202 3095 1270 έκάπφ
3158 1199 3220 1251 τὸ
3300 1199 3633 1269 κατάλληλον
3706 1203 4032 1266 dareta-513:

2460 1295 2765 1347 τελευταῖον
2819 1294 2904 1346 διὰ
2957 1294 3048 1346 τοῦ
3112 1294 3379 1362 παρόντος
3440 1295 3660 1356 κανόνος
3709 1295 3772 1346 τὸ
3809 1298 3916 1347 πᾶν
3964 1299 4028 1363 τῇ

2460 1386 2638 1457 κρίσει
2685 1387 2792 1438 τῶν
2819 1385 3130 1437 ἐπισκόπων
3159 1384 3394 1438 ἀνέθετο.
3430 1386 3538 1438 Καὶ
3560 1388 3757 1455 χρῆναί
3791 1405 3926 1456 φησι
3957 1390 4031 1457 μὴ

2464 1479 2622 1548 μόνον
2646 1478 2740 1547 τὴν
2763 1478 3021 1546 ποιότητα
3050 1481 3148 1546 τῆς
3181 1477 3456 1547 ἁμαρτίας
3476 1483 3717 1542 σκοπεῖν,
3750 1480 3798 1530 εί
3819 1481 4031 1549 μεγάλη

2461 1572 2618 1640 τυχὸν
2655 1573 2736 1642 εἴη
2777 1574 2807 1642 ἢ
2847 1573 3062 1641 μετρία,
3098 1572 3232 1625 ἀλλά
3263 1573 3357 1624 καὶ
3386 1573 3483 1641 τὴν
3518 1572 3609 1626 τοῦ
3643 1575 4032 1643 ἡμαρτηκότος

2460 1665 2722 1728 διάθεσιν,
2756 1668 2848 1717 καὶ
2877 1665 3024 1727 ὅπως
3060 1665 3194 1734 πρὸς
3233 1667 3334 1736 τὴν
3368 1666 3658 1735 μετάνοιαν
3701 1666 4031 1720 διατίθεταιο

2464 1762 2509 1811 εἰ
2543 1759 2775 1826 ἑτοίμως
2802 1759 2912 1827 ἔχει
2941 1759 3137 1828 δηλαδὴ
3167 1758 3420 1824 δέξασθαι
3445 1761 3713 1828 φάρμακα
3758 1759 4034 1827 στύςοντα

2464 1854 2557 1905 καὶ
2607 1851 2982 1918 πικραίνοντα,
3039 1850 3070 1919 ἦ
3140 1851 3524 1921 μαλακώτερον
3567 1852 3835 1904 διάκειται
3867 1893 3882 1916 ,
3944 1853 4036 1904 καὶ

2468 1945 2805 2014 νωθρότερον
2828 1944 2962 2012 πρὸς
2984 1943 3080 2013 τὴν
3105 1943 3422 2014 θεραπείαν,
3459 1946 3551 1997 καὶ
3580 1945 3724 1996 οὕτω
3757 1944 4036 2012 κατάλλη-

2466 2036 2556 2089 λον
2581 2039 2884 2108 προσάγειν
2916 2038 2974 2089 τὸ
3014 2038 3150 2104 ίαμα
3173 2053 3186 2066 ο
3227 2037 3316 2090 ἵνα
3367 2038 3463 2106 μὴ,
3518 2037 3610 2090 δύο
3653 2039 3813 2106 τυχὸν
3838 2038 3950 2089 τῶν
3983 2040 4039 2088 τὸ

2465 2132 2595 2184 αὐτὸ
2623 2130 3060 2199 ἁμαρτησάντων
3115 2130 3321 2194 ὅντων,
3378 2132 3591 2183 καὶτοῦ
3655 2132 3754 2197 μὲν
3804 2130 4034 2199 ἑτοίμου

2463 2224 2824 2292 τυγχάνοντος
2889 2223 3022 2290 πρὸς
3077 2221 3392 2289 μετάνοιαν,
3442 2221 3535 2274 τοῦ
3589 2223 3646 2274 δὲ
3691 2221 4035 2290 νωθρότερον

2463 2315 2829 2384 διακειμένου,
2859 2315 2885 2366 ὁ
2907 2313 3223 2383 θεραπεύων
3254 2314 3452 2376 αὐτοὺς
3487 2315 3620 2384 πρὸς
3647 2315 3707 2365 τὸ
3725 2315 4034 2384 ἁμάρτημα

2467 2409 2625 2478 μόνον
2661 2407 3002 2469 ἀποϐλέπων,
3029 2407 3124 2458 καὶ
3155 2407 3402 2475 ἐκατέρῳ
3428 2405 3606 2458 αὑτῶν
3640 2406 3844 2474 ὁμοίως
3888 2405 4034 2473 19d”

2467 2517 2646 2572 μενος,
2681 2499 3018 2569 ἁποσφαλείη
3054 2499 3185 2568 πρὸς
3227 2497 3323 2568 τὴν
3351 2499 3628 2567 σωτηρίαν
3665 2498 3758 2550 τοῦ
3785 2501 4035 2566 κάμνον-

2464 2612 2575 2658 τος.
2623 2594 2679 2644 ὐ
2709 2594 2806 2660 μὲν
2846 2593 2952 2662 γὰρ
2991 2593 3222 2660 ἑτοίμως
3257 2591 3394 2660 ἔχων
3427 2593 3560 2660 πρὸς
3585 2591 3683 2660 τὴν
3719 2591 4044 2657 μετάνοιαν,

2465 2690 2567 2742 κᾶν
2594 2689 2994 2756 αὐστηρότερον
3029 2687 3114 2756 εἴη
3150 2685 3210 2738 τὸ
3259 2686 3551 2754 ἐπιτίμιον,
3606 2686 3816 2750 δέξεται
3847 2687 4040 2746 τοῦτο,

2465 2781 2558 2834 καὶ
2617 2779 2807 2832 ἑαυτὸν
2851 2776 3225 2848 ὑποθήσειτῷ
3288 2776 3381 2830 τοῦ
3418 2777 3582 2831 αὐτὸν
3618 2778 4042 2848 οἱκονομοῦντος

2464 2871 2728 2939 θελήματι
2782 2886 2796 2900 ·
2849 2872 2877 2922 ό
2948 2869 3004 2921 δὲ
3089 2869 3164 2938 μὴ
3233 2867 3543 2939 θερμότητα
3598 2869 3809 2931 δεικνὺς
3907 2871 4044 2938 προς

2468 2961 2755 3031 μετάνοιαν
2794 2959 3231 3028 ἀποδυσπετὴσει
3283 2957 3418 3023 πρὸς
3471 2958 3537 3010 τὰ
3573 2959 3713 3011 πάνυ
3765 2958 4046 3026 esseom

2464 3053 2751 3120 φάρμακα,
2787 3051 2883 3104 καὶ
2907 3049 2970 3101 οὑ
2999 3049 3159 3118 μόνον
3194 3048 3292 3101 οὐκ
3329 3049 3628 3118 ίαθήσεται,
3657 3049 3788 3100 ἀλλὰ
3813 3053 3923 3101 καὶ
3970 3052 4044 3110 είς

2467 3146 2786 3212 ἀπόγνωσιν
2859 3144 2988 3206 ἴσως
3070 3139 3329 3210 ἐμπεσὼν
3389 3143 3626 3210 χείροσιν
3680 3143 4045 3193 ὑποπεσεῖται

2464 3236 2863 3306 πλημμελείαις

809 3330 1130 3384 medicinam
1163 3331 1449 3386 tastidiose
1482 3340 1719 3398 respuet,
1755 3345 1932 3398 neque
1961 3331 2122 3385 modo
2149 3332 2373 3385 morbos
2416 3347 2520 3386 non
2553 3332 2807 3401 depellet,
2863 3332 2957 3386 sed
2997 3328 3374 3400 desperatione
3428 3327 3660 3383 fortasse
3734 3327 3919 3381 victus
3992 3329 4044 3380 in

806 3425 1051 3478 facinora
1077 3427 1242 3479 etiam
1277 3425 1526 3494 graviora
1561 3426 1943 3494 praecipitabit.

879 3516 1162 3588 hinltiplex
1199 3506 1342 3571 enim
1381 3527 1490 3581 est,
1519 3518 1776 3586 inquiunt
1808 3517 2020 3579 Patres.
2077 3533 2139 3572 ac
2183 3521 2365 3574 varius

806 3610 1014 3676 peceati
1073 3607 1331 3671 morbus,
1393 3609 1702 3677 multasque
1769 3609 2095 3678 pr0pagines
2166 3611 2368 3665 erroris

806 3698 1032 3762 emittit,
1066 3699 1356 3768 exquibus
1390 3701 1588 3752 malum
1635 3701 1792 3769 longe
1843 3701 2058 3768 lateque
2108 3700 2368 3754 diﬂundi-

808 3803 918 3855 tur,
979 3792 1081 3845 hoc
1133 3801 1255 3856 est,
1314 3792 1475 3846 latius
1522 3803 1780 3862 evagatur
1821 3809 1883 3848 ac
1943 3794 2134 3863 serpit,
2197 3794 2369 3848 donec

820 3897 1062 3952 cousque
1092 3885 1438 3952 processerit,
1474 3895 1530 3938 ut
1572 3886 1732 3938 etiam
1762 3887 2083 3940 medicinam
2110 3887 2369 3941 adhibere

809 3975 1081 4042 cupientis
1105 3975 1259 4045 longe
1288 3984 1505 4044 snperet
1533 3975 1866 4030 facultatem.
1888 3976 2143 4041 Proinde,
2178 3980 2248 4032 sit
2278 3979 2366 4031 illa

809 4070 1009 4138 prima,
1051 4068 1247 4137 inquit,
1291 4069 1590 4138 spiritualis
1621 4070 1814 4122 medici
1847 4085 1998 4131 cura.
2032 4080 2088 4122 ut
2113 4086 2237 4125 eum
2272 4072 2366 4138 qui

808 4160 1076 4227 peccavit,
1111 4159 1566 4227 quemadmodum
1615 4161 1796 4214 animo
1844 4160 2070 4215 afTectus
2115 4162 2206 4224 sit,
2249 4161 2371 4215 dili-

811 4258 1000 4317 genter
1024 4249 1296 4318 inspiciat,
1327 4264 1395 4302 an
1431 4251 1794 4304 ardentiorem
1823 4261 1945 4320 agat
1977 4253 2368 4321 pteniteutiam,

809 4351 863 4394 et
896 4342 1180 4395 sanitatem
1218 4352 1454 4411 appetat,
1488 4357 1553 4395 an
1588 4351 1797 4406 contra,
1849 4359 2061 4398 morum
2110 4345 2370 4415 improbi-

811 4437 920 4485 tate
945 4433 1192 4485 morbum
1232 4449 1390 4487 suum
1429 4433 1657 4502 ipsemet
1699 4443 1929 4504 augeat;
1979 4447 2088 4490 tum
2118 4453 2365 4505 quaenam

815 4523 1052 4577 hominis
1081 4533 1203 4593 post
1231 4525 1527 4578 admissum
1571 4523 1783 4580 facinus
1817 4529 1940 4580 vitae
1970 4529 2106 4582 ratio
2158 4545 2222 4582 ac
2262 4544 2374 4582 mo-

2550 3515 2837 3584 Πολυειδὴς
2886 3514 3015 3583 γὰρ,
3075 3513 3241 3581 φασὶν
3269 3513 3317 3564 οί
3349 3513 3607 3579 Πατέρες,
3667 3509 3764 3562 καὶ
3818 3513 4042 3578 :10sz.1;

2471 3610 2569 3678 τῆς
2593 3607 2867 3677 ἁμαρτίας
2901 3609 2927 3676 ἡ
2954 3606 3128 3671 νόσος,
3156 3607 3249 3657 καὶ
3307 3603 3502 3667 πολλὰς
3553 3601 3928 3672 παραφυάδας
3950 3604 4043 3670 τῆς

2474 3699 2674 3770 βλάϐης
2706 3699 3100 3768 βλαστάνουσα,
3169 3697 3226 3762 ἐξ
3259 3689 3334 3749 ὦν
3376 3695 3758 3765 παραφυάδων
3787 3696 3848 3746 τὸ
3878 3695 4042 3747 κακον

2471 3793 2755 3861 διαχεῖται,
2794 3791 3122 3843 πλατύνεται
3195 3789 3392 3858 δηλαδὴ
3436 3789 3527 3840 καὶ
3559 3788 3828 3856 πρόεισιν,
3851 3790 3963 3849 ἓως
3988 3789 4043 3839 iv

2474 3885 2713 3940 τοιοῦτον
2737 3887 2982 3953 γένηται,
3041 3882 3180 3935 ὦστε
3229 3883 3534 3951 ύπερνικᾷν
3567 3887 3658 3933 καὶ
3697 3885 3801 3948 τὴν
3831 3882 3930 3933 τοῦ
3969 3881 4042 3931 θε-

2477 3976 2803 4047 ραπεύοντος
2827 3974 3074 4038 δύναμιν.
3116 3973 3212 4024 Διά
3246 3972 3440 4034 ταῦτα,
3472 3975 3625 4041 φησὶ,
3655 3973 3746 4023 τὸν
3805 3989 4042 4039 πνευμαο

2472 4069 2622 4120 στικὸν
2649 4066 2834 4134 ἰατρὸν
2864 4066 2944 4117 δεῖ
2975 4063 3191 4134 πρῶτον
3227 4065 3323 4135 τὴν
3368 4065 3460 4116 τοῦ
3507 4064 3903 4134 ἡμαρτηκότος
3941 4067 4040 4117 διεί-

2475 4161 2625 4214 θεσιν
2652 4159 3015 4212 κατασκοπεῖν
3042 4158 3150 4210 εῐτε
3182 4157 3395 4227 θερμῶς
3425 4160 3694 4226 μετανοεῖ,
3722 4159 3822 4209 καὶ
3860 4160 4041 4223 ὑγείας

2473 4253 2752 4324 ὀρέγεται,
2793 4252 2903 4303 εἴτε
2931 4249 3129 4319 μᾶλλον
3177 4251 3274 4320 τὴν
3305 4250 3458 4302 νόσον
3490 4248 3639 4314 αὔξει
3677 4251 3803 4302 καθ’
3849 4251 4042 4303 ἑαυτοῦ

2473 4346 2560 4399 διὰ
2580 4347 2797 4416 τρόπων
2844 4344 3061 4406 κακίαν,
3124 4343 3218 4395 καὶ
3267 4341 3382 4406 πῶς
3447 4343 3582 4410 μετά
3631 4345 3734 4413 τὴν
3768 4345 4043 4411 ἁμαρτίαν

2475 4435 2874 4506 ἀναστρέφεται
2900 4436 2990 4487 καὶ
3020 4434 3148 4503 βιοῖ,
3179 4435 3271 4487 καὶ
3306 4435 3353 4485 εί
3390 4433 3465 4502 μὴ
3494 4430 3571 4503 τῷ
3622 4434 3851 4504 τεχνίτῃ
3893 4436 4040 4486 ἀντι-

2477 4528 2752 4593 παλαίσει,
2807 4530 2946 4598 ὅπερ
2975 4529 3186 4596 γίνεται
3227 4528 3317 4579 ἐπὶ
3345 4526 3454 4578 τῶν
3489 4525 3690 4594 μανίαν
3719 4527 4040 4579 νοςούντων.

809 4617 946 4679 dus;
989 4630 1056 4668 an
1110 4631 1232 4669 cum
1305 4616 1496 4670 medici
1552 4617 1784 4671 artificio
1841 4621 2088 4689 ipsemet,
2153 4621 2365 4676 insania
2398 4617 2446 4676 D

2398 4617 2446 4676 D
2484 4625 2709 4677 Ἐκεῖνοι
2756 4625 2868 4691 γάρ
2890 4623 3000 4683 τοῖς
3040 4619 3382 4689 ἰατρεύουσιν
3413 4618 3607 4679 αὐτοὺς
3663 4618 4038 4688 ἀνθίστανται,

809 4717 1183 4775 correptorum
1217 4723 1387 4772 more,
1425 4711 1788 4776 colluctctur;
1839 4711 1911 4764 illi
1951 4716 2093 4766 enim
2132 4713 2368 4768 medicis

813 4800 1192 4860 adversantur,
1238 4801 1607 4870 salutariaque
1647 4805 1780 4871 ipsis
1832 4803 2220 4858 medicamenta
2274 4806 2372 4858 ad-

816 4887 1063 4940 hibentes
1099 4887 1385 4955 repellunt.
1420 4886 1552 4941 Illud
1607 4906 1820 4960 quoque
1873 4891 2063 4946 sedulo
2127 4895 2372 4948 animad-

809 4987 1018 5041 vertat;
1073 4995 1137 5032 ne
1176 4984 1310 5034 forte
1342 4981 1533 5035 anima:
1566 4983 1721 5037 ulcus
1748 4984 1860 5052 ipsa
1892 4986 2171 5040 curatione
2206 4988 2375 5041 medi-

809 5081 1290 5140 camentorumque
1372 5076 1711 5142 appositione
1785 5076 2106 5142 crudescat;
2182 5079 2362 5147 itaque

809 5163 1007 5225 oleum,
1046 5173 1102 5214 ut
1164 5164 1503 5231 :rgritttdiltis
1566 5165 1706 5218 ratio
1754 5167 2074 5234 postulabit,
2134 5169 2366 5222 medica-

813 5251 1008 5305 mentis
1060 5251 1376 5306 admisceat.
1418 5251 1511 5307 Est
1541 5255 1744 5308 veroid
1782 5256 1924 5324 quod
1979 5258 2110 5310 dicit
2162 5258 2358 5326 hujus-

813 5345 987 5408 tnodi;
1021 5360 1144 5398 esse
1198 5345 1455 5398 nimirum
1510 5360 1539 5398 a
1592 5347 1862 5416 spirituali
1915 5350 2125 5403 medico
2163 5359 2365 5405 attente

813 5437 1273 5490 considerandum
1304 5438 1618 5506 aegrotantis
1661 5438 1946 5503 affectum;
1982 5452 2040 5494 ut
2072 5456 2170 5494 nec
2214 5458 2362 5506 eum,

811 5530 905 5599 qui
939 5540 1169 5596 angusto
1197 5531 1497 5600 pusilloque
1528 5532 1709 5586 animo
1747 5534 1840 5594 sit,
1866 5535 2364 5590 vehementioribus

812 5621 1066 5674 remediis
1099 5631 1306 5691 urgeat,
1340 5638 1405 5676 ne
1433 5624 1673 5679 vulneris
1722 5626 2045 5689 molestiam,
2081 5627 2366 5694 desperata

811 5716 876 5765 ab
911 5727 977 5767 eo
1031 5713 1333 5777 curatione,
1390 5714 1568 5768 adhuc
1614 5719 1784 5786 magis
1838 5719 2114 5785 intendat;
2172 5737 2367 5791 neque,

811 5818 969 5869 quem
1025 5803 1396 5871 asperioribus
1441 5805 1849 5862 medicamentis
1902 5809 2143 5864 sufficere
2195 5826 2356 5880 posse

811 5894 1157 5960 intellexerit,
1195 5898 1248 5952 in
1279 5911 1344 5953 eo
1387 5901 1626 5955 curando
1671 5898 2009 5957 facilioribus
2045 5913 2250 5971 utatur,
2301 5921 2365 5959 ex

2466 4716 2558 4768 καὶ
2595 4715 2692 4768 οὐκ
2720 4713 2849 4767 ἐῶσι
2873 4713 3246 4782 προσαγαγεῖν
3273 4712 3458 4772 αὐτοῖς
3497 4710 3564 4762 τά
3623 4712 3876 4779 σωτήρια
3921 4712 4038 4778 φάρ-

2479 4823 2649 4875 μακα.
2681 4805 2911 4857 Σκοπεῖν
2959 4804 3015 4856 δὲ
3048 4805 3142 4856 καὶ
3171 4803 3346 4864 τοῦτο,
3412 4804 3622 4872 μήποτε
3661 4804 3937 4873 ἰατρεύων
3961 4805 4038 4854 καὶ

2477 4899 2740 4968 φάρμακα
2809 4896 3101 4966 προσάγων
3131 4895 3218 4947 διὰ
3263 4895 3362 4964 τῆς
3409 4895 3706 4956 ἐπιθέσεως
3735 4897 3925 4947 αὐτῶν
3957 4898 4040 4946 αὖ·

2478 4988 2610 5057 ξάνῃ
2634 4987 2693 5040 τὸ
2722 4986 2878 5049 ἕλκος
2915 4988 2973 5038 τὸ
2999 4987 3248 5054 ψυχικὸν,
3281 4987 3379 5039 καὶ
3429 4986 3576 5038 οὕτω
3605 4987 3698 5038 τὸν
3737 4987 3896 5039 ἔλεον
3921 5003 4016 5040 κατ

2463 5080 2624 5145 ἀξίαν
2679 5081 3017 5149 ἑπιμετρεῖν.
3055 5080 3118 5130 "O
3157 5078 3213 5131 δὲ
3263 5079 3407 5146 λέγει
3479 5077 3634 5132 τοῦτό
3704 5081 3859 5131 ἐστιν
3898 5098 3911 5110 ·
3971 5082 4038 5132 ὅτι

2472 5171 2761 5241 προσέχειν
2785 5171 2866 5222 δεῖ
2902 5171 2991 5223 τὸν
3021 5172 3389 5239 πνευματικὸν
3453 5172 3636 5240 ἰατρὸν
3671 5175 3740 5239 τῇ
3811 5173 4034 5225 διαθέεει

2469 5263 2563 5314 τοῦ
2588 5263 2902 5330 κάμνοντος,
2960 5263 3052 5314 καὶ
3087 5269 3223 5329 μήτε
3258 5261 3334 5331 τῷ
3361 5263 3686 5331 μικροψύχῳ
3741 5264 4034 5315 ἐπιτιθέναι

2477 5355 2745 5424 στύφοντα
2779 5357 3071 5423 φάρμακα,
3110 5355 3197 5407 ἵνα
3226 5355 3302 5426 μὴ
3335 5354 3533 5424 μᾶλλον
3590 5355 3811 5426 αὐξήσῃ
3869 5359 3931 5408 τὸ
3962 5356 4033 5407 Ξλο

2475 5463 2589 5508 κος,
2633 5446 3106 5518 ἀπαγορεύσαντος
3139 5445 3273 5513 πρὸς
3321 5447 3420 5513 τὴν
3451 5444 3748 5514 θεραπείαν
3811 5447 4031 5508 ἐκεί-εον,

2478 5540 2614 5607 μήτε
2640 5538 2714 5604 τῷ
2743 5538 3025 5605 δυναμένῳ
3062 5538 3131 5588 τὰ
3158 5537 3537 5607 αὐττηρότερα
3588 5537 3851 5606 δέχεσθαι
3874 5540 4032 5607 μαλα-

2474 5629 2714 5699 κώτερον
2737 5617 3186 5699 προσφέρεσθαι,¹
3221 5629 3359 5681 ὥστε
3406 5630 3492 5681 διὰ
3539 5630 3636 5698 τὴν
3679 5631 4029 5698 μαλακότητι

2471 5724 2580 5775 τῶν
2610 5724 2906 5789 ἐπιτιμίων
2937 5725 3235 5791 ἐμπίπτειν
3261 5724 3467 5775 ἐκεῖνον
3499 5727 3579 5785 είς
3607 5725 3667 5776 τὸ
3703 5724 3839 5776 αὐτῦ
3871 5729 4029 5783 πάθες

2473 5819 2566 5869 καὶ
2589 5817 2666 5879 είς
2718 5816 2900 5884 μεῖζον
2937 5819 3086 5880 ἴσωςο
3113 5817 3224 5869 ἀλλ’
3245 5820 3563 5887 ὲπιμετρεῖν
3584 5817 3676 5869 τὸν
3705 5819 3856 5870 ἔλεον
3909 5816 4028 5871 κατ’

2474 5909 2649 5973 ἀξίαν,
2717 5909 2883 5976 ἤγουν
2911 5909 3079 5962 ἐλεεῖν
3106 5911 3337 5964 ἕκαστον
3399 5909 3562 5975 ἀξίως
3584 5913 3683 5980 τῆς
3716 5912 3884 5965 αὐτοῦ
3933 5913 4028 5966 δια·
