4218 6458
281 448 384 514 881

1300 446 1375 504 lN
1426 442 1590 502 CAN.
1632 439 1686 497 ΙΙ
1728 435 1997 496 SYNODI
2037 436 2148 498 VII
2177 434 2531 497 (ECUMEN.

3409 421 3518 488 882

279 579 397 616 σου
424 563 513 629 εις
541 561 648 616 τὸν
676 561 859 616 αἰῶνα
885 580 896 592 ι
958 559 1287 615 συνέτισόι·
1315 575 1390 626 με
1412 599 1424 620 ,
1461 556 1554 609 καὶ
1581 554 1848 621 ζήσομαι.
1885 552 1931 607 Α

1885 548 2186 610 Adivitiis.
2249 564 2355 603 non
2417 548 2595 599 minus
2640 541 2911 604 videlicet,
2977 553 3038 592 ac
3092 537 3146 594 si
3202 537 3516 591 divitiarum

284 656 393 707 Καὶ
419 656 496 716 εἰς
519 655 609 706 τὸν
629 654 848 725 αἰῶναὴ
871 651 1184 723 προφητικὴ
1214 650 1366 719 φωνὴ
1395 647 1690 700 ἐντέλλεται
1721 647 1850 712 ἡμῖν

284 747 576 812 φυλάττειν
605 746 672 798 τὰ
704 744 980 816 μαρτύρια
1008 743 1102 797 τοῦ
1130 742 1289 806 Θεοῦ,
1319 743 1412 795 καὶ
1445 741 1541 809 ζῇν
1565 742 1620 791 ὲν
1649 738 1853 798 αὐτοῖς,

285 837 535 904 δηλονότι
567 837 930 907 ἀκραδάντοις
976 835 1070 888 καὶ
1116 833 1436 894 ἁσαλεύτοις
1467 823 1705 899 μένουσι.
1740 825 1855 877 Ζῶ-

291 947 396 998 μεν
420 932 529 1000 γὰρ
553 931 608 981 ὲν
631 934 745 993 τοῖς
780 929 872 982 τοῦ
903 928 1039 982 Θεοῦ
1078 926 1424 998 μαρτυρίοις,
1465 925 1594 976 ὅταν
1627 920 1857 974 ἀσάλευ-

289 1041 357 1075 τα
387 1024 558 1076 ταῦτα
618 1023 858 1090 μένωσι,
909 1021 984 1092 μὴ
1028 1019 1483 1091 παραδαινὸμενα
1539 1013 1665 1084 παρ’
1700 1011 1856 1082 ἡμῶν

295 1115 434 1184 μηδὲ
492 1115 849 1185 ἀθετοῦμενα.
922 1113 1258 1184 Ἀκρὰὃαντα
1287 1111 1344 1164 δὲ
1387 1109 1455 1162 τὰ
1484 1105 1858 1176 ἐστηριγμένα

295 1207 391 1260 καὶ
423 1207 498 1276 μὴ
553 1207 750 1275 ῥαδίως
798 1204 1092 1274 κινούμενα
1143 1203 1414 1271 λέγονται.
1463 1199 1649 1270 Κράδη
1696 1198 1802 1264 γὰρ
1833 1197 1860 1249 ὁ

293 1295 488 1358 κλάδος
509 1295 722 1361 λέγεται
757 1295 855 1364 τῆς
896 1295 1088 1362 συκῆς.
1124 1294 1181 1355 ὂς
1219 1291 1451 1360 ἀσθενής
1507 1293 1618 1342 ἐστι
1651 1291 1741 1338 καὶ
1771 1288 1860 1338 εὑ·

295 1387 470 1449 κάλως
504 1387 898 1455 συνθλώμενος.
951 1388 1010 1438 ’0
1037 1384 1166 1451 γοῦν
1222 1382 1612 1452 ἑστηριγμένος
1665 1380 1758 1431 καὶ
1788 1377 1862 1448 μὴ

292 1479 535 1539 εῦκόλως
592 1480 906 1546 κινούμενος
959 1478 1290 1547 ἀκράδαντος
1323 1475 1560 1540 λέγεται.
1614 1468 1744 1525 Εἶτα
1770 1473 1862 1521 καὶ

295 1573 388 1624 τον
421 1571 661 1639 Μωῦσῆν
694 1572 928 1638 παράγει
960 1569 1211 1637 λέγοντα,
1247 1570 1327 1621 ὅτι
1373 1567 1475 1620 Ἐν
1501 1563 1723 1630 αὐτοῖς,
1755 1566 1863 1625 τοῖς

298 1665 465 1725 θείοις
498 1664 697 1733 δηλαδὴ
741 1664 1120 1733 διατάγμασιν,
1161 1664 1273 1715 οὐκ
1324 1661 1455 1713 ἐστι
1495 1657 1863 1725 προσθεῖναι,

297 1759 400 1812 καὶ
425 1759 493 1821 ἐξ
520 1757 716 1810 αὐτῶν
765 1759 876 1810 οὐκ
906 1757 1077 1810 ἔστιν·
1126 1753 1376 1824 ἀφελεῖν
1403 1769 1416 1783 '
1450 1753 1544 1804 καὶ
1572 1753 1696 1810 τοὺς
1738 1752 1870 1801 ἁπο-

301 1853 545 1916 στόλους,
580 1854 671 1903 τὸν
703 1853 801 1920 μὲν
825 1851 919 1921 τὴν
951 1851 1138 1903 πίστιν
1193 1847 1527 1916 θερμότατον
1561 1845 1764 1911 Πέτρον
1815 1844 1870 1892 ἐν

1957 640 2106 693 Omni
2133 643 2286 709 cepia
2336 639 2699 705 varietateque
2728 634 3083 695 affluerimus,
3118 630 3200 685 vel
3238 630 3282 683 si
3308 629 3514 682 divitiis

1958 733 2216 787 omnibus
2253 735 2305 786 in
2339 748 2507 785 unum
2543 729 2742 793 locum,
2781 727 2824 782 si
2861 727 2972 779 θυι-ἰ
3023 732 3206 794 posset
3276 721 3522 775 collectis

1961 823 2167 892 perfrui
2205 823 2388 875 datum
2422 831 2588 875 esset.
2622 819 2684 873 Et
2726 833 2983 871 rursum:
3045 815 3311 868 Maudasti
3354 811 3526 878 justi-

1962 919 2093 970 tiam
2146 917 2449 969 testimonia
2512 925 2600 967 tua
2661 914 2715 964 in
2764 912 3038 972 sn'rulum,
3103 907 3426 960 intellectum
3454 903 3524 956 da

1962 1008 2110 1066 mihi.
2130 1017 2178 1060 et
2216 1009 2384 1061 vivam
2407 1006 2475 1057 “.
2506 1005 2569 1058 Et
2604 1006 2655 1058 in
2684 1002 2939 1058 saeculum
2962 1001 3270 1053 testimonia
3301 998 3389 1050 Dei
3410 1011 3526 1048 ser—

1964 1113 2092 1151 vare
2123 1099 2436 1168 prophetica
2472 1112 2602 1150 voce
2634 1098 2914 1164 jubemur,
2941 1108 3003 1145 ac
3064 1093 3116 1145 in
3153 1091 3285 1160 ipsis
3325 1091 3526 1149 vivere,

1969 1191 2042 1244 ita
2073 1191 2279 1246 Scilicet
2305 1203 2360 1244 ut
2390 1191 2540 1244 firma
2567 1189 2674 1248 illa.
2697 1190 3129 1253 inconcussalue
3149 1187 3528 1251 permaneant.

1968 1283 2126 1338 Tunc
2148 1284 2291 1336 enim
2333 1285 2384 1336 in
2445 1283 2535 1336 Dei
2596 1281 2922 1335 testimoniis
2982 1276 3234 1337 vivinms,
3283 1289 3408 1326 eum
3468 1288 3530 1325 ea

1971 1380 2195 1432 immuta
2229 1380 2413 1433 stabili
2448 1378 2703 1447 vestigio.
2744 1376 2892 1428 nullo
2926 1384 3115 1426 nostro
3145 1372 3289 1422 facto
3337 1367 3532 1421 violata

1969 1480 2064 1526 aut
2088 1480 2417 1540 contempta.
2443 1472 2718 1535 nituntur;
2744 1467 3050 1537 ὰκράδαντα
3078 1478 3312 1528 namque
3341 1460 3542 1513 dicun-

1971 1576 2082 1626 tur.
2110 1580 2230 1634 qua-
2264 1564 2420 1617 firmo
2447 1564 2576 1616 nixu
2607 1564 2831 1620 haerent.
2869 1573 2971 1613 nec
3002 1559 3073 1610 ita
3106 1555 3263 1606 facile
3294 1566 3541 1606 commo-

1970 1655 2084 1709 veri
2122 1663 2372 1724 possunt.
2405 1655 2502 1708 Est
2540 1653 2683 1705 enim
2723 1651 2894 1720 κραδή
2924 1649 3063 1702 ficus
3092 1660 3274 1698 ramus
3309 1652 3466 1694 tener
3491 1650 3543 1691 ct.

1975 1746 2206 1818 fragilis.
2233 1747 2338 1814 Qui
2368 1746 2535 1817 igitur
2574 1744 2647 1797 ita
2687 1743 2962 1797 stabilitns
2982 1749 3089 1800 est,
3128 1749 3184 1789 ut
3222 1733 3365 1788 haud
3395 1731 3542 1789 facili

1977 1842 2191 1909 negotio
2222 1840 2424 1894 moveri
2451 1847 2638 1908 queat,
2673 1835 3011 1905 ἀκρὰδαντος
3058 1831 3392 1885 nominatur.
3433 1826 3547 1879 Mo-

299 1947 487 2006 αὖτοῖς
514 1944 886 2014 καυχώμενον,
916 1946 1011 1995 καὶ
1052 1944 1305 1996 εἰπόνταο
1359 1943 1461 2003 Εἰς
1491 1937 1528 1990 ἃ
1554 1935 1872 2002 ἑπιθυμοῦ-
1903 1910 1948 1968 Β

1903 1910 2090 1986 Bsem
2115 1932 2313 1984 deinde
2370 1932 2639 1999 producit.
2681 1930 2772 1997 qui
2833 1928 2899 1979 ad
2954 1940 3040 1989 ea,
3095 1922 3278 1975 divina
3330 1918 3543 1971 decreta

300 2055 408 2091 σιν
459 2037 699 2104 ἄγγελοι
755 2037 1128 2102 παρακύψαι.
1186 2034 1343 2088 ἅτινά.
1373 2034 1531 2092 είσιν,
1567 2029 1642 2090 ὼς
1670 2026 1873 2087 ἐκεῖνός

303 2146 493 2198 φησιν,
529 2129 564 2181 ἃ.
608 2128 701 2180 νῦν
741 2128 1017 2196 ἀνηγγέλη
1076 2129 1208 2195 ἡμῖν
1255 2125 1346 2177 διὰ
1380 2123 1486 2176 τῶν
1514 2119 1873 2186 εὐαγγελισα-

306 2220 484 2287 μένων
515 2220 644 2287 ἡμῖν
675 2221 730 2268 ὲν
753 2217 1030 2285 Πνεύματι
1061 2215 1201 2284 ἁγίῳ
1223 2231 1236 2245 ·
1293 2216 1340 2266 εἰ
1375 2213 1466 2264 καί
1494 2227 1637 2271 τινες
1673 2210 1874 2276 ἑτέρως

302 2309 626 2380 ἐξηγοῦνται
659 2309 718 2361 τὸ
751 2308 1110 2360 ἁποστολικὲον
1152 2306 1310 2358 τοῦτο
1341 2302 1501 2374 ῥητόν
1525 2318 1538 2330 ·
1575 2304 1665 2352 τὸν
1700 2301 1753 2351 δὲ
1789 2299 1876 2349 τὸν

305 2403 464 2472 ζῆλον
499 2402 663 2453 πολὺν
693 2401 899 2453 Παῦλον
930 2398 1170 2467 βοῶνταη
1209 2396 1334 2448 Κᾶν
1359 2396 1611 2462 ἅγγελος
1634 2395 1877 2459 εὐαγγε-

302 2495 531 2560 ⁸ιίζητιιι
567 2493 706 2562 ὑμῖν·
733 2496 866 2560 παρ’
895 2493 924 2544 ὃ
965 2490 1352 2558 παρελάϐετε,
1406 2485 1668 2552 ἀνάθεμα
1701 2484 1876 2535 ἔστω.

309 2586 418 2639 Καὶ
447 2586 539 2636 ἐπὶ
568 2583 777 2643 τούτοις
799 2584 1100 2648 ἐπάγουσιν
1131 2581 1180 2631 οἱ
1215 2579 1305 2631 τὸν
1339 2579 1537 2631 κανόνα
1561 2574 1748 2626 τοῦτον
1786 2575 1878 2624 ὲκ-

309 2678 525 2744 Θέμενοι
571 2677 672 2736 ὅτι,
707 2675 912 2726 τούτων
960 2672 1131 2734 οὕτως
1164 2673 1334 2724 ὄντων
1381 2672 1476 2722 καὶ
1517 2669 1878 2737 διαμαρτυρο-

315 2768 490 2836 μένων
515 2769 666 2835 ἡμῖν,
691 2766 1088 2834 ἀγαλλιώμενοι
1141 2763 1228 2814 ἐπ’
1264 2763 1466 2823 αὐτοῖς,
1499 2760 1571 2822 ὼς
1601 2762 1652 2811 εί
1679 2777 1761 2819 τις
1786 2757 1879 2810 εῦ-

313 2878 397 2931 ροι
437 2861 610 2912 σκῦλα
650 2860 817 2912 πο).λᾶ
843 2861 957 2923 (καὶ
980 2857 1136 2910 τοῦτο
1159 2857 1219 2909 τὸ
1252 2855 1577 2921 Δαυῖδικόν).
1615 2853 1797 2906 Σκῦλα.
1825 2851 1881 2903 δὲ

313 2954 380 3004 τὰ
408 2954 520 3013 τοῖς
565 2954 775 3020 νεκροῖς
804 2953 915 3010 τοῖς
946 2952 1001 3002 ἐν
1027 2949 1247 3018 πολέμῳ
1273 2945 1498 2999 πεσοῦσι
1529 2947 1883 3015 περικείμενα

313 3043 586 3111 λέγονται,
637 3044 744 3094 εἴτε
782 3040 1005 3110 ὲσθῆτές
1057 3041 1217 3102 εἰσιν,
1270 3039 1380 3090 εἴτε
1425 3037 1586 3100 ὅπλα,
1639 3032 1748 3088 εἴτε
1800 3051 1883 3097 τις

315 3138 538 3204 κόσμος.
578 3134 650 3188 Τὸ
682 3132 1020 3202 ὑπερϐάλλον
1057 3127 1153 3184 οὖν
1178 3129 1268 3181 διὰ
1298 3128 1486 3181 τούτου
1517 3128 1545 3180 ὁ
1601 3128 1884 3196 προφήτης

1978 2025 2253 2088 videlicet,
2281 2024 2424 2078 Nihil
2461 2023 2611 2079 addi.
2643 2038 2742 2076 nec
2777 2021 2845 2074 ab
2903 2021 2972 2072 iis
3013 2015 3308 2086 quidquam
3344 2011 3545 2065 auferri

1980 2120 2146 2175 licere
2194 2120 2423 2173 affirmat
2463 2118 2531 2171 ⁸⁸.
2587 2117 2731 2168 Tum
2783 2127 2848 2166 ex
2909 2108 3282 2178 apostolorum
3333 2117 3550 2172 quoque

1984 2229 2232 2276 numero,
2289 2214 2524 2282 primum
2588 2207 2812 2273 quidam
2861 2204 3132 2257 immenso
3181 2199 3302 2252 fidei
3367 2210 3551 2249 amore

1981 2310 2300 2377 flagrantem
2355 2305 2573 2356 Pelt'nm
2629 2302 2804 2364 illum,
2837 2297 3131 2364 magnifice
3189 2310 3247 2347 se
3314 2293 3367 2345 in
3418 2290 3552 2357 ipsis

1982 2404 2294 2456 efferentem
2323 2415 2338 2459 ;
2371 2398 2422 2449 in
2444 2393 2877 2463 qun'desiderant
2905 2391 2977 2452 ⁸⁸,
3011 2386 3208 2454 inquit,
3236 2383 3408 2454 angeli
3437 2401 3559 2452 pro-

1985 2495 2180 2557 spicere
2207 2493 2274 2551 ⁵⁸.
2306 2504 2427 2558 qua:
2454 2497 2605 2551 sunt,
2649 2494 2706 2537 ut
2765 2484 2854 2537 ille
2893 2483 2990 2544 ait,
3034 2496 3096 2532 ea
3132 2492 3253 2544 qua:
3305 2476 3553 2530 nuntiata

1982 2595 2113 2639 sunt
2157 2584 2312 2637 nobis
2366 2598 2458 2649 per
2488 2595 2582 2634 eos
2622 2576 2713 2646 qui
2753 2571 3272 2643 evangelizaverunt
3311 2565 3472 2620 nobis
3497 2566 3548 2615 in

1986 2675 2190 2746 Spiritu
2234 2684 2458 2732 saneto;
2497 2669 2751 2738 quamvis
2786 2666 2880 2719 alii
2913 2664 3062 2718 hunc
3089 2660 3321 2735 apostoli
3376 2659 3556 2711 locum

1986 2771 2144 2822 aliter
2201 2765 2498 2834 explicent.
2546 2761 2750 2816 Deinde
2811 2760 3037 2812 Paulum
3081 2741 3256 2810 multo
3311 2754 3430 2808 zelo
3475 2755 3557 2805 in-

1987 2876 2233 2922 censum,
2256 2859 2344 2927 qui
2381 2857 2459 2911 sic
2477 2855 2891 2909 obtestabatur:
2919 2852 2999 2906 vel
3027 2850 3087 2906 Si
3107 2849 3326 2918 angelus
3355 2865 3561 2902 annuu-

1987 2955 2076 3006 tiet
2113 2952 2281 3012 vobis,
2313 2959 2500 3016 prarter
2534 2948 2587 3000 id
2607 2946 2747 3017 quod
2772 2944 3065 3013 accepistis,
3092 2942 3378 2995 anathema
3395 2942 3463 2993 sit
3492 2942 3557 2991 ⁸⁷.

1989 3045 2225 3098 Proinde
2281 3060 2400 3097 cum
2466 3042 2636 3103 haec,-
2669 3039 2922 3108 inquiunt
2968 3037 3199 3090 canonis
3253 3044 3512 3088 auctores
3545 3073 3560 3093 ,

1988 3140 2154 3210 286
2179 3139 2250 3192 ita
2278 3138 2579 3190 constituta
2611 3135 2744 3196 sint,
2785 3131 3056 3200 nobisque
3113 3137 3334 3187 testata.
3387 3128 3441 3181 in
3483 3127 3551 3180 iis

316 3229 553 3299 ἐδήλωσε
600 3228 698 3295 τῆς
721 3225 1118 3293 ἀγαλλιάσεως.
1171 3222 1233 3276 Oi
1266 3222 1372 3290 γὰρ
1404 3221 1529 3283 τοὺς
1558 3221 1617 3273 ἐν
1663 3217 1883 3286 πολέμῳ
1912 3245 1956 3308 C

1912 3245 1956 3308 ο
1990 3233 2354 3292 exsultantes.
2389 3228 2530 3284 sicut
2547 3227 2642 3298 qui
2689 3225 2897 3281 invenit
2929 3223 3101 3295 spolia
3150 3220 3319 3276 multa
3353 3220 3428 3289 (et
3456 3218 3559 3275 hoc

317 3323 581 3380 πεσόντας
615 3318 971 3379 σκυλεύοντες
1025 3315 1385 3384 νενεμηκότες
1433 3315 1496 3367 ἃν
1526 3313 1760 3371 νοοίντο,
1795 3308 1887 3361 καὶ

316 3413 425 3468 τῶν
455 3413 710 3464 ἐναντίων
738 3411 935 3480 ὑπερ-ιε
949 3410 1231 3478 ρῆσαντες,
1255 3408 1350 3458 καὶ
1369 3407 1560 3475 διπλῆν
1595 3406 1692 3472 τὴν
1720 3403 1890 3469 ἀγαλ-

319 3503 499 3554 λίασιν
524 3503 730 3572 ἔχουσι,
761 3501 860 3569 τὴν
889 3499 987 3568 μὲν
1012 3499 1098 3551 διὰ
1123 3501 1222 3568 τὴν
1256 3498 1434 3565 νίκην,
1485 3496 1580 3566 τὴν
1609 3495 1662 3547 δὲ
1688 3496 1774 3547 διὰ
1799 3495 1889 3545 τὸν

321 3595 572 3656 πλοῦτον,
630 3592 690 3644 ὃν
721 3594 782 3643 ὲκ
813 3590 921 3643 τῶν
954 3590 1165 3642 σκύλων
1194 3589 1503 3656 συνήγαγον
1526 3606 1537 3618 ·
1590 3587 1763 3648 οὕτως
1798 3582 1890 3638 οὖν

321 3688 414 3742 καὶ
445 3689 625 3756 ἡμεῖς,
651 3688 697 3738 οἱ
731 3676 1128 3754 Πατέρεςοῦτοί
1154 3699 1342 3749 φασιν,
1376 3680 1736 3748 ἀγαλλόμενοι
1766 3680 1892 3740 τοὺς

322 3779 500 3840 θείους
541 3778 768 3837 κανόνας
802 3774 1275 3845 ἐνστερνιζόμεθα,
1322 3775 1440 3825 ἀντὶ
1474 3775 1588 3833 τοῦ.
1624 3776 1895 3840 ἀγαπητι-

323 3872 437 3933 κῶς
486 3870 749 3941 δεχόμεθα
785 3870 877 3922 καὶ
932 3867 1417 3937 κατασπαζόμεθα.
1474 3865 1579 3929 Οὓς
1620 3866 1727 3935 γὰρ
1759 3868 1894 3930 ἀγαο

324 3973 542 4040 πῶμεν,
574 3970 704 4036 περὶ
736 3972 803 4021 τὰ
837 3970 1031 4037 στέρνα
1077 3969 1196 4027 ταῖς
1244 3964 1601 4034 περιπλοκαῖς
1655 3961 1896 4020 τιθέντες

324 4066 815 4133 κατασπαζόμεθα.
853 4064 884 4131 ἦ
917 4063 1034 4114 ἀντὶ
1063 4060 1180 4122 τοῦ,
1237 4058 1542 4128 ὲγκαρδίως
1593 4055 1856 4123 φιλοῦμεν
1879 4070 1892 4083 ο

323 4159 456 4228 περὶ
495 4156 562 4209 τὰ
609 4157 808 4224 στέρνα
844 4156 952 4224 γὰρ
990 4155 1022 4222 ἡ
1086 4151 1282 4220 καρδία
1319 4150 1497 4218 ἡμῶν.
1527 4149 1636 4201 Καὶ
1672 4147 1897 4215 ὀλόκλη-

327 4270 420 4322 ρον
455 4253 548 4303 καὶ
578 4250 873 4302 ἀσάλευτον
929 4247 1026 4315 τὴν
1061 4245 1241 4297 αὐτῶν
1292 4241 1556 4310 διαταγὴν
1596 4239 1896 4310 τηροῦμεν,

325 4344 480 4411 φασί.
537 4339 1018 4412 Κρατυνομένων,
1079 4337 1249 4406 ἤγουν
1306 4332 1754 4403 ὲπικυρουμένων
1804 4329 1900 4380 καὶ

326 4437 730 4508 βεϐαιουμὲνων
773 4434 881 4485 τῶν
916 4429 1243 4484 ἐκτεθέντων
1281 4427 1386 4480 ὑπὸ
1422 4426 1531 4478 τῶν
1568 4425 1740 4492 ἁγίων
1767 4423 1901 4472 ἀπο-

328 4533 554 4593 στόλων,
580 4531 675 4582 καὶ
702 4529 810 4580 τῶν
856 4526 913 4588 ἓξ
945 4521 1341 4591 οἱκουμενικῶν
1378 4520 1630 4580 συνόδων,
1663 4515 1756 4569 καὶ
1790 4513 1900 4566 τῶν

1989 3324 2307 3379 Davidicum
2367 3322 2498 3392 est).
2547 3321 2734 3391 Spolia
2769 3334 2902 3372 vero
2939 3318 3207 3371 dicuntur
3234 3329 3320 3377 ea,
3356 3311 3560 3382 quibus

1989 3419 2082 3487 qui
2113 3417 2166 3470 in
2201 3418 2341 3470 bello
2373 3414 2620 3469 cecidere
2649 3411 2822 3465 induti
2863 3420 3011 3470 sunt,
3065 3417 3177 3461 tum
3213 3413 3415 3465 vestes,
3447 3412 3564 3456 tum

1992 3526 2166 3572 arma,
2194 3519 2304 3562 tum
2330 3504 2599 3576 quidquid
2632 3504 2696 3556 ad
2727 3513 2981 3558 ornatum
3010 3499 3194 3568 aliquo
3225 3496 3388 3551 modo
3432 3510 3559 3564 per-

1991 3606 2162 3659 tinet:
2211 3603 2299 3656 hic
2353 3615 2485 3666 ergo
2544 3599 2742 3652 laetitia:
2808 3592 3238 3665 magnitudinem
3292 3587 3566 3657 Propheta

1995 3694 2418 3752 demonstravit.
2445 3692 2582 3745 Nam
2602 3691 2696 3760 qui
2729 3687 3036 3742 interfectis
3091 3686 3142 3739 in
3198 3683 3344 3738 bello
3392 3679 3568 3748 spolia

1997 3789 2312 3849 detrahunt,
2339 3784 2629 3839 victoriam
2664 3788 2984 3851 reportasse
3022 3793 3084 3832 ac
3116 3775 3430 3846 superiores
3469 3771 3568 3823 ad-

1997 3877 2254 3932 versariis
2292 3874 2463 3928 fuisse
2504 3871 2908 3940 intelliguntur,
2961 3868 3318 3939 geminaque,
3369 3862 3565 3932 partim

1999 3971 2069 4025 ob
2114 3968 2402 4023 victoriam
2463 3981 2571 4035 qua
2629 3964 2784 4033 potiti
2821 3971 2974 4022 sunt.
3008 3959 3209 4027 partim
3267 3959 3338 4010 ob
3382 3955 3563 4022 spolia

1999 4064 2200 4133 quibus
2244 4070 2371 4115 sunt
2399 4058 2578 4122 dilati,
2607 4058 2889 4126 voluptate
2938 4052 3323 4122 perfruuntur.
3363 4049 3566 4100 limlem

2001 4155 2162 4209 modo
2221 4168 2320 4208 nos
2377 4165 2630 4221 quoque,
2689 4148 2844 4201 aiunt
2884 4144 3099 4205 Patres,
3158 4137 3570 4202 exsultabuizdi,
3625 4186 3639 4205 ,

2002 4248 2217 4301 divinos
2247 4261 2489 4299 canones
2521 4241 2840 4311 pectoribus
2879 4239 3260 4295 admovemus.
3307 4234 3410 4285 hoc
3469 4238 3573 4290 est,

2004 4339 2292 4410 pet-libenti
2369 4335 2556 4389 animo
2627 4333 2973 4400 accipimus,
3035 4338 3090 4382 et
3151 4324 3570 4393 amplectimur;

2004 4447 2140 4500 quos
2171 4431 2315 4484 enim
2351 4428 2653 4496 diligimus,
2688 4438 2910 4494 pectora
2938 4420 3184 4475 brachiis
3220 4415 3454 4484 amplexi
3488 4427 3577 4465 sa-

2007 4524 2283 4585 lutamus;
2331 4521 2411 4574 vel
2446 4520 2640 4573 intimo
2679 4517 2865 4571 cordis
2911 4513 3107 4568 affectu
3159 4508 3440 4576 diligimus
3470 4507 3577 4572 (est

329 4627 470 4678 κατὰ
497 4625 692 4683 τόπους
735 4614 1249 4682 συναθροισθεισῶν,
1309 4614 1402 4667 καὶ
1431 4611 1539 4664 τῶν
1585 4609 1756 4678 ἁγίων
1789 4608 1901 4659 Πα-
1936 4589 1976 4645 Ῐ)

1936 4589 1976 4645 D
2007 4615 2318 4685 namquein
2351 4623 2571 4682 pectore
2616 4610 2800 4664 cordis
2863 4607 3064 4673 locus),
3117 4615 3419 4667 eorumque
3448 4614 3578 4650 eun-

327 4723 505 4786 τέρων
538 4714 720 4784 ἡμῶν,
781 4710 980 4780 δηλαδὴ
1039 4709 1149 4759 τῶν
1195 4707 1349 4767 ἐκτὸς
1405 4704 1636 4756 συνόδων
1671 4700 1901 4761 κανόνας

331 4807 749 4861 ἐκτεθεικὸτωνο
792 4805 991 4864 πάντες
1029 4801 1135 4870 γὰρ
1166 4802 1231 4851 ὲκ
1261 4797 1354 4851 τοῦ
1390 4795 1554 4848 αὐτοῦ
1589 4791 1903 4860 Πνεῦματος

329 4898 488 4965 ἁγίου
519 4895 876 4963 φωτισθέντες
906 4894 994 4944 τὸν
1024 4892 1149 4944 νοῦν
1187 4889 1392 4959 ὥρισαν
1425 4888 1492 4940 τὰ
1526 4886 1900 4955 συμφέροντα,

332 4993 426 5043 καὶ
458 4990 658 5046 πάντα,
697 4989 849 5055 φασὶ,
878 4985 1000 5036 κατ’
1031 4984 1274 5046 ἐκείνους
1305 4981 1400 5034 καὶ
1427 4982 1586 5050 ἡμεῖς
1620 4977 1904 5044 ποιοῦμεν.

333 5082 440 5145 Οὓς
463 5082 572 5150 γὰρ
601 5080 797 5131 ἐκεῖνοι
825 5075 1304 5145 ἀναθεματίζουσι,
1347 5073 1440 5126 καὶ
1491 5073 1653 5141 ἡμεῖς
1678 5085 1692 5102 ⁸
1733 5067 1824 5129 οὓς
1849 5067 1906 5118 δὲ

335 5175 675 5244 ἁφορίζουσι,
706 5176 797 5223 καί
827 5173 980 5239 ἡμεῖς
1008 5183 1023 5199 ·
1064 5163 1142 5230 οἷς
1168 5168 1223 5220 δὲ
1254 5166 1568 5234 ἐπιτιμῶσι,
1606 5165 1700 5216 καὶ
1721 5164 1906 5232 ἡμεῖς’

336 5269 710 5340 ἁφιλὰργυρος
741 5263 848 5331 γὰρ
871 5265 898 5315 ὁ
921 5262 1141 5330 τρόπος,
1164 5258 1494 5328 ἀρκούμενοι
1511 5261 1622 5317 τοῖς
1644 5255 1900 5324 παροῦσι.

334 5364 410 5415 Τὸ
445 5362 543 5432 μὲν
578 5358 740 5428 ῥητὸν
774 5356 1129 5409 ἀποστολικόν
1163 5370 1176 5383 ·
1211 5355 1514 5423 ἐχρήσαντο
1564 5352 1619 5402 δὲ
1657 5350 1826 5418 τούτῳ
1853 5347 1903 5399 οἱ

335 5455 437 5522 τῆς
462 5452 700 5513 συνέδουν
724 5447 1033 5518 δηλοῦντες,
1065 5443 1244 5515 οἶμαι,
1278 5446 1361 5497 ὅτι
1397 5443 1548 5495 οὐδὲν
1581 5441 1743 5494 πλέον
1791 5443 1903 5502 τοῖς

338 5544 471 5614 παρ’
503 5543 723 5595 ἐκείνων
761 5542 1064 5606 διαταγείει
1115 5538 1341 5606 θέλομεν
1394 5537 1552 5603 ἡμεῖς
1586 5534 1910 5602 προσθεῖναι

337 5643 426 5696 διὰ
457 5640 759 5709 φιλοδοξίαν
807 5638 1298 5709 ἁπληστευόμενοι,
1353 5635 1428 5695 ὡς
1461 5635 1508 5685 οἱ
1573 5632 1905 5701 φιλάργυροι

337 5738 427 5792 ἀεὶ
456 5735 769 5806 ζητοῦντες,
809 5728 888 5795 οἷς
924 5733 1123 5802 ἔχουσι,
1158 5730 1504 5800 προστιθέναι
1526 5743 1539 5756 ⁸
1576 5726 1688 5778 ἀλλ’
1710 5723 1907 5796 ἀρκοῦ-

414 5915 456 5948 ³³
481 5913 524 5969 ιι
556 5910 682 5969 Cor.
715 5925 811 5976 xu,
836 5911 889 5964 i.
961 5907 1168 5962 “Psal.
1205 5923 1398 5970 LXVIII,
1438 5904 1553 5958 153.

1636 5905 1678 5935 ⁵⁵
1700 5902 1854 5956 Deut.
1878 5914 1948 5963 tv,
1981 5899 2034 5950 2.

2010 4709 2314 4767 Stilutionis
2342 4709 2652 4766 universas.
2687 4718 2863 4768 neque
2903 4702 3008 4751 ulla
3046 4713 3110 4751 e-x
3173 4702 3338 4764 parte
3369 4690 3578 4744 labefa-

2009 4813 2187 4858 ctatas
2209 4813 2624 4862 conservalnus,
2652 4797 2927 4865 inquiunt,
2965 4789 3367 4844 tte—retinemus
3404 4801 3418 4848 ;
3445 4784 3579 4836 ratis

2012 4894 2223 4949 scilicet
2262 4906 2326 4945 ac
2375 4888 2718 4945 confirmatis
2773 4885 2842 4937 iis
2896 4880 3227 4940 cauouibus,
3262 4886 3375 4930 tum
3440 4888 3580 4939 quos

2014 4991 2188 5043 sancti
2215 4985 2469 5057 apostoli,
2521 4991 2635 5034 tum
2702 4992 2839 5047 quos
2899 4973 3273 5029 (PCIIIItcniCtC,
3331 4981 3582 5035 quosque

2017 5084 2144 5136 item
2179 5081 2381 5134 locales
2421 5074 2639 5146 synodi.
2676 5086 2814 5142 quos
2849 5069 3016 5123 etiam
3067 5073 3218 5118 extra
3282 5061 3583 5130 synmllcus

2015 5183 2318 5227 conventus
2376 5170 2551 5223 sancti
2612 5165 2805 5218 Patres
2860 5160 3033 5216 nostri
3087 5155 3330 5208 edidere.
3379 5150 3582 5203 Omnes

2014 5279 2270 5333 namque,
2299 5262 2544 5327 ejusdem
2575 5260 2750 5311 sancti
2777 5253 3016 5322 Spiritus
3042 5249 3255 5302 lumine
3289 5242 3580 5303 illustrati,

2016 5358 2168 5410 utilia
2205 5357 2518 5410 decrevere.
2549 5364 2614 5402 ac
2658 5345 2865 5405 omnia,
2907 5340 3189 5410 inquiunt,
3240 5351 3302 5388 ex
3363 5333 3582 5385 illorum

2023 5451 2295 5506 institutis
2327 5463 2427 5500 nos
2475 5457 2700 5514 quoque
2767 5437 3071 5493 sancimus.
3111 5431 3262 5496 Quos
3327 5426 3471 5480 enim
3509 5424 3603 5477 illi»

2021 5545 2391 5601 anathemate,
2450 5546 2542 5590 aut
2601 5533 2988 5603 depositione,
3035 5535 3126 5578 aut
3183 5519 3582 5589 segregatione,

2021 5641 2115 5686 aut
2139 5630 2260 5682 aliis
2288 5627 2461 5696 pinnis
2490 5624 2752 5683 alliciunt,
2783 5620 2906 5674 illos
2932 5615 3118 5671 eodem
3153 5625 3381 5681 prorsus
3407 5607 3595 5659 multm.

2021 5735 2221 5792 genere
2262 5735 2360 5773 nos
2397 5731 2614 5786 quoque
2645 5717 2988 5767 damnamus.
3016 5707 3139 5761 Sint
3167 5704 3368 5758 etenim
3405 5713 3595 5753 mores

2116 5897 2198 5950 ³⁵1
2234 5895 2376 5949 l‘ctt'.
2407 5913 2443 5953 ι.
2488 5892 2566 5946 15.
2648 5892 2687 5922 ⁸⁷
2721 5889 2899 5944 Galat.
2930 5903 2969 5944 ι.
3005 5885 3057 5941 9.

3614 4325 3625 4351 Ι
