4218 6458
283 470 388 530 885

360 601 379 632 ι
422 580 654 652 Γραφῶν
706 577 940 649 ἀληθινὴ
995 575 1299 644 ἐπιστήμη,
1368 570 1550 632 καθὼς
1609 571 1636 624 ὁ
1691 567 1944 636 μέγαςΑ

359 693 376 722 ι
420 673 740 741 ἀπεφήνατο
779 669 1083 731 Διονύσιος.
1118 668 1180 719 Ei
1216 665 1273 719 δὲ
1323 661 1728 734 ἀμφισϐητοίη,
1775 658 1870 711 καὶ

360 783 378 814 ι
426 764 499 834 μὴ
526 763 813 833 ἀσμενίζοι
841 762 988 816 οὕτω
1014 762 1190 814 ποιεῖν
1215 776 1274 811 τε
1303 757 1399 810 καὶ
1450 755 1749 816 διδάσκειν,
1795 749 1870 819 μὴ

367 877 384 906 ι
429 854 867 926 χειροτονιίσθω.
904 855 1050 922 Ἔφη
1095 853 1202 921 γάρ
1249 847 1610 920 προφητικῶς
1639 847 1668 898 ὁ
1692 843 1824 905 Θεὸς
1854 858 1869 872 ⁶

357 970 376 1001 ι
421 951 491 1003 Σὺ
522 948 819 1018 ἐπίγνωσιν
869 946 1097 1009 ἀπώσω,
1145 941 1302 1012 κάγὼ
1341 940 1636 1010 ἀπώσομαι
1682 937 1743 991 σὲ
1774 934 1869 989 τοῦ

363 1064 380 1093 ι
425 1042 500 1112 μὴ
532 1040 843 1113 ἱερατεύειν
876 1059 986 1094 μοι.
1029 1059 1048 1093 ι

359 1225 555 1278 ΒΑΛΣ.
584 1225 800 1286 Εξδότες
832 1225 882 1276 oi
911 1224 1060 1292 ἀγιοι
1098 1223 1347 1294 Πατὲρες
1371 1221 1473 1288 ζὸτι
1502 1219 1591 1274 διά
1617 1218 1715 1290 τὴν
1764 1218 1871 1270 τῶν

285 1318 659 1387 είκονομάχων
713 1317 928 1388 αῖρεσιν
971 1317 1020 1370 οἱ
1060 1316 1284 1376 πλείους
1326 1313 1872 1383 πιστοὶεέξηγροικί-

287 1410 518 1478 σθησαν,
563 1410 639 1471 ὠς
682 1411 997 1478 φεύγοντες,
1049 1410 1144 1462 καὶ
1191 1410 1265 1479 μὴ
1308 1408 1601 1478 δυνάμενοι
1641 1405 1743 1460 κᾶν
1793 1407 1872 1469 εἰς

285 1501 411 1569 ὄψιν
445 1501 754 1570 ἀνθρώπων
801 1501 1078 1570 ἔρχεσθαι,
1121 1497 1275 1554 εἶπον
1299 1499 1375 1562 ὡς
1402 1499 1496 1552 καὶ
1533 1499 1738 1560 πάντες
1773 1498 1872 1566 μὲν

288 1595 612 1663 Χριστιανοὶ
643 1594 1051 1662 ἀναγκάζονται
1099 1595 1200 1659 τὴν
1243 1593 1396 1645 θείαν
1423 1592 1647 1661 Γραφὴν
1677 1593 1873 1657 ἀναγι-

287 1688 522 1739 νὼσκειν
548 1688 686 1756 μετά
713 1687 941 1756 ἐρεύνης
970 1701 985 1713 °
1018 1687 1201 1758 πολλῷ
1223 1686 1278 1740 δὲ
1312 1686 1476 1738 πλέον
1497 1687 1545 1737 οἱ
1568 1685 1870 1755 ἀρχιερεῖς,

287 1781 340 1830 oi
388 1781 524 1848 πρὸς
554 1780 614 1832 τὸ
648 1780 924 1833 διδάσκειν
952 1781 1046 1834 τὺν
1073 1779 1164 1832 ὑπ’
1200 1780 1397 1842 αὐτοὺς
1432 1779 1564 1831 λαὸν
1609 1777 1875 1845 τεταγμέ-

291 1886 394 1922 νοι.
447 1871 537 1922 Διὸ
576 1871 670 1922 καὶ
708 1869 921 1939 ὥρισαν
952 1869 1026 1940 μὴ
1064 1868 1240 1933 ἄλλως
1269 1869 1392 1922 τινά
1419 1866 1871 1938 χειροτονεῖσθαι,

1290 461 1366 518 IN
1411 418 1576 515 ι’ῗιικ.
1619 455 1673 514 ll.
1719 451 1991 511 smom
2026 454 2126 513 vn
2173 456 2525 517 uacuum.

3436 434 3546 502 886

2053 587 2072 619 ‹
2112 569 2423 624 divinarum
2485 571 2695 624 scilicet
2758 563 3170 631 Set-ipturarum
3202 572 3330 610 vcra
3368 558 3550 612 scien-

2052 681 2068 712 ι
2103 665 2216 726 tia;
2255 664 2398 717 sicut
2424 675 2473 717 et
2509 677 2740 729 magnus
2776 659 2852 710 ait
2887 652 3207 724 Dionysius.
3249 652 3306 703 Si
3361 658 3546 702 autem

2052 755 2314 810 nlubius
2367 756 2531 809 animi
2605 751 2794 817 fuerit,
2865 755 2920 804 et
2973 762 3084 801 non
3157 744 3394 798 libenter
3434 741 3547 796 Inec

2051 867 2069 898 ι
2111 847 2291 902 facere
2359 858 2417 901 et
2467 847 2669 902 docere
2718 841 2999 902 voluerit,
3064 852 3170 890 uon
3233 831 3545 886 ordinetur.

2051 959 2069 992 ι
2108 939 2432 1010 Prophetice
2488 940 2634 994 enim
2699 937 2839 992 dixit
2897 933 3082 987 Deus:
3128 949 3146 981 ι
3177 927 3259 981 'l‘u
3299 923 3550 996 repuliin

2051 1053 2070 1086 ι
2109 1034 2422 1094 scientiam.
2485 1041 2540 1086 et
2575 1048 2678 1104 ego
2738 1040 2794 1087 te
2840 1026 3104 1097 repellam
3166 1039 3232 1077 ne
3276 1021 3355 1077 sis
3414 1018 3549 1073 mihi

2053 1149 2071 1180 ι
2102 1128 2357 1181 sacerdos
2388 1127 2458 1180 ⁸⁸.
2493 1146 2510 1179 ι

2055 1220 2250 1276 Βιιδ.
2283 1221 2420 1277 Cum
2469 1220 2678 1276 scirent
2712 1216 2886 1271 sancti
2915 1213 3134 1271 Patres,
3159 1209 3303 1279 quod
3335 1215 3557 1277 propter

1976 1315 2274 1385 imaginum
2306 1313 2751 1368 adversariorum
2784 1307 3017 1363 ltaeresin
3055 1303 3366 1373 complures
3421 1300 3554 1353 lide-

1977 1410 2056 1464 les
2092 1410 2205 1463 lieri
2257 1417 2610 1477 agrestesque
2669 1408 2990 1459 evaserunt.
3051 1407 3108 1451 ut
3159 1397 3250 1464 qni
3291 1392 3552 1461 fugerint,

1975 1513 2028 1559 et
2083 1519 2148 1559 ne
2214 1503 2267 1556 in
2333 1501 2616 1554 hominum
2674 1497 2894 1565 quidem
2954 1499 3308 1558 conspectum
3365 1487 3556 1541 venirt:

1977 1596 2271 1656 auderent,
2334 1577 2611 1654 dixerunt,
2649 1590 2792 1660 quod
2858 1600 3052 1640 omnes
3110 1583 3329 1652 quidem
3391 1581 3554 1633 (Ebri-

1976 1689 2139 1745 stiani
2216 1694 2492 1757 coguntur
2567 1699 2690 1737 cum
2772 1679 3220 1751 perscrutatione
3311 1676 3550 1728 divinam

1981 1782 2324 1852 Scripturam
2361 1780 2576 1845 legere;
2604 1783 2775 1830 multo
2804 1785 2984 1829 autem
3038 1771 3211 1842 magis
3253 1770 3551 1831 antistites,

1980 1875 2072 1944 qui
2113 1873 2179 1927 ad
2213 1872 2316 1926 sibi
2346 1870 2658 1938 subjectum
2686 1868 2941 1938 populuzu
2977 1866 3280 1919 docendum
3313 1861 3552 1915 ordinati

289 1962 339 2013 εί
393 1961 468 2032 μὴ
516 1962 607 2014 τὸν
640 1961 894 2031 ψαλτῆρα
944 1963 1231 2028 γινώσκει,
1295 1961 1390 2012 καὶ
1448 1957 1876 2026 ἀνακρινόμενος

1981 1968 2131 2016 sunt.
2159 1957 2311 2013 Unde
2345 1961 2508 2013 etiam
2543 1957 2890 2018 deﬁnierunt.
2948 1970 3055 2008 non
3119 1956 3255 2008 alias
3309 1952 3552 2007 ordinari

291 2055 399 2108 ὑπὸ
431 2056 524 2108 τοῦ
555 2055 844 2124 μέλλοντος
874 2058 1203 2126 χειροτονεῖν
1239 2056 1428 2120 αὑτὸν,
1468 2054 1663 2107 ὁποίαν
1688 2053 1872 2120 ἔφεσιν

290 2148 406 2216 ἔχει
427 2149 554 2218 περὶ
584 2148 682 2218 τὴν
710 2151 949 2219 μάθησιν
976 2150 1077 2216 τῆς
1111 2148 1262 2213 θείας
1294 2149 1538 2220 Γραφῆς,
1563 2147 1873 2216 κατάθηται

291 2241 696 2308 ἐπιμεληθῆναι
724 2244 822 2309 τῆς
853 2241 1217 2310 ἀναγνώσεως
1250 2243 1362 2296 τῶν
1398 2243 1564 2312 ἱερῶν
1593 2244 1688 2294 καὶ
1712 2243 1874 2294 θείων

291 2333 541 2384 κανόνων
595 2334 687 2386 καὶ
733 2334 842 2385 τῶν
867 2335 1094 2395 λοιπῶν,
1135 2335 1276 2404 μετά
1337 2334 1568 2405 ἐρεύνης
1607 2335 1873 2405 δηλονότι,

293 2424 389 2474 καὶ
421 2425 482 2474 οὐ
533 2426 671 2476 κατά
703 2426 936 2493 πάροδον
965 2442 982 2458 ο
1018 2427 1466 2497 ἀναστρέφεσθαι
1497 2427 1553 2479 δὲ
1598 2427 1694 2479 καὶ
1724 2428 1876 2496 κατὰ
1907 2480 1912 2485 ,

291 2517 362 2568 τά
397 2514 514 2567 θεῖα
547 2518 879 2587 ἐντάλματα,
922 2522 1016 2572 καὶ
1052 2520 1327 2573 διδάσκειν
1357 2519 1454 2572 τοῦ
1489 2521 1695 2590 Κυρίου
1727 2521 1875 2586 λάὸν,

295 2609 392 2659 καὶ
415 2609 604 2670 άπλῶς
630 2606 769 2663 εἶναι
811 2613 1034 2681 ἐτοιμον
1073 2616 1157 2677 εἰς
1198 2613 1259 2666 τὸ
1306 2613 1579 2667 διδάσκειν
1617 2617 1709 2667 καὶ
1742 2615 1878 2667 ἀπο-

295 2700 582 2765 κρίνεσθαι
625 2703 692 2754 τά
728 2704 914 2756 είκότα
943 2706 1068 2774 περὶ
1095 2706 1204 2757 τῶν
1232 2707 1644 2776 θεοπαραδὸτων
1681 2708 1880 2774 λογίων

291 2791 405 2842 τῶν
462 2793 631 2847 ὄντων
693 2796 882 2850 οὐσίαν
922 2799 1040 2867 ἦτοι
1079 2798 1341 2853 σύστασιν
1399 2802 1496 2870 τῆς
1554 2802 1878 2871 ἱερωσύνης.

299 2885 457 2938 Εἴποι
479 2888 535 2939 δέ
556 2906 662 2952 τις,
689 2891 808 2950 Πῶς
830 2894 876 2943 oi
908 2893 1052 2959 ἆγιοι
1077 2895 1319 2962 Πατέρες
1338 2895 1437 2946 οὐκ
1462 2890 1617 2946 εἷπον
1640 2894 1880 2963 ὀφείλειν

293 2986 727 3049 χειροτονεῖσθαι
777 2986 902 3049 τοὺς
954 2988 1163 3050 εἰδότας
1213 2989 1340 3050 τοὺς
1397 2990 1578 3059 ἱεροὺς
1625 2988 1874 3051 κανόνας,

292 3072 355 3120 τὸ
384 3072 537 3138 ἅγιον
563 3072 1021 3142 Εὑαγγέλιον’κα“ι
1041 3078 1110 3130 τά
1132 3079 1319 3144 λοιπά,
1352 3079 1485 3133 ἀλλά
1515 3080 1641 3140 τοὺς
1669 3078 1878 3141 εἰδότας

298 3168 464 3230 μόνον
491 3167 581 3219 τὸν
614 3167 893 3239 ψαλτῆρα,
925 3172 1021 3222 καὶ
1054 3172 1568 3241 ἐπαγγελλομένους
1609 3172 1879 3239 ἐπιμελη·

291 3253 457 3323 θῆναι
489 3258 582 3308 καὶ
633 3259 733 3326 τῆς
794 3259 903 3311 τῶν
952 3260 1158 3313 λοιπῶν
1192 3261 1481 3332 μαθήσεως
1513 3277 1528 3327 ;
1562 3243 1770 3328 Λῦσις.
1802 3263 1876 3315 Τὸ

295 3347 397 3414 μὲν
421 3348 615 3402 ειδέναι
644 3355 734 3404 τὸν
755 3352 1026 3423 ψαλτῆρα,
1051 3354 1126 3418 ὡς
1157 3355 1507 3428 ἀπῃτημένον
1529 3355 1587 3421 ἐξ
1608 3356 1873 3424 ἀνάγκης,

293 3441 552 3512 άπῃτήθη
580 3443 674 3496 καὶ
712 3445 864 3515 παρὰ
894 3447 1006 3499 τῶν
1033 3449 1210 3515 ἁγίων
1242 3449 1502 3518 Πατέρων
1531 3449 1876 3519 άσυμπαθῶς

291 3534 425 3590 τοὺς
480 3535 908 3601 χειροτονεῖσθαι
964 3537 1323 3604 ὀφείλοντας·
1387 3538 1496 3590 τῶν
1558 3538 1614 3592 δὲ
1673 3538 1877 3591 λοιπῶν

296 3620 458 3674 θείων
486 3625 833 3694 διδαγμάτων
864 3630 896 3698 ἡ
925 3630 1233 3699 κατάληψις
1264 3632 1363 3683 οὐκ
1398 3631 1661 3701 ἐζητήθη,
1700 3631 1786 3684 διὰ
1816 3632 1877 3686 τὸ

301 3713 378 3781 μὴ
428 3715 782 3785 ὀφειλόμενον
830 3716 971 3774 εἶναι
1019 3723 1115 3775 καὶ
1160 3725 1289 3786 τοὺς
1332 3725 1498 3792 μήπω
1545 3725 1876 3789 ἀξιωθέντας

292 3805 683 3862 διδασκαλικοῦ
716 3813 1030 3880 ἀξιώματος
1057 3819 1178 3876 ταῖς
1217 3816 1495 3879 τοιαύταις
1533 3816 1875 3885 ἀναγνώσεσι

293 3897 523 3959 ἑαυτοὺς
557 3903 903 3971 άπασχολεῖν,
949 3909 1043 3958 καὶ
1090 3908 1289 3976 μᾶλλον
1334 3909 1475 3972 τότε,
1526 3909 1611 3961 ὅτε
1646 3912 1694 3962 οἱ
1739 3911 1875 3980 X9:-

296 3996 505 4044 στιανοὶ
525 3996 822 4062 φυγαδείας
857 4000 1264 4068 κατεκρίνοντο.
1307 4003 1425 4054 Ἵνα
1453 4002 1503 4054 τί
1526 4003 1677 4070 γοῦν,
1699 3999 1873 4070 εἷπον,

295 4084 329 4136 ὁ
372 4086 479 4138 άπὸ
510 4088 620 4139 τῶν
651 4089 828 4142 ἄλλων
863 4091 1135 4159 βιωτικῶν
1163 4092 1294 4156 ἴσως
1321 4095 1598 4163 ἐργασιῶν
1638 4096 1718 4158 είς
1760 4113 1875 4166 χει-

296 4178 483 4231 τονίαν
535 4181 1035 4251 μετακαλούμενος,
1083 4184 1174 4237 καὶ
1224 4186 1312 4238 διά
1345 4187 1503 4240 τοῦτό
1538 4205 1594 4239 τε
1645 4188 1739 4240 καὶ
1787 4189 1876 4242 διά

291 4271 398 4338 τὴν
423 4270 531 4323 τῶν
561 4273 857 4341 όρθοδόξων
889 4276 1257 4348 στενωχορίαν
1286 4276 1872 4348 συγγνωμονούμενος,

292 4364 360 4415 ού
383 4367 812 4435 χειροτονηθείη,
838 4369 910 4428 ὼς
947 4369 1023 4439 μὴ
1048 4370 1187 4439 ἔχων
1218 4373 1523 4441 κατάληψιν
1545 4374 1746 4444 ἀκριϐῆ
1776 4377 1874 4444 τῆς

293 4455 449 4519 Θείας
481 4458 738 4528 Γραφῆς;
769 4460 882 4524 Διὸ,
932 4464 1118 4529 φασιν,
1166 4465 1214 4514 εἰ
1251 4463 1388 4531 πρὸς
1419 4464 1622 4536 ταύτην
1653 4466 1874 4534 ἕτοιμός

292 4551 434 4614 ἐστι,
475 4555 568 4605 καὶ
600 4553 996 4620 ἐπαγγέλλεται
1036 4555 1175 4624 μετά
1208 4555 1504 4619 διαθέσεως
1534 4557 1873 4628 ἐπιμεληθῆ-

293 4659 388 4696 ναι
426 4644 524 4711 τῆς
558 4644 920 4712 ἀναγνώσεως
953 4647 1147 4716 αὐτῆς,
1194 4650 1698 4718 χειροτονοθήσεται
1729 4669 1740 4680 ·

297 4737 437 4804 μετά
467 4737 526 4788 τὸ
560 4737 947 4807 ἀπαλλαγῆναι
979 4741 1077 4806 τῆς
1111 4739 1220 4792 τῶν
1241 4741 1418 4794 ἄλλων
1447 4741 1747 4812 ὀχλήσεως,
1778 4745 1873 4796 καὶ

292 4829 660 4892 ἀναδέξασθαι
703 4833 764 4884 τὸ
809 4833 1193 4886 διδασκαλικὸν
1233 4834 1476 4905 ἀξίωμα,
1519 4836 1578 4901 ἐξ
1628 4836 1873 4906 ἀνάγκης

291 4919 359 4971 ού
393 4921 749 4990 καταισχύνει
779 4924 1102 4992 ἐπάγγελμα
1130 4941 1144 4955 ⁸
1186 4926 1322 4978 άλλά
1351 4927 1648 4996 γενήσεται
1683 4929 1871 4981 τούτου

293 5013 394 5064 καὶ
457 5013 644 5082 μόνου,
701 5017 793 5066 καὶ
840 5017 1041 5087 ῥᾳδίως
1085 5017 1198 5082 ἐξει
1250 5017 1349 5088 τὴν
1414 5020 1727 5091 ἐπιστήμην
1773 5021 1873 5092 τῆς

292 5104 353 5156 ος
367 5106 447 5164 ξας
479 5105 723 5176 Γραφῆς.

371 5376 613 5430 ΖΩΝΑΡ.
653 5378 870 5443 Πάντας
905 5379 1004 5447 μὲν
1031 5381 1111 5434 δεῖ
1139 5384 1265 5446 τοὺς
1289 5387 1516 5448 πιστοὺς
1547 5386 1604 5436 ἐν
1635 5389 1750 5448 τοῖς
1774 5387 1869 5439 τοῦ

292 5466 434 5519 θεοῦ
485 5469 716 5540 μελετᾷν
754 5471 1114 5543 δικαιώμασι,
1151 5475 1247 5528 καὶ
1297 5477 1371 5545 μὴ
1415 5477 1867 5532 ἐπιλανθάνεσθαι

292 5561 405 5613 τῶν
435 5562 607 5629 λόγων
641 5565 808 5617 αὐτοῦ
842 5582 856 5595 ε
903 5566 1199 5635 ἐξαιρέτως
1235 5568 1291 5621 δὲ
1342 5570 1468 5632 τοὺς
1500 5570 1559 5622 τὸ
1591 5572 1867 5640 ἱερατικὸν

288 5652 733 5721 ἀμπεχομένους,
752 5654 1156 5726 ἐνδεδυμένους,
1181 5660 1599 5731 περικειμένους
1622 5661 1860 5730 ἀξίωμα.

290 5747 387 5800 Διὸ
411 5746 503 5797 καὶ
525 5748 551 5799 ὁ
577 5745 758 5800 κανὼν
777 5741 930 5813 οὗτος
961 5749 1054 5805 τὸν
1083 5753 1164 5816 είς
1187 5753 1494 5826 ἐπισκοπὴν
1525 5753 1864 5824 προάγεσθαι

372 5925 416 5958 ⁸³
449 5926 584 5982 Osce
609 5943 684 5993 tv,
713 5927 767 5982 θ.

1977 2053 2316 2122 quempiam,
2346 2065 2510 2120 quam
2569 2051 2614 2102 si
2676 2052 2823 2103 norit
2871 2047 3219 2118 psalterium.
3260 2056 3314 2099 et
3368 2046 3439 2101 ab
3467 2063 3554 2104 eo.

1975 2146 2167 2216 quiest
2188 2146 2365 2214 ipsum
2393 2140 3154 2205 ordinaturus,examinatus,
3183 2137 3458 2207 quodnam
3485 2136 3557 2190 sit

1977 2238 2097 2306 ejus
2127 2239 2181 2291 in
2209 2249 2457 2291 sanctam
2490 2235 2830 2306 Seripturam
2856 2231 3216 2295 desiderium,
3255 2241 3471 2284 asserat
3496 2245 3555 2282 se

1979 2346 2264 2386 sacrorum
2311 2341 2368 2385 et
2425 2329 2734 2382 divinorum
2781 2338 3053 2379 canonum
3089 2338 3153 2377 ac
3214 2322 3553 2390 reliquorum

1982 2426 2205 2480 lectioni
2234 2439 2456 2494 operam
2489 2423 2620 2475 dare
2654 2435 2779 2474 cum
2809 2419 3054 2491 diligenti
3082 2417 3294 2472 scilicet
3329 2415 3555 2470 investi-

1981 2519 2225 2581 gatione,
2262 2527 2314 2571 et
2369 2531 2479 2570 non
2529 2515 2748 2569 obiter:
2791 2513 2999 2567 versari
3053 2519 3234 2565 autem
3290 2509 3454 2563 etiam
3501 2508 3555 2559 iu

1980 2609 2184 2664 divinis
2221 2608 2529 2678 prteceptis,
2584 2616 2638 2660 et
2671 2605 2886 2659 Domini
2924 2605 3190 2673 populum
3227 2601 3466 2666 docere;
3500 2610 3558 2653 et

1979 2719 2122 2766 esse,
2161 2711 2221 2756 ut
2252 2700 2421 2756 semel
2452 2699 2657 2764 dicam,
2692 2707 3004 2767 promptum
3052 2695 3118 2748 ad
3163 2695 3468 2749 docendum
3505 2702 3559 2744 et

1981 2793 2447 2864 respondendum,
2483 2805 2606 2860 qua:
2635 2799 2764 2843 sunt
2788 2797 3182 2850 consentanea,
3218 2786 3284 2840 de
3315 2786 3553 2853 eloquiis

1981 2903 2010 2939 a
2041 2887 2155 2940 Deo
2209 2883 2449 2944 traditis,
2486 2897 2609 2952 qua:
2653 2879 2874 2952 quidem
2924 2888 3052 2933 sunt
3113 2877 3424 2933 substantia
3460 2893 3554 2929 seu

1982 2979 2311 3035 constitutio
2369 2974 2694 3030 sacerdotii.
2753 2973 2963 3027 Dixerit
3028 2982 3209 3025 autem
3261 2971 3556 3040 quispiam,

1981 3087 2081 3126 cur
2107 3068 2282 3125 sancti
2315 3066 2505 3122 Patres
2539 3081 2645 3119 non
2700 3063 2961 3118 dixerunt
3019 3077 3115 3117 eos
3151 3062 3348 3116 debere
3408 3061 3557 3115 ordi-

1982 3163 2125 3226 nari,
2151 3161 2244 3231 qui
2281 3174 2500 3214 sacrum
2530 3172 2798 3212 canonem
2837 3163 3064 3216 norunt,
3095 3165 3348 3208 sanctum
3379 3152 3560 3206 Evan-

1982 3255 2203 3326 gelium,
2234 3261 2288 3308 et
2322 3251 2533 3320 reliqua
2562 3267 2576 3303 :
2616 3247 2712 3303 sed
2748 3261 2844 3302 eos
2869 3249 2961 3316 qui
2990 3247 3308 3315 psalterium
3341 3253 3556 3300 tantum

1981 3352 2207 3411 norunt,
2233 3352 2287 3399 et
2320 3342 2656 3414 profitentur
2716 3355 2776 3395 se
2840 3340 3178 3409 reliquorum
3224 3355 3443 3409 quoque
3471 3337 3556 3392 di-

1977 3438 2305 3494 scendorum
2333 3451 2523 3492 curam
2572 3434 2806 3503 gerere?
2841 3433 3075 3487 Solutin.
3125 3432 3280 3486 Scire
3325 3431 3547 3498 quidem

1979 3533 2319 3600 psalterium,
2341 3539 2398 3583 ut
2423 3527 2741 3583 necessario
2777 3524 3128 3594 requisitum,
3158 3539 3274 3587 eos,
3297 3524 3389 3594 qui
3415 3525 3552 3578 citra

1977 3624 2143 3678 ullam
2177 3616 2979 3676 commiserationemordinari
3029 3616 3230 3671 debent
3270 3629 3300 3668 a
3351 3616 3555 3671 sanctis

1976 3731 2196 3787 quoque
2220 3715 2476 3768 Patribus
2500 3712 2838 3782 postulatmn
2867 3722 2950 3766 est
2977 3725 2989 3762 :
3013 3709 3343 3780 reliquarum
3373 3719 3552 3782 autem

1977 3809 2352 3864 doctrinarum
2412 3803 2832 3874 comprehensio
2882 3818 2986 3856 non
3049 3802 3451 3870 requirebatur,
3487 3816 3554 3855 eo

1976 3900 2122 3970 quod
2145 3900 2269 3969 jure
2295 3897 2433 3968 exigi
2467 3911 2575 3951 non
2607 3902 2807 3966 potest,
2860 3901 2919 3948 ut
2972 3896 3064 3964 qui
3097 3893 3332 3949 docendi
3369 3901 3556 3948 aucto-

1977 3995 2201 4049 ritatem
2236 4000 2289 4047 et
2331 4005 2532 4044 munus
2569 3989 2815 4044 nondum
2841 3996 2969 4042 sunt
3013 3988 3253 4041 assecuti
3304 3989 3358 4041 in
3401 3987 3553 4054 ejus-

1977 4087 2123 4142 modi
2157 4084 2484 4141 lectionibus
2516 4091 2825 4145 versentur,
2847 4091 2902 4135 et
2930 4081 3164 4136 maxime
3186 4095 3251 4135 eo
3282 4091 3551 4150 tempore,

1977 4180 2197 4249 quando
2279 4175 2584 4231 Christiani
2654 4173 2832 4228 exsilii
2899 4187 3061 4241 ptena
3125 4173 3550 4227 damnabantur.

1975 4271 2174 4337 Quidni
2208 4284 2359 4339 ergo,
2407 4267 2684 4330 dixerunt,
2733 4265 2825 4334 qui
2859 4265 2927 4318 ab
2961 4265 3105 4328 aliis,
3146 4265 3348 4334 quibus
3377 4266 3552 4322 victus

1976 4373 2238 4434 paratur,
2285 4359 2530 4414 artiticiis
2591 4359 2656 4412 ad
2723 4356 3132 4411 ordinationem
3200 4360 3552 4424 accersitur,

1974 4456 2530 4523 cuique-propterea.
2573 4460 2626 4504 et
2655 4461 2903 4529 _propter
2962 4449 3398 4504 orthodoxorum
3450 4467 3548 4503 au-

1975 4548 2208 4619 gustias,
2243 4546 2400 4600 venia
2431 4545 2616 4609 datur,
2649 4543 2959 4607 ordinetur,
3003 4553 3060 4596 ut
3085 4543 3180 4614 qui
3219 4559 3327 4597 non
3355 4543 3551 4598 habeat

1787 4650 2223 4712 61:;Dexaetam
2299 4637 2496 4694 divinae
2579 4635 2880 4705 Scriptura:
2955 4636 3551 4706 comprehensionem?

1972 4735 2120 4794 ldeo,
2175 4732 2452 4801 inquiunt,
2488 4731 2534 4784 si
2586 4731 2653 4782 ad
2707 4743 2828 4783 eam
2872 4737 3095 4798 paratus
3155 4728 3249 4794 sit,
3299 4738 3352 4783 et
3384 4746 3441 4784 se
3480 4735 3545 4784 ad

1971 4842 2090 4881 eam
2121 4824 2409 4893 diligenter
2446 4820 2731 4892 legendam
2785 4833 3010 4890 operam
3069 4820 3377 4890 positurum
3414 4838 3544 4892 pro-

1973 4921 2211 4982 ﬁteatur,
2248 4916 2630 4969 ordinabitur:
2673 4913 2803 4983 quia
2859 4921 3152 4983 postquam
3191 4915 3260 4969 ab
3316 4915 3545 4968 aliarum

1973 5027 2155 5068 rerum
2185 5009 2431 5063 molestia
2459 5015 2541 5061 est
2582 5006 2875 5072 liberatus,
2911 5016 2965 5061 et
3014 5007 3249 5062 docendi
3299 5008 3546 5061 auctori-

1979 5113 2143 5160 tatem
2174 5101 2442 5168 suscepit,
2473 5099 2872 5170 professionem
2911 5113 3068 5154 suam
3107 5098 3379 5155 dedecore
3437 5115 3545 5154 non

1978 5198 2212 5260 alliciat;
2250 5194 2344 5249 sed
2376 5196 2428 5248 in
2487 5209 2554 5248 eo
2605 5192 2722 5247 solo
2774 5201 3028 5247 versetur
3077 5206 3307 5248 necesse
3348 5201 3548 5259 est,et

1975 5291 2171 5344 divina:
2201 5287 2501 5355 Scriptura:
2530 5285 2816 5340 scientiam
2844 5284 3005 5339 facile
3027 5294 3375 5354 assequetur.

2045 5378 2300 5436 ZONAR.
2340 5378 2545 5432 Omnes
2572 5375 2790 5446 quidem
2857 5375 3044 5431 ﬁdeles
3097 5375 3154 5431 in
3202 5377 3552 5447 justilicatio-

1977 5475 2136 5527 nibus
2167 5469 2255 5524 Dei
2287 5467 2562 5531 meditari,
2591 5480 2691 5520 nec
2727 5465 2878 5520 illius
2921 5480 3241 5521 sermonum
3295 5468 3545 5525 oblivisci

1975 5566 2163 5620 decet:
2191 5562 2281 5618 sed
2297 5575 2394 5615 eos
2428 5558 2680 5624 maxime,
2700 5557 2792 5628 qui
2815 5557 3206 5614 sacerdotalem
3222 5559 3542 5630 dignitatem

1975 5659 2225 5712 obtinent
2252 5653 2366 5710 sive
2399 5666 2461 5707 ea
2493 5651 2702 5722 praediti
2732 5658 2898 5721 atque
2920 5652 3101 5707 ornati
3129 5664 3279 5712 sunt.
3300 5654 3543 5721 Quicun-

1973 5767 2080 5823 que
2107 5749 2270 5820 igitur
2303 5745 2369 5801 ad
2409 5744 2784 5816 episcopatum
2812 5742 2976 5804 fuerit
3021 5745 3359 5817 evehendus,
3394 5748 3540 5805 hunc
