4218 6458
704 432 810 496 887

1978 437 2256 498 ἸἪΕΟΙ).
2300 440 2528 500 BALSA
2540 439 2700 499 ΜοΝ

3839 439 3934 502 888

704 558 951 614 prmsens
973 557 1100 601 can.
1143 547 1194 599 in
1241 547 1484 615 psalterii
1518 549 1830 622 cognitione
1858 562 2129 604 versatum
2152 567 2276 604 θυεερ
2309 571 2321 612 Α

2383 553 2644 623 μέλλοντα
2676 553 2891 605 κεί-εὕει
2943 553 3031 606 τόν
3085 552 3336 621 ψαλτῆρα
3391 550 3701 618 γινώσκειν,
3746 551 3833 604 ἴνα
3861 557 3944 603 καί

696 636 875 701 jubet,
907 648 962 690 ut
988 640 1087 692 hoc
1119 648 1278 707 pacto
1304 641 1371 692 ab
1401 641 1493 694 illo
1525 644 1759 711 populus
1792 660 2015 713 quoque
2045 644 2273 704 initiari,

703 729 806 780 lioc
838 738 923 784 est
948 730 1136 783 eadem
1186 733 1498 801 cognitione
1529 735 1696 789 imbui
1735 737 1928 790 discat.
1966 738 2273 790 Exaiuinari

706 837 870 888 porro
903 822 1051 876 illum
1073 824 1186 876 vult
1211 827 1276 878 ab
1303 842 1368 877 eo
1403 842 1431 879 a
1465 844 1573 895 quo
1608 830 2004 883 reuuutiaudus
2031 839 2136 889 est.
2165 848 2276 885 nic-

703 912 1060 980 tr0politano,
1090 916 1257 985 288
1279 932 1347 969 an
1383 933 1572 972 sacros
1609 934 1871 983 canones,
1897 919 2272 989 Evangeliuui,

702 1006 944 1073 Apostoli
983 1008 1204 1069 librum.
1235 1013 1416 1065 omnia
1453 1012 1689 1081 denique
1714 1015 1914 1067 divinae
1974 1014 2274 1081 Scriptune

701 1109 1059 1155 monumenta
1087 1103 1365 1171 perlegere
1428 1104 1580 1159 velit.
1618 1107 1694 1158 Ac
1729 1105 1801 1160 ita
1847 1105 2068 1174 quidem
2099 1109 2274 1175 perle-

702 1206 851 1261 gere,
879 1202 940 1246 ut
975 1197 1288 1250 reconditas
1321 1196 1648 1266 abditasque
1681 1198 1908 1252 illorum
1972 1201 2273 1253 sententias

701 1294 998 1348 scrutetur,
1041 1288 1403 1357 proindeque,
1457 1300 1512 1344 et
1554 1291 1994 1361 uniuscujusque
2051 1293 2126 1346 rei
2191 1308 2275 1346 ra-

701 1379 907 1431 tiOuem
958 1377 1248 1446 intelligat,
1306 1391 1360 1432 et
1395 1381 1593 1450 populo
1645 1381 1750 1434 sibi
1810 1383 2111 1436 commisso
2147 1398 2272 1434 eru-

701 1470 901 1524 diendo
958 1472 1029 1522 sit
1107 1471 1383 1533 idoneus“.
1437 1474 1727 1542 ipsumque
1801 1475 2273 1540 interrogantibus

703 1562 1040 1629 respondere
1108 1573 1368 1632 paratus;
1417 1565 1574 1631 juxta
1622 1566 1870 1620 divinum
1910 1567 2269 1634 Apostoluin,

701 1656 795 1722 qui
840 1654 995 1722 jubet
1028 1657 1235 1718 tideles,
1270 1665 1490 1726 paratos
1517 1674 1642 1714 esse
1677 1675 1892 1728 semper
1942 1660 2272 1728 respondere

698 1747 851 1802 oui-ni
909 1748 1110 1817 petenti
1172 1750 1240 1802 ab
1305 1750 1439 1818 ipsis
1485 1754 1749 1805 rationem
1803 1752 1871 1804 de
1932 1766 2016 1812 ea,
2053 1767 2174 1820 qua:
2218 1753 2269 1803 in

700 1840 861 1894 nobis
883 1849 988 1903 est,
1012 1854 1145 1910 spe:
1182 1857 1288 1895 non
1317 1851 1498 1898 autem
1556 1844 1951 1914 perfunctorie,
2005 1847 2108 1899 boc
2159 1855 2269 1911 est,

691 1934 838 1987 alias
863 1948 948 1987 res
979 1949 1168 2004 agens.
1196 1947 1248 1990 et
1277 1937 1458 1990 verbis
1509 1939 1687 1991 solum
1753 1937 2051 1992 recitandis
2109 1953 2272 1992 occu-
2305 1913 2345 1969 Β

609 2021 613 2024 ”
701 2033 884 2091 patos.
919 2025 1196 2088 subiectas
1221 2042 1351 2079 vero
1376 2030 1679 2083 sententias
1705 2031 2021 2097 cognitione
2061 2046 2274 2099 nequa-

703 2131 868 2181 quam
903 2117 1203 2186 attingens.
1235 2118 1347 2174 Nec
1377 2121 1550 2173 soloin
1593 2121 1662 2173 ab
1689 2135 1755 2174 eo
1783 2136 2064 2176 sacrarunt
2096 2120 2273 2174 Litte-

701 2224 887 2263 rarum
917 2211 1182 2274 studium,
1206 2212 1346 2278 quod
1402 2213 1664 2275 diximus,
1713 2215 1978 2279 postulari
2010 2230 2026 2279 ;
2082 2214 2176 2268 sed
2214 2223 2273 2266 ut

700 2303 866 2372 vitanj
935 2310 1199 2370 prasterea
1255 2317 1319 2356 ac
1355 2317 1536 2357 mores
1590 2305 1652 2355 ad
1721 2304 1858 2372 legis
1896 2305 2098 2357 divina:
2135 2319 2272 2373 prae-

700 2392 969 2461 scriptum
1049 2407 1412 2462 normamque
1487 2404 1824 2464 componat,
1892 2395 2035 2464 exigi
2095 2400 2273 2465 placet

702 2501 878 2555 neque
913 2485 964 2539 id
1007 2494 1242 2549 tantum,
1288 2486 1382 2541 sed
1431 2495 1490 2541 ut
1545 2488 1598 2540 in
1655 2487 1959 2542 erudiendo
2012 2498 2270 2557 pra:terea

701 2578 915 2632 credito
939 2577 1045 2632 sibi
1076 2579 1277 2647 populo
1330 2579 1602 2632 elaboret.
1667 2579 1809 2633 Sunt
1857 2580 2060 2633 etenim
2125 2582 2267 2646 ejus.

702 2686 823 2741 qua:
885 2671 1029 2740 apud
1100 2687 1199 2724 uos
1262 2681 1365 2732 est,
1421 2671 1745 2726 liierarcbite
1818 2673 2163 2737 substantia,
2217 2685 2270 2726 ut

707 2779 935 2832 magnus
995 2762 1292 2832 Dionysius
1347 2763 1650 2829 indicavit,
1729 2765 1946 2834 eloquia
2001 2765 2272 2818 divinitus

705 2860 926 2922 tradita;
982 2858 1086 2912 hoc
1145 2865 1254 2920 est,
1323 2857 1632 2912 divinarum
1682 2857 2093 2929 Scripturarum
2146 2875 2270 2913 vera

699 2952 962 3022 Cognitio.
998 2949 1313 3006 Substautia
1348 2967 1477 3006 vero
1511 2951 1837 3006 bierarcbiaa
1883 2954 2066 3007 divina
2122 2951 2272 3006 Scri-

703 3051 863 3113 ptura
895 3052 1086 3096 vocata
1110 3053 1216 3106 est,
1239 3043 1386 3111 quod
1425 3058 1490 3096 ex
1540 3041 1635 3095 illa
1694 3044 1952 3097 nimirum
1985 3052 2096 3097 tota
2150 3044 2271 3113 ejus

701 3136 1024 3190 constitutio
1048 3135 1303 3206 pendeat.
1342 3136 1417 3189 De
1464 3136 1776 3190 substantia
1834 3150 2018 3202 porro,
2069 3137 2136 3189 iis
2175 3134 2269 3204 qui

700 3237 857 3302 cxtga
910 3238 1061 3288 sunt,
1114 3227 1216 3280 hoc
1272 3236 1518 3295 tempore
1573 3229 1728 3297 plura
1784 3229 1968 3282 dicere
2025 3227 2266 3282 alienum
2299 3267 2344 3330 ο

703 3318 836 3374 Inibi
861 3317 1034 3371 visum
1056 3328 1159 3370 est.
1191 3316 1284 3369 Vel
1320 3318 1467 3370 enim
1499 3318 1592 3382 qui
1624 3333 1684 3372 se
1733 3318 1798 3370 ad
1856 3318 2270 3378 cognoscendus

702 3426 942 3465 canones
970 3411 1257 3463 contulere
1290 3409 1502 3463 liberali
1552 3410 1803 3463 doctrina
1872 3413 2098 3480 expoliti
2118 3422 2270 3478 sunt,

700 3505 938 3574 ejusque
983 3504 1384 3568 deﬁnitionem,
1426 3512 1480 3557 et
1531 3519 1874 3573 quaecunque
1941 3505 2008 3557 de
2068 3505 2154 3557 illa
2217 3505 2270 3559 in

702 3598 1141 3668 praedicauientis
1172 3597 1485 3659 traduntur,
1514 3611 1752 3660 novere;
1785 3597 1890 3659 vel,
1928 3595 1971 3649 si
1998 3595 2266 3664 politioris

703 3690 1024 3742 litteratura:
1051 3690 1222 3758 ignari
1272 3695 1422 3746 sunt.
1466 3685 1669 3740 frustra
1725 3686 1859 3746 illis.
1921 3702 2262 3755 quaecunque

706 3782 809 3834 bac
834 3780 901 3835 de
934 3797 993 3836 re
1043 3783 1147 3834 diei
1193 3788 1447 3846 possunt,
1506 3779 1895 3834 incolcaveris.
1929 3777 2054 3834 llaec
2102 3780 2271 3848 igitur

2379 645 2472 697 τὸν
2501 646 2703 697 οίκεῖον
2749 645 2925 707 οὓτως
2971 645 3273 714 ὲκπαιδεύῃ
3342 645 3595 713 μυεῖσθαι
3639 644 3789 702 λαὸν,
3834 646 3945 694 ἀντὶ

2379 737 2472 789 τοῦ
2521 737 2841 804 μανθάνειν.
2912 735 3328 806 Ἀνακρίνεσοαι
3382 735 3439 788 δὲ
3490 735 3742 804 βούλεται
3791 735 3948 785 αὑτὸν

2379 829 2531 899 παρά
2573 828 2667 881 τοῦ
2716 830 3002 898 μέλλοντος
3037 828 3417 898 χειροτονῆσαι
3466 828 3629 879 αὑτὸν
3678 843 3951 894 μητροπο-

2379 923 2549 982 λίτου,
2585 923 2630 974 εί
2662 922 2807 974 θέλει
2851 920 3252 988 ἀναγινώσκειν
3305 923 3431 982 τοὺς
3485 923 3662 988 ἱεροὺς
3698 921 3948 980 κανόνας.

2378 1015 2438 1067 τὸ
2495 1015 2832 1081 Εὑαγγέλιον
2862 1053 2876 1074 ,
2931 1015 3031 1083 τὴν
3075 1012 3169 1065 τοῦ
3219 1013 3546 1066 Ἀποστόλου
3598 1013 3808 1082 βίϐλον,
3865 1013 3950 1064 καὶ

2379 1108 2560 1158 πᾶσαν
2593 1106 2691 1173 τὴν
2721 1107 2875 1157 θείαν
2907 1106 3150 1174 Γραφήν.
3179 1104 3601 1172 ’Λναγινὼσκειν
3635 1105 3693 1157 δὲ
3729 1106 3949 1173 ἐρευνη-

2377 1199 2564 1262 τικῶς,
2608 1197 2751 1250 ὥστε
2797 1197 2997 1250 εἰδέναι
3039 1198 3129 1250 τὸν
3149 1198 3274 1249 νοῦν
3324 1199 3579 1259 ἑκάστου,
3628 1196 3726 1248 καὶ
3772 1197 3951 1246 ἱκανὴν

2377 1289 2519 1345 εἶναι
2565 1293 2704 1362 πρὸς
2751 1291 3103 1347 διδασκαλίαν
3157 1289 3252 1342 τοῦ
3300 1289 3391 1342 ὑπ’
3424 1289 3589 1341 αὑτὸν
3644 1288 3801 1351 λαοῦ,
3863 1288 3950 1338 καὶ

2375 1385 2598 1453 ἕτοιμον
2632 1386 2766 1454 πρὸς
2809 1384 3105 1453 ἀπόκρισιν
3133 1384 3245 1443 τοῖς
3286 1381 3566 1450 ἐρωτῶσιν
3594 1380 3782 1442 αὑτὸν,
3821 1383 3949 1432 κατὰ

2375 1478 2466 1530 τὸν
2517 1478 2660 1530 θεῖον
2696 1476 3042 1538 Ἀπόστολον,
3077 1473 3524 1542 παραγγέλλοντα
3572 1474 3683 1530 τοῖς
3723 1477 3950 1534 πιστοῖς,

2377 1574 2463 1624 ἵνα
2515 1571 2730 1638 ἕτοιμοι
2790 1563 2924 1622 ὦσιν
2975 1569 3065 1622 ἀεὶ
3125 1568 3259 1636 πρὸς
3303 1565 3599 1632 ἀπολογίαν
3653 1567 3821 1615 παντὶ
3882 1565 3951 1632 τῷ

2376 1663 2622 1717 αίτοῦντι
2663 1663 2859 1725 αὐτοὺς
2903 1661 3061 1728 λόγον
3104 1660 3232 1728 περὶ
3279 1659 3380 1727 τῆς
3427 1661 3484 1710 ἐν
3531 1658 3665 1726 ἡμῖν
3713 1658 3948 1716 ἐλπίδος.

2375 1755 2511 1808 ἀλλά
2564 1754 2637 1824 μὴ
2691 1751 3141 1823 παροδευτικῶς,
3211 1751 3381 1818 ἦγουν
3429 1749 3811 1819 ἀπροσέκτως,
3868 1752 3953 1800 καὶ

2379 1849 2515 1919 μόνα
2562 1847 2629 1899 τά
2681 1848 2901 1915 ῥήματα
2930 1845 3178 1912 λέγοντα,
3207 1843 3308 1910 τῆς
3333 1841 3378 1894 δ’
3405 1842 3612 1902 ἑννοίας
3658 1843 3734 1910 μὴ
3787 1857 3953 1906 1:901-

2377 1941 2701 2008 ἀπτόμενον.
2747 1940 2857 1992 Καὶ
2907 1939 2968 1990 οὑ
3017 1937 3177 2006 μόνον
3221 1934 3392 1996 οὕτως
3432 1932 3830 1997 ἀναγινώσκειν
3860 1932 3953 1999 τὴν

2377 2034 2530 2085 θείαν
2580 2031 2800 2101 Γραφὴν
2833 2029 3186 2084 ἀπαιτεῖσθαι
3233 2027 3419 2091 αὐτὸν,
3473 2025 3609 2078 ἀλλά
3665 2025 3759 2076 καὶ
3815 2025 3950 2074 κατᾶ

2378 2127 2498 2179 θεῖα
2562 2125 2879 2191 ἐντάλματα
2928 2121 3370 2190 ἀναστρέφεσθαι
3433 2120 3529 2172 καὶ
3595 2117 3748 2186 βιοῦν
3782 2136 3796 2148 ·
3866 2119 3956 2166 καὶ

2375 2219 2494 2272 οὐδὲ
2524 2219 2682 2270 τοῦτο
2713 2219 2894 2285 μόνον,
2926 2214 3065 2266 ἀλλά
3116 2215 3209 2266 καὶ
3237 2211 3509 2264 διδάσκειν
3539 2209 3631 2261 τὸν
3659 2209 3752 2260 ὑπ’
3795 2207 3953 2259 αὐτὸν

2374 2311 2525 2363 λαόν.
2586 2311 2760 2362 Obuia
2813 2308 2922 2377 γὰρ
2983 2307 3082 2372 τῆς
3158 2304 3281 2356 καθ’
3336 2304 3483 2370 ἡμᾶς
3549 2303 3842 2369 ἱεραρχίας
3894 2300 3956 2348 τὰ

2376 2400 2756 2472 θεοπαρὰδοτά
2785 2400 2892 2452 είσι
2916 2398 3096 2464 λόγια,
3125 2397 3293 2465 ἤγουν
3325 2395 3357 2463 ἡ
3383 2393 3492 2444 τῶν
3531 2391 3692 2444 θείων
3725 2391 3957 2457 Γραφῶν

2373 2492 2607 2562 ἀληθινὴ
2632 2490 2936 2560 ἐπιστήμη,
2970 2487 3045 2552 ὼς
3095 2488 3125 2542 ὁ
3176 2485 3351 2556 μέγας
3397 2485 3720 2552 ἀπεφήνατο
3767 2483 3956 2532 Διονύ-

2376 2605 2513 2648 σιος.
2552 2585 2725 2638 Οὐσία
2749 2584 2805 2636 δὲ
2829 2583 2932 2650 τῆς
2966 2579 3254 2650 ἱεραρχίας
3286 2577 3492 2646 ἐκλήθη
3518 2577 3551 2645 ἡ
3582 2574 3702 2626 θεία
3730 2574 3950 2641 Γραφὴι

2372 2675 2448 2736 ὼς
2509 2674 2770 2733 σύστασις
2811 2673 3036 2735 ταύτης.
3090 2670 3353 2736 ¹Ἄκαιρον
3396 2668 3504 2734 γάρ
3557 2681 3645 2734 μοι
3700 2665 3955 2730 κέκριται

2371 2769 2436 2820 τὸ
2479 2765 2640 2818 πλέον
2692 2766 2867 2816 εἰπεῖν
2911 2780 2964 2815 τι
2991 2761 3121 2832 περὶ
3152 2759 3339 2820 οὐσίας
3371 2758 3514 2810 κατά
3538 2759 3665 2818 τοὺς
3704 2756 3834 2819 ἔξω.
3884 2757 3954 2807 Ἢ

2375 2861 2486 2930 γὰρ
2538 2859 2648 2911 τῶν
2696 2856 3080 2927 μετασχόντων
3135 2853 3386 2913 παιδείας
3444 2853 3494 2902 οἱ
3535 2852 3660 2909 τοὺς
3719 2850 3956 2906 κανόνας

2379 2954 2662 3023 μετιόντες
2692 2950 2824 3011 είσὶ,
2855 2949 2948 3001 καὶ
2975 2947 3152 3000 οἴδασι
3189 2945 3278 2997 τὸν
3309 2946 3434 3014 ὅρον
3463 2943 3692 3003 ταύτης,
3727 2940 3825 2993 καὶ
3856 2940 3957 2991 ὅσα

2375 3052 2432 3101 ὲν
2463 3049 2584 3108 ταῖς
2612 3043 2968 3114 κατηγορίαις
3009 3041 3138 3108 περὶ
3168 3041 3341 3108 αὐτῆς
3366 3038 3604 3106 εἴρηται,
3630 3035 3663 3103 ἦ
3688 3034 3955 3099 ἄγευστοι

2376 3138 2625 3198 παιδείας
2682 3137 2811 3198 είσὶ,
2873 3133 2970 3186 καὶ
3021 3133 3196 3198 μάτην
3242 3131 3340 3180 ὅσα
3389 3128 3455 3180 ἀν
3501 3143 3584 3188 τις
3625 3128 3763 3176 εἴποι
3813 3123 3959 3191 πρὸς

2377 3232 2624 3290 ἐκείνους
2671 3228 3006 3295 εἰρήσονται.
3037 3223 3098 3274 Εἰ
3134 3221 3235 3290 μὲν
3270 3215 3365 3273 οὖν
3399 3218 3575 3270 ταῦτα
3609 3214 3960 3282 ὑπισχνεῖται

2381 3323 2580 3380 ποιεῖν,
2608 3319 2704 3372 καὶ
2747 3316 2888 3368 οὕτω
2921 3313 3092 3383 βιοῦν,
3134 3313 3227 3364 καὶ
3265 3311 3390 3371 τοὺς
3417 3309 3613 3368 ἄλλους
3643 3305 3959 3376 ῥυθμίζειν,

2383 3408 2814 3482 χειροτονεῖσθαι
2848 3406 3010 3458 αὐτὸν
3052 3402 3368 3455 κελεύουσιν
3411 3400 3459 3450 oi
3502 3398 3736 3465 Πατέρες
3765 3412 3780 3424 ο
3820 3395 3871 3446 εί
3902 3393 3960 3445 δὲ

2381 3503 2733 3574 ἀμφιϐάλλοι,
2785 3500 2880 3551 καὶ
2937 3497 3011 3566 μὴ
3063 3493 3369 3562 ἀσμενίζοι,
3427 3490 3547 3540 ἀντὶ
3593 3485 3685 3538 τοῦ
3735 3486 3960 3554 ἀγαπᾷ,

2381 3594 2770 3666 προθυμεῖται,
2816 3590 2964 3642 οὕτω
3007 3589 3180 3639 ποιεῖν
3211 3584 3305 3637 καὶ
3333 3581 3629 3639 διδάσκειν,
3662 3576 3734 3646 μὴ
3763 3593 3963 3644 χειρο-

2381 3683 2679 3746 τονεῖσθαι,
2715 3681 2811 3732 καὶ
2844 3679 2936 3730 ἐπὶ
2975 3676 3186 3736 τούτοις
3240 3674 3508 3739 ἐπάγουσι
3537 3670 3604 3720 τὰ
3634 3669 3965 3735 προς-ητικά

2381 3776 2621 3845 ῥήματα.

706 3875 1299 3944 siqtiideiiiepismpus
1324 3889 1383 3927 se
1415 3873 1688 3927 facturum
1759 3873 2010 3941 recipiat.
2093 3873 2318 3942 ipseque
2344 3869 2486 3924 lianc
2545 3868 2670 3920 vita:
2747 3876 2999 3917 normam
3074 3858 3351 3927 amplecti,
3420 3868 3531 3909 tuin
3594 3855 3646 3907 in
3709 3851 3954 3905 aliorum

707 3983 924 4035 quoque
974 3967 1216 4023 moribus
1290 3967 1686 4036 componendis
1740 3968 1979 4021 laborem
2043 3967 2321 4036 suscipere
2362 3979 2467 4018 non
2534 3967 2766 4020 recuset,
2831 3970 2954 4009 eum
3005 3951 3246 4006 ordinari
3294 3947 3484 4003 Patres
3562 3947 3801 4016 jubeut:
3871 3945 3956 3998 sin

708 4058 907 4129 dubius
955 4058 1024 4113 sit
1074 4060 1262 4122 animi,
1306 4068 1359 4113 et
1434 4075 1542 4112 non
1603 4059 1831 4114 libenter
1889 4060 2145 4128 accipiat,
2211 4060 2312 4112 boc
2375 4068 2482 4118 εει,
2541 4061 2707 4117 amet,
2749 4058 2802 4103 et
2855 4055 3107 4115 prompto
3163 4044 3237 4098 sit
3282 4042 3466 4095 animo
3518 4041 3591 4093 ita
3647 4037 3837 4092 facere
3905 4047 3958 4089 et

706 4154 921 4210 docere.
956 4166 1059 4205 non
1093 4150 1357 4204 ordinari.
1395 4149 1488 4205 llis
1517 4161 1774 4219 prazterea
1805 4151 2082 4221 preplieta:
2107 4152 2266 4206 verba
2303 4148 2630 4217 subjiciunt.

708 4281 935 4354 AlilS'E.
989 4304 1006 4336 ι
1046 4283 1146 4352 Qui
1185 4285 1400 4339 iuturus
1452 4293 1537 4337 est
1591 4282 1900 4354 episcopus,
1941 4283 2272 4338 Psalterium

791 4399 810 4442 ι
847 4386 1071 4442 noscat:
1119 4386 1431 4446 pernoscat,
1469 4376 1616 4444 quod
1675 4375 1968 4446 legit,-nou
2009 4374 2273 4444 simplici-

785 4493 804 4526 ι
845 4483 949 4534 ter,
974 4470 1066 4527 sed
1110 4485 1234 4524 cum
1267 4467 1723 4540 perscrutatione,
1771 4483 1961 4522 sacros
2014 4481 2272 4529 canones,

785 4585 803 4617 ι
843 4569 1092 4617 sanctum
1158 4559 1509 4629 Evangelimn
1542 4597 1557 4623 ,
1614 4558 1856 4626 Apostoli
1928 4557 2168 4620 librum,
2221 4567 2274 4608 et

788 4654 1080 4724 rdiviuain
1135 4651 1474 4718 Scripturam
1547 4649 1894 4704 universam:
1931 4649 2015 4703 sin
2067 4648 2271 4706 minus.

784 4769 802 4799 ι
843 4762 910 4801 ne
938 4745 1240 4799 ordinetur.

781 4888 940 4945 Eunt.
981 4887 1071 4953 qui
1100 4884 1164 4937 ad
1194 4884 1542 4951 episcopatus
1591 4883 1815 4948 gradum
1867 4882 2267 4951 promoveudus
2302 4878 2344 4932 ι)

709 4993 816 5045 est,
851 4989 1063 5047 oportet
1112 4979 1430 5049 psalterium
1496 4977 1721 5029 ouiniuo
1780 4991 2003 5028 noscere
2036 4974 2276 5042 illudque

709 5071 1083 5141 interpretari,
1114 5081 1173 5123 ut
1197 5080 1251 5123 et
1276 5070 1484 5121 clerum
1511 5082 1668 5120 suum
1700 5068 1778 5118 sic
1800 5067 2009 5117 discere
2031 5064 2272 5115 edoceat.

712 5167 886 5230 Quam
914 5164 1200 5232 diligenter
1253 5161 1416 5214 etiam
1452 5175 1477 5210 a
1522 5160 1944 5226 metropolitano
1975 5155 2276 5208 examioari

711 5273 779 5310 an
815 5270 1002 5310 saeros
1026 5268 1266 5306 canones
1293 5261 1552 5304 accurate
1587 5260 1766 5319 potest
1825 5251 2023 5315 legere.
2058 5257 2111 5300 et
2147 5263 2274 5299 sau-

710 5358 862 5401 etuui
908 5345 1277 5414 Evangeliuni,
1316 5351 1370 5394 et
1407 5342 1575 5396 divini
1611 5343 1839 5411 apostoli
1876 5340 2271 5394 Paulilibruiu.

713 5453 765 5491 et.
801 5449 968 5493 totam
997 5437 1334 5502 Scripturam
1364 5435 1624 5495 divinam,
1668 5443 1722 5486 et
1769 5443 2005 5488 mentem
2058 5434 2275 5486 illorum

716 5529 1066 5597 investigare.
1109 5537 1162 5580 et
1199 5543 1320 5592 quae
1347 5526 1548 5594 scripta
1583 5534 1709 5579 sunt
1739 5525 2060 5594 intelligere.
2094 5524 2276 5590 Quan—

717 5619 1010 5687 doquidem
1062 5635 1189 5670 vera
1227 5619 1532 5672 divinarum
1573 5617 1983 5686 Scripturarum
2047 5616 2276 5669 scientia

715 5722 800 5765 est
823 5712 1144 5764 constitutio
1165 5722 1217 5761 et
1236 5713 1346 5776 ipsa
1375 5711 1693 5764 bierarcbia:
1715 5711 1946 5762 essentia
1978 5709 2275 5761 secundum

719 5818 976 5870 maguum
1009 5803 1365 5871 Dionysium:
1399 5811 1449 5855 et
1505 5803 1731 5855 scicntia
1801 5802 1881 5855 sic
1929 5802 2278 5864 instructum,

719 5910 846 5951 eum
883 5894 1125 5948 ordinari
1150 5912 1163 5947 :
1186 5895 1268 5949 sin
1297 5911 1500 5961 minus,
1534 5910 1642 5951 non
1683 5894 1952 5949 ordinari.
1975 5893 2116 5948 Dim
2139 5895 2279 5948 enim

2381 4283 2602 4341 ΔΡΙΣΤ.
2670 4299 2688 4333 ι
2740 4284 2799 4333 Ὀ
2857 4277 3224 4347 γενησόμενος
3279 4286 3579 4332 επισκοπος
3633 4272 3963 4336 γινωσκέτω

2459 4397 2478 4429 ι
2520 4377 2580 4430 τὸ
2609 4374 2922 4444 Ψαλτήριον
2949 4389 2962 4402 ο
2989 4367 3398 4436 διαγινωσκέτω
3452 4365 3532 4417 ὅτι
3588 4363 3963 4428 ἀναγινώσκει

2457 4495 2474 4523 «ι
2517 4470 2615 4539 οὐχ
2655 4468 2864 4530 ἁπλῶς,
2903 4463 3020 4517 ἀλλ’
3046 4457 3435 4532 ἐρευνητικῶς,
3467 4457 3594 4516 τοὺς
3634 4456 3820 4523 ἱεροὺς
3860 4471 3957 4506 κα-

2461 4583 2478 4613 ι
2519 4563 2698 4622 νόνας.
2736 4559 2795 4611 τὸ
2846 4558 3002 4623 ἅγιον
3039 4550 3395 4619 Εὑαγγέλιον,
3427 4549 3524 4615 τὴν
3555 4545 3648 4598 τοῦ
3695 4544 3963 4599 Ἀποστά-

2457 4676 2476 4706 ι
2518 4657 2612 4707 λου
2644 4651 2844 4722 βίϐλον,
2881 4648 2975 4703 καὶ
3003 4648 3188 4697 πᾶσαν
3209 4643 3307 4708 τὴν
3333 4639 3482 4693 θείαν
3517 4637 3747 4708 Γραφῇ
3775 4654 3794 4668 ο
3828 4640 3878 4688 εξ
3910 4637 3964 4687 δὲ

2459 4770 2475 4802 ι
2522 4749 2616 4816 μὴ.
2655 4745 2727 4813 μὴ
2753 4737 3183 4813 χειροτονείσθω.
3231 4755 3249 4785 ιι

2447 4888 2550 4938 Τῆιν
2595 4883 2850 4952 μέλλοντα
2892 4879 2969 4930 εἰς
3015 4876 3103 4926 τὸν
3134 4872 3232 4940 τῆς
3265 4869 3570 4933 ἐπισκοπῆς
3620 4866 3966 4936 προάγεσθαι

2380 4980 2610 5050 βαίξμδν,
2667 4977 2744 5027 δεῖ
2791 4974 3008 5030 παντως
3053 4969 3142 5018 τὴν
3171 4965 3427 5033 ψαλτῆρα
3481 4960 3804 5027 γινώσκειν,
3876 4963 3966 5011 καὶ

2379 5068 2706 5139 ἑρμηνεύειν
2755 5063 2937 5122 αὐτὴν,
2991 5060 3080 5111 ἵνα
3111 5059 3206 5109 καὶ
3253 5056 3342 5107 τὸν
3397 5054 3487 5106 ὑπ’
3536 5054 3706 5106 αὑτὸν
3764 5054 3968 5121 κὶῆρῡν

2378 5162 2521 5214 οὕτω
2552 5157 2842 5226 μανθάνειν
2885 5151 3131 5220 διδάσκῃ.
3181 5143 3566 5208 Ἐξετάζεσθαι
3600 5143 3658 5194 δὲ
3705 5142 3969 5210 ἀσφαλῶς

2382 5251 2472 5300 καὶ
2495 5246 2600 5299 ὑπὸ
2628 5243 2720 5295 τοῦ
2754 5238 3174 5310 μητροπολίτου,
3199 5236 3248 5286 εί
3281 5233 3558 5301 ἐπιμελῶς
3581 5233 3817 5285 δὺναται
3845 5234 3970 5291 τοὺς

2391 5341 2567 5407 ἱεροὺς
2611 5335 2840 5395 κανόνας
2875 5330 3292 5398 ἀναγινώσκειν,
3319 5327 3379 5377 τὺ
3405 5326 3556 5391 ἅγιον
3603 5326 3970 5392 Εὐαγγὲλιον,

2388 5433 2485 5499 τὴν
2512 5430 2607 5481 τοῦ
2640 5426 2784 5480 θείου
2813 5421 3111 5477 ἀποστόλου
3147 5419 3363 5472 Παύλου
3412 5417 3613 5485 βίϐλον,
3654 5420 3754 5470 καὶ
3790 5421 3973 5469 πᾰςαν

2390 5524 2485 5581 τὴν
2521 5520 2670 5572 θείαν
2689 5516 2931 5586 Γραφὴν,
2963 5513 3057 5566 καὶ
3093 5512 3182 5562 τὴν
3215 5509 3342 5561 νοῦν
3373 5508 3551 5561 αὐτῶν
3584 5510 3850 5576 ὲρευνᾷν,
3888 5509 3977 5558 καὶ

2391 5616 2626 5667 συνιέναι
2658 5613 2722 5663 τά
2745 5608 3110 5678 γεγραμμένα
3143 5622 3155 5634 ·
3202 5605 3341 5655 διότι
3373 5602 3631 5662 σύστασις
3670 5603 3773 5652 καὶ
3815 5601 3976 5652 οὐσία

2391 5708 2490 5775 τῆς
2525 5701 2934 5772 ἀρχιερωσύνης
2979 5699 3012 5764 ἡ
3044 5695 3151 5747 τῶν
3180 5695 3343 5746 θείων
3369 5693 3601 5761 Γραφὼν
3632 5694 3794 5743 ἐστιν
3845 5693 3978 5756 ἀλη-

2391 5800 2511 5865 θινή
2560 5796 2857 5860 ἐπιστήμη,
2915 5791 3056 5841 κατὰ
3107 5788 3197 5838 τὸν
3255 5787 3434 5855 μέγαν
3487 5784 3783 5836 Διονύσιον
3815 5800 3828 5810 ⁸
3889 5787 3978 5832 καὶ

2390 5890 2559 5948 οὕτως
2596 5885 2786 5954 ἔχοντα
2821 5879 3072 5948 γνώσεως
3102 5875 3522 5950 χειροτονεῖσθαι
3566 5875 3733 5928 αὐτόν
3768 5892 3784 5905 ο
3836 5875 3888 5926 εἰ
3926 5871 3977 5924 δὲ
