4218 6458
273 455 382 518 839

1243 455 1322 515 IN
1349 453 1509 514 CAN.
1547 453 1638 512 III
1682 452 1949 512 SYNODI
1993 455 2097 512 Vll
2139 453 2492 513 (ECUMEN.

3391 451 3496 514 890

278 565 376 636 μὴ,
425 562 501 634 μὴ
545 564 983 634 χειροτονείσθαι.
1032 564 1160 614 Eius
1197 565 1305 632 γὰρ
1355 563 1383 614 ό
1427 561 1557 623 Θεὸς
1605 561 1694 613 διὰ
1743 559 1834 612 τοῦ
1865 561 1944 619 Αἵ

1821 559 1834 608 3
1865 565 1910 619 Δ
1941 560 2080 616 Deus
2113 578 2206 631 per
2233 563 2545 631 prolibetam
2578 581 2590 616 :
2627 561 2705 615 Tn
2737 562 3004 615 scientiam
3039 559 3296 630 rcpnlisti,
3320 574 3367 614 ct
3399 581 3487 631 ego

274 659 561 729 προφήτου
585 674 600 688 ⁸
641 657 720 711 Σὺ
752 659 1080 725 ἐπίγνωσιν
1105 655 1343 720 ἀπώσω,
1391 651 1550 724 κάγὼ
1598 650 1835 709 ἀπώσο-

270 767 378 819 μαι
401 750 496 818 σὲ,
533 750 642 805 τοῦ
663 750 749 820 μὴ
779 751 1098 817 ἱερατεύειν
1121 767 1240 816 μοι.

884 842 1120 894 ΚΔΝΩΝ
1154 841 1224 896 Γ.

283 953 302 982 σι
351 934 540 986 ΙΙᾶσαν
572 932 750 1000 ψῆφον
774 892 1247 1001 γινομένην-παρά
1277 931 1574 1000 ἀρχόντων,
1610 892 1831 980 έπίσκό-

355 1047 372 1076 ι
417 1041 520 1076 που
561 1023 995 1094 ἢπρεσὸυτέρου
1039 1023 1069 1092 ἢ
1106 1023 1374 1086 διακόνου,
1419 1021 1622 1091 ἄκυρον
1653 1018 1837 1088 μένειν

355 1136 374 1170 ι
416 1118 557 1171 κατὰ
598 1119 688 1168 τον
720 1118 919 1168 κανόνα
948 1117 1036 1166 τὸν
1063 1115 1290 1182 λέγοντα
1316 1131 1330 1145 ·
1367 1133 1384 1162 ι
1421 1113 1484 1165 Et
1504 1129 1588 1173 τις
1614 1111 1835 1163 ὲπίσκου

351 1227 369 1262 ι
414 1227 537 1275 πος,
578 1211 862 1279 κοσμικοῖς
894 1209 1121 1276 ἄρχουσι
1158 1207 1519 1276 χρησάμενος,
1549 1203 1615 1256 δι’
1657 1201 1836 1256 αὐτῶν

325 1277 377 1355 ~t
420 1277 694 1371 ἐγκρατὴς
730 1301 1028 1367 ἐκκλησίας
1052 1298 1300 1366 γένηται,
1331 1295 1698 1365 καθαιρείσθω
1743 1293 1835 1345 καὶ

354 1413 372 1445 ι
414 1393 777 1462 ἀφοριζέσθω,
808 1399 897 1443 καὶ
925 1392 972 1443 ol
999 1388 1380 1448 κοινωνοῦντες
1407 1387 1556 1456 αὐτῷ
1583 1386 1830 1446 πάντες..

344 1502 366 1533 σ
417 1487 506 1537 Δεῖ
543 1486 652 1555 γὰρ
693 1483 782 1536 τὸν
830 1477 1093 1553 μέλλον’τα
1123 1479 1550 1552 προὸιὸἀζεσθαι
1597 1480 1673 1540 εἰς
1717 1481 1836 1530 ἐπι-

352 1597 369 1628 ι
413 1575 809 1644 σκοπηνγόπδ
861 1574 1175 1627 ἐπισκόπων
1226 1571 1602 1643 ψηφίζεσθαι·
1657 1569 1839 1632 καθὼς

353 1687 372 1720 ι
415 1670 566 1737 παρὰ
599 1667 707 1719 τῶν
731 1667 902 1732 ἁγίων
943 1666 1204 1734 Πατέρων
1233 1663 1340 1716 τῶν
1374 1665 1430 1715 ὲν
1469 1663 1669 1733 Νικαίᾳ
1707 1662 1838 1732 ὥριο

348 1781 367 1812 ι
416 1776 537 1811 σται
605 1761 662 1811 ὲν
712 1758 790 1826 τῷ
839 1757 1021 1810 κανόνι
1057 1758 1135 1826 τῷ
1183 1756 1392 1825 λέγοντι
1422 1770 1438 1786 ο
1514 1755 1840 1809 Ἐπίσκοπον

351 1868 370 1901 ιι
412 1851 680 1918 προσήκει
728 1849 961 1918 μάλιστα
1000 1849 1098 1918 μὲν
1147 1849 1252 1900 ὑπὸ
1287 1849 1502 1902 πάντων
1543 1847 1652 1900 τῶν
1686 1847 1746 1898 ὲν
1770 1847 1836 1914 τῇ

350 1963 369 1993 ι
416 1943 650 2012 ἐπαρχίᾳ
711 1941 1121 1995 καθίστασθαι·
1183 1943 1232 1994 εί
1304 1941 1361 1994 δὲ
1425 1939 1684 2012 δυσχερὲς
1753 1918 1912 2007 siqu

347 2055 366 2084 ε
407 2034 566 2086 τοῦτο
618 2036 649 2102 ἥ
723 2035 810 2086 διὰ
865 2033 1301 2101 κατεπείγουσαν
1352 2033 1600 2101 ἀνάγκην
1661 2031 1693 2100 ἢ
1753 2031 1839 2084 διὰ

353 2147 372 2177 ‘
419 2128 590 2195 μῆκος
623 2125 762 2191 ὁδοῦ,
795 2125 1098 2189 ἐξάπιντος
1124 2129 1272 2196 τρεῖς
1293 2127 1385 2179 ἐπὶ
1415 2125 1476 2178 τὺ
1506 2123 1640 2178 αὐτὸ
1675 2141 1837 2177 συνα-

353 2238 374 2268 et
420 2219 682 2287 γομένους
718 2219 1050 2288 (συμψήφων
1085 2219 1384 2288 γινομένων
1414 2219 1509 2271 καὶ
1537 2218 1647 2270 τῶν
1674 2217 1839 2270 ἀπόν-
1874 2213 1886 2229 ³

355 2331 372 2360 ι
415 2327 524 2363 των
573 2313 666 2363 καὶ
710 2311 1105 2380 συντιθεμένων
1151 2311 1242 2366 διὰ
1288 2298 1675 2382 γραμμάτων),
1716 2312 1839 2362 τότε

358 2416 376 2448 ι
419 2398 516 2468 τὴν
567 2398 897 2468 χειροτονίαν
954 2399 1246 2453 ποιεῖσθαι.
1304 2400 1379 2453 Τὸ
1421 2400 1477 2453 δὲ
1522 2399 1688 2470 κῦρος
1731 2397 1839 2450 τῶν

360 2510 380 2541 ιι
420 2493 722 2558 γινομένων
754 2490 990 2544 δίδοσθαι
1021 2491 1146 2544 καθ’
1188 2490 1430 2563 ἑκάστην
1457 2491 1727 2561 ἐπαρχίαν
1761 2488 1840 2556 τῷ

354 2602 373 2629 ιι
418 2581 808 2651 μητροπολίτῃ.
852 2603 870 2629 ι
1832 2638 1840 2652 ι

352 2672 546 2726 ΒΑΔΣ.
591 2673 684 2726 Ἐν
713 2675 831 2734 ταῖς
885 2673 1118 2744 ἡμέραις
1168 2675 1264 2744 τῆς
1318 2672 1594 2744 παρούσης
1624 2673 1840 2726 συνόδου

273 2762 612 2833 ἐψηφίσαντό
667 2781 833 2826 τινες.
881 2765 955 2828 ὡς
991 2766 1191 2827 ἔοικεν,
1234 2766 1343 2819 ἀπὸ
1386 2765 1632 2829 ἐξουσίας
1674 2765 1840 2817 τινῶν

274 2856 866 2925 παραδυναστευόντων
932 2857 1264 2920 ὑπεναντίως
1320 2858 1399 2927 τῷ
1467 2858 1594 2928 περὶ
1645 2858 1838 2909 τούτου

273 2945 626 3015 ἀποστολικῷ
684 2947 890 2998 κανόνι.
924 2945 1016 3016 Μὴ
1063 2947 1376 3015 ἀνεχόμενοι
1429 2943 1525 3000 οὖν
1575 2947 1735 2999 τοῦτο
1789 2947 1840 2998 οί

274 3037 426 3106 ἅγιοι
459 3038 722 3106 Πατέρες,
753 3035 963 3106 ὥρισαν
989 3039 1089 3106 τὴν
1113 3037 1370 3108 τοιαύτην
1413 3038 1595 3107 ψῆφον
1634 3038 1838 3108 ἄκυρον

272 3128 417 3182 εἶναι
447 3129 754 3191 ἀκολούθως
788 3130 863 3199 τῷ
892 3130 1111 3197 ῥηθέντι
1143 3130 1487 3200 ἀποστολικῷ
1518 3131 1724 3195 κανόνι,
1761 3131 1838 3200 τῷ

275 3220 638 3293 διοριζομένῳ
677 3224 812 3285 τοὺς
854 3223 995 3275 οὕτω
1043 3223 1411 3294 ψηφισθέντας
1455 3223 1838 3294 καθαιρεῖσθαι

277 3318 378 3369 καὶ
431 3315 808 3384 ἀφορίζεσθαι,
871 3316 998 3377 τοὺς
1053 3316 1110 3369 δὲ
1157 3319 1604 3387 ,κοινωνήσαντας
1656 3319 1835 3380 αὐτοῖς

274 3407 676 3478 ἀφορίζεσθαιο
729 3409 827 3476 τὴν
875 3407 1058 3476 μέντοι
1105 3393 1288 3478 ψῆφον
1334 3411 1536 3477 ὀφείλει
1592 3412 1838 3478 γίνεσθαι

274 3498 421 3551 κατά
476 3498 566 3550 τὸν
616 3496 659 3549 δ’
710 3498 913 3550 κανόνα
938 3498 1047 3551 τῶν
1098 3499 1268 3568 ἀγίων
1319 3501 1574 3572 Πατέρων
1615 3503 1726 3555 τῶν
1781 3506 1837 3557 ὲν

273 3589 500 3660 Νικαία.
541 3590 652 3642 Καὶ
699 3589 1012 3656 ἁνάγνωσον
1041 3590 1133 3644 οὖν
1180 3592 1270 3644 τὸν
1318 3594 1558 3647 τοιοῦτον
1615 3595 1837 3661 κανόνα,

274 3684 373 3734 καὶ
413 3683 505 3734 τὸν
542 3681 586 3735 λ’
626 3683 826 3735 κανόνα
865 3683 977 3735 τῶν
1015 3684 1190 3748 ἁγίων
1232 3686 1562 3751 ἀποστόλων,
1601 3691 1692 3742 καὶ
1742 3689 1841 3752 τὰς

273 3775 575 3844 ἑρμηνείας
615 3775 818 3828 αὐτῶν.
863 3776 930 3828 Τί
957 3777 1034 3840 δὲ,
1064 3777 1175 3830 τῶν
1204 3778 1444 3831 κανόνων
1489 3781 1565 3850 μὴ
1604 3781 1838 3853 διοριζο-

279 3870 464 3932 μένων
518 3867 606 3920 διὰ
659 3869 841 3936 ψήφου
893 3869 1136 3937 γίνεσθαι
1203 3871 1301 3934 τὰς
1355 3873 1690 3942 χειροτονίας
1731 3875 1840 3928 τῶν

276 3961 669 4031 πρεσϐυτέρων
723 3964 815 4015 καὶ
863 3961 972 4015 τῶν
1015 3963 1298 4025 διακόνων,
1347 3964 1482 4017 ἀλλὰ
1519 3964 1680 4032 μόνον
1731 3964 1839 4018 τῶν

273 4053 616 4115 ἐπισκόπων,
671 4057 782 4116 πῶς
831 4056 858 4106 ό
911 4057 1089 4109 κανών
1142 4072 1306 4124 φησιν
1355 4056 1694 4125 ἁκυροῦσθαι
1744 4058 1840 4122 τὰς

273 4147 428 4216 παρὰ
456 4148 729 4218 ἀρχόντων
771 4149 1060 4217 γινομένας
1089 4149 1300 4218 ψήφους
1337 4152 1672 4214 ἐπισκόπων,
1705 4169 1840 4222 πρε-

271 4241 437 4292 σσυτέ
447 4257 554 4311 ρων
575 4241 670 4293 καὶ
697 4241 961 4294 διακόνων
985 4261 997 4304 ;
1028 4243 1237 4309 Λύσις.
1271 4243 1424 4306 Τινὲς
1448 4239 1602 4296 εἷπον
1627 4244 1721 4298 καὶ
1745 4245 1841 4308 τὰς

268 4333 425 4400 τρεῖς
469 4335 799 4402 χειροτονίας
853 4335 945 4386 ἐπὶ
993 4335 1112 4395 ἑνὸς
1145 4333 1438 4404 προσώπου
1469 4335 1703 4403 ὀφείλειν
1750 4337 1841 4386 εκ-

271 4425 673 4493 λαμῦἀνεσθαι,
714 4428 806 4478 καὶ
837 4412 934 4495 τὴν
971 4425 1113 4478 οὓτω
1147 4427 1448 4498 γενομένην
1478 4427 1657 4496 ψῆφον
1682 4428 1840 4497 χάριν

271 4516 433 4569 τοῦδέ
467 4534 632 4580 τινος,
680 4519 761 4582 ἐφ’
791 4510 834 4582 ᾧ
864 4518 1116 4582 γενέσθαι
1146 4518 1412 4581 διάκονον,
1445 4519 1837 4590 πρεσϐύτερον,

1940 665 1986 710 te
2046 655 2312 723 repellam,
2364 673 2425 709 ne
2466 658 2535 708 sis
2572 657 2697 708 mihi
2731 659 3000 708 sacerdos.

2524 829 2753 884 CANON
2803 831 2890 885 Ill.

1941 939 1960 971 ι
1998 922 2221 973 Omnem
2249 922 2570 975 electionem
2633 924 2879 991 episcopi
2917 923 2996 974 vel
3053 923 3352 991 presbyteri
3409 922 3490 974 \el

2019 1029 2036 1060 ι
2075 1011 2316 1072 diaconi,
2348 1028 2470 1082 qua:
2500 1014 2608 1066 ﬁta
2649 1014 3092 1083 magistratibus,
3138 1015 3340 1066 irritam
3376 1031 3489 1066 tita-

2013 1121 2030 1154 ι
2073 1121 2222 1167 nere,
2269 1122 2333 1158 ex
2388 1121 2598 1160 canone
2648 1108 2896 1160 dicente:
2931 1106 2984 1159 Si
3023 1107 3144 1172 quis
3184 1109 3495 1176 episcopus,

2015 1214 2032 1246 ι
2074 1197 2423 1250 saacularibus
2505 1199 2910 1267 magistratibus
3013 1213 3178 1260 usus,
3254 1213 3346 1264 per
3405 1215 3498 1250 eos

2015 1309 2032 1340 ι
2068 1290 2350 1344 ecclesiam
2378 1292 2700 1351 obtinuerit.
2743 1293 3048 1359 deponatur
3068 1302 3121 1345 et
3160 1301 3497 1361 segregetnr,

1981 1405 2031 1452 ,ι
2065 1393 2120 1438 et
2157 1399 2348 1438 omnes
2394 1387 2485 1450 qui
2553 1401 2676 1439 cum
2711 1401 2774 1437 eo
2816 1386 3239 1438 comnmuicaut.
3275 1384 3501 1452 Oportet

2012 1495 2029 1526 ι
2065 1476 2212 1528 enim
2239 1491 2383 1537 eum,
2428 1476 2517 1539 qui
2571 1476 2636 1529 ad
2668 1477 3042 1544 episeopatum
3099 1478 3500 1542 proniovemlus

1979 1586 2031 1624 .¢
2070 1574 2174 1629 est,
2210 1570 2277 1620 ab
2306 1567 2582 1635 episc0pis
2607 1568 2728 1631 eligi
2754 1584 2770 1632 ;
2798 1567 3259 1638 quemadmodum
3305 1586 3332 1620 a
3370 1583 3500 1620 san-

2016 1681 2037 1710 ‹
2073 1660 2182 1716 ctis
2215 1660 2472 1716 Pati-ibus
2505 1661 2696 1715 Nicaea
2741 1661 3017 1716 decretum
3056 1672 3141 1717 est
3190 1663 3244 1716 in
3273 1677 3500 1725 canone,

2020 1774 2036 1804 ι
2080 1757 2168 1823 qui
2205 1756 2371 1808 dicit:
2402 1753 2730 1825 Episcopum
2761 1765 2979 1823 oportet
3006 1755 3240 1809 maxime
3282 1754 3501 1822 quidem

2017 1867 2036 1900 ι
2070 1849 2138 1902 ab
2170 1848 2445 1912 omnibus,
2471 1849 2560 1918 qui
2603 1857 2732 1902 sunt
2784 1847 2837 1902 in
2862 1847 3165 1916 provincia,
3195 1848 3453 1902 constitui
3486 1863 3498 1896 :

2020 1963 2037 1993 ι
2076 1943 2324 1998 siautem
2357 1943 2459 1995 hoc
2518 1941 2733 1995 dillicile
2787 1941 2974 2003 fuerit,
3035 1941 3114 1994 vel
3153 1951 3377 2010 propter
3413 1957 3505 1994 nr-

2024 2058 2038 2090 ι
2087 2045 2297 2106 gentem
2365 2039 2771 2114 necessitatem,
2807 2036 2886 2090 vel
2943 2048 3162 2104 propter
3203 2037 3299 2088 via:
3331 2036 3505 2104 longi-

2025 2149 2042 2178 ι
2081 2127 2346 2190 tudinem,
2410 2135 2522 2178 tres
2572 2129 2797 2179 omnino
2850 2128 3036 2180 eodem
3096 2130 3505 2190 convenientes,

2021 2240 2035 2269 ι
2074 2220 2162 2284 (iis
2221 2233 2474 2287 quoque,
2536 2218 2627 2286 qui
2687 2219 2919 2281 absunt,
2977 2218 3138 2270 siuml
3185 2219 3503 2287 suﬂragiutn

2020 2326 2037 2357 ι
2076 2306 2378 2361 ferentibus
2406 2315 2460 2360 et
2494 2307 2929 2361 assentientibus
2961 2321 3057 2375 per
3111 2305 3341 2371 litteras)
3375 2316 3505 2361 tunc

2021 2419 2039 2450 ι
2083 2400 2262 2453 lacere
2308 2400 2654 2453 electionem.
2715 2399 2915 2452 Eorum
2986 2411 3190 2458 autem,
3252 2414 3374 2467 qua:
3409 2414 3507 2467 per

1967 2531 1976 2544 .
2022 2511 2039 2543 ι
2079 2507 2516 2560 unamquamque
2587 2491 2922 2559 provinciam
2985 2493 3158 2554 liunt,
3215 2491 3507 2544 coulirtna-

2022 2600 2040 2632 ι
2081 2583 2278 2635 tionem
2313 2584 2479 2635 tribui
2515 2583 2956 2651 metropolitano.
2998 2603 3006 2626 ι
3063 2564 3089 2592 ν

2016 2672 2208 2727 BALS.
2247 2675 2514 2742 Tempore
2549 2676 2840 2742 pra-sentis
2902 2673 3096 2742 synodi
3163 2676 3507 2743 eligebantur

1945 2765 2186 2834 quidam,
2223 2775 2280 2817 ut
2328 2775 2412 2818 est
2438 2765 2752 2826 verisimile.
2809 2768 3166 2834 quorumdam
3220 2783 3503 2834 procerum

1948 2868 2216 2928 potestate
2271 2858 2435 2928 289
2489 2869 2681 2912 contra
2719 2876 2882 2929 quam
2948 2876 3160 2913 canone
3208 2864 3506 2928 apostolico

1947 2951 2204 3004 traditum
2231 2961 2334 3005 est.
2363 2950 2475 3004 Hoc
2506 2968 2636 3021 ergo
2668 2955 2841 3021 sancti
2872 2952 3058 3006 Patres
3085 2969 3193 3007 non
3223 2955 3503 3008 sustinen-

1946 3054 2046 3107 tes,
2085 3051 2418 3108 statuerunt,
2481 3045 2682 3097 dictam
2735 3046 3060 3099 electionem
3119 3062 3240 3098 esse
3293 3046 3504 3098 irritant

1946 3147 2347 3206 consequenter
2379 3135 2527 3190 dicto
2561 3137 2863 3206 apostolico
2895 3139 3114 3202 canoni,
3139 3140 3236 3207 qui
3261 3138 3507 3192 decernit

1947 3242 2042 3282 eos
2078 3229 2286 3297 quisic
2312 3229 2474 3284 electi
2536 3230 2758 3295 fuerint,
2822 3229 3176 3300 deponendos
3220 3239 3274 3284 et
3318 3248 3507 3301 segre-

1941 3317 2168 3386 gaudos,
2209 3332 2417 3388 eosque
2471 3321 3031 3376 excomnmnicandos
3083 3321 3176 3391 qui
3232 3337 3357 3375 cum
3398 3322 3505 3376 illis

1942 3409 2490 3464 communicaverint:
2534 3421 2748 3479 oportet
2785 3424 2963 3465 autem
3002 3412 3327 3467 electionem
3384 3411 3502 3466 ﬁeri

1942 3511 2101 3568 prout
2152 3502 2265 3556 vult
2317 3519 2493 3557 canon
2539 3504 2573 3557 4
2629 3513 2943 3558 sanctormn
3008 3504 3229 3558 Patrum
3285 3505 3502 3559 concilii

1940 3591 2160 3646 Nicatni.
2190 3591 2252 3646 Et
2301 3593 2449 3647 illum
2479 3596 2664 3663 itaque
2697 3611 2959 3648 canonern
2991 3603 3046 3649 et
3080 3597 3148 3651 50
3178 3607 3497 3651 sanctorum

1941 3687 2313 3753 apostolorum
2397 3701 2694 3754 eorumque
2787 3687 3275 3756 interpretationes
3361 3689 3502 3758 lege.

1941 3777 2100 3846 Atqui
2136 3792 2260 3830 cum
2313 3793 2419 3830 non
2453 3780 2749 3831 decernant
2785 3793 3026 3832 canones
3058 3781 3503 3850 presbyterorum

1940 3879 1993 3924 et
2036 3869 2398 3924 diaconorum
2465 3871 2845 3924 ordinationes
2896 3872 3164 3925 electione
3214 3875 3354 3933 lieri.
3409 3875 3502 3926 sed

1942 3961 2117 4016 solum
2141 3947 2517 4031 episc0pormu
2546 3980 2559 4026 ;
2593 3965 2871 4032 quomodo
2920 3964 3048 4018 dicit
3086 3980 3265 4019 canon
3322 3967 3508 4020 irritas

1940 4069 2062 4108 esse
2118 4053 2416 4108 electiones
2471 4053 2883 4120 episcoporum,
2937 4054 3389 4123 presbyterorum
3449 4061 3506 4107 et

1935 4141 2462 4212 diaconorum,qua:
2497 4145 2630 4196 liunt
2671 4161 2698 4196 a
2760 4145 3214 4212 magistratibus?
3270 4145 3500 4199 Salutio.

1943 4234 2203 4289 Dicebant
2227 4235 2469 4304 quidam,
2497 4243 2610 4290 tres
2639 4235 3020 4290 ordinationes
3049 4237 3102 4290 in
3139 4251 3245 4290 una
3272 4253 3502 4304 persona

1941 4329 2170 4397 intelligi
2234 4328 2460 4393 debere,
2507 4339 2560 4384 et
2600 4344 2719 4383 eam
2782 4345 2902 4399 qua:
2944 4331 3021 4384 sic
3073 4329 3132 4383 lit
3183 4331 3503 4384 electionem

1943 4421 2207 4488 alicujus,
2234 4437 2293 4471 ea
2321 4421 2388 4473 de
2421 4437 2585 4475 causa
2619 4432 2676 4475 ut
2709 4422 2802 4475 liat
2845 4421 3134 4488 diaconus,
3196 4426 3503 4494 presbyter,

1946 4522 2000 4568 et
2030 4516 2113 4568 sic
2145 4514 2462 4583 episc0pus,
2501 4516 2706 4566 nullius
2729 4531 2850 4569 esse
2882 4517 3163 4569 momenti.
3226 4517 3328 4569 Alii
3360 4517 3504 4570 dice-

271 4612 372 4661 καὶ
417 4607 587 4670 οὕτως
635 4609 956 4669 ὲ.;ἱσκοτ;ον,
1012 4609 1214 4679 ἄκυρον
1254 4607 1391 4663 εἶναι
1418 4626 1429 4640 ·
1469 4613 1644 4682 ἕτεροι
1688 4607 1840 4663 εἷπον
1875 4582 1937 4669 ἰ)ε

1834 4630 1840 4656 l
1875 4581 2094 4669 nabant,
2137 4581 2278 4675 quod
2303 4581 2609 4674 antiquitus
2639 4607 2936 4661 electiones
2979 4608 3181 4662 ﬁebant
3219 4625 3244 4659 a
3277 4610 3500 4676 populo,

270 4700 360 4750 ὅτι
391 4699 451 4750 τὸ
485 4698 716 4750 παλαιὸν
749 4702 801 4751 αἱ
829 4699 999 4768 ψῆφοι
1039 4701 1190 4770 παρά
1239 4703 1331 4756 τοῦ
1371 4703 1542 4772 δήμου
1578 4705 1836 4772 ἐγίνοντο,

272 4784 376 4839 καὶ
406 4786 732 4855 ἐψηφίζοντο
761 4791 822 4840 οὑ
853 4790 1012 4855 μόνον
1042 4791 1350 4853 ἐπίσκοποι,
1395 4793 1529 4845 ἀλλὰ
1569 4796 1664 4847 καὶ
1707 4812 1843 4864 πρε-

275 4878 534 4948 σϐύτεροι
557 4883 648 4932 καὶ
679 4881 916 4932 διάκονοι
947 4898 958 4912 ⁸
989 4884 1079 4933 καὶ
1109 4883 1195 4934 διὰ
1221 4884 1380 4935 τοῦτο
1409 4880 1560 4937 εἶπεν
1597 4889 1625 4938 ό
1662 4887 1840 4940 κανὼν

273 4972 379 5029 τὰς
404 4973 543 5024 κατὰ
571 4973 888 5025 δυναστείαν
935 4976 1260 5043 ἀρχοντικὴν
1303 4979 1593 5045 γινομένας
1626 4977 1839 5051 ψήφθὶιυς

274 5063 652 5129 ἐπισκόπωνῆ
690 5065 1072 5134 πρεσϐυτέρων
1110 5067 1140 5136 ἦ
1182 5067 1440 5120 διακόνων
1467 5069 1798 5137 ἀκυροῦσθαι
1827 5085 1842 5101 ο

274 5153 428 5207 ἄλλοι
483 5154 538 5205 δὲ
593 5151 764 5216 εἷπον,
817 5155 889 5216 ὡς
940 5157 1033 5208 ἐπὶ
1101 5157 1194 5225 μὲν
1235 5159 1532 5212 ἐπισκόπου
1585 5162 1617 5230 ἠ
1666 5161 1844 5231 ψῆφος

278 5247 421 5296 κατὰ
457 5249 830 5315 κυριωνυμίαν
867 5249 1087 5319 ἐρῤέθη,
1127 5251 1219 5302 ἐπὶ
1252 5251 1308 5302 δὲ
1345 5253 1715 5322 πρεσϐυτέρου
1750 5254 1842 5306 καὶ

274 5338 530 5388 διακόνου
589 5340 1078 5408 καταχρηστικῶς·
1144 5342 1264 5394 ἀντὶ
1334 5344 1440 5413 γὰρ
1511 5345 1843 5413 χειροτονίας

279 5427 554 5497 eis“):qu
589 5444 604 5460 ·
650 5430 786 5499 ὅπερ
815 5430 908 5483 καὶ
939 5431 1062 5500 ἐμοὶ
1103 5412 1372 5502 ἀρέσκειξ
1399 5412 1703 5503 εὑρίσκοντι
1751 5437 1844 5487 καὶ

276 5521 503 5590 ἐτέρους
533 5523 761 5583 κανόνας
791 5524 888 5590 τὴν
908 5521 1084 5590 ψῆφον
1109 5524 1232 5576 ἀντὶ
1260 5526 1590 5593 χειροτονίας
1630 5525 1839 5592 ἐκλαμ-

276 5609 634 5678 ϐανομένους.
683 5614 802 5665 Τῶν
830 5614 886 5666 δὲ
923 5615 1199 5684 ἀρχόντων
1233 5617 1306 5685 μὴ
1351 5616 1660 5684 δυναμένων
1702 5617 1838 5681 ὅλως

1945 4703 2000 4749 et
2038 4695 2395 4764 eligebantur,
2456 4709 2564 4747 non
2626 4696 2802 4749 solum
2868 4696 3134 4766 episcopi,
3187 4699 3279 4751 sed
3335 4699 3500 4752 etiam

1947 4775 2246 4856 presbyteri
2274 4797 2327 4838 et
2364 4784 2619 4839 diaconi:
2676 4795 2732 4840 et
2777 4799 3068 4856 propterea
3116 4788 3252 4841 dixit
3283 4804 3500 4842 canon:

1945 4876 2074 4942 Quae
2137 4877 2494 4946 magistratus
2574 4879 2902 4933 auctoritate
2966 4880 3141 4940 tiuut,
3207 4880 3504 4934 electiones

1946 4970 2325 5037 episcoporum
2361 4969 2446 5021 vel
2479 4970 2919 5040 presbyterorum
2975 4972 3058 5022 vel
3121 4971 3499 5030 diaconornm.

1947 5076 2054 5114 non
2079 5060 2275 5113 valere.
2304 5059 2407 5112 Alii
2442 5070 2624 5112 autem
2652 5061 2929 5122 dixerunt,
2963 5061 3106 5128 quod
3155 5063 3206 5113 in
3248 5063 3505 5130 episcopo

1943 5153 2162 5221 quidem
2202 5151 2396 5205 electio
2454 5153 2671 5219 preprie
2715 5152 2857 5204 dicta
2909 5161 3027 5213 est;
3093 5152 3146 5204 in
3186 5153 3503 5220 presbytexo

1943 5255 2127 5298 autem
2157 5252 2210 5298 et
2236 5243 2469 5296 diacono
2505 5243 2771 5296 abusive:
2821 5259 2918 5311 pro
2967 5243 3315 5294 ordinatione
3356 5241 3497 5291 enim

1941 5346 2160 5406 accepta
2191 5344 2304 5400 est;
2337 5335 2484 5404 quod
2520 5334 2653 5387 mibi
2685 5349 2902 5404 quoque
2960 5334 3160 5400 placet,
3190 5347 3314 5385 cum
3352 5333 3499 5383 inve-

1945 5435 2088 5485 niam
2147 5430 2282 5483 alios
2344 5427 2506 5480 etiam
2576 5441 2837 5488 canones,
2886 5424 2977 5493 qni
3051 5423 3349 5476 electiones
3408 5437 3503 5489 pro

1943 5520 2288 5574 ordinatione
2337 5517 2633 5585 accipiunt.
2707 5516 2843 5571 Cum
2878 5525 3062 5572 autem
3118 5530 3227 5569 non
3290 5515 3499 5584 possint

1943 5615 2168 5667 omnino
2201 5612 2548 5682 magistratus
2570 5611 2952 5680 episcoporum
2971 5609 3193 5678 eligere,
3226 5606 3499 5678 quomodo

1497 5731 1683 5790 Guill.
1731 5729 2046 5806 Bevercgii
2093 5739 2281 5791 notte.

355 5831 463 5893 (l8)
509 5833 650 5896 Τοὺς
676 5834 742 5886 δὲ
794 5835 1282 5903 κοινωνήσαντας
1319 5837 1521 5900 αὐτοῖς
1559 5838 1821 5903 ἀφορίζε-

278 5904 444 5956 σθαι.
481 5903 604 5959 Ηδιε
631 5907 793 5959 verba
825 5907 877 5960 in
911 5905 1206 5961 Parisiensi
1248 5907 1487 5960 editione
1521 5908 1826 5962 desiderata

1931 5852 1994 5889 ex
2027 5852 2129 5888 ms.
2158 5835 2452 5888 Bodleiano
2485 5833 2884 5900 supplevimus,
2907 5831 2993 5887 cui
3024 5829 3496 5887 Amerbachiauus

1939 5922 2062 5960 cum
2093 5904 2311 5959 Tiliano
2345 5902 2696 5973 sull'ragatur.
