4218 6458
717 436 819 503 891

1900 438 2182 501 THEOD.
2227 439 2622 501 BALSAMON

3838 432 3947 497 892

703 549 955 607 decernit
985 565 1161 607 canon
1197 558 1257 606 ut
1278 566 1401 622 qua:
1428 551 1497 605 ab
1528 549 1597 606 iis
1634 550 1769 605 liunt
1822 550 2122 606 electiones
2151 550 2265 605 sint
2297 565 2323 621 Α

2372 550 2711 622 ψηφίζεσθαι
2760 548 3121 615 ἐπισκόπους,
3174 551 3291 612 πῶς
3344 549 3375 603 ό
3417 546 3597 602 κανὼν
3652 543 3952 616 διορίζεται

704 641 913 696 irrita?
935 640 1167 697 Salutio.
1201 642 1273 697 De
1301 642 1688 707 electiouibus,
1713 657 1836 712 qua:
1861 658 1891 697 a
1934 642 2265 709 magistrati—

699 734 805 787 bus
836 734 915 787 vel
942 735 1286 804 principibus
1319 734 1472 798 limit,
1509 750 1616 788 non
1646 734 1894 789 decernit
1948 734 2036 789 hic
2061 749 2266 799 canen,

703 826 797 882 Sed
830 827 898 880 de
927 827 1292 881 clectiouibus
1348 829 1760 896 episcOporuui,
1794 842 1913 896 qua:
1966 827 2265 897 principum

704 933 800 972 seu
830 920 1245 987 magistratuum
1274 929 1549 990 potestate
1580 921 1920 990 procedunt:
1954 931 2006 974 et
2058 920 2125 975 de
2159 920 2269 974 ele-

703 1010 977 1065 ctionibus
1025 1027 1121 1066 seu
1179 1011 1627 1069 ordinationibus
1680 1013 2129 1084 presbyterorum
2186 1015 2268 1068 vel

700 1100 1089 1167 diacouorum,
1149 1120 1269 1173 qua:
1323 1104 1491 1157 simili
1548 1105 1710 1174 jussu
1768 1105 2087 1176 procedunt.
2131 1104 2271 1159 Dicit

702 1208 850 1261 ergo.
886 1197 1029 1263 quod
1062 1198 1271 1250 etiamsi
1299 1197 1558 1263 opinione
1609 1213 1672 1251 ac
1721 1198 1904 1265 specie
1949 1198 2017 1251 ab
2048 1198 2267 1252 antisti-

710 1286 883 1351 tiluts,
908 1304 1074 1357 penes
1106 1305 1245 1355 quos
1284 1299 1369 1343 est
1392 1290 1626 1360 eligendi
1662 1299 1921 1358 potestas,
1955 1292 2273 1359 Iiant,quo-

704 1382 852 1434 niam
916 1394 1094 1435 tamen
1161 1389 1401 1450 potentia
1430 1401 1494 1438 ac
1530 1385 1578 1437 vi
1635 1387 1963 1453 procedunt,
2006 1386 2269 1439 inlirmari

701 1470 901 1524 debent
929 1482 984 1527 et
1012 1475 1231 1528 resolvi.

784 1563 1033 1620 ZONAR.
1089 1565 1252 1621 Vetus
1308 1568 1509 1622 malum
1558 1568 1880 1638 improbitas
1910 1581 2012 1625 est.
2051 1570 2116 1625 Et
2148 1586 2273 1623 vero

704 1652 950 1722 antiquis
994 1656 1156 1710 etiam
1208 1660 1547 1727 temporibus
1599 1664 1781 1731 aliqua
1840 1672 2027 1715 contra
2094 1662 2270 1729 legum

704 1747 1020 1803 sanctiones
1047 1749 1506 1814 admittebantur.
1534 1768 1597 1808 ac
1632 1754 1908 1824 principes
1930 1755 2052 1817 viri,
2083 1764 2274 1824 poten-

705 1837 1012 1906 tiaimperii
1042 1841 1189 1906 freti,
1240 1843 1534 1912 episcopos
1581 1845 1879 1914 eligeliaut,
1931 1856 1985 1899 et
2037 1847 2266 1916 presby-

2373 642 2718 713 ἀκυροῦσθαι
2768 642 2867 706 τὰς
2900 641 3056 711 παρά
3106 641 3317 695 τούτων
3358 641 3654 709 γινομένας
3687 638 3949 707 ψήφουςς

2370 738 2580 801 Λύσις.
2609 736 2683 789 Οὐ
2709 736 2838 803 περὶ
2866 734 3064 805 ψήφων
3094 734 3252 800 παρὰ
3286 733 3565 804 ἀρχόντων
3590 730 3895 799 γινομένων
3925 731 3953 780 ό

2369 826 2550 880 κανὼν
2579 826 2849 890 θεσπίζει,
2881 825 3015 879 ἀλλὰ
3049 827 3176 895 περὶ
3203 824 3399 895 ψήφων
3435 824 3779 883 ἐπισκόπων,
3816 840 3947 889 προς

2369 919 2669 973 ϐαινουσῶν
2685 920 2825 973 κατά
2847 918 3090 984 ἐξουσίαν
3109 916 3450 990 ἀρχοντικὴν,
3475 918 3573 971 καὶ
3594 917 3725 985 περὶ
3748 915 3952 984 ψήφων

2371 1014 2489 1084 ἦτοι
2516 1013 2863 1082 χειροτονιῶν
2892 1012 3280 1082 πρεσϐυτέριον
3319 1011 3354 1083 ῆ
3382 1010 3669 1073 διακόνων,
3712 1011 3953 1079 προϐαι-

2374 1105 2581 1159 νουςῶν
2624 1108 2763 1160 κατά
2816 1105 3062 1159 κέλευσιν
3102 1106 3317 1176 ὁμοίαν.
3359 1106 3499 1172 Φησὶ
3539 1102 3669 1171 γοῦν
3704 1103 3807 1167 ὡς,
3852 1103 3956 1155 κᾶν

2371 1199 2449 1267 τῷ
2497 1198 2676 1251 δοκεῖν
2720 1200 2870 1268 παρὰ
2915 1198 3021 1251 τῶν
3072 1199 3301 1267 ἐχόντων
3346 1198 3594 1264 ἐξουσίαν
3646 1195 3955 1265 ἀρχιερέων

2372 1292 2653 1356 γίνωνται,
2690 1292 2802 1344 ἀλλ’
2835 1294 2960 1347 ἐπει
2988 1292 3132 1345 κατά
3172 1292 3496 1347 δυναστείαν
3535 1292 3631 1346 καὶ
3662 1290 3790 1359 βίαν
3823 1307 3954 1356 προ-

2375 1380 2675 1445 ϐαίνουσιν,
2712 1383 3025 1451 ὀφείλουσιν
3061 1383 3399 1454 ἀκυροῦσθαι
3596 1382 3950 1437 ἀναλύεσθαι.

2443 1570 2686 1623 ΖΩΝΛΡ.
2748 1568 2958 1622 Παλαιὰ
3017 1570 3050 1639 ἡ
3110 1569 3299 1623 κακία.
3364 1566 3639 1635 Ἐγίνοντο
3688 1571 3803 1637 γὰρ
3863 1569 3952 1622 καὶ

2374 1659 2542 1713 πάλαι
2596 1659 2814 1728 ἀθεσμά
2858 1676 3018 1724 τινα,
3077 1662 3171 1713 καὶ
3233 1660 3495 1730 ἄρχοντες
3538 1663 3607 1730 τῇ
3660 1659 3952 1728 δυναστεία

2375 1748 2707 1821 θαρροῦντες
2736 1749 3073 1818 ἐψηφίζοντο
3104 1750 3462 1813 ἐπισκόπους,
3508 1753 3606 1804 καὶ
3642 1750 3951 1817 πρεσϐυτέ-

2379 1857 2505 1909 ρους
2529 1841 2915 1905 καὶδιακόνους
2937 1840 3312 1910 προσέτασσον
3334 1840 3603 1909 γίνεσθαι.
3630 1840 3823 1893 Ταῦτα
3859 1840 3949 1892 οὖν

705 1935 852 1982 teros
884 1945 972 2001 _ac
1027 1930 1289 1985 diaconos
1335 1933 1447 1987 ﬁeri
1496 1950 1596 2002 pro
1652 1912 1921 2004 potestate
1975 1912 2323 1999 iubebant.E

2372 1934 2399 2003 ἡ
2422 1932 2636 1996 σύνοδος
2658 1934 2876 1999 κωλύει,
2896 1936 2987 1988 τὸν
3007 1934 3357 1989 ἀποστολικδν
3376 1934 3578 1988 κανόνα
3597 1935 3950 2003 παράγουσαν

704 2016 846 2089 Nihil
878 2021 1044 2089 igitur
1074 2024 1342 2091 ejusmodi
1376 2027 1622 2096 synodus
1668 2028 1723 2081 in
1758 2039 2039 2095 posterum
2100 2029 2267 2084 licere

2372 2023 2427 2085 ὃς
2453 2025 2546 2076 τὸν
2573 2024 2639 2077 δι’
2685 2027 2965 2096 ἀρχόντων
3013 2027 3260 2096 ἐγκρατῆ
3304 2028 3599 2096 γενόμενον
3653 2026 3953 2095 Exiguam;

703 2111 967 2175 decernit,
1019 2114 1338 2185 profertque
1387 2119 1751 2185 apostolicum
1786 2134 2081 2183 cauonem,
2127 2134 2258 2189 quo,

704 2201 749 2255 si
789 2203 911 2271 quis
933 2204 1221 2273 episcopus
1252 2209 1665 2278 magistratuum
1728 2224 1895 2276 Opera
1963 2210 2267 2264 Ecclesiam
2322 2226 2323 2229 ‘

701 2292 1026 2362 obtinuerit,
1081 2298 1233 2351 illum
1294 2298 1633 2369 depositione
1670 2301 1833 2355 simul
1890 2316 1954 2355 ac
1996 2316 2252 2370 segrega-

705 2382 858 2438 tione
907 2384 1131 2455 (magno
1190 2388 1448 2444 videlicet
1473 2392 1763 2459 supplicio,
1800 2392 1891 2461 qui
1943 2392 1995 2446 id
2055 2393 2263 2460 iecerit,

700 2475 928 2545 dignum
965 2480 1340 2551 existimans),
1370 2497 1474 2536 nec
1536 2483 1686 2535 illum
1721 2493 1956 2548 tantum,
1996 2485 2090 2539 sed
2146 2486 2266 2555 qui-

701 2582 918 2636 cunque
943 2570 1009 2622 ab
1036 2574 1278 2641 ejusdem
1321 2575 1712 2630 communione
1744 2592 1855 2629 non
1909 2578 2263 2643 abstinuerit,

2368 2116 2665 2170 ἐπίσκοπον
2690 2117 2943 2187 καθαιρεῖ
2960 2118 3073 2188 ἅμα
3106 2119 3202 2172 καὶ
3222 2119 3490 2190 ἀφορίζει,
3517 2117 3762 2188 μεγάλης
3779 2134 3956 2185 τιμω-

2372 2208 2492 2279 ρίας
2514 2208 2682 2274 ἀξιῶν
2702 2209 2790 2262 τὸν
2811 2208 2970 2263 τοῦτο
2992 2209 3271 2274 ποιοῦντα,
3291 2211 3387 2264 καὶ
3413 2211 3513 2263 οὐκ
3533 2212 3741 2263 ἐκεῖνον
3770 2209 3957 2278 μόνον,

2369 2299 2505 2354 ἀλλὰ
2526 2302 2619 2353 καὶ
2642 2303 2767 2363 τοὺς
2795 2299 3188 2364 κοινωνοῦντας
3205 2301 3372 2371 αὐτῷ.
3390 2299 3591 2370 Ὀρίζει
3615 2298 3672 2352 δέ
3704 2297 3812 2351 ὑτὼ
3840 2302 3962 2351 ιιι-ει⁸

2373 2391 2590 2443 σκόπων
2637 2391 2731 2442 τὸν
2783 2392 2864 2455 είς
2924 2391 3232 2459 ἐπισκοπὴν
3276 2388 3723 2460 προαχθήσεσθαι
3777 2387 3956 2456 ψηφίο

2372 2482 2563 2548 ζεσθαι
2606 2484 2889 2552 μέλλοντα,
2933 2484 3026 2537 καὶ
3062 2483 3334 2554 μέμνηται
3367 2483 3463 2538 τοῦ
3493 2484 3753 2551 τετάρτου
3793 2481 3957 2533 κανό-

2372 2591 2463 2636 νος
2493 2573 2603 2627 τῶν
2632 2575 2691 2626 ἐν
2722 2575 2769 2626 Ν
2777 2576 2928 2647 ικαίᾳ
2950 2577 3123 2642 ἁγίων
3145 2575 3423 2646 Πατέρων,
3450 2575 3510 2637 ὃς
3538 2574 3778 2645 ἐξηγήθη
3815 2576 3954 2629 ἐκεῖ.

702 2663 884 2731 puniri
921 2665 1094 2729 jubet.
1128 2667 1210 2719 Ah
1264 2670 1539 2739 episcopis
1583 2679 1766 2725 autem
1820 2687 1970 2738 eum,
2025 2672 2118 2742 qui
2183 2673 2250 2727 ad
2277 2671 2654 2740 epise0patum
2717 2671 3034 2727 evehendus
3096 2681 3204 2737 est,
3265 2670 3567 2725 renuntiari
3630 2670 3827 2739 placet,
3894 2685 3959 2723 ac

700 2756 881 2824 quarti
912 2761 1182 2814 canonisa
1207 2764 1413 2816 sanctis
1446 2762 1702 2818 l’atribus
1737 2766 1792 2818 in
1822 2764 2037 2821 Nicaena
2061 2764 2272 2836 synodo
2306 2764 2437 2819 editi
2472 2762 2802 2819 mentionem
2841 2764 3115 2833 adjungit,
3143 2764 3233 2833 qui
3267 2763 3465 2817 ibidem
3524 2762 3855 2828 explicatur.

706 2866 729 2901 ι
760 2847 983 2906 ARIST.
1017 2850 1211 2909 Omnis
1250 2855 1447 2910 electio
1482 2870 1512 2909 a
1554 2858 1916 2914 saecularibus
1971 2858 2265 2928 magistra-

1130 2963 1149 2996 ι
1179 2945 1325 3000 tibus
1354 2946 1493 3001 farta
1530 2948 1679 3002 irrita
1705 2950 1796 3004 sit.
1819 2969 1838 3003 ι

779 3032 837 3086 ln
878 3034 1066 3090 multis
1090 3038 1405 3093 eanonibus
1427 3039 1648 3100 dicitur,
1699 3041 1844 3109 quod
1893 3042 1962 3097 ab
1994 3042 2263 3096 ‘omuibns

700 3126 975 3196 cujusque
1024 3131 1319 3197 provincia).
1368 3134 1646 3203 episcopis
1683 3134 1753 3204 (si
1791 3135 2009 3203 quidem
2075 3134 2186 3190 ﬁeri
2214 3135 2265 3189 id

2376 2858 2595 2914 ΔΡΙΣΤ.
2660 2876 2679 2910 ι
2723 2859 2879 2910 Πᾶσα
2927 2858 3107 2926 ψῆφος
3176 2854 3281 2908 ὑπὸ
3334 2851 3618 2924 κοσμικῶν
3666 2852 3959 2922 ἀρχόντων

2793 2967 2813 3001 ι
2854 2947 3115 3017 γινομένη
3144 2946 3346 3013 ἄκυρος
3375 2946 3535 3000 ἔστω.
3568 2964 3586 2994 ι

2463 3044 2552 3095 Ἐν
2584 3041 2801 3103 πολλοῖς
2830 3040 2939 3093 τῶν
2976 3040 3221 3092 κανόνων
3253 3039 3469 3107 εἴρηται
3507 3038 3567 3087 τὸ
3597 3034 3700 3088 ὑπὸ
3725 3034 3957 3087 πάντων

2376 3136 2486 3185 τῶν
2516 3133 2834 3186 ἐπισκόπων
2865 3129 3102 3195 ἑκάστης
3144 3128 3414 3197 ἐπαρχίας
3444 3125 3682 3192 ὀφειλειν
3711 3123 3957 3191 ψηφίζε-

703 3220 1072 3324 ιιοιιιςι).οιίεἰ
1111 3222 1293 3324 debet,
1344 3227 1433 3294 qui
1466 3228 1532 3280 ad
1581 3228 1956 3298 episcopatum
2016 3236 2100 3284 est
2142 3244 2265 3299 pro-
2291 3264 2323 3324 ε

2378 3224 2500 3275 σθαι
2534 3222 2671 3292 (εῖγε
2694 3219 2852 3273 τοῦτο
2886 3218 3131 3285 δυνατὸν)
3168 3218 3261 3270 τὸν
3322 3216 3581 3286 μέλλοντα
3615 3218 3691 3277 εἰς
3720 3218 3957 3267 ἐπισκοο

706 3313 1052 3367 movendus:
1109 3315 1194 3368 sin
1257 3319 1456 3383 minus,
1490 3332 1517 3372 a
1578 3320 1753 3373 tribus
1805 3320 1996 3375 saltem
2050 3322 2267 3390 episco-

702 3406 806 3470 pis,
871 3405 1187 3460 absentibus
1239 3410 1401 3462 etiam
1459 3426 1553 3478 per
1608 3413 1814 3466 litteras
1864 3413 2121 3479 sull‘ragia
2163 3431 2263 3469 sua

700 3491 1055 3567 ferentibus.
1105 3496 1472 3556 Saecularibus
1527 3511 1707 3556 autem
1787 3505 2129 3572 principibus
2190 3506 2266 3558 uti

699 3586 1018 3655 quemlibet,
1047 3599 1102 3642 et
1150 3606 1245 3657 per
1272 3607 1365 3646 eos
1409 3593 1668 3649 Ecclesiae
1714 3596 1945 3662 alicujus
1978 3612 2267 3665 possesso—

705 3694 814 3731 rem
840 3680 973 3741 fieri,
1007 3698 1111 3736 non
1169 3686 1328 3737 modo
1372 3687 1646 3741 iulirmum
1686 3697 1791 3753 est,
1824 3690 1915 3743 sed
1948 3702 1999 3743 et
2046 3691 2262 3759 deposi-

702 3774 901 3827 tionem
939 3785 992 3827 et
1046 3780 1473 3846 segregationem
1521 3780 1569 3834 ei
1608 3780 1782 3847 all‘ert,
1833 3783 1924 3850 qui
1982 3783 2073 3837 tali
2108 3784 2268 3838 modo

703 3865 1066 3922 sacerdotium
1102 3870 1356 3923 obtinuit.

1193 3964 1357 4034 290
1408 3965 1635 4021 CANON
1689 3969 1776 4023 IV.

708 4071 729 4105 ι
768 4052 953 4108 Ριιαξσο
982 4056 1231 4111 veritatis
1263 4074 1495 4126 magnus
1524 4061 1726 4116 Paulus
1777 4062 1993 4116 divinus
2034 4070 2259 4131 aposto-

780 4166 799 4198 ι
842 4150 946 4212 lus,
1003 4152 1297 4217 quemdam
1345 4153 1508 4206 veluti
1568 4169 1835 4208 cauoneni
1907 4154 2265 4223 Ephesiorum

780 4258 797 4288 ι
844 4240 1177 4311 presbyteris
1202 4243 1510 4306 imponens,
1544 4244 1626 4299 vel
1659 4248 1929 4300 universae
1975 4246 2266 4313 potiussa-

782 4351 801 4383 ι
834 4332 1099 4388 cerdotali
1139 4336 1497 4397 multitudini,
1539 4338 1619 4392 sic
1688 4337 1857 4391 liliere
1893 4338 2073 4392 dixit:
2123 4357 2140 4388 ι
2166 4339 2272 4391 Ar—

780 4445 798 4475 ι
838 4440 1054 4497 gentum
1094 4429 1175 4482 vel
1218 4445 1410 4483 aurum
1452 4430 1532 4484 vel
1565 4440 1767 4484 vestem
1804 4432 2007 4484 nullius
2062 4447 2272 4485 concu-

780 4539 800 4571 ‹
838 4520 969 4589 pivi,
1036 4523 1218 4575 omnia
1276 4522 1438 4578 vobis
1492 4524 1728 4584 ostendi,
1768 4524 1911 4591 quod
1950 4532 2163 4593 oportet
2191 4524 2271 4578 sic

2379 3316 2488 3382 πὴν
2516 3313 2949 3385 προϐιϐἀζεσθαι
2976 3328 2989 3341 ·
3019 3312 3068 3364 εί
3120 3311 3177 3364 δὲ
3214 3310 3311 3381 μὴ,
3364 3310 3465 3362 κᾶν
3496 3310 3600 3361 ύπδ
3624 3308 3787 3378 τριῶν
3826 3309 3959 3360 ἰπιά

2379 3409 2617 3467 σκόπων,
2653 3405 2962 3475 συμψήφων
2987 3405 3291 3472 γινομένων
3322 3406 3417 3456 καὶ
3445 3402 3555 3454 τῶν
3587 3401 3837 3454 ἀπόντων
3865 3400 3959 3452 δια

2378 3499 2744 3568 γραμμάτων.
2793 3497 2867 3549 Τὸ
2909 3496 2977 3559 ⁵δὲ
3037 3497 3328 3563 κοσμικοῖς
3383 3495 3607 3562 ἄρχουσι
3638 3491 3960 3561 χρήσασθαί

2378 3610 2520 3656 τινα,
2558 3595 2653 3643 καὶ
2681 3591 2747 3643 δι’
2786 3589 2964 3644 αὐτῶν
3000 3587 3298 3654 ἐκκλησίας
3338 3586 3481 3649 τινος
3521 3587 3760 3655 ἐγκρατῆ
3786 3586 3961 3651 γενέ·

2382 3684 2529 3747 σθαι,
2589 3684 2649 3736 οὐ
2712 3684 2874 3752 μόνον
2921 3683 3073 3735 ἐστὶν
3131 3679 3449 3750 ἀνίσχυρον,
3509 3678 3643 3730 ἀλλὰ
3688 3678 3965 3745 καθαίρε-

2381 3795 2466 3829 σιν
2511 3778 2607 3829 καὶ
2644 3774 2953 3844 ἀφορισμδν
2996 3773 3195 3840 ἐπάγει
3245 3772 3321 3842 τῷ
3359 3769 3785 3840 τοιουτοτρόπως
3849 3768 3962 3839 τῆς

2380 3871 2678 3941 ἱερωσύνης
2701 3869 2940 3939 τυχόντι.

2982 3958 3221 4012 ΚΑΝΩΝ
3279 3955 3353 4010 Δ⁹.

2383 4072 2403 4106 ι
2464 4054 2522 4106 Ὀ
2554 4053 2729 4123 κῆρυξ
2781 4052 2881 4121 τῆς
2908 4051 3165 4121 ἀληθείας
3194 4051 3224 4102 ό
3253 4049 3429 4117 μέγας
3480 4045 3690 4110 Παῦλος
3731 4046 3762 4098 ό
3810 4045 3962 4109 θεῖος

2457 4166 2475 4197 ι
2519 4146 2841 4206 ἀπόστολος,
2886 4144 3050 4196 οίονεὶ
3080 4141 3284 4194 κανόνα
3326 4140 3497 4204 τιθεὶς
3528 4141 3640 4201 τοῖς
3686 4139 3961 4206 Ἐφεσίων

2456 4259 2473 4291 ι
2516 4238 2935 4308 πρεσϐυτέροις,
2987 4235 3186 4304 μᾶλλον
3238 4232 3295 4286 δὲ
3342 4233 3437 4285 καὶ
3481 4232 3647 4285 παντὶ
3689 4232 3961 4300 ἱερατικῷ

2456 4350 2474 4382 ι
2518 4328 2867 4400 πληρώματι,
2890 4327 3064 4390 οὕτως
3092 4324 3508 4397 ἐπαρρησιάσθη
3537 4324 3712 4377 εἰπών
3736 4345 3749 4358 -
3779 4344 3797 4376 ι
3834 4327 3963 4396 ’Δρ-

2457 4441 2476 4474 ι
2519 4420 2709 4492 γυρίου
2743 4421 2775 4491 ἢ
2817 4419 3043 4490 χρυσίου
3089 4411 3453 4488 ἢίματισῖιοῦ
3489 4415 3711 4480 οὐδενὸς
3755 4420 3959 4472 ἐπεθύ-

2461 4532 2479 4565 ι
2524 4529 2701 4583 μησα,
2726 4512 2903 4564 πάντα
2927 4510 3185 4575 ὑπέδειξα
3211 4510 3363 4579 ὑμῖν,
3395 4510 3479 4562 ὅτι
3512 4508 3690 4572 οὕτως
3721 4511 3960 4564 κοπιῶν-

782 4629 800 4661 ι
836 4612 1149 4667 laborantes
1212 4615 1465 4668 inﬁrmos
1519 4615 1818 4682 suscipere.
1860 4615 1992 4668 dare
2051 4601 2323 4667 beatius!

2447 4624 2465 4657 ι
2508 4621 2608 4667 τας
2652 4604 2734 4656 δεῖ
2789 4601 3293 4672 ἀντιλαμϐάνεσθαι
3351 4601 3462 4654 τῶν
3533 4601 3955 4665 ἀσθενούντων,

782 4720 801 4753 ι
833 4716 996 4770 quam
1063 4703 1303 4771 recipere
1358 4704 1735 4758 existimantes
1790 4706 1859 4758 δ’.
1902 4722 1921 4754 ι
1993 4704 2266 4769 Quocirca

780 4812 798 4844 ι
836 4810 935 4848 nos
964 4796 1031 4848 ali
1069 4810 1134 4849 eo
1169 4796 1349 4848 educti
1387 4797 1708 4857 statuimus,
1751 4811 1816 4849 ne
1881 4796 2059 4865 turpis
2124 4796 2264 4849 lucri

784 4903 802 4935 ι
844 4888 1019 4954 gratia
1056 4888 1348 4957 episcopus
1380 4888 1769 4941 excusationes
1803 4888 1855 4940 in
1897 4888 2138 4956 peccatis
2167 4904 2269 4943 ex-

782 4994 805 5029 ι
839 4979 1111 5043 cogitans,
1132 4994 1324 5032 aurum
1364 4980 1448 5033 vel
1476 4988 1755 5049 argentum
1787 4979 1868 5032 vel
1906 4979 2068 5033 ullam
2100 4980 2266 5034 aliam

787 5089 806 5120 ι
848 5072 1083 5139 speciem
1142 5073 1209 5126 ab
1256 5073 1345 5136 iis,
1374 5072 1471 5142 qui
1530 5071 1632 5127 sibi
1691 5072 1946 5136 subsunt,
2001 5073 2273 5142 episcopis

786 5181 803 5212 ι
835 5162 919 5216 vel
973 5162 1196 5216 clericis
1252 5163 1335 5216 vel
1371 5164 1664 5218 monachis
1719 5164 1922 5232 exigat.
1951 5161 2087 5217 Dicit
2125 5166 2270 5218 enim

783 5272 801 5303 ι
843 5256 1169 5324 Apostolus:
1204 5274 1223 5305 ι
1264 5254 1458 5323 lujusti
1497 5272 1722 5325 regnum
1774 5256 1864 5309 Dei
1928 5269 2034 5308 nou
2087 5256 2270 5323 possi-

785 5366 804 5397 ι
842 5347 1082 5403 debuut:
1115 5364 1213 5402 nec
1250 5349 1453 5403 debent
1484 5350 1639 5403 liberi
1700 5350 2022 5418 parentibus
2055 5351 2273 5404 tltesau-

789 5457 807 5489 ι
850 5456 969 5493 rum
1005 5455 1219 5509 parare,
1252 5441 1345 5495 sed
1377 5452 1628 5510 parentes
1674 5443 1860 5497 liberis
1890 5442 1956 5494 ‘°.
1984 5461 2004 5495 ι
2034 5440 2091 5496 Si
2144 5442 2268 5510 quis

789 5551 808 5583 ι
847 5548 975 5599 ει·κο
1010 5549 1105 5602 per
1128 5535 1473 5587 exactionem
1499 5534 1642 5599 auri,
1671 5535 1754 5587 vel
1785 5533 2018 5603 alicujus
2043 5534 2272 5588 alterius

791 5641 810 5673 ι
846 5623 1068 5691 speciei,
1098 5623 1185 5677 vel
1213 5633 1432 5693 prOpter
1454 5626 1692 5692 aliquam
1714 5624 1991 5694 propriam
2020 5622 2271 5677 aﬁ‘ectio-

790 5731 809 5765 ι
848 5731 964 5769 nem
990 5732 1017 5769 ει
1055 5716 1365 5771 ministerio
1410 5733 1599 5771 arcere
1663 5717 1918 5770 iuventus
1959 5715 2148 5778 fuerit,
2178 5715 2267 5769 vel

868 5894 915 5929 ”
946 5896 1135 5952 Actor.
1167 5911 1258 5963 xx,
1286 5894 1371 5960 53,
1406 5894 1493 5949 35.

1573 5895 1617 5926 ⁶⁰
1647 5896 1664 5951 l
1696 5895 1820 5950 Cor.
1865 5910 1941 5962 γι,
1985 5894 2049 5962 9;
2084 5893 2125 5949 ll
2164 5891 2293 5951 Cor.

2448 4714 2468 4747 ι
2515 4695 2786 4764 μακάριον
2806 4695 3148 4764 ἡγουμένους
3170 4694 3230 4745 τὸ
3268 4692 3469 4746 διδόναι
3494 4693 3526 4763 ἢ
3568 4693 3903 4762 λαμϐάνειν.
3933 4715 3953 4748 ι

2453 4808 2472 4842 ι
2513 4788 2604 4841 Διὸ
2634 4789 2729 4841 καὶ
2755 4790 2917 4856 ἡμεῖς
2967 4786 3234 4855 μαθόντες
3273 4785 3406 4855 παρ’
3451 4785 3617 4838 αὑτοῦ
3669 4786 3955 4855 ὁρίζομεν,

2452 4902 2470 4935 ι
2516 4881 2639 4952 μηδ’
2664 4882 2802 4943 ὅλως
2827 4878 3237 4949 αἰσχροκερδῶς
3261 4877 3597 4930 ἐπινοεῖσθαι
3630 4879 3955 4938 ἐπίσκοπον,

2457 4994 2475 5025 ι
2513 4972 2989 5045 προφασιζόμενον
3022 4970 3324 5040 προφάσεις
3346 4972 3405 5021 ἑν
3430 4968 3759 5039 ἁμαρτίαις,
3791 4970 3957 5022 εὶς-ται⁹

2454 5085 2474 5118 ι
2516 5070 2629 5121 τεῖν
2661 5066 2863 5137 χρυσον
2919 5065 2952 5136 ἢ
3002 5064 3246 5134 ἄργυρον
3296 5062 3331 5132 ἢ
3383 5062 3569 5133 ἕτερον
3622 5058 3765 5125 εἶδος
3828 5065 3955 5123 τοὺς

2455 5178 2474 5210 ι
2519 5160 2610 5212 ὑπ’
2652 5160 2816 5211 αὑτὸν
2859 5156 3148 5217 τελοῦντας
3181 5154 3512 5217 ἐπισκόπους
3557 5153 3591 5223 ἢ
3649 5154 3956 5223 κληρικοίις

2455 5270 2474 5303 ι
2514 5251 2549 5322 ἦ
2590 5250 2881 5319 μοναχοῦς.
2927 5250 3065 5317 Φησὶ
3118 5248 3227 5316 γὰρ
3271 5251 3297 5299 ό
3331 5245 3702 5307 Ἀπόστολος·
3749 5263 3770 5297 ε
3818 5246 3957 5298 ’Δδιο

2455 5363 2473 5396 ι
2516 5362 2602 5397 xor
2656 5343 2939 5410 βασιλείαν
2986 5343 3125 5394 Θεοῦ
3157 5343 3215 5394 οὐ
3270 5340 3749 5408 κληρονομήσουσι
3784 5356 3800 5369 ·
3858 5339 3956 5390 καὶ

2456 5456 2475 5489 ι
2516 5438 2618 5490 οὐκ
2646 5436 2853 5504 ὀφείλει
2880 5437 2946 5487 τὰ
2980 5437 3145 5487 τέκνα
3180 5436 3291 5494 τοῖς
3319 5430 3535 5500 γονεῦσι
3567 5430 3953 5500 θησαυρίζειν,

2457 5548 2478 5584 ι
2521 5528 2638 5584 ἀλλ’
2694 5529 2743 5581 οἱ
2793 5530 2969 5597 γονεῖς
3004 5531 3115 5589 τοῖς
3164 5526 3391 5583 τέκνοις.
3436 5543 3452 5574 i
3492 5523 3557 5575 Εί
3607 5539 3692 5584 τις
3736 5520 3832 5574 οὖν
3888 5520 3955 5573 δι’

2457 5642 2482 5674 ι
2520 5622 2817 5688 ἀπαίτησιν
2850 5619 3116 5690 χρυσοῦῆ
3165 5618 3355 5687 ἐτέρου
3402 5617 3541 5679 τινὸς
3591 5615 3795 5679 εἴδους,
3845 5615 3955 5666 είτε

2457 5733 2480 5768 r
2517 5716 2605 5769 διά
2652 5731 2771 5768 τινα
2832 5712 3163 5768 ίδιοπάθειαν
3218 5709 3471 5781 εὑρεθείη
3521 5709 3806 5778 ἀπείργων
3858 5705 3956 5775 τῆς

2342 5909 2438 5963 xu,
2472 5894 2560 5950 η.
