4218 6458
321 389 424 450 893

395 522 415 550 ‹
454 504 812 572 λειτουργίας,
842 505 933 558 καλ.
975 506 1246 574 ἀφορίζων
1277 509 1394 560 τινὰ
1437 509 1542 559 τῶν
1580 509 1670 560 ὑπ’
1717 509 1877 561 αὐτὴν
1909 511 1949 563 Α

394 618 410 645 ι
453 598 753 665 κληρικῶν,
815 599 848 669 ἢ
908 600 1101 652 σεπτὸν
1132 600 1259 654 ναὸν
1287 603 1504 663 κλείων,
1539 605 1612 663 ὡς
1667 606 1740 673 μὴ
1792 605 1877 670 γί-

394 710 407 735 ι
455 691 638 743 πίεσθαι
674 693 732 743 ὲν
761 692 908 760 αὐτῷ
940 692 1036 753 τὰς
1070 693 1162 744 τοῦ
1195 693 1329 746 Θεοῦ
1376 694 1737 762 λειτουργίας,
1783 699 1876 748 καὶ

395 807 408 822 ς
452 799 528 843 εις
573 783 898 852 ἀναίσθητον
920 784 1018 854 τὴν
1051 785 1244 838 ἑαυτοῦ
1288 788 1484 853 μανίαν
1525 789 1872 856 ἐπιπέμπων,

400 909 408 919 ι
454 877 776 948 ἀναίσθητος
821 878 990 942 ὅντως
1035 880 1202 942 ἐστὶν,
1254 882 1348 936 καὶ
1381 885 1446 952 τῇ
1502 883 1874 954 ταυτοπαθείᾳ

399 995 410 1010 ε
457 973 824 1034 ὑποκείσεται,
859 975 949 1025 καὶ
976 973 1291 1044 ἐπιστρέψει
1331 975 1358 1026 ό
1389 976 1549 1036 πόνος
1583 973 1749 1028 αὐτοῦ
1777 977 1871 1027 ἐπὶ

397 1092 407 1106 κ
451 1063 550 1130 τὴν
577 1064 812 1132 κεφαλὴν
836 1065 1021 1129 αὐτοῦ,
1045 1066 1119 1129 ὠς
1146 1068 1468 1139 παραῦἀτης
1491 1067 1707 1137 ἐντολῆς
1735 1066 1870 1120 Θεοῦ

389 1175 405 1201 ι
449 1157 540 1209 καὶ
582 1157 692 1210 τῶν
727 1159 1102 1213 ἀποστολικῶν
1129 1161 1444 1225 διατάξεων.
1496 1160 1870 1230 Παραγγέλλει

388 1266 406 1294 ι
445 1247 552 1314 γὰρ
585 1249 672 1298 καὶ
707 1247 907 1319 Πέτρος
950 1251 978 1300 ὁ
1027 1253 1320 1318 κορυφαῖος
1368 1253 1477 1304 τῶν
1509 1251 1818 1303 ἀποστόλων
1850 1262 1867 1280 ⁶

393 1356 408 1385 ι
457 1338 776 1404 Ποιμαξνετε
805 1341 864 1392 τὸ
894 1343 950 1391 ἐν
998 1341 1123 1408 ὑμῖν
1157 1342 1404 1407 ποίμνιον
1446 1341 1538 1395 τοῦ
1583 1342 1717 1395 Θεοῦ
1746 1344 1867 1394 ἑπι-

388 1450 404 1479 ι
452 1431 780 1493 σκοποῦντες
828 1433 900 1500 μὴ
956 1434 1394 1500 ἀναγκαστικῶε,
1443 1433 1558 1485 ἀλλ’
1601 1433 1867 1495 ἑκουσίως

387 1544 402 1571 ‹
450 1525 588 1575 κατά
632 1523 766 1576 Θεόν
797 1542 808 1554 ·
859 1525 991 1595 μηδὲ
1037 1527 1459 1595 αἰσχροκερδῶς,
1495 1526 1629 1579 ἀλλά
1664 1524 1868 1594 προθύ·

384 1634 400 1663 ι
447 1633 561 1683 μως
595 1633 609 1644 -
671 1616 775 1687 μὴι
797 1616 870 1678 ὡς
920 1619 1413 1687 κατακυριεύοντες
1464 1620 1574 1670 τῶν
1622 1619 1862 1685 κλήρων,

385 1728 402 1755 ι
446 1705 578 1761 ἀλλά
611 1710 770 1762 τύποι
807 1711 1080 1779 γινόμενοι
1120 1711 1211 1764 τοῦ
1242 1712 1494 1778 ποιμνίου
1519 1728 1534 1745 ο
1574 1694 1667 1766 καὶ
1699 1727 1864 1779 φανε-

385 1824 401 1851 ι
445 1804 709 1872 ρωθέντος
739 1806 830 1857 τοῦ
862 1806 1250 1875 ἀρχιποιμένος
1292 1804 1570 1874 κομιεῖσθε
1599 1804 1690 1857 τὸν
1722 1805 1864 1873 ἀμα-

381 1915 397 1945 ι
445 1897 684 1965 ράντινον
717 1898 813 1965 τῆς
839 1898 993 1966 δόξης
1019 1900 1298 1966 στέφανον.
1342 1918 1362 1950 ιι

372 2079 565 2132 ΒΑΛΣ.
617 2081 739 2131 Ἵνα
777 2079 836 2129 τὸ
887 2080 985 2149 τῆς
1037 2080 1481 2152 αἰσχροκερδείας
1544 2082 1715 2146 πάθος
1751 2084 1854 2138 ὑπὸ

294 2169 405 2221 τῶν
433 2170 838 2238 Χριστωνύμων
864 2171 1154 2241 ἑκριζωθῇ,
1186 2171 1391 2244 ὥρισαν
1425 2175 1472 2225 οἰ
1505 2175 1744 2243 Πατέρες
1776 2177 1852 2245 μὴ

295 2265 440 2331 ἔχειν
471 2263 557 2316 ἐπ’
581 2265 762 2326 ἀδείας
783 2266 907 2327 ’τοὺς
929 2268 1202 2337 ἀρχιερεῖς
1240 2268 1345 2320 ἀπὸ
1389 2269 1497 2320 τῶν
1522 2270 1612 2320 ὑπ’
1655 2270 1850 2334 αὐτοὺς

291 2352 605 2405 ἐπισκόπων
633 2355 664 2423 ἢ
695 2355 972 2424 κληρικῶν
1004 2357 1034 2425 ἦ
1072 2358 1321 2427 μοναχῶν
1355 2360 1553 2427 χρυσὸν
1578 2360 1848 2424 ἀπαιτεῖν,

289 2443 325 2509 ἢ
375 2443 560 2510 ἕτερον
584 2445 960 2510 οἰονδηποτοῦν
996 2451 1250 2516 πρᾶγμα.
1297 2449 1400 2502 Τὸν
1429 2451 1484 2503 δὲ
1520 2452 1849 2520 ἀφορίζοντα

287 2537 553 2607 ἀρχιερέα
585 2537 670 2590 διά
703 2539 799 2608 τὴν
832 2539 1083 2608 τοιαύτην
1131 2542 1307 2596 αἰτίαν
1358 2545 1478 2596 τινά
1524 2546 1585 2597 ἐκ
1617 2547 1724 2597 τῶν
1756 2547 1848 2598 ὑπ’

287 2631 474 2692 αὑτὸν,
506 2631 539 2702 ἢ
571 2634 932 2699 ἐπιτρέποντα
961 2635 1048 2685 δι⁴ἀ
1072 2634 1227 2687 τοῦτο
1255 2637 1327 2706 μὴ
1361 2637 1602 2704 γίνεσθαι
1631 2641 1731 2710 τὴν
1756 2641 1847 2692 τοῦ

289 2723 438 2776 θείου
491 2725 620 2777 ναοῦ
666 2725 991 2792 δοξολογίαν.
1044 2727 1138 2778 καὶ
1170 2727 1339 2792 οὕτως
1386 2730 1464 2794 εἰς
1505 2731 1846 2801 ἀναίσθητον⁹

283 2821 456 2889 ἤγουν
502 2825 579 2884 εἰς
629 2823 719 2875 τὸν
765 2824 915 2886 ναὸν,
953 2823 1050 2894 τὴν
1103 2826 1389 2880 ἀλλόκοτον
1440 2827 1606 2880 αὑτοῦ
1651 2829 1848 2896 μανίαν

282 2914 566 2980 ἐκχέοντα,
595 2914 1066 2985 προφασιζόμενον
1103 2921 1335 2988 ματαίας
1361 2922 1508 2978 τινὰς
1538 2924 1630 2975 καὶ
1653 2925 1842 2975 ἁκανο-

281 3002 496 3065 νίστους
527 3006 850 3073 προφάσεις,
900 3007 1213 3061 ὑποκεῖσθαι
1255 3013 1320 3080 τῇ
1350 3015 1738 3079 ταυτοπαθεία,
1771 3014 1845 3075 ὡς

277 3097 348 3162 τῇ
396 3094 620 3166 ἀληθείᾳ
657 3096 784 3149 ὖντα
816 3099 1157 3169 ἀναίσθητον.
1195 3102 1574 3156 Ταυτοπάθεια
1619 3105 1672 3156 δέ
1731 3108 1842 3158 ἐστι

1296 395 1371 452 lN
1417 394 1581 454 CAN.
1626 396 1702 456 ΙΥ
1738 394 2006 454 SYNUDI
2047 399 2154 458 VII
2202 402 2562 461 (ECUMEN.

3433 404 3540 466 894

2059 530 2074 558 ι
2114 527 2396 581 segregate
2423 529 2646 564 suorum
2680 515 3003 567 mericorum
3048 514 3304 581 aliquem,
3343 515 3420 566 vel
3449 531 3538 565 ve-

2057 623 2075 654 ι
2121 608 2423 658 nerandutn
2485 607 2742 672 tetnplum
2777 608 3047 660 claudere.
3087 624 3151 660 ne
3185 610 3326 658 ineo
3353 603 3534 656 divina

2053 719 2069 748 ι
2108 697 2236 752 ﬁant
2265 699 2590 761 ministeria,
2625 710 2678 751 et
2713 699 2776 750 ad
2814 700 2884 757 id.
2918 701 3062 766 quod
3093 714 3194 750 non
3228 707 3310 749 est
3370 713 3533 750 sensu

2052 790 2423 858 «praeditum,
2495 805 2646 844 suam
2717 791 2984 844 insaniam
3037 790 3379 852 immittens;
3452 799 3535 840 est

2052 899 2070 930 ι
2112 897 2300 936 revera
2332 883 2452 934 sine
2478 896 2666 942 sensu.
2717 893 2770 936 et
2820 881 3040 934 talionis
3076 883 3178 932 erit
3221 881 3316 946 legi
3362 880 3536 932 ulmo-

2048 995 2066 1022 ι
2100 976 2257 1030 xius:
2296 983 2350 1028 et
2385 973 2540 1027 labor
2600 974 2772 1040 ipsius
2833 976 2887 1026 in
2929 983 3091 1040 caput
3150 971 3262 1038 ejus
3313 974 3526 1032 redihit.

2047 1086 2066 1116 ι
2107 1076 2164 1120 ιιι
2198 1069 2288 1137 qui
2327 1068 2398 1122 sit
2433 1067 2670 1121 mandati
2707 1065 2795 1119 Dei
2829 1078 2882 1120 et
2908 1065 3335 1131 aposmliearum
3392 1080 3526 1115 con-

2047 1179 2066 1210 ει
2103 1161 2452 1216 stitutionum
2527 1169 2928 1226 transgressor.
2990 1157 3241 1222 Pra'cipit
3301 1157 3441 1207 enim
3479 1165 3530 1205 ι·Ι.

2041 1273 2059 1306 ι
2095 1254 2290 1308 Petrus
2343 1255 2720 1323 apostolorum
2784 1267 3068 1304 summus:
3115 1269 3132 1300 ι
3169 1249 3381 1302 Pascite
3412 1264 3532 1314 gre-

2051 1369 2069 1398 ι
2109 1363 2227 1416 gem
2288 1345 2404 1408 llei,
2456 1346 2549 1413 qui
2612 1358 2776 1412 penes
2835 1357 2928 1394 vos
2983 1352 3088 1402 est,
3147 1341 3527 1408 episcopatum

2043 1458 2062 1490 ιι
2103 1447 2378 1504 gerentes.
2413 1452 2516 1489 non
2578 1453 2678 1504 per,
2702 1437 2830 1496 vim,
2861 1434 2953 1487 scd
2992 1442 3181 1502 sponte
3232 1448 3295 1484 ac
3330 1432 3531 1483 volun-

2041 1551 2057 1580 ι
2099 1531 2236 1583 tarie
2275 1528 2574 1583 secundum
2647 1527 2849 1581 lleunr:
2919 1542 3095 1587 neque
3160 1525 3334 1594 turpis
3392 1524 3527 1576 lucri

2042 1643 2060 1673 ιι
2102 1623 2294 1686 gratia,
2329 1622 2424 1674 sed
2464 1628 2711 1689 prompte
2736 1628 2790 1670 et
2822 1619 3114 1681 alacriter;
3151 1631 3250 1668 nec
3274 1625 3330 1668 nt
3359 1614 3528 1668 domi-

2039 1733 2058 1762 ιι
2093 1724 2280 1766 natum
2325 1712 2377 1764 in
2411 1713 2618 1764 clerum
2648 1709 2980 1771 obtinentes,
3013 1707 3305 1776 sedgregis
3338 1721 3523 1758 excin-

2042 1828 2060 1859 ι
2100 1809 2266 1877 piaria
2321 1806 2690 1869 exsisteutes;
2741 1813 2793 1858 et
2849 1818 2970 1856 cum
3022 1817 3273 1856 summus
3325 1800 3515 1852 Pastor

2039 1921 2057 1952 ι
2100 1902 2372 1968 apparuit,
2407 1916 2527 1968 quae
2577 1914 2672 1951 nec
2712 1897 2988 1963 corrumpi
3050 1914 3144 1947 nec
3184 1909 3524 1947 marcescere

2037 2017 2055 2044 ι
2095 1989 2292 2062 potest'.
2325 1994 2504 2062 gloriae
2540 2007 2797 2043 coronam
2837 1989 3083 2042 referetis
3113 1989 3177 2042 “,
3215 2007 3231 2037 ι-

2037 2085 2234 2140 BALS.
2269 2083 2804 2152 Utturpisqumstus
2855 2080 3070 2134 allectio
3109 2097 3136 2131 a
3189 2079 3522 2131 Christianis

1962 2181 2227 2234 radicitus
2262 2178 2552 2240 evellatur,
2582 2184 2885 2227 statuerunt
2941 2175 3152 2228 Patres.
3190 2188 3293 2224 non
3356 2172 3522 2224 licere

1959 2275 2316 2337 antistitibus,
2342 2290 2368 2324 a
2395 2273 2510 2326 suis
2534 2271 2827 2340 episcopis,
2857 2270 3073 2322 clericis
3098 2266 3179 2320 vel
3211 2266 3518 2326 monachis,

1958 2384 2149 2421 aurum
2177 2367 2258 2420 vel
2287 2367 2447 2418 aliam
2489 2379 2875 2432 quamcunque
2926 2377 3037 2413 rem
3079 2361 3317 2428 exigere.
3368 2357 3523 2411 Auti-

1959 2466 2136 2520 stitem
2162 2473 2368 2524 autem,
2398 2462 2488 2530 qui
2516 2461 2752 2528 aliquem
2795 2476 2856 2511 ex
2923 2459 3038 2510 suis
3079 2465 3298 2521 propter
3352 2451 3517 2504 ullam

1956 2559 2219 2629 ejusmodi
2251 2571 2470 2610 causam
2494 2563 2760 2621 segregat,
2801 2552 2877 2602 vel
2913 2568 3017 2602 non
3046 2548 3176 2600 sinit
3217 2554 3504 2612 propterea

1957 2652 2009 2704 in
2057 2649 2241 2704 divino
2265 2646 2465 2713 templo
2501 2645 2747 2698 divinum
2772 2646 3050 2698 celebrare
3115 2637 3508 2694 ministerium.

1953 2748 2006 2792 et
2035 2739 2115 2792 sic
2144 2738 2195 2791 in
2225 2738 2274 2790 id
2305 2737 2448 2807 quod
2492 2752 2600 2788 non
2635 2745 2717 2789 est
2773 2752 2932 2790 sensu
2993 2733 3278 2801 pra-dirum
3316 2730 3430 2780 sire
3464 2729 3513 2776 in

1953 2831 2208 2898 templum
2241 2828 2540 2882 inauditam
2574 2842 2729 2880 suam
2757 2826 3028 2877 insaniam
3064 2815 3315 2877 eil‘undit,
3347 2831 3513 2868 vateis

1952 2925 2162 2990 aliquas
2202 2931 2307 2975 eta
2347 2920 2657 2975 canonihus
2709 2918 2918 2970 alienas
2967 2912 3355 2966 excusationes
3387 2907 3515 2960 afte-

1953 3033 2098 3078 rens,
2132 3030 2254 3068 esse
2286 3013 2384 3083 legi
2429 3012 2652 3065 talionis
2711 3008 3033 3069 obnoxium,
3101 3015 3157 3057 ut
3188 3005 3279 3071 qui
3319 3002 3391 3056 sit
3429 3017 3516 3052 re-

1949 3123 2076 3160 vera
2121 3121 2284 3160 sensu
2322 3119 2545 3158 vacuus.
2603 3104 2697 3156 Est
2733 3113 2912 3154 autem
2969 3099 3117 3163 talio,
3153 3098 3203 3149 id
3247 3097 3369 3165 jure
3401 3094 3509 3163 pati

277 3185 345 3235 τὸ
368 3187 563 3238 παθεῖν
591 3188 824 3256 εὐλόγως
855 3189 882 3241 ὃ
915 3191 1244 3260 παραλόγως
1285 3194 1531 3264 ἐποίησε.
1576 3195 1760 3249 Ταῦτα
1791 3196 1845 3249 δὲ
1873 3198 1914 3252 ο

1840 3197 2280 3266 :Cquempiam,
2346 3195 2489 3264 quod
2555 3205 2750 3263 pra-ter
2807 3193 3072 3245 rationem
3139 3190 3344 3243 fecerit.
3385 3188 3506 3241 Htec

277 3277 628 3340 θεσπίζοντες
677 3282 723 3331 οἰ
783 3282 1047 3349 Πατέρες,
1093 3285 1390 3353 ἐχρήσαντο
1438 3287 1531 3339 καὶ
1573 3286 1844 3358 διαφόροις

278 3370 465 3439 ῥητοῖς
503 3371 565 3422 ὲκ
607 3371 704 3437 τῆς
736 3373 870 3442 πρὸς
915 3373 1195 3442 Ἐφεσίους
1224 3378 1511 3447 ἐπιστολῆς
1556 3379 1649 3431 τοῦ
1685 3381 1842 3448 ἀ.γίου

278 3461 584 3514 ἀποστόλου
615 3463 854 3526 Παύλου,
887 3465 984 3535 τὴν
1011 3469 1456 3538 αἰσχροκέρδειαν
1488 3472 1580 3524 καὶ
1611 3472 1709 3542 τὴν
1753 3490 1841 3538 φι-

274 3553 582 3623 λαργυρίαν
615 3557 920 3623 κολάζουσι,
959 3561 1054 3611 καὶ
1099 3562 1196 3630 τὴν
1241 3563 1610 3634 ἐλεημοσύνην
1640 3568 1839 3619 (imas--

277 3643 558 3712 μνύνουσι.
616 3647 681 3698 Τί
738 3647 816 3711 ει,
858 3648 905 3697 εἰ
959 3652 1214 3720 κανονική
1269 3653 1416 3706 ἐστιν
1466 3656 1497 3723 ἠ
1551 3656 1838 3724 πρόφασις,

275 3738 755 3806 συγγνωσθήσεται
792 3742 817 3792 ό
845 3741 1137 3811 ἀρχιερεὺς
1166 3744 1228 3796 ἐκ
1257 3743 1350 3796 τοῦ
1374 3745 1464 3797 ὑπ’
1487 3745 1643 3799 αὑτὸν
1674 3751 1836 3801 ἀπαι-

268 3827 381 3877 τῶν
420 3828 616 3897 χρυσὸν
657 3829 688 3899 ἢ
723 3831 997 3899 ἀργυρονς
1043 3835 1257 3900 Λύσις.
1306 3836 1568 3904 Οὐδαμῶς
1595 3855 1607 3866 ·
1656 3842 1702 3892 εἰ
1733 3842 1840 3909 γὰρ

267 3918 432 3972 τοῦτο
459 3923 693 3987 ποιήσει,
719 3923 793 3983 ὡς
810 3924 1146 3998 ,παραϐάτης
1177 3928 1284 3978 τῶν
1313 3929 1542 3981 ἐντολῶν
1567 3931 1659 3982 τοῦ
1683 3932 1836 3996 Θεοῦ,

267 4010 368 4061 καὶ
400 4009 472 4071 ὠς
505 4011 764 4080 πωλήσας
796 4015 894 4082 τὴν
917 4015 1157 4085 ψυχικὴν
1190 4019 1462 4090 σωτηρία)
1496 4020 1588 4074 τοῦ
1624 4023 1713 4075 ὑπ’
1744 4026 1841 4076 αὐ-

266 4103 388 4164 τὸν,
417 4105 834 4173 κολασθήσεται.
879 4108 1118 4174 Ὀφείλει
1144 4111 1251 4178 γὰρ
1275 4112 1366 4162 τὸν
1395 4111 1519 4175 ἴσως
1545 4099 1859 4172 ἐπταικότα’“

264 4197 569 4249 ἐπίσκοπον
599 4198 831 4270 αὐτοῦῆ
873 4200 1133 4272 κληρικὸν
1178 4203 1209 4273 ἢ
1266 4205 1498 4273 μοναχὸν
1548 4210 1576 4260 ὁ
1623 4209 1837 4278 πρῶτος

265 4291 415 4341 κατά
445 4291 645 4342 κανόνα
679 4291 953 4357 κολάζειν,
983 4296 1076 4348 καὶ
1109 4295 1182 4365 μὴ
1223 4297 1312 4350 διά
1358 4315 1409 4350 τι
1452 4301 1836 4372 αἰσχροκερδὲς

263 4381 368 4452 τὴν
394 4385 683 4453 κανονικὴν
702 4385 986 4454 διόρθωσιν
1009 4389 1392 4460 παρατρέχειν.
1421 4391 1750 4448 Ἐντέλλεται
1778 4397 1834 4449 δὲ

261 4477 296 4527 ὁ
343 4474 522 4526 κανὼν
581 4479 693 4537 τοίς
744 4478 1058 4548 ἀρχιερεῦσι
1113 4481 1187 4551 μὴ
1265 4487 1676 4556 κατακυριεύειν
1723 4490 1833 4542 τῶν

263 4564 547 4634 κληρικῶν
588 4568 786 4632 αὐτῶν,
832 4572 1109 4625 τουτέστιν
1150 4574 1225 4637 ὡς
1257 4576 1464 4640 δούλοις
1495 4582 1587 4630 καὶ
1622 4581 1827 4650 ὑπηρέ-

258 4673 384 4717 ταις
413 4656 622 4719 τούτοις
657 4659 981 4728 κεχρῆσθαι,
1026 4663 1160 4717 ἀλλά
1200 4667 1368 4736 χωρὶς
1401 4669 1702 4738 ὲμπαθείας
1736 4675 1829 4724 καὶ

258 4747 506 4815 ἀνάγκης
527 4749 669 4808 τινὸς
690 4749 997 4817 ποιμαίνειν
1023 4754 1114 4806 καὶ
1134 4755 1474 4823 διορθοῦσθαι
1492 4760 1703 4822 αὐτούς.
1729 4762 1830 4832 Ση-

264 4835 497 4901 palmam
517 4839 572 4890 δὲ
590 4840 695 4892 ἀπὸ
713 4841 803 4893 τοῦ
823 4843 1088 4912 παρόντος
1109 4847 1330 4907 κανόνος
1351 4848 1461 4914 (19)
1481 4851 1561 4901 ὅτι
1579 4851 1638 4902 οὐ
1670 4851 1828 4919 μόνος

257 4930 289 4980 ὁ
324 4929 585 5000 ἀφορίσας
615 4934 902 5002 ἀρχιερεὺς
925 4937 1014 4988 τὸν
1037 4939 1294 5007 κληρικδν
1317 4941 1480 4993 αὐτοῦ
1509 4942 1593 4994 διὰ
1623 4945 1826 5013 πρόφα-

259 5037 350 5072 σιν
381 5026 828 5093 αἰσχροκερδείας
855 5028 1171 5099 ἀφορίζεται
1198 5031 1337 5084 κατά
1383 5033 1473 5084 τὸν
1537 5035 1693 5103 λόγον
1733 5038 1832 5106 τῆς

256 5116 680 5180 ταυτοπαθείας,
713 5120 848 5172 ἀλλά
885 5125 977 5174 καὶ
1016 5125 1043 5174 ὁ
1074 5125 1195 5176 κατ’
1225 5125 1533 5193 ἐμπάθειαν
1581 5129 1611 5196 ἢ
1657 5128 1824 5197 ἀλλην

256 5207 552 5274 ἀνεύλογον
577 5212 752 5262 αἰτίαν
774 5213 1014 5266 τοιοῦτόν
1044 5233 1095 5266 τι
1120 5217 1315 5279 ἀδίκως
1352 5221 1606 5289 ποιήσας.
1633 5221 1740 5274 Καὶ
1762 5223 1831 5276 τὰ

257 5301 393 5368 περὶ
423 5300 613 5354 τούτου
654 5302 898 5374 ζητεῖται
934 5306 1086 5376 παρά
1113 5308 1189 5378 τῷ
1221 5309 1443 5378 μείζονα
1472 5311 1647 5382 ἔχοντι
1671 5313 1826 5377 ἐξου-

334 5492 374 5521 ⁶¹
408 5490 427 5544 l
462 5491 603 5545 Petr.
625 5493 754 5558 v.2,
788 5510 942 5566 seqq.

1948 3298 2128 3341 autem
2154 3287 2511 3340 decernentes
2570 3285 2779 3340 Patres.
2817 3284 3049 3336 diversis
3103 3297 3324 3350 quoque
3350 3280 3504 3331 locis

1945 3397 2008 3434 ex
2048 3379 2283 3448 Epistola
2317 3380 2496 3433 sancti
2531 3378 2680 3430 Pauli
2719 3379 2781 3428 ad
2812 3377 3074 3445 Ephesios
3100 3375 3182 3427 usi
3232 3384 3382 3432 sunt,
3411 3372 3502 3437 qui

1944 3481 2154 3541 turpem
2187 3455 2452 3539 quaestulti
2486 3481 2533 3522 et
2561 3468 2846 3521 avaritiam
2891 3469 3149 3534 puniunt,
3188 3464 3501 3516 iniserieor-

1933 3564 2086 3615 diam
2117 3571 2293 3614 autem
2327 3569 2380 3612 ct
2408 3561 2809 3626 cleemosyuam
2854 3558 3073 3609 maximi
3105 3557 3334 3608 faciunt.
3363 3554 3502 3617 Quid

1943 3654 2233 3714 autem.si‘
2291 3653 2360 3706 sit
2387 3653 2567 3720 aliqua
2629 3667 2790 3703 causa
2840 3653 3124 3711 canonica,
3184 3665 3287 3699 non
3351 3647 3503 3698 venia

1942 3747 2159 3801 dabitur
2198 3747 2452 3808 antistiti,
2487 3744 2576 3813 qui
2602 3745 2667 3794 ah
2696 3761 2778 3801 co,
2811 3745 2897 3794 cui
2938 3752 3148 3806 przeest,
3195 3756 3388 3791 aurum
3422 3739 3503 3788 vel

1942 3850 2224 3908 argentum
2277 3836 2482 3906 exigit?
2533 3835 2762 3888 Salutio.
2804 3834 3056 3885 Minime:
3121 3834 3165 3882 si
3217 3832 3360 3883 enim
3401 3830 3500 3881 hoc

1945 3928 2152 3993 iecerit,
2208 3940 2267 3981 ut
2326 3927 2418 3979 Dei
2471 3928 2851 3978 tnamlanorum
2911 3931 3308 3986 transgressor,
3341 3930 3393 3971 et
3445 3928 3502 3970 ut

1938 4023 2029 4088 qui
2061 4005 2207 4090 ejus:
2267 4021 2357 4089 qui
2392 4026 2608 4087 praeest.
2642 4017 2835 4069 animae
2893 4015 3122 4067 salutem
3175 4013 3500 4072 vendiderit,

1940 4116 2216 4184 punietur.
2272 4112 2441 4166 Debet
2477 4111 2645 4173 enim,
2701 4109 2794 4172 qtti
2833 4108 2972 4159 forte
3025 4106 3340 4173 deliquerit,
3394 4104 3502 4170 epi-

1938 4220 2159 4272 scopum
2193 4202 2277 4257 vel
2323 4201 2583 4254 clericum
2620 4199 2702 4252 vel
2738 4201 3065 4251 monachum
3107 4212 3172 4249 ex
3222 4209 3494 4248 canonmn

1938 4295 2270 4365 praescriptis
2299 4295 2506 4363 primus
2546 4291 2762 4358 punire,
2797 4299 2853 4344 ct
2909 4304 3016 4353 non
3059 4299 3283 4356 propter
3340 4299 3496 4353 turpe

1935 4388 2150 4459 aliquod
2198 4387 2407 4440 lucrum
2475 4386 2794 4438 canonicam
2860 4384 3257 4436 correctionem
3315 4388 3498 4431 trans-

1932 4481 2102 4552 gredi.
2138 4480 2296 4534 Juhet
2321 4489 2500 4532 autem
2538 4492 2712 4530 canon
2745 4477 3109 4539 antistitibus,
3144 4491 3210 4527 ne
3250 4474 3302 4525 in
3333 4473 3495 4524 cleri-

1933 4592 2028 4630 cos
2056 4590 2186 4628 suos
2218 4574 2548 4626 dominatum
2575 4580 2890 4633 exerceant,
2915 4572 2965 4624 id
2993 4578 3098 4631 est,
3136 4584 3199 4619 ne
3227 4577 3284 4618 ut
3318 4566 3494 4618 servis

1931 4677 1986 4720 et
2022 4663 2286 4719 ministris
2317 4664 2396 4718 eis
2437 4672 2680 4726 utantur,
2722 4662 2813 4715 sed
2846 4664 2961 4713 sine
2996 4660 3404 4728 perturbatione
3435 4669 3488 4709 et

1934 4759 1984 4812 vi
2012 4759 2192 4827 aliqua
2221 4772 2318 4809 eos
2348 4765 2575 4825 pascnnt
2601 4764 2655 4807 et
2686 4752 2992 4820 corrigam.
3041 4750 3178 4803 Nota
3215 4760 3392 4802 autem
3427 4764 3489 4800 ex

1935 4853 2037 4905 hoc
2067 4847 2318 4920 prazsenti
2356 4861 2590 4907 canone,
2649 4844 2792 4914 quod
2837 4860 2944 4896 non
3002 4843 3176 4896 solum
3238 4843 3509 4899 antistes;

1932 4944 2024 5009 qui
2049 4940 2219 5009 turpis
2247 4939 2382 4994 lucri
2432 4953 2593 4992 causa
2631 4936 2890 4990 clericmn
2947 4950 3105 4987 suum
3152 4935 3488 5001 SPgl‘c‘gat‘il,

1929 5041 2247 5104 segregatur
2277 5047 2343 5084 ex
2401 5032 2517 5100 lege
2575 5029 2838 5090 talionis;
2890 5027 2982 5078 sed
3039 5034 3095 5078 et
3135 5027 3225 5092 qui
3271 5037 3489 5090 propter

1927 5130 2162 5197 aliquam
2195 5126 2368 5180 animi
2429 5123 2892 5193 perturbationem
2945 5119 3028 5171 vel
3081 5117 3322 5184 aliquam
3378 5134 3484 5167 non

1925 5223 2129 5292 justam
2179 5234 2405 5274 causam
2439 5219 2547 5272 tale
2594 5216 2722 5286 quid
2786 5215 2969 5282 inique
3026 5213 3174 5266 fecit.
3219 5211 3289 5262 De
3331 5227 3389 5261 ea
3431 5226 3485 5260 re

1937 5323 2116 5368 autem
2159 5313 2389 5383 quzestio
2430 5309 2682 5381 agitanda
2717 5317 2799 5361 est
2838 5308 2976 5377 apud
3003 5323 3148 5371 eum,
3184 5305 3273 5373 qui
3327 5304 3489 5354 hahet

1475 5621 1663 5682 Guill.
1697 5624 2019 5701 Beveregii
2066 5633 2254 5686 notae.

339 5731 446 5802 (l9)
486 5734 816 5799 Σημείωσαι
850 5737 956 5786 τὸν·
989 5740 1253 5802 παρόντα
1287 5744 1533 5796 κανόνα.
1590 5744 1629 5794 Α
1685 5759 1819 5798 voce.

261 5804 569 5883 σημείωσαι
635 5820 804 5868 usque
856 5806 921 5883 ad
977 5811 1133 5883 linem
1194 5812 1354 5875 hujus
1420 5814 1818 5881 interpretatio-

264 5880 373 5937 nis,
408 5889 511 5926 uua
565 5889 687 5928 cum
717 5886 827 5928 tota
878 5880 1041 5930 altera
1101 5880 1574 5949 interpretatione,
1603 5885 1654 5938 in
1713 5903 1812 5939 ms.

1921 5745 2352 5799 Amerhachiano
2423 5748 2806 5799 desiderantur
2860 5749 3061 5799 munia.
3103 5745 3208 5799 Sed
3250 5745 3299 5797 in
3354 5746 3477 5800 aliis

1921 5818 2178 5868 omnibus
2242 5818 2524 5872 codicibus
2586 5834 2736 5887 aeque
2807 5834 2870 5872 at:
2935 5820 2987 5872 in
3047 5816 3343 5870 Bodleiano
3400 5818 3477 5870 le-

1924 5898 2146 5951 guttlur.
