4218 6458
205 478 299 540 897

1313 467 1389 527 IN
1437 466 1601 525 CAN.
1635 466 1705 524 IV
1743 465 2013 524 SYNODI
2045 465 2147 523 VII
2182 465 2529 524 (ECUMEN.

3315 463 3424 525 898

205 591 567 666 προσωπικοῐς
625 584 1093 656 ἐκκλησιαστικαῖς
1161 583 1255 634 καὶ
1306 579 1761 651 μοναστηριακοῖς
1795 577 1871 634 ΑΙ

1759 596 1761 631 ῑ
1795 581 1833 634 Α
1865 577 1966 629 bus
1987 578 2255 638 assident,
2295 576 2706 641 sacerdotibus;
2741 575 2832 630 sed
2896 575 3246 646 publicorum
3303 581 3425 648 qui-

205 686 671 760 προσκαθημένοις
699 680 898 751 ἱερεῦσι
925 696 937 708 ’
975 678 1112 746 πλὴν
1150 675 1256 728 τῶν
1289 674 1386 743 μὲν
1410 671 1762 744 δημοσιακῶν

207 785 390 853 ἱερέων
423 783 522 849 τὴν
555 779 822 845 ποσότητα
845 777 930 828 διὰ
982 771 1310 844 ἀπογραφῆς
1362 768 1761 839 ἐστενοχώρησε

204 880 289 931 δια
315 877 410 945 τὴν
435 873 594 943 δοχὴν
622 871 732 924 τῶν
783 866 1251 937 συμπαθηθέντων
1291 863 1634 931 τελεσμάτων
1667 860 1764 914 αὑ-

205 971 331 1031 τῶν,
393 968 534 1020 ὥστε
573 968 649 1027 εἱς
707 965 764 1017 τό
818 961 944 1028 ἑξῆς
995 959 1071 1030 μὴ
1127 956 1489 1021 αὐξάνεσθαι·
1551 954 1675 1014 τοὺς
1707 951 1763 1004 δὲ

207 1057 587 1128 προσωπικοὺς
635 1057 726 1108 καὶ
753 1053 970 1113 λοιποὺς
1004 1051 1167 1120 ἱερεῖς
1195 1049 1292 1101 οὑκ
1343 1047 1596 1116 εὑδόκησε
1628 1045 1764 1097 ἀπο-

205 1154 478 1221 γραφῆναι
506 1151 737 1209 πάντως,
785 1146 872 1198 διὰ
901 1144 959 1195 τὸ
992 1141 1125 1212 μηδὲ
1148 1140 1380 1208 ὀφείλειν
1409 1137 1651 1206 γίνεσθαι
1678 1134 1763 1186 δο-

206 1249 302 1317 χὴν
333 1247 470 1314 ὑπὲρ
499 1242 724 1296 τούτων.
760 1240 866 1291 Καὶ
924 1237 1063 1305 μετά
1095 1251 1245 1296 τινας
1278 1232 1521 1303 χρόνους,
1576 1228 1765 1297 ἱερέων

205 1339 364 1391 τινῶν
385 1334 730 1406 δημοσιακῶν
757 1331 1188 1400 ὑπερϐαινόντων
1218 1327 1314 1397 τὴν
1342 1326 1613 1391 ποσότητα
1633 1321 1761 1386 τῶν,

204 1432 276 1494 ὼς
308 1431 544 1500 εἴρηται,
597 1425 893 1494 γεγονυιῶν
928 1422 1284 1493 ἀπογραφῶν,
1339 1421 1430 1472 καὶ
1463 1417 1768 1484 ἑλκομένων

207 1530 285 1589 εἱς
323 1524 574 1578 ἀπόδοσιν
605 1521 868 1588 πλωῖμων
901 1518 994 1571 καὶ
1028 1515 1228 1569 λοιπῶν
1259 1509 1608 1581 δημοσιακῶν
1637 1511 1768 1571 ἐπη-

212 1619 388 1687 ρειῶν,
427 1614 749 1682 ὑπεμνήσθη
781 1614 808 1663 ό
855 1609 1110 1679 κραταιὸς
1149 1607 1242 1658 καὶ
1300 1606 1450 1672 am,-
1486 1601 1642 1670 ἡμῶν
1675 1599 1768 1665 βα-

210 1710 385 1771 σιλεὺς
411 1708 559 1777 παρά
590 1705 682 1759 τοῦ
735 1706 854 1756 τότε
884 1702 1189 1770 ἁγιωτάτου
1227 1695 1564 1766 πατριάρχου
1599 1691 1767 1761 κυροῦ

208 1804 409 1864 Λουκᾶ,
465 1803 560 1853 καὶ
592 1798 930 1868 συνεζητήθη
966 1794 1104 1847 κατὰ
1150 1790 1449 1861 πρόσταξιν
1483 1787 1769 1858 βασιλικὴν

209 1899 257 1947 εἰ
289 1893 603 1964 βοηθοῦνται
642 1891 690 1942 οἱ
713 1887 944 1942 τοιοῦτοι
985 1886 1306 1955 δημοσιακοὶ
1343 1883 1505 1950 ἱερεῖς
1530 1881 1636 1932 ἀπὸ
1675 1876 1768 1931 τοῦ

1867 670 1986 722 dem
2043 671 2386 724 sacerdotum
2442 670 2802 736 quantitatem
2851 667 3226 737 descriptione
3285 667 3428 724 facta

1868 761 1922 814 in
1987 770 2278 830 angustum
2336 761 2543 830 redegit
2589 767 2812 832 propter
2862 761 3274 829 susceptionem
3344 761 3426 815 eis

1869 867 2254 928 concessorum
2318 853 2688 922 vectigalium,
2738 861 2796 905 ut
2857 851 3114 921 deinceps
3165 868 3272 906 non
3327 868 3429 905 au-

1869 954 2094 1016 geatur:
2131 947 2444 1015 personales
2469 955 2647 999 autem
2696 955 2749 1000 et
2804 944 3046 1026 reliquos
3108 947 3428 1000 sacerdotes

1870 1054 1979 1092 non
2009 1053 2128 1093 esse
2157 1038 2552 1092 describendos
2581 1041 2628 1092 ei
2661 1040 2839 1092 visum
2865 1048 2952 1092 est
3010 1039 3254 1102 omnino,
3289 1055 3431 1107 quo-

1869 1131 2014 1185 niam
2046 1131 2190 1185 nu‘lla
2220 1147 2315 1200 pro
2351 1132 2416 1185 iis
2440 1147 2563 1185 esse
2589 1132 2814 1186 deberet
2847 1133 3067 1201 penitus
3130 1135 3427 1197 susceptio.

1868 1222 2006 1276 Cum
2048 1232 2226 1277 autem
2278 1225 2559 1293 aliquanto
2619 1233 2740 1293 post
2791 1233 3058 1293 tempore,
3117 1224 3432 1278 sacerdotes

1869 1314 2086 1387 quidem
2117 1314 2341 1400 publici,
2372 1316 2462 1383 qui
2498 1317 2859 1383 quantitatem
2907 1316 3204 1381 factarum,
3239 1327 3296 1369 ut
3355 1316 3435 1368 di-

1871 1419 2018 1462 cmm
2049 1417 2153 1472 est,
2188 1407 2626 1475 descriptionum
2677 1407 3035 1472 excedebant,
3092 1410 3159 1462 ad
3212 1409 3434 1462 nautica

1873 1499 2126 1554 solvenda
2178 1508 2233 1552 et
2290 1499 2500 1567 reliqua
2557 1514 2721 1552 onera
2753 1499 2998 1596 \puglica
3051 1499 3436 1566 traherentur,

1872 1589 2238 1644 commonitus
2275 1599 2357 1643 est
2394 1599 2587 1659 potens
2630 1602 2683 1644 et
2726 1589 2951 1646 saucius
3006 1600 3194 1645 noster
3257 1594 3435 1660 impe-

1876 1693 2020 1735 rator
2050 1695 2078 1732 a
2105 1681 2457 1734 sanctissimo
2485 1690 2616 1734 tunc
2669 1686 2929 1750 temporis
2984 1683 3292 1751 patriarrha
3337 1686 3435 1736 dn-

1875 1775 2020 1826 tnino
2046 1771 2208 1837 Luca,
2247 1782 2301 1826 et
2330 1774 2626 1841 quaesitum
2659 1782 2742 1826 est
2773 1775 2930 1839 jussu
2958 1775 3308 1843 imperatoris
3356 1791 3425 1829 an

1876 1866 1928 1919 hi
1964 1865 2162 1935 publici
2190 1867 2500 1920 sacerdotes
2540 1881 2568 1918 a
2591 1867 2734 1919 dicta
2763 1867 2941 1919 Aurea
2968 1865 3117 1918 Bulla
3152 1868 3434 1931 jut-entur,

209 1945 464 2056 pqaévlto;
519 1980 932 2053 χρυσοδούλλου,
973 1945 1068 2040 εἰς·
1101 1978 1160 2029 τὺ
1185 1945 1600 2060 ὲξκουσιεύεσθαι
1628 1971 1768 2032 τέως
1802 1945 1841 1999 Β
1869 1977 1875 2006 ε

1802 1945 1841 1999 Β
1869 1965 1922 2010 et
1964 1956 2195 2023 publicis
2224 1955 2488 2010 oneribus
2526 1957 2742 2009 interim
2774 1966 3139 2009 excuseutur:
3175 1958 3434 2026 synodice

1893 2049 1906 2060 ι
1952 2050 1977 2060 ι.
2027 2048 2058 2060 .,
2252 2057 2260 2060 _
2350 2058 2358 2060 _
2406 2047 2417 2060 ι
2718 2049 2730 2060 ι
2779 2059 2783 2060 ,
2872 2035 2882 2060 ι
3141 2049 3148 2057 ι
3406 2051 3416 2060 ι

207 2079 316 2134 ἀπὸ
343 2079 450 2130 τῶν
487 2072 835 2146 δημοσιακῶν
887 2070 1158 2141 ὲπηρειῶν
1180 2084 1195 2100 ο
1225 2063 1521 2134 διεγνώσθη
1565 2062 1770 2113 συνοδι-

207 2169 319 2230 πῶς
351 2169 493 2238 ἔχειν
519 2167 640 2227 τοὺς
668 2163 944 2225 τοιούτους
970 2162 1132 2231 ἱερεῖς
1169 2159 1304 2221 τέως
1327 2158 1426 2225 τὴν
1453 2153 1767 2218 ὲξκουσείαν

205 2263 315 2317 ἀπὸ
354 2260 462 2314 τῶν
501 2255 791 2328 ἐπηρειῶν.
841 2252 971 2306 Eius
1028 2251 1135 2320 γὰρ
1176 2252 1208 2316 ὴ
1258 2249 1390 2315 ἀγὶα
1444 2243 1768 2339 σύνοδοςξιτι

210 2358 306 2410 καὶ
365 2355 471 2406 ἀπὸ
531 2353 623 2405 τοῦ
681 2346 988 2418 προοιμίου,
1037 2344 1170 2398 ἀλλὰ
1203 2341 1310 2411 μὴν
1360 2340 1454 2392 καὶ
1508 2338 1616 2390 ἀπὸ
1671 2335 1765 2388 τοῦ

207 2446 629 2516 ὲξκουσεύεσθαι
687 2444 892 2503 πάντας
953 2439 1078 2500 τοὺς
1149 2431 1536 2503 προσωπικοὺς
1598 2429 1767 2500 ἱερεῖς

216 2541 351 2611 μηδὲ
382 2534 866 2603 ἀπογραφομένους
904 2531 1230 2598 παρίσταται
1265 2521 1507 2592 ἐναργῶς
1540 2521 1640 2591 τὴν
1671 2521 1768 2590 βα-

211 2631 428 2700 σιλικὴν
456 2628 772 2696 εὐεργεσίαν
812 2623 945 2691 πρὸς
978 2621 1182 2679 πάντας
1213 2614 1606 2684 ὑφαπλωθῆναι
1635 2613 1766 2674 τοὺς

211 2726 408 2795 ἱερεῖς·
459 2722 641 2776 ἄδικον
664 2718 709 2770 δ’
737 2715 964 2784 ἔφασαν,
1002 2710 1228 2779 καὶτῆς
1276 2709 1563 2779 βασιλικῆς
1605 2707 1765 2776 εὑερο

210 2817 408 2886 γεσὶας
457 2812 761 2880 ἀλλότριον,
792 2805 1014 2866 τούτους
1060 2801 1178 2872 μὲν,
1219 2801 1295 2870 τῷ
1327 2800 1571 2869 δημοσίῳ
1602 2797 1769 2868 μηδὲν

212 2905 694 2975 συνεισφέροντας,
724 2894 1141 2965 έξκουσεὺεσθαι
1189 2892 1275 2945 διὰ
1331 2893 1431 2960 τὴν
1479 2891 1643 2962 τιμὴν
1670 2890 1772 2960 τῆς

211 3000 518 3070 ἱερωσύνης
540 3013 555 3028 ο
587 2995 828 3056 ὲκεὶνους
850 2990 928 3053 δὲ,
959 2987 1228 3049 τελεστὰς.
1249 2986 1409 3046 ὄντας
1460 2983 1553 3036 τοῦ
1597 2985 1769 3053 δημο-

214 3097 358 3158 σίου,
389 3087 813 3159 ἐπηρεάζεσθαι,
844 3083 938 3136 καὶ
977 3082 1073 3150 τὴν
1122 3082 1183 3131 ἐκ
1231 3079 1327 3147 τῆς
1365 3076 1661 3146 ἱερωσύνης
1695 3077 1771 3146 μὴ

213 3189 364 3257 ἒχειν
396 3180 742 3253 περὶθαλψιν,
773 3176 900 3230 ἀλλό
941 3173 1084 3226 κατᾶ
1131 3171 1256 3232 τούς
1306 3169 1524 3231 λαῖκοὺς
1555 3167 1774 3220 εὐθύνε-

1875 2048 2159 2103 delluitum
2185 2057 2290 2109 est,
2348 2047 2481 2100 tales
2541 2035 3317 2102 sacerdotes’excusationem
3370 2051 3436 2101 ab

1875 2139 2133 2193 oneribus
2158 2139 2377 2190 habere.
2409 2135 2554 2190 Dixit
2587 2137 2735 2190 enim
2770 2149 2963 2190 sancta
2988 2140 3252 2205 synodus.
3287 2137 3436 2206 quod

1877 2241 1931 2286 et
1960 2247 2024 2286 ex
2054 2211 2343 2301 prooemio.
2376 2240 2508 2285 etex
2543 2245 2608 2283 eo
2656 2230 2842 2295 etiam,
2893 2231 3035 2299 quod
3088 2247 3278 2285 omnes
3339 2246 3435 2284 ac-

1874 2333 2139 2377 cusantur
2229 2323 2545 2393 personales
2629 2323 2946 2375 sacerdotes
3034 2324 3250 2375 etiamsi
3324 2337 3433 2375 non

1877 2418 2300 2481 describantur,
2364 2415 2648 2470 evidenter
2732 2415 3080 2477 ostenditur,
3161 2417 3441 2482 imperiale

1880 2509 2203 2586 beneﬁcium
2234 2510 2298 2562 ad
2329 2523 2520 2562 omnes
2542 2507 2758 2561 extendi
2794 2510 3131 2561 sacerdotes.
3169 2510 3438 2576 Iniustum

1879 2611 2060 2657 autem
2096 2617 2216 2656 esse
2255 2601 2530 2660 dicebant,
2556 2610 2611 2652 et
2648 2599 2718 2653 ab
2769 2601 3030 2668 imperiali
3083 2599 3440 2653 benelicentia

1879 2695 2137 2760 alienum,
2162 2703 2220 2748 ut
2263 2695 2355 2764 qui
2407 2696 2624 2760 publico
2674 2691 2892 2761 quidem
2937 2693 3072 2744 nihil
3126 2691 3437 2753 cnnferuut,

1881 2800 2103 2858 propter
2124 2785 2410 2841 sacerdotii
2443 2787 2700 2839 honorem
2727 2795 3091 2838 excusentur:
3122 2784 3197 2836 illi
3230 2795 3439 2850 autem,

1876 2883 1970 2955 qui
2030 2880 2251 2952 publico
2274 2879 2611 2939 deserviunt,
2664 2877 3065 2946 opprimantur,
3133 2883 3187 2928 et
3243 2890 3311 2930 ex
3350 2890 3440 2928 sa-

1881 2974 2126 3029 cerdotio
2155 2987 2260 3026 non
2290 2971 2530 3025 habeant
2568 2970 2847 3032 solatium,
2889 2968 2982 3022 sed
3014 2966 3238 3036 perinde
3278 2980 3343 3020 ac
3394 2966 3442 3020 si

1881 3075 2066 3122 essent
2101 3064 2245 3129 laici,
2293 3063 2345 3116 in
2382 3062 2592 3132 judicio
2652 3070 2935 3114 vexentur.
2994 3059 3059 3112 Et
3119 3060 3233 3128 lege
3291 3074 3437 3122 eam,

1882 3174 2003 3227 qua:
2039 3156 2262 3224 inJulio
2303 3170 2488 3209 mense
2517 3155 2689 3223 prima
2734 3153 3040 3206 indictione
3096 3165 3241 3204 anno
3291 3151 3434 3206 6600

216 3249 366 3332 σθαι.
407 3249 515 3328 Kal.
544 3269 898 3338 ἀνάγνωθιτὸ
931 3265 1072 3320 κατὰ
1109 3265 1198 3318 τὸν
1237 3263 1454 3316 Ἰούλιον
1493 3261 1767 3361 μῆνασῆς
1801 3299 1845 3361 C

1278 3263 1454 3316 ούλιον
1493 3263 1637 3331 μῆνα
1669 3261 1767 3328 τῆς
1801 3299 1845 3361 C
1884 3251 2022 3306 facta
2050 3261 2152 3314 est,
2179 3251 2247 3304 de
2282 3255 2380 3303 hac
2412 3265 2468 3302 re
2496 3249 2941 3302 derlarationcm.

215 3380 268 3425 a.’
297 3368 620 3427 ἱνδικτιῶνος
651 3362 745 3415 τοῦ
787 3369 895 3429 ςχ’,
922 3362 1075 3422 ἔτους
1113 3357 1335 3425 γεγονὸς
1380 3355 1540 3424 χάριν
1582 3351 1772 3404 τούτου

217 3461 494 3515 συνοδικὸν
530 3455 837 3524 σημεῖωμα.

297 3553 537 3607 ΖΩΝᾹΡ.
580 3548 653 3600 Τὸ
683 3546 931 3599 ἀπαιτεῖν
959 3542 1047 3594 τὸν
1096 3538 1356 3610 ἀρχιερέα
1403 3537 1525 3598 τοὺς
1555 3536 1647 3588 ὑπ’
1683 3535 1780 3588 αὑ-

214 3650 314 3701 τὸν
338 3646 532 3698 διδόναι
564 3657 615 3691 τι
641 3638 786 3705 αύτῷ
816 3637 990 3703 πάντη
1020 3631 1217 3685 κωλύει
1257 3632 1285 3682 ό
1335 3629 1533 3691 κανὼν,
1571 3631 1663 3681 καὶ
1688 3629 1779 3679 τόν

221 3740 400 3810 μέγαν
432 3733 639 3786 lla-319v
691 3729 896 3792 εἰσάγει
941 3727 1198 3792 λέγοντα⁰
1253 3724 1541 3788 Χρυσίου,
1581 3721 1618 3788 ἢ
1676 3721 1782 3787 ἀρ.

216 3831 455 3898 γυρίου,
489 3825 525 3892 ἢ
581 3820 898 3890 ἱματισμοῦ
947 3818 1193 3881 οὐδενὸς
1220 3815 1586 3883 ἐπεθύμησα,
1618 3814 1784 3865 τύπον

220 3920 420 3973 eum
453 3917 544 3969 καὶ
579 3914 876 3980 ὑπόδειγμα
923 3911 1056 3961 πᾶσι
1095 3905 1325 3969 διδόντα,
1367 3906 1446 3956 ὅτι
1491 3903 1629 3956 οὕτω
1678 3903 1784 3972 χρὴ

218 4020 355 4074 ’τοὺς
389 4009 607 4070 πιστοὺς
668 4000 1090 4072 ἀνατρέφεσθαι,
1121 4001 1213 4051 καὶ
1266 3997 1569 4070 κοπιῶντας
1629 3997 1778 4047 ἀντι.

221 4099 601 4169 λαμϐάνεσθαι
653 4094 761 4147 τῶν
822 4091 1100 4143 ἀσθενῶνο
1162 4091 1404 4152 ἀσθενεῖς
1444 4088 1673 4141 ἐνταῦθα
1722 4087 1783 4139 οὑ

215 4194 355 4253 τοὺς
400 4188 680 4247 νοσοῦντας
725 4184 919 4253 δηλῶν,
955 4182 1087 4236 ἀλλὰ
1149 4181 1349 4242 πάντας
1382 4181 1505 4240 τοὺς
1540 4176 1788 4246 όπωσδήυ

217 4301 358 4337 ποτε
391 4281 672 4349 δεομένους
707 4276 908 4338 ἐλέους.
929 4274 987 4325 Εἰ
1013 4274 1068 4326 δὲ
1093 4275 1226 4325 πᾶσι
1258 4271 1427 4324 ταῦτα
1457 4270 1781 4331 ἐντέλλεται,

219 4372 412 4441 πολλῷ
446 4372 642 4442 μᾶλλον
670 4369 734 4422 ἂν
762 4369 873 4428 τοῖς
904 4365 1221 4424 έπισκόποις
1252 4364 1604 4432 ἀρμόσουσιν.
1640 4361 1786 4431 ’0ρὶ-

220 4472 318 4535 ζει
348 4463 438 4520 οὖν
471 4467 544 4536 μὴ
576 4466 876 4532 προφάσεις
925 4457 1292 4525 πλαττόμενον
1341 4455 1410 4507 δι’
1466 4455 1788 4523 αἰσχροκερ-

219 4564 381 4615 δειαν
414 4558 504 4609 τὸν
559 4555 855 4607 ἐπίσκοπον
906 4550 1154 4603 ἀπαιτεῖν
1205 4547 1311 4600 ἀπὸ
1355 4547 1462 4598 τῶν
1501 4547 1595 4600 ὑπ’
1627 4548 1788 4598 αὑτὸν

1948 3523 2107 3592 292
2123 3521 2369 3576 ΖΟΝᾹΒ.
2397 3520 2612 3589 Aliquid
2639 3521 2954 3589 episcopum
2976 3521 3058 3574 sui
3083 3520 3441 3575 emolumenti

1887 3628 2050 3667 c.msa
2079 3634 2104 3663 ει
2137 3613 2238 3666 sibi
2263 3613 2524 3679 subjectis
2566 3613 2783 3679 exigere
2845 3611 2932 3663 hic
2992 3627 3166 3665 canon
3216 3618 3442 3667 omnino

1887 3715 2052 3767 vetat,
2091 3721 2452 3772 magnumque
2474 3703 2699 3756 Paulum
2741 3706 2812 3756 ita
2866 3705 2934 3757 de
2989 3721 3049 3758 se
3125 3709 3438 3770 loquentem

1889 3795 2124 3850 inducit:
2161 3799 2381 3856 Aurum,
2415 3808 2506 3846 aut
2541 3806 2840 3861 argentum,
2878 3804 2969 3846 aut
3008 3806 3198 3848 vestem
3242 3796 3442 3847 nullius

1889 3889 2189 3955 concupiui;
2223 3896 2281 3940 ut
2341 3903 2441 3940 suo
2508 3888 2736 3954 ipsemet
2762 3887 3037 3953 exemplo,
3082 3888 3333 3941 omnibus
3377 3889 3442 3940 ad

1891 3979 2212 4031 imitandum
2261 3987 2583 4045 proposrto.
2649 3975 2902 4028 eumdem
2957 3975 3082 4029 vitae
3154 3991 3372 4028 cursum
3413 3991 3443 4029 a

1894 4070 2140 4124 lidelibus
2192 4053 2577 4128 retinendum,
2657 4082 2719 4118 ac
2778 4067 3003 4119 assidue
3055 4067 3444 4122 laborantibus

1893 4160 2226 4214 inﬁrmorum
2269 4171 2456 4210 curam
2508 4154 2912 4222 suscipiendam
2970 4170 3091 4209 esse
3136 4171 3446 4210 comnmue-

1892 4249 2503 4306 faceretzinlirmorum
2560 4248 2954 4317 appellatione,
2987 4251 3087 4300 hoc
3143 4235 3282 4310 loco,
3337 4265 3445 4304 non

1891 4346 1982 4413 qui
2009 4343 2195 4396 morbo
2235 4341 2418 4409 aliquo
2456 4349 2734 4400 tenentur,
2761 4340 2853 4393 sed
2896 4354 3087 4391 omnes
3128 4339 3223 4408 qui
3279 4340 3446 4395 mise-

1893 4434 2123 4490 ricordia
2205 4433 2705 4503 quomodocuuque
2763 4430 3050 4498 indigent,
3105 4432 3438 4500 intelligens.

1892 4529 2044 4594 Quod
2078 4526 2121 4582 si
2156 4526 2268 4581 haec
2308 4525 2585 4579 universis
2634 4525 2708 4578 ita
2774 4525 3111 4593 praecipitur,
3168 4540 3228 4577 ea
3277 4526 3449 4578 multo

218 4658 401 4706 ὄντων
441 4648 777 4709 ἐπισκόπων,
813 4639 1166 4712 κληρικῶν,ἥ
1202 4637 1468 4708 μοναχῶν,
1502 4637 1722 4706 χρυσον,
1756 4636 1787 4706 ἢ
1819 4653 1869 4713 D

1779 4639 1787 4706 ι
1819 4653 1869 4713 D
1896 4621 2357 4678 accommodatius
2377 4619 2650 4713 episcopis
2679 4619 3072 4713 arbitrabimur
3132 4619 3445 4673 convenire.

220 4749 493 4815 ἄργυρον,
515 4740 548 4810 ἢ
573 4740 756 4806 ἓτερον
774 4731 931 4798 εἶδος.
960 4733 1170 4794 Ἀδικος
1200 4731 1326 4800 γὰρ,
1351 4731 1530 4799 φησὶν,
1555 4730 1587 4798 ἡ
1611 4727 1790 4781 τοιαύ-

219 4855 304 4908 τη
330 4837 621 4902 ἀπαίτησις
645 4847 659 4860 °
693 4830 884 4882 ἄδικοι
912 4827 978 4879 δὲ
1002 4825 1332 4890 ,ϐασιλείαν
1364 4822 1511 4908 Θεοῦ
1545 4823 1614 4875 οὐ
1647 4827 1792 4886 κλη-

217 4903 668 4998 ρονομήσουσι,
711 4923 819 4974 Καὶ
877 4921 987 4973 οὐκ
1052 4917 1276 4985 ὀφείλει
1320 4916 1389 4968 τὰ
1439 4903 1620 4966 ὲέκνίι
1667 4911 1790 4976 τοῖς

226 5021 480 5092 γονεῦσι
510 5015 903 5084 θησαυρίζειν.
929 5013 1064 5066 ἀλλ’
1087 5013 1140 5064 οἱ
1168 5007 1362 5078 γονεῖς
1391 5007 1515 5072 τοὶς
1543 5007 1792 5068 τέκνοις.

230 5114 352 5169 Καὶ
384 5111 556 5163 ταῦτα
598 5110 652 5160 δὲ
682 5104 1011 5160 ἀποστολικα
1043 5105 1109 5154 τα
1156 5101 1310 5170 ρητά.
1342 5100 1401 5168 El
1450 5097 1579 5165 γοῦν
1630 5098 1794 5147 ἀπαι-

230 5205 350 5257 τῶν
379 5218 461 5262 τις
495 5199 785 5272 ἐπίσκοπος
839 5195 961 5254 τοὺς
995 5191 1084 5242 ὑπ’
1113 5189 1271 5242 αὑτὸν
1294 5187 1610 5253 οἱονδήποτε
1646 5183 1791 5252 πρᾶ-

231 5312 384 5366 γμα,
439 5292 532 5344 καὶ
568 5291 640 5358 μὴ
699 5285 966 5347 εὐπειθεῖς
1001 5283 1266 5351 εὑρίσκων
1292 5279 1506 5338 αὑτοὺς,
1540 5273 1796 5344 ἀφορίσει

234 5361 438 5445 αὑτοὺς
462 5384 494 5452 ἢ
530 5382 594 5432 δι’
628 5377 928 5448 εμπάθειαν
955 5375 1165 5440 ἑτέραν,
1191 5370 1223 5439 ἢ
1251 5367 1452 5421 κλείσει
1480 5364 1625 5426 ναὸν,
1657 5361 1798 5414 ὥστε

240 5480 323 5548 μὴ
343 5475 587 5544 γίνεσθαι
611 5474 669 5524 ὲν
696 5469 842 5537 αὐτῷ
865 5468 960 5528 τας
995 5461 1324 5534 ἱερουργίας,
1353 5464 1431 5520 εἰς
1455 5455 1797 5526 ἀναίσθητον,

235 5575 337 5623 τὸν
377 5569 500 5621 ναὸν
533 5565 753 5635 δηλαδὴ,
784 5562 882 5632 τὴν
935 5557 1105 5627 ὀργὴν
1137 5554 1326 5615 αὑτοῦ,
1361 5554 1426 5623 ἢν
1460 5549 1661 5620 μανίαν
1708 5548 1796 5602 διὰ

235 5666 306 5714 τὸ
335 5662 473 5714 πάνυ
505 5659 728 5726 σφοδρὸν
763 5657 856 5706 καὶ
883 5651 1190 5719 παράλογον
1234 5645 1534 5714 ὠνόμασεν,
1564 5640 1801 5710 ἐπιπέμ-

242 5772 388 5816 πων,
424 5750 740 5818 ἀναίσθητός
772 5749 905 5805 ἐστι.
947 5740 1102 5810 φησὶ,
1160 5741 1254 5791 καὶ
1310 5739 1376 5806 τῇ
1433 5730 1803 5801 ταυτοπαθεία

241 5837 618 5907 ὑποκείσεται,
646 5843 814 5910 ἤγουν
869 5835 1315 5907 ἀφορισθήσεται,
1349 5829 1443 5882 καί
1488 5829 1516 5880 ὂ
1571 5826 1796 5895 ἐποίησε

242 5938 398 6004 πάθῃ
431 5939 456 5988 ὀ
515 5936 610 6004 μὲν
646 5933 938 5991 ἐπίσκοπος
996 5937 1141 5995 παρα
1174 5920 1564 5993 μητροπολὶτου
1606 5915 1795 5982 αὑτοῦ,

1895 4715 2099 4770 Statuit
2130 4713 2316 4782 igitur,
2391 4728 2456 4766 ne
2509 4712 2638 4781 qttid
2704 4712 3022 4780 episcopus,
3086 4714 3260 4779 turpis
3312 4710 3447 4764 lucri

1892 4809 2062 4878 gratia
2079 4805 2570 4860 conunentitiarum
2603 4819 2894 4857 causarum
2925 4805 3187 4865 obtentu,
3249 4816 3279 4855 a
3318 4802 3450 4856 sub-

1889 4901 2045 4967 jectis
2070 4897 2172 4951 sibi
2213 4898 2512 4966 episcopis.
2551 4897 2771 4950 clericis
2813 4906 2907 4950 aut
2960 4894 3272 4959 monachis,
3331 4894 3450 4949 sive

1893 5007 2110 5056 aurum,
2162 4990 2279 5044 sive
2335 4997 2618 5059 argentum
2651 5025 2668 5051 ,
2729 4988 2845 5043 sive
2921 4987 3064 5041 aliud
3121 4985 3449 5057 quidpiam,

1895 5087 2092 5154 exigat.
2154 5083 2359 5150 lnjusta
2411 5080 2555 5135 enim
2618 5079 2914 5150 ejusmodi,
2967 5081 3166 5149 inquit,
3235 5079 3454 5132 exactio

1894 5188 2012 5232 est:
2079 5175 2265 5243 injusli
2310 5188 2467 5240 porro
2530 5188 2745 5240 regnum
2789 5171 2886 5226 Dei
2937 5189 3041 5227 non
3093 5171 3454 5236 possidebunt.

1896 5269 2080 5330 Neque
2102 5283 2227 5322 vero
2254 5265 2433 5318 debent
2461 5264 2561 5332 [illi
2587 5265 2894 5330 parentibus
2936 5264 3209 5316 thesauros
3269 5278 3454 5315 recon-

1901 5361 2046 5423 dere,
2075 5360 2163 5412 τεά
2188 5366 2424 5426 parentes
2463 5356 2611 5419 ﬁliis,
2636 5355 2772 5408 idem
2802 5355 2879 5407 ait
2901 5354 3217 5422 Apostolus.
3247 5353 3301 5405 Si
3330 5351 3456 5420 quis

1900 5455 2064 5525 igitur
2091 5454 2378 5522 episcopus
2403 5451 2653 5505 subditos
2680 5464 2832 5511 suos,
2859 5449 3002 5516 quod
3030 5447 3079 5500 ei
3145 5462 3255 5500 rem
3313 5459 3454 5514 qua-

1901 5548 2223 5616 lentcunque
2243 5546 2456 5599 demum
2491 5541 2783 5612 postulanti
2807 5555 2914 5594 non
2935 5539 3459 5607 obtemperaverint,

1903 5638 1984 5694 vel
2009 5638 2113 5692 alia
2175 5635 2426 5705 quapiam
2483 5635 2649 5687 animi
2714 5633 3122 5702 perturbatione
3173 5630 3453 5693 incitatus.

1903 5736 2171 5799 segreget,
2212 5727 2296 5781 vel
2325 5725 2610 5794 templum,
2643 5737 2922 5778 sacrorum
2976 5720 3328 5775 celebrationi
3355 5720 3461 5773 im-

1903 5822 2202 5893 pediendae,
2241 5818 2525 5882 clauserit,
2569 5817 2624 5870 in
2659 5831 2770 5870 rem
2804 5829 2967 5869 sensu
2992 5820 3293 5875 carentem,
3324 5820 3461 5864 tem-

1907 5917 2050 5987 plum
2069 5913 2295 5977 scilicet,
2312 5910 2448 5967 iram
2469 5923 2628 5981 quam
2648 5923 2710 5965 co
2727 5909 2870 5976 quod
2886 5907 3175 5990 vehemens
3187 5913 3241 5960 et
3254 5905 3461 5975 absque
