4218 6458
213 441 317 505 901

1182 435 1259 494 IN
1292 432 1456 494 CAN.
1494 434 1539 493 ν
1578 428 1855 490 SYNODI
1896 430 1997 491 VI]
2034 428 2389 488 GICUMEN.

3340 430 3452 496 902

292 572 311 603 ι
358 549 637 618 λέγονται·
674 565 695 601 t
750 547 815 602 Εί
857 564 940 611 τις
994 545 1291 606 ἐπίσκοπος
1350 543 1438 596 δια
1480 540 1782 611 χρημάτων
1808 539 1857 600 Α

1808 539 1857 600 Α
1961 557 1979 590 ι
2016 539 2141 608 quis
2178 540 2468 610 episcOpus
2496 554 2591 608 per
2631 538 2891 608 pecunias
2935 540 3076 594 hanc
3130 541 3449 609 dignitatem

290 662 308 695 ι
354 642 455 711 τῆς
484 642 642 706 ἀξίας
667 641 871 711 ταύτης
900 639 1178 709 ἐγκρατὴς
1215 638 1464 707 γένηται,
1487 635 1521 705 ἢ
1546 632 1783 705 πρεσϐύ-

291 755 309 787 t
355 752 511 804 τερος
546 734 578 804 ἢ
603 734 875 796 διάκονος,
903 729 1277 800 καθαιρείσθω
1304 728 1399 781 καὶ
1432 726 1595 788 αὐτὸς
1622 724 1719 778 καὶ
1752 724 1782 777 ὁ

292 845 312 880 t
359 828 778 898 χειροτονήσας,
812 826 904 877 καὶ
933 822 1290 877 ὲκκοπτέσθω
1335 818 1687 873 παντάπασιν
1718 819 1784 870 ὲκ

291 939 311 973 t
358 922 458 989 τῆς
520 918 831 983 κοινωνίας,
859 918 933 981 ὡς
989 918 1173 986 Σίμων
1220 918 1247 969 ὁ
1277 915 1466 981 Μάγος
1498 912 1591 965 ὑπ’
1648 909 1783 983 ἐμοῦ

294 1032 313 1064 ι
365 1015 609 1083 Πέτρου*
644 1031 661 1064 ι
697 1011 959 1075 ὡσαύτως
1016 1009 1110 1062 καὶ
1152 1008 1245 1063 τὸν
1295 1007 1551 1076 δεύτερον
1579 1008 1783 1060 κανόνα

297 1127 313 1154 ι
364 1106 473 1158 τῶν
517 1107 574 1155 ἐν
621 1104 925 1173 Χαλκηδόνι
978 1104 1140 1156 ὁσίων
1184 1103 1445 1172 Πατέρων
1474 1100 1656 1171 ἡμῶν,
1691 1100 1783 1154 τὸν

300 1214 317 1246 ι
364 1196 593 1262 λέγοντα
617 1211 631 1226 ’
665 1194 729 1247 Et
775 1212 858 1253 τις
886 1196 1181 1256 ἐπίσκοπος
1210 1195 1300 1246 ἐπὶ
1340 1193 1579 1263 χρήμασι
1611 1208 1788 1260 χειρο-

300 1309 314 1336 ι
363 1287 550 1338 τονίαν
590 1288 903 1354 ποιήσοιτο,
942 1285 1036 1337 καὶ
1086 1287 1167 1346 εἰς
1218 1286 1423 1352 πρᾶσιν
1480 1285 1787 1349 καταγάγοι

298 1395 317 1427 ι
362 1376 461 1446 τὴν
491 1377 742 1447 ἄπρατον
770 1378 949 1445 χάριν,
991 1379 1085 1430 καὶ
1116 1379 1485 1446 χειροτονὴσοι
1534 1378 1621 1427 ἐπὶ
1651 1378 1787 1445 χρή-

297 1491 314 1521 ι
360 1486 526 1538 μασιν
558 1470 857 1523 ἐπίσκοπον
895 1471 929 1540 ἢ
951 1470 1373 1540 χωρεπίσκοπον
1407 1468 1441 1539 ἢ
1471 1468 1789 1540 πρεσϐύτεο

299 1584 315 1613 ι
367 1581 458 1634 ρον
487 1566 520 1633 ἢ
551 1564 819 1629 διάκονον,
852 1564 885 1634 ἦ
914 1580 1039 1617 τινα
1069 1562 1179 1614 τῶν
1213 1566 1273 1617 ἐν
1304 1560 1381 1633 τῷ
1415 1563 1601 1634 κλήρῳ
1624 1580 1790 1617 κατα-

298 1683 310 1704 .
356 1657 777 1727 ριθ,ιουμένων,
836 1656 868 1728 ἢ
931 1656 1293 1725 προϐάλλοιτο
1343 1657 1439 1710 ἐπὶ
1500 1658 1787 1729 χρήμασιν

296 1769 313 1798 (
360 1751 643 1816 οἰκονόμον
675 1750 708 1818 ἢ
745 1749 961 1802 ἔκδικον
1013 1749 1047 1820 ἢ
1099 1750 1540 1820 παραμονάριον,
1580 1751 1613 1822 ἢ
1649 1752 1791 1813 ὅλως

297 1858 315 1888 σ
357 1842 479 1893 τινα
506 1839 600 1892 τοῦ
634 1842 882 1904 κανόνος,
909 1839 977 1894 δι’
1023 1840 1471 1910 αίσχροκέρδειαν
1498 1842 1727 1906 οἰκείαν,
1763 1845 1791 1895 ὁ

299 1951 316 1981 ι
360 1931 519 1985 τοῦτο
563 1934 939 2003 ἐπιχειρήσας,
971 1905 1272 2002 ἐλεγχθεὶς,
1295 1905 1306 1910 -
1327 1932 1689 1987 κινδυνευέτω
1717 1905 1795 1996 είς
1824 1905 1871 1965 Β

303 2044 321 2076 ι
360 2026 455 2078 τὸν
502 2029 708 2078 οἰκεῖον
767 2026 1021 2095 βαθμὸνο
1077 2027 1175 2080 καὶ
1228 2029 1257 2079 ὀ
1310 2026 1794 2097 χειροτονούμενος

298 2138 315 2169 ι
370 2119 542 2188 μηδὲν
574 2120 637 2169 ἐκ
664 2117 763 2186 τῆς
796 2117 919 2170 κατ’
961 2118 1236 2187 ἐμπορίαν
1267 2118 1585 2186 ὠφελείσθω
1613 2135 1794 2189 χειρο-

302 2230 321 2263 ι
365 2210 611 2280 τονίαςῆ
665 2211 964 2279 προϐολῆς*
1014 2210 1131 2264 ἀλλ’
1170 2214 1315 2266 ἔστα)
1369 2213 1651 2283 ἀλλότριος
1698 2215 1797 2282 τῆς

300 2326 319 2358 ι
362 2304 519 2369 ἀξίας
547 2306 580 2375 ἢ
607 2306 701 2360 τοῦ
738 2308 1165 2377 φροντίσματος,
1198 2301 1372 2377 οὗπερ
1396 2309 1491 2361 ἐπὶ
1515 2310 1798 2378 χρήμασιν

302 2416 323 2451 ι
366 2397 577 2466 ἔτυχεν.
610 2399 669 2449 El
701 2398 758 2449 δέ
815 2416 898 2457 τις
929 2400 1025 2451 καὶ
1080 2400 1384 2468 μεσιτεύων
1449 2400 1646 2470 φανείη
1701 2402 1799 2453 καὶ

304 2512 321 2542 ι
367 2493 481 2555 τοῖς
523 2490 697 2551 οὕτως
752 2493 1001 2561 αἰσχροῖς
1049 2493 1147 2547 καὶ
1190 2493 1473 2564 ἀθεμίτοις
1518 2494 1795 2566 λήμμασι,

300 2605 320 2638 ι
364 2588 457 2639 καὶ
520 2580 697 2651 οὗτος,
754 2587 802 2637 εί
859 2586 963 2656 μὲν
1022 2586 1285 2657 κληρικὸς
1330 2587 1441 2659 εἴη,
1468 2588 1563 2640 τοῦ
1590 2590 1797 2641 οἰκείου

303 2695 321 2728 ι
370 2677 688 2730 ὲκπιπτέτω
730 2675 942 2746 βαθμοῦ
973 2692 987 2707 ⁶
1042 2678 1093 2730 εί
1145 2678 1202 2731 δὲ
1246 2678 1435 2742 λαῖκὸς
1470 2678 1503 2750 ἢ
1538 2678 1795 2749 μοναχδς,

299 2787 319 2819 t
368 2769 737 2839 ἀφοριξέσθω.
776 2790 795 2823 ι

308 2860 505 2913 ΒΑΛΣ.
531 2860 834 2923 Μέλλοντες
861 2863 912 2915 οί
946 2862 1093 2931 ἅγιοι
1132 2862 1374 2936 Πατέρες
1406 2864 1639 2923 κολάσαι
1668 2872 1797 2935 τοὺς

1966 650 1982 682 ι
2022 632 2093 686 sit
2144 641 2454 692 assecutus,
2518 632 2598 684 vel
2655 633 2958 701 presbyter.
2998 634 3077 685 vel
3140 632 3452 701 diaconus,

1961 741 1981 775 ι
2022 724 2330 793 deponatur
2356 737 2409 779 et
2447 727 2585 793 ipse,
2621 734 2677 777 et
2706 724 2753 778 is
2781 724 2875 793 qui
2914 726 3208 787 ordinavit,
3271 734 3327 778 et
3356 741 3456 780 ex-

1963 834 1983 868 c
2016 817 2293 872 scindatur
2353 818 2575 871 Ottmllto
2605 832 2633 871 a
2702 818 3111 882 communione,
3157 826 3217 872 ut
3258 817 3456 873 Simon

1972 928 1991 961 ι
2024 911 2209 979 Magus
2242 925 2271 964 a
2305 926 2387 994 me
2411 907 2605 965 Petro:
2647 919 2696 965 et
2741 925 2919 964 canon
2948 909 2983 963 2
3009 920 3321 966 sanctorum
3349 912 3461 967 Pa-

1971 1022 1988 1055 ι
2025 1013 2169 1058 trum
2190 1005 2282 1072 qui
2309 1003 2655 1058 Chalcedone
2700 1012 3101 1066 convenerunt,
3143 1006 3232 1073 qui
3282 1004 3455 1059 dicit:

1969 1113 1987 1147 ι
2025 1096 2080 1149 Si
2120 1096 2244 1164 quis
2275 1097 2568 1166 episcopus
2606 1096 2855 1166 pecuniis
2878 1095 3278 1150 ordinationem
3314 1097 3460 1149 fece-

1968 1208 1987 1242 ι
2025 1189 2115 1252 rit,
2158 1199 2211 1243 et
2269 1190 2497 1258 gratiam
2543 1202 2649 1241 non
2704 1165 2948 1242 venalem
3007 1189 3061 1241 in
3126 1190 3458 1256 emptionem

1969 1302 1988 1335 ι
2026 1282 2330 1345 deduxerit,
2377 1294 2427 1336 et
2462 1281 2706 1352 pecuniis
2755 1282 3100 1345 ordinaverit
3121 1281 3460 1349 episc0pum,

1976 1394 1996 1428 ι
2033 1375 2113 1429 vel
2146 1373 2616 1442 chorepiscopum,
2654 1373 2737 1425 vel
2772 1372 3179 1441 presbyterum.
3233 1372 3315 1424 vel
3345 1371 3463 1423 dia-

1976 1485 1995 1520 t
2032 1482 2254 1527 conum.
2294 1464 2373 1519 vel
2401 1465 2637 1533 aliquem
2670 1456 2864 1519 eorum
2903 1462 2998 1531 qui
3029 1465 3082 1516 in
3135 1466 3279 1517 clero
3312 1478 3453 1517 enu-

1973 1581 1990 1614 ι
2031 1567 2327 1622 merantur,
2347 1558 2429 1611 vel
2462 1558 2703 1652 pecuniis
2731 1558 3067 1628 promoverit
3093 1572 3466 1620 mconomum,

1971 1670 1989 1703 ι
2026 1651 2108 1705 vel
2146 1647 2513 1714 defensorem,
2571 1648 2654 1702 vel
2690 1648 3003 1701 monasterii
3057 1647 3463 1709 administrum,

1970 1762 1989 1795 ι
2025 1743 2104 1797 vel
2130 1743 2356 1795 omnino
2420 1741 2666 1808 aliquem
2711 1754 2777 1793 ex
2823 1753 3052 1802 canone,
3103 1737 3282 1806 turpis
3331 1737 3465 1791 lucri

1971 1854 1990 1886 ι
2026 1835 2223 1902 gratia,
2258 1830 2351 1900 qui
2396 1833 2497 1885 hoc
2529 1846 2824 1900 aggressus
2852 1846 2977 1885 esse
3027 1830 3314 1883 convictus
3347 1828 3467 1882 lue-

1971 1946 1989 1979 ι
2026 1928 2116 1987 rit,
2142 1926 2210 1979 de
2248 1926 2469 1993 proprio
2499 1924 2671 1993 gradu
2714 1924 2897 1977 veniat
2927 1912 2981 1977 ili
3014 1923 3352 1991 perieulum:
3410 1930 3465 1973 et

1970 2039 1989 2071 ι
2020 2021 2112 2091 qui
2152 2020 2457 2079 ordinatur.
2510 2033 2575 2071 ex
2623 2032 2685 2070 ea
2719 2000 3072 2111 prdinati’one
3114 2017 3196 2079 vel
3251 2030 3470 2083 promo-

1969 2133 1986 2165 ι
2026 2114 2339 2180 tione,qua:
2372 2111 2549 2177 pretio
2579 2112 2708 2163 dato
2733 2108 2911 2163 instar
2947 2121 3272 2163 mercaturae
3321 2108 3466 2162 facta

1969 2226 1987 2258 ι
2021 2216 2104 2260 est
2130 2204 2268 2258 nihil
2298 2203 2558 2274 juvetur;
2602 2202 2698 2257 sed
2731 2204 2803 2256 sit
2828 2202 3047 2255 alienus
3103 2215 3133 2254 a
3200 2201 3469 2269 dignitate

1970 2316 1989 2350 ι
2027 2299 2106 2352 vel
2140 2313 2366 2351 munere
2396 2313 2492 2351 seu
2550 2296 2838 2365 curatione
2867 2308 3033 2363 quam
3100 2294 3350 2362 pecuniis
3375 2311 3464 2346 as-

1969 2411 1988 2443 ι
2026 2404 2252 2447 secutus
2281 2402 2385 2446 est.
2420 2392 2474 2444 Si
2511 2392 2636 2459 quis
2678 2402 2861 2465 autem
2888 2398 2943 2441 et
2975 2388 3151 2442 lucris
3174 2387 3313 2441 adeo
3347 2395 3468 2440 tur-

1980 2502 1998 2535 ι
2030 2486 2190 2553 pibus
2238 2494 2293 2537 et
2377 2482 2586 2537 illicitis
2626 2482 2961 2534 intercessor
3029 2493 3121 2531 seu
3187 2492 3471 2547 sequester

1973 2598 1990 2629 ι
2025 2578 2358 2648 apparuerit,
2394 2578 2481 2631 hic
2522 2591 2762 2647 quoque,
2790 2576 2839 2631 si
2862 2576 2931 2629 sit
2958 2576 3178 2645 quidem
3206 2576 3465 2638 clericus,

1970 2690 1988 2722 ι
2030 2686 2058 2723 a
2096 2672 2317 2738 proprio
2364 2670 2534 2740 gradu
2591 2668 2804 2722 excidat
2847 2686 2861 2723 :
2916 2668 3001 2723 sin
3050 2678 3231 2723 autem
3293 2667 3468 2725 laicus

1968 2782 1988 2815 ι
2024 2765 2107 2819 vel
2148 2764 2470 2826 monachus,
2499 2771 2833 2831 segregetur.
2860 2781 2877 2811 ι

1962 2855 2156 2910 BALS.
2215 2854 2399 2909 Sancti
2431 2854 2619 2907 Patres
2652 2854 2885 2907 clericos
2921 2854 3189 2922 punituri.
3222 2856 3313 2923 qui
3346 2856 3468 2925 pri-

224 2955 525 3021 κληρικοὺς
560 2960 687 3017 τοὺς
736 2955 931 3024 πρῶτα
960 2958 1059 3025 μὲν
1093 2958 1276 3010 ἑκοντὶ
1321 2961 1416 3012 καὶ
1450 2961 1592 3014 κατὰ
1644 2964 1798 3032 φιλό-

1893 2967 2042 3006 mum
2097 2949 2313 3019 quidem
2365 2956 2560 3018 sponte
2608 2955 2661 3000 et
2712 2947 2795 3016 pia
2851 2956 3037 3000 mente
3085 2950 3344 3017 pecunias
3387 2950 3469 3002 vel

224 3042 350 3096 θεον
374 3044 601 3115 γνώμην
625 3047 1003 3117 προσάγοντας
1031 3049 1089 3101 ὲν
1119 3052 1241 3111 ταῖς
1276 3050 1630 3122 Ἐκκλησίαις
1657 3030 1797 3125 χρή-

1894 3044 2071 3113 aliqua
2105 3044 2210 3096 alia
2260 3042 2312 3095 in
2371 3030 2631 3117 ecclesias
2693 3038 2973 3101 all'ernnt;
3040 3050 3227 3107 postea
3285 3049 3466 3093 autem.

226 3156 375 3207 ματα
406 3138 439 3209 ἢ
472 3140 635 3208 ἕτερά
668 3157 790 3194 τινα
814 3157 827 3171 ⁸
861 3140 1091 3211 ὕστερον
1130 3143 1185 3195 δὲ
1217 3146 1676 3216 ὲγκαυχωμένους
1698 3150 1792 3205 ἐπὶ
1822 3197 1863 3216 η

1822 3197 1863 3216 Α
1896 3149 2117 3208 propter
2165 3134 2511 3188 donationem
2569 3148 2628 3187 se
2674 3133 2919 3199 jactant,
2967 3144 3021 3186 et
3072 3135 3275 3201 primas
3313 3130 3470 3188 sedes

223 3232 293 3300 τῇ
328 3197 493 3298 δόσει,
523 3197 615 3285 καὶ
656 3233 956 3303 ζητοῦντας
996 3197 1425 3307 προκαθεδρίαςῆ
1454 3197 1547 3293 καὶ
1818 3197 1863 3257 c

1818 3197 1863 3257 ϐ
1902 3232 2222 3302 prioresque
2255 3228 2491 3279 honores
2534 3235 2810 3293 qtiazrnnt,
2866 3227 2918 3278 in
2960 3242 3055 3281 eos
3093 3227 3286 3295 probra
3326 3228 3474 3297 inge-

228 3325 448 3391 μήσεις,
486 3327 578 3380 καὶ
624 3327 984 3392 ὀνειδίζοντας
1033 3331 1159 3393 τοὺς
1209 3331 1276 3384 δι’
1327 3336 1593 3407 ἁρετὴνῆ
1640 3339 1793 3409 ἐνέρ-

226 3431 384 3482 γειαν
416 3418 799 3486 κληῳθέντας
830 3422 973 3473 κατὰ
997 3422 1132 3474 Θεὸν
1177 3423 1536 3492 συναδέλφους
1568 3429 1751 3482 αὐτῶν
1772 3446 1791 3463 ο

227 3509 537 3579 ἐχρήσαντο
597 3515 656 3564 ὲν
718 3514 1029 3581 προοιμίοις
1090 3515 1302 3585 ῥήματί
1358 3533 1463 3569 τινι
1530 3520 1637 3572 ἀπὸ
1694 3523 1793 3591 τῆς

226 3602 452 3672 πρώτης
486 3603 796 3673 Καθώικῆς
823 3605 1143 3675 Ἐπιστολῆς
1183 3608 1484 3662 ἀποστόλου
1516 3615 1605 3665 καὶ
1632 3615 1791 3682 εὐαγ-

228 3692 484 3760 γελιστοῦ
509 3695 785 3758 Ἰωάννου,
829 3696 1059 3763 λέγοντι·
1108 3716 1124 3748 ι
1168 3697 1355 3751 Ἔστιν
1382 3701 1624 3771 ἁμαρτία
1653 3712 1791 3775 πρὸς

229 3783 484 3850 θάνατον,
529 3808 546 3838 ι
575 3787 746 3855 ἦγουν
792 3790 1037 3859 ἁμαρτία
1077 3790 1378 3860 θανάσιμος
1408 3793 1441 3863 ἢ
1472 3796 1795 3864 ἀδιόρθωτος

229 3882 327 3933 καὶ
354 3881 723 3950 ἀμετανόητος
745 3897 758 3911 ·
794 3882 890 3934 καὶ
933 3882 1048 3935 ἔστι
1084 3883 1286 3953 ταύτης
1316 3886 1515 3957 χείρων
1542 3892 1571 3958 ἡ
1607 3892 1704 3944 σὺν
1729 3898 1795 3962 τῇ

228 3972 479 4040 ἁμαρτίᾳ.
502 3970 765 4026 ἀναίδεια.
800 3973 957 4026 Ποῖον
984 3974 1093 4043 γὰρ
1130 3976 1232 4045 οὐχ
1276 3977 1593 4046 ὑπερϐαίνει
1625 3985 1795 4038 κακὸν

225 4062 292 4113 τὸ
320 4061 692 4131 προτιμᾶσθαι
729 4076 853 4115 τινα
888 4064 989 4132 τῆς
1035 4066 1256 4135 ἐντολῆς
1296 4067 1392 4119 τοῦ
1433 4068 1570 4122 Θεοῦ
1604 4072 1672 4125 τὰ
1698 4075 1793 4127 τοῦ

230 4152 539 4221 μαμμωνᾶ,
572 4153 743 4221 ῆγουν
789 4153 857 4205 τὰ
910 4153 1191 4223 χρήματα,
1226 4156 1320 4207 καὶ
1347 4156 1527 4224 λέγειν
1560 4160 1795 4229 ὀφείλειν

227 4246 421 4297 τοῦτον
459 4245 524 4296 δι’
574 4243 610 4297 ἆ.
662 4246 984 4313 προσήγαγε
1036 4247 1452 4318 προτιμώτερον
1498 4249 1640 4306 εἶναι
1685 4255 1797 4308 τῶν

226 4337 408 4389 ἄλλων
459 4338 695 4398 πάντων,
728 4338 837 4388 τῶν
866 4339 957 4388 καὶ
994 4339 1276 4408 ἐνεργείας
1321 4340 1450 4405 ἴσως
1488 4344 1722 4413 ἑχόντων
1763 4347 1795 4417 ἢ

231 4429 330 4482 καὶ
353 4432 552 4498 ἀρετήν
578 4446 593 4493 ;
627 4429 763 4493 Τοὺς
790 4429 923 4497 γοῦν
954 4429 1098 4484 οὕτω
1144 4431 1502 4501 φρονοῦντας,
1540 4437 1633 4489 καὶ
1660 4437 1799 4503 ὅλως

1905 3335 2109 3383 rentes,
2128 3322 2219 3388 qui
2251 3330 2471 3388 propter
2494 3319 2743 3372 virtutem
2772 3320 2852 3372 vel
2887 3320 3156 3373 actionem
3185 3324 3235 3373 in
3267 3322 3471 3374 clerum

1903 3416 2167 3472 divinitus
2190 3414 2391 3481 recepti
2423 3420 2552 3465 sunt
2576 3410 2883 3465 contratres
2912 3413 2995 3464 sui
3019 3429 3031 3464 :
3070 3389 3220 3464 dicto
3237 3415 3472 3474 quodut

1903 3510 1962 3565 in
1997 3506 2277 3578 prommiis
2322 3503 2403 3557 usi
2455 3510 2582 3557 sunt
2614 3518 2683 3555 ex
2705 3502 2878 3571 prima
2909 3502 3188 3555 Catholica
3233 3500 3471 3569 Epistola

1905 3599 2079 3655 sancti
2133 3594 2361 3669 apostoli
2408 3601 2464 3647 et
2516 3593 2866 3659 evangelista:
2921 3592 3171 3669 Joannis,
3219 3593 3471 3656 dicente;

1906 3691 2002 3745 Est
2032 3698 2300 3758 peccatum
2329 3686 2398 3738 ad
2430 3685 2719 3749 mortem",
2761 3685 2974 3739 scilicet
3019 3696 3297 3753 peccatum
3331 3701 3474 3735 mor-

1904 3786 2010 3839 t;-.le
2062 3784 2208 3852 quod
2263 3789 2348 3835 est
2391 3779 2764 3847 incorrigibile
2813 3788 2864 3833 et
2914 3778 3075 3846 cujus
3124 3778 3268 3831 utilia
3299 3778 3475 3847 agitur

1904 3878 2254 3949 paenitentia;
2308 3886 2360 3928 et
2416 3887 2483 3928 eo
2536 3872 2713 3925 adhuc
2770 3870 3008 3926 deterior
3054 3884 3173 3940 qua
3216 3877 3301 3925 est
3345 3884 3467 3923 cum

1906 3979 2129 4043 peccato
2159 3968 2509 4037 impudentia.
2597 3963 2883 4030 Quodnam
2922 3963 3069 4016 enim
3110 3964 3309 4016 malum
3362 3977 3468 4015 non

1906 4073 2153 4135 superat,
2207 4066 2252 4116 si
2284 4062 2409 4128 quis
2440 4070 2823 4121 mammonsm,
2857 4056 2909 4109 ἰιι
2940 4064 3044 4119 est,
3077 4054 3337 4124 pecunias
3378 4052 3466 4105 Dei

1909 4154 2164 4209 mandato
2190 4150 2476 4221 praeferat:
2528 4157 2583 4201 et
2631 4145 2796 4210 dicat,
2850 4146 3048 4199 debere
3072 4160 3133 4200 se
3156 4145 3227 4199 ob
3252 4161 3315 4199 ea
3350 4160 3471 4212 quae

1907 4247 2110 4308 attulit,
2144 4244 2357 4299 ceteris
2382 4242 2506 4295 aliis
2537 4238 2742 4293 benore
2777 4237 3041 4308 praeferri,
3093 4238 3187 4307 qui
3240 4237 3471 4290 fortasse

1906 4342 2151 4394 actiones
2182 4336 2384 4389 habent
2406 4343 2496 4386 aut
2520 4332 2683 4386 etiam
2715 4330 3013 4384 virtutem?
3071 4328 3175 4382 Eos
3197 4344 3347 4398 ergo,
3375 4328 3467 4397 qui

1910 4435 1981 4489 ita
2015 4430 2251 4487 sentiunt
2294 4438 2349 4481 et
2380 4426 2730 4496 pecuniarum
2761 4423 3000 4479 dationis
3029 4422 3251 4478 omnino
3278 4422 3473 4475 metui-

227 4525 433 4585 δόσεως
458 4525 752 4595 χρημάτων
795 4524 1199 4593 μεμνημένους,
1231 4527 1326 4579 καὶ
1360 4528 1677 4594 ἐλπίζοντας
1707 4532 1797 4586 διὰ
1833 4559 1880 4619 υ

1833 4559 1880 4619 D
1907 4535 2124 4589 nerunt,
2159 4535 2215 4579 et
2241 4530 2463 4592 sperant
2499 4529 2719 4590 propter
2748 4519 2798 4572 id
2834 4536 2893 4575 se
2921 4519 3061 4586 apud
3097 4518 3297 4571 multos
3333 4532 3466 4585 pra:-

228 4618 390 4669 τοῦτο
418 4618 785 4688 προτιμᾶσθαι
825 4619 975 4687 παρὰ
998 4621 1123 4680 τοὺς
1152 4620 1401 4686 πολλοὺς,
1427 4624 1521 4691 ἀφ’
1552 4619 1615 4681 οὗ
1660 4628 1800 4694 pax-

229 4710 327 4761 λον
362 4709 707 4776 κατάγνωσις
742 4710 1031 4775 ἐπάγεται,
1069 4712 1163 4765 καὶ
1214 4710 1288 4774 ὡς
1339 4712 1800 4783 άπερικαλύπτως

230 4802 596 4864 ὀνειδίζοντας
647 4802 773 4865 τοὺς
829 4802 1097 4869 ἀδελφοὺς
1144 4804 1325 4857 αὐτῶν
1373 4804 1460 4860 διὰ
1518 4806 1619 4878 τὴν
1672 4808 1800 4878 ὑψο-

232 4898 389 4951 ποιὸν
420 4899 631 4961 πενίαν,
667 4896 1093 4961 ὑποδιϐάζεσθαι
1136 4903 1217 4965 είς
1249 4900 1339 4954 τὸν
1364 4902 1591 4971 ἔσχατον
1632 4906 1803 4957 τόπον

230 4989 333 5041 τοῦ
369 4986 579 5058 βαθμοῦ
630 4988 836 5052 αὐτῶν,
885 4989 971 5040 ἶνα
1022 4990 1469 5043 ταπεινωθῶσινο
1520 4992 1570 5043 εί
1602 4991 1659 5044 δὲ
1704 4992 1799 5046 καλ⁵

232 5083 411 5144 οὕτως
459 5083 770 5159 ὲπιμένοιεν
803 5082 880 5153 τῷ
910 5082 1088 5152 κακῷ,
1134 5082 1493 5154 ἐπιτιμᾶσθαι
1548 5084 1690 5137 κατὰ
1740 5084 1803 5137 τὸ

232 5175 392 5236 δόξαν
421 5176 640 5239 πάντως
683 5174 761 5246 τῷ
807 5177 1114 5244 ἑπισκόπῳ.
1156 5176 1266 5229 Καὶ
1307 5181 1481 5230 ταῦτα
1524 5177 1648 5246 μὲν,
1676 5178 1804 5231 61rd-

230 5280 339 5318 ταν
364 5282 446 5327 τις
475 5266 813 5335 αὐθαιρέτως
847 5267 1173 5340 προσαγάγῃ
1213 5269 1272 5320 ἐν
1300 5267 1596 5340 Ἐκκλησία
1617 5268 1801 5342 οίαδη-

232 5377 361 5413 τινα
394 5362 718 5431 πράγματα,
751 5359 909 5415 arm
936 5360 1031 5413 καὶ
1068 5361 1117 5413 οί
1167 5360 1538 5430 λαμδάνοντες
1567 5361 1802 5431 ἀποκρι-

239 5453 517 5523 ματίστως
574 5452 936 5520 λαμϐάνουσι,
969 5455 1062 5507 καὶ
1115 5454 1163 5505 ol
1215 5452 1447 5516 διδόντες
1495 5453 1805 5517 ἀνευθύνως

233 5544 493 5598 διδόασιν.
554 5544 614 5597 Ei
660 5543 718 5597 δέ
779 5561 885 5609 τις,
924 5546 1111 5615 φησὶν,
1156 5545 1254 5597 οὐκ
1309 5543 1369 5609 ἐξ
1421 5545 1594 5615 ἀρχῆς
1661 5545 1800 5614 μετὰ

231 5636 496 5705 τοιαύτης
533 5636 859 5705 αύθαιρὲτου
902 5636 1128 5706 γνώμης
1173 5638 1397 5707 ἐποίησε
1447 5636 1546 5707 τὴν
1594 5652 1804 5706 προσα-

230 5725 449 5797 γωγὴν,
476 5727 612 5782 ἀλλὰ
640 5726 729 5781 διὰ
775 5728 836 5780 τὸ
878 5727 1349 5800 χειροτονηθῆναι,
1382 5728 1414 5782 ᾖ
1450 5726 1801 5799 κληρωθῆναι

320 5896 411 5949 "l
446 5894 609 5952 Joau.
646 5896 799 5962 κιο.

1905 4619 2207 4692 ponendos,
2240 4631 2309 4671 ex
2347 4630 2456 4684 quo
2481 4614 2655 4681 major
2684 4614 3067 4665 condemnatio
3099 4609 3370 4676 sequitur,
3418 4618 3473 4661 et

1904 4707 2092 4784 aperto
2138 4709 2293 4779 quasi
2341 4722 2436 4763 ore
2473 4707 2587 4760 suis
2616 4705 2877 4759 fratribus
2924 4715 3317 4772 paupertatem,
3351 4718 3474 4771 qme

1906 4807 1973 4862 ad
2009 4807 2119 4859 alta
2166 4818 2265 4857 eos
2297 4799 2563 4870 provexit,
2612 4795 2967 4864 exprobrant,
3007 4795 3072 4846 ad
3109 4792 3357 4847 ultimum
3389 4793 3468 4845 sui

1907 4896 2108 4968 gradus
2138 4894 2318 4947 locum
2360 4890 2582 4954 dimitti,
2640 4899 2698 4941 ut
2738 4886 3124 4941 bumilientur:
3172 4884 3260 4940 lin
3293 4895 3471 4938 autem

1906 4992 1988 5045 sic
2014 5000 2232 5057 quoque
2258 4986 2310 5039 in
2340 4984 2481 5037 malo
2506 4987 2872 5050 perseverent.
2909 4977 3086 5047 puniri
3120 4985 3179 5029 ut
3206 4975 3466 5046 episcOpo

1902 5080 2128 5136 omnino
2180 5080 2354 5132 visum
2408 5073 2594 5127 fuerit.
2685 5071 2751 5125 Et
2802 5071 2918 5125 haec
2959 5068 3199 5138 quidem,
3254 5067 3473 5138 quando

1903 5171 2177 5243 quispiam
2214 5182 2309 5224 sua
2340 5172 2533 5234 sponte
2564 5164 2617 5217 in
2654 5163 2937 5216 ecclesiam
2970 5175 3056 5215 res
3090 5158 3302 5226 aliquas
3330 5158 3471 5210 tule-

1905 5264 2010 5317 rit:
2044 5275 2182 5329 quas
2209 5267 2262 5312 et
2291 5257 2382 5325 qui
2414 5254 2710 5324 accipiunt,
2736 5252 2870 5306 citra
2904 5251 3070 5304 ullum
3095 5248 3469 5318 przejudicium

1908 5356 2206 5424 accipiunt,
2242 5361 2295 5405 et
2322 5351 2414 5419 qui
2444 5347 2577 5402 dant
2610 5349 2661 5402 in
2698 5361 2913 5417 penam
2945 5359 3053 5399 non
3086 5344 3355 5397 incidunt.
3415 5342 3469 5395 Si

1909 5447 2035 5517 quis
2081 5456 2282 5505 autem,
2332 5441 2526 5511 inquit,
2576 5440 2647 5495 ab
2694 5439 2850 5492 initio
2894 5450 2999 5491 non
3052 5436 3124 5489 ita
3168 5432 3371 5487 liberali
3418 5443 3473 5486 et

1911 5548 2103 5608 sponte
2130 5542 2378 5604 suscepta
2411 5533 2710 5595 voluntate,
2744 5530 2839 5585 sed
2870 5536 2928 5583 ut
2959 5527 3258 5590 ordinetur,
3300 5525 3387 5578 vel
3416 5525 3471 5578 in

1909 5633 2115 5688 clerum
2147 5635 2446 5697 cooptetur,
2494 5625 2577 5680 vel
2617 5624 2800 5692 aliquo
2830 5621 2935 5675 alio
2967 5618 3128 5674 modo
3151 5618 3211 5672 in
3237 5616 3471 5671 ecclesia

1908 5724 2162 5795 eligatur,
2192 5719 2525 5776 oblationem
2557 5716 2782 5773 fecerit:
2811 5715 2934 5771 talis
2963 5713 3239 5782 puniatur,
3276 5721 3331 5765 ut
3352 5710 3469 5763 vult
