4218 6458
181 456 272 512 905

1185 448 1260 506 IN
1296 447 1462 510 CAN.
1513 444 1586 503 Vl
1629 443 1815 502 ΕΟἺο
1879 443 1984 505 VII
2028 444 2387 503 (ECUMEN'.

3305 451 3412 514 905

181 559 424 611 καὶδιατί
459 557 533 629 μὴ
567 557 664 611 καὶ
701 557 865 622 αὐτὸς
908 557 1090 610 τέλεον
1134 557 1417 621 ἐξωθεῖται
1466 555 1557 606 τοῦ
1605 555 1734 621 κλη-

1848 570 1954 622 ipsa
2005 562 2075 607 snt
2136 553 2440 621 ejusmodi:
2508 553 2549 604 si
2612 555 2751 608 enim
2813 555 2996 626 iniqua
3044 556 3256 623 fuerat,
3314 572 3414 612 cur

185 668 284 713 οου,
315 651 408 703 καὶ
457 656 484 704 6
531 654 622 703 ἐπὶ
671 653 816 705 δόσει
867 651 1059 706 τοῦτον
1091 652 1378 722 κληρώσεις
1405 652 1691 706 κολά“ἐτα.

179 743 244 792 Oa
275 759 370 793 κατ
419 744 550 795 αὐτὸ
583 743 764 795 τοίνυν
793 742 1032 812 ἄθεσμος
1065 745 1096 813 ὴ
1132 744 1278 806 δόσις
1332 742 1568 814 ἐκλήθη*
1622 745 1736 796 ἀλλ’

179 832 252 883 ὅτι
281 835 482 896 ἐκεῖνος
513 835 720 903 ταύτην
779 838 926 888 ποιεῖ
985 836 1307 903 νομίζεσθαι
1361 836 1622 906 ἄθεσμον,
1659 836 1732 900 ὠς

177 925 220 976 δι
264 925 431 994 αυτὴν
469 926 929 996 αλαςονευόμενος
979 927 1075 980 καὶ
1121 927 1496 998 κατεπαιρόμε
1533 946 1587 992 ος
1626 946 1733 981 των

177 1019 468 1086 ὁμοῖαγῶν,
502 1019 803 1073 καντ-ῦθεν
833 1019 1104 1089 ὑπόληψιν
1137 1020 1315 1084 διδοὺς
1347 1039 1428 1074 οτι
1486 1023 1545 1075 οὗ
1594 1021 1735 1074 κατὰ

177 1111 296 1163 Θεὸν
326 1115 618 1180 ἐποιήσατο
649 1114 746 1183 τὴν
783 1119 1176 1186 προσαγωγὴν,
1211 1117 1328 1170 ἀλλ’
1360 1117 1426 1169 ἶν’
1457 1117 1566 1187 ἔχοι
1601 1120 1732 1170 ταύ-

181 1223 271 1272 την
323 1209 400 1268 εἰς
450 1217 711 1277 καυχημα
750 1209 843 1260 καὶ
885 1209 1205 1274 ἀλαζονείαν
1260 1210 1536 1265 ὑπόθεσιν.
1568 1211 1738 1264 Τουτο

177 1301 225 1349 δὲ
260 1299 510 1366 δηλοῦται
541 1300 635 1352 καὶ
665 1301 752 1353 διὰ
800 1301 910 1354 τῶν
957 1302 1190 1372 ἐφεξῆς·
1231 1306 1366 1372 φησί
1420 1304 1530 1373 γὰρ
1583 1307 1611 1355 6
1641 1322 1740 1356 καο

374 1391 435 1442 Εἰ
495 1391 549 1442 δέ
603 1409 685 1454 τις
735 1393 829 1444 ἐπὶ
868 1393 1174 1465 χειροτονίᾳ
1205 1397 1348 1465 φανῇ
1404 1412 1532 1448 ποτε
1581 1395 1739 1449 τοῦτο

176 1484 502 1551 πεποιηκὼς,
524 1485 582 1538 16
597 1484 780 1539 δοῦναι
804 1487 1007 1556 δηλαδὴ
1039 1492 1315 1558 χρηματα,
1341 1488 1574 1557 γινέσθω
1602 1491 1740 1543 κατὰ

175 1575 292 1634 τοὺς
329 1575 576 1639 κανόνας,
621 1577 788 1646 ἡγουν
822 1578 915 1630 τὸν
951 1579 1334 1645 ἀποστολικὺκ,
1390 1580 1448 1642 ὃς
1497 1581 1741 1632 είκοστὸ’

175 1665 384 1730 ἐννατός
427 1670 562 1732 ἐστι,
606 1670 700 1722 καὶ
742 1671 882 1723 κατὰ
934 1672 1024 1724 τὸν
1072 1672 1327 1742 δύτερον
1351 1673 1446 1742 τῆς
1487 1675 1544 1726 ἐν
1592 1675 1738 1727 Χαλ-

175 1758 350 1824 κηδόνι
409 1761 652 1814 συνόδου.
707 1762 922 1830 Ὠσπερ
982 1781 1096 1826 ουν,
1159 1764 1402 1825 ἀθέσμου
1439 1763 1605 1834 οῠσης
1649 1767 1740 1817 ἐν-

172 1849 336 1901 ταῦθα
391 1853 488 1920 τῆς
551 1853 774 1919 δόσεως,
834 1860 929 1907 καί
989 1856 1018 1906 6
1066 1860 1456 1925 χειροτονήσας
1487 1855 1743 1922 ποινηλαο

172 1945 360 2005 τεῐται,
402 1946 496 1995 καὶ
543 1947 570 1997 6
627 1946 1074 2017 χειροτονηθείςο
1127 1949 1272 2001 οὖ.ω
1317 1950 1478 2001 κάκεῖ
1535 1949 1744 2016 ἐγίνετο

172 2033 259 2097 ἂν,
290 2037 337 2087 εί
369 2036 502 2104 πρὸς
538 2038 801 2108 ἀλήθειαν
830 2040 1064 2109 ἄθεσμος
1095 2037 1160 2111 ἦν
1236 2041 1345 2110 Τὴν
1374 2041 1428 2094 δὲ
1489 2042 1595 2094 τῶν
1646 2059 1740 2093 κα-

170 2127 330 2180 νόνων
389 2129 594 2183 τούτων
639 2133 903 2202 ἐξήγησιν
947 2135 974 2185 6
1025 2135 1208 2205 ζητῶν
1266 2136 1491 2206 εὑρήσει
1523 2137 1580 2188 ἐν
1634 2138 1747 2198 τοῖς

168 2223 353 2286 τόποις
386 2226 588 2279 αὐτῶν.

176 1390 272 1440 νὼν
303 1406 314 1418 ⁸

169 2324 234 2373 de
295 2324 381 2375 illa
433 2340 653 2393 quoque
709 2326 1033 2393 donatione,
1080 2328 1124 2381 si
1180 2343 1243 2382 ea
1309 2344 1499 2382 revera
1578 2328 1788 2394 legibus
1832 2324 2239 2391 adversaretur,
2316 2326 2679 2380 constitutum
2733 2326 2941 2380 fuisset.

1841 649 1961 698 adtn
1991 662 2075 698 ssa
2102 647 2123 696 ?
2167 657 2261 698 aut
2290 661 2316 695 c
2343 661 2387 696 'r
2419 663 2447 694 ρ
2477 647 2642 710 clm),
2693 651 2783 716 qui
2827 650 2994 714 dedit,
3051 667 3158 704 non
3189 666 3416 720 prorsus

1839 741 2076 808 eiicitur,
2134 749 2186 792 et
2235 742 2288 793 in
2348 755 2498 800 eum,
2547 741 2640 808 qui
2674 742 2799 792 data
2849 743 3074 809 pecunia
3111 743 3163 796 in
3206 743 3416 797 clerum

1842 837 2049 887 electus
2082 841 2186 896 est,
2222 828 2718 886 animadveriitur?
2789 831 2903 886 Non
2944 834 3107 901 igitur
3142 836 3286 905 quod
3325 851 3416 888 se-

1845 942 1959 997 ipsa
2012 936 2083 979 ειι
2142 927 2288 988 talis,
2351 925 2555 979 ideirco
2613 926 2726 980 haec
2778 927 2964 995 iniqua
3015 927 3159 980 dicta
3193 928 3420 982 donatio

1842 1030 1956 1087 est;
2015 1020 2111 1074 sed
2143 1020 2285 1089 quod
2320 1020 2438 1090 ejus
2467 1020 2618 1083 vitio,
2671 1021 2763 1089 qui
2800 1036 2857 1075 se
2884 1020 2955 1074 ob
2977 1020 3130 1074 illam
3163 1021 3335 1090 iactat
3363 1031 3421 1077 et

1841 1114 2151 1185 aequalibus
2183 1115 2486 1183 anteponit,
2525 1122 2584 1166 u‘t
2633 1115 2859 1182 proinde
2893 1130 3002 1168 non
3046 1113 3196 1166 illum
3234 1114 3420 1170 deme-

1843 1224 1948 1262 rert
1987 1207 2222 1267 Numen.
2275 1207 2369 1261 sed
2402 1222 2587 1260 auram
2622 1207 2837 1259 inanem
2889 1205 3287 1275 popularesque
3332 1222 3426 1258 rn-

1842 1299 2122 1354 musculos
2153 1307 2375 1368 captare
2410 1313 2472 1352 ea
2505 1298 2800 1352 donatione
2852 1299 3089 1352 voluisse
3147 1281 3425 1365 suspicari

1846 1392 2024 1453 liceat,
2081 1393 2358 1461 speciem,
2407 1390 2686 1445 hominum
2741 1391 3186 1453 existimatione,
3250 1389 3430 1444 induit

1845 1487 2144 1552 pravitatis.
2204 1483 2361 1549 Quod
2396 1483 2561 1537 etiam
2595 1481 2729 1540 Satis
2757 1499 2822 1539 ex
2854 1485 3213 1554 sequentibus
3245 1483 3425 1562 decla-

1847 1595 1997 1634 ratur
2077 1580 2209 1633 Nam
2257 1596 2299 1632 SI
2332 1596 2514 1648 quem,
2566 1581 2741 1649 inquit
2771 1597 2969 1644 canon,
3013 1580 3084 1634 ob
3121 1579 3429 1633 ordinatiu-

1847 1690 1969 1726 nem
2033 1673 2082 1724 iul
2147 1673 2444 1740 aliquando
2505 1673 2743 1737 fecisse,
2823 1673 3111 1742 pecuniam
3178 1673 3428 1725 videlicet

1845 1766 2127 1829 obtulisse,
2179 1774 2519 1833 rompertum
2556 1764 2742 1828 fuerit,
2804 1780 3073 1819 canonum
3107 1765 3162 1818 in
3196 1779 3259 1819 eo
3295 1779 3429 1817 con-

1847 1862 2158 1914 stitutiones
2187 1873 2394 1912 servari
2442 1859 2647 1926 placet:
2698 1873 2970 1912 canonum
3024 1859 3253 1924 scilicet,
3306 1873 3433 1928 apn-

1848 1954 2026 2008 stolici
2088 1952 2541 2016 undetricesitui,
2606 1955 2910 2022 synodique
2966 1951 3432 2008 Chalcedonensis

1849 2045 2096 2100 secundi.
2189 2045 2658 2111 Quemadmodum
2695 2046 2856 2116 igitur
2902 2051 3002 2100 hoc
3051 2047 3187 2110 loco,
3244 2047 3431 2111 iniqua

1849 2138 2142 2190 donatione
2194 2138 2601 2200 intercedente,
2667 2147 2720 2192 et
2765 2139 2856 2207 qui
2910 2138 3130 2194 ordines
3180 2139 3430 2202 contulit,

1849 2236 1903 2282 et
1959 2227 2052 2296 qui
2097 2228 2378 2298 suscepit,
2452 2236 2680 2298 uterque
2730 2230 2905 2300 pomis
2962 2229 3228 2284 allicitur:
3293 2229 3430 2282 idem

3021 2325 3225 2380 Horum
3272 2339 3436 2400 porro

167 2431 438 2468 canonum
481 2418 928 2486 explicationem,
981 2420 1073 2489 qui
1127 2424 1392 2485 voluerit,
1453 2421 1567 2475 suis
1619 2421 1753 2473 locis
1787 2417 2049 2483 reperiet.

168 2510 393 2561 ΑΡΙΣΤ.
446 2529 464 2562 ι
501 2512 639 2574 Τοὺς
664 2515 1122 2584 ἐγκαυχωμένους
1155 2516 1242 2568 διὰ
1271 2517 1472 2578 δόσεως
1509 2517 1739 2587 χρυσέου

237 2622 258 2654 ι
306 2603 561 2672 τετάχθαι
609 2607 665 2658 ἐν
707 2607 1026 2678 Ἑκκλησξᾳ.
1066 2607 1161 2661 καὶ
1202 2608 1564 2678 ἀτιμάζοντας
1612 2611 1739 2672 τοὺς

249 2713 266 2744 ι
313 2694 381 2747 δι’
419 2696 620 2766 ἀρετὴν
646 2697 926 2764 ἐκλιεγιὲνντιΔ
948 2717 994 2762 ς,
1028 2701 1116 2750 καῖ
1149 2701 1314 2768 χωρὶς
1349 2701 1548 2761 δόσεως
1574 2719 1742 2753 κατα-

247 2804 265 2833 σ
313 2787 634 2855 ταχθέντας,
671 2788 814 2854 ἔδοξε
850 2790 940 2842 τὸν
966 2790 1193 2858 ἔσχατον
1218 2791 1426 2862 βαθμὸν
1487 2791 1582 2844 τοῦ
1611 2793 1741 2843 ἰδίου

248 2896 267 2927 ε
318 2879 617 2947 λαμῦἀνειν
652 2881 930 2948 τάγματος
953 2899 967 2914 ο
1021 2885 1071 2935 εί
1105 2884 1160 2936 δὲ.
1192 2884 1526 2952 ἐπιμένοιεν,
1565 2886 1743 2936 ἐπιτι-

249 2992 268 3021 ι
320 2972 524 3040 μᾶσθαι
546 2991 559 3003 ·
589 2975 712 3037 τοὺς
735 2974 779 3026 δ’
803 2975 894 3027 ἐπὶ
931 2975 1235 3047 χειροτονίᾳ
1258 2975 1418 3028 τοῦτο
1455 2975 1752 3044 πεποιηκόα

252 3084 271 3116 ι
322 3083 420 3129 τας
449 3067 818 3121 ἐκκόπτεσθαι
843 3069 944 3138 τῆς
977 3069 1281 3133 κοινωνίας,
1312 3067 1387 3131 ὡς
1410 3066 1514 3119 ὑπὸ
1544 3068 1751 3139 Πέτρου

245 3175 266 3206 ι
310 3158 404 3209 τὸν
435 3158 654 3228 Σίμωνα
688 3161 899 3228 Μάγον.
934 3179 952 3212 ι

245 3247 353 3298 Τὸν
388 3248 545 3315 λόγον
579 3251 659 3302 δεῖ
693 3254 789 3303 καὶ
838 3251 936 3322 τὴν
981 3252 1183 3323 ἀρετὴν
1218 3251 1629 3323 προτιμᾶσθαι·
1661 3253 1754 3305 καὶ

1847 2510 2070 2566 AllISI‘.
2115 2529 2133 2562 ι
2165 2510 2280 2575 Isti,
2317 2512 2407 2580 qui
2435 2525 2493 2566 se
2518 2525 2615 2580 per
2645 2511 2762 2564 auri
2797 2510 3138 2580 largitionem
3177 2511 3228 2563 in
3248 2511 3434 2566 Eccle-

1921 2620 1940 2652 ι
1988 2603 2068 2656 sia
2119 2603 2450 2657 constitutos
2506 2604 2836 2671 gloriantur,
2894 2602 3016 2656 illos
3069 2613 3287 2666 autem,
3341 2604 3432 2671 qui

1922 2715 1938 2746 ι
1987 2705 2209 2765 propter
2242 2698 2492 2749 virtutem
2522 2695 2819 2765 eliguntur,
2878 2702 2932 2750 et
2982 2694 3103 2749 sine
3151 2695 3433 2764 largitione

1923 2808 1940 2840 ι
1988 2789 2422 2852 constituuntur,
2450 2789 2816 2857 vilipendunt,
2869 2789 3044 2843 visum
3079 2798 3181 2852 est,
3219 2798 3277 2843 ut
3309 2791 3430 2842 ulti-

1918 2895 1934 2925 ι
1982 2892 2128 2928 mum
2161 2877 2370 2930 ordinis
2400 2878 2482 2930 sui
2515 2878 2738 2948 gradum
2772 2880 3081 2948 accipiant:
3137 2881 3220 2933 sin
3249 2896 3434 2949 perse-

1927 2987 1944 3020 ι
1997 2978 2203 3035 vorent,
2231 2970 2550 3038 puniantur.
2605 2970 2708 3038 Qui
2737 2987 2864 3026 vero
2882 2971 3243 3027 ordinationis
3260 2973 3434 3043 gratia

1929 3080 1946 3111 ι
1997 3062 2099 3116 hoc
2157 3064 2406 3126 fecerint,
2471 3080 2500 3116 a
2556 3067 2966 3129 communione,
3028 3081 3135 3118 non
3185 3065 3345 3127 secus
3373 3080 3433 3118 ac

1931 3173 1948 3206 ι
1999 3154 2187 3209 Simon
2219 3154 2405 3226 Magus
2435 3170 2464 3208 a
2487 3155 2666 3220 Petro,
2687 3157 3096 3210 exscindantur.
3130 3175 3148 3207 ι
3358 3145 3364 3158 ³

1931 3251 2158 3306 Dicendi
2192 3252 2505 3306 facultatem
2538 3261 2592 3305 et
2620 3252 2874 3306 virtutem
2909 3249 3166 3320 praeferre
3197 3257 3437 3320 oportet,

165 3343 340 3410 χωρὶς
377 3341 576 3405 δόσεως
603 3343 827 3413 χρυσίου
855 3345 982 3407 τοὺς
1011 3345 1186 3408 οὕτως
1223 3344 1370 3416 ἔχειν
1416 3346 1749 3415 εὑρισκομέ-

1857 3351 1911 3398 et
1940 3345 2032 3414 qui
2058 3346 2139 3400 sic
2166 3361 2225 3400 se
2255 3344 2456 3399 habere
2486 3344 2842 3398 inveniuntur
2861 3343 2980 3397 sine
3005 3343 3123 3397 auri
3143 3341 3437 3396 donatione

164 3448 297 3494 νους
328 3434 621 3486 τάττεσθαι
661 3438 764 3506 χρὴ
801 3438 857 3489 ἐν
893 3437 971 3506 τῷ
1018 3438 1208 3508 κλήρῳ
1249 3439 1344 3505 τῆς
1378 3437 1742 3505 Ἐκκλησίας⁸

165 3526 265 3576 καὶ
306 3526 380 3594 μὴ
408 3527 762 3590 ὀνειδίζεσθαι
807 3530 1004 3591 αὐτοὺς
1040 3531 1146 3582 ὑπὸ
1185 3532 1297 3583 τῶν
1323 3533 1750 3598 καταταγέντων

164 3619 234 3685 τῇ
286 3617 586 3690 Ἐκκλησία
613 3620 681 3672 δι’
725 3621 1063 3691 οἱασδήτινος
1112 3623 1341 3686 δόσεως·
1374 3623 1510 3674 ἀλλὰ
1550 3622 1752 3690 μᾶλλον

164 3711 268 3760 καὶ
300 3713 663 3778 ἐπαινεῖσθαι,
692 3713 767 3776 ὡς
803 3715 872 3767 δι’
923 3715 1126 3785 ἀρετὴν
1170 3715 1285 3784 βίου
1325 3716 1430 3767 ὑπὸ
1464 3716 1558 3767 τοῦ
1593 3715 1750 3781 ἁγίου

169 3803 497 3870 Πνεύματος
547 3806 892 3874 ἐκλεγέντας.
941 3808 1002 3860 El
1043 3807 1098 3860 δέ
1136 3825 1302 3871 τινες,
1344 3809 1417 3871 ὡς
1469 3809 1755 3877 ἐγκαυχώ-

168 3913 333 3963 μενοι
359 3900 449 3950 ἐπὶ
480 3901 546 3969 τῇ
583 3901 808 3971 τοιαύτῃ
837 3901 1065 3971 ἀθέσμῳ
1111 3902 1255 3954 δόσει
1306 3902 1402 3956 καὶ
1430 3905 1494 3971 τῇ
1540 3903 1752 3973 πονηρᾷ

157 3991 348 4060 ταύτῃ
379 3993 636 4063 συνηθείᾳ
665 3997 730 4065 τῇ
757 3995 1115 4067 ἀλλοτριούσῃ
1145 3997 1253 4049 ἀπὸ
1282 3997 1417 4049 Θεοῦ
1444 3998 1539 4049 καὶ
1572 3995 1754 4064 πάσης

163 4084 500 4152 ἱερωσύνης,
548 4087 1008 4141 κατονειδίσουσιν
1062 4089 1273 4141 ἀναιδεῖ
1325 4090 1622 4159 προσώπῳ,
1661 4087 1753 4140 καὶ

153 4176 607 4248 ἀπερικαλύπτῳ
642 4181 871 4249 στόματι
905 4182 1028 4244 τοὺς
1077 4182 1204 4234 ἄνευ
1249 4176 1754 4253 χρυσίου’κατατα-

154 4268 373 4333 γέντας
425 4271 721 4340 κληρικούς
749 4287 762 4300 '
797 4275 889 4325 τὸν
912 4271 1143 4342 ἔσχατον
1190 4272 1402 4342 βαθμὸν
1455 4273 1513 4322 ὲν
1561 4271 1639 4341 τῷ
1674 4272 1755 4323 οἰ-

154 4360 312 4429 κείῳ
365 4361 604 4428 τάγματι
662 4363 948 4431 λήψονται.
992 4365 1051 4416 Εἰ
1083 4365 1140 4416 δὲ
1203 4367 1297 4418 καὶ
1349 4365 1522 4428 οὕτως
1556 4367 1754 4434 ἐπιμέ-

153 4468 318 4502 νοιεν
364 4453 563 4513 αὐτοὺς
608 4452 980 4516 ὀνειδίζοντες.
1030 4454 1096 4506 δι’
1132 4455 1410 4523 ἐπιτιμίου
1455 4454 1752 4524 διορθωθή-

156 4561 387 4596 σονται.
425 4546 534 4596 Καὶ
560 4543 733 4597 ταῦτα
780 4545 880 4614 μὲν
933 4545 1061 4613 περὶ
1092 4545 1200 4596 τῶν
1228 4546 1306 4605 είς
1345 4544 1548 4613 κλῆρον
1581 4561 1754 4596 κατα-

1856 3438 1910 3492 in
1945 3437 2206 3493 Ecclesia:
2232 3437 2382 3491 clero
2408 3436 2662 3490 constitui
2713 3435 2934 3499 debent,
2981 3440 3036 3490 et
3077 3448 3185 3488 non
3223 3433 3436 3503 probris

1854 3529 2072 3584 onerari
2105 3535 2172 3582 ab
2203 3529 2294 3592 iis,
2325 3528 2414 3597 qui
2445 3543 2542 3598 per
2574 3527 2916 3598 largitionem
2951 3541 3335 3597 quamcunque
3381 3526 3434 3580 in

1855 3623 2103 3679 Ecclesia
2181 3623 2558 3678 collocantur:
2613 3622 2705 3677 sed
2763 3621 2938 3691 potius
2991 3620 3240 3675 laudibus
3274 3618 3436 3691 295

1855 3717 2061 3781 ornari,
2127 3727 2189 3770 ut
2236 3717 2325 3786 qui
2380 3725 2600 3786 pr0pter
2659 3715 2783 3769 vita:
2844 3715 3098 3783 pietatem
3153 3730 3182 3768 a
3241 3724 3433 3769 sancto

1859 3808 2064 3878 Spiritu
2099 3808 2261 3863 electi
2301 3821 2452 3864 sunt.
2512 3809 2568 3861 Si
2600 3809 2690 3877 qui
2725 3815 2927 3872 autem,
2986 3817 3037 3860 ut
3075 3807 3128 3859 in
3161 3806 3436 3875 illegiima

1856 3900 2169 3958 istiusmodi
2226 3902 2468 3967 dalione,
2534 3909 2588 3955 et
2644 3900 2807 3970 impia
2850 3901 2951 3954 ista
3008 3900 3434 3959 consuetudine,

1855 4011 1975 4065 qum
2005 4010 2034 4048 a
2074 3994 2183 4050 Deo
2212 4005 2264 4049 et
2319 3996 2466 4048 omni
2517 3995 2824 4048 sacerdotio
2870 3994 3090 4060 alienat,
3140 3991 3438 4063 gloriantes

1854 4088 2005 4142 vultu
2033 4088 2367 4157 impudente,
2415 4096 2469 4140 et
2509 4103 2604 4141 ore
2637 4099 2827 4156 aperto
2870 4087 3122 4148 clericos,
3174 4088 3266 4157 qui
3319 4090 3437 4141 sine

1856 4195 1991 4234 auro
2024 4181 2303 4235 constituti
2342 4181 2560 4246 fuerint,
2593 4181 2807 4250 probris
2842 4180 3160 4246 affecerint;
3186 4182 3432 4234 ultimum

1857 4273 2084 4342 gradum
2127 4274 2180 4326 in
2211 4272 2403 4327 ordine
2437 4288 2537 4328 suo
2571 4273 2868 4342 accipient:
2901 4273 2947 4327 si
2985 4282 3167 4328 autem
3197 4274 3277 4328 sic
3307 4290 3435 4342 pro-

1856 4369 1952 4421 bra
1986 4368 2040 4421 in
2071 4373 2361 4437 eosjacere
2386 4375 2749 4436 perseverent,
2785 4383 2878 4430 per
2906 4383 3121 4436 pinnam
3156 4370 3438 4436 corrigen-

1858 4467 1966 4512 tur.
2027 4457 2090 4511 Et
2118 4458 2232 4512 haec
2258 4458 2473 4526 quidem
2501 4459 2567 4511 de
2591 4458 2678 4520 iis,
2710 4458 2802 4526 qui
2831 4458 2883 4510 in
2910 4460 3113 4512 clermn
3135 4457 3434 4525 conseripti

1857 4556 2002 4603 sunt.
2050 4548 2373 4616 Quicunque
2400 4548 2591 4606 autem!
2609 4564 2702 4617 per
2719 4550 3006 4616 pecuniam
3033 4549 3432 4602 ordinationem

153 4635 508 4702 λεγομένων,
579 4637 734 4688 Ὅσοι
791 4637 846 4687 δὲ
901 4636 990 4687 διὰ.
1054 4637 1354 4705 χρημάτων
1417 4637 1751 4706 χειροτονίας

1864 4641 2099 4709 aliquam
2136 4653 2565 4708 consequuntur,
2621 4644 2984 4710 deponentur,
3020 4653 3073 4695 et
3104 4641 3231 4709 ipsi,
3262 4649 3316 4695 et
3343 4641 3435 4710 qui

149 4727 386 4797 τύχωσί
434 4746 602 4793 τινος,
647 4730 1147 4800 καθαιρεθήσονται
1194 4731 1286 4783 καὶ
1340 4731 1516 4794 αὐτοὶ,
1567 4731 1661 4782 καὶ
1705 4729 1754 4781 οἱ

153 4823 664 4892 χειροτονήσαντες
693 4822 914 4883 αὐτούς.

787 4913 1023 4966 ΚΔΝΩΝ
1055 4916 1144 4980 q'.

158 5019 180 5047 ι
252 5005 596 5075 Ἐπειδὴπερ
652 5005 832 5058 κανών
887 5007 1087 5057 ἐστινὸ
1119 5006 1294 5074 λέγων
1343 5007 1422 5068 δὶς
1470 5006 1561 5058 106
1606 5003 1760 5065 ἔτους

260 5118 284 5149 ε
333 5101 458 5153 καθ’
507 5103 745 5168 ἑκάστην
792 5101 1061 5170 ἐπαρχίαν
1127 5103 1322 5170 χρῆναι
1383 5101 1630 5167 γίνεσθαι
1675 5099 1762 5151 διὰ

250 5216 272 5247 ι
325 5193 726 5263 συναθροίσεως
749 5193 1175 5253 ἐπισκόπωντὰς
1193 5191 1482 5254 κανονικάς
1509 5191 1764 5261 ζητήσεις

249 5308 272 5339 ι
321 5289 409 5340 διὰ
462 5287 560 5355 τὴν
609 5285 904 5355 συντριϐὴν
944 5285 1036 5336 καὶ
1088 5284 1147 5336 16
1200 5285 1392 5347 ἐνδεῶς
1432 5286 1578 5352 ἔχειν
1628 5286 1764 5353 πρὸς

251 5404 271 5432 ι
325 5380 641 5448 ὁδοιπορίαν
697 5379 822 5440 τοὺς
867 5377 1411 5446 συναθροιζομένουη
1461 5377 1669 5445 ὥρισαν
1714 5377 1762 5426 οξ

245 5499 269 5530 ι
321 5479 424 5547 τῆς
471 5479 636 5546 ἐκτης
686 5477 908 5528 συνόδου
963 5475 1100 5526 ὅσιοι
1145 5475 1386 5541 Πατερες
1425 5473 1483 5537 ἐξ
1528 5472 1763 5533 ἅπαντος

255 5592 276 5623 ι
332 5572 535 5640 τρόπου
558 5571 650 5624 καὶ
681 5569 1006 5638 προφάσεως
1040 5567 1188 5631 ἅπαξ
1215 5567 1308 5618 106
1345 5566 1593 5618 ἐνιαυτοῦ
1618 5565 1758 5630 γίνε-

256 5685 277 5716 ε
331 5664 477 5725 σθαι,
523 5665 617 5716 καὶ
663 5661 729 5715 τὰ
793 5662 1110 5729 ἐσφαλμένα
1149 5658 1514 5730 διορθοῦσθαι.
1562 5657 1763 5709 Τοῦτον

251 5779 274 5810 ‹
326 5757 421 5810 οὖν
465 5757 555 5807 τὸν
604 5755 803 5807 κανόνα
843 5754 937 5806 καὶ
980 5755 1139 5822 ἡμεῖς
1183 5749 1516 5821 ἀνανεοῦμεν
1551 5766 1564 5780 ’
1595 5750 1687 5802 καὶ
1716 5750 1767 5800 εἴ

249 5873 272 5904 ‹
325 5869 409 5912 τις
450 5848 646 5919 εὑρεθῇ
681 5850 865 5920 ἄρχων
895 5845 1054 5900 τοῦτο
1090 5845 1335 5906 κωλύων,
1363 5844 1708 5914 ἁφοριζέσθω
1745 5857 1760 5872 ⁶

255 5967 277 5998 ι
331 5946 380 5997 εί
421 5944 476 5997 δέ
507 5960 589 6000 τις
621 5945 685 5994 ἐκ
718 5944 825 5993 τών
858 5941 1275 6009 μητροπολιτὼν
1303 5940 1569 6010 ἀμελήωι
1606 5935 1763 5989 τοῦτο

514 6037 786 6098 Ριιτιιοῐ..
834 6036 951 6096 (in.
1005 6034 1361 6098 CXXXVII.

1862 4746 1955 4787 eos
1984 4731 2324 4786 ordinarunt.

2467 4909 2702 4964 CANON
2747 4907 2831 4962 Ἠ.

1876 5021 1896 5055 ι
1927 5003 2196 5067 Quoniam
2235 5018 2409 5056 canon
2445 5011 2552 5064 est,
2595 5003 2686 5069 qui
2743 5002 2900 5064 dicit,
2953 5001 3036 5055 bis
3083 5001 3135 5053 in
3172 5015 3317 5054 anno
3380 4999 3432 5053 itt

1942 5113 1960 5143 ι
2002 5110 2332 5163 unaquaque
2374 5094 2652 5162 provincia
2706 5109 2800 5162 per
2839 5093 3289 5160 congregationes
3321 5093 3437 5158 epi-

1944 5205 1962 5237 ι
1999 5201 2289 5254 scoporum
2332 5186 2447 5238 fieri
2471 5196 2728 5250 oportere
2765 5184 3099 5252 quaestiones
3121 5183 3436 5239 canonieas.

1947 5298 1962 5329 ι
2004 5289 2225 5349 propter
2264 5280 2630 5340 vexationem,
2665 5288 2717 5331 et
2743 5277 2888 5347 quod
2915 5277 3097 5330 itineri
3126 5270 3436 5343 perageudo

1950 5391 1967 5422 ι
2010 5374 2190 5425 minus
2230 5373 2535 5427 snllieereut
2568 5370 2660 5440 qui
2697 5369 3193 5439 congregabantur,
3227 5376 3436 5420 statue-

1945 5483 1962 5515 ι
1996 5475 2126 5517 runt
2166 5463 2338 5517 sancti
2376 5471 2544 5516 sexta:
2581 5461 2774 5532 synodi
2803 5460 3017 5521 Patres,
3052 5458 3248 5527 quovis
3275 5458 3436 5511 modo

1943 5576 1958 5606 ι
1994 5567 2047 5610 et
2089 5573 2418 5626 quacunqtte
2437 5571 2501 5608 ex
2543 5569 2731 5618 causa,
2786 5553 2950 5608 semel
2998 5552 3051 5604 in
3106 5566 3250 5603 anno
3301 5548 3437 5625 fieri,

1946 5671 1962 5702 ι
2005 5663 2058 5705 et
2097 5653 2290 5705 delicta
2351 5650 2570 5719 corrigi.
2619 5650 2773 5702 Hune
2840 5662 2970 5716 ergo
3016 5659 3283 5699 canonem
3338 5659 3437 5697 nos

1945 5763 1961 5794 ι
2007 5759 2224 5813 quoque
2249 5756 2578 5796 renovamus
2601 5784 2616 5807 ,
2648 5752 2701 5794 et
2727 5743 2772 5794 si
2796 5741 2920 5808 quis
2945 5740 3302 5808 magistratus
3330 5736 3434 5788 hoc

1945 5855 1961 5886 (
2001 5836 2288 5905 prohibere
2329 5836 2583 5888 inventus
2610 5834 2794 5894 fuerit,
2824 5841 3182 5899 segregetur:
3228 5830 3272 5882 si
3309 5829 3436 5896 quis

1947 5950 1966 5983 ι
2008 5943 2187 5986 autem
2233 5929 2684 5994 metrupolitanns
2716 5929 2814 5980 hoc
2853 5925 2966 5978 fieri
3011 5939 3114 5974 non
3143 5920 3437 5986 curaverit,

3008 6019 3086 6078 29
