4218 6458
699 502 808 569 901

787 642 807 675 ι
840 628 1211 692 ρταιιρτίιυαιη
1239 612 1291 665 vi
1329 609 1411 665 vel
1443 608 1780 664 necessitate
1813 613 1869 661 et
1911 604 2061 672 justa
2089 602 2273 671 aliqua
2308 620 2346 667 Α

781 738 799 768 ι
836 718 904 771 de
934 725 1123 771 causa,
1158 703 1389 759 canonis
1422 703 1596 772 pinnis
1622 698 1973 766 subjiciatur.
2005 693 2154 749 Cum
2183 710 2280 747 au-

780 830 798 860 i
834 817 941 861 tem
982 804 1048 856 de
1086 796 1375 853 canonicis
1397 805 1453 847 et
1488 792 1823 862 evangelii-is
1859 790 2021 843 rebus
2054 788 2147 841 liat
2188 802 2283 858 sy-

783 921 801 953 ε
839 896 1037 958 nodus,
1062 907 1201 960 opus
1227 900 1310 943 est
1344 897 1401 941 ut
1425 884 1735 956 congregati
1755 882 1999 951 episc0pi
2028 894 2279 949 magnam

783 1013 800 1043 ι
840 1006 1030 1046 curam
1061 979 1117 1039 e't
1166 981 1501 1048 diligentiam
1540 985 1755 1047 gerant,
1791 987 1849 1029 ut
1902 976 2083 1027 divuia
2119 982 2173 1025 et
2209 976 2285 1023 vi-

784 1107 802 1138 ι
839 1087 995 1138 vilica
1041 1080 1134 1133 Dei
1204 1073 1465 1129 mandata
1512 1078 1829 1125 serventur.
1889 1066 1946 1120 ln
1998 1066 2081 1121 eis
2134 1067 2281 1119 cnim

786 1200 802 1229 ι
840 1174 1128 1232 servandis
1184 1180 1273 1225 est
1304 1166 1596 1221 retributio
1654 1164 1854 1226 multa,
1899 1160 2161 1232 quoniam
2201 1160 2287 1213 lu-

786 1296 802 1323 ι
848 1287 1017 1327 cerua
1084 1272 1169 1320 est
1234 1262 1573 1320 mandatum,
1610 1256 1693 1311 lex
1749 1270 1880 1310 vero
1941 1255 2033 1309 lux
2091 1263 2146 1306 et
2196 1252 2282 1305 via

785 1387 801 1415 ι
836 1370 978 1426 vitae,
1028 1357 1278 1431 probatio
1348 1360 1403 1408 et
1458 1350 1792 1419 disciplina;
1850 1356 1906 1402 et
1964 1347 2284 1400 mandatum

790 1483 806 1511 ε
845 1454 1061 1511 Domitii
1103 1450 1374 1510 lucidum,
1401 1444 1723 1500 illumiiians
1768 1440 1982 1495 oculos.
2011 1436 2089 1491 Ne
2125 1438 2288 1491 liccat

794 1572 810 1599 ι
845 1556 1028 1601 autem
1067 1539 1509 1609 iiieti0politano,
1533 1551 1597 1589 ex
1637 1534 1701 1588 iis
1732 1547 1853 1602 quae
1907 1545 2095 1586 secum
2128 1529 2291 1584 alIert

796 1660 815 1689 ε
850 1638 1168 1707 episcopus,
1223 1630 1307 1684 vel
1362 1628 1676 1703 juiiieiitum
1741 1626 1827 1679 vel
1882 1624 2120 1694 aliquam
2173 1640 2286 1678 rein

786 1754 803 1782 ι
843 1732 1004 1784 aliain
1048 1732 1256 1797 petere.
1286 1719 1344 1777 Si
1392 1721 1538 1774 enim
1599 1719 1702 1773 lioc
1750 1716 1948 1772 fecisse
2001 1718 2290 1771 coni-ieius

790 1845 807 1877 ι
850 1822 1035 1885 fuerit,
1069 1819 1259 1874 reddet
1286 1814 1713 1888 quadruplum.»

1988 490 2087 550 ΤΗ
2099 491 2266 549 EUD.
2305 491 2388 548 BA
2400 490 2533 559 LSA
2548 490 2591 545 Μ
2604 488 2701 547 0N

3874 484 3990 550 903

2458 618 2475 651 ι
2520 599 2792 666 γίνεσθαι,
2825 597 2983 661 ἐκτὸς
3007 596 3254 665 ἀνάγκης
3282 595 3375 649 καὶ
3397 595 3518 666 βίας
3536 612 3626 647 και
3654 612 3796 659 τινος
3824 596 3961 648 and

2464 712 2482 745 ι
2525 710 2628 762 γου
2698 694 3068 763 προφάσεως,
3134 694 3248 754 τοῖς
3303 692 3612 750 κανονικοῖς
3673 691 3956 758 ἐπιτιμίοι

2478 804 2495 836 ι
2543 784 2877 837 ὑποκείσθω.
2914 785 3026 852 ἰ’ἧς
3052 784 3109 836 δέ
3139 784 3361 837 συνόδου
3393 784 3695 852 γενομένης
3720 785 3846 849 περδ
3889 801 3995 835 xa-

2475 899 2493 930 ι
2538 877 2769 932 νονικῶν
2803 881 2896 931 καὶ
2923 876 3308 945 εὐαγγελικῶν
3349 877 3717 948 πραγμάτων,
3752 878 3835 930 δεῖ
3871 894 3993 939 το.ς

2466 990 2484 1022 ι
2532 970 3008 1041 συναθροισθεῖσιν
3035 975 3360 1029 ἐπισκόποις
3384 973 3439 1023 ἐν
3482 972 3684 1041 μελέτῃ
3705 971 3971 1039 xui.qu

2468 1084 2486 1117 ι
2525 1066 2634 1119 τίδι
2683 1063 2932 1118 τίθεσθαι
2984 1064 3080 1117 τοῦ
3127 1064 3497 1134 φυλάττεσθαι
3540 1066 3640 1127 τὰς
3693 1064 3849 1127 θείας
3890 1065 3992 1117 καὶ

2468 1175 2486 1208 ι
2534 1157 2839 1221 ζωοποιοὺς
2860 1156 3084 1221 ἐντολὰς
3109 1157 3205 1210 τοῦ
3224 1157 3383 1213 Θεοῦ.
3416 1158 3504 1212 Ἐν
3525 1158 3633 1226 γὰρ
3658 1157 3737 1228 τῷ
3771 1159 3992 1226 φυλάσ-

2465 1266 2483 1299 i
2530 1248 2721 1302 σεσθαι
2771 1250 2942 1312 αὑτὰς
2998 1251 3365 1313 ἀνταπόδοσις
3408 1250 3602 1320 πολλὴ,
3637 1252 3718 1302 ὅτι
3765 1256 3864 1304 και
3894 1266 3995 1303 Αυ-

2469 1362 2485 1394 ι
2535 1359 2661 1411 χνος
2691 1342 2904 1412 ἐντολὴ,
2934 1344 3100 1411 νόμος
3130 1341 3188 1396 δὲ
3224 1343 3341 1413 φῶς
3365 1344 3456 1395 καὶ
3479 1344 3597 1407 ὁδὸς
3629 1343 3803 1413 ζωῆς,
3834 1344 3888 1396 ἐ)
3902 1362 3993 1411 εγ·

2467 1453 2483 1485 ι
2528 1451 2621 1505 χος
2655 1436 2744 1487 καὶ
2776 1434 2995 1488 παιδεία
3019 1451 3033 1464 ·
3051 1434 3145 1490 καὶ
3172 1436 3207 1507 ἡ
3230 1436 3421 1508 ἐντολὴ
3446 1438 3655 1507 Κυρίου
3677 1436 4005 1506 τηλαυγῆςρ⁷

2469 1546 2487 1579 ι
2536 1528 2853 1595 φωτίζουσα
2899 1527 3236 1597 ὀφθαλμούς.
3271 1530 3364 1601 Μὴ
3401 1530 3548 1601 ἔχειν
3573 1530 3631 1584 δέ
3679 1531 3871 1585 ἄδειαν
3903 1530 3995 1583 τὸν

2470 1640 2487 1673 ι
2538 1621 2971 1692 μητροπολίτην,
3018 1622 3079 1687 ἐξ
3125 1615 3201 1675 ὧν
3249 1622 3577 1690 ἐπιφέρεται
3613 1622 3643 1675 δ
3683 1622 3997 1683 ἐπίσκοπος

2467 1735 2484 1765 ι
2536 1715 2656 1785 μετ’
2678 1714 2867 1776 αὑτοῦ,
2892 1714 2924 1785 ἢ
2954 1714 3207 1787 κτῆνοςῆ
3239 1716 3431 1787 ἕτερον
3449 1711 3589 1780 εἶδος
3609 1718 3877 1771 ἀπαιτεῖν
3915 1731 3925 1740 ·
3949 1716 3996 1767 εί

2469 1827 2487 1860 ι
2533 1811 2641 1880 γὰρ
2679 1808 2839 1863 τοῦτο
2869 1809 3105 1882 ἐλεγχθῇ
3136 1809 3488 1881 πεποιηκὼς,
3516 1810 3783 1864 ἀποτίσει
3800 1826 3999 1879 τετρα-

2470 1919 2488 1952 ι
2531 1901 2782 1955 πλάσιον.
2824 1921 2843 1953 ι

782 1999 976 2056 BALS.
1010 2000 1145 2055 Cum
1215 1996 1420 2077 diversi
1464 2009 1709 2050 canones
1748 2004 2027 2056 statuant.
2067 1996 2280 2065 quando

2466 1991 2666 2044 ΒΑΛΣ.
2734 1993 2999 2046 Κανόνων
3070 1992 3351 2065 διαφόρων
3413 1990 3814 2064 διοριζομένων
3865 1994 3996 2047 πότε

711 2098 824 2153 fieri
852 2096 1088 2150 debeant
1122 2090 1344 2163 synodi,
1383 2100 1437 2145 et
1465 2088 1559 2143 alii
1591 2088 1815 2160 quidem
1843 2090 2014 2145 semel
2051 2090 2104 2143 iii
2140 2102 2286 2142 anno

704 2188 1002 2243 coriVenire
1060 2195 1313 2255 oportere
1371 2181 1738 2251 provinciales
1801 2182 2136 2251 episcopos,
2193 2182 2284 2234 alii

706 2288 835 2337 vero
871 2281 953 2336 bis
976 2282 1029 2333 iii
1063 2294 1207 2332 anno
1236 2278 1457 2331 dicant:
1488 2277 1575 2330 liic
1600 2291 1799 2339 canon,
1838 2275 1908 2329 ob
1931 2275 2147 2330 itineris
2172 2293 2287 2329 mo-

704 2377 919 2430 lestiaiu
961 2372 1257 2442 episcopis,
1311 2378 1566 2422 octavum
1599 2383 1866 2422 caiioneiii
1894 2375 2062 2422 sextae
2087 2368 2284 2437 synodi

703 2478 928 2522 secutus
958 2472 1065 2527 est,
1112 2463 1208 2532 qui
1240 2461 1494 2515 decernit
1531 2474 1630 2514 eos
1661 2459 1829 2513 semel
1874 2458 1930 2512 in
1958 2472 2106 2511 anno
2145 2474 2284 2512 cou-

704 2560 915 2630 gregari
941 2565 1223 2627 Oportere,
1270 2564 1321 2607 et
1354 2555 1435 2607 sic
1472 2552 1784 2606 faciendum
1813 2566 1960 2614 esse,
2002 2551 2108 2605 nisi
2132 2567 2282 2621 quie—

701 2654 824 2705 dam
860 2653 940 2704 vis
968 2691 986 2715 ,
1030 2638 1113 2703 vel
1145 2648 1467 2711 necessitas,
1521 2647 1606 2700 vel
1643 2659 1809 2699 causa
1842 2644 2139 2713 probabilis
2186 2646 2287 2698 iiii-

702 2745 1014 2814 pcdimento
1040 2741 1227 2803 fuerit,
1252 2740 1552 2809 quominus
1594 2740 1959 2803 conveniant;
2008 2738 2286 2791 antistites

699 2847 905 2898 autem,
930 2834 1022 2904 qui
1055 2849 1163 2888 nou
1202 2834 1273 2887 ita
1305 2834 1540 2894 faciunt,
1584 2832 1762 2900 ρωιιίε
1811 2831 2099 2885 canonicis
2154 2832 2284 2885 sub-

694 2929 790 2997 jici
820 2943 835 2989 ;
872 2926 969 2982 scd
1004 2936 1060 2980 et
1093 2925 1283 2979 civiles
1336 2926 1711 2995 magistratus,
1737 2923 1831 2993 qui
1864 2923 1969 2978 hoc
2000 2922 2118 2978 ﬁeri
2153 2938 2282 2993 pro-

698 3021 914 3084 bibent,
950 3019 1251 3089 segregari.
1305 3016 1539 3081 Quando
1590 3025 1774 3070 autem
1828 3014 2016 3080 fuerit,
2079 3016 2281 3085 inquit,

700 3113 844 3166 facta
875 3110 1144 3182 synodus,
1172 3108 1375 3162 debent
1427 3107 1668 3178 episcopi
1718 3123 1910 3163 curam
1973 3124 2185 3179 gerere,
2224 3117 2285 3163 ut

698 3202 1029 3274 evangelica:
1051 3213 1104 3257 et
1129 3200 1411 3255 canonica:
1472 3200 1803 3256 traditiones
1875 3211 2168 3258 serventur
2224 3210 2285 3256 et

698 3297 806 3351 alia
841 3297 934 3351 Dei
968 3295 1250 3349 mandata.
1283 3293 1351 3348 Et
1388 3306 1516 3349 sunt
1564 3295 1845 3350 canonica:
1908 3296 2131 3366 quidem
2170 3306 2281 3350 tra-

698 3386 963 3449 ditiones,
1023 3385 1188 3455 justas
1244 3396 1299 3439 et
1360 3383 1580 3454 injustie
1641 3386 2279 3451 excommunicationcs,

699 3478 1032 3532 clericorum
1067 3476 1476 3542 ordinationes,
1502 3476 1902 3546 episcopaliiim
1943 3493 2129 3531 rerum
2186 3478 2283 3531 ad-

701 3568 1158 3633 ministrationes,
1192 3577 1247 3623 ct
1277 3567 1516 3622 similia:
1568 3570 1901 3638 euangelica:
1942 3576 2129 3623 autem
2168 3578 2283 3622 tra-

699 3664 941 3717 ditiones
981 3674 1036 3717 et
1098 3664 1362 3714 mandata
1420 3659 1552 3724 Dei,
1612 3660 1879 3731 baptizari
1945 3660 2001 3715 in
2058 3661 2284 3716 nomine

700 3754 905 3820 Patris,
930 3766 984 3809 et
1015 3753 1162 3820 Filii,
1194 3766 1246 3808 et
1264 3753 1506 3826 Spiritus
1538 3756 1717 3810 sancti
1740 3769 1755 3807 :
1775 3752 1902 3809 Non
1922 3756 2281 3820 mazcliaberi's,

701 3869 804 3906 non
857 3849 1218 3914 scortaberis,
1269 3864 1371 3902 non
1430 3848 1633 3917 falsum
1684 3848 2045 3903 testimonium
2098 3850 2281 3913 dices,

697 3954 754 4002 et
782 3944 1006 4000 similia.
1064 3942 1338 4009 Quoniam
1396 3952 1579 3995 autem
1622 3941 2013 3998 intellexerunt
2064 3941 2282 4009 Patres,

701 4036 845 4109 quod
868 4038 921 4091 in
944 4037 1338 4105 episcoporum
1376 4033 1741 4087 concionibus
1780 4035 2007 4104 quidam
2072 4046 2283 4091 metro-

703 4131 927 4201 politani
978 4125 1145 4180 nimis
1197 4140 1295 4179 sua
1352 4130 1627 4194 potestate
1667 4133 1722 4177 et
1775 4124 2009 4195 imperio
2070 4126 2126 4179 in
2186 4140 2284 4181 eos

705 4230 957 4283 utuntur,
981 4227 1036 4273 et
1069 4231 1246 4287 equos
1283 4216 1352 4270 ali
1381 4217 1487 4277 eis,
1535 4217 1622 4271 vel
1662 4215 1843 4286 aliqua
1875 4216 1983 4272 alia
2026 4217 2280 4287 exigunt,

705 4314 757 4366 id
781 4326 1001 4381 quoque
1041 4322 1262 4364 cessare
1296 4314 1630 4371 statuerunt,
1677 4318 1731 4361 et
1763 4308 2280 4378 iiictropolitanuiu,

683 4407 797 4474 -qui
838 4404 945 4458 tale
977 4402 1108 4472 quid
1150 4401 1303 4465 lecit,
1334 4398 1711 4469 quadruplum
1752 4398 1873 4468 ejus
1894 4400 2039 4469 quod
2092 4400 2284 4456 datum

702 4510 790 4553 est
816 4498 1127 4551 restituere.
1158 4492 1399 4546 Pulchre
1428 4500 1611 4544 autem
1644 4488 1783 4543 dixit
1830 4505 2030 4557 canon,
2073 4506 2184 4547 non
2218 4493 2286 4547 li~

701 4611 827 4652 cere
868 4592 1291 4660 metropolitano
1322 4588 1623 4660 quidquam
1656 4601 1845 4641 eorum
1888 4590 2130 4658 exigere,
2162 4606 2284 4659 quae

2390 2084 2668 2154 ὀφείλουσι
2703 2084 2953 2153 γίνεσθαι
2978 2086 3035 2138 αί
3063 2085 3294 2149 σύνοδοι,
3320 2086 3414 2139 καὶ
3443 2087 3554 2139 τῶν
3585 2088 3689 2153 μὲν
3716 2085 3996 2155 λεγόντων

2392 2178 2541 2245 ἅπαξ
2589 2176 2685 2232 τοῦ
2741 2178 2994 2232 ἐνιαυτοῦ
3051 2180 3418 2249 συνέρχεσθαι
3461 2180 3592 2244 τοὺς
3630 2181 3997 2252 ἐπαρχιώτας

2387 2269 2751 2334 ἐπισκόπους,
2788 2269 2901 2324 τῶν
2934 2270 2991 2323 δέ
3025 2271 3109 2334 δἰς
3138 2271 3233 2323 τοῦ
3263 2272 3448 2335 ἔτους·
3487 2276 3515 2326 ὁ
3554 2271 3756 2344 παρὼν
3811 2272 3995 2325 κανὼν

2387 2362 2478 2416 διὰ
2505 2362 2606 2433 τὴν
2637 2364 2703 2416 ἐκ
2729 2362 2830 2430 τῆς
2855 2363 3173 2434 ὁδοιπορίας
3202 2364 3498 2436 συπριεὴν
3525 2366 3637 2418 τῶν
3670 2368 4003 2420 ἐπισκόπων

2403 2455 2850 2527 κατηκολούθησε
2894 2457 2975 2528 τῷ
3029 2456 3079 2526 η’
3119 2458 3308 2513 κανόνι
3364 2458 3467 2529 τῆς
3510 2464 3566 2523 ς’
3605 2460 3863 2521 συνόδου,
3919 2461 4003 2531 τῷ

2386 2549 2750 2619 διοριζομένῳ
2790 2549 2941 2615 ἅπαξ
2991 2550 3089 2604 τοῦ
3124 2550 3382 2604 ἐνιαυτοῦ
3429 2551 3662 2615 τούτους
3700 2553 4005 2625 συναθροί-

2390 2642 2608 2706 ζεσθαι,
2636 2643 2734 2696 καὶ
2755 2642 3051 2713 διωρίσατο
3076 2642 3221 2697 οὕτω
3239 2643 3507 2713 γίνεσθαι,
3530 2647 3579 2697 εί
3606 2647 3685 2715 μή
3713 2663 3803 2708 τις
3824 2647 4007 2716 ἀνάγ-

2387 2754 2459 2807 κη
2496 2738 2592 2791 καὶ
2624 2736 2716 2807 βία
2753 2738 2786 2808 ἢ
2820 2738 2958 2806 ἄλλη
2989 2739 3266 2809 πρόφασις
3295 2736 3521 2807 εὔλογος
3544 2743 3649 2809 τὴν
3673 2740 4007 2795 συνέλευσιν

2388 2830 2813 2901 παρεμποδίσει,
2842 2832 2968 2894 τοὺς
2997 2830 3053 2885 δὲ
3084 2832 3160 2902 μὴ
3189 2830 3333 2885 οὕτω
3360 2831 3659 2896 ποιοῦντας
3697 2835 3999 2904 ἀρχιερεῖς

2385 2924 2501 2982 τοῖς
2533 2925 2844 2986 κανονικοϊς
2865 2923 3169 2993 ἐπιτιμίοις
3190 2924 3541 2991 ὑποκεῖσθαι,
3565 2926 3706 2980 ἀλλά
3740 2929 3839 2980 καὶ
3867 2930 4007 2993 τοὺς

2388 3010 2709 3076 πολιτικοὺς
2731 3013 3024 3084 ἄρχοντας,
3044 3014 3172 3078 τοὺς
3197 3015 3509 3080 κωλύοντας
3536 3016 3700 3070 τοῦτο
3716 3019 4007 3086 γίνεσθαι,

2386 3103 2770 3172 ἀφορίζεσθαι.
2808 3105 2940 3159 Ὅτε
2974 3107 3186 3175 μέντοι,
3211 3107 3402 3178 φησὶν,
3435 3110 3470 3180 ἡ
3499 3108 3720 3172 σύνοδος
3754 3111 4005 3178 γίνεται,

2385 3197 2696 3264 ὀφείλουσιν
2724 3198 2775 3251 οἱ
2809 3197 3105 3252 ἐπίσκοποι
3134 3198 3446 3269 φροντίζειν
3473 3200 3570 3255 τοῦ
3603 3203 4006 3270 φυλάττεσθαι

2385 3290 2488 3351 τὰς
2539 3289 2908 3357 εύαγγελικὰς
2956 3291 3054 3344 καὶ
3108 3294 3408 3355 κανονικάς
3462 3295 3833 3366 παραδόσεις,
3904 3300 4006 3350 καὶ

2384 3381 2483 3444 τὰς
2510 3380 2675 3445 ἄλλας
2707 3381 2929 3445 ἐντολὰς
2959 3381 3053 3436 τοῦ
3085 3382 3243 3437 Θεοῦ.
3277 3384 3389 3437 Καὶ
3424 3387 3718 3440 κανονικαὶ
3762 3387 3872 3457 μὲν
3899 3404 4006 3441 παι

2388 3474 2639 3544 ραδόσεις
2672 3477 2813 3528 είσὶν
2842 3477 2890 3529 οἱ
2938 3474 3156 3544 εὔλογοι
3196 3479 3291 3530 καὶ⁵
3324 3480 3631 3549 παράλογοι
3660 3481 4004 3549 ἀφορισμοὶ,

2388 3571 2446 3625 αἱ
2478 3569 2810 3638 καταγωγαὶ
2858 3569 2970 3623 τῶν
3021 3571 3330 3641 κληρικῶν,
3379 3573 3437 3625 ai
3486 3572 3833 3643 παραδόσεις
3890 3572 4010 3627 τῶν

2385 3664 2769 3718 ἐπισκοπικῶν
2828 3664 3198 3735 πραγμάτων,
3246 3666 3344 3720 καὶ
3384 3665 3455 3719 τὰ
3513 3665 3749 3721 τοιαῦτα
3780 3682 3793 3695 '
3835 3667 4009 3735 εὐαγ-

2384 3757 2606 3826 γελικαὶ
2644 3757 2703 3811 δὲ
2736 3758 3074 3831 παραδόσεις
3107 3759 3203 3813 καὶ
3230 3758 3451 3813 ἐντολαὶ
3479 3759 3574 3813 τοῦ
3602 3760 3746 3813 Θεοῦ
3784 3762 3851 3815 τὸ
3899 3760 4003 3830 βα-

2386 3849 2675 3913 πτίζεσθαι
2695 3850 2778 3913 είς
2807 3850 2866 3903 τὸ
2892 3849 3065 3921 δνομα
3088 3853 3185 3904 τοῦ
3211 3850 3449 3922 Πατρδς,
3469 3852 3567 3905 καὶ
3590 3850 3689 3905 τοῦ
3715 3853 3885 3917 Υίοῦ,
3904 3853 4004 3906 καὶ

2386 3942 2480 3995 τοῦ
2524 3943 2686 4009 ἀγίου
2723 3944 3069 4013 Πνεύματος,
3099 3943 3162 3997 τὸ
3201 3944 3300 4012 Μὴ
3326 3945 3697 4015 μοιχεύσῃς,
3728 3948 3829 4016 μὴ
3860 3963 4007 4015 παρ

2385 4039 2655 4105 ratione,
2705 4037 2791 4106 μὴ
2838 4037 3453 4108 ψευδομαρτυρήσῃς,
3508 4039 3608 4092 καὶ
3679 4040 3756 4095 τὰ
3813 4041 4005 4111 ὃμοια.

2399 4131 2553 4185 Ἐπεὶ
2585 4131 2641 4184 δὲ
2671 4131 2877 4198 ἔμαθον
2916 4133 2966 4184 ot
3000 4132 3245 4203 Πατέρες
3274 4133 3359 4185 δτι
3393 4136 3453 4185 ἐν
3470 4136 3593 4195 ταῖς
3631 4134 4006 4188 συνελεύσεσι

2386 4225 2496 4278 τῶν
2525 4225 2845 4279 ἐπισκόπων
2866 4224 3274 4297 μητροπολίταί
3289 4242 3437 4288 τινες
3460 4226 3845 4292 κατεξουσεάς
3856 4245 4010 4281 ζιυσιν

2387 4314 2593 4381 αὐτῶν,
2646 4316 2743 4369 καὶ
2787 4315 3121 4369 ἀπαιτοῦσιν
3157 4316 3367 4381 ἵππους
3401 4318 3435 4389 ἢ
3469 4318 3641 4386 ἐτερά
3679 4336 3814 4374 τινα
3856 4321 4009 4391 εἴδη,

2386 4406 2597 4480 ὥρισαν
2627 4407 2721 4461 καὶ
2748 4407 2908 4461 τοῦτο
2936 4407 3221 4478 σχολάσαι,
3257 4410 3353 4463 καὶ
3382 4410 3474 4476 τὸν
3504 4411 3765 4466 τοιοῦτόν
3797 4430 3854 4465 τι
3882 4431 4014 4467 ποι-

2388 4500 2599 4571 ήσαντα
2631 4498 3042 4571 μητροπολίτην
3078 4500 3463 4571 ἀντιστρέφειν
3495 4502 3558 4556 τὸ
3580 4504 3879 4574 διδόμενον
3916 4510 4009 4570 είς

2387 4594 2449 4646 τὸ
2493 4591 2854 4663 τετραπλοῦν.
2892 4592 3090 4657 Καλῶς
3116 4592 3175 4647 δέ
3219 4589 3375 4648 εἶπεν
3416 4597 3445 4648 δ
3488 4597 3676 4650 κανὼν
3721 4601 3807 4669 μὴ
3850 4600 4011 4670 ἔχειν

700 4687 861 4743 all'ert
887 4685 1207 4756 episcOpus.
1246 4680 1304 4734 Si
1335 4679 1479 4735 enim
1514 4693 1613 4734 sua
1652 4691 1850 4747 sponte
1885 4682 2121 4735 voluerit
2162 4684 2280 4752 epi-

2389 4687 2477 4743 ἐπ’
2532 4687 2721 4751 ἀδείας
2767 4686 2860 4741 τλν
2908 4685 3320 4759 μητροπολίτην
3368 4689 3627 4741 ἀπαιτεῖν
3663 4707 3717 4742 τι
3768 4692 3831 4758 ἐξ
3866 4687 3955 4747 ὧν
3984 4696 4015 4745 ὁ

701 4794 904 4850 scopus
933 4774 1418 4843 metropolitanum
1442 4772 1627 4840 aliquo
1650 4771 1923 4840 ejusmodi
1977 4774 2123 4828 dono
2146 4791 2278 4844 pro-

706 4873 886 4945 sequi,
916 4886 1029 4924 non
1066 4865 1455 4939 prohibebitur
1481 4866 1587 4918 lioc
1623 4866 1828 4919 facere.
1855 4864 2050 4931 Quaere
2073 4884 2196 4937 cap.
2224 4868 2279 4935 8ο

610 5037 615 5043 ’
706 4969 792 5022 tit.
831 4966 865 5021 8
892 4964 1178 5036 praesentis
1210 4962 1418 5030 operis,
1450 4966 1506 5012 et
1540 4973 1667 5012 can.
1702 4959 1735 5011 8
1763 4973 1887 5029 syn.
1926 4961 1979 5013 iii
2021 4958 2236 5017 Trullo.

2390 4780 2692 4843 ἐπίσκοπος
2744 4782 3094 4851 ἐπιφερεται.
3152 4779 3215 4833 Et
3274 4781 3387 4853 γὰρ
3436 4782 3623 4835 ἑκοντὶ
3681 4787 4013 4850 ἐπίσκοπος

2390 4873 2612 4945 θελήσει
2664 4871 3031 4937 δεξιώσασθαι
3075 4864 3167 4927 τὸν
3225 4878 3640 4946 μητροπολιτην
3678 4881 3861 4933 αὐτοῦ
3917 4882 4013 4934 διὰ

2386 4983 2535 5030 τινος
2604 4965 2977 5036 πράγματος,
3032 4967 3095 5019 οὐ
3143 4968 3526 5037 κωλυθήσεται
3574 4969 3743 5023 τοῦτο
3791 4977 4009 5028 ποιεῖν.

700 5064 864 5131 Ζήτει
895 5059 955 5112 τὸ
984 5054 1032 5128 η’
1068 5073 1194 5124 κεφ.
1238 5052 1349 5141 ’τοῦ
1383 5056 1434 5123 η’
1480 5051 1665 5107 τίτλου
1728 5050 1823 5103 τοῦ
1884 5054 2153 5123 παρόντος
2213 5060 2622 5131 συντάγματος,
2680 5060 2777 5112 καὶ
2846 5058 2942 5112 τὸν
2985 5057 3036 5130 η’
3079 5060 3285 5115 κανόνα
3330 5062 3429 5133 τῆς
3461 5063 3522 5116 ἐν
3593 5063 3677 5135 τῷ
3726 5068 4013 5139 Tyro-.31).?

701 5180 731 5216 σ
737 5180 764 5211 υ
774 5173 922 5210 ’ΜΟου
932 5195 945 5207 .

779 5247 1207 5322 2962οΝΔΒ.
1224 5244 1298 5301 De
1312 5247 1537 5319 synodis
1561 5248 1612 5303 in
1631 5265 1961 5320 unaquaque
1986 5252 2273 5321 provincia

707 5342 1009 5415 quntaiinis
1030 5340 1380 5396 celebrandis
1404 5342 1556 5395 multi
1583 5358 1826 5399 canones
1846 5356 2092 5400 exstant.
2124 5345 2274 5401 Idem

704 5438 795 5494 hic
823 5450 1045 5507 quoque
1087 5434 1300 5499 statuit,
1361 5436 1708 5506 canonisque
1771 5437 1826 5503 in
1863 5449 2017 5491 sexta
2062 5441 2275 5509 synodo

701 5533 834 5587 editi
884 5531 1212 5593 iiieiniuit,a
1246 5545 1352 5599 qua
1407 5531 1648 5600 quidem,
1687 5542 1743 5586 ut
1790 5535 2064 5604 episcopis
2116 5536 2281 5590 itinc-

2460 5252 2708 5307 ΖΩΝΑΡ.
2742 5252 2878 5319 Περὶ
2928 5254 3019 5305 τοῦ
3048 5252 3298 5319 γίνεσθαι
3336 5253 3592 5318 συνόδους
3632 5257 3691 5308 ἐν
3722 5261 3862 5320 ταῖς
3903 5262 4011 5314 ἐπ-

2386 5346 2606 5416 αρχίαις
2634 5344 2758 5397 καθ’
2789 5345 3020 5398 ἕκαστον
3048 5345 3166 5407 Ero,
3202 5347 3453 5418 διάφοροι
3487 5348 3710 5412 κανόνες
3747 5350 4009 5425 Gula;-

2390 5438 2643 5503 δάνουσι,
2688 5438 2784 5490 καὶ
2813 5441 2841 5490 ό
2873 5437 3066 5509 παρὼν
3109 5439 3167 5491 δέ
3199 5431 3377 5506 οὗτος,
3422 5441 3516 5493 καὶ
3547 5443 3849 5511 μέμνηται
3912 5449 4009 5500 τοῦ

2387 5529 2613 5593 κανόνος
2637 5531 2735 5600 τῆς
2763 5530 2933 5596 ἕκτης
2962 5531 3210 5598 συνόδου,
3245 5531 3366 5601 ἦτις
3397 5532 3544 5597 ἅπαξ
3581 5533 3679 5586 τοῦ
3719 5536 4005 5594 ἐνιαυτοῦ

706 5641 825 5679 rum
871 5624 1134 5675 molestia:
1170 5623 1602 5703 vexationesque
1661 5623 2065 5691 minuerentur,
2111 5629 2280 5682 semel

2386 5622 2755 5677 Βιετυπώσατο
2795 5624 3043 5692 γίνεσθαι
3096 5626 3194 5688 τὰς
3246 5625 3498 5690 συνόδους
3539 5629 3600 5679 ἐν
3630 5630 3762 5693 ταῖς
3798 5632 3997 5704 ἐπαρ-

702 5720 755 5769 iii
815 5731 959 5768 anno
994 5715 1267 5784 synodum
1318 5715 1370 5766 in
1438 5715 1674 5786 singulis
1721 5717 2035 5785 provinciis
2088 5721 2275 5775 μους-τί

703 5811 984 5860 decretum
1025 5814 1128 5871 est,
1153 5821 1217 5858 ac
1277 5806 1651 5874 antiquiorem
1699 5808 1766 5862 de
1828 5812 2109 5880 synodicis
2143 5828 2275 5866 cou-

702 5899 949 5954 rentibus
974 5898 1317 5953 celebrandis
1354 5899 1807 5957 constitutionem
1836 5904 2092 5959 restituit.
2114 5904 2269 5972 Quod

2380 5716 2549 5785 χίαις,
2601 5718 2691 5770 ἵνα
2726 5719 2801 5785 μὴ
2857 5717 3059 5785 πολλὴν
3091 5718 3317 5788 ὄχλησιν
3362 5719 3461 5771 καὶ
3503 5724 3888 5791 καινοτομίαν
3951 5731 4009 5782 ἐν

2375 5810 2494 5872 ni;
2527 5809 2863 5880 ὁδοιπορίαις
2894 5813 2942 5864 οἱ
2971 5812 3263 5866 ἐπίσκοποι
3288 5812 3484 5884 Exorat;
3504 5817 3597 5868 καὶ
3628 5817 3880 5875 ἀνανεοῐ
3900 5822 4006 5893 τὴν

2375 5901 2507 5971 περὶ
2536 5901 2646 5954 τῶν
2678 5904 3319 5988 συνὸδωνυπαὶαιοτέραν
3346 5906 3618 5974 διάταξιν.
3663 5910 3785 5962 Καὶ
3820 5920 3877 5966 εἰ
3906 5920 4004 5985 ἀρ-

697 5992 742 6048 il
807 5990 1163 6060 magistratus
1203 5988 1403 6059 aliquis
1462 5990 1674 6061 synodo
1738 5992 1997 6062 cogendae
2062 5993 2267 6062 obstet,

2386 6012 2482 6066 (ων
2516 5994 2773 6064 κωλύσει,
2790 5998 2944 6069 φησὶ,
2965 5998 3022 6052 τὸ
3040 5998 3289 6069 γίνεσθαι
3305 5997 3544 6070 σύνοδον,
3569 6001 3961 6073 ἁφοριζέσθιιι
3983 6027 4000 6045 ·
