4218 6458
197 455 295 518 909

1112 458 1193 517 IN
1228 459 1396 516 CAN.
1440 457 1549 518 VII
1580 458 1784 517 C(iNtI.
1827 457 1932 518 \Il
1972 458 2323 516 (ECUMEN.

3331 456 3436 524 910

190 566 274 618 καὶ
305 566 427 628 τοὺς
468 568 805 638 ἀμελοῦντας
836 569 930 623 τοῦ
965 570 1291 640 πράγματος
1326 575 1727 643 μητροπολίτας

1787 582 1828 637 Α
1860 576 2157 642 segregari.
2197 584 2252 626 et
2285 574 2752 642 metropolitanos,
2777 572 2868 644 qui
2896 588 3016 628 eam
3057 572 3202 626 nulla
3236 587 3430 628 neces-

189 660 230 709 εί
278 658 348 726 μὴ
386 660 602 728 ἀνάγκη
643 677 728 723 τις
781 662 1130 733 μεσολαϐήσῃ
1162 664 1254 714 καὶ
1296 664 1407 732 βία,
1449 666 1750 723 κανονικοῖς

193 749 477 801 ὑποϐάλλει
516 752 838 821 ἐπιτιμίοις.
875 754 1002 805 Ὅτε
1033 754 1086 806 δέ
1116 758 1341 822 γένηται
1373 755 1587 818 σύνοδος
1623 758 1751 824 περὶ

190 843 476 893 κανονικῶν
525 846 618 895 καὶ
667 846 1044 913 εύαγγελικὼν
1077 849 1412 918 πραγμάτων
1439 889 1454 910 ,
1503 850 1581 900 δεῖ
1626 851 1751 910 τους

190 935 503 996 ἐπισκόπους
530 937 855 1005 φροντίζειν,
884 940 930 990 εὶ
959 940 1320 1007 ςυλασσονται
1346 941 1401 993 αἱ
1431 941 1568 992 θεῖαι
1600 942 1749 992 ἐντο-

188 1025 288 1075 λαί.
314 1026 590 1080 Κανονικά
625 1030 724 1094 μὲν
765 1026 858 1082 οὖν
897 1034 1197 1100 πράγματα
1221 1029 1330 1083 εἶεν
1362 1032 1428 1084 ἂν
1456 1033 1507 1083 οἱ
1556 1035 1749 1102 ἀφορι-

187 1118 329 1185 σμοὶ,
355 1122 402 1171 εί
437 1119 661 1185 δικαίως
694 1125 933 1191 γίνονται
961 1125 1348 1195 σκοπούμενοι,
1381 1128 1429 1177 εί
1451 1125 1516 1177 δι’
1542 1126 1748 1178 οἰκονό-

187 1227 298 1278 μων
320 1213 489 1266 ὄντων
521 1217 585 1267 ἐκ
618 1217 726 1268 τῶν
761 1217 980 1288 κλήρων
1013 1219 1195 1271 αὐτῶν
1218 1219 1287 1270 τὰ
1313 1220 1419 1271 τῶν
1443 1218 1749 1289 ἐκκλησιῶν

183 1300 467 1355 διοικοῦσιν
499 1308 547 1357 οἱ
579 1308 888 1370 ἐπίσκοποι,
912 1311 1004 1360 καὶ
1036 1308 1262 1361 τοιαῦτὰ
1283 1325 1424 1370 τινα,
1458 1308 1554 1361 in!
1590 1309 1746 1359 κανὸ·

182 1410 265 1457 νες
295 1395 541 1462 γίνεσθαι
567 1399 964 1455 διατάττονται.
1003 1403 1346 1471 Εὑαγγελικὰ
1374 1403 1452 1464 δὲ,
1489 1401 1628 1455 ἃδιά
1655 1400 1746 1453 τοῦ

182 1488 506 1556 Εὑαγγελίου
538 1495 667 1563 ἡμῖν
698 1496 1106 1550 ἐπιτάττον-ται·
1149 1493 1260 1548 οἷόν
1293 1499 1405 1548 ἐστι
1453 1496 1514 1546 τὸ
1560 1494 1751 1564 βαπτί-

180 1583 287 1647 ζειν
305 1586 382 1648 εἰς
395 1586 566 1655 ὄνομα
588 1589 819 1658 Πατρὸς,
836 1591 928 1642 καὶ
952 1589 1102 1654 Υίοῦ,
1122 1589 1214 1642 καὶ
1238 1591 1392 1657 ἁγίου
1415 1587 1745 1656 Πνεῦματος,

184 1681 274 1726 καὶ
313 1677 372 1726 το
409 1679 484 1746 μὴ
518 1678 802 1732 ἐκϐάλλειν
833 1682 954 1738 τινὰ
980 1682 1080 1751 τὴν
1127 1684 1364 1748 γυναῖκα
1397 1678 1560 1733 αὑτοῦ
1591 1679 1748 1740 ἐκτὸς

179 1767 335 1835 λόγου
358 1773 636 1838 πορνείας,
669 1774 765 1826 καὶ
792 1773 926 1826 ἀλλα
950 1776 1192 1827 τοιαῦτα.
1224 1773 1408 1826 Ταῦτα
1434 1773 1538 1843 γὰρ
1568 1773 1748 1826 πάντα

180 1864 444 1931 ἠρεύνων,
490 1866 538 1916 εἰ
585 1869 642 1918 ἐν
678 1868 796 1929 ταῖς
825 1865 1032 1937 χώραις
1065 1869 1244 1920 αὐτῶν
1279 1866 1536 1935 ἐγίνοντο,
1570 1868 1616 1918 οί
1651 1868 1749 1936 ἀρ-

178 1959 379 2025 Χιερεῖς
413 1956 812 2028 ἀθροιζόμενοι,
851 1963 944 2012 καί
967 1961 1015 2013 εί
1044 1962 1183 2014 κατά
1209 1960 1307 2024 τὰς
1341 1961 1490 2024 θείας
1524 1961 1746 2024 ἐντολὰς

177 2047 384 2114 βιοῦσιν
420 2050 470 2101 oi
519 2050 820 2120 ἄνθρωποι.
881 2054 987 2104 Καὶ
1047 2054 1353 2123 μαρτυρίας
1403 2053 1685 2122 Γραδξικάς
1714 2053 1742 2105 6

174 2141 354 2194 κανὼν
383 2145 620 2212 παράγει
647 2146 708 2196 ἐκ
741 2161 800 2197 τε
832 2146 925 2199 τοῦ
947 2145 1225 2216 ψαλτῆρος
1249 2149 1339 2200 καὶ
1374 2147 1437 2198 ἐκ
1466 2145 1571 2198 τῶν
1596 2147 1743 2216 Παρ-

174 2239 392 2307 οιμιῶν.
425 2241 534 2292 Καὶ
580 2241 674 2292 ἐπὶ
701 2243 908 2304 τούτοις
948 2242 1301 2312 προστίθησιν
1329 2242 1410 2294 ὃτι
1439 2242 1742 2309 συναγομέ-

171 2346 279 2379 νων
310 2329 420 2381 τῶν
457 2331 768 2384 ἐπισκόπων
790 2332 918 2385 ἔνθα
947 2334 975 2384 6
1008 2333 1408 2402 μητρ-νπολίτης
1430 2335 1527 2402 τῆς
1571 2336 1741 2402 ἐπαρ-

168 2417 292 2486 χίας
327 2420 502 2489 ὀρίσει
534 2423 674 2474 κατὰ
712 2423 805 2475 τὸν
845 2427 1064 2490 κανόνα,
1098 2426 1194 2494 οὐχ
1212 2426 1323 2491 ἐξει
1354 2428 1380 2479 6
1412 2427 1742 2497 μητροπολί-

167 2531 269 2582 της
319 2515 568 2579 ἐξουσίαν
619 2518 876 2571 ἀπαιτεῖν
926 2538 976 2571 τι
1027 2522 1084 2584 ἐξ
1125 2517 1324 2583 αὐτῶν,
1357 2519 1482 2572 οὔτε
1523 2521 1742 2586 κτῆνος,

170 2603 339 2656 ἵππον
370 2607 534 2675 τυχὸν
566 2607 598 2678 ἢ
635 2608 882 2678 ἡμίονον,
920 2609 1046 2664 οῦτε
1089 2630 1140 2665 τι
1181 2612 1369 2682 ἕτερον
1401 2608 1562 2674 εἶδος.
1595 2613 1655 2663 Εί
1686 2611 1742 2663 δὲ

165 2697 264 2747 καὶ
301 2699 615 2768 ἀπαιτήσας
646 2699 741 2753 καὶ
769 2701 950 2754 λαϐὼν
971 2720 1024 2755 τι
1056 2703 1364 2774 ἐλεγχθείη,
1391 2703 1661 2757 ἀποδώσει
1685 2705 1743 2754 τὸ

161 2792 534 2860 τετραπλοῦν.

1861 675 2005 722 saria
2026 688 2197 723 causa
2230 670 2630 723 interveniente
2669 667 2928 737 nullaque
2981 668 3030 720 vi
3065 668 3242 722 coacti
3294 682 3432 735 prae-

1860 764 2217 824 termiserint,
2238 763 2520 817 canonicis
2548 762 2726 831 paruis
2745 763 2913 815 teneri
2938 760 3111 830 jubet.
3134 760 3190 814 In
3218 761 3432 831 synodo

1862 873 2023 926 porro
2052 858 2119 910 de
2154 857 2436 910 canonicis
2465 855 2910 926 evangelicisque
2937 855 3163 924 negotiis
3219 853 3428 915 habim,

1860 964 1926 1002 an
1954 948 2137 1001 divina
2159 959 2428 1017 pnecepta
2461 957 2774 1012 serventur,
2805 946 3052 1000 studiose
3101 947 3169 1001 ab
3208 947 3431 1016 episco-

1860 1042 1944 1108 pis
2014 1041 2426 1109 inquirendum.
2465 1042 2542 1094 Ac
2599 1040 2815 1110 negotia
2873 1039 3096 1109 quidem
3163 1042 3429 1094 canonica

1859 1145 1985 1188 sunt
2011 1137 2240 1203 exempli
2273 1150 2477 1188 causa:
2506 1150 2574 1188 an
2605 1133 3153 1206 segregationesjure
3181 1133 3429 1200 irrogan-

1861 1239 1981 1289 tur;
2012 1244 2078 1280 an
2115 1244 2206 1294 per
2238 1243 2559 1283 (BCOIIOIIIOS
2584 1244 2649 1282 ex
2713 1228 3154 1296 uniuscujusque
3183 1225 3424 1292 ipsorum

1860 1321 2008 1373 clero
2041 1319 2289 1375 delectos
2330 1322 2692 1376 ecclesiarum
2725 1319 2866 1374 bona
2897 1326 2964 1373 ab
3011 1318 3289 1388 episcopis
3335 1315 3427 1365 ad-

1861 1415 2269 1475 ministrentur,
2306 1417 2521 1483 aliaque
2573 1414 2890 1482 bujusmodi
2933 1413 3168 1468 canonis
3221 1412 3426 1463 emisti-

1861 1507 2165 1561 tntionibus
2205 1508 2432 1562 detinita
2468 1519 2784 1574 serventur,
2857 1506 3214 1574 investigare.
3251 1503 3427 1555 Evan-

1857 1598 2029 1667 gelica
2059 1615 2187 1653 vero
2209 1615 2270 1653 ea
2304 1609 2434 1654 sunt
2456 1616 2578 1668 quae
2603 1600 2759 1655 nobis
2806 1601 2862 1654 in
2893 1596 3199 1668 Evangelio
3227 1596 3424 1665 pt’aaci-

1859 1692 2113 1759 piuntur;
2144 1693 2302 1760 quale
2331 1705 2414 1747 est
2445 1691 2602 1758 illud,
2635 1702 2692 1746 ut
2745 1694 2801 1747 in
2864 1693 3091 1747 nomine
3153 1689 3327 1743 Patris
3374 1698 3423 1743 el

1859 1784 1977 1839 Filii
2002 1797 2057 1840 et
2081 1785 2323 1856 Spiritus
2353 1788 2529 1841 sancti
2563 1787 2866 1864 baptismus
2893 1785 3350 1846 administretur;
3375 1792 3422 1835 et

1859 1894 1924 1931 ne
1954 1879 2079 1946 quis
2118 1894 2346 1931 uxorem
2395 1895 2549 1934 suam
2584 1879 2795 1948 ejiciat,
2831 1885 3060 1945 excepta
3115 1887 3284 1929 causa
3315 1872 3420 1926 for-

1779 1961 1821 2018 Β
1855 1969 2150 2022 nicationis
2176 1984 2189 2031 ;
2227 1982 2291 2021 ac
2318 1965 2440 2037 ejus
2470 1970 2687 2038 generis
2724 1970 2850 2022 alia.
2890 1968 3018 2022 Hzec
3041 1970 3185 2023 enim
3213 1970 3422 2032 omnia,

1852 2076 1920 2112 an
1957 2063 2010 2113 in
2038 2062 2300 2130 subjectis
2319 2063 2522 2130 cuique
2548 2061 2864 2129 regionibus
2916 2062 2992 2116 ita
3037 2061 3251 2122 ﬁerent,
3298 2061 3420 2131 epi-

1852 2155 2004 2225 scopi
2047 2158 2445 2210 convenientes
2510 2157 2901 2226 inquirebant;
2938 2171 2991 2210 et
3036 2172 3104 2210 an
3137 2158 3297 2225 juxta
3337 2157 3418 2208 di-

1854 2254 1975 2303 vina
2036 2250 2292 2303 mandata
2348 2250 2602 2305 homines
2659 2254 2826 2306 vitam
2888 2251 3248 2305 instituerint.
3286 2250 3418 2304 IIinc

1851 2343 2168 2396 testimonia
2213 2357 2434 2412 quoque
2481 2357 2661 2396 canon
2715 2359 2778 2397 ex
2839 2341 3183 2396 Psalmorum
3241 2352 3295 2398 et
3354 2359 3418 2398 ex

1848 2434 2272 2489 Proverbiorum
2299 2435 2455 2489 libris
2485 2435 2728 2488 adducit.
2755 2436 2833 2490 Ad
2871 2438 3004 2498 haec,
3036 2453 3105 2490 ne
3146 2447 3398 2505 mctropo

1846 2529 2020 2581 litano
2059 2527 2243 2589 liceat,
2269 2527 2546 2596 episcopis
2601 2543 2670 2582 ex
2715 2520 2948 2582 canonis
3007 2530 3329 2597 praescripto
3365 2531 3418 2582 in

1845 2634 1971 2673 eum
1997 2618 2176 2672 locum
2227 2633 2388 2686 quem
2437 2617 2556 2687 ipse
2603 2617 2865 2687 delegerit
2897 2620 3272 2690 congregatis,
3321 2621 3391 2673 ali

1840 2710 1983 2780 ‘qnid
2020 2725 2088 2764 ex
2125 2709 2366 2778 ipsorum
2406 2712 2594 2774 rebus,
2651 2723 2754 2763 nec
2807 2710 3116 2778 jumentum
3145 2751 3159 2774 ,
3217 2728 3416 2778 equum

1763 2818 1772 2821 "
1851 2803 1992 2858 forte
2025 2806 2372 2866 auttnulunl,
2399 2818 2498 2857 nec
2545 2803 2696 2856 aliud
2750 2801 3032 2872 quidpiam
3091 2804 3197 2858 sibi
3242 2803 3388 2868 vindi

162 2900 319 2949 care,
358 2887 628 2944 decernit.
661 2889 813 2954 Ouod
845 2890 890 2945 si
920 2906 1032 2946 rem
1061 2892 1297 2960 aliquam
1353 2892 1422 2946 ab
1459 2907 1523 2946 eo
1553 2893 1876 2949 vindicatam
1941 2912 2105 2966 atque
2161 2897 2396 2950 ablatam
2465 2911 2588 2949 esse
2663 2897 2949 2965 probatum
3038 2896 3222 2962 fuerit,
3278 2912 3412 2966 qua-

157 2979 418 3047 druplum
447 2982 658 3036 reddet.

165 3070 394 3128 ΑΡΙΣΤ.
431 3090 450 3123 ι
499 3074 655 3127 Ἐπεὶ
698 3075 772 3146 μὴ
817 3077 1044 3130 δυνατὸν
1071 3077 1214 3130 κατά
1256 3078 1317 3129 τὸ
1355 3076 1520 3129 πάλαι
1567 3077 1726 3143 δόξαν

236 3181 256 3213 ι
302 3163 384 3226 δὶς
444 3163 538 3216 τοῦ
581 3164 733 3231 ἔτους
775 3167 1023 3235 γίνεσθαι
1051 3169 1286 3234 σύνοδον,
1320 3169 1554 3236 γινέσθω
1588 3168 1736 3233 ἅπαξ

235 3276 256 3308 ‹
307 3257 449 3309 κατά
480 3261 541 3310 τὸ
571 3259 732 3325 δόξαν
761 3265 828 3329 τῇ
857 3262 1014 3335 ἕκτῃ.
1054 3263 1164 3315 Καὶ
1198 3266 1225 3316 6
1253 3263 1505 3325 κωλύσας
1550 3265 1736 3334 ἄρχων

234 3369 254 3402 ι
303 3351 652 3422 ἀφοριζέσθω
680 3369 696 3384 ο
725 3354 821 3406 καὶ
853 3356 880 3406 6
905 3355 1187 3426 ἀμελήσας
1235 3358 1535 3418 ἐπίσκοπος
1566 3358 1736 3411 ἐπιτι-

239 3463 258 3494 ε
312 3444 529 3514 μάσθω.
555 3445 666 3514 Τῆς
695 3447 913 3499 συνόδου
941 3448 997 3500 δὲ
1031 3449 1346 3519 γινομένης,
1379 3450 1537 3520 εἴπερ
1567 3452 1594 3502 ὀ
1626 3468 1699 3520 μη
1719 3481 1735 3494 ο

233 3558 252 3588 ι
305 3538 634 3608 τροπολίτης
680 3538 947 3608 ἀφέληταί
990 3558 1042 3592 τι
1093 3542 1200 3595 τῶν
1256 3542 1352 3594 τοῦ
1405 3543 1730 3606 ἐπισκόπου,

230 3648 251 3681 ‹
301 3631 552 3683 ἀποτίσει
583 3629 1002 3700 τετραπλάσιον.
1045 3652 1064 3683 ι

223 3809 456 3863 Βεϐαιοί
480 3811 575 3864 καὶ
598 3810 738 3882 αῦτη
770 3813 801 3881 ἡ
839 3812 1054 3876 σύνοδος
1091 3813 1152 3866 τὸ
1183 3813 1332 3878 ἅπαξ
1358 3814 1453 3867 τοῦ
1485 3816 1731 3870 ἐνιαυτοῦ

133 3902 404 3970 γίνεσθαι
455 3903 672 3956 σύνοδον
715 3905 774 3956 ἐν
821 3906 1030 3977 ἑκάστῃ
1075 3909 1349 3978 ἐπαρχίᾳο
1382 3915 1475 3960 καὶ
1516 3909 1607 3960 τὸν
1634 3910 1732 3979 μὲν

131 3995 302 4048 κατά
347 3997 530 4065 χώραν
575 3996 836 4066 ἄρχοντα,
888 3999 936 4050 εί
981 3998 1179 4069 εὑρεθῇ
1227 3999 1450 4052 κωλύων
1490 4001 1586 4070 τὴν
1623 4003 1731 4054 τῶν

129 4091 474 4142 ἐπισκόπων
506 4091 839 4153 συνέλευσιν,
872 4091 970 4160 τὴν
1004 4092 1092 4144 διὰ
1128 4093 1388 4146 κανονικά
1433 4097 1524 4146 καὶ
1568 4096 1729 4162 εὐαγ-

123 4181 348 4251 γελικά
378 4183 681 4254 πράγματα
708 4186 1024 4254 γινομένην,
1048 4186 1317 4254 ἀφορίζει·
1339 4188 1430 4240 τὸν
1454 4189 1508 4241 δὲ
1533 4207 1733 4258 μητρο-

123 4274 381 4344 ττολίτην
403 4277 493 4328 τὸν
549 4275 861 4345 ἀμελοῦντα
904 4277 1062 4330 τοῦτο
1112 4279 1364 4345 γενέσθαι
1404 4281 1531 4334 ἀνευ
1587 4283 1730 4343 τινὸς

123 4369 404 4439 ἀνάγκης
458 4371 548 4422 καὶ
596 4370 741 4440 βίας,
794 4376 1100 4434 κανονικοίς
1149 4375 1453 4453 ἐπιτιμίοις
1497 4375 1730 4427 καθυπο-

1845 3074 2076 3131 ARIST.
2157 3095 2175 3128 ι
2217 3076 2670 3147 Quandoquidem
2729 3093 2837 3132 non
2894 3088 2976 3133 est
3033 3080 3318 3149 possibile,
3354 3090 3413 3140 ut

1920 3191 1937 3221 ι
1975 3170 2238 3240 synodus,
2294 3170 2448 3238 juxta
2501 3170 2782 3225 decretmn
2848 3170 2981 3225 olim
3031 3173 3280 3233 editum,
3329 3173 3413 3226 bis

1915 3280 1933 3310 ι
1967 3262 2267 3329 quotannis
2285 3261 2614 3324 celebretur,
2644 3262 2836 3325 semel,
2873 3263 2949 3317 uti
2999 3272 3168 3318 sexta:
3203 3265 3413 3335 synodo

1919 3373 1935 3401 σ
1974 3355 2147 3405 visum
2177 3361 2281 3416 est,
2325 3353 2610 3406 habeatur.
2651 3353 2715 3404 Et
2755 3356 3135 3420 magistratus,
3187 3358 3278 3424 qui
3310 3355 3412 3410 hoc

1923 3459 1937 3489 ι
1973 3439 2338 3509 prohibuerit,
2372 3450 2722 3509 segregetur:
2764 3449 2818 3494 et
2858 3443 3172 3511 episcopus,
3212 3443 3304 3512 qni
3358 3445 3410 3495 id

1916 3552 1934 3583 ι
1973 3533 2087 3586 tieri
2120 3535 2352 3600 curavit,
2388 3534 2561 3602 pinnis
2585 3532 2934 3602 subjiciatur.
2980 3525 3175 3589 Habita
3225 3543 3407 3592 autent

1913 3645 1930 3675 ι
1965 3627 2200 3696 synodo,
2248 3628 2291 3680 si
2344 3627 2798 3694 tnett'Opolitanns
2828 3627 3115 3696 quidpiam
3146 3641 3174 3679 a
3215 3631 3409 3696 quasi:

1915 3739 1932 3771 ι
1972 3728 2234 3790 episcopo
2258 3720 2571 3783 abstulerit,
2613 3722 2981 3788 «pradruplum
3019 3721 3232 3775 reddet.
3272 3741 3289 3772 ι

1901 3813 1966 3868 Εῑ
2005 3815 2119 3867 haec
2160 3816 2403 3884 synodus
2437 3814 2570 3867 illud
2635 3816 2942 3878 conﬁrmat,
2992 3830 3186 3883 nempe
3237 3816 3407 3868 semel

1834 3906 2130 3975 quotannis
2165 3908 2216 3958 in
2273 3921 2600 3974 unaquaque
2655 3906 2937 3974 provincia
2995 3908 3182 3960 haberi
3235 3925 3401 3977 syno-

1833 3998 1999 4052 dum:
2044 4012 2169 4050 eum
2204 4007 2388 4051 autem
2416 3999 2508 4064 qui
2546 3998 2758 4066 regioni
2813 4009 3035 4067 praeest,
3099 4001 3144 4052 si
3190 4004 3404 4067 cpisco-

1833 4108 2024 4163 porum
2063 4100 2392 4145 conventum
2417 4098 2640 4158 propter
2667 4090 2932 4143 canonica
2968 4101 3022 4143 et
3081 4092 3398 4160 evangelica

1832 4185 2035 4238 factum
2066 4184 2280 4253 negotia
2318 4180 2594 4250 prohiberi
2622 4179 3093 4249 deprehendatur,
3121 4196 3395 4251 segregat,

1832 4276 2314 4345 metropolitanum
2368 4285 2574 4334 autem,
2636 4275 2728 4342 qui
2771 4287 2960 4325 curam
3009 4289 3116 4331 non
3163 4276 3305 4343 gerit
3343 4290 3401 4332 ut

1832 4369 1932 4422 hoc
1963 4369 2076 4431 liat,
2109 4369 2227 4421 sine
2292 4365 2618 4420 necessitate
2668 4365 2853 4434 aliqua
2889 4377 2943 4420 et
2985 4368 3270 4432 violentia,
3305 4388 3396 4422 cn-

118 4463 363 4517 6άλλει.
397 4464 732 4534 Προστάττει
778 4465 837 4518 δὲ
883 4467 980 4518 καὶ
1023 4467 1085 4517 τὸ
1143 4466 1218 4536 μὴ
1256 4467 1400 4536 ἔχειν
1426 4467 1608 4521 ἄδειαν
1637 4471 1729 4521 τὸν

1809 4462 2042 4562 κ(ιοιιὶοἰει
2069 4461 2248 4531 pcenis
2283 4458 2524 4527 subjicit.
2559 4456 2624 4510 Et
2648 4458 2803 4526 jubet
2837 4470 3046 4521 autem,
3099 4476 3206 4514 non
3239 4464 3402 4517 licere

113 4557 566 4627 μητροπολίτην
601 4557 956 4628 ἀφαιρεῖσθαί
996 4575 1049 4609 τι
1077 4551 1152 4611 ὧν
1182 4561 1230 4611 οἱ
1265 4561 1556 4613 ἐπίσκοποι
1603 4563 1726 4614 ἐπι-

1831 4550 2252 4621 metropolitano
2281 4551 2485 4620 aliquid
2529 4566 2592 4604 ex
2629 4550 2718 4614 iis,
2748 4567 2870 4618 qum
2921 4553 3162 4620 episcopi
3212 4569 3397 4607 secum

108 4648 412 4718 φέρονται
444 4651 565 4718 μεθ’
618 4651 853 4717 ἑαυτῶν,
887 4652 919 4723 ἢ
953 4653 1150 4721 κτῆνος
1181 4653 1212 4722 ἢ
1245 4651 1435 4722 ἕτερον
1463 4648 1623 4717 εἶδος.
1666 4653 1726 4706 Εἰ

1771 4668 1804 4722 ι)
1831 4645 2137 4707 attulerint,
2157 4651 2214 4697 ut
2240 4643 2554 4712 jumentum
2594 4641 2676 4696 vel
2700 4641 2907 4711 aliquid
2936 4643 3111 4706 aliud,
3158 4645 3395 4698 auferre.

95 4744 194 4795 δὲ
249 4742 484 4813 ἐλεγχθῇ
535 4744 868 4812 ἀφελόμενός
908 4761 961 4797 τι
1012 4742 1311 4811 ἐξαύτῶν,
1368 4745 1724 4800 ἀπαιτεῖσθαι

85 4832 308 4886 τοῦτο
333 4839 413 4896 είς
444 4835 503 4887 τὸ
532 4836 949 4904 τετραπλάσιον.

765 4929 1004 4983 ΚΑΝΩΝ
1031 4931 1104 4985 Ζ’.

89 5042 136 5076 α
204 5019 367 5089 Ἔφη
401 5020 608 5083 Παῦλος
631 5023 657 5074 ὁ
682 5021 821 5085 θεῖος
849 5023 1164 5086 ἀπόστολος
1202 5042 1219 5074 ι
1259 5025 1433 5077 Τινῶν
1461 5026 1726 5097 ἁμαρτίαι

209 5133 230 5164 ι
293 5105 599 5182 ἀνθρώπων
623 5116 878 5186 πρόδηλοί
906 5119 1011 5168 εἱσι
1034 5132 1045 5144 ⁸
1080 5118 1191 5170 τισὶ
1209 5121 1265 5170 δὲ
1295 5120 1390 5171 καὶ⁵
1417 5119 1719 5172 ἐπακολου-

207 5227 229 5258 ι
295 5208 502 5262 θοῦσιν.
551 5210 864 5281 ’Δμαρτιὼν
912 5214 1019 5282 γὰρ
1047 5212 1720 5282 προκαταλαμϐανόυσὼν,

203 5322 225 5349 ι
281 5303 377 5352 καὶ
406 5301 592 5371 ’ἐτεραι
621 5303 888 5372 ἁμαρτίαι
925 5306 1150 5359 ἕπονται
1177 5305 1426 5368 ταύταις.
1466 5326 1484 5356 ι
1523 5307 1600 5375 Τῇ
1628 5305 1721 5359 οὖν

205 5411 226 5440 ι
289 5392 478 5442 ἀσεϐεῖ
533 5393 743 5462 αἱρέσει
804 5395 912 5446 τῶν
961 5395 1582 5467 Χριστιανοκατηγὸρων
1629 5399 1722 5451 καὶ

202 5503 225 5534 ‹
282 5483 418 5537 ἄλλα
462 5485 788 5555 ἀσεϐήματα
838 5491 1334 5557 συνηκολούθησαν.
1372 5492 1580 5560 ’Ὠσπερ
1611 5495 1718 5562 γὰρ

205 5591 226 5623 ‹
287 5571 388 5642 τὴν
416 5573 524 5625 τῶν
549 5576 764 5627 σεπτών
794 5577 1018 5629 εἰκόνων
1056 5580 1337 5647 ἀφείλοντο
1365 5581 1486 5651 ὄψιν
1524 5585 1587 5634 ἐκ
1621 5585 1720 5650 τῆς

204 5686 226 5716 ι
299 5665 646 5735 Ἐκκλησίας,
695 5671 788 5720 καὶ
819 5669 984 5739 ἕτερά
1020 5689 1146 5725 τινα
1182 5674 1277 5742 ἔθη
1315 5674 1717 5744 παραλελοίπα-

200 5779 223 5810 ‹
287 5776 394 5820 σιν,
419 5758 454 5811 ἀ
481 5761 584 5829 χρὴ
614 5763 1011 5832 ἀνανεωθῆναι,
1042 5766 1133 5818 καὶ
1159 5769 1296 5819 κατά
1320 5768 1417 5836 τὴν
1443 5767 1716 5836 ἔγγραφον

199 5872 222 5904 ι
279 5852 376 5904 καὶ
423 5852 669 5923 ἄγραφον
702 5854 1064 5925 θεσμοθεσίαν
1107 5859 1249 5913 οὕτω
1280 5863 1521 5930 κρατεῖν.
1557 5861 1710 5913 Ὀσοι

211 5995 268 6027 ⁸³
309 5991 598 6052 Ιτιωοιίι.
636 6013 692 6055 v.
723 5998 812 6053 2-3.

1831 4737 1888 4790 Si
1927 4745 2110 4790 autem
2141 4735 2517 4804 deprehensus
2543 4733 2708 4788 fuerit
2741 4733 2946 4802 aliquid
2985 4751 3050 4788 ex
3092 4737 3171 4791 eis
3205 4737 3398 4790 abstn-

1830 4829 1979 4893 Iisse,
2021 4827 2153 4882 illud
2192 4829 2258 4881 ad
2297 4827 2664 4897 quadruplum
2698 4827 2949 4894 exigetur

2418 4918 2647 4974 CANON
2689 4917 2802 4973 VII.

1836 5039 1855 5071 ι
1893 5019 2036 5074 Dixit
2089 5014 2292 5070 Paulus
2334 5015 2556 5068 divinus
2597 5012 2887 5082 apostolus
2922 5027 2937 5064 :
2973 5029 2993 5061 ι
3019 5010 3399 5077 Quorumdam

1899 5109 2245 5163 (hominum
2283 5115 2509 5175 peccata
2536 5113 2663 5158 ante
2715 5102 3004 5157 manifesta
3058 5113 3224 5158 sunt:
3259 5120 3400 5172 quo-

1898 5223 1916 5256 ι
1949 5203 2199 5258 rumdam
2232 5217 2362 5255 vero
2388 5200 2552 5255 etiam
2600 5198 3016 5268 subsequuntur
3039 5197 3105 5254 ⁸³.
3130 5217 3149 5249 ι
3186 5197 3398 5253 Pnccc-

1902 5317 1919 5349 ι
1958 5296 2214 5350 dentibus
2243 5293 2390 5348 enim
2439 5293 2699 5360 peccatis,
2759 5290 2865 5343 alia
2920 5305 3140 5360 quoque
3199 5306 3262 5344 ea
3310 5307 3396 5347 se~

1905 5411 1922 5442 ι
1959 5400 2225 5459 quuntur.
2299 5388 2526 5456 lmpiam
2574 5399 2706 5454 ergo
2763 5399 2954 5438 eorum
3019 5387 3247 5444 sectam,
3302 5387 3394 5451 qui

1903 5503 1918 5534 ι
1953 5479 2300 5537 ChristiunOS
2339 5487 2624 5538 accusant,
2686 5477 2789 5529 alia
2817 5491 3037 5544 quoque
3072 5475 3234 5544 impia
3263 5489 3397 5527 con-

1911 5585 2153 5630 csecuta
2222 5581 2371 5626 sunt.
2453 5568 2926 5634 Quemadmodum
3002 5567 3396 5620 veneiabilinm

1901 5690 1918 5721 ι
1958 5669 2254 5738 imaginum
2289 5675 2578 5735 aspectum
2613 5678 2679 5716 ex
2734 5661 2967 5715 ecclesia
3025 5661 3390 5721 sustulerunt.

1903 5782 1920 5813 ι
1962 5762 2097 5818 alias
2129 5774 2352 5829 quoque
2385 5754 2816 5811 consuetudines
2850 5753 3209 5823 reliquerunt,
3254 5769 3394 5821 quas

1905 5876 1923 5908 ι
1961 5856 2182 5928 quidem
2216 5860 2430 5922 oportet
2452 5847 2727 5906 renovari.
2759 5855 2812 5902 et
2843 5858 2952 5901 tam
2981 5863 3046 5902 ex
3081 5847 3203 5918 jure
3252 5845 3394 5903 scri-
