4218 6458
718 464 824 533 9H

792 700 809 730 ο
847 696 953 748 qne
980 692 1112 746 ergo
1143 674 1342 744 templa
1372 688 1693 729 consecrata
1728 686 1853 729 sunt
1893 675 2104 744 absque
2151 690 2288 729 san-

790 790 806 822 ι
840 771 941 824 ctis
975 767 1199 837 reliquis
1249 778 1574 838 martyrum,
1616 768 1669 820 in
1727 768 1796 821 iis
1834 768 1947 821 ﬁeri
1994 760 2291 823 statuimus

791 884 808 916 ι
848 863 1203 931 reliquiarum
1237 862 1640 932 depositionem
1671 877 1795 915 cum
1832 864 2123 916 consuetis
2158 876 2282 932 pre-

794 976 811 1006 ι
850 958 1027 1011 cibus.
1099 954 1202 1021 Qui
1237 966 1417 1008 autem
1485 955 1748 1023 templum
1817 964 2108 1009 consecrat
2170 958 2292 1008 sine

794 1068 813 1100 ι
848 1050 1058 1105 sanctis
1090 1049 1358 1117 reliquiis,
1394 1048 1719 1116 deponatur,
1769 1056 1827 1099 ut
1870 1047 1963 1117 qui
2030 1048 2293 1103 ecclesia-

786 1163 803 1196 s
844 1145 1012 1197 sticas
1041 1141 1371 1195 traditiones
1399 1148 1751 1209 trangressus
1771 1142 1863 1197 sit.
1904 1159 1923 1193 ι

792 1238 989 1292 BALS.
1030 1235 1145 1291 Mos
1188 1244 1307 1291 erat
1366 1234 1777 1289 ecclesiasticus
1847 1233 2037 1288 divina
2090 1236 2290 1304 templa

724 1350 819 1404 per
848 1342 1066 1389 sanctas
1097 1340 1400 1401 martyrum
1434 1330 1695 1396 reliquias
1732 1343 2084 1385 consecrare.
2136 1330 2293 1383 Chri-

725 1430 1029 1483 stianorum
1094 1432 1279 1478 autem
1337 1433 1731 1486 accusatores,
1809 1439 1905 1477 seu
1992 1424 2292 1491 imaginum

727 1523 920 1575 hostes
951 1522 1375 1586 exttstbresque,
1399 1516 1492 1585 qui
1527 1516 1925 1570 venerabilium
1981 1524 2038 1570 et
2072 1523 2295 1571 sancta-

724 1629 843 1668 rum
891 1610 1186 1682 imaginum
1240 1611 1479 1664 cultores
1539 1609 1701 1680 297
1787 1610 2110 1665 idololatras
2170 1626 2296 1666 esse

725 1707 936 1773 dicunt,
971 1706 1111 1760 ultra
1140 1717 1331 1758 eorum
1369 1702 1608 1757 haeresin
1660 1708 1714 1755 ct
1777 1702 2046 1757 adversus
2097 1702 2289 1756 ortho-

727 1803 901 1853 doxos
945 1796 1239 1861 insaniam,
1278 1794 1588 1850 veneranda
1635 1807 1857 1863 quoque
1915 1794 2118 1864 templa
2173 1797 2294 1850 sine

728 1890 932 1945 sanctis
958 1889 1214 1957 reliquiis
1246 1894 1664 1955 consecrarunt,
1698 1885 1896 1941 Dicunt
1922 1902 2053 1957 ergo
2079 1886 2293 1953 Patres,

725 1981 868 2053 quod
913 1982 1147 2034 humana
1181 1989 1406 2049 peccata
1467 1980 1572 2032 alia
1621 1994 1839 2048 quoque
1874 1992 2095 2049 peccata
2153 1995 2293 2034 con-

727 2058 1060 2141 sequuntur,
1100 2079 1157 2122 ut
1186 2068 1318 2122 dicit
1376 2083 1605 2137 rnagnus
1643 2071 1922 2137 apostolus
1970 2068 2190 2128 Paulus.
2233 2071 2297 2124 Et

1954 465 2232 523 TiiE’JD.
2263 465 2664 524 BALSAMON

796 602 813 635 ι
856 593 950 654 pto
976 596 1137 654 quam
1161 597 1271 635 non
1304 580 1509 650 scripto
1532 580 1613 634 sic
1645 580 1952 634 observari.
2019 580 2290 646 Quaecun—
2317 587 2367 643 Α

3869 472 3982 533 912

2469 604 2486 633 ι
2529 582 2624 637 οὖν
2688 590 2878 638 σεπτοὶ
2936 587 3054 640 ναοὶ
3120 587 3536 658 καθιερώθησαν
3588 591 3739 652 ἐκτὸς
3798 593 3981 657 ἁγίων

2474 695 2491 727 ι
2536 677 2808 746 λειψάνων
2848 678 3165 751 μαρτύρων,
3208 680 3462 751 ὁρίζομεν
3495 685 3553 734 ἐν
3585 684 3766 743 αὺτοῖ,
3797 684 3977 735 κατά-

2470 787 2487 819 (
2537 768 2690 823 θεσιν
2734 770 2983 839 γίνεσθαι
3046 771 3314 842 λειψάνων
3371 774 3510 843 μετὰ
3560 774 3658 841 τῆς
3706 776 3981 845 συνήθους

2469 877 2489 911 ι
2536 860 2727 929 εὐχῆς.
2777 861 2835 914 '0
2885 862 2941 914 δὲ
2984 861 3115 916 ἄνευ
3159 864 3334 931 ἁγίων
3374 862 3644 931 λειψάνων
3701 865 3981 935 καθιερῶν

2472 971 2491 1002 ι
2539 953 2687 1016 ναὸν,
2716 952 3108 1025 καθαιρείσθω,
3138 954 3214 1017 ὡς
3240 955 3640 1028 παραϐεϐηκὼς
3659 958 3981 1029 τὰςέκκλης

2473 1065 2520 1097 (ο
2545 1046 2836 1111 σιαστικὰς
2864 1047 3194 1118 παραδόσεις
3218 1047 3355 1119 (25).
3386 1069 3405 1101 ι

2466 1226 2665 1280 ΒΛΛΣ.
2696 1225 2855 1285 Ἐθος
2885 1221 2955 1297 ἦν
2985 1225 3439 1296 ἐκκλησιαστικὸν
3456 1228 3582 1292 τοὺς
3611 1228 3794 1292 θείους
3816 1236 3987 1294 vaco;

2398 1319 2791 1389 καθιεροῦσθαι
2815 1319 2903 1371 διὰ
2935 1319 3107 1387 ἁγίων
3132 1319 3402 1389 λειψάνων
3425 1322 3803 1391 μαρτυρικῶν.
3843 1324 3987 1375 Οἱ

2396 1412 3020 1481 Χριστιανοκατήγοροι,
3078 1412 3248 1481 ἡγουν
3280 1414 3678 1475 είκονοκαύται,
3712 1418 3764 1469 oi
3797 1416 3965 1484 λέγον

2401 1520 2495 1565 τες
2528 1502 2653 1564 τοὺς
2685 1503 3073 1574 προσκυωτὰς
3103 1505 3213 1558 τῶν
3245 1506 3460 1559 σεπτῶν
3494 1509 3588 1560 καὶ
3630 1510 3808 1575 ἁγίων
3842 1512 3988 1561 εἰκὸ-

2399 1614 2505 1649 νων
2549 1594 2967 1665 εἰδωλολάτρας,
3021 1597 3288 1651 ἐπέκεινα
3337 1600 3439 1668 τῆς
3488 1601 3759 1672 αἱρέσεως
3802 1602 3992 1655 αὐτῶν

2398 1689 2617 1758 καὶτῆς
2647 1690 2789 1743 κατὰ
2834 1689 2942 1743 τῶν
2985 1689 3288 1761 ὁρθοδόξων
3333 1693 3548 1764 μανίας,
3601 1695 3696 1747 καὶ
3748 1696 3991 1755 samo-‘4;

2397 1781 2559 1845 ναοὺς
2595 1779 2941 1851 καθιέρωσαν
2968 1782 3126 1843 ἐκτὸς
3152 1782 3328 1848 ἁγίων
3358 1782 3652 1851 λειψάνων.
3686 1783 3861 1835 Φασὶν
3898 1778 3991 1835 οὖν

2398 1878 2447 1930 οἱ
2473 1875 2714 1945 Πατέρες
2746 1876 2829 1927 ὅτι
2870 1876 2993 1936 ταῖς
3025 1874 3399 1945 ἀνθρωπίναις
3427 1875 3731 1946 ἁμαρτίαις
3780 1876 3990 1927 ἐπακο-

2397 1968 2647 2023 λουθοῦσι
2670 1968 2765 2021 καὶ
2793 1966 2977 2037 ἕτεραι
3015 1968 3303 2039 ἁμαρτίαι,
3340 1967 3481 2021 κατὰ
3520 1969 3614 2020 τὸν
3645 1968 3827 2037 μέγαν
3856 1968 3970 2019 ἀπό

2402 2064 2592 2118 στολον
2628 2062 2864 2116 Παῦλον.
2900 2061 3008 2114 Καὶ
3039 2062 3163 2114 ἐπεὶ
3195 2064 3263 2131 τῇ
3306 2060 3519 2132 αἱρέσει
3548 2062 3659 2113 τῶν
3696 2063 3993 2129 εἰκονομὰο

2402 2176 2515 2228 χων
2540 2158 2632 2211 καὶ
2659 2156 2797 2209 ἄλλα
2820 2156 2967 2209 κακὰ
2995 2154 3446 2225 ἐπηκολούθησαν
3488 2151 3507 2223 (
3533 2152 3994 2222 παρελείφθησαν

2404 2252 2515 2322 γὰρ
2544 2250 2712 2320 ἔθιμα
2741 2247 3175 2317 ἐκκλησιαστικά
3214 2247 3535 2313 ἀναγκαῖα),
3569 2244 3835 2314 ὁρίζομεν
3866 2246 3997 2305 τοὺς

2403 2344 2843 2414 καθιερωθέντας
2898 2341 3063 2403 ναοὺς
3109 2342 3239 2394 ἄνευ
3294 2341 3467 2407 ἁγίων
3507 2338 3786 2407 λειψάνων
3831 2340 4001 2390 πάλιν

2402 2437 2810 2510 καθιερωθῆναι
2843 2437 2931 2490 διὰ
2972 2434 3245 2504 λειψάνων
3269 2473 3284 2497 ,
3316 2440 3410 2487 καί
3437 2433 3638 2502 ἐφεξῆς
3665 2432 3821 2485 οὕτω
3849 2432 4000 2500 γίνε-

2403 2535 2528 2591 σθαι
2555 2552 2572 2568 ο
2607 2533 2735 2596 τοὺς
2760 2532 2815 2585 δὲ
2847 2529 3242 2600 καθιεροῦντας
3269 2529 3431 2590 ναοὺς
3458 2530 3631 2598 χωρὶς
3666 2528 3846 2594 ἁγίων
3882 2527 4004 2577 λει-

2401 2625 2590 2695 ψάνων
2620 2620 3029 2692 καθαιρεῖσθαι.
3070 2621 3181 2673 Kal.
3208 2622 3235 2673 ό
3266 2618 3363 2688 μὲν
3398 2616 3578 2671 κανὼν
3606 2616 3812 2670 ταῦτα.
3856 2612 4004 2669 Εἱπε

2403 2720 2461 2771 δέ
2491 2734 2577 2781 τις
2600 2735 2612 2747 ·
2641 2717 2752 2769 Καὶ
2779 2716 2897 2776 πῶς
2915 2715 3043 2767 ἄνευ
3074 2712 3421 2773 καταθέσεως
3442 2710 3714 2780 λειψάνων
3750 2711 4008 2777 σήμερον

2402 2814 2470 2865 τὰ
2516 2813 2784 2879 εὐκτήρια.
2816 2804 3204 2875 καθιεροῦνται
3234 2823 3249 2871 ;
3286 2804 3399 2857 Καὶ
3440 2803 3527 2856 διὰ
3566 2803 3621 2855 τί
3650 2802 3709 2852 οὐ
3751 2804 4008 2869 γίνονται

2406 2905 2792 2977 ἱεροτελεστίαι
2826 2903 2885 2954 ἐν
2918 2901 3106 2963 αὐτοῖς
3136 2901 3227 2951 γαὶ
3261 2899 3415 2967 παρὰ
3455 2896 3807 2960 ἐπισκόπων,
3861 2896 4008 2947 ἀλλά

2407 3000 2561 3069 παρὰ
2595 3000 2789 3067 ἱερέων
2838 2996 3055 3065 μόνων;
3104 2992 3217 3046 Καὶ
3255 2993 3489 3063 ἡκουσεν
3526 2989 3601 3051 ὡς
3632 2990 3702 3042 τὰ
3732 2990 4007 3058 γινόμενα

732 3091 937 3156 scopis,
964 3088 1059 3142 scd
1088 3101 1118 3139 a
1152 3086 1283 3141 solis
1316 3086 1734 3141 sacerdotibus?
1763 3086 1935 3156 Eique
1979 3104 2301 3158 responsura

2408 3093 2561 3160 παρὰ
2614 3089 2724 3141 τῶν
2777 3088 3084 3158 ἀρχιερέων
3126 3086 3467 3154 ἀντιμίνσια,
3511 3082 3637 3136 καθ’
3686 3081 3749 3133 ὃν
3805 3081 4005 3150 καιρὸν

735 3179 837 3233 luit
871 3196 885 3231 :
923 3179 1079 3243 Quod
1112 3192 1229 3246 quae
1262 3175 1400 3230 ﬁunt
1456 3180 1523 3231 ab
1555 3179 1892 3234 antis1itibus
1919 3181 2302 3249 superaltaria,

2408 3186 2745 3252 καθιέρωσις
2775 3179 2905 3233 ναοῦ
2934 3180 3166 3247 γίνεται,
3190 3177 3536 3246 διαδιδόμενα
3557 3177 3640 3237 εἰς
3660 3175 4004 3243 εὐκτηρίους

732 3286 799 3324 eo
829 3264 1071 3338 tempore
1107 3283 1217 3338 quo
1273 3267 1332 3320 ﬁt
1388 3269 1577 3337 templi
1630 3270 1993 3337 consecratio,
2038 3277 2297 3327 oratoriis
2325 3289 2367 3347 ο

2338 3289 2367 3347 Β
2401 3278 2602 3340 οῐκους,
2625 3275 2889 3346 ἀρκοῦσιν
2915 3272 3038 3326 ἀντὶ
3067 3270 3443 3342 καθιερώσεως
3466 3270 3583 3339 ⁸ίγιῖοι
3608 3265 4004 3337 ἐπιθρονισμοῦ,

734 3361 932 3415 tradita
981 3361 1255 3414 snlliciunt
1318 3375 1413 3425 pro
1457 3364 1899 3427 consecratione,
1936 3362 2052 3417 sive
2077 3364 2303 3418 dedica-

2406 3372 2500 3425 καὶ
2534 3369 2827 3438 ἐγκαινίων
2857 3367 2949 3421 καὶ
2978 3365 3248 3429 ἁνοιξίων.
3275 3363 3373 3415 Διὰ
3403 3362 3513 3432 γὰρ
3539 3360 3701 3413 τοῦτο
3721 3362 3825 3413 καὶ
3848 3362 3999 3412 am.

734 3453 883 3504 tione
915 3468 977 3503 ac
1013 3442 1500 3513 inthronizaﬁone,
1538 3452 1801 3506 eneamiis
1824 3464 1877 3506 et
1900 3456 2298 3522 apertionibus.

2410 3466 2601 3536 μίνσια
2632 3463 2963 3532 ἐκλήθησαν,
3015 3460 3134 3529 ἢτοι
3168 3456 3561 3525 ἁντιπρόσωπα
3587 3454 3689 3507 καὶ
3718 3453 4002 3507 ἀντίτυπα

733 3542 1028 3611 Propterea
1065 3542 1210 3595 enim
1246 3551 1300 3595 et
1331 3542 1644 3609 άντιμίνσια
1675 3544 1942 3611 appellata
1971 3554 2122 3609 sunt,
2156 3548 2301 3613 quod

2404 3560 2514 3611 τῶν
2558 3557 2772 3609 πολλῶν
2818 3554 3076 3605 τοιούτων
3113 3550 3319 3621 μίνσων
3365 3549 3477 3601 τῶν
3539 3547 4002 3615 καταρτιζὸντωι.

734 3636 934 3688 multas
960 3634 1227 3703 ejusmodi
1257 3649 1476 3687 ineiisas
1499 3634 1812 3703 exprimant
1836 3637 2168 3703 etrel‘erant,
2185 3655 2304 3708 qua:

2404 3653 2503 3721 τὴν
2536 3651 2699 3716 ἁγίαν
2732 3647 3070 3713 Δεσποτικὴν
3092 3644 3388 3711 τράπεζαν.
3406 3642 3468 3694 Οί
3494 3639 3680 3709 μέντοι
3710 3640 4000 3709 ἁρχωρεὲς

732 3740 976 3783 sanctam
1020 3726 1359 3780 Dominicam
1402 3742 1646 3781 mensam
1699 3728 2006 3794 perﬁciunt.
2034 3729 2302 3785 Caeterum
2404 3746 2464 3797 of,
2508 3741 2756 3795 ποιοῦσιν
2791 3735 3191 3807 tepor-alearn;
3241 3734 3321 3794 εἰς
3371 3730 3698 3799 εὐκτηρίους
3738 3730 3999 3797 ἁνενθρο-

732 3823 1005 3876 antistites
1044 3833 1202 3873 sacra
1239 3834 1345 3872 non
1380 3818 1586 3872 faciunt
1624 3821 1674 3872 in
1718 3821 1999 3885 oratoriis,
2038 3838 2159 3892 quas
2195 3839 2302 3879 non

2405 3835 2620 3893 νίστους
2676 3830 2861 3894 ναοὺς,
2915 3828 3049 3879 διότι
3101 3824 3163 3877 τὺ
3217 3826 3316 3891 τῆς
3396 3820 3707 3891 ἱερωσύνης
3775 3818 3998 3886 ἀξίωμα

733 3923 859 3967 solt
912 3912 1184 3977 dedicata,
1243 3911 1500 3979 quoniam
1558 3915 1884 3979 prwsulatus
1913 3915 2149 3984 dignitas
2207 3917 2305 3971 de-

2407 3922 2831 3984 ὐποὸιδάξεται,
2870 3918 3065 3987 θρόνου
3099 3915 3175 3985 μὴ
3205 3914 3359 3976 ὄντος
3401 3913 3604 3966 αὐτίκα
3652 3913 3735 3971 εἰς
3766 3910 3830 3962 ὃν
3862 3912 4003 3963 ἀπο-

735 4008 1008 4081 primitur,
1068 4006 1113 4059 si
1171 4018 1277 4057 non
1329 4004 1398 4057 sit
1455 4006 1689 4057 thronus
1744 4005 1797 4057 in
1849 4020 1961 4075 quo
2009 4008 2304 4079 episcopus

2407 4016 2670 4077 στολικῶς
2705 4015 2733 4066 ό
2765 4014 3067 4075 ἐπίσκοπος
3110 4008 3489 4079 καθιδρύεται,
3543 4006 3683 4074 μηδὲ
3730 4006 3877 4062 τῶν,
3904 4005 4003 4058 ἄλ·

735 4098 1034 4169 apostolice
1060 4098 1387 4161 collocatur,
1442 4110 1543 4149 nec
1597 4097 1703 4148 alia
1731 4114 1853 4165 qua:
1891 4102 2077 4169 templi
2114 4117 2306 4158 conse-

2406 4110 2515 4162 λων
2544 4109 2652 4161 τῶν
2692 4105 3060 4159 συνιστάντων
3087 4105 3191 4173 τὴν
3226 4100 3320 4153 τοῦ
3360 4098 3491 4152 ναοῦ
3536 4096 3882 4167 καθιέρωσιν
3906 4098 4006 4147 καὶ

741 4194 1040 4245 orationem
1077 4193 1442 4257 decoremque
1501 4190 1868 4244 constituunt.
1928 4192 2062 4245 Cum
2124 4204 2303 4250 autem
2406 4240 2407 4245 η

2406 4200 2764 4271 εὐπὶρὲπειαν.
2820 4196 3234 4266 Ἐρωτήσαντες
3262 4191 3318 4244 δέ
3355 4206 3525 4253 τινες,
3563 4189 3706 4240 Πότε
3742 4192 3776 4257 ἡ
3811 4188 4007 4241 καθιέ-

744 4286 1188 4352 interrogassent
1214 4282 1404 4350 aliqui,
1444 4281 1675 4346 Quando
1708 4285 2305 4341 titecclesiarumcon-
2408 4324 2410 4360 Α

2408 4307 2575 4364 ρωσις
2626 4289 2838 4356 γίνεται
2870 4287 2979 4339 τῶν
3026 4281 3337 4352 ἐκκλησιῶν
3369 4297 3384 4345 ;
3418 4281 3667 4351 ἡκουσαν
3699 4280 3790 4331 ὅτι
3828 4282 3861 4347 ἡ
3901 4278 4008 4346 μὲν

736 4375 1016 4431 secratio?
1064 4390 1323 4443 responso
1354 4385 1705 4443 acceperunt,
1760 4378 1905 4445 quod
1960 4376 2303 4433 fundamenti

2409 4385 2573 4453 πῆξις
2592 4381 2684 4434 τοῦ
2709 4379 2959 4449 θεμελίου
2979 4376 3068 4431 διὰ
3098 4376 3263 4445 εὐχῆς
3283 4374 3449 4443 μόνης
3464 4372 3561 4424 καὶ
3582 4374 4010 4440 “nepam-,in

734 4468 955 4537 quidem
984 4466 1187 4520 locatio
1222 4465 1280 4519 ﬁt
1312 4481 1406 4535 per
1460 4467 1635 4521 solam
1696 4472 2001 4523 orationem
2059 4473 2303 4542 episcopi

2406 4477 2502 4530 τοῦ
2544 4477 2685 4530 κατὰ
2718 4474 2902 4544 χώραν
2936 4470 3239 4523 ἐπισκόπου
3276 4460 3489 4534 γίνεται
3516 4481 3532 4495 ο
3574 4466 3608 4534 ἡ
3639 4462 3697 4515 δὲ
3729 4464 4010 4533 καθιέρω-

740 4559 887 4617 illius
935 4559 1197 4630 regionis,
1252 4568 1305 4612 et
1364 4560 1546 4613 crucis
1597 4557 1851 4615 ﬁxionem
1898 4578 1912 4614 :
1962 4575 2305 4619 consecratio

2410 4588 2495 4634 σις
2528 4569 2668 4640 μετὰ
2700 4570 2792 4621 τὸν
2822 4564 3173 4634 ἀπαρτισμὸν
3189 4561 3284 4614 τοῦ
3319 4559 3470 4623 ναοῦ,
3492 4560 3581 4610 ὅτε
3614 4557 3913 4609 τελοῦνται
3946 4560 4010 4608 τὰ

738 4662 919 4707 autem
952 4663 1074 4722 post
1104 4651 1293 4720 templi
1330 4650 1744 4720 permotionem,
1799 4656 2017 4723 quando
2042 4656 2179 4711 ﬁunt
2209 4675 2303 4713 en-~
2337 4645 2381 4699 ι)

2346 4645 2381 4699 D
2409 4662 2617 4725 ἁνοίξια
2663 4659 2775 4729 (24)
2810 4659 2904 4710 καὶ
2931 4659 2959 4710 ὁ
2988 4652 3341 4724 ὲνθρονισμὸς
3363 4692 3380 4718 ,
3421 4650 3516 4702 καὶ
3551 4652 3578 4701 ὁ
3613 4651 3765 4710 ἅπας
3807 4649 4012 4699 τούτου

736 4748 908 4803 czeuia
959 4755 1013 4800 et
1054 4749 1367 4814 apertiones
1400 4754 1453 4799 et
1491 4746 1906 4811 inthronizatio,
1943 4756 1997 4802 et
2040 4754 2300 4807 universa

2411 4755 2755 4825 ἁπαρτισμὸς
2779 4752 2885 4805 ὑπὸ
2917 4749 3072 4813 ἁγίου
3098 4749 3272 4819 μύρου
3299 4745 3612 4816 χρωμένου,
3646 4743 3745 4795 καὶ
3771 4742 4010 4810 λείψανα

735 4838 856 4908 ejus
883 4838 1164 4907 perfectio,
1192 4852 1355 4892 sacro
1390 4838 1689 4892 chrismate
1738 4839 1973 4904 inuncti,
2018 4854 2071 4896 et
2101 4855 2306 4915 marty-

2415 4847 2734 4918 μαρτυρικὰ
2782 4844 3208 4911 ὑποδεχομένου.
3253 4839 3676 4908 Διενισταμὲνου
3733 4836 3798 4888 δέ
3863 4853 4010 4895 τιν-ο,

737 4947 858 4986 rum
908 4930 1165 4997 reliquias
1216 4929 1784 5000 suscipientis.'Cum
1837 4932 2065 4988 instaret
2124 4947 2302 4990 autem

2411 4941 2645 5009 ὀφείλειν
2682 4937 3074 5007 καθαιρεθῆναι
3100 4933 3368 5003 ἀρχιερέα
3396 4933 3520 4984 τινά
3554 4946 3685 4981 ποτε
3738 4933 3825 4990 εξς
3861 4932 4008 4981 ave»

741 5026 1053 5094 quispiam,
1112 5024 1311 5077 debere
1347 5022 1548 5091 deponi
1581 5024 1907 5089 antiStitem,
1951 5029 2041 5095 qui
2090 5028 2146 5081 iu
2195 5045 2304 5083 non

2414 5034 2696 5104 θρόνιστον
2728 5029 3024 5099 ἐκκλησίαν
3073 5027 3533 5097 ἱερουργήσαντα,
3576 5022 3771 5085 καθὼς
3809 5024 4010 5077 καθαι-

743 5119 993 5171 dedicata
1060 5116 1288 5172 ecclesia
1351 5115 1791 5180 sacriﬁcaverat,
1848 5119 2303 5187 quemadmodum

2417 5129 2592 5196 ρείται
2626 5126 2719 5176 καὶ
2755 5128 2782 5175 ὁ
2810 5121 3081 5191 καθιερῶν
3113 5121 3241 5173 ναὸν
3265 5120 3393 5172 άνευ
3421 5118 3592 5184 ἁγίων
3619 5117 3914 5184 λειψάνων
3949 5133 3963 5145 -
3992 5120 4014 5167 c

743 5210 1032 5278 deponitur
1067 5217 1123 5263 et
1155 5210 1248 5277 qui
1288 5210 1548 5276 templum
1604 5223 1888 5263 consecrat
1926 5211 2046 5266 sine
2097 5222 2304 5269 sanctis

2416 5218 2714 5286 ἁγιώτατος
2752 5219 2958 5276 ἐκεῖνος
3009 5215 3352 5283 πατριάρχης
3401 5212 3565 5281 κυρὸς
3628 5213 3863 5273 Λουκᾶς
3910 5214 4016 5264 ἀπο

744 5304 1029 5371 ieliqniis:
1076 5303 1462 5356 sanctissimus
1517 5303 1608 5355 ille
1666 5304 1979 5370 patriarcha
2043 5306 2305 5363 dominus

2415 5312 2655 5381 εφήνατο
2689 5309 2863 5369 ἄλλως
2887 5324 3003 5369 πως
3026 5306 3118 5359 τὸν
3148 5306 3391 5358 τοιοῦτον
3425 5305 3688 5374 ἀρχιερέα
3723 5305 4014 5372 κολασθῆ-

741 5396 914 5449 Lucas
970 5397 1366 5464 pronuntiavit,
1400 5396 1504 5447 alio
1532 5397 1768 5462 quodam
1827 5398 1987 5450 talem
2039 5416 2162 5453 esse
2196 5417 2301 5470 pu-

2416 5422 2528 5467 ναι,
2564 5406 2705 5456 κατὰ
2739 5403 2800 5455 τὸ
2840 5402 3029 5454 δοκοῦν
3068 5401 3272 5471 δηλαδὴ
3294 5403 3362 5471 τῇ
3403 5400 3631 5467 συνόδῳ,
3672 5398 3736 5450 οὗ
3778 5400 3903 5470 μὴν
3933 5401 4015 5452 ευ

1973 5492 2174 5553 Guill.
2220 5497 2551 5574 Beveregii
2590 5505 2777 5556 notae.

807 5586 1042 5669 (‘23)Tf'fc
1068 5588 1584 5669 f'xacitno'zaatwdc
1608 5592 1992 5669 παραδόσεις.
2030 5592 2083 5645 In
2109 5597 2301 5651 codice
2406 5599 2473 5649 άν

2406 5595 2782 5669 ἁντιμινσίων.
2816 5594 2952 5650 Cum
2986 5603 3169 5647 autem
3203 5594 3341 5648 adeo
3364 5604 3614 5662 apertum
3649 5593 3725 5647 sit
3758 5594 3897 5650 haec
3951 5615 4008 5649 ει

738 5669 943 5737 nostra
972 5657 1284 5737 Bodleiano,
1350 5668 1470 5726 post
1503 5663 1616 5737 hmo
1640 5661 1839 5737 .ttilitlta
1872 5664 2035 5737 hujus
2070 5672 2299 5737 canonis
2405 5657 2651 5737 margine
2683 5668 2734 5719 in
2765 5677 2967 5718 textum
3002 5680 3311 5732 irrepsisse,
3342 5657 3627 5735 hicpolius
3644 5679 3709 5718 ea
3734 5669 4014 5723 aduolare

738 5735 897 5781 verba
930 5730 1206 5805 leguntur,
1223 5728 1538 5805 Σημειωςαι
1555 5730 1661 5782 sub
1683 5730 1773 5781 τοῦ
1791 5728 2057 5801 παρόντος
2071 5732 2115 5797 ζ’
2131 5742 2261 5789 xaer
2279 5767 2299 5777 -
2403 5772 2404 5779 η

1652 5730 1773 5805 >105
1791 5728 2299 5805 napé}:o;§'xavo’-
2403 5728 2564 5805 quam
2596 5737 2703 5788 illic
2732 5751 2970 5789 ιιιευτιιηι
3012 5728 3184 5788 visum
3215 5750 3318 5790 est.

736 5816 824 5885 to;
855 5802 935 5884 ὅτι
956 5800 1125 5868 χωρὶς
1165 5799 1336 5883 ἁγίων
1364 5798 1629 5867 λειψάνων
1659 5804 1777 5852 ναοί
1804 5798 2290 5885 ούκαθιεροῦνται.

2422 5798 2433 5805 ’
2458 5806 3056 5885 _('2;5)"0t8_t6_210t:'1_";at
3076 5809 3147 5858 τὰ
3165 5806 3422 5885 tia-015m:
3446 5805 3767 5885 Legendunt
3788 5819 3909 5870 est,
3932 5810 4012 5861 Et:

740 5871 870 5937 Ἔχε
895 5871 949 5922 δὲ
971 5873 1069 5951 ¹ἐπὶ
1093 5871 1311 5951 μνήμην
1338 5875 1404 5922 τά
1434 5874 1513 5951 εἰς
1538 5872 1957 5951 τὴνῆέρμηνείαν
1976 5871 2071 5931 τοῦ
2090 5893 2291 5951 παρον-
2393 5871 2675 5929 τελοῦνται
2697 5880 2765 5951 τὰ
2784 5877 3036 5944 ἐγκαίνια
3059 5880 3243 5930 καὶτὰ
3261 5879 3492 5943 ἁνοίξια.
3518 5871 3611 5931 Sic
3632 5878 3789 5931 enim
3820 5898 4014 5933 unum:

734 5956 822 6001 τος
855 5944 1073 6003 κανόνος
1094 5942 1373 6009 γραφέντα
1401 5943 1556 6012 χάριν
1589 5942 1693 5995 τῶν
1723 5944 2023 6012 εὐκτηρίων
2051 5946 2153 5999 καὶ
2174 5942 2288 6002 τῶν
2393 5952 2400 6001 l

2393 5951 2581 6009 legunt
2617 5942 2859 6011 codices,
2893 5959 3001 6005 tam
3064 5949 3314 6016 impre~si
3374 5942 3539 6015 quam
3601 5955 4008 6023 manuscripti.

2015 6049 2047 6081 ο

726 2165 988 2236 quoniam
1068 2162 1553 2217 lconomachorum
1616 2163 1848 2216 haeresin
1918 2163 2023 2216 alia
2078 2179 2298 2233 quoque

726 2262 870 2315 mala
923 2260 1222 2315 subsecuta
1311 2264 1440 2311 sunt
1488 2257 1895 2326 (prsetermissa:
1955 2266 2082 2311 sunt
2152 2258 2297 2312 enim

726 2352 1050 2407 necessiiria:
1095 2348 1519 2403 consuetudines
1581 2346 2014 2416 ecclesiasticis),
2047 2348 2297 2423 decerni-

730 2458 873 2501 mus.
923 2448 982 2494 ut
1013 2440 1209 2509 templa
1232 2481 1247 2506 ,
1292 2454 1414 2508 qua:
1445 2439 1653 2507 absque
1689 2440 1939 2509 reliquiis
1974 2451 2299 2494 consecrata

732 2540 902 2595 tuere,
932 2546 1123 2587 rursus
1170 2546 1266 2601 per
1321 2532 1582 2601 reliquias
1633 2540 2055 2599 consecrentur,
2107 2542 2161 2589 et
2220 2536 2300 2589 sic

728 2626 989 2693 deinceps
1023 2623 1217 2677 liatzii
1250 2630 1451 2686 autem,
1505 2621 1599 2690 qui
1653 2622 1853 2692 templa
1914 2622 2037 2676 sine
2090 2624 2301 2679 sanctis

729 2718 975 2787 reliquiis
1007 2723 1353 2780 consecrant,
1400 2716 1769 2785 deponantur.
1822 2717 1888 2773 Et
1925 2719 2038 2772 hazc
2075 2719 2299 2788 quidem

728 2824 933 2860 canon.
958 2807 1099 2860 Dixit
1125 2821 1307 2861 autem
1341 2821 1640 2869 nonnemo,
1666 2804 1733 2859 Et
1754 2810 2029 2876 quomodo
2060 2811 2301 2863 oratoria

731 2901 892 2955 hodie
918 2903 1035 2954 sine
1062 2901 1417 2969 reliquiarum
1470 2900 1813 2970 depositione
1864 2904 2305 2957 consecrantur?

730 2995 797 3049 Et
823 3010 921 3048 cur
955 3010 1108 3049 sacra
1169 2995 1221 3047 in
1250 2994 1328 3047 eis
1359 3009 1465 3047 non
1497 2993 1847 3048 celebrantur
1897 2995 2061 3049 etiam
2091 2997 2159 3050 ab
2189 2996 2304 3066 epi-
