4218 6458
242 430 329 486 913
1147 433 1228 491 IN'
1271 436 1436 495 C.-\\’.
1483 437 1618 493 Vill
1651 435 1857 495 CONC.
1906 440 1908 445 “

1147 433 1228 491 IN'
1271 436 1436 495 CAV.
1483 437 1618 493 Vill
1651 435 1857 495 CONC.
1906 439 2008 493 Vll
2046 438 2400 495 (ΕίῖῐῘῗιῖΕΝ.

3329 433 3436 495 9η

218 521 572 588 καθαιρέσεως
607 538 620 552 ·
655 524 739 574 ὅτι
800 524 941 576 κατὰ
983 525 1118 578 πολὺ
1160 526 1511 596 ἀκατάλληλά
1559 532 1663 579 εἰσι
1706 532 1772 578 τὰ
1803 529 1884 582 At

1766 547 1772 577 ι
1803 529 1848 582 Δ
1879 529 2135 580 uieudum
2170 530 2494 584 autistitem.
2545 535 2702 591 prout
2757 526 2964 579 scilicet
3017 523 3225 593 synodo
3262 523 3432 575 visum

217 613 562 682 ἐπταισμένα.

286 791 522 844 ΖΩΝΛΡ.
551 789 722 843 Τοῦτο
747 791 808 844 τὸ
833 792 1187 845 ἀποστολικδν
1211 794 1372 862 ῥητὸν
1397 797 1424 848 6
1461 795 1559 862 μὲν
1597 784 1770 865 μέγας

211 886 472 946 Βασίλειος
504 885 681 948 ἄλλως
717 885 1004 950 ἐξελάόετο
1035 903 1048 915 ·
1077 880 1222 940 οὗτοι
1255 887 1309 940 δὲ
1338 890 1385 941 οἱ
1420 890 1659 958 ΙΙατέρες
1686 894 1773 944 ἐν-

211 977 367 1030 ταῦθα
399 977 802 1047 ἁπλοῖκώτερον
837 978 1083 1042 ἐδέξαντο
1117 979 1198 1045 τὸ,
1231 981 1676 1048 ἐπακολουθοῦσι,
1712 987 1772 1037 τὸ

211 1071 426 1122 ἕπεσθαι
476 1071 719 1140 δηλονότι
763 1075 882 1134 ταῖς
919 1073 1322 1142 προλαῦούσαις
1349 1076 1645 1145 ἁμαρτίαις
1677 1080 1770 1132 καὶ

212 1168 416 1236 ἑτέραις
448 1184 462 1197 ο
497 1170 590 1219 καὶ
620 1168 781 1221 τοῦτο
828 1169 1053 1237 ὲκὸἦναί
1089 1187 1254 1236 φασιν
1295 1171 1386 1223 ἐπὶ
1424 1171 1532 1224 τῶν
1563 1174 1769 1226 εἰκονο-

216 1257 415 1325 μάχων.
459 1257 738 1318 Ἐκείνους
785 1257 892 1327 γὰρ
923 1258 1252 1326 ὀνομάζουσι
1300 1261 1771 1329 Χριστιανοκατη⁹

220 1350 426 1416 γόρῡυς,
465 1350 540 1410 ὡς
577 1350 1017 1418 κατηγοροῦντας
1045 1351 1151 1401 τῶν
1185 1351 1527 1421 Χριστιανῶν
1560 1353 1774 1404 εἰδωλο-

215 1441 479 1505 λατρείαν.
517 1441 590 1492 Οὐ
629 1441 790 1509 μόνον
817 1442 925 1510 γὰρ
960 1443 1057 1503 τὰς
1101 1439 1397 1511 ἐκκλησίας
1436 1442 1530 1494 τοῦ
1567 1444 1772 1513 κόσμον

207 1533 310 1585 τῶν
342 1533 555 1584 σεπτῶν
599 1534 825 1586 εἰκόνων
873 1537 1194 1605 ἐστέρησαν,
1226 1535 1362 1589 ἀλλὰ
1415 1538 1506 1589 καὶ
1539 1537 1633 1608 ἓθη
1670 1556 1773 1590 πα·

208 1625 324 1676 λαιὰ
370 1626 855 1700 παραλελοίπασιν,
909 1628 944 1680 ἃ.
998 1629 1090 1681 καὶ
1131 1628 1450 1682 ἁνανεοῦσιν
1488 1625 1649 1690 οὗτοι,
1685 1631 1769 1682 ἵνα

211 1721 294 1770 καὶ
322 1721 351 1787 ἡ
383 1721 658 1789 ἔγγραφος
695 1721 1021 1790 θεσμοθεσία
1055 1722 1149 1774 καὶ
1184 1724 1215 1792 ἡ
1242 1724 1488 1791 ἄγραφος
1518 1725 1772 1795 συνήθεια

204 1811 386 1878 κρατῇ.
418 1811 487 1861 Τὸ
542 1811 598 1863 δὲ
634 1811 1002 1881 παραλειφθὲν
1035 1813 1155 1876 ἔθος
1188 1809 1255 1884 ἦν
1294 1812 1354 1866 τὺ
1399 1817 1455 1865 ἐν
1485 1819 1604 1876 ταῖς
1633 1817 1770 1867 καθ-

205 1905 443 1972 ιεριίισεσι
498 1906 606 1956 τῶν
661 1905 820 1958 θείων
857 1907 1000 1958 ναῶν
1052 1907 1126 1976 μὴ
1168 1906 1411 1975 γίνεσθαι
1445 1909 1769 1972 καταθέσεις

201 1994 464 2060 λειψάνων
494 1995 685 2060 ἁγίων.
722 1997 876 2049 "Odor.
909 1996 1023 2062 οὖν,
1052 1999 1206 2066 φασὶ,
1227 1997 1395 2067 χωρὶς
1424 1998 1770 2063 καταθέσεως

201 2089 366 2152 άγῖων
395 2088 1115 2156 λειψάνωνηκαθιερὼθησαν
1141 2090 1279 2152 ναοὶ,
1305 2089 1646 2155 δεξάσθωσαν
1678 2090 1770 2143 νῦν

203 2178 294 2228 καὶ
346 2178 476 2243 ἆγια
522 2177 752 2247 λείψανα
800 2178 1204 2248 κατατιθέμενα
1251 2182 1308 2231 ὲν
1360 2180 1565 2240 αὐτοῖς.
1611 2180 1667 2232 ’0
1713 2181 1768 2232 δὲ

204 2268 474 2337 καθιερῶν
504 2271 627 2322 ναὸν
660 2271 827 2340 χωρὶς
875 2272 1033 2341 ἱερῶν
1077 2271 1343 2338 λειψάνων
1375 2273 1766 2340 καθαιρείσθω,

197 2360 272 2421 ὡς
303 2361 623 2432 παραϐάτης
654 2363 761 2415 τῶν
792 2363 1224 2434 ὲκκλησιατικῶν
1256 2366 1628 2432 παραδόσεων.

1876 621 2060 685 fuerit,
2112 620 2206 671 sed
2236 636 2341 671 non
2387 636 2478 684 per
2507 618 2922 679 depositiouetn.
2961 615 3164 668 Delicta
3197 614 3341 668 enim
3373 629 3431 666 ea

1876 721 2004 765 sunt
2039 714 2196 775 longe
2228 713 2444 778 lateque
2479 709 2830 764 dissidentia.

1947 804 2199 857 ZONAR.
2228 803 2452 870 Magnus
2485 804 2701 870 quidem
2739 800 2972 853 Basilius
3004 801 3160 854 aliter
3183 798 3285 850 hoc
3318 811 3438 862 apo-

1875 898 1998 950 stoli
2060 897 2263 950 dictum
2329 896 2717 960 interpretatus
2779 902 2883 946 cst.
2951 890 3011 942 lli
3068 906 3196 943 vero
3250 889 3439 942 Patres

1875 990 2100 1041 Verbum
2135 987 2285 1048 illud,
2319 995 2756 1055 consequuntur,
2807 984 2968 1053 paulo
2999 982 3301 1048 simplicius
3342 994 3431 1031 aev

1876 1095 2094 1148 cepere.
2127 1089 2184 1131 ut
2209 1079 2273 1132 ad
2314 1080 2495 1149 priora
2553 1078 2761 1130 scilicet
2798 1078 3044 1129 facinora
3079 1073 3181 1124 alia
3222 1087 3436 1140 quoque

1875 1175 2048 1226 solere
2081 1173 2232 1240 sequi
2267 1169 2679 1241 intelligendum
2731 1169 2818 1223 sit.
2878 1167 3032 1233 Quod
3070 1164 3286 1234 quidem
3319 1162 3435 1215 Ico-

1876 1267 2159 1320 nomachis
2190 1267 2347 1318 aiunt
2374 1266 2689 1336 contigisse.
2741 1263 2864 1316 illos
2907 1276 3142 1329 namque
3173 1256 3441 1311 Christia-

1877 1373 2068 1411 norum
2108 1364 2466 1411 accusatores
2496 1357 2800 1417 nominant,
2822 1354 3020 1423 quippe
3052 1352 3141 1420 qui
3169 1349 3436 1404 Christia-

1876 1463 1975 1502 nos
2028 1449 2352 1502 idololatria:
2406 1456 2756 1500 accusarent.
2826 1445 2933 1499 Nec
2986 1445 3129 1496 enim
3190 1444 3222 1495 ii
3260 1441 3434 1496 solum

1874 1540 2138 1595 ecclesias
2184 1555 2464 1594 sacrarum
2507 1539 2806 1607 imaginum
2859 1535 3202 1591 ornamentis
3233 1534 3436 1595 spolia-

1876 1650 2022 1697 vere,
2051 1634 2144 1688 sed
2173 1635 2426 1703 antiquas
2471 1634 2636 1687 etiam
2670 1631 3099 1685 consuetudines
3139 1629 3435 1694 reliquere:

1876 1741 1992 1792 quae
2019 1724 2261 1794 quidem,
2320 1735 2377 1778 ut
2407 1725 2572 1780 simul
2608 1733 2659 1778 et
2697 1724 2920 1792 scriptis
2961 1722 3284 1786 consignata
3334 1725 3438 1778 lex,

1875 1825 1926 1871 et
1953 1832 2059 1869 non
2091 1791 2292 1884 scripta
2329 1833 2546 1885 quoque
2578 1815 2928 1870 consuetudo
2972 1823 3243 1874 servetur,
3279 1810 3439 1877 hujus

1875 1909 2103 1962 canonis
2159 1909 2382 1962 decreto
2442 1920 2790 1963 renovantur.
2855 1904 3209 1960 Consuetudo
3278 1915 3440 1970 porru

1876 2000 2239 2069 prmtcrmissa
2302 2015 2362 2053 ea
2425 1999 2548 2062 fuit,
2612 1998 2756 2068 quod
2813 2014 2934 2051 cum
2996 1997 3179 2052 divina
3239 1994 3438 2063 templa

1875 2103 2349 2156 consecrarentur,
2407 2093 2571 2147 nulla:
2601 2093 2763 2146 simul
2802 2094 2852 2144 in
2885 2091 2964 2143 eis
3005 2102 3320 2145 sanctorum
3357 2100 3439 2139 re-

1877 2187 2057 2253 liquiae
2085 2187 2476 2241 conderentur.
2509 2186 2863 2255 Quaecunque
2911 2201 3039 2254 ergo
3089 2185 3306 2251 templa,
3358 2184 3438 2234 iu-

1877 2281 2095 2344 quiunt,
2127 2280 2333 2346 absque
2380 2280 2614 2334 conditis
2642 2291 2958 2334 sanctorum
3019 2277 3270 2345 reliquiis
3305 2291 3440 2329 con-

1877 2379 2088 2424 secrata
2140 2380 2290 2436 sunt,
2346 2373 2399 2425 iu
2452 2372 2533 2425 eis
2581 2387 2750 2426 sacra:
2784 2387 3000 2440 quoque
3046 2371 3289 2438 reliquise
3337 2368 3437 2420 hoc

195 2455 408 2508 demum
461 2464 705 2522 tempore
763 2458 1125 2512 collocentur.
1159 2457 1263 2524 Qui
1298 2473 1429 2511 vero
1493 2464 1782 2528 templum,
1840 2477 1946 2514 non
2020 2462 2278 2516 adhibitis
2330 2473 2644 2516 sanctorum
2696 2462 2943 2530 reliquiis
2992 2461 3432 2516 consecraverit,

193 2565 337 2610 eum,
383 2552 582 2621 quippe
611 2554 961 2606 traulitionum
1012 2568 1148 2620 quas
1193 2568 1220 2605 a
1257 2552 1557 2618 majoribus
1591 2557 1896 2621 accepimus
1933 2565 2413 2626 transgressorem,
2446 2557 2642 2626 deponi
2675 2556 2890 2624 jubent.

195 2643 419 2699 ΑΡΙΣΤ.
472 2665 489 2696 ι
541 2646 934 2698 Κατατιθὲσθω
997 2645 1290 2715 μαρτύρων
1345 2645 1476 2712 ἆγια
1534 2646 1767 2713 λείψανα

273 2760 290 2792 ι
333 2745 391 2795 ἐν
417 2744 524 2804 τοῖς
555 2743 682 2794 ἄνευ
715 2741 892 2793 αὐτῶν
922 2741 1302 2809 καθιερωθεῖσι
1329 2744 1475 2801 ναοῖς
1505 2742 1641 2807 μετὰ
1669 2742 1770 2807 τῆς

278 2854 296 2895 ι
346 2835 606 2903 συνήθους
636 2835 820 2903 εὐχῆς.
863 2836 921 2887 Ὀ
949 2833 1005 2886 δὲ
1042 2836 1170 2887 ἄνευ
1196 2835 1403 2887 τούτων
1427 2833 1770 2901 καθιερώσας

276 2945 292 2976 ι
344 2925 732 2994 καθαιρείσθω,
765 2927 841 2990 ὡς
886 2926 1140 2995 παραϐὰς
1170 2927 1268 2987 τὰς
1310 2925 1771 2996 ἐκκλησιαστικὰς

272 3039 288 3066 ι
335 3019 685 3088 παραδόσεις.
727 3038 745 3070 ι

268 3109 426 3160 Ὀσοι
461 3109 561 3178 μὲν
594 3114 710 3162 ναοὶ
754 3110 860 3180 πρὸ
892 3111 990 3179 τῆς
1023 3111 1239 3163 συνόδου
1273 3109 1473 3178 ταύτης
1509 3111 1635 3163 ἄνευ
1669 3110 1767 3176 τῆς

1866 2647 2089 2700 AltlS'l‘.
2142 2667 2160 2699 ι
2210 2648 2423 2702 Sancta:
2461 2658 2758 2719 martyrum
2804 2649 3050 2716 reliquia:
3106 2649 3158 2701 in
3200 2647 3417 2716 templis

1945 2759 1962 2790 ι
2009 2756 2131 2809 quae
2199 2743 2409 2808 alisque
2458 2742 2524 2794 iis
2571 2753 2885 2795 consecrata
2920 2748 3066 2804 sunt,
3121 2739 3283 2808 idque
3314 2755 3435 2790 cum

1946 2853 1963 2883 ι
2011 2837 2291 2887 consuetis
2341 2835 2617 2903 precibus,
2686 2842 3038 2903 reponantur.
3092 2833 3193 2896 Qui
3251 2840 3432 2883 autem

1945 2945 1962 2976 ι
2015 2928 2220 2994 absque
2258 2928 2325 2982 iis
2375 2937 2684 2990 consecrat,
2719 2937 2776 2980 ut
2813 2925 3217 2980 ecclesiasticas
3264 2923 3437 2976 tradi-

1947 3042 1974 3068 α
2019 3021 2194 3075 tiones
2227 3030 2626 3088 transgressus,
2653 3022 2976 3089 deponatur.
3017 3039 3034 3070 ι

1943 3113 2288 3182 Quaecunque
2350 3115 2551 3182 templa
2606 3125 2733 3166 ante
2785 3113 2923 3167 hanc
2976 3112 3265 3182 synodum,
3314 3111 3436 3162 sine

191 3200 465 3268 συνήθους
496 3200 661 3269 εὐχῆς
693 3200 800 3252 τῶν
830 3201 1145 3254 ἐπισκόπων
1181 3203 1274 3254 καὶ
1297 3203 1567 3269 λειψάνων
1594 3184 1766 3269 άγίων
1794 3222 1836 3279 c

1794 3222 1836 3279 ο
1871 3206 2150 3258 consuetis
2184 3205 2565 3275 epise0porum
2594 3207 2847 3274 precibus
2872 3215 2922 3258 ιιι
2945 3215 3261 3258 sanctorum
3289 3219 3435 3256 mar-

194 3293 498 3362 μαρτύρων
531 3292 1050 3362 ἀνῳκοδομήθησαν,
1083 3293 1290 3363 ὡρίσθη
1316 3293 1565 3361 γενέσθαι
1597 3295 1764 3347 κατά-

188 3387 348 3437 θεσιν
401 3388 458 3438 ὲν
515 3387 698 3446 αὐτοῖς
758 3386 1029 3453 λειψάνων
1074 3388 1244 3453 ἁγίων
1279 3387 1373 3440 καὶ
1417 3388 1514 3456 τὴν
1559 3387 1760 3456 συνήθη

184 3479 360 3547 εὐχὴν
385 3477 706 3545 τελεσθῆναι
732 3495 744 3507 ·
775 3479 890 3530 ὅσοι
921 3480 976 3531 δὲ
1023 3480 1162 3547 μετὰ
1190 3479 1288 3549 τὴν
1325 3480 1543 3532 σύνοξον
1563 3479 1764 3547 ταύτην

183 3571 463 3638 εὑρεοῶσι
490 3574 661 3641 χωρὶς
693 3573 962 3642 λειψάνων
995 3575 1375 3646 καθιεροῦντες
1406 3576 1547 3638 ναὸν,
1573 3575 1767 3628 καθαι-

225 3663 408 3738 εῖσθαι
452 3666 945 3735 κατεδικάσθησαν,
976 3668 1049 3731 ὡς
1078 3668 1393 3738 παραϐάται
1431 3668 1539 3722 τῶν
1567 3668 1757 3737 ἐκκλη-

181 3733 494 3808 σιασέικῶν
528 3757 905 3826 παραδόσεων.

807 3852 1045 3904 ΚΑΝΩΝ
1069 3851 1149 3907 H'.

179 3960 200 3991 ι
278 3939 500 4009 Ἐπειδὴ
549 3941 888 4017 πλανώμενοί
935 3961 1080 4006 τινες
1122 3944 1186 3997 ἐκ
1224 3943 1324 4010 τῆς
1353 3946 1459 3997 τῶν
1501 3943 1764 4012 Ἐϐραίων

266 4052 284 4082 ι
335 4033 633 4100 θρησκείας
661 4034 1010 4104 μυκτηρίζειν
1055 4035 1237 4098 ἔδοξαν
1259 4036 1495 4104 Χριστὸν
1520 4037 1609 4086 τὸν
1631 4036 1762 4102 Θεὸν

264 4144 280 4173 ι
337 4123 535 4192 ἡμῶν,
617 4125 1074 4193 προσποιούμενοι
1141 4126 1241 4193 μὲν
1310 4127 1710 4196 Χριστιανίξειν
1746 4167 1760 4188 ,

263 4235 281 4266 ι
333 4217 495 4268 αὑτὸν
546 4217 603 4268 δὲ
648 4216 972 4286 ἀρνούμενοι
1017 4216 1289 4287 κρύδδην,
1340 4218 1433 4269 καὶ
1488 4217 1763 4286 λαθραίως

266 4330 283 4355 ι
337 4307 896 4372 σαϐϐατίζοντες,καὶ
929 4308 1093 4374 ἕτερα
1129 4308 1398 4360 Ἰουδαῖκὰ
1440 4309 1717 4371 ποιοῦντες
1745 4326 1760 4341 ο

263 4422 282 4450 ε
332 4401 587 4469 ὁρίζομεν
615 4417 836 4464 τουτους
876 4401 1013 4469 μήτε
1048 4404 1128 4463 εἷς
1163 4402 1478 4466 κοινωνίαν,
1513 4403 1648 4469 μήτε
1683 4400 1763 4464 είς

265 4513 282 4541 ι
331 4492 520 4561 εὐχὴν,
572 4493 706 4561 μήτε
739 4493 817 4553 είς
854 4491 1146 4560 ἐκκλησίαν
1179 4492 1468 4560 δέχεσθαι·
1503 4491 1636 4542 ἀλλὰ
1663 4509 1762 4556 φα-

335 4583 510 4652 νερῶς
545 4577 684 4638 εἶναι
736 4583 876 4636 κατὰ
905 4583 1244 4666 τὴν-ἑαυτῶν
1289 4583 1584 4653 θρησκείαν
1637 4581 1760 4635 Ἔϐ-
1793 4591 1836 4644 D

336 4677 562 4746 ραίουςο
607 4677 746 4745 μήτε
795 4679 919 4736 τοὺς
967 4675 1164 4736 παῖδας
1217 4675 1397 4728 αὐτῶν
1455 4673 1759 4745 βαπτίζειν,

341 4769 478 4837 μήτε
509 4766 691 4820 δοῦλον
728 4766 986 4819 ὠνεῖσθαι
1023 4767 1054 4836 ἢ
1093 4767 1342 4820 κτᾶσθαι.
1374 4767 1435 4819 El
1466 4768 1520 4818 δὲ
1550 4767 1604 4831 ἐξ
1631 4765 1764 4817 siit-

336 4857 561 4928 κρινοῦς
593 4858 830 4920 πίστεως
875 4858 1191 4928 ἐπιστρέψει
1239 4877 1320 4922 τις
1361 4858 1420 4923 ἐξ
1454 4860 1631 4912 αὐτῶν
1671 4863 1762 4913 καὶ

340 4950 668 5019 ὁμολογήσει
715 4949 774 5016 ὲξ
827 4950 952 5020 ὅλης
999 4951 1245 5019 καρδίας.
1297 4951 1646 5020 θριαμϐεύων
1695 4953 1764 5005 τὰ

337 5042 463 5097 κατ’
511 5044 689 5096 αὐτῶν
736 5044 832 5114 ἔθη
877 5046 968 5097 καὶ
1026 5046 1345 5113 πράγματα,
1390 5045 1528 5114 πρδς
1569 5045 1628 5096 τὸ
1671 5045 1763 5096 καὶ

258 5156 279 5187 ι
330 5137 528 5200 ἄλλους
580 5136 902 5207 ἐλεγχθῆναι
952 5139 1046 5190 καὶ
1089 5136 1516 5206 διορθώσασθαι,
1575 5137 1762 5189 τοῦτον

265 5250 284 5280 ι
343 5228 759 5298 προσδέχεσθαι,
807 5229 902 5282 καὶ
951 5228 1233 5296 βαπτίζειν
1283 5229 1409 5288 τοὺς
1443 5227 1639 5288 παῖδας
1669 5228 1763 5280 αὺ-

259 5344 280 5372 ‹
334 5322 456 5384 τοῦ,
503 5324 595 5374 καὶ
641 5322 1035 5388 ἀσφαλίξεσθαι
1085 5323 1278 5384 αὐτοὺς
1325 5322 1628 5389 ἀποστῆναι
1655 5320 1763 5373 τῶν

263 5436 282 5463 ε
345 5415 656 5480 Ἑϐραϊκῶν
714 5415 1205 5484 ἐπιτηδευμάτων*
1259 5416 1307 5466 εί
1354 5414 1409 5466 δὲ
1471 5415 1544 5483 μὴ
1593 5413 1763 5475 οὕτως

259 5528 280 5555 ι
337 5509 535 5578 ἔχοιεν,
574 5507 834 5575 μηδαμῶς
869 5508 1063 5567 αὐτοὺς
1106 5506 1514 5576 προσδέχεσθαι.
1565 5526 1582 5554 ι

258 5598 467 5650 ιὶΑΛΣ.
542 5597 784 5650 Ἰουδαῖοί
827 5614 993 5662 τινες,
1044 5597 1218 5667 ἔνοχοι
1258 5596 1624 5658 καταστάντες
1674 5596 1764 5648 ἐπί

137 5709 334 5746 τισιν
399 5689 740 5751 ὑποθέσεσιν,
796 5692 891 5742 καὶ
940 5690 1182 5753 θέλοντες
1232 5689 1433 5753 ταύτας
1480 5692 1762 5757 ἐκφυγεῖν,

145 5781 574 5852 προσήρχοντο
596 5783 662 5848 τῇ
698 5781 964 5850 ὀρθοδόξῳ
990 5781 1193 5845 πίστει,
1220 5783 1310 5832 καὶ
1341 5780 1765 5850 προσεποιοῦντο

157 5877 295 5929 μὲν
336 5875 408 5926 τὰ
441 5873 548 5926 τῶν
583 5873 923 5934 Χριστιανῶν
958 5878 1199 5940 φρονεῖν,
1247 5877 1308 5940 τῇ
1357 5873 1584 5943 ἀληθείᾳ
1611 5872 1665 5924 δὲ
1697 5873 1764 5925 τὰ

1875 3308 2049 3366 tyrum
2084 3299 2356 3365 reliquiis,
2415 3299 2643 3353 fundata
2675 3300 2918 3359 fuerunt,
2969 3299 3022 3351 in
3086 3299 3166 3352 eis
3218 3309 3437 3352 sanctas

1872 3393 2132 3462 reliquias
2185 3393 2407 3461 deponi,
2461 3402 2516 3446 et
2583 3405 2876 3448 consuetas
2927 3407 3124 3460 preces
3168 3392 3435 3444 celebrari

1872 3486 2148 3540 deﬁnitum
2174 3495 2278 3540 est.
2305 3485 2627 3554 Quicunque
2652 3497 2831 3538 autem
2865 3495 2982 3551 post
3003 3485 3141 3537 hanc
3171 3483 3434 3554 synodum

1871 3580 1988 3633 sine
2019 3578 2264 3646 reliquiis
2307 3579 2567 3646 templum
2615 3592 2975 3630 consecrasse
3019 3577 3433 3644 deprehendan-

1872 3680 1979 3729 tur,
2013 3671 2355 3738 depositione
2381 3670 2733 3730 damnantur,
2792 3680 2848 3722 ut
2876 3671 3228 3723 lraditiouum
3260 3670 3438 3724 cccle-

1871 3763 2216 3816 siasticarum
2252 3771 2707 3828 transgressores.

2352 3851 2517 3921 293
2554 3849 2779 3904 CANON
2824 3849 2958 3903 vut.

1878 3965 1894 3996 ι
1941 3944 2580 4010 Quouiamllehrazorum
2610 3945 2892 4013 religionis
2918 3947 3137 4012 quidam
3187 3955 3435 3999 errantes

1946 4055 1962 4087 ι
2010 4036 2288 4091 Christum
2310 4036 2478 4091 Deum
2513 4047 2760 4090 nosmtm
2785 4038 3130 4090 subsannare
3160 4037 3257 4090 visi
3284 4048 3432 4103 sunt,

1949 4148 1965 4178 ι
2013 4144 2134 4183 sese
2162 4129 2378 4198 quidem
2406 4127 2750 4182 Christianos
2779 4143 2900 4182 esse
2931 4129 3214 4197 tingentes,
3254 4129 3428 4195 ipsum

1942 4239 1961 4270 ι
2009 4231 2188 4274 autem
2217 4220 2431 4275 occulte
2463 4230 2686 4290 negant,
2730 4228 2784 4273 et
2826 4219 3139 4273 clanculum
3194 4220 3430 4275 Sabbata

1945 4330 1962 4361 ι
2007 4314 2336 4376 observant,
2399 4321 2452 4364 et
2505 4312 2671 4365 multa
2743 4313 2846 4367 alia
2900 4311 3124 4368 Judaica
3181 4313 3429 4368 faciunt:

1942 4422 1961 4454 ι
2013 4404 2329 4465 statuimus,
2394 4413 2450 4455 ut
2507 4404 2596 4458 isti
2649 4419 2827 4473 neque
2871 4404 2934 4457 ad
2965 4405 3428 4464 communionem,

1945 4515 1962 4546 ι
2013 4510 2189 4563 neque
2224 4494 2290 4547 ad
2319 4493 2650 4568 orationem,
2699 4511 2874 4561 neque
2913 4495 2978 4548 ad
3017 4496 3306 4548 ecclesiam
3341 4496 3434 4549 ad-
3481 4554 3486 4560 _

1942 4606 1960 4636 «
2011 4589 2328 4649 mittantur;
2393 4586 2488 4639 sed
2522 4593 2710 4652 aperte
2764 4588 2874 4639 sint
2942 4586 3243 4639 secundum
3277 4600 3430 4640 suam

1945 4696 1963 4728 ι
2012 4677 2327 4748 religionem
2367 4675 2603 4742 llebrtei,
2628 4688 2682 4730 et
2724 4692 2902 4744 neque
2936 4677 3074 4731 ﬁlius
3096 4692 3225 4732 suos
3256 4678 3431 4746 bapti-

1928 4754 1962 4818 ἰ
2011 4779 2156 4830 zent,
2194 4784 2373 4838 neque
2405 4784 2621 4821 servum
2667 4771 2950 4821 emuntvel
2983 4770 3310 4835 possideant.
3372 4768 3429 4822 Si

1943 4877 1960 4909 ι
2010 4869 2190 4912 autem
2254 4875 2317 4914 ex
2353 4875 2487 4930 pura
2520 4869 2573 4914 et
2623 4861 2834 4914 sincera
2902 4861 3006 4914 ﬁde
3071 4861 3191 4928 quis
3239 4876 3426 4915 eorum

1941 4973 1957 5002 ι
2007 4968 2324 5016 conversus,
2353 4960 2407 5005 et
2456 4967 2516 5004 ex
2553 4959 2667 5004 toto
2723 4951 2890 5004 corde
2920 4951 3205 5005 confessus
3239 4950 3427 5012 fuerit,

1943 5067 1959 5097 ι
2011 5061 2197 5098 eorum
2263 5045 2507 5097 moribus
2537 5053 2590 5095 et
2619 5043 2781 5097 rebus
2833 5043 3104 5096 insultans
3152 5058 3216 5096 ac
3261 5042 3424 5096 veluti

1941 5158 1957 5189 ι
2009 5135 2342 5204 triumphum
2396 5150 2606 5204 agens,
2661 5142 2720 5188 ut
2766 5143 2820 5188 et
2867 5135 2956 5187 alii
3018 5134 3344 5188 refellantur
3373 5142 3429 5186 et

1938 5251 1956 5281 ι
2005 5231 2390 5298 corrigantur;
2422 5243 2544 5280 eum
2581 5227 2886 5294 recipiant,
2920 5236 2974 5278 et
3010 5227 3282 5293 baptizent
3307 5223 3427 5294 ejus

1941 5343 1956 5372 ι
2009 5322 2249 5385 liberos;
2299 5328 2352 5372 et
2405 5327 2633 5372 caveant
2681 5317 2782 5388 ipsi
2845 5333 2904 5371 se
2952 5319 3017 5370 ab
3073 5318 3426 5370 Hebraeorum

1943 5433 1959 5463 ι
2010 5411 2206 5464 studiis
2234 5419 2286 5463 et
2320 5405 2583 5462 institutis
2611 5409 2916 5460 descituros
2947 5424 2960 5458 :
2995 5407 3076 5461 sin
3108 5416 3284 5458 autem
3318 5420 3425 5459 non

1941 5522 1956 5552 ι
2008 5506 2077 5555 ila
2115 5519 2170 5554 se
2207 5509 2419 5569 gerant.
2449 5513 2541 5551 eos
2569 5499 2717 5552 nullo
2750 5499 2907 5552 modo
2933 5498 3238 5552 admittant.
3292 5518 3306 5548 ι

1938 5593 2131 5646 BALS.
2169 5590 2339 5644 Jutlzei
2367 5589 2611 5659 quidam,
2651 5605 2774 5643 cum
2827 5589 3188 5657 quorumdam
3242 5591 3428 5643 crimi-

1867 5703 1992 5739 num
2033 5686 2109 5738 rei
2170 5690 2486 5751 agerentur,
2542 5683 2743 5734 velleut
2781 5689 2959 5733 autem
3019 5680 3427 5735 damnationem

1865 5777 2122 5844 etingere,
2182 5772 2244 5824 ad
2303 5772 2459 5824 [idem
2485 5771 2848 5824 Christianam
2884 5769 3237 5832 accedebant,
3277 5780 3329 5822 et
3369 5783 3428 5823 se

1866 5870 2175 5924 Christiana
2237 5864 2456 5933 quidem
2490 5863 2692 5916 sentire
2737 5877 2846 5933 prae
2896 5877 2951 5915 se
3011 5859 3282 5925 terebant,
3331 5860 3425 5916 sed
