4218 6458
844 370 971 431 9l5‘

839 479 1068 538 Jndaira
1121 501 1309 543 revera
1366 495 1725 565 sentiebant,

834 864 929 903 eos
964 868 1070 907 non
1123 854 1176 909 in
1234 858 1477 929 aliquam
1538 871 1980 927 communionem
2016 877 2406 947 admittendos,

834 958 936 996 nec
964 949 1393 1011 permittendum
1444 965 1502 1009 ut
1537 958 1632 1013 ﬁlii
1681 977 1871 1017 eorum
1911 966 2276 1038 baptizentur,
2308 992 2407 1031 nec

835 1044 894 1086 ut
922 1035 1298 1097 Christianum
1337 1063 1559 1103 servum
1590 1051 1702 1108 ullo
1736 1056 1899 1109 modo
1928 1062 2266 1128 possideant,
2310 1068 2403 1121 sed

824 1123 979 1191 juxta
1018 1125 1374 1189 llebratorum
1408 1139 1725 1210 religionem
1760 1162 1818 1201 se
1852 1165 2039 1218 aperte
2084 1168 2297 1218 gerant.
2346 1158 2401 1214 Si

830 1218 956 1281 quis
980 1229 1164 1296 autem
1197 1239 1226 1277 a
1263 1224 1490 1284 Judaica
1546 1233 1851 1302 impietate,
1909 1260 2032 1297 rum
2086 1246 2227 1301 bona
2273 1251 2404 1305 affe-

826 1307 1039 1368 ctione,
1105 1324 1156 1365 et
1184 1316 1304 1369 sine
1367 1324 1700 1381 necessitate
1758 1332 1840 1384 vel
1903 1318 2275 1405 simulatione,
2334 1345 2400 1397 ad

824 1399 1186 1457 orthodoxam
1236 1406 1394 1465 fidem
1454 1429 1755 1474 conversus
1814 1422 2002 1491 fuerit,
2052 1441 2103 1482 et
2158 1431 2400 1492 Judaieis

822 1492 1073 1549 moribus
1120 1498 1462 1570 valedixerit,
1497 1515 1551 1560 et
1600 1517 1714 1563 toto
1742 1516 1929 1568 animo
1984 1521 2049 1574 de
2105 1522 2167 1577 iis
2206 1526 2399 1579 trium-

822 1580 988 1646 phum
1026 1591 1218 1653 cgerit,
1262 1602 1317 1647 et
1355 1596 1637 1653 confessus
1670 1601 1833 1658 fuerit
1861 1624 1921 1662 ea
1954 1628 2074 1678 qum
2104 1616 2169 1665 ah
2199 1619 2398 1685 aliqui-

820 1670 924 1725 bus
954 1689 1218 1743 praetextu
1256 1685 1401 1740 facta
1439 1702 1587 1756 sunt,
1612 1705 1667 1747 et
1697 1697 1762 1750 ud
1793 1686 2231 1763 Christianorum
2271 1713 2391 1765 fidei

819 1763 1249 1829 ludificationem
1285 1782 1612 1850 respiciunt,
1642 1799 1698 1841 nt
1721 1800 1773 1845 et
1805 1792 1880 1845 illi
1909 1799 2310 1854 convincantur
2337 1814 2392 1857 et

2108 400 2386 464 THE’OD.
2427 406 2836 472 BALSAMON

1789 499 2026 560 Sabbata
2104 515 2348 567 clanculo

2461 520 2490 573 Α
2523 519 2629 571 τῶν
2677 522 2947 576 Ἰουδαίων
2996 526 3281 594 ἐφρόνουν,
3316 528 3492 597 λάθρα
3526 532 3987 600 σαϐϐατίζοντες,
4018 548 4091 593 καῖ

839 577 1225 646 observantes,
1258 592 1315 635 et
1342 593 1533 640 nostra
1578 589 1917 659 lacerantes;
1967 614 2098 656 suos
2130 614 2312 659 autem
2354 608 2417 660 li-

840 665 1001 736 beros
1036 670 1408 743 baptizabant,
1435 690 1486 733 et
1517 682 1623 736 alia
1662 690 1906 753 quaedam
1936 692 2022 760 pia
2055 695 2325 752 faciebant
2358 710 2415 753 ut

836 759 1129 815 orthodoxi
1160 763 1398 822 fortasse
1432 772 1771 831 viderentur.
1812 779 2010 837 Dicunt
2040 800 2172 851 ergo
2197 770 2410 854 Patres,

4008 429 4095 493 935

2515 612 2584 664 τὰ
2637 616 2883 684 ἡμέτερα
2932 616 3322 687 διασύροντες,
3368 623 3663 689 ἐϐάπτιζον
3714 628 3776 680 δὲ
3832 632 3938 682 καὶ
3985 636 4092 696 tab;

2515 709 2713 770 παῖδας
2744 711 2948 778 αὐτῶν,
2986 714 3078 765 καὶ
3110 713 3247 767 ἄλλα
3276 715 3399 769 τινὰ
3434 720 3655 772 ἐποίουν
3682 722 3922 793 εὐσεϐῆ,
3947 726 4020 789 ὡς
4044 729 4093 779 ἂν

2512 799 2813 867 φαίνωνται
2853 807 2995 875 τάχα
3037 805 3309 876 ὀρθόδοξοι
3339 824 3354 839 ⁸
3392 811 3555 878 φασὶν
3584 810 3677 865 οὖν
3722 815 3777 866 οἱ
3832 817 4089 887 Πατέρεε,

2515 892 2590 959 μὴ
2621 893 2875 963 δέχεσθαι
2905 897 3130 961 τούτους
3160 900 3241 962 είς
3268 902 3557 955 κοινωνίαν
3583 905 3934 975 οίανδήτινα,
3970 911 4088 977 prgis

2509 991 2861 1056 παραχωρεῖν
2891 991 3018 1049 τοὺς
3052 992 3249 1054 παῖδας
3278 994 3460 1046 αὐτῶν
3502 996 3875 1065 βαπτίζεσθαι
3907 1039 3925 1060 ,
3975 1002 4088 1069 μηδέ

2506 1075 2695 1130 δοῦλον
2737 1080 3066 1148 Χριστιανὸν
3115 1085 3470 1153 ὁπωσδήποτε
3514 1090 3773 1151 κτᾶσθαι,
3820 1092 3969 1146 ἀλλὰ
4002 1114 4087 1161 φα-

2506 1168 2682 1236 νερῶς
2737 1173 2880 1225 κατὰ
2926 1175 3024 1241 τὴν
3058 1175 3167 1228 τῶν
3218 1178 3489 1245 Ἐϐραίων
3546 1180 3857 1252 θρησκείαν
3908 1187 4088 1247 αὐτοὺς

2505 1259 2908 1320 πολιτεύεσθαι.
2937 1266 2999 1317 Εί
3028 1266 3086 1319 δέ
3116 1283 3197 1327 τις
3223 1266 3281 1331 ἐξ
3313 1270 3495 1321 αὐτῶν
3520 1271 3627 1324 ἀπὸ
3650 1272 3750 1340 τῆς
3792 1275 4086 1340 Ἰουδαϊκῆς

2505 1349 2807 1417 θρησκείας
2862 1355 2999 1424 πρὸς
3049 1357 3147 1421 τὴν
3199 1358 3479 1425 ὀρθόδοξον
3530 1361 3714 1414 πίστιν
3766 1364 4085 1432 ἐπιστρέψει

2504 1441 2646 1510 μετά
2674 1443 2922 1513 καθαρᾶς
2954 1447 3249 1512 διαθέσεως
3283 1451 3376 1504 καὶ
3405 1452 3532 1504 ἄνευ
3556 1452 3895 1519 ἀνάγκη;,’ῆ
3931 1473 4086 1519 προσ-

2502 1532 2796 1597 ποιήσεως.
2866 1538 2961 1589 καὶ
3016 1540 3347 1600 ἀποταεεται
3379 1544 3493 1604 τοῖς
3531 1543 3858 1607 Ἰουδαϊκοῖς
3892 1548 4079 1611 ἔθεσιν,

2500 1622 2591 1674 καὶ
2648 1624 2926 1694 ὀλοψύχως
2981 1627 3341 1698 θριαμϐεύσει
3394 1632 3567 1693 αὐτὰ,
3615 1635 3708 1687 καὶ
3756 1638 4082 1705 ὁμολογήσει

2498 1714 2567 1766 τὰ
2621 1718 2771 1784 παρά
2818 1736 2981 1770 τινων
3017 1723 3155 1774 κατᾶ
3192 1725 3392 1794 σκῆψιν
3425 1730 3707 1799 γινόμενα,
3745 1737 3849 1785 καὶ
3884 1737 3968 1794 εἰς
3999 1738 4082 1801 ἐμ-

2498 1801 2741 1875 παιγεὶὸν
2779 1810 3069 1880 ἀφορῶντα
3121 1815 3223 1882 τῆς
3271 1818 3507 1877 πίστεως
3548 1822 3654 1874 τῶν
3705 1825 4077 1893 Χριστιανῶν.

816 1861 1208 1931 corrigawnr:
1248 1870 1363 1937 ipse
1392 1884 1445 1926 et
1476 1876 1597 1944 ejus
1632 1880 1789 1936 liberi
1822 1886 1886 1938 ad
1950 1894 2348 1949 communione:

816 1953 1179 1987 σιδηιῖηηηο..-
1248 1972 1293 1987 ι...
1342 1967 1482 1987 I.-_.-
1602 1983 1611 1987 _
1792 1976 1803 1987 .
1895 1981 1906 1987 .
2172 1986 2175 1987 ,

2612 1861 2651 1875 μ
2829 1861 2839 1877 ι
2892 1861 2902 1880 ι
3133 1861 3220 1882 --μ
3277 1861 3504 1877 ..-η-,η
3558 1861 3651 1874 ...μ
3705 1861 4077 1893 "rubum"

2461 1888 2465 1928 ἶ
2496 1899 2583 1965 ἐφ’
2618 1894 2660 1965 ᾧ
2696 1902 2981 1965 κάκείνους
3012 1904 3333 1977 ἐλεγχθῆναι
3362 1914 3455 1963 καὶ
3495 1912 3893 1985 διορθωθῆναι,
3923 1938 4078 1987 προσο

814 1953 1201 2022 admittantur,
1244 1972 1294 2016 et
1340 1967 1710 2037 haptizcntur,
1760 1976 1978 2045 siprius
2003 1986 2245 2039 caverint
2277 1987 2390 2043 fore

812 2049 871 2093 ut
907 2059 936 2097 a
982 2042 1231 2104 Judaicis
1279 2056 1666 2131 traditionibus
1700 2076 1753 2117 et
1804 2042 2003 2121 studiis
2053 2072 2384 2131 abstineant.

809 2130 948 2185 Nota
988 2135 1154 2203 igitur
1195 2141 1293 2195 ista
1346 2130 1568 2214 propter
1615 2156 1929 2212 sacerdotes
1983 2163 2073 2230 qui
2128 2164 2386 2223 Sarrace-

808 2239 1007 2279 norum
1041 2230 1181 2286 lilios
1213 2235 1528 2306 baptizant;
1577 2256 1631 2299 et
1662 2248 2019 2317 baptismum,
2054 2260 2145 2325 qui
2178 2261 2245 2314 ab
2275 2263 2384 2316 illis

806 2330 1032 2386 propter
1087 2330 1336 2393 corporis
1384 2333 1673 2390 sanitatem
1731 2345 2044 2410 expetitur,
2110 2366 2217 2403 non
2259 2370 2383 2409 esse

802 2411 1221 2476 admittendum.
1258 2421 1748 2491 Quadragesimtnn
1779 2454 1908 2491 vero
1930 2453 2185 2506 quartum
2218 2461 2381 2518 caput

805 2504 961 2566 primi
1017 2510 1097 2561 tit.
1140 2514 1298 2581 primi
1336 2519 1431 2572 lib.
1486 2520 1652 2580 Basil.
1688 2527 1863 2596 inquit
1898 2504 2160 2592 :ludwus
2190 2504 2380 2607 quise

800 2597 1181 2657 Christianum
1213 2622 1334 2663 esse
1365 2612 1503 2667 velle
1542 2633 1654 2684 pra:
1706 2635 1766 2675 se
1813 2622 1992 2679 ferens
2014 2668 2026 2687 ,
2058 2638 2116 2681 ut
2146 2634 2241 2701 qui
2278 2636 2376 2702 ad-

798 2703 992 2746 versus
1025 2709 1083 2747 se
1111 2706 1525 2759 accusationem
1556 2712 1636 2763 vel
1674 2716 1848 2766 mutui
1874 2723 2146 2774 actionem
2179 2738 2375 2794 exspe-

797 2792 929 2846 ctet,
961 2784 1027 2838 ad
1072 2789 1361 2846 ecclesiam
1391 2798 1659 2869 confugit,
1688 2805 1876 2862 debito
1902 2827 2005 2863 nou
2042 2816 2246 2880 soluto,
2290 2822 2373 2874 vel

798 2885 827 2919 ει
857 2872 1090 2951 crimine
1127 2894 1230 2930 non
1273 2882 1580 2952 absolutus,
1618 2908 1685 2945 ne
1716 2896 2060 2953 admittatur.
2102 2906 2294 2970 Quer
2319 2919 2373 2964 et

796 2975 963 3029 caput
996 2967 1065 3018 47
1098 2970 1346 3037 ejusdem
1389 2978 1482 3033 lib.
1524 2992 1575 3033 et
1629 2985 1712 3038 tit.
1745 2987 1999 3043 :Jinlmnc
2040 3000 2368 3070 mancipium

792 3051 1165 3114 Christianum
1203 3082 1269 3119 ne
1317 3068 1534 3135 habeat,
1589 3092 1686 3130 nec
1754 3085 2215 3145 catechumenum
2260 3095 2369 3150 cir-

2495 1987 2749 2055 δέχεσθαι
2776 1991 2965 2044 τοῦτον
2990 1997 3081 2047 καὶ
3105 1997 3229 2058 τοὺς
3253 2000 3449 2059 παῖδας
3466 2004 3629 2055 αὐτοῦ
3659 2006 3739 2065 είς
3763 2010 4075 2071 κοινωνίαν,

2495 2079 2589 2130 καὶ
2647 2078 2952 2149 βαπτίζειν,
3005 2085 3480 2157 ἁσφαλιζομένους
3526 2094 3754 2162 ἀπέχειν
3813 2098 3929 2149 ἀπὸ
3980 2100 4074 2149 τῶν

2504 2169 2812 2223 Ἰουδαϊκῶν
2833 2174 3188 2241 παραδόσεων
3209 2179 3303 2231 καὶ
3325 2182 3801 2251 ἐπιτηδευμάτων.
3829 2188 4076 2256 Σημείω-

2493 2279 2584 2314 σαι
2614 2263 2709 2316 οῦν
2731 2265 2903 2318 ταῦτα
2934 2267 3022 2320 διὰ
3053 2271 3180 2331 τοὺς
3205 2272 3372 2341 ἱερεῖς
3407 2275 3533 2336 τοὺς
3562 2276 3941 2343 βαπτίζοντας
3960 2280 4075 2342 τοὺς

2482 2356 2689 2418 παῖδας
2722 2357 2829 2407 τῶν
2872 2359 3211 2429 Ἀγαρηνῶν,
3264 2366 3356 2416 καὶ
3405 2367 3487 2418 ὅτι
3528 2368 3587 2420 τὸ
3628 2369 3720 2422 διὰ
3765 2370 4073 2441 θεραπείαν

2490 2450 2814 2521 σωματικὴν
2856 2451 3191 2523 ζητούμενον
3226 2457 3332 2511 ὑπὸ
3363 2460 3570 2512 τούτων
3601 2460 3901 2530 βάπτισμα
3935 2468 4068 2517 ἀπα-

2487 2541 2747 2608 ράδεκτὸν
2776 2545 2913 2596 ἐστι.
2950 2545 3023 2596 Τὸ
3052 2547 3231 2613 μέντοι
3267 2549 3349 2617 μδ¹
3395 2567 3519 2615 κεφ.
3546 2551 3640 2602 τοῦ
3668 2559 3719 2603 α’
3771 2554 3966 2607 τίτλον
3988 2554 4070 2608 τοῦ

2484 2640 2532 2685 α’
2578 2633 2783 2703 βιϐλίου
2828 2637 2936 2689 τῶν
2970 2639 3272 2693 Βασιλικῶν
3314 2659 3479 2710 φησιν
3516 2660 3530 2673 ·
3580 2646 3862 2709 Ἰουδαῖος,
3899 2649 3965 2702 τὸ
3994 2649 4071 2700 θέο

2480 2723 2594 2776 λειν
2635 2722 2776 2779 εἶναι
2829 2729 3151 2796 Χριστιανὸς
3204 2734 3695 2800 προσποιούμενος,
3757 2737 3821 2799 ὃς
3853 2738 3947 2802 ἂν,
3980 2740 4068 2806 τὴν

2479 2818 2603 2869 κατ’
2648 2820 2811 2872 αὐτοῦ
2856 2823 3188 2891 κατηγορίαν
3224 2824 3256 2892 ἦ
3308 2827 3406 2893 τὴν
3450 2826 3561 2878 ἀπὸ
3599 2828 3799 2896 χρέους
3846 2832 4067 2897 ἀγωγὴν

2480 2910 2835 2977 παραμένων,
2872 2914 2941 2985 τῇ
2985 2914 3283 2984 Ἐκκλησία
3312 2915 3513 2987 φεύγῃ,
3548 2917 3623 2985 μὴ
3659 2918 3971 2988 πληρώσας
4006 2922 4069 2972 τὰ

2478 3000 2635 3067 χρέη,
2666 3002 2697 3072 ἣ
2733 3002 3119 3072 ἐλευθερωθεὶς
3146 3007 3240 3060 τοῦ
3270 3010 3633 3077 ἐγκλήματος,
3687 3010 3767 3080 μὴ
3801 3012 4065 3080 δεχέσθω.

2473 3095 2636 3162 Ζήτει
2668 3094 2725 3146 δὲ
2760 3096 2821 3146 τὸ
2856 3095 2943 3159 μζ
3006 3116 3130 3165 xeo.
3157 3098 3252 3151 τοῦ
3284 3100 3449 3151 αὐτοῦ
3485 3100 3691 3170 βιϐλίου
3722 3104 3818 3155 καὶ
3842 3106 4029 3157 τίτλον
4050 3121 4063 3133 ·

793 3149 1091 3215 cmucidat,
1125 3170 1227 3209 nec
1262 3160 1402 3216 alius
1437 3163 1727 3225 haereticus
1751 3171 2119 3233 Christianum
2150 3200 2346 3240 servun

793 3236 985 3266 ιιηιυι...
1078 3245 1135 3266 τι.
1195 3264 1236 3266 _,
1370 3255 1428 3266 ι..
1533 3259 1563 3266 _
1731 3264 1737 3266 _

2538 3149 2548 3162 .
2856 3149 2925 3159 ..
3086 3149 3127 3165 ,-
3485 3149 3686 3170 rm---
3723 3149 3818 3155 ηε-
3854 3149 4027 3157 ----.,-

2470 3185 2741 3251 ,Ἰουδαῖος
2791 3190 3122 3259 Χριστιανὸν
3169 3193 3501 3261 ἀνδράποδον
3550 3194 3624 3263 μὴ
3669 3196 3873 3265 ἐχέτω,
3931 3200 4061 3266 μήτε

793 3236 1007 3295 habeat.
1074 3245 1137 3299 Et
1185 3264 1308 3319 cap.
1366 3255 1433 3308 54
1472 3273 1486 3309 :
1530 3259 1909 3322 Samaritanus
1954 3280 2135 3325 autem
2185 3278 2367 3334 nullus

789 3342 1012 3386 servum
1050 3334 1425 3398 Christianum
1494 3350 1715 3408 habebit
1762 3374 1775 3409 :
1826 3361 1918 3412 sed
1963 3378 2085 3416 cum
2130 3367 2361 3433 ptimum

784 3437 911 3477 eum
943 3433 1272 3501 possederit,
1321 3442 1504 3494 statim
1560 3446 1613 3499 in
1661 3448 1966 3508 libertatem
2032 3461 2362 3520 vindicetur.

787 3513 844 3567 Si
879 3533 1074 3575 servus
1110 3538 1292 3581 autem
1328 3532 1572 3598 ejusdem
1605 3554 1729 3592 cum
1784 3544 1902 3612 ipSo
1934 3564 2203 3614 perversa:
2240 3558 2362 3623 opi-

790 3608 974 3665 nionis
1012 3618 1218 3693 fuerit,
1280 3623 1464 3679 licebit
1504 3632 1550 3683 ei
1588 3620 1957 3692 (Jbrisﬁanam
2010 3648 2358 3713 atuplet-tenti

781 3705 1135 3775 opinionem,
1197 3717 1383 3770 statim
1450 3723 1612 3776 etiam
1678 3728 1979 3786 Romanam
2048 3739 2359 3795 libertazem

783 3810 942 3866 asseq
953 3815 983 3851 υ
993 3798 1003 3850 i
1013 3839 1029 3853 .
1450 3802 1453 3805 ’

850 3974 1106 4032 ZONAR.
1170 3981 1403 4045 Quidam
1444 4004 1510 4044 ex
1553 3991 1762 4050 Judteis
1790 4013 1849 4052 se
1901 3999 2022 4056 fidei
2057 4006 2237 4061 studio
2276 4016 2358 4063 te-
2427 4058 2435 4065 .

777 4069 916 4136 neri,
967 4072 1455 4150 Christianamth
1495 4085 1827 4155 religionem
1895 4097 2151 4167 amplecti
2196 4102 2363 4168 velle,

774 4164 1115 4221 simulabant
1150 4186 1164 4222 :
1193 4171 1475 4229 Christum
1508 4194 1637 4234 vero
1670 4182 1745 4236 illi
1786 4186 2222 4260 subsannabant,
2248 4198 2350 4252 hoc

769 4267 874 4322 est,
895 4257 1139 4324 Christo,
1164 4265 1419 4331 privatim
1450 4271 1519 4324 ab
1553 4288 1619 4326 eo
1654 4272 1994 4343 deﬁcientes,
2027 4257 2346 4356 illudebnnt,

767 4358 934 4421 atque
962 4351 1199 4411 Sabbata
1232 4371 1447 4416 secreto
1471 4366 1751 4431 colebant,
1774 4380 1828 4425 et
1853 4374 1993 4429 alios
2027 4366 2344 4441 Iudaeorum

766 4444 930 4509 ritus,
958 4449 1161 4519 quippe
1190 4461 1249 4506 ut
1279 4455 1519 4512 infantes
1544 4476 1675 4514 suos
1710 4467 2089 4536 prteciderent,
2111 4484 2222 4529 tum
2249 4480 2342 4547 qui

2472 3285 2885 3352 κατηχούμενον
2934 3287 3333 3353 περιτεμνέτω,
3388 3288 3527 3357 μήτε
3570 3287 3733 3350 ἄλλος
3779 3292 4063 3381 αίρετικδς

2470 3372 2801 3440 Χριστιανὸν
2852 3375 3189 3442 ἀνδράποδον
3242 3377 3414 3445 ἐχέτω
3448 3395 3463 3412 ο
3524 3379 3617 3431 καὶ
3668 3380 3731 3431 τὸ
3791 3381 3876 3432 νδ⁹
3939 3372 4062 3447 κεέ.

2468 3463 2822 3531 Σαμαρείτης
2873 3463 2929 3514 δὲ
2965 3464 3141 3526 οὐδεὶς
3169 3466 3498 3535 Χριστιανὸν
3525 3469 3750 3536 οἰκέτην
3771 3468 3917 3534 ἕξει,
3949 3471 4059 3526 ἀλλ’

2465 3553 2585 3622 ἅμα
2640 3555 2716 3623 τῷ
2770 3555 3076 3623 κτήσασθαι
3125 3556 3316 3610 τοῦτον
3366 3559 3569 3623 εὐθέως
3609 3563 3691 3624 είς
3733 3562 4059 3633 ἐλευθερίαν

2464 3648 2835 3717 ἁρπάζεσθαι.
2871 3649 2933 3702 Εἰ
2966 3649 3025 3701 δὲ
3050 3650 3150 3718 τῆς
3184 3652 3378 3719 ὁμοίας
3399 3652 3550 3722 αύτῷ
3577 3654 3606 3706 ὁ
3631 3656 3863 3724 οἰκέτης
3894 3674 4058 3709 κακο-

2461 3742 2640 3806 δοξίας
2667 3741 2776 3804 εἴη,
2814 3742 3018 3806 ἐξέστω
3048 3743 3198 3813 αύτῷ
3227 3745 3328 3815 τὴν
3352 3745 3461 3797 τῶν
3484 3748 3840 3810 Χριστιανῶν
3873 3751 4055 3803 ἀσπα-

2459 3835 2676 3904 ζομὲνῳ
2722 3835 2883 3898 δόξαν
2916 3837 3079 3901 εὐθὺς
3110 3838 3204 3891 καὶ
3239 3840 3339 3908 τῆς
3379 3840 3701 3911 Ῥωμαῖκῆς
3749 3843 4054 3896 ἀπολαύειν

2458 3928 2797 3997 ἐλευθερίας.

2530 4021 2777 4073 ΖΩΝΑΡ.
2835 4021 2993 4083 Τινὲς
3052 4023 3294 4076 Ἰουδαῖοι
3337 4026 3715 4095 προσήρχοντο
3754 4026 3838 4096 τῷ
3875 4030 4050 4082 δοκεῖν

2454 4114 2519 4180 τῇ
2560 4113 2763 4173 πίστει,
2801 4118 2897 4166 καὶ
2926 4116 3358 4175 προσεποιοῦντο
3396 4118 3646 4185 γίνεσθαι
3676 4120 4009 4190 Χριστιανοί
4032 4140 4045 4153 ·

2454 4205 2729 4258 ἐκεῖνοιδὲ
2757 4208 3128 4278 ἐμυκτήριζον
3171 4208 3265 4262 τὸν
3299 4210 3569 4279 Χριστόν
3604 4213 3729 4264 ἀντὶ
3775 4214 3899 4282 τοῦ,
3933 4217 4048 4268 ἐνέ-

2454 4296 2651 4361 παιζον
2696 4299 2942 4367 κρυφίως
2991 4302 3154 4355 αὑτὸν
3189 4302 3538 4373 ἀρνούμενοι,
3588 4306 3686 4358 καὶ
3741 4306 4045 4377 λεληθότως

2452 4390 2518 4442 τὰ
2547 4391 2804 4444 Σάϐϐατα
2837 4393 3232 4461 φυλάσσοντες,
3280 4398 3376 4449 καὶ
3416 4397 3554 4451 ἄλλα
3596 4398 3877 4455 Ἰουδαῖκὰ
3930 4422 4043 4455 ποιο

2450 4482 2680 4546 οῦντες,
2730 4480 2840 4549 οἷον
2903 4487 3329 4557 περιτέμνοντες
3391 4492 3523 4552 τοὺς
3578 4493 3783 4556 παῖδας
3836 4496 4037 4561 αὐτῶν,

762 4541 997 4597 cadaver
1026 4548 1322 4619 attigisset,
1352 4554 1446 4622 qui
1475 4556 1625 4626 lepra
1671 4560 1904 4617 infectus
1926 4576 2091 4630 esset,
2129 4570 2213 4623 cui
2257 4587 2344 4626 se-

2982 4541 2993 4555 .
3102 4541 3115 4557 .
3309 4541 3326 4553 .
3586 4541 3781 4556 "ww,
3837 4541 4034 4561 _--_-,

2461 4575 2800 4645 ἰικαθάρτους
2832 4578 3128 4648 ἡγούμενοι
3160 4582 3288 4644 τοὺς
3322 4583 3518 4654 νεκροῦ
3546 4586 4034 4654 προσψαύσανςας,

762 4650 887 4687 men
924 4636 1194 4702 efﬂueret.
1257 4648 1465 4716 quique
1527 4651 1798 4718 ejusmodi
1853 4659 2153 4729 quidquam
2195 4663 2339 4728 aliud

759 4729 983 4795 antiqua
1038 4731 1154 4803 lege
1187 4739 1410 4792 vetitum
1461 4741 1744 4811 fecissent,
1784 4758 2043 4820 tauquam
2092 4755 2341 4820 impuros

754 4833 1172 4890 aversarentur,
1218 4831 1543 4889 retinebant.
1622 4838 1903 4903 Ejusmodi
1962 4844 2128 4910 igitur
2159 4848 2340 4901 homio

754 4926 874 4975 nes,
910 4928 1012 4967 nec
1060 4920 1128 4970 ad
1158 4922 1603 4979 communionem
1646 4929 1883 4997 admitti,
1937 4951 2039 4990 nec
2099 4941 2151 4991 in
2205 4958 2338 4995 con-

749 5011 976 5057 ventum
1029 5021 1201 5062 sacrm
1235 5016 1569 5079 precationis
1600 5020 1789 5088 recipi,
1830 5032 1943 5076 tum
1975 5026 2043 5078 ab
2090 5030 2336 5087 ecclesiae

747 5095 1003 5165 ingressu
1058 5090 1287 5159 omnino
1339 5110 1539 5175 arceri,
1584 5112 2053 5188 llebrteorumque
2114 5139 2332 5180 rursum

751 5190 968 5256 publice
1000 5196 1245 5261 proﬁteri
1306 5212 1552 5267 sectam,
1598 5221 1699 5261 nec
1746 5208 1951 5267 liberos
1982 5230 2114 5272 suos
2155 5218 2334 5290 bapti-

747 5297 897 5342 zare.
931 5299 1036 5340 nec
1070 5287 1202 5357 ipsis
1229 5295 1568 5364 mancipium
1594 5303 1810 5355 emendi
1840 5302 2161 5364 facultatem
2185 5328 2328 5377 esse,
2355 5322 2363 5329 '

690 5399 708 5411 ο
748 5376 994 5443 synodus
1024 5381 1197 5450 jubet.
1230 5383 1607 5444 Christianum
1646 5394 1816 5466 299
1836 5413 2075 5470 namque
2102 5376 2325 5459 servum

741 5464 965 5525 .ludaaus
1022 5474 1309 5540 possidere
1337 5478 1483 5534 civili
1522 5499 1746 5554 quoque
1779 5464 1917 5561 lege
1976 5464 2321 5562 prohibetur.

740 5558 845 5625 Qui
893 5571 1077 5620 tamen
1107 5582 1171 5625 ex
1204 5584 1396 5625 eorum
1430 5589 1661 5632 numero
1699 5577 1839 5635 forte
1867 5582 2027 5637 fidem
2085 5590 2321 5657 amplexi

742 5656 922 5709 forent
944 5696 960 5719 ,
996 5672 1187 5713 servos
1210 5676 1396 5719 emere
1436 5666 1877 5730 Christianorum
1916 5693 2067 5733 more
2100 5685 2324 5749 permit-

738 5747 1019 5802 tebantur.
1058 5750 1333 5815 Quoniam
1382 5772 1512 5811 vero
1543 5760 1596 5815 id
1629 5763 1888 5821 simulate
1925 5747 2193 5839 agebant,
2247 5774 2315 5826 id-

738 5840 885 5897 circo
920 5844 1165 5907 synodus
1203 5861 1423 5911 servum
1455 5853 1521 5907 iis
1562 5869 1767 5923 emere,
1815 5872 1906 5946 aut
1949 5862 2107 5917 aliter
2142 5863 2317 5929 po‘ssi-

2450 4668 2545 4719 καὶ
2608 4670 2734 4733 τοὺς
2768 4669 3026 4742 λεπροὺς,
3081 4674 3175 4726 καὶ
3222 4674 3350 4738 τοὺς
3389 4680 3729 4746 γονορῤυεῖς.
3774 4683 3873 4735 καὶ
3903 4685 4036 4737 ἄλλα

2444 4754 2690 4821 τοιαῦτα,
2735 4759 2837 4811 ὃσα
2884 4761 2962 4829 τῷ
3008 4762 3227 4834 παλαιῷ
3256 4767 3635 4837 ἀπηγόρευται
3678 4773 3859 4843 νόμῳ.
3894 4777 4029 4837 Τοὺς

2444 4848 2576 4916 γοῦν
2609 4853 2886 4915 τοιούτους
2918 4853 3117 4924 ὥρισεν
3147 4858 3181 4926 ἡ
3217 4858 3435 4923 σύνοδος
3452 4864 3591 4933 μήτε
3628 4864 3709 4927 είς
3742 4871 4029 4919 κοινωνίαι·

2441 4940 2721 5010 δέχεσθαι,
2765 4947 2903 5015 μήτε
2954 4949 3311 5018 συνεύχεσθαι
3345 4953 3550 5017 αὐτοῖς.
3606 4958 3752 5024 μήτε
3787 4958 3927 5021 δὶως
3955 4964 4027 5022 εἰς

2440 5035 2742 5104 ἐκκλησίαν
2790 5039 3021 5093 εἰσιέναι
3066 5047 3441 5111 παραχωρεῖν,
3472 5042 3611 5100 εἶναι
3641 5048 3699 5101 δὲ
3741 5049 4025 5119 Ἐϐραίους

2440 5127 2533 5178 καὶ
2582 5126 2738 5191 αὖθις
2772 5132 2911 5183 κατὰ
2950 5133 3012 5185 τὸ
3050 5135 3308 5205 φανερὸν,
3362 5138 3458 5193 καὶ
3502 5140 3641 5209 μηδὲ
3673 5143 3804 5203 τοὺς
3833 5144 4025 5204 παῖδας

2436 5220 2618 5272 αὐτῶν
2659 5221 2967 5290 βαπτίζειν,
3016 5228 3155 5295 μήτε
3206 5234 3555 5302 παραχωρεῖν
3607 5235 3800 5297 αὐτοῖς
3842 5238 4022 5289 δοῦλον

2433 5310 2711 5367 ὠνεῖσθαι.
2763 5316 2837 5368 Τὸ
2877 5318 2985 5388 γὰρ
3029 5321 3358 5390 Χριστιανὸν
3404 5326 3745 5395 ἀνδράποδον
3789 5332 4020 5383 κτᾶσθαι

2445 5405 2697 5462 Ἰουδαῖον
2727 5411 2819 5462 καὶ
2865 5413 2893 5464 ὁ
2926 5400 3203 5476 πολιτικὸς
3234 5416 3431 5469 κωλύει
3463 5418 3647 5487 νόμος.
3686 5422 3753 5472 Ut
3800 5422 3859 5475 δὲ
3886 5426 4018 5491 τάχα

2429 5503 2494 5568 τῇ
2530 5500 2712 5554 πίστει
2746 5503 3140 5571 προσελθόντες
3160 5508 3235 5570 ὠς
3252 5509 3571 5577 Χριστιανοὶ
3591 5511 3694 5563 οὐκ
3716 5512 4018 5567 ἐκωλύοντο

2427 5591 2650 5649 δούλους
2696 5594 2977 5667 ὠνεῖσθαι.
3048 5598 3201 5652 Ἐπεὶ
3241 5600 3298 5653 δὲ
3348 5602 3814 5675 ὑποκεκριμένως
3860 5607 4015 5660 τοῦτο

2427 5684 2668 5753 ἐποίουν,
2702 5689 2924 5761 φησὶνή
2958 5692 3174 5755 σύνοῗος
3204 5696 3278 5764 μὴ
3322 5696 3524 5760 ἐξεῖναι
3567 5700 3762 5762 αὐτοῖς
3797 5701 4013 5763 δούλου..

2424 5778 2704 5843 ὠνεῖσθαι,
2742 5782 2772 5853 ἦ
2800 5783 2973 5846 ἄλλως
3005 5786 3258 5851 κτᾶσθαι,
3286 5791 3347 5842 ἐκ
3370 5788 3580 5857 δωρεᾶς
3607 5791 3796 5860 τυχὸν,
3817 5794 3850 5862 ἢ
3880 5793 4010 5846 ἀντ·

2426 5872 2756 5937 αλλαγῆς,,ἢ
2820 5877 2993 5941 ἑτέρω
3024 5879 3229 5952 τρόπω.
3269 5882 3328 5934 ΕΞ
3360 5880 3415 5934 δὲ
3463 5883 3520 5948 ἐξ
3564 5883 3896 5951 εἰλίκρινοῦς
3927 5885 4013 5938 καὶ
