4218 6458
190 427 279 493 917

1182 434 1262 494 IN
1316 437 1482 495 CAN.
1527 438 1610 496 IX
1647 439 1856 499 CONC.
1884 443 1994 502 VII
2026 442 2384 503 (ECUMEN.

3302 451 3406 514 918

192 542 422 607 καθαρᾶς
443 541 701 609 πίστεως,
720 542 842 599 ἀντὶ⁵
863 541 981 610 τοῦ,
995 542 1250 617 καθαρῶς
1267 547 1360 600 καὶ
1373 550 1737 619 ἀνυποκρίτως

1853 553 2000 613 ili-re,
2049 555 2343 611 donatione
2379 556 2660 620 nimirum,
2715 569 2808 612 aut
2837 559 3276 629 permutatione,
3318 568 3412 612 aut

193 636 499 701 πιστεύσας,
527 637 846 707 ἐπιστρέψει
876 657 958 702 τις
988 640 1169 692 αὐτῶν
1201 639 1295 692 καὶ
1326 641 1650 710 ὁμολογήσει
1685 644 1745 707 ἐξ

186 728 303 796 ὅλης
334 728 582 799 καρδίας,
626 731 745 783 ἀντὶ
779 729 900 795 τοῦ,
923 731 990 785 τὰ
1020 731 1158 785 αύτά
1189 734 1319 802 ἡμῖν
1354 734 1523 801 λέγει,
1553 736 1646 788 καὶ
1676 737 1746 789 τά

191 820 278 889 ἔθη
305 821 368 872 τὰ
397 823 575 875 οἰκεῖα
606 823 699 876 καὶ
742 824 842 876 ὃσα
872 825 1173 894 πράττουσι
1205 826 1550 896 θριαμϐεύει,
1579 829 1745 896 ἡγουν

185 916 258 975 εἰς
281 913 598 984 τὸ-φανερὸν
632 916 950 984 προτίθησι,
985 917 1078 970 καὶ
1106 918 1411 972 συντίθεται
1447 920 1521 988 μὴ
1550 922 1740 982 ποιεῖν,

191 1006 320 1059 ὥστε
349 1007 444 1059 καὶ
472 1008 648 1070 ἄλλως
673 1009 1000 1078 ἐλεγχθῆναι
1048 1011 1381 1079 ὁμοπὶστους
1420 1010 1590 1080 αύτῷ,
1647 1014 1743 1064 καὶ

183 1097 528 1168 διορθωθῆναι
578 1100 669 1154 τὸν
691 1101 932 1155 τοιοῦτον
972 1103 1366 1172 προσδέχεσθαι
1408 1105 1501 1158 καὶ
1539 1103 1737 1173 βαπτίο

187 1191 314 1255 ζειν,
349 1193 439 1244 καὶ
473 1194 670 1256 παῖδας
699 1195 888 1255 αὐτοῦ.
940 1196 1033 1248 καὶ
1064 1196 1310 1266 ἀκριϐῶς
1341 1197 1627 1268 προσέχειν
1648 1199 1743 1251 αύ-

184 1285 307 1343 τοίς,
359 1281 498 1335 ῶστε
544 1285 847 1354 ἀποστῆναι
885 1287 992 1338 τῶν
1029 1286 1336 1356 Ἑϐραϊκῶν
1374 1289 1742 1358 ἐπιτηδευμά-

184 1389 322 1425 των⁸
353 1375 529 1434 ἄλλως
586 1376 640 1427 δὲ
691 1377 888 1440 αὐτοὺς
945 1377 1020 1449 μὴ
1069 1379 1488 1450 προσδέχεσθαι.
1554 1381 1663 1433 Καὶ
1711 1383 1740 1434 ὁ

184 1471 345 1533 μέγας
378 1468 432 1520 δὲ
471 1468 750 1533 Βασίλειος
768 1472 824 1522 ὲν
850 1471 1086 1542 πέμπτῳ
1118 1474 1324 1538 κανόνι,
1358 1473 1496 1536 Τοὺς
1523 1491 1744 1541 μετανο-

180 1558 364 1622 οῦντας
397 1559 494 1622 δεῖ,
541 1563 703 1628 φησὶ,
745 1562 996 1631 δέχεσθαι
1027 1579 1042 1593 ⁶
1078 1565 1178 1618 οὐκ
1222 1565 1460 1636 ἀκρίτως
1489 1565 1567 1629 δὲ,
1603 1567 1740 1620 ἀλλά

183 1651 508 1719 όοκιμάζειν⁶
547 1656 595 1706 εί
675 1654 891 1724 ἀληθῶς
947 1658 1038 1708 καὶ
1093 1658 1329 1728 γνησίως
1395 1659 1737 1728 μετανοοῦσι.

187 1743 288 1794 Καὶ
318 1743 346 1794 ό
381 1745 658 1808 πολιτικὸς
704 1749 865 1815 νόμος
923 1748 1127 1816 πολλὴν
1165 1751 1440 1804 ποιεῖσθαι
1492 1751 1740 1816 θεσπίζει

187 1835 305 1902 περὶ
356 1837 464 1890 τῶν
517 1843 980 1910 προσερχομένων
1041 1842 1316 1896 Ἰουδαίων
1361 1843 1460 1914 τὴν
1516 1845 1740 1914 ἀκριϐο-

174 1927 374 1990 λογίαν.

1847 647 1950 700 alia
1980 662 2307 715 quacunque
2359 651 2574 704 ratione
2613 652 2924 719 qutesitum,
2986 654 3211 707 minime
3245 652 3408 706 licere

1849 737 2114 792 decernit.
2152 737 2307 805 Quod
2339 742 2383 794 si
2412 757 2601 796 eorum
2631 742 2906 812 quispiam
2940 759 3004 798 ex
3035 759 3171 814 pura
3200 755 3253 798 et
3289 743 3407 799 sin-

1846 843 1969 880 cera
1999 829 2122 893 lide,
2153 831 2256 884 hoc
2283 841 2387 894 est,
2417 847 2552 899 puro
2584 832 2768 886 animo
2799 841 2960 899 atque
2995 836 3141 887 omni
3176 832 3406 889 simula-

1822 919 1993 973 ttione
2021 920 2261 985 sublata,
2280 921 2404 976 ﬁdei
2439 925 2711 992 mysteriis
2743 939 3008 980 assensus
3032 935 3406 990 convertatur,

1845 1019 2010 1079 atque
2034 1027 2100 1065 ex
2134 1021 2246 1068 toto
2273 1015 2443 1069 corde
2472 1015 2815 1078 conﬁteatur,
2849 1016 2953 1070 hoc
2981 1025 3086 1080 est,
3123 1017 3404 1070 nobiscum

1811 1099 1818 1108 ’
1847 1102 1900 1155 in
1923 1105 2182 1161 omnibus
2203 1107 2363 1174 plane
2387 1111 2720 1171 consentiat,
2742 1122 2795 1164 et
2820 1112 2885 1166 de
2913 1126 3138 1166 suorum
3163 1112 3409 1163 moribus

1847 1209 1911 1249 ac
1947 1197 2211 1252 institutis
2243 1200 2550 1269 quibusque
2589 1197 2922 1270 triumbhum
2955 1212 3108 1272 agat,
3164 1201 3268 1256 hoc
3303 1211 3410 1264 est,

1844 1302 1903 1340 se
1936 1287 2070 1341 nihil
2096 1289 2275 1343 simile
2303 1290 2570 1345 facturum
2597 1303 2779 1362 aperte
2809 1293 3123 1362 proﬁteatur
3158 1308 3222 1356 ac
3248 1307 3413 1360 spon-

1843 1381 1990 1444 deat,
2029 1391 2088 1435 ut
2116 1398 2182 1438 ex
2210 1398 2276 1438 eo
2306 1382 2395 1437 alii
2431 1401 2648 1455 quoque
2698 1387 2903 1441 erroris
2941 1387 3072 1440 socii
3106 1386 3412 1440 refutentur

1846 1487 1909 1527 ac
1946 1474 2271 1543 resipiscant
2292 1494 2305 1530 :
2327 1480 2534 1531 admitti
2557 1479 2854 1544 hominem,
2883 1480 3170 1549 ipsumque
3193 1488 3246 1533 et
3270 1479 3411 1532 alios

1850 1565 2135 1635 baptizari,
2189 1569 2544 1638 studioseque
2585 1571 2752 1638 ipsos,
2801 1579 2859 1624 ut
2907 1571 2976 1624 ab
3032 1568 3310 1624 Hebraicis
3350 1585 3410 1624 se

1843 1657 2110 1712 institutis
2157 1659 2484 1729 abjungant,
2529 1661 2844 1726 observari;
2878 1678 3037 1716 secus
3072 1663 3296 1715 omnino
3327 1676 3412 1713 rc-

1844 1751 1968 1820 pclli
2014 1751 2212 1819 placet.
2269 1751 2496 1822 Magnus
2531 1769 2658 1808 vero
2688 1755 2852 1808 etiam
2894 1753 3132 1809 Basilius
3163 1794 3178 1816 ,
3217 1753 3412 1822 quinto

1844 1859 2089 1900 canone:
2116 1847 2286 1912 Quos,
2319 1848 2538 1916 inquit,
2566 1847 2738 1901 errati
2783 1846 3037 1916 paenitet,
3092 1842 3410 1899 admittendi

1840 1947 2008 1991 sunt:
2049 1954 2154 1993 non
2188 1950 2371 1994 tamen
2410 1942 2476 1996 iis
2511 1950 2714 1995 temere
2757 1940 3000 1995 habenda
3031 1939 3184 2001 ﬁdes,
3217 1937 3309 1992 scd
3343 1951 3411 1989 an

174 2037 293 2072 vere
321 2037 412 2077 eos
447 2033 500 2078 et
532 2027 807 2081 exanimo
852 2027 1115 2096 paeniteat
1196 2030 1384 2085 sedulo
1439 2028 1904 2098 cognoscendum.
1971 2030 2044 2086 De
2099 2031 2310 2088 .ludaais
2365 2033 2574 2096 itidem,
2641 2041 2702 2087 ut
2757 2047 2868 2087 non
2953 2031 3060 2087 nisi
3121 2027 3414 2101 diligenter

172 2121 460 2173 examinati
498 2121 819 2193 probatique
869 2124 1230 2194 recipiantur,
1281 2125 1460 2182 civilia
1507 2141 1724 2196 quoque
1752 2126 1874 2196 jura
1918 2127 2244 2182 decernunt.

169 2211 381 2264 ΑΡΙΣΤ.
448 2231 467 2264 ι
522 2213 807 2284 Ἐϐραίους
876 2216 950 2286 μὴ
1019 2218 1220 2287 χρῆναι
1307 2217 1726 2286 προσδέχεσθαι,

246 2322 264 2355 ι
309 2303 356 2355 εί
399 2304 474 2374 μὴ
529 2306 805 2374 φαίνοιντο
856 2307 915 2372 ἐξ
961 2307 1294 2380 εἰλικρινοῦς
1339 2308 1565 2377 καρδίας
1609 2310 1730 2360 ὲπιο

245 2411 264 2445 ι
307 2396 646 2465 στρέφοντες.
695 2416 713 2450 ι
762 2399 991 2468 Σαφής.

760 2491 1000 2544 ΚΛΝΩΝ

173 2601 190 2630 ι
242 2579 418 2633 Πάντα
481 2581 549 2634 τὰ
597 2581 937 2653 μειρακιώδη
985 2583 1280 2654 ἀθύρματα
1335 2587 1430 2638 καὶ
1484 2583 1728 2654 μανιώδη

242 2691 260 2723 ι
306 2671 682 2741 βακχεύματα,
721 2673 790 2726 τὰ
832 2673 1445 2746 ψευδοσυγγράμματα,
1472 2675 1540 2729 τά
1592 2673 1732 2728 κατὰ

241 2781 260 2813 ι
301 2763 410 2815 τῶν
428 2763 648 2816 σεπτῶν
677 2765 902 2818 εἰκόνων
929 2767 1214 2835 γινόμενα,
1243 2768 1362 2820 δέον
1396 2767 1618 2835 δοθῆναι
1651 2765 1728 2834 τῷ

243 2873 261 2905 ι
303 2856 641 2926 ὲπισκοπείῳ
698 2858 1342 2922 Κωνσταντινουπόλεως,
1392 2861 1474 2912 ἵνα
1533 2860 1733 2911 ἀποτεο

242 2967 258 2997 ι
305 2947 436 3002 θῶσι
475 2949 617 3016 μετὰ
658 2949 763 3001 τῶν
806 2950 1012 3004 λοιπῶν
1044 2952 1337 3022 αίρετικῶν
1369 2952 1592 3022 βιϐλίων
1621 2968 1636 2980 ·
1682 2954 1733 3006 εἰ

242 3059 260 3090 ι
307 3040 363 3092 δέ
392 3057 472 3102 τις
499 3041 743 3111 εὑρεθείη
775 3041 944 3096 ταῦτα
973 3044 1250 3113 κρύπτων,
1283 3045 1332 3096 εί
1373 3045 1473 3112 μὲν
1509 3045 1735 3097 ἐπίσκο-

239 3153 257 3184 ‹
306 3150 406 3196 πος
463 3136 494 3204 ἢ
552 3135 929 3206 πρεσϐύτερος
986 3137 1019 3206 ἢ
1071 3135 1321 3199 διάκονος
1375 3137 1487 3207 εἴη,
1541 3137 1736 3190 καθαι-

238 3245 256 3276 ι
306 3227 542 3292 ρείσθω·
601 3229 649 3279 εί
717 3228 773 3280 δὲ
850 3229 1035 3292 λαῖκὸς
1095 3231 1128 3298 ἢ
1198 3231 1478 3302 μοναχὸς,
1531 3233 1732 3303 ἀφορι-

235 3338 254 3368 σ
302 3319 493 3381 ζέσθω.
538 3339 557 3369 ι
1141 3345 1153 3349 α

232 3413 424 3465 ΒΔΛΣ.
467 3413 579 3481 Τῆς
623 3414 730 3467 τῶν
775 3417 1401 3487 Χριστιανοκατηγόρων
1454 3417 1573 3485 ἦτοι
1619 3415 1728 3468 τῶν

159 3505 556 3558 εἰκονοκαυτῶν
609 3507 871 3575 αἱρέσεως
921 3509 1278 3578 κρατησάσης
1332 3509 1426 3562 ἐπὶ
1479 3510 1639 3573 πολὺ,
1685 3511 1734 3561 οἱ

156 3597 336 3668 ταύτῃ
385 3599 804 3667 προσκείμενοι,
854 3600 943 3652 διὰ
997 3601 1228 3669 γραφῶν
1280 3602 1378 3664 τὰς
1425 3602 1569 3654 κατὰ
1622 3601 1734 3654 τῶν

158 3690 336 3757 ἁγίων
357 3691 581 3743 είκόνων
607 3691 958 3761 βλασφημίας
979 3692 1156 3744 αὐτῶν
1185 3693 1548 3764 ὲστηλίτευον.
1566 3695 1734 3748 Φασὶν

156 3776 254 3834 οὖν
279 3782 329 3833 οί
363 3781 861 3852 Πατέρεςνόφείλειν
894 3784 1097 3845 ταύτας
1143 3784 1362 3853 δοθῆναι
1411 3784 1496 3852 ἐφ’
1527 3780 1570 3853 ᾧ
1600 3788 1736 3838 ἀποο

154 3872 400 3925 τεθεῖναι
457 3875 514 3925 ὲν
560 3874 639 3943 τῷ
692 3875 1034 3945 ὲπισκοπείῳ
1078 3876 1176 3945 τῆς
1221 3877 1735 3930 Κωνσταντινουπόφ

155 3967 321 4029 λεως,
369 3966 498 4020 ἔνθα
551 3969 876 4021 ἀπόκεινται
925 3969 1018 4021 καὶ
1073 3970 1142 4022 τὰ
1179 3970 1341 4024 λοιπά
1397 3971 1576 4040 βιϐλία
1626 3972 1735 4024 τῶν

155 4059 481 4127 αίρετικῶν.
516 4059 654 4122 Τοὺς
697 4059 753 4112 δὲ
798 4059 1139 4130 κρύπτοντας
1174 4061 1365 4124 ταῦτα,
1403 4062 1734 4132 ίερωμένους

161 4151 268 4218 μὲν
295 4151 477 4214 ὄντας,
511 4153 914 4220 καθαιρεῖσθαι,
946 4154 1168 4216 λαῖκοὺς
1203 4154 1260 4207 δὲ
1314 4154 1408 4208 καὶ
1445 4155 1736 4225 μοναχοὺς,

156 4243 543 4311 ἀφορίζεσθαι.
584 4243 779 4305 Καλῶς
827 4245 882 4298 δὲ
930 4246 1224 4314 ὠνόμασαν
1271 4247 1322 4299 oi
1378 4248 1625 4315 Πατέρες
1670 4247 1738 4299 τὰ

149 4333 389 4385 τοιαῦτα
424 4337 833 4404 συγγράμματα
863 4338 1199 4406 μειρακιώδη
1225 4338 1544 4408 ἀθύρματα,
1573 4341 1738 4408 ἤγουν

149 4425 409 4493 νηπιώδη
461 4427 690 4492 παίγνια
745 4429 836 4480 καὶ
895 4429 1139 4499 μανιώδη
1190 4430 1570 4500 βακχεύματα,
1619 4431 1737 4501 ἢτοι

152 4517 510 4586 μαινομένων
561 4519 780 4589 βακχῶν
839 4521 1254 4592 φλυαρήματαο
1311 4525 1394 4576 ὅτι
1445 4523 1736 4576 εὐδιάλυτα

148 4612 256 4663 καὶ
296 4611 696 4666 εύκατάσειστά
724 4614 862 4666 είσιν
893 4614 966 4676 ώς
1016 4615 1086 4666 τὰ
1117 4615 1228 4667 τῶν
1261 4615 1565 4685 μειρακίων
1601 4617 1735 4668 παίο

147 4720 308 4768 γνια,
348 4702 440 4754 καὶ
470 4703 829 4770 ἀξιογέλαστα
857 4705 931 4768 ώς
965 4706 1032 4760 τὰ
1077 4707 1186 4759 τῶν
1219 4709 1565 4776 μαινομένων
1601 4709 1736 4778 ἔργα

145 4797 254 4848 καὶ
295 4797 628 4864 μεθυόντων.
661 4797 725 4849 Αἱ
763 4796 963 4866 βάκχαι
998 4798 1108 4868 γὰρ
1158 4801 1310 4868 χοροὶ
1353 4794 1499 4868 ἦσαν
1547 4817 1735 4869 μαινο-

147 4893 339 4954 μένων
385 4889 644 4956 ἑπόμενοι
691 4888 770 4958 τῷ
804 4889 986 4960 ὲφόρῳ
1029 4892 1129 4960 τῆς
1182 4893 1352 4961 μέθης
1403 4890 1738 4962 ψευδωνύμῳ

144 4979 264 5047 θεῷ
295 4979 374 5050 τῷ
405 4981 663 5049 Διονύσῳ.
696 4982 756 5033 Οί
796 4981 980 5050 μέντοι
1013 4982 1168 5052 νόμοι
1193 4983 1260 5035 τὰ
1299 4983 1410 5036 τῶν
1437 4985 1735 5052 αίρετικῶν

146 5074 342 5141 βιϐλία
369 5073 692 5144 διορίζονται
720 5074 990 5128 καίεσθαι.
1029 5076 1136 5128 Καὶ
1174 5077 1327 5145 ζήτει
1355 5095 1482 5161 κείρ.
1524 5086 1571 5144 γ’
1632 5078 1726 5129 τοῦ

147 5161 224 5232 ιβ’
255 5163 436 5215 τὲτλου
491 5162 584 5214 τοῦ
619 5164 886 5233 παρόντος
919 5161 1318 5234 συντάᾐατος,
1346 5159 1735 5238 κα“ι”εύρήσεις

139 5259 210 5306 ἐν
270 5255 424 5323 αὐτῷ
472 5257 901 5326 κατεστρωμένα
944 5275 1072 5322 κεφ.
1115 5258 1347 5327 διάφορα
1402 5259 1559 5312 τούτο
1606 5261 1739 5312 αὐτὸ

141 5346 674 5414 παρακελευόμενα.
718 5346 873 5399 Εἴποι
902 5347 966 5400 δέ
1012 5365 1115 5409 τις,
1151 5350 1229 5400 Δι’
1261 5351 1326 5418 ἦν
1373 5351 1556 5401 αἰτίαν
1585 5352 1610 5401 ὁ
1640 5351 1737 5416 μὲν

141 5437 351 5492 κνὼν
399 5439 465 5490 τὰ
494 5439 604 5489 τῶν
658 5439 1281 5509 Χριστιανοκατηγόρων
1330 5441 1511 5510 βιϐλία
1551 5441 1739 5493 ἀποτί-

138 5530 354 5582 Οεσθαι
407 5532 462 5582 ἐν
509 5530 584 5598 τῷ
636 5531 970 5597 ὲπισκοπείῳ
1013 5532 1329 5598 δορίζεται,
1378 5535 1424 5584 οἱ
1478 5532 1628 5602 νόμοι
1684 5532 1740 5583 δὲ

140 5623 420 5677 καίεσθαι
457 5623 630 5676 ταῦτα
665 5625 1030 5694 διορίζονται;
1060 5625 1251 5687 Λύσις.
1286 5627 1497 5679 Ταυτόν
1530 5629 1646 5676 ἐστι
1680 5627 1740 5678 τὸ

140 5716 434 5784 καυθῆναι
468 5717 534 5768 τά
580 5716 784 5785 βέϐηλα
834 5719 1246 5787 συγγράμματα
1288 5717 1397 5769 τῶν
1444 5717 1739 5785 αίρετικῶν

141 5809 252 5862 καὶ
285 5810 350 5860 τὸ
379 5809 709 5878 ἀποτεθῆναι
742 5811 798 5862 ἐν
825 5810 902 5880 τῷ
939 5811 1278 5878 ὲπισκοπείῳ
1310 5809 1408 5878 τῆς
1443 5811 1737 5861 Κώνσταν-

149 5901 557 5966 τινουπόλεως.
612 5901 751 5956 Οὖτε
807 5904 915 5967 γὰρ
980 5906 1244 5970 καιόμενα
1296 5905 1372 5966 είς
1431 5903 1737 5971 ἀνάγνωσιν

1837 2216 2130 2272 ARIST..¢
2166 2219 2421 2275 Hebraeos
2478 2213 2764 2285 atﬁnittere
2825 2236 2933 2274 non
2983 2207 3266 2286 oportet,"
3306 2219 3409 2275 nisi

1908 2326 1926 2359 ι
1972 2326 2068 2364 eos
2101 2312 2317 2366 sincero
2339 2315 2502 2367 corde
2528 2327 2825 2368 conversos
2858 2315 2979 2368 esse
3016 2312 3345 2368 constiterit.
3381 2329 3402 2364 ο

1911 2401 2259 2471 Perspicuus.
2802 2409 2817 2420 '

2423 2497 2652 2553 CANON
2716 2497 2808 2552 IX.

1843 2608 1860 2642 ι
1891 2591 2134 2653 Puerilia,
2150 2591 2331 2645 omnia
2355 2592 2586 2645 ludibria
2612 2592 2924 2662 furiosaque
2944 2592 3086 2647 dicta
3107 2606 3168 2646 ac
3189 2591 3413 2660 scripta,

1918 2701 1936 2734 ι
1983 2697 2106 2751 quae
2194 2683 2458 2738 adversus
2521 2683 2857 2737 venerabiles
2932 2682 3199 2750 imagines
3268 2681 3413 2736 edita

1910 2795 1929 2828 ι
1971 2782 2123 2840 sunt,
2158 2757 3210 2845 episcopi?!)Constantinopolitanotradi
3242 2788 3409 2841 opor-

1908 2887 1928 2921 ι
1977 2875 2076 2932 tet,
2127 2877 2183 2921 ut
2212 2885 2338 2922 cum
2372 2869 2596 2938 reliquis
2630 2868 2902 2922 haereticis
2935 2867 3093 2921 libris
3130 2866 3414 2936 deponan-

1909 2948 1942 3009 ι’
1977 2965 2084 3009 tur.
2153 2955 2209 3022 Si
2238 2955 2364 3024 quis
2389 2964 2569 3008 autem
2595 2955 2708 3009 lucc
2736 2957 2912 3010 celare
2938 2956 3192 3009 inventus
3227 2954 3414 3016 fuerit.

1919 3066 1939 3101 ι
1985 3049 2028 3102 si
2063 3048 2278 3118 quidem
2311 3048 2601 3117 episcOpus
2623 3048 2706 3101 vel
2730 3049 3012 3117 presbyter
3038 3050 3120 3103 vel
3149 3048 3417 3101 diaconus

1916 3157 1937 3192 ι
1980 3140 2071 3203 sit,
2103 3139 2443 3208 deponatur:
2489 3141 2573 3216 ﬁn
2601 3154 2728 3194 vero
2762 3139 2933 3195 laicus
2969 3141 3051 3195 vel
3090 3139 3416 3203 monachus.

1916 3249 1934 3282 ι
1979 3239 2310 3302 segregetnr.
2337 3249 2365 3316 ι’

1911 3411 2108 3466 BALS.
2158 3411 2293 3464 Cum
2333 3411 2774 3465 Christianorum
2839 3411 3079 3466 hostium
3137 3427 3235 3467 seu
3279 3411 3419 3465 ima-

1839 3505 2026 3574 ginum
2065 3514 2380 3557 exustorum
2433 3504 2525 3556 diu
2571 3505 2890 3557 iuvalttisso't
2928 3503 3172 3568 ltzeresis,
3224 3506 3316 3572 qui
3367 3503 3420 3557 cl

1840 3597 2213 3658 adhaerebant,
2268 3611 2397 3649 snas
2441 3595 2706 3650 adversus
2735 3610 2927 3650 sacras
2962 3596 3226 3664 imagines
3270 3597 3420 3650 blas-

1840 3689 2088 3759 phemias
2117 3688 2309 3742 litteris
2349 3688 2707 3741 mandabant.
2782 3687 2982 3742 Dicunt
3029 3705 3158 3758 ergo
3200 3687 3416 3752 Patres,

1841 3798 1933 3836 eas
1957 3782 2152 3836 debere
2198 3781 2360 3838 tradi.
2411 3789 2470 3834 ut
2511 3780 2563 3833 in
2599 3780 2881 3849 episcOpio
2911 3779 3420 3860 CQttstantinopoli-

1841 3881 1970 3927 tano
2023 3881 2381 3940 reponantur,
2442 3872 2534 3927 ubi
2579 3883 2922 3942 reponuntur
2954 3873 3150 3943 reliqui
3200 3887 3422 3941 quoque

1844 3966 1964 4020 libri
1998 3965 2415 4019 haereticorum:
2463 3980 2558 4020 eos
2586 3974 2788 4028 autem,
2826 3965 2919 4034 qui
2960 3966 3072 4019 haec
3101 3965 3421 4030 cclaverint,

1843 4059 1886 4112 si
1926 4059 2143 4127 quidem
2195 4059 2368 4113 sacris
2417 4058 2706 4114 ordinibus
2745 4059 2944 4111 initiati
2991 4057 3122 4120 sint,
3180 4057 3421 4126 deponi;

1843 4152 1928 4204 sin
1957 4164 2084 4203 vero
2114 4150 2237 4204 laici
2268 4151 2350 4204 vel
2380 4150 2655 4214 monachi,
2690 4149 2991 4220 segregari.
3037 4150 3202 4204 Recte
3236 4160 3421 4204 autem

1841 4242 2033 4296 Patres
2088 4242 2358 4311 ejusmodi
2413 4244 2617 4308 scripta
2673 4243 3025 4297 nominarunt
3073 4244 3303 4313 puerilia
3341 4244 3426 4296 lu-

1842 4334 2042 4398 dibria,
2092 4335 2197 4388 hoc
2233 4346 2338 4399 est,
2367 4333 2575 4389 ludicra
2609 4350 2906 4405 puerorum
2943 4335 3340 4390 oblectamenta
3373 4345 3426 4388 et

1843 4428 2032 4482 insana
2064 4444 2125 4481 ac
2160 4428 2415 4482 baccltica
2468 4442 2752 4496 responsa,
2786 4427 3178 4481 insanientium
3209 4429 3423 4482 scilicet

1843 4521 2175 4574 haceliarutn
2207 4535 2415 4587 nugas;
2447 4519 2574 4586 quia
2603 4530 2730 4574 sunt
2759 4520 2940 4572 solutu
2976 4517 3156 4572 facilia
3186 4528 3242 4572 et
3273 4519 3425 4572 nullo

1845 4613 2062 4681 negotio
2115 4611 2538 4674 labefactabilia,
2604 4619 2662 4664 ut
2719 4625 3010 4679 puerorum
3061 4610 3319 4674 ludibria,
3370 4621 3425 4664 et

1775 4703 1814 4756 ι)
1847 4706 2071 4759 ridicula
2108 4713 2165 4756 nt
2201 4704 2532 4758 furiosorum
2557 4713 2610 4759 et
2631 4704 2910 4760 ebriorum
2944 4720 3133 4773 opera.
3199 4703 3426 4757 Baccha:

1842 4799 1984 4853 enim
2016 4806 2170 4850 erant
2198 4798 2349 4850 chori
2385 4797 2800 4859 insanientium,
2839 4797 3118 4850 ebrietatis
3135 4796 3424 4866 presidetn

1841 4899 2136 4958 sequentes
2175 4889 2472 4954 Bacchum,
2508 4889 2600 4958 qui
2636 4888 2774 4943 l‘also
2817 4888 2953 4942 deus
2980 4889 3422 4957 cognominatur.

1841 4980 1962 5035 Jam
1992 4996 2120 5033 vero
2167 4980 2308 5049 leges
2361 4978 2739 5033 haereticorum
2784 4978 2956 5033 libros
3003 4979 3158 5032 exuri
3205 4993 3426 5047 quoque

1843 5074 2158 5127 decernunt.
2233 5070 2425 5134 Quaere
2472 5080 2653 5124 autem
2718 5071 2934 5124 tertium
3003 5078 3165 5137 caput
3222 5071 3304 5124 tit.
3356 5070 3426 5122 42

1845 5166 2127 5235 praesentis
2166 5164 2366 5231 operis,
2415 5173 2468 5218 et
2511 5163 2752 5218 invenies
2801 5163 3019 5218 diversa
3049 5163 3227 5232 capita
3261 5163 3314 5214 in
3359 5177 3426 5214 eo

1845 5259 2044 5328 posita,
2111 5271 2231 5326 quae
2292 5256 2394 5308 hoc
2447 5255 2621 5322 ipsum
2676 5255 2890 5322 jttbent.
2988 5254 3196 5307 Dixerit
3240 5262 3421 5306 autem

1845 5350 2150 5416 quispiam:
2181 5345 2478 5410 Quamnam
2499 5344 2567 5397 ob
2587 5359 2806 5398 causam
2827 5358 3000 5398 canon
3024 5343 3242 5412 quidem
3265 5345 3424 5397 Chri-

1847 5443 2148 5492 stianorum
2207 5437 2442 5489 hostium
2507 5451 2602 5489 seu
2663 5437 2959 5504 imaginum
3012 5435 3419 5489 combustorunt

1847 5534 2021 5585 libros
2059 5533 2109 5584 in
2143 5530 2425 5598 episc0pio
2460 5529 2648 5597 reponi
2682 5529 2853 5598 jtlbet,
2914 5529 3058 5597 leges
3089 5536 3270 5580 autem
3325 5542 3422 5580 eos

1846 5624 2095 5680 Cotnburi
2128 5622 2489 5694 permittunt?
2562 5622 2794 5676 Soltttio.
2879 5620 3022 5674 Idem
3059 5630 3142 5674 est
3168 5621 3418 5673 comburi

1849 5718 2073 5786 profana
2104 5725 2157 5770 et
2190 5717 2349 5784 impia
2391 5715 2765 5766 haereticorum
2804 5713 3028 5782 scripta.
3083 5721 3135 5766 et
3181 5712 3232 5765 in
3273 5711 3420 5764 Con-

1847 5809 2337 5877 smntinopolitano
2387 5807 2670 5875 episcopio
2724 5806 2938 5874 reponi.
3012 5803 3196 5872 Neque
3249 5803 3418 5864 enim,

1850 5906 1895 5957 si
1939 5901 2224 5954 combusta
2261 5897 2480 5958 iuerint,
2531 5897 2794 5966 legentur,
2856 5910 2958 5951 nec
2986 5895 3030 5952 si
3064 5895 3116 5948 in
3147 5892 3417 5962 ejusmodi
