  <div class='ocr_page' id='page_1' title='image "/cluster/home/n/w/nwhite01/storage/ocr_20150623/137/nnc1.0046979786/491.png"; bbox 0 0 4218 6458; ppageno 0'>
   <div class='ocr_carea' id='block_1_1' title="bbox 710 417 815 478">
    <p class='ocr_par' dir='ltr' id='par_1_1' title="bbox 710 417 815 478">
     <span class='ocr_line' id='line_1_1' title="bbox 710 417 815 478; baseline -0.019 -1"><span class='ocrx_word' id='word_1_1' title='bbox 710 417 815 478; x_wconf 82' lang='grc'><strong>923</strong></span> 
     </span>
    </p>
   </div>
   <div class='ocr_carea' id='block_1_2' title="bbox 1989 410 2704 474">
    <p class='ocr_par' dir='ltr' id='par_1_2' title="bbox 1989 410 2704 474">
     <span class='ocr_line' id='line_1_2' title="bbox 1989 410 2704 474; baseline -0.006 0"><span class='ocrx_word' id='word_1_2' title='bbox 1989 411 2268 474; x_wconf 88' lang='lat' dir='ltr'><strong>THEOD.</strong></span> <span class='ocrx_word' id='word_1_3' title='bbox 2309 410 2704 472; x_wconf 80' lang='lat' dir='ltr'><strong>BALSAMON</strong></span> 
     </span>
    </p>
   </div>
   <div class='ocr_carea' id='block_1_3' title="bbox 3877 397 3987 460">
    <p class='ocr_par' dir='ltr' id='par_1_3' title="bbox 3877 397 3987 460">
     <span class='ocr_line' id='line_1_3' title="bbox 3877 397 3987 460; baseline 0 0"><span class='ocrx_word' id='word_1_4' title='bbox 3877 397 3987 460; x_wconf 78' lang='grc'><strong>924</strong></span> 
     </span>
    </p>
   </div>
   <div class='ocr_carea' id='block_1_4' title="bbox 714 517 2310 599">
    <p class='ocr_par' dir='ltr' id='par_1_4' title="bbox 714 527 2288 598">
     <span class='ocr_line' id='line_1_4' title="bbox 714 527 2288 598; baseline -0.001 -15"><span class='ocrx_word' id='word_1_5' title='bbox 714 531 816 584; x_wconf 85' lang='lat' dir='ltr'><strong>hac</strong></span> <span class='ocrx_word' id='word_1_6' title='bbox 871 529 1085 582; x_wconf 87' lang='lat' dir='ltr'><strong>urbium</strong></span> <span class='ocrx_word' id='word_1_7' title='bbox 1138 528 1324 598; x_wconf 77' lang='lat' dir='ltr'><strong>regina</strong></span> <span class='ocrx_word' id='word_1_8' title='bbox 1376 543 1532 584; x_wconf 88' lang='lat' dir='ltr'><strong>sacra</strong></span> <span class='ocrx_word' id='word_1_9' title='bbox 1589 527 1890 595; x_wconf 89' lang='lat' dir='ltr'><strong>celebrare,</strong></span> <span class='ocrx_word' id='word_1_10' title='bbox 1941 529 2105 583; x_wconf 88' lang='lat' dir='ltr'><strong>etiam</strong></span> <span class='ocrx_word' id='word_1_11' title='bbox 2167 529 2288 582; x_wconf 86' lang='lat' dir='ltr'><strong>sine</strong></span> 
     </span>
    </p>
   </div>
   <div class='ocr_carea' id='block_1_5' title="bbox 2402 517 3983 599">
    <p class='ocr_par' dir='ltr' id='par_1_5' title="bbox 2402 517 3983 599">
     <span class='ocr_line' id='line_1_5' title="bbox 2402 517 3983 599; baseline -0.009 -19"><span class='ocrx_word' id='word_1_12' title='bbox 2402 527 2674 599; x_wconf 67' lang='grc' dir='ltr'>ὶλλότριον</span> <span class='ocrx_word' id='word_1_13' title='bbox 2701 527 2963 596; x_wconf 81' lang='grc' dir='ltr'>κληρικδν</span> <span class='ocrx_word' id='word_1_14' title='bbox 2995 523 3334 592; x_wconf 77' lang='grc' dir='ltr'>λειτουργεῖν</span> <span class='ocrx_word' id='word_1_15' title='bbox 3393 520 3453 572; x_wconf 85' lang='grc' dir='ltr'><strong>ἐν</strong></span> <span class='ocrx_word' id='word_1_16' title='bbox 3507 520 3571 588; x_wconf 73' lang='grc' dir='ltr'>τῇ</span> <span class='ocrx_word' id='word_1_17' title='bbox 3607 517 3983 590; x_wconf 73' lang='grc' dir='ltr'>βασιλευούσῃ</span> 
     </span>
    </p>
   </div>
   <div class='ocr_carea' id='block_1_6' title="bbox 712 621 2290 693">
    <p class='ocr_par' dir='ltr' id='par_1_6' title="bbox 712 621 2290 693">
     <span class='ocr_line' id='line_1_6' title="bbox 712 621 2290 693; baseline 0.001 -18"><span class='ocrx_word' id='word_1_18' title='bbox 712 623 1046 678; x_wconf 81' lang='lat' dir='ltr'><strong>dimissoriis</strong></span> <span class='ocrx_word' id='word_1_19' title='bbox 1072 621 1266 679; x_wconf 90' lang='lat' dir='ltr'><strong>litteris</strong></span> <span class='ocrx_word' id='word_1_20' title='bbox 1291 623 1412 693; x_wconf 86' lang='lat' dir='ltr'><strong>ejus</strong></span> <span class='ocrx_word' id='word_1_21' title='bbox 1442 623 1533 693; x_wconf 91' lang='lat' dir='ltr'><strong>qui</strong></span> <span class='ocrx_word' id='word_1_22' title='bbox 1565 623 1712 678; x_wconf 88' lang='lat' dir='ltr'><strong>illum</strong></span> <span class='ocrx_word' id='word_1_23' title='bbox 1747 621 2042 680; x_wconf 74' lang='lat' dir='ltr'><strong>ordinavit.</strong></span> <span class='ocrx_word' id='word_1_24' title='bbox 2123 621 2290 691; x_wconf 77' lang='lat' dir='ltr'><strong>Majo-</strong></span> 
     </span>
    </p>
   </div>
   <div class='ocr_carea' id='block_1_7' title="bbox 715 717 2287 788">
    <p class='ocr_par' dir='ltr' id='par_1_7' title="bbox 715 717 2287 788">
     <span class='ocr_line' id='line_1_7' title="bbox 715 717 2287 788; baseline -0.001 -16"><span class='ocrx_word' id='word_1_25' title='bbox 715 735 804 774; x_wconf 88' lang='lat' dir='ltr'><strong>res</strong></span> <span class='ocrx_word' id='word_1_26' title='bbox 853 733 981 771; x_wconf 87' lang='lat' dir='ltr'><strong>vero</strong></span> <span class='ocrx_word' id='word_1_27' title='bbox 1034 717 1315 780; x_wconf 89' lang='lat' dir='ltr'><strong>dicuntur,</strong></span> <span class='ocrx_word' id='word_1_28' title='bbox 1364 718 1455 787; x_wconf 86' lang='lat' dir='ltr'><strong>qui</strong></span> <span class='ocrx_word' id='word_1_29' title='bbox 1500 717 1803 788; x_wconf 87' lang='lat' dir='ltr'><strong>&#39;agrestium</strong></span> <span class='ocrx_word' id='word_1_30' title='bbox 1845 717 2287 773; x_wconf 90' lang='lat' dir='ltr'><strong>suburbanorum</strong></span> 
     </span>
    </p>
   </div>
   <div class='ocr_carea' id='block_1_8' title="bbox 715 809 2325 880">
    <p class='ocr_par' dir='ltr' id='par_1_8' title="bbox 715 809 2325 880">
     <span class='ocr_line' id='line_1_8' title="bbox 715 809 2325 880; baseline 0.001 -17"><span class='ocrx_word' id='word_1_31' title='bbox 715 820 996 864; x_wconf 81' lang='lat' dir='ltr'><strong>curatores</strong></span> <span class='ocrx_word' id='word_1_32' title='bbox 1028 811 1202 872; x_wconf 87' lang='lat' dir='ltr'><strong>ftunt;</strong></span> <span class='ocrx_word' id='word_1_33' title='bbox 1260 809 1399 865; x_wconf 89' lang='lat' dir='ltr'><strong>sicut</strong></span> <span class='ocrx_word' id='word_1_34' title='bbox 1435 809 1538 864; x_wconf 86' lang='lat' dir='ltr'><strong>hoc</strong></span> <span class='ocrx_word' id='word_1_35' title='bbox 1581 809 1648 864; x_wconf 87' lang='lat' dir='ltr'><strong>ab</strong></span> <span class='ocrx_word' id='word_1_36' title='bbox 1699 825 1820 864; x_wconf 91' lang='lat' dir='ltr'><strong>can.</strong></span> <span class='ocrx_word' id='word_1_37' title='bbox 1872 812 1928 865; x_wconf 84' lang='grc' dir='ltr'>Η</span> <span class='ocrx_word' id='word_1_38' title='bbox 1992 815 2180 880; x_wconf 76' lang='lat' dir='ltr'><strong>primae</strong></span> <span class='ocrx_word' id='word_1_39' title='bbox 2237 819 2325 866; x_wconf 72' lang='lat' dir='ltr'><strong>et.</strong></span> 
     </span>
    </p>
   </div>
   <div class='ocr_carea' id='block_1_9' title="bbox 715 900 2286 971">
    <p class='ocr_par' dir='ltr' id='par_1_9' title="bbox 715 900 2286 971">
     <span class='ocr_line' id='line_1_9' title="bbox 715 900 2286 971; baseline 0.001 -17"><span class='ocrx_word' id='word_1_40' title='bbox 715 900 966 956; x_wconf 74' lang='lat' dir='ltr'><strong>secundae</strong></span> <span class='ocrx_word' id='word_1_41' title='bbox 1016 917 1137 971; x_wconf 88' lang='lat' dir='ltr'><strong>syn.</strong></span> <span class='ocrx_word' id='word_1_42' title='bbox 1192 915 1312 970; x_wconf 56' lang='lat' dir='ltr'><strong>qum</strong></span> <span class='ocrx_word' id='word_1_43' title='bbox 1345 911 1532 955; x_wconf 89' lang='lat' dir='ltr'><strong>coacta</strong></span> <span class='ocrx_word' id='word_1_44' title='bbox 1587 900 1689 954; x_wconf 88' lang='lat' dir='ltr'><strong>fttit</strong></span> <span class='ocrx_word' id='word_1_45' title='bbox 1722 903 1775 956; x_wconf 91' lang='lat' dir='ltr'><strong>in</strong></span> <span class='ocrx_word' id='word_1_46' title='bbox 1812 903 1926 958; x_wconf 67' lang='lat' dir='ltr'><strong>aede</strong></span> <span class='ocrx_word' id='word_1_47' title='bbox 1960 903 2286 958; x_wconf 89' lang='lat' dir='ltr'><strong>Sanctorum</strong></span> 
     </span>
    </p>
   </div>
   <div class='ocr_carea' id='block_1_10' title="bbox 716 992 2292 1064">
    <p class='ocr_par' dir='ltr' id='par_1_10' title="bbox 716 992 2292 1064">
     <span class='ocr_line' id='line_1_10' title="bbox 716 992 2292 1064; baseline 0.002 -18"><span class='ocrx_word' id='word_1_48' title='bbox 716 993 1122 1062; x_wconf 75' lang='lat' dir='ltr'><strong>Apostolorum,</strong></span> <span class='ocrx_word' id='word_1_49' title='bbox 1171 994 1496 1048; x_wconf 85' lang='lat' dir='ltr'><strong>ostenditur.</strong></span> <span class='ocrx_word' id='word_1_50' title='bbox 1589 992 1702 1049; x_wconf 87' lang='lat' dir='ltr'><strong>Hoc</strong></span> <span class='ocrx_word' id='word_1_51' title='bbox 1747 1010 1877 1064; x_wconf 84' lang='lat' dir='ltr'><strong>ergo</strong></span> <span class='ocrx_word' id='word_1_52' title='bbox 1929 995 1997 1050; x_wconf 91' lang='lat' dir='ltr'><strong>ab</strong></span> <span class='ocrx_word' id='word_1_53' title='bbox 2043 996 2142 1058; x_wconf 90' lang='lat' dir='ltr'><strong>iis,</strong></span> <span class='ocrx_word' id='word_1_54' title='bbox 2197 996 2292 1064; x_wconf 83' lang='lat' dir='ltr'><strong>qui</strong></span> 
     </span>
    </p>
   </div>
   <div class='ocr_carea' id='block_1_11' title="bbox 716 1086 2288 1156">
    <p class='ocr_par' dir='ltr' id='par_1_11' title="bbox 716 1086 2288 1156">
     <span class='ocr_line' id='line_1_11' title="bbox 716 1086 2288 1156; baseline 0.001 -16"><span class='ocrx_word' id='word_1_55' title='bbox 716 1088 887 1143; x_wconf 87' lang='lat' dir='ltr'><strong>sacris</strong></span> <span class='ocrx_word' id='word_1_56' title='bbox 927 1088 1215 1142; x_wconf 87' lang='lat' dir='ltr'><strong>ordinibus</strong></span> <span class='ocrx_word' id='word_1_57' title='bbox 1254 1086 1450 1142; x_wconf 83' lang='lat' dir='ltr'><strong>initiati</strong></span> <span class='ocrx_word' id='word_1_58' title='bbox 1499 1095 1651 1152; x_wconf 89' lang='lat' dir='ltr'><strong>sunt,</strong></span> <span class='ocrx_word' id='word_1_59' title='bbox 1703 1089 1890 1144; x_wconf 84' lang='lat' dir='ltr'><strong>Patres</strong></span> <span class='ocrx_word' id='word_1_60' title='bbox 1925 1099 2288 1156; x_wconf 83' lang='lat' dir='ltr'><strong>removentes,</strong></span> 
     </span>
    </p>
   </div>
   <div class='ocr_carea' id='block_1_12' title="bbox 713 1177 2290 1242">
    <p class='ocr_par' dir='ltr' id='par_1_12' title="bbox 713 1177 2290 1242">
     <span class='ocr_line' id='line_1_12' title="bbox 713 1177 2290 1242; baseline -0.001 -10"><span class='ocrx_word' id='word_1_61' title='bbox 713 1179 794 1234; x_wconf 92' lang='lat' dir='ltr'><strong>eis</strong></span> <span class='ocrx_word' id='word_1_62' title='bbox 844 1180 1054 1234; x_wconf 90' lang='lat' dir='ltr'><strong>litteras</strong></span> <span class='ocrx_word' id='word_1_63' title='bbox 1091 1178 1290 1234; x_wconf 89' lang='lat' dir='ltr'><strong>docere</strong></span> <span class='ocrx_word' id='word_1_64' title='bbox 1328 1178 1636 1242; x_wconf 89' lang='lat' dir='ltr'><strong>consulunt,</strong></span> <span class='ocrx_word' id='word_1_65' title='bbox 1671 1185 1723 1232; x_wconf 91' lang='lat' dir='ltr'><strong>et</strong></span> <span class='ocrx_word' id='word_1_66' title='bbox 1749 1193 1814 1233; x_wconf 81' lang='lat' dir='ltr'><strong>ex</strong></span> <span class='ocrx_word' id='word_1_67' title='bbox 1851 1193 1915 1232; x_wconf 89' lang='lat' dir='ltr'><strong>eo</strong></span> <span class='ocrx_word' id='word_1_68' title='bbox 1943 1177 2045 1233; x_wconf 85' lang='lat' dir='ltr'><strong>sibi</strong></span> <span class='ocrx_word' id='word_1_69' title='bbox 2086 1179 2290 1231; x_wconf 86' lang='lat' dir='ltr'><strong>victum</strong></span> 
     </span>
    </p>
   </div>
   <div class='ocr_carea' id='block_1_13' title="bbox 717 1272 2290 1343">
    <p class='ocr_par' dir='ltr' id='par_1_13' title="bbox 717 1272 2290 1343">
     <span class='ocr_line' id='line_1_13' title="bbox 717 1272 2290 1343; baseline -0.003 -15"><span class='ocrx_word' id='word_1_70' title='bbox 717 1289 946 1343; x_wconf 90' lang='lat' dir='ltr'><strong>parare;</strong></span> <span class='ocrx_word' id='word_1_71' title='bbox 1000 1274 1256 1342; x_wconf 86' lang='lat' dir='ltr'><strong>quoniam</strong></span> <span class='ocrx_word' id='word_1_72' title='bbox 1289 1272 1356 1326; x_wconf 91' lang='lat' dir='ltr'><strong>ad</strong></span> <span class='ocrx_word' id='word_1_73' title='bbox 1405 1273 1508 1327; x_wconf 89' lang='lat' dir='ltr'><strong>hoc</strong></span> <span class='ocrx_word' id='word_1_74' title='bbox 1537 1287 1755 1341; x_wconf 89' lang='lat' dir='ltr'><strong>quoque</strong></span> <span class='ocrx_word' id='word_1_75' title='bbox 1783 1272 1971 1326; x_wconf 87' lang='lat' dir='ltr'><strong>selecti</strong></span> <span class='ocrx_word' id='word_1_76' title='bbox 2020 1282 2073 1326; x_wconf 93' lang='lat' dir='ltr'><strong>et</strong></span> <span class='ocrx_word' id='word_1_77' title='bbox 2113 1272 2290 1342; x_wconf 88' lang='lat' dir='ltr'><strong>depu-</strong></span> 
     </span>
    </p>
   </div>
   <div class='ocr_carea' id='block_1_14' title="bbox 717 1364 2292 1434">
    <p class='ocr_par' dir='ltr' id='par_1_14' title="bbox 717 1364 2292 1434">
     <span class='ocr_line' id='line_1_14' title="bbox 717 1364 2292 1434; baseline -0.001 -14"><span class='ocrx_word' id='word_1_78' title='bbox 717 1368 810 1421; x_wconf 91' lang='lat' dir='ltr'><strong>tati</strong></span> <span class='ocrx_word' id='word_1_79' title='bbox 845 1375 992 1420; x_wconf 91' lang='lat' dir='ltr'><strong>sunt.</strong></span> <span class='ocrx_word' id='word_1_80' title='bbox 1048 1365 1268 1420; x_wconf 84' lang='lat' dir='ltr'><strong>Alienos</strong></span> <span class='ocrx_word' id='word_1_81' title='bbox 1291 1375 1472 1420; x_wconf 88' lang='lat' dir='ltr'><strong>autem</strong></span> <span class='ocrx_word' id='word_1_82' title='bbox 1501 1365 1730 1420; x_wconf 87' lang='lat' dir='ltr'><strong>clericos</strong></span> <span class='ocrx_word' id='word_1_83' title='bbox 1761 1364 1906 1420; x_wconf 91' lang='lat' dir='ltr'><strong>inter</strong></span> <span class='ocrx_word' id='word_1_84' title='bbox 1936 1364 2292 1434; x_wconf 78' lang='lat' dir='ltr'><strong>magistratus</strong></span> 
     </span>
    </p>
   </div>
   <div class='ocr_carea' id='block_1_15' title="bbox 715 1457 2294 1520">
    <p class='ocr_par' dir='ltr' id='par_1_15' title="bbox 715 1457 2294 1520">
     <span class='ocr_line' id='line_1_15' title="bbox 715 1457 2294 1520; baseline 0 -9"><span class='ocrx_word' id='word_1_85' title='bbox 715 1475 809 1512; x_wconf 84' lang='lat' dir='ltr'><strong>seu</strong></span> <span class='ocrx_word' id='word_1_86' title='bbox 846 1459 1023 1513; x_wconf 89' lang='lat' dir='ltr'><strong>ollicia</strong></span> <span class='ocrx_word' id='word_1_87' title='bbox 1071 1457 1334 1520; x_wconf 84' lang='lat' dir='ltr'><strong>assidere.</strong></span> <span class='ocrx_word' id='word_1_88' title='bbox 1390 1464 1443 1511; x_wconf 89' lang='lat' dir='ltr'><strong>et</strong></span> <span class='ocrx_word' id='word_1_89' title='bbox 1493 1457 1547 1510; x_wconf 92' lang='lat' dir='ltr'><strong>in</strong></span> <span class='ocrx_word' id='word_1_90' title='bbox 1587 1472 1779 1511; x_wconf 91' lang='lat' dir='ltr'><strong>eorum</strong></span> <span class='ocrx_word' id='word_1_91' title='bbox 1831 1457 2086 1510; x_wconf 86' lang='lat' dir='ltr'><strong>oratoriis</strong></span> <span class='ocrx_word' id='word_1_92' title='bbox 2131 1458 2294 1511; x_wconf 88' lang='lat' dir='ltr'><strong>mini-</strong></span> 
     </span>
    </p>
   </div>
   <div class='ocr_carea' id='block_1_16' title="bbox 715 1549 2296 1614">
    <p class='ocr_par' dir='ltr' id='par_1_16' title="bbox 715 1549 2296 1614">
     <span class='ocr_line' id='line_1_16' title="bbox 715 1549 2296 1614; baseline 0 -10"><span class='ocrx_word' id='word_1_93' title='bbox 715 1560 912 1614; x_wconf 88' lang='lat' dir='ltr'><strong>strare,</strong></span> <span class='ocrx_word' id='word_1_94' title='bbox 937 1561 1020 1607; x_wconf 89' lang='lat' dir='ltr'><strong>est</strong></span> <span class='ocrx_word' id='word_1_95' title='bbox 1071 1551 1236 1608; x_wconf 86' lang='lat' dir='ltr'><strong>facti:</strong></span> <span class='ocrx_word' id='word_1_96' title='bbox 1291 1566 1414 1604; x_wconf 87' lang='lat' dir='ltr'><strong>nam</strong></span> <span class='ocrx_word' id='word_1_97' title='bbox 1466 1560 1518 1604; x_wconf 92' lang='lat' dir='ltr'><strong>et</strong></span> <span class='ocrx_word' id='word_1_98' title='bbox 1550 1549 1596 1604; x_wconf 92' lang='lat' dir='ltr'><strong>si</strong></span> <span class='ocrx_word' id='word_1_99' title='bbox 1650 1549 1704 1604; x_wconf 93' lang='lat' dir='ltr'><strong>in</strong></span> <span class='ocrx_word' id='word_1_100' title='bbox 1757 1549 2112 1605; x_wconf 87' lang='lat' dir='ltr'><strong>inferioribus</strong></span> <span class='ocrx_word' id='word_1_101' title='bbox 2170 1566 2296 1604; x_wconf 88' lang='lat' dir='ltr'><strong>ora-</strong></span> 
     </span>
    </p>
   </div>
   <div class='ocr_carea' id='block_1_17' title="bbox 715 1644 2294 1714">
    <p class='ocr_par' dir='ltr' id='par_1_17' title="bbox 715 1644 2294 1714">
     <span class='ocr_line' id='line_1_17' title="bbox 715 1644 2294 1714; baseline 0 -16"><span class='ocrx_word' id='word_1_102' title='bbox 715 1647 901 1707; x_wconf 89' lang='lat' dir='ltr'><strong>toriis,</strong></span> <span class='ocrx_word' id='word_1_103' title='bbox 981 1655 1178 1714; x_wconf 77' lang='lat' dir='ltr'><strong>praeter</strong></span> <span class='ocrx_word' id='word_1_104' title='bbox 1249 1660 1471 1700; x_wconf 89' lang='lat' dir='ltr'><strong>suorum</strong></span> <span class='ocrx_word' id='word_1_105' title='bbox 1551 1644 1934 1714; x_wconf 89' lang='lat' dir='ltr'><strong>episc0porum</strong></span> <span class='ocrx_word' id='word_1_106' title='bbox 2001 1646 2082 1700; x_wconf 86' lang='lat' dir='ltr'><strong>vel</strong></span> <span class='ocrx_word' id='word_1_107' title='bbox 2150 1646 2294 1698; x_wconf 89' lang='lat' dir='ltr'><strong>Con-</strong></span> 
     </span>
    </p>
   </div>
   <div class='ocr_carea' id='block_1_18' title="bbox 713 1737 2296 1808">
    <p class='ocr_par' dir='ltr' id='par_1_18' title="bbox 713 1737 2296 1808">
     <span class='ocr_line' id='line_1_18' title="bbox 713 1737 2296 1808; baseline -0.001 -14"><span class='ocrx_word' id='word_1_108' title='bbox 713 1738 1189 1808; x_wconf 88' lang='lat' dir='ltr'><strong>stantinopolitani</strong></span> <span class='ocrx_word' id='word_1_109' title='bbox 1237 1746 1470 1792; x_wconf 87' lang='lat' dir='ltr'><strong>mentem</strong></span> <span class='ocrx_word' id='word_1_110' title='bbox 1536 1737 1972 1793; x_wconf 82' lang='lat' dir='ltr'><strong>celebraverint.</strong></span> <span class='ocrx_word' id='word_1_111' title='bbox 2037 1738 2296 1794; x_wconf 88' lang='lat' dir='ltr'><strong>similiter</strong></span> 
     </span>
    </p>
   </div>
   <div class='ocr_carea' id='block_1_19' title="bbox 717 1834 1033 1902">
    <p class='ocr_par' dir='ltr' id='par_1_19' title="bbox 717 1834 1033 1902">
     <span class='ocr_line' id='line_1_19' title="bbox 717 1834 1033 1902; baseline 0.003 -16"><span class='ocrx_word' id='word_1_112' title='bbox 717 1834 1033 1902; x_wconf 85' lang='lat' dir='ltr'><strong>punientur.</strong></span> 
     </span>
    </p>
   </div>
   <div class='ocr_carea' id='block_1_20' title="bbox 788 1922 2292 1994">
    <p class='ocr_par' dir='ltr' id='par_1_20' title="bbox 788 1922 2292 1994">
     <span class='ocr_line' id='line_1_20' title="bbox 788 1922 2292 1994; baseline 0 -18"><span class='ocrx_word' id='word_1_113' title='bbox 788 1922 1040 1978; x_wconf 84' lang='lat' dir='ltr'><strong>ZONAR.</strong></span> <span class='ocrx_word' id='word_1_114' title='bbox 1066 1923 1218 1977; x_wconf 79' lang='lat' dir='ltr'><strong>Multi</strong></span> <span class='ocrx_word' id='word_1_115' title='bbox 1239 1923 1340 1976; x_wconf 90' lang='lat' dir='ltr'><strong>hac</strong></span> <span class='ocrx_word' id='word_1_116' title='bbox 1358 1923 1426 1978; x_wconf 86' lang='lat' dir='ltr'><strong>de</strong></span> <span class='ocrx_word' id='word_1_117' title='bbox 1445 1938 1502 1978; x_wconf 93' lang='lat' dir='ltr'><strong>re</strong></span> <span class='ocrx_word' id='word_1_118' title='bbox 1522 1922 1805 1994; x_wconf 79' lang='lat' dir='ltr'><strong>apostolici</strong></span> <span class='ocrx_word' id='word_1_119' title='bbox 1824 1923 2292 1994; x_wconf 88' lang='lat' dir='ltr'><strong>synodiciqueca-</strong></span> 
     </span>
    </p>
   </div>
   <div class='ocr_carea' id='block_1_21' title="bbox 719 2017 2292 2081">
    <p class='ocr_par' dir='ltr' id='par_1_21' title="bbox 719 2017 2292 2081">
     <span class='ocr_line' id='line_1_21' title="bbox 719 2017 2292 2081; baseline 0 -8"><span class='ocrx_word' id='word_1_120' title='bbox 719 2033 893 2073; x_wconf 90' lang='lat' dir='ltr'><strong>nones</strong></span> <span class='ocrx_word' id='word_1_121' title='bbox 926 2018 1054 2072; x_wconf 90' lang='lat' dir='ltr'><strong>editi</strong></span> <span class='ocrx_word' id='word_1_122' title='bbox 1079 2024 1242 2081; x_wconf 90' lang='lat' dir='ltr'><strong>sunt;</strong></span> <span class='ocrx_word' id='word_1_123' title='bbox 1274 2017 1364 2071; x_wconf 87' lang='lat' dir='ltr'><strong>sed</strong></span> <span class='ocrx_word' id='word_1_124' title='bbox 1407 2017 1548 2070; x_wconf 88' lang='lat' dir='ltr'><strong>malo</strong></span> <span class='ocrx_word' id='word_1_125' title='bbox 1581 2017 1708 2071; x_wconf 85' lang='lat' dir='ltr'><strong>huic</strong></span> <span class='ocrx_word' id='word_1_126' title='bbox 1741 2017 2118 2072; x_wconf 78' lang='lat' dir='ltr'><strong>exscindenda</strong></span> <span class='ocrx_word' id='word_1_127' title='bbox 2145 2017 2292 2073; x_wconf 85' lang='lat' dir='ltr'><strong>haud</strong></span> 
     </span>
    </p>
   </div>
   <div class='ocr_carea' id='block_1_22' title="bbox 719 2108 2297 2182">
    <p class='ocr_par' dir='ltr' id='par_1_22' title="bbox 719 2108 2297 2182">
     <span class='ocr_line' id='line_1_22' title="bbox 719 2108 2297 2182; baseline 0.001 -18"><span class='ocrx_word' id='word_1_128' title='bbox 719 2109 1089 2164; x_wconf 77' lang='lat' dir='ltr'><strong>sufﬁciebant.</strong></span> <span class='ocrx_word' id='word_1_129' title='bbox 1143 2109 1379 2164; x_wconf 89' lang='lat' dir='ltr'><strong>Proinde</strong></span> <span class='ocrx_word' id='word_1_130' title='bbox 1420 2108 1565 2162; x_wconf 85' lang='lat' dir='ltr'><strong>hunc</strong></span> <span class='ocrx_word' id='word_1_131' title='bbox 1599 2125 1864 2165; x_wconf 90' lang='lat' dir='ltr'><strong>canonetn</strong></span> <span class='ocrx_word' id='word_1_132' title='bbox 1912 2110 2028 2166; x_wconf 63' lang='lat' dir='ltr'><strong>haec</strong></span> <span class='ocrx_word' id='word_1_133' title='bbox 2077 2128 2297 2182; x_wconf 90' lang='lat' dir='ltr'><strong>quoque</strong></span> 
     </span>
    </p>
   </div>
   <div class='ocr_carea' id='block_1_23' title="bbox 719 2201 2295 2277">
    <p class='ocr_par' dir='ltr' id='par_1_23' title="bbox 719 2201 2295 2277">
     <span class='ocr_line' id='line_1_23' title="bbox 719 2201 2295 2277; baseline 0.004 -21"><span class='ocrx_word' id='word_1_134' title='bbox 719 2201 963 2272; x_wconf 84' lang='lat' dir='ltr'><strong>synodus</strong></span> <span class='ocrx_word' id='word_1_135' title='bbox 1017 2202 1402 2271; x_wconf 80' lang='lat' dir='ltr'><strong>promulgavit,</strong></span> <span class='ocrx_word' id='word_1_136' title='bbox 1464 2202 1602 2256; x_wconf 89' lang='lat' dir='ltr'><strong>duas</strong></span> <span class='ocrx_word' id='word_1_137' title='bbox 1658 2219 1745 2258; x_wconf 91' lang='lat' dir='ltr'><strong>res</strong></span> <span class='ocrx_word' id='word_1_138' title='bbox 1815 2203 2001 2269; x_wconf 87' lang='lat' dir='ltr'><strong>simul,</strong></span> <span class='ocrx_word' id='word_1_139' title='bbox 2063 2223 2295 2277; x_wconf 92' lang='lat' dir='ltr'><strong>quarum</strong></span> 
     </span>
    </p>
   </div>
   <div class='ocr_carea' id='block_1_24' title="bbox 721 2295 2298 2369">
    <p class='ocr_par' dir='ltr' id='par_1_24' title="bbox 721 2295 2298 2369">
     <span class='ocr_line' id='line_1_24' title="bbox 721 2295 2298 2369; baseline 0.004 -21"><span class='ocrx_word' id='word_1_140' title='bbox 721 2307 953 2365; x_wconf 86' lang='lat' dir='ltr'><strong>utraque</strong></span> <span class='ocrx_word' id='word_1_141' title='bbox 1009 2295 1188 2366; x_wconf 91' lang='lat' dir='ltr'><strong>legum</strong></span> <span class='ocrx_word' id='word_1_142' title='bbox 1235 2295 1724 2351; x_wconf 80' lang='lat' dir='ltr'><strong>constitutionibus</strong></span> <span class='ocrx_word' id='word_1_143' title='bbox 1784 2309 2132 2369; x_wconf 90' lang='lat' dir='ltr'><strong>repugnaret,</strong></span> <span class='ocrx_word' id='word_1_144' title='bbox 2188 2316 2298 2354; x_wconf 94' lang='lat' dir='ltr'><strong>una</strong></span> 
     </span>
    </p>
   </div>
   <div class='ocr_carea' id='block_1_25' title="bbox 717 2388 2296 2457">
    <p class='ocr_par' dir='ltr' id='par_1_25' title="bbox 717 2388 2296 2457">
     <span class='ocr_line' id='line_1_25' title="bbox 717 2388 2296 2457; baseline 0.003 -15"><span class='ocrx_word' id='word_1_145' title='bbox 717 2389 1020 2457; x_wconf 79' lang='lat' dir='ltr'><strong>eademque</strong></span> <span class='ocrx_word' id='word_1_146' title='bbox 1050 2402 1214 2456; x_wconf 87' lang='lat' dir='ltr'><strong>opera</strong></span> <span class='ocrx_word' id='word_1_147' title='bbox 1246 2388 1653 2457; x_wconf 88' lang='lat' dir='ltr'><strong>prohibentem.</strong></span> <span class='ocrx_word' id='word_1_148' title='bbox 1704 2391 1943 2446; x_wconf 87' lang='lat' dir='ltr'><strong>Alteram</strong></span> <span class='ocrx_word' id='word_1_149' title='bbox 1994 2409 2063 2446; x_wconf 88' lang='lat' dir='ltr'><strong>ne</strong></span> <span class='ocrx_word' id='word_1_150' title='bbox 2092 2409 2157 2447; x_wconf 84' lang='lat' dir='ltr'><strong>ex</strong></span> <span class='ocrx_word' id='word_1_151' title='bbox 2191 2410 2296 2447; x_wconf 88' lang='lat' dir='ltr'><strong>una</strong></span> 
     </span>
    </p>
   </div>
   <div class='ocr_carea' id='block_1_26' title="bbox 723 2479 2296 2554">
    <p class='ocr_par' dir='ltr' id='par_1_26' title="bbox 723 2479 2296 2554">
     <span class='ocr_line' id='line_1_26' title="bbox 723 2479 2296 2554; baseline 0.003 -21"><span class='ocrx_word' id='word_1_152' title='bbox 723 2479 859 2535; x_wconf 91' lang='lat' dir='ltr'><strong>urbe</strong></span> <span class='ocrx_word' id='word_1_153' title='bbox 904 2480 956 2533; x_wconf 94' lang='lat' dir='ltr'><strong>in</strong></span> <span class='ocrx_word' id='word_1_154' title='bbox 985 2479 1170 2545; x_wconf 89' lang='lat' dir='ltr'><strong>aliam,</strong></span> <span class='ocrx_word' id='word_1_155' title='bbox 1199 2495 1268 2534; x_wconf 89' lang='lat' dir='ltr'><strong>ne</strong></span> <span class='ocrx_word' id='word_1_156' title='bbox 1290 2480 1344 2534; x_wconf 89' lang='lat' dir='ltr'><strong>itt</strong></span> <span class='ocrx_word' id='word_1_157' title='bbox 1373 2480 1513 2534; x_wconf 88' lang='lat' dir='ltr'><strong>hanc</strong></span> <span class='ocrx_word' id='word_1_158' title='bbox 1535 2482 1755 2551; x_wconf 89' lang='lat' dir='ltr'><strong>quidem</strong></span> <span class='ocrx_word' id='word_1_159' title='bbox 1785 2484 2000 2538; x_wconf 91' lang='lat' dir='ltr'><strong>urbium</strong></span> <span class='ocrx_word' id='word_1_160' title='bbox 2033 2485 2296 2554; x_wconf 75' lang='lat' dir='ltr'><strong>reginam,</strong></span> 
     </span>
    </p>
   </div>
   <div class='ocr_carea' id='block_1_27' title="bbox 720 2571 2292 2646">
    <p class='ocr_par' dir='ltr' id='par_1_27' title="bbox 720 2571 2292 2646">
     <span class='ocr_line' id='line_1_27' title="bbox 720 2571 2292 2646; baseline 0.003 -20"><span class='ocrx_word' id='word_1_161' title='bbox 720 2571 906 2626; x_wconf 86' lang='lat' dir='ltr'><strong>clerici</strong></span> <span class='ocrx_word' id='word_1_162' title='bbox 953 2571 1117 2626; x_wconf 87' lang='lat' dir='ltr'><strong>alieni</strong></span> <span class='ocrx_word' id='word_1_163' title='bbox 1153 2571 1505 2634; x_wconf 91' lang='lat' dir='ltr'><strong>discurrant,</strong></span> <span class='ocrx_word' id='word_1_164' title='bbox 1545 2589 1721 2642; x_wconf 89' lang='lat' dir='ltr'><strong>neque</strong></span> <span class='ocrx_word' id='word_1_165' title='bbox 1764 2589 1822 2630; x_wconf 85' lang='lat' dir='ltr'><strong>se</strong></span> <span class='ocrx_word' id='word_1_166' title='bbox 1875 2577 2292 2646; x_wconf 78' lang='lat' dir='ltr'><strong>magistratibus</strong></span> 
     </span>
    </p>
   </div>
   <div class='ocr_carea' id='block_1_28' title="bbox 721 2663 2294 2736">
    <p class='ocr_par' dir='ltr' id='par_1_28' title="bbox 721 2663 2294 2736">
     <span class='ocr_line' id='line_1_28' title="bbox 721 2663 2294 2736; baseline 0.003 -20"><span class='ocrx_word' id='word_1_167' title='bbox 721 2663 1045 2733; x_wconf 86' lang='lat' dir='ltr'><strong>adjungant,</strong></span> <span class='ocrx_word' id='word_1_168' title='bbox 1079 2678 1144 2719; x_wconf 85' lang='lat' dir='ltr'><strong>ac</strong></span> <span class='ocrx_word' id='word_1_169' title='bbox 1185 2664 1240 2717; x_wconf 92' lang='lat' dir='ltr'><strong>in</strong></span> <span class='ocrx_word' id='word_1_170' title='bbox 1272 2679 1460 2718; x_wconf 87' lang='lat' dir='ltr'><strong>eorum</strong></span> <span class='ocrx_word' id='word_1_171' title='bbox 1498 2666 1786 2732; x_wconf 88' lang='lat' dir='ltr'><strong>oratoriis,</strong></span> <span class='ocrx_word' id='word_1_172' title='bbox 1826 2666 1928 2722; x_wconf 87' lang='lat' dir='ltr'><strong>nisi</strong></span> <span class='ocrx_word' id='word_1_173' title='bbox 1972 2667 2294 2736; x_wconf 88' lang='lat' dir='ltr'><strong>impetrata,</strong></span> 
     </span>
    </p>
   </div>
   <div class='ocr_carea' id='block_1_29' title="bbox 725 2757 2300 2828">
    <p class='ocr_par' dir='ltr' id='par_1_29' title="bbox 725 2757 2300 2828">
     <span class='ocr_line' id='line_1_29' title="bbox 725 2757 2300 2828; baseline 0 -14"><span class='ocrx_word' id='word_1_174' title='bbox 725 2769 838 2814; x_wconf 89' lang='lat' dir='ltr'><strong>tum</strong></span> <span class='ocrx_word' id='word_1_175' title='bbox 865 2759 1129 2828; x_wconf 82' lang='lat' dir='ltr'><strong>episcopi,</strong></span> <span class='ocrx_word' id='word_1_176' title='bbox 1162 2773 1191 2812; x_wconf 93' lang='lat' dir='ltr'><strong>a</strong></span> <span class='ocrx_word' id='word_1_177' title='bbox 1219 2773 1326 2827; x_wconf 90' lang='lat' dir='ltr'><strong>quo</strong></span> <span class='ocrx_word' id='word_1_178' title='bbox 1375 2757 1772 2823; x_wconf 83' lang='lat' dir='ltr'><strong>discesserunt,</strong></span> <span class='ocrx_word' id='word_1_179' title='bbox 1812 2774 1935 2813; x_wconf 93' lang='lat' dir='ltr'><strong>cum</strong></span> <span class='ocrx_word' id='word_1_180' title='bbox 1984 2759 2300 2814; x_wconf 80' lang='lat' dir='ltr'><strong>Constanti-</strong></span> 
     </span>
    </p>
   </div>
   <div class='ocr_carea' id='block_1_30' title="bbox 722 2852 2296 2922">
    <p class='ocr_par' dir='ltr' id='par_1_30' title="bbox 722 2852 2296 2922">
     <span class='ocr_line' id='line_1_30' title="bbox 722 2852 2296 2922; baseline 0.001 -16"><span class='ocrx_word' id='word_1_181' title='bbox 722 2853 1046 2922; x_wconf 90' lang='lat' dir='ltr'><strong>nopolitani,</strong></span> <span class='ocrx_word' id='word_1_182' title='bbox 1079 2852 1239 2920; x_wconf 90' lang='lat' dir='ltr'><strong>cujus</strong></span> <span class='ocrx_word' id='word_1_183' title='bbox 1282 2853 1333 2904; x_wconf 91' lang='lat' dir='ltr'><strong>in</strong></span> <span class='ocrx_word' id='word_1_184' title='bbox 1367 2852 1628 2906; x_wconf 91' lang='lat' dir='ltr'><strong>ditionetn</strong></span> <span class='ocrx_word' id='word_1_185' title='bbox 1681 2861 1972 2915; x_wconf 88' lang='lat' dir='ltr'><strong>venerunt,</strong></span> <span class='ocrx_word' id='word_1_186' title='bbox 2020 2853 2296 2919; x_wconf 81' lang='lat' dir='ltr'><strong>facultate,</strong></span> 
     </span>
    </p>
   </div>
   <div class='ocr_carea' id='block_1_31' title="bbox 723 2944 2300 3012">
    <p class='ocr_par' dir='ltr' id='par_1_31' title="bbox 723 2944 2300 3012">
     <span class='ocr_line' id='line_1_31' title="bbox 723 2944 2300 3012; baseline -0.003 -13"><span class='ocrx_word' id='word_1_187' title='bbox 723 2962 880 3000; x_wconf 87' lang='lat' dir='ltr'><strong>sacra</strong></span> <span class='ocrx_word' id='word_1_188' title='bbox 917 2945 1158 3010; x_wconf 77' lang='lat' dir='ltr'><strong>faciant;</strong></span> <span class='ocrx_word' id='word_1_189' title='bbox 1199 2944 1405 3012; x_wconf 88' lang='lat' dir='ltr'><strong>alioqui</strong></span> <span class='ocrx_word' id='word_1_190' title='bbox 1438 2945 1781 3012; x_wconf 85' lang='lat' dir='ltr'><strong>depositione</strong></span> <span class='ocrx_word' id='word_1_191' title='bbox 1834 2945 2099 2998; x_wconf 80' lang='lat' dir='ltr'><strong>lltllllalldl</strong></span> <span class='ocrx_word' id='word_1_192' title='bbox 2161 2964 2172 2997; x_wconf 92' lang='lat'>:</span> <span class='ocrx_word' id='word_1_193' title='bbox 2219 2949 2300 3000; x_wconf 78' lang='lat' dir='ltr'><strong>al-</strong></span> 
     </span>
    </p>
   </div>
   <div class='ocr_carea' id='block_1_32' title="bbox 724 3034 2300 3104">
    <p class='ocr_par' dir='ltr' id='par_1_32' title="bbox 724 3034 2300 3104">
     <span class='ocr_line' id='line_1_32' title="bbox 724 3034 2300 3104; baseline -0.001 -14"><span class='ocrx_word' id='word_1_194' title='bbox 724 3046 923 3101; x_wconf 85' lang='lat' dir='ltr'><strong>teram,</strong></span> <span class='ocrx_word' id='word_1_195' title='bbox 951 3051 1040 3102; x_wconf 90' lang='lat' dir='ltr'><strong>ne,</strong></span> <span class='ocrx_word' id='word_1_196' title='bbox 1065 3035 1316 3104; x_wconf 88' lang='lat' dir='ltr'><strong>quamvis</strong></span> <span class='ocrx_word' id='word_1_197' title='bbox 1347 3035 1400 3087; x_wconf 92' lang='lat' dir='ltr'><strong>in</strong></span> <span class='ocrx_word' id='word_1_198' title='bbox 1433 3034 1678 3087; x_wconf 90' lang='lat' dir='ltr'><strong>oratorio</strong></span> <span class='ocrx_word' id='word_1_199' title='bbox 1701 3047 1858 3086; x_wconf 90' lang='lat' dir='ltr'><strong>sacra</strong></span> <span class='ocrx_word' id='word_1_200' title='bbox 1893 3035 2200 3088; x_wconf 88' lang='lat' dir='ltr'><strong>celebrandi</strong></span> <span class='ocrx_word' id='word_1_201' title='bbox 2230 3035 2300 3088; x_wconf 91' lang='lat' dir='ltr'><strong>ab</strong></span> 
     </span>
    </p>
   </div>
   <div class='ocr_carea' id='block_1_33' title="bbox 725 3122 2295 3194">
    <p class='ocr_par' dir='ltr' id='par_1_33' title="bbox 725 3122 2295 3194">
     <span class='ocr_line' id='line_1_33' title="bbox 725 3122 2295 3194; baseline 0 -15"><span class='ocrx_word' id='word_1_202' title='bbox 725 3125 796 3179; x_wconf 85' lang='lat' dir='ltr'><strong>iis</strong></span> <span class='ocrx_word' id='word_1_203' title='bbox 827 3139 964 3194; x_wconf 88' lang='lat' dir='ltr'><strong>quos</strong></span> <span class='ocrx_word' id='word_1_204' title='bbox 997 3124 1241 3179; x_wconf 79' lang='lat' dir='ltr'><strong>diximus</strong></span> <span class='ocrx_word' id='word_1_205' title='bbox 1275 3122 1551 3193; x_wconf 88' lang='lat' dir='ltr'><strong>episcopis</strong></span> <span class='ocrx_word' id='word_1_206' title='bbox 1581 3123 1894 3177; x_wconf 80' lang='lat' dir='ltr'><strong>facultatem</strong></span> <span class='ocrx_word' id='word_1_207' title='bbox 1927 3125 2295 3190; x_wconf 88' lang='lat' dir='ltr'><strong>obtinuerint,</strong></span> 
     </span>
    </p>
   </div>
   <div class='ocr_carea' id='block_1_34' title="bbox 2392 606 3984 688">
    <p class='ocr_par' dir='ltr' id='par_1_34' title="bbox 2392 606 3984 688">
     <span class='ocr_line' id='line_1_34' title="bbox 2392 606 3984 688; baseline -0.006 -19"><span class='ocrx_word' id='word_1_208' title='bbox 2392 618 2500 672; x_wconf 82' lang='grc' dir='ltr'>τῶν</span> <span class='ocrx_word' id='word_1_209' title='bbox 2536 620 2767 686; x_wconf 86' lang='grc' dir='ltr'>πόλεων,</span> <span class='ocrx_word' id='word_1_210' title='bbox 2800 620 2895 672; x_wconf 81' lang='grc' dir='ltr'>καὶ</span> <span class='ocrx_word' id='word_1_211' title='bbox 2926 613 3050 688; x_wconf 70' lang='grc' dir='ltr'>δίχα</span> <span class='ocrx_word' id='word_1_212' title='bbox 3101 613 3440 684; x_wconf 81' lang='grc' dir='ltr'>ἁπολυτικῆς</span> <span class='ocrx_word' id='word_1_213' title='bbox 3481 612 3701 682; x_wconf 78' lang='grc' dir='ltr'><strong>γραφῆς</strong></span> <span class='ocrx_word' id='word_1_214' title='bbox 3733 606 3829 663; x_wconf 74' lang='lat'><strong>105</strong></span> <span class='ocrx_word' id='word_1_215' title='bbox 3863 627 3984 679; x_wconf 85' lang='grc' dir='ltr'>χει-</span> 
     </span>
    </p>
   </div>
   <div class='ocr_carea' id='block_1_35' title="bbox 2395 701 3980 785">
    <p class='ocr_par' dir='ltr' id='par_1_35' title="bbox 2395 701 3980 785">
     <span class='ocr_line' id='line_1_35' title="bbox 2395 701 3980 785; baseline -0.009 -19"><span class='ocrx_word' id='word_1_216' title='bbox 2395 716 2787 785; x_wconf 88' lang='grc' dir='ltr'>ροτονήσαντος</span> <span class='ocrx_word' id='word_1_217' title='bbox 2823 713 3007 766; x_wconf 86' lang='grc' dir='ltr'>αὐτόν.</span> <span class='ocrx_word' id='word_1_218' title='bbox 3042 709 3362 780; x_wconf 79' lang='grc' dir='ltr'>Μειζότεροι</span> <span class='ocrx_word' id='word_1_219' title='bbox 3416 709 3600 778; x_wconf 84' lang='grc' dir='ltr'>μέντοι</span> <span class='ocrx_word' id='word_1_220' title='bbox 3637 705 3900 769; x_wconf 84' lang='grc' dir='ltr'>λέγονται</span> <span class='ocrx_word' id='word_1_221' title='bbox 3931 701 3980 752; x_wconf 79' lang='grc' dir='ltr'>οι</span> 
     </span>
    </p>
   </div>
   <div class='ocr_carea' id='block_1_36' title="bbox 2393 797 3982 878">
    <p class='ocr_par' dir='ltr' id='par_1_36' title="bbox 2393 797 3982 878">
     <span class='ocr_line' id='line_1_36' title="bbox 2393 797 3982 878; baseline -0.009 -16"><span class='ocrx_word' id='word_1_222' title='bbox 2393 808 2721 878; x_wconf 85' lang='grc' dir='ltr'>κουράτορες</span> <span class='ocrx_word' id='word_1_223' title='bbox 2738 806 2848 859; x_wconf 84' lang='grc' dir='ltr'><strong>τῶν</strong></span> <span class='ocrx_word' id='word_1_224' title='bbox 2865 804 3203 877; x_wconf 82' lang='grc' dir='ltr'>ἁγροικικῶν</span> <span class='ocrx_word' id='word_1_225' title='bbox 3221 801 3590 873; x_wconf 77' lang='grc' dir='ltr'><strong>προαστείων,</strong></span> <span class='ocrx_word' id='word_1_226' title='bbox 3605 797 3791 860; x_wconf 86' lang='grc' dir='ltr'>καθὼς</span> <span class='ocrx_word' id='word_1_227' title='bbox 3815 797 3982 850; x_wconf 73' lang='grc' dir='ltr'>τοῦτο</span> 
     </span>
    </p>
   </div>
   <div class='ocr_carea' id='block_1_37' title="bbox 2392 891 3980 972">
    <p class='ocr_par' dir='ltr' id='par_1_37' title="bbox 2392 891 3980 972">
     <span class='ocr_line' id='line_1_37' title="bbox 2392 891 3980 972; baseline -0.008 -17"><span class='ocrx_word' id='word_1_228' title='bbox 2392 902 2724 972; x_wconf 82' lang='grc' dir='ltr'>παρίσταται</span> <span class='ocrx_word' id='word_1_229' title='bbox 2755 901 2862 954; x_wconf 83' lang='grc' dir='ltr'>ἀπὸ</span> <span class='ocrx_word' id='word_1_230' title='bbox 2879 901 2972 953; x_wconf 71' lang='grc' dir='ltr'>τοῦ</span> <span class='ocrx_word' id='word_1_231' title='bbox 2999 898 3066 953; x_wconf 84' lang='grc' dir='ltr'>ια’</span> <span class='ocrx_word' id='word_1_232' title='bbox 3109 898 3331 960; x_wconf 87' lang='grc' dir='ltr'>κανόνος</span> <span class='ocrx_word' id='word_1_233' title='bbox 3363 897 3460 965; x_wconf 84' lang='grc' dir='ltr'>τῆς</span> <span class='ocrx_word' id='word_1_234' title='bbox 3484 893 3531 948; x_wconf 87' lang='grc' dir='ltr'>α’</span> <span class='ocrx_word' id='word_1_235' title='bbox 3554 895 3648 949; x_wconf 75' lang='grc' dir='ltr'><strong>καὶ</strong></span> <span class='ocrx_word' id='word_1_236' title='bbox 3672 894 3716 962; x_wconf 85' lang='grc' dir='ltr'><strong>β’</strong></span> <span class='ocrx_word' id='word_1_237' title='bbox 3752 891 3980 945; x_wconf 81' lang='grc' dir='ltr'><strong>συνόδου</strong></span> 
     </span>
    </p>
   </div>
   <div class='ocr_carea' id='block_1_38' title="bbox 2392 987 3979 1064">
    <p class='ocr_par' dir='ltr' id='par_1_38' title="bbox 2392 987 3979 1064">
     <span class='ocr_line' id='line_1_38' title="bbox 2392 987 3979 1064; baseline -0.008 -16"><span class='ocrx_word' id='word_1_238' title='bbox 2392 995 2492 1064; x_wconf 80' lang='grc' dir='ltr'><strong>τῆς</strong></span> <span class='ocrx_word' id='word_1_239' title='bbox 2545 995 2821 1064; x_wconf 72' lang='grc' dir='ltr'><strong>συστάσης</strong></span> <span class='ocrx_word' id='word_1_240' title='bbox 2860 995 2915 1046; x_wconf 84' lang='grc' dir='ltr'><strong>ἐν</strong></span> <span class='ocrx_word' id='word_1_241' title='bbox 2954 993 3032 1064; x_wconf 85' lang='grc' dir='ltr'>τῷ</span> <span class='ocrx_word' id='word_1_242' title='bbox 3073 994 3183 1063; x_wconf 85' lang='grc' dir='ltr'><strong>ναῷ</strong></span> <span class='ocrx_word' id='word_1_243' title='bbox 3216 993 3322 1046; x_wconf 87' lang='grc' dir='ltr'><strong>τῶν</strong></span> <span class='ocrx_word' id='word_1_244' title='bbox 3355 992 3554 1058; x_wconf 82' lang='grc' dir='ltr'>Ἀγίων</span> <span class='ocrx_word' id='word_1_245' title='bbox 3594 987 3979 1042; x_wconf 79' lang='grc' dir='ltr'>Ἀποστόλων·</span> 
     </span>
    </p>
   </div>
   <div class='ocr_carea' id='block_1_39' title="bbox 2395 1082 3980 1159">
    <p class='ocr_par' dir='ltr' id='par_1_39' title="bbox 2395 1082 3980 1159">
     <span class='ocr_line' id='line_1_39' title="bbox 2395 1082 3980 1159; baseline -0.005 -19"><span class='ocrx_word' id='word_1_246' title='bbox 2395 1089 2550 1142; x_wconf 76' lang='grc' dir='ltr'>τοῦτο</span> <span class='ocrx_word' id='word_1_247' title='bbox 2570 1084 2666 1142; x_wconf 79' lang='grc' dir='ltr'>οὖν</span> <span class='ocrx_word' id='word_1_248' title='bbox 2688 1089 2794 1142; x_wconf 84' lang='grc' dir='ltr'>τῶν</span> <span class='ocrx_word' id='word_1_249' title='bbox 2827 1089 3144 1159; x_wconf 80' lang='grc' dir='ltr'><strong>ἱερωμένων</strong></span> <span class='ocrx_word' id='word_1_250' title='bbox 3169 1089 3217 1140; x_wconf 81' lang='grc' dir='ltr'>οἱ</span> <span class='ocrx_word' id='word_1_251' title='bbox 3240 1088 3483 1154; x_wconf 85' lang='grc' dir='ltr'>Πατέρες</span> <span class='ocrx_word' id='word_1_252' title='bbox 3508 1082 3980 1154; x_wconf 82' lang='grc' dir='ltr'>ἀποτρεπόμενοι.</span> 
     </span>
    </p>
   </div>
   <div class='ocr_carea' id='block_1_40' title="bbox 2396 1177 3983 1254">
    <p class='ocr_par' dir='ltr' id='par_1_40' title="bbox 2396 1177 3983 1254">
     <span class='ocr_line' id='line_1_40' title="bbox 2396 1177 3983 1254; baseline -0.006 -16"><span class='ocrx_word' id='word_1_253' title='bbox 2396 1183 2746 1238; x_wconf 80' lang='grc' dir='ltr'><strong>ὑποτιθέασιν</strong></span> <span class='ocrx_word' id='word_1_254' title='bbox 2770 1185 2957 1246; x_wconf 79' lang='grc' dir='ltr'>αὐτοῖς</span> <span class='ocrx_word' id='word_1_255' title='bbox 2980 1183 3252 1236; x_wconf 79' lang='grc' dir='ltr'>διδάσκειν</span> <span class='ocrx_word' id='word_1_256' title='bbox 3280 1180 3588 1254; x_wconf 75' lang='grc' dir='ltr'>γράμματα</span> <span class='ocrx_word' id='word_1_257' title='bbox 3612 1177 3716 1232; x_wconf 76' lang='grc' dir='ltr'>’καὶ</span> <span class='ocrx_word' id='word_1_258' title='bbox 3739 1177 3804 1230; x_wconf 76' lang='grc' dir='ltr'>τὰ</span> <span class='ocrx_word' id='word_1_259' title='bbox 3839 1177 3983 1245; x_wconf 71' lang='grc' dir='ltr'>πρδς</span> 
     </span>
    </p>
   </div>
   <div class='ocr_carea' id='block_1_41' title="bbox 2397 1273 3981 1347">
    <p class='ocr_par' dir='ltr' id='par_1_41' title="bbox 2397 1273 3981 1347">
     <span class='ocr_line' id='line_1_41' title="bbox 2397 1273 3981 1347; baseline -0.006 -15"><span class='ocrx_word' id='word_1_260' title='bbox 2397 1280 2542 1346; x_wconf 82' lang='grc' dir='ltr'><strong>ζωὴν</strong></span> <span class='ocrx_word' id='word_1_261' title='bbox 2570 1280 2783 1332; x_wconf 77' lang='grc' dir='ltr'>ἐκεῖθεν</span> <span class='ocrx_word' id='word_1_262' title='bbox 2811 1279 3172 1347; x_wconf 79' lang='grc' dir='ltr'>πορίζεσθαι·</span> <span class='ocrx_word' id='word_1_263' title='bbox 3215 1279 3296 1329; x_wconf 83' lang='grc' dir='ltr'>ὅτι</span> <span class='ocrx_word' id='word_1_264' title='bbox 3329 1276 3424 1328; x_wconf 71' lang='grc' dir='ltr'>καὶ</span> <span class='ocrx_word' id='word_1_265' title='bbox 3473 1278 3554 1337; x_wconf 83' lang='grc' dir='ltr'><strong>είς</strong></span> <span class='ocrx_word' id='word_1_266' title='bbox 3601 1274 3760 1326; x_wconf 78' lang='grc' dir='ltr'>τοῦτο</span> <span class='ocrx_word' id='word_1_267' title='bbox 3814 1273 3981 1337; x_wconf 53' lang='lat' dir='ltr'><strong>rigatu-</strong></span> 
     </span>
    </p>
   </div>
   <div class='ocr_carea' id='block_1_42' title="bbox 2400 1365 3984 1444">
    <p class='ocr_par' dir='ltr' id='par_1_42' title="bbox 2400 1365 3984 1444">
     <span class='ocr_line' id='line_1_42' title="bbox 2400 1365 3984 1444; baseline -0.003 -20"><span class='ocrx_word' id='word_1_268' title='bbox 2400 1372 2677 1444; x_wconf 70' lang='lat' dir='ltr'><strong>plcﬁqcav.</strong></span> <span class='ocrx_word' id='word_1_269' title='bbox 2742 1373 2814 1424; x_wconf 77' lang='grc' dir='ltr'>Τὸ</span> <span class='ocrx_word' id='word_1_270' title='bbox 2873 1371 2930 1424; x_wconf 88' lang='grc' dir='ltr'><strong>δέ</strong></span> <span class='ocrx_word' id='word_1_271' title='bbox 2999 1369 3392 1441; x_wconf 77' lang='grc' dir='ltr'>προσεδρεύειν</span> <span class='ocrx_word' id='word_1_272' title='bbox 3463 1369 3593 1430; x_wconf 76' lang='grc' dir='ltr'>τοὺς</span> <span class='ocrx_word' id='word_1_273' title='bbox 3651 1365 3984 1436; x_wconf 68' lang='grc' dir='ltr'>ἀλλοτρίους</span> 
     </span>
    </p>
   </div>
   <div class='ocr_carea' id='block_1_43' title="bbox 2398 1461 3984 1534">
    <p class='ocr_par' dir='ltr' id='par_1_43' title="bbox 2398 1461 3984 1534">
     <span class='ocr_line' id='line_1_43' title="bbox 2398 1461 3984 1534; baseline -0.006 -16"><span class='ocrx_word' id='word_1_274' title='bbox 2398 1466 2693 1534; x_wconf 81' lang='grc' dir='ltr'>κληρικοὺς</span> <span class='ocrx_word' id='word_1_275' title='bbox 2737 1468 2816 1528; x_wconf 82' lang='grc' dir='ltr'><strong>είς</strong></span> <span class='ocrx_word' id='word_1_276' title='bbox 2860 1466 3150 1534; x_wconf 83' lang='grc' dir='ltr'>ἄρχοντας,</span> <span class='ocrx_word' id='word_1_277' title='bbox 3185 1463 3284 1515; x_wconf 79' lang='grc' dir='ltr'>καὶ</span> <span class='ocrx_word' id='word_1_278' title='bbox 3333 1463 3417 1525; x_wconf 86' lang='grc' dir='ltr'><strong>είς</strong></span> <span class='ocrx_word' id='word_1_279' title='bbox 3467 1462 3732 1530; x_wconf 85' lang='grc' dir='ltr'>εύκτὴρια</span> <span class='ocrx_word' id='word_1_280' title='bbox 3765 1461 3984 1511; x_wconf 79' lang='grc' dir='ltr'>τούτων</span> 
     </span>
    </p>
   </div>
   <div class='ocr_carea' id='block_1_44' title="bbox 2395 1555 3983 1626">
    <p class='ocr_par' dir='ltr' id='par_1_44' title="bbox 2395 1555 3983 1626">
     <span class='ocr_line' id='line_1_44' title="bbox 2395 1555 3983 1626; baseline -0.004 -16"><span class='ocrx_word' id='word_1_281' title='bbox 2395 1559 2756 1625; x_wconf 72' lang='grc' dir='ltr'><strong>λειτουργεῖν,</strong></span> <span class='ocrx_word' id='word_1_282' title='bbox 2793 1557 2886 1612; x_wconf 79' lang='grc' dir='ltr'>τοῦ</span> <span class='ocrx_word' id='word_1_283' title='bbox 2948 1559 3159 1626; x_wconf 81' lang='grc' dir='ltr'>φάκτου</span> <span class='ocrx_word' id='word_1_284' title='bbox 3204 1556 3344 1611; x_wconf 84' lang='grc' dir='ltr'>ἐστί.</span> <span class='ocrx_word' id='word_1_285' title='bbox 3388 1555 3508 1609; x_wconf 82' lang='grc' dir='ltr'><strong>Κᾶν</strong></span> <span class='ocrx_word' id='word_1_286' title='bbox 3532 1555 3640 1624; x_wconf 74' lang='grc' dir='ltr'><strong>γὰρ</strong></span> <span class='ocrx_word' id='word_1_287' title='bbox 3667 1558 3748 1615; x_wconf 82' lang='grc' dir='ltr'>εἰς</span> <span class='ocrx_word' id='word_1_288' title='bbox 3779 1570 3983 1606; x_wconf 79' lang='grc' dir='ltr'>ταπει-</span> 
     </span>
    </p>
   </div>
   <div class='ocr_carea' id='block_1_45' title="bbox 2396 1646 3988 1721">
    <p class='ocr_par' dir='ltr' id='par_1_45' title="bbox 2396 1646 3988 1721">
     <span class='ocr_line' id='line_1_45' title="bbox 2396 1646 3988 1721; baseline -0.004 -19"><span class='ocrx_word' id='word_1_289' title='bbox 2396 1651 2591 1720; x_wconf 87' lang='grc' dir='ltr'>νότερα</span> <span class='ocrx_word' id='word_1_290' title='bbox 2642 1649 3034 1721; x_wconf 85' lang='grc' dir='ltr'>λειτουργῶσιν</span> <span class='ocrx_word' id='word_1_291' title='bbox 3088 1650 3359 1720; x_wconf 81' lang='grc' dir='ltr'>εύκτήρια</span> <span class='ocrx_word' id='word_1_292' title='bbox 3391 1649 3544 1716; x_wconf 81' lang='grc' dir='ltr'>παρᾶ</span> <span class='ocrx_word' id='word_1_293' title='bbox 3585 1664 3809 1716; x_wconf 80' lang='grc' dir='ltr'>γνωμην</span> <span class='ocrx_word' id='word_1_294' title='bbox 3874 1646 3988 1696; x_wconf 77' lang='grc' dir='ltr'><strong>τῶν</strong></span> 
     </span>
    </p>
   </div>
   <div class='ocr_carea' id='block_1_46' title="bbox 2397 1739 3984 1815">
    <p class='ocr_par' dir='ltr' id='par_1_46' title="bbox 2397 1739 3984 1815">
     <span class='ocr_line' id='line_1_46' title="bbox 2397 1739 3984 1815; baseline -0.004 -19"><span class='ocrx_word' id='word_1_295' title='bbox 2397 1745 2717 1798; x_wconf 84' lang='grc' dir='ltr'>ἐπισκόπων</span> <span class='ocrx_word' id='word_1_296' title='bbox 2794 1745 2977 1798; x_wconf 84' lang='grc' dir='ltr'>αὐτῶν</span> <span class='ocrx_word' id='word_1_297' title='bbox 3042 1744 3074 1815; x_wconf 86' lang='grc' dir='ltr'><strong>ἧ</strong></span> <span class='ocrx_word' id='word_1_298' title='bbox 3130 1743 3228 1798; x_wconf 81' lang='grc' dir='ltr'>τοῦ</span> <span class='ocrx_word' id='word_1_299' title='bbox 3308 1739 3984 1800; x_wconf 80' lang='grc' dir='ltr'>Κωνσταντινουπόλεως,</span> 
     </span>
    </p>
   </div>
   <div class='ocr_carea' id='block_1_47' title="bbox 2396 1837 3087 1908">
    <p class='ocr_par' dir='ltr' id='par_1_47' title="bbox 2396 1837 3087 1908">
     <span class='ocr_line' id='line_1_47' title="bbox 2396 1837 3087 1908; baseline 0.004 -20"><span class='ocrx_word' id='word_1_300' title='bbox 2396 1837 2597 1906; x_wconf 84' lang='grc' dir='ltr'>ὁμοίως</span> <span class='ocrx_word' id='word_1_301' title='bbox 2632 1837 3087 1908; x_wconf 79' lang='grc' dir='ltr'>κολασθήσονται.</span> 
     </span>
    </p>
   </div>
   <div class='ocr_carea' id='block_1_48' title="bbox 2471 1925 3989 1999">
    <p class='ocr_par' dir='ltr' id='par_1_48' title="bbox 2471 1925 3989 1999">
     <span class='ocr_line' id='line_1_48' title="bbox 2471 1925 3989 1999; baseline -0.005 -15"><span class='ocrx_word' id='word_1_302' title='bbox 2471 1931 2716 1984; x_wconf 79' lang='grc' dir='ltr'><strong>ΖΩΝΑΡ.</strong></span> <span class='ocrx_word' id='word_1_303' title='bbox 2755 1931 2947 1984; x_wconf 80' lang='grc' dir='ltr'>Πολλοὶ</span> <span class='ocrx_word' id='word_1_304' title='bbox 2978 1931 3108 1999; x_wconf 73' lang='grc' dir='ltr'>περὶ</span> <span class='ocrx_word' id='word_1_305' title='bbox 3139 1929 3330 1982; x_wconf 85' lang='grc' dir='ltr'>τούτου</span> <span class='ocrx_word' id='word_1_306' title='bbox 3359 1926 3454 1981; x_wconf 82' lang='grc' dir='ltr'>τοῦ</span> <span class='ocrx_word' id='word_1_307' title='bbox 3483 1925 3780 1996; x_wconf 77' lang='grc' dir='ltr'>κεφαλαίου</span> <span class='ocrx_word' id='word_1_308' title='bbox 3812 1927 3989 1978; x_wconf 83' lang='grc' dir='ltr'>κανό-</span> 
     </span>
    </p>
   </div>
   <div class='ocr_carea' id='block_1_49' title="bbox 2402 2021 3992 2089">
    <p class='ocr_par' dir='ltr' id='par_1_49' title="bbox 2402 2021 3992 2089">
     <span class='ocr_line' id='line_1_49' title="bbox 2402 2021 3992 2089; baseline -0.006 -9"><span class='ocrx_word' id='word_1_309' title='bbox 2402 2045 2492 2089; x_wconf 81' lang='grc' dir='ltr'><strong>νες</strong></span> <span class='ocrx_word' id='word_1_310' title='bbox 2531 2028 2641 2080; x_wconf 76' lang='lat' dir='ltr'><strong>elui.</strong></span> <span class='ocrx_word' id='word_1_311' title='bbox 2665 2029 2758 2081; x_wconf 78' lang='grc' dir='ltr'><strong>καὶ</strong></span> <span class='ocrx_word' id='word_1_312' title='bbox 2787 2026 3138 2079; x_wconf 77' lang='grc' dir='ltr'>ἀποστολικοὶ</span> <span class='ocrx_word' id='word_1_313' title='bbox 3171 2025 3267 2076; x_wconf 73' lang='grc' dir='ltr'>καὶ</span> <span class='ocrx_word' id='word_1_314' title='bbox 3292 2022 3561 2075; x_wconf 89' lang='grc' dir='ltr'>συνοδικοί</span> <span class='ocrx_word' id='word_1_315' title='bbox 3585 2038 3598 2052; x_wconf 73' lang='grc'><strong><em>⁸</em></strong></span> <span class='ocrx_word' id='word_1_316' title='bbox 3635 2022 3748 2075; x_wconf 82' lang='grc' dir='ltr'>ἀλλ’</span> <span class='ocrx_word' id='word_1_317' title='bbox 3780 2023 3865 2083; x_wconf 81' lang='grc' dir='ltr'><strong>εἰς</strong></span> <span class='ocrx_word' id='word_1_318' title='bbox 3897 2021 3992 2072; x_wconf 67' lang='grc' dir='ltr'>ἐκ-</span> 
     </span>
    </p>
   </div>
   <div class='ocr_carea' id='block_1_50' title="bbox 2400 2115 3992 2192">
    <p class='ocr_par' dir='ltr' id='par_1_50' title="bbox 2400 2115 3992 2192">
     <span class='ocr_line' id='line_1_50' title="bbox 2400 2115 3992 2192; baseline -0.006 -18"><span class='ocrx_word' id='word_1_319' title='bbox 2400 2119 2579 2192; x_wconf 82' lang='grc' dir='ltr'>κοπὴν</span> <span class='ocrx_word' id='word_1_320' title='bbox 2609 2121 2711 2173; x_wconf 87' lang='grc' dir='ltr'><strong>ούκ</strong></span> <span class='ocrx_word' id='word_1_321' title='bbox 2739 2122 2983 2189; x_wconf 71' lang='grc' dir='ltr'>ἤρκεσαν</span> <span class='ocrx_word' id='word_1_322' title='bbox 3007 2117 3101 2170; x_wconf 80' lang='grc' dir='ltr'>τοῦ</span> <span class='ocrx_word' id='word_1_323' title='bbox 3141 2117 3335 2171; x_wconf 86' lang='grc' dir='ltr'>κακοῦ.</span> <span class='ocrx_word' id='word_1_324' title='bbox 3397 2115 3487 2168; x_wconf 83' lang='grc' dir='ltr'><strong>Διὸ</strong></span> <span class='ocrx_word' id='word_1_325' title='bbox 3540 2115 3636 2168; x_wconf 81' lang='grc' dir='ltr'>καὶ</span> <span class='ocrx_word' id='word_1_326' title='bbox 3680 2117 3712 2183; x_wconf 82' lang='grc' dir='ltr'>ὴ</span> <span class='ocrx_word' id='word_1_327' title='bbox 3763 2115 3992 2174; x_wconf 79' lang='grc' dir='ltr'>σύνοδος</span> 
     </span>
    </p>
   </div>
   <div class='ocr_carea' id='block_1_51' title="bbox 2399 2207 3992 2283">
    <p class='ocr_par' dir='ltr' id='par_1_51' title="bbox 2399 2207 3992 2283">
     <span class='ocr_line' id='line_1_51' title="bbox 2399 2207 3992 2283; baseline -0.006 -16"><span class='ocrx_word' id='word_1_328' title='bbox 2399 2213 2539 2283; x_wconf 77' lang='grc' dir='ltr'>αὕτη</span> <span class='ocrx_word' id='word_1_329' title='bbox 2571 2213 2663 2265; x_wconf 76' lang='grc' dir='ltr'><strong>τὸν</strong></span> <span class='ocrx_word' id='word_1_330' title='bbox 2687 2213 2888 2264; x_wconf 86' lang='grc' dir='ltr'>κανόνα</span> <span class='ocrx_word' id='word_1_331' title='bbox 2928 2211 3119 2263; x_wconf 85' lang='grc' dir='ltr'>τοῦτον</span> <span class='ocrx_word' id='word_1_332' title='bbox 3159 2209 3394 2273; x_wconf 73' lang='grc' dir='ltr'>ἐξέθετο,</span> <span class='ocrx_word' id='word_1_333' title='bbox 3436 2207 3529 2261; x_wconf 90' lang='grc' dir='ltr'><strong>δύο</strong></span> <span class='ocrx_word' id='word_1_334' title='bbox 3556 2210 3615 2260; x_wconf 84' lang='grc' dir='ltr'><strong>ὲν</strong></span> <span class='ocrx_word' id='word_1_335' title='bbox 3640 2207 3821 2276; x_wconf 85' lang='grc' dir='ltr'>ταύτῷ</span> <span class='ocrx_word' id='word_1_336' title='bbox 3876 2225 3992 2258; x_wconf 81' lang='grc' dir='ltr'>κω-</span> 
     </span>
    </p>
   </div>
   <div class='ocr_carea' id='block_1_52' title="bbox 2400 2300 3991 2374">
    <p class='ocr_par' dir='ltr' id='par_1_52' title="bbox 2400 2300 3991 2374">
     <span class='ocr_line' id='line_1_52' title="bbox 2400 2300 3991 2374; baseline -0.006 -15"><span class='ocrx_word' id='word_1_337' title='bbox 2400 2308 2596 2359; x_wconf 87' lang='grc' dir='ltr'>λύοντα</span> <span class='ocrx_word' id='word_1_338' title='bbox 2623 2305 2862 2374; x_wconf 78' lang='grc' dir='ltr'>ἄθεσμα,</span> <span class='ocrx_word' id='word_1_339' title='bbox 2888 2305 2951 2356; x_wconf 89' lang='grc' dir='ltr'><strong>τό</strong></span> <span class='ocrx_word' id='word_1_340' title='bbox 2990 2321 3051 2357; x_wconf 80' lang='grc' dir='ltr'><strong>τε</strong></span> <span class='ocrx_word' id='word_1_341' title='bbox 3100 2304 3209 2358; x_wconf 80' lang='grc' dir='ltr'>ἀπὸ</span> <span class='ocrx_word' id='word_1_342' title='bbox 3247 2303 3455 2362; x_wconf 87' lang='grc' dir='ltr'>πόλεως</span> <span class='ocrx_word' id='word_1_343' title='bbox 3483 2302 3567 2364; x_wconf 81' lang='grc' dir='ltr'><strong>είς</strong></span> <span class='ocrx_word' id='word_1_344' title='bbox 3620 2300 3800 2362; x_wconf 85' lang='grc' dir='ltr'>πόλιν,</span> <span class='ocrx_word' id='word_1_345' title='bbox 3862 2300 3991 2366; x_wconf 66' lang='grc' dir='ltr'>μηδ’</span> 
     </span>
    </p>
   </div>
   <div class='ocr_carea' id='block_1_53' title="bbox 2401 2387 3992 2464">
    <p class='ocr_par' dir='ltr' id='par_1_53' title="bbox 2401 2387 3992 2464">
     <span class='ocr_line' id='line_1_53' title="bbox 2401 2387 3992 2464; baseline -0.007 -16"><span class='ocrx_word' id='word_1_346' title='bbox 2401 2398 2478 2458; x_wconf 85' lang='grc' dir='ltr'><strong>είς</strong></span> <span class='ocrx_word' id='word_1_347' title='bbox 2511 2394 2717 2464; x_wconf 82' lang='grc' dir='ltr'>ταύτην</span> <span class='ocrx_word' id='word_1_348' title='bbox 2775 2395 2877 2463; x_wconf 84' lang='grc' dir='ltr'><strong>τὴν</strong></span> <span class='ocrx_word' id='word_1_349' title='bbox 2908 2393 3156 2463; x_wconf 80' lang='grc' dir='ltr'>βασιλίδα</span> <span class='ocrx_word' id='word_1_350' title='bbox 3185 2391 3292 2444; x_wconf 86' lang='grc' dir='ltr'>τῶν</span> <span class='ocrx_word' id='word_1_351' title='bbox 3346 2390 3556 2443; x_wconf 84' lang='grc' dir='ltr'>πόλεων</span> <span class='ocrx_word' id='word_1_352' title='bbox 3621 2387 3992 2458; x_wconf 72' lang='grc' dir='ltr'>προστρέχειν</span> 
     </span>
    </p>
   </div>
   <div class='ocr_carea' id='block_1_54' title="bbox 2405 2479 3992 2558">
    <p class='ocr_par' dir='ltr' id='par_1_54' title="bbox 2405 2479 3992 2558">
     <span class='ocr_line' id='line_1_54' title="bbox 2405 2479 3992 2558; baseline -0.009 -16"><span class='ocrx_word' id='word_1_353' title='bbox 2405 2488 2711 2558; x_wconf 81' lang='grc' dir='ltr'>κληρικοὺς</span> <span class='ocrx_word' id='word_1_354' title='bbox 2735 2486 3076 2556; x_wconf 79' lang='grc' dir='ltr'>ἀλλοτρίους,</span> <span class='ocrx_word' id='word_1_355' title='bbox 3113 2486 3208 2538; x_wconf 77' lang='grc' dir='ltr'><strong>καὶ</strong></span> <span class='ocrx_word' id='word_1_356' title='bbox 3261 2485 3491 2554; x_wconf 74' lang='grc' dir='ltr'>ἄρχουσι</span> <span class='ocrx_word' id='word_1_357' title='bbox 3548 2479 3859 2550; x_wconf 83' lang='grc' dir='ltr'>προσιέναι,</span> <span class='ocrx_word' id='word_1_358' title='bbox 3900 2481 3992 2529; x_wconf 74' lang='grc' dir='ltr'><strong>καὶ</strong></span> 
     </span>
    </p>
   </div>
   <div class='ocr_carea' id='block_1_55' title="bbox 2401 2573 3993 2652">
    <p class='ocr_par' dir='ltr' id='par_1_55' title="bbox 2401 2573 3993 2652">
     <span class='ocr_line' id='line_1_55' title="bbox 2401 2573 3993 2652; baseline -0.008 -19"><span class='ocrx_word' id='word_1_359' title='bbox 2401 2583 2460 2633; x_wconf 88' lang='grc' dir='ltr'><strong>ἐν</strong></span> <span class='ocrx_word' id='word_1_360' title='bbox 2499 2583 2611 2642; x_wconf 87' lang='grc' dir='ltr'>τοῖς</span> <span class='ocrx_word' id='word_1_361' title='bbox 2662 2580 2971 2652; x_wconf 83' lang='grc' dir='ltr'>εύκτηρίοις</span> <span class='ocrx_word' id='word_1_362' title='bbox 3032 2578 3143 2632; x_wconf 85' lang='grc' dir='ltr'>τῶν</span> <span class='ocrx_word' id='word_1_363' title='bbox 3187 2577 3352 2629; x_wconf 80' lang='grc' dir='ltr'>οἴκων</span> <span class='ocrx_word' id='word_1_364' title='bbox 3401 2574 3584 2628; x_wconf 75' lang='grc' dir='ltr'>αὐτῶν</span> <span class='ocrx_word' id='word_1_365' title='bbox 3645 2573 3993 2641; x_wconf 73' lang='grc' dir='ltr'>λειτουργεῖν</span> 
     </span>
    </p>
   </div>
   <div class='ocr_carea' id='block_1_56' title="bbox 2401 2665 3994 2740">
    <p class='ocr_par' dir='ltr' id='par_1_56' title="bbox 2401 2665 3994 2740">
     <span class='ocr_line' id='line_1_56' title="bbox 2401 2665 3994 2740; baseline -0.01 -11"><span class='ocrx_word' id='word_1_366' title='bbox 2401 2676 2528 2729; x_wconf 83' lang='grc' dir='ltr'>ἄνευ</span> <span class='ocrx_word' id='word_1_367' title='bbox 2555 2671 2782 2740; x_wconf 84' lang='grc' dir='ltr'><strong>γνώμης</strong></span> <span class='ocrx_word' id='word_1_368' title='bbox 2806 2672 2902 2724; x_wconf 78' lang='grc' dir='ltr'><strong>τοῦ</strong></span> <span class='ocrx_word' id='word_1_369' title='bbox 2945 2669 3076 2722; x_wconf 86' lang='grc' dir='ltr'>ίδίου</span> <span class='ocrx_word' id='word_1_370' title='bbox 3103 2669 3426 2729; x_wconf 85' lang='grc' dir='ltr'>ἐπισκόπου,</span> <span class='ocrx_word' id='word_1_371' title='bbox 3459 2667 3519 2718; x_wconf 77' lang='grc' dir='ltr'><strong>ὃν</strong></span> <span class='ocrx_word' id='word_1_372' title='bbox 3561 2665 3849 2725; x_wconf 81' lang='grc' dir='ltr'>ἀπέλιπον,</span> <span class='ocrx_word' id='word_1_373' title='bbox 3898 2665 3994 2714; x_wconf 73' lang='grc' dir='ltr'><strong>καὶ</strong></span> 
     </span>
    </p>
   </div>
   <div class='ocr_carea' id='block_1_57' title="bbox 2399 2754 3997 2829">
    <p class='ocr_par' dir='ltr' id='par_1_57' title="bbox 2399 2754 3997 2829">
     <span class='ocr_line' id='line_1_57' title="bbox 2399 2754 3997 2829; baseline -0.01 -9"><span class='ocrx_word' id='word_1_374' title='bbox 2399 2766 2495 2820; x_wconf 83' lang='grc' dir='ltr'>τοῦ</span> <span class='ocrx_word' id='word_1_375' title='bbox 2514 2765 3158 2824; x_wconf 79' lang='grc' dir='ltr'>Κώνσταντινουπόλεως,</span> <span class='ocrx_word' id='word_1_376' title='bbox 3197 2754 3258 2813; x_wconf 72' lang='grc' dir='ltr'>οὗ</span> <span class='ocrx_word' id='word_1_377' title='bbox 3289 2763 3353 2829; x_wconf 81' lang='grc' dir='ltr'>τῇ</span> <span class='ocrx_word' id='word_1_378' title='bbox 3373 2757 3560 2828; x_wconf 76' lang='grc' dir='ltr'>ἐνορία</span> <span class='ocrx_word' id='word_1_379' title='bbox 3583 2755 3919 2826; x_wconf 78' lang='grc' dir='ltr'>προσῆλθον·</span> <span class='ocrx_word' id='word_1_380' title='bbox 3947 2755 3997 2805; x_wconf 86' lang='grc' dir='ltr'><strong>εί</strong></span> 
     </span>
    </p>
   </div>
   <div class='ocr_carea' id='block_1_58' title="bbox 2400 2851 3992 2932">
    <p class='ocr_par' dir='ltr' id='par_1_58' title="bbox 2400 2851 3992 2932">
     <span class='ocr_line' id='line_1_58' title="bbox 2400 2851 3992 2932; baseline -0.011 -17"><span class='ocrx_word' id='word_1_381' title='bbox 2400 2864 2455 2917; x_wconf 81' lang='grc' dir='ltr'>δὲ</span> <span class='ocrx_word' id='word_1_382' title='bbox 2483 2862 2581 2932; x_wconf 86' lang='grc' dir='ltr'>μὴ,</span> <span class='ocrx_word' id='word_1_383' title='bbox 2607 2859 2993 2926; x_wconf 87' lang='grc' dir='ltr'>καθαιρεῖσθαι</span> <span class='ocrx_word' id='word_1_384' title='bbox 3015 2855 3230 2917; x_wconf 85' lang='grc' dir='ltr'>αὐτούς·</span> <span class='ocrx_word' id='word_1_385' title='bbox 3261 2858 3353 2907; x_wconf 63' lang='grc' dir='ltr'>καὶ</span> <span class='ocrx_word' id='word_1_386' title='bbox 3373 2855 3434 2905; x_wconf 69' lang='grc' dir='ltr'>τὸ</span> <span class='ocrx_word' id='word_1_387' title='bbox 3474 2852 3581 2905; x_wconf 79' lang='grc' dir='ltr'>κᾶν</span> <span class='ocrx_word' id='word_1_388' title='bbox 3610 2851 3703 2903; x_wconf 76' lang='grc' dir='ltr'><strong>καὶ</strong></span> <span class='ocrx_word' id='word_1_389' title='bbox 3726 2866 3992 2918; x_wconf 85' lang='grc' dir='ltr'>παραχω-</span> 
     </span>
    </p>
   </div>
   <div class='ocr_carea' id='block_1_59' title="bbox 2404 2944 3993 3027">
    <p class='ocr_par' dir='ltr' id='par_1_59' title="bbox 2404 2944 3993 3027">
     <span class='ocr_line' id='line_1_59' title="bbox 2404 2944 3993 3027; baseline -0.011 -18"><span class='ocrx_word' id='word_1_390' title='bbox 2404 2955 2613 3027; x_wconf 85' lang='grc' dir='ltr'>ρηθῶσι</span> <span class='ocrx_word' id='word_1_391' title='bbox 2644 2957 2793 3023; x_wconf 71' lang='grc' dir='ltr'>παρὰ</span> <span class='ocrx_word' id='word_1_392' title='bbox 2817 2953 2928 3004; x_wconf 83' lang='grc' dir='ltr'><strong>τῶν</strong></span> <span class='ocrx_word' id='word_1_393' title='bbox 2953 2949 3265 3018; x_wconf 70' lang='grc' dir='ltr'>εἰρημένων</span> <span class='ocrx_word' id='word_1_394' title='bbox 3305 2947 3620 2999; x_wconf 68' lang='grc' dir='ltr'>ἐπισκόπων</span> <span class='ocrx_word' id='word_1_395' title='bbox 3647 2944 3993 3010; x_wconf 77' lang='grc' dir='ltr'>λειτουργεῖν</span> 
     </span>
    </p>
   </div>
   <div class='ocr_carea' id='block_1_60' title="bbox 2402 3033 3999 3117">
    <p class='ocr_par' dir='ltr' id='par_1_60' title="bbox 2402 3033 3999 3117">
     <span class='ocr_line' id='line_1_60' title="bbox 2402 3033 3999 3117; baseline -0.011 -16"><span class='ocrx_word' id='word_1_396' title='bbox 2402 3045 2747 3117; x_wconf 72' lang='grc' dir='ltr'>ἐνεὺκτηρίῳ</span> <span class='ocrx_word' id='word_1_397' title='bbox 2766 3047 2922 3113; x_wconf 80' lang='grc' dir='ltr'>οἴκῳ,</span> <span class='ocrx_word' id='word_1_398' title='bbox 2947 3042 3022 3112; x_wconf 78' lang='grc' dir='ltr'>μὴ</span> <span class='ocrx_word' id='word_1_399' title='bbox 3037 3040 3310 3110; x_wconf 84' lang='grc' dir='ltr'>κοσμικὰς</span> <span class='ocrx_word' id='word_1_400' title='bbox 3341 3041 3435 3091; x_wconf 59' lang='grc' dir='ltr'><strong>καλ⁵</strong></span> <span class='ocrx_word' id='word_1_401' title='bbox 3465 3035 3730 3105; x_wconf 75' lang='grc' dir='ltr'>βιωτικὰς</span> <span class='ocrx_word' id='word_1_402' title='bbox 3769 3033 3999 3102; x_wconf 83' lang='grc' dir='ltr'>φροντί-</span> 
     </span>
    </p>
   </div>
   <div class='ocr_carea' id='block_1_61' title="bbox 2403 3127 3997 3209">
    <p class='ocr_par' dir='ltr' id='par_1_61' title="bbox 2403 3127 3997 3209">
     <span class='ocr_line' id='line_1_61' title="bbox 2403 3127 3997 3209; baseline -0.011 -14"><span class='ocrx_word' id='word_1_403' title='bbox 2403 3142 2498 3204; x_wconf 90' lang='grc' dir='ltr'><strong>δας</strong></span> <span class='ocrx_word' id='word_1_404' title='bbox 2536 3139 2915 3209; x_wconf 79' lang='grc' dir='ltr'>ἀναδέχεσθαι,</span> <span class='ocrx_word' id='word_1_405' title='bbox 2951 3134 3256 3205; x_wconf 86' lang='grc' dir='ltr'>προνοητὰς</span> <span class='ocrx_word' id='word_1_406' title='bbox 3283 3131 3627 3201; x_wconf 84' lang='grc' dir='ltr'>γινομένους,</span> <span class='ocrx_word' id='word_1_407' title='bbox 3661 3129 3693 3197; x_wconf 82' lang='grc' dir='ltr'>ἢ</span> <span class='ocrx_word' id='word_1_408' title='bbox 3725 3127 3997 3196; x_wconf 85' lang='grc' dir='ltr'>λογαρια-</span> 
     </span>
    </p>
   </div>
   <div class='ocr_carea' id='block_1_62' title="bbox 723 3215 2310 3308">
    <p class='ocr_par' dir='ltr' id='par_1_62' title="bbox 723 3215 2298 3287">
     <span class='ocr_line' id='line_1_62' title="bbox 723 3215 2298 3287; baseline 0 -17"><span class='ocrx_word' id='word_1_409' title='bbox 723 3215 969 3287; x_wconf 87' lang='lat' dir='ltr'><strong>profanis</strong></span> <span class='ocrx_word' id='word_1_410' title='bbox 1016 3231 1140 3272; x_wconf 89' lang='lat' dir='ltr'><strong>sese</strong></span> <span class='ocrx_word' id='word_1_411' title='bbox 1188 3215 1642 3287; x_wconf 57' lang='lat' dir='ltr'><strong>agsaecularibus</strong></span> <span class='ocrx_word' id='word_1_412' title='bbox 1697 3215 1930 3282; x_wconf 88' lang='lat' dir='ltr'><strong>negotiis</strong></span> <span class='ocrx_word' id='word_1_413' title='bbox 1979 3217 2298 3287; x_wconf 89' lang='lat' dir='ltr'><strong>implicent,</strong></span> 
     </span>
    </p>
   </div>
   <div class='ocr_carea' id='block_1_63' title="bbox 2402 3215 3990 3308">
    <p class='ocr_par' dir='ltr' id='par_1_63' title="bbox 2408 3221 3990 3304">
     <span class='ocr_line' id='line_1_63' title="bbox 2408 3221 3990 3304; baseline -0.009 -16"><span class='ocrx_word' id='word_1_414' title='bbox 2408 3235 2611 3304; x_wconf 79' lang='grc' dir='ltr'>στὰς,ἢ</span> <span class='ocrx_word' id='word_1_415' title='bbox 2635 3234 2796 3294; x_wconf 83' lang='grc' dir='ltr'>ἄλλας</span> <span class='ocrx_word' id='word_1_416' title='bbox 2819 3230 3075 3293; x_wconf 79' lang='grc' dir='ltr'>τοιαύτας</span> <span class='ocrx_word' id='word_1_417' title='bbox 3099 3224 3651 3298; x_wconf 75' lang='grc' dir='ltr'>μεταχειριζομένους</span> <span class='ocrx_word' id='word_1_418' title='bbox 3672 3221 3990 3291; x_wconf 80' lang='grc' dir='ltr'>φροντίδας.</span> 
     </span>
    </p>
   </div>
   <div class='ocr_carea' id='block_1_64' title="bbox 725 3313 2300 3384">
    <p class='ocr_par' dir='ltr' id='par_1_64' title="bbox 725 3313 2300 3384">
     <span class='ocr_line' id='line_1_64' title="bbox 725 3313 2300 3384; baseline 0.003 -18"><span class='ocrx_word' id='word_1_419' title='bbox 725 3315 1097 3382; x_wconf 88' lang='lat' dir='ltr'><strong>procuratoris</strong></span> <span class='ocrx_word' id='word_1_420' title='bbox 1124 3322 1219 3368; x_wconf 80' lang='lat' dir='ltr'><strong>aut</strong></span> <span class='ocrx_word' id='word_1_421' title='bbox 1249 3315 1520 3368; x_wconf 88' lang='lat' dir='ltr'><strong>rationum</strong></span> <span class='ocrx_word' id='word_1_422' title='bbox 1552 3313 1814 3382; x_wconf 71' lang='lat' dir='ltr'><strong>pmfecti,</strong></span> <span class='ocrx_word' id='word_1_423' title='bbox 1835 3324 1928 3367; x_wconf 83' lang='lat' dir='ltr'><strong>aut</strong></span> <span class='ocrx_word' id='word_1_424' title='bbox 1949 3315 2094 3370; x_wconf 87' lang='lat' dir='ltr'><strong>aliud</strong></span> <span class='ocrx_word' id='word_1_425' title='bbox 2122 3317 2300 3384; x_wconf 87' lang='lat' dir='ltr'><strong>quod-</strong></span> 
     </span>
    </p>
   </div>
   <div class='ocr_carea' id='block_1_65' title="bbox 723 3406 2302 3476">
    <p class='ocr_par' dir='ltr' id='par_1_65' title="bbox 723 3406 2302 3476">
     <span class='ocr_line' id='line_1_65' title="bbox 723 3406 2302 3476; baseline 0.002 -16"><span class='ocrx_word' id='word_1_426' title='bbox 723 3421 940 3476; x_wconf 85' lang='lat' dir='ltr'><strong>cunque</strong></span> <span class='ocrx_word' id='word_1_427' title='bbox 969 3422 1170 3461; x_wconf 87' lang='lat' dir='ltr'><strong>munus</strong></span> <span class='ocrx_word' id='word_1_428' title='bbox 1209 3406 1478 3475; x_wconf 88' lang='lat' dir='ltr'><strong>ejusmodi</strong></span> <span class='ocrx_word' id='word_1_429' title='bbox 1529 3406 1856 3475; x_wconf 79' lang='lat' dir='ltr'><strong>suscipiant.</strong></span> <span class='ocrx_word' id='word_1_430' title='bbox 1888 3406 2044 3472; x_wconf 83' lang='lat' dir='ltr'><strong>Quod</strong></span> <span class='ocrx_word' id='word_1_431' title='bbox 2079 3409 2124 3461; x_wconf 88' lang='lat' dir='ltr'><strong>si</strong></span> <span class='ocrx_word' id='word_1_432' title='bbox 2162 3426 2302 3464; x_wconf 86' lang='lat' dir='ltr'><strong>non-</strong></span> 
     </span>
    </p>
   </div>
   <div class='ocr_carea' id='block_1_66' title="bbox 725 3499 2296 3570">
    <p class='ocr_par' dir='ltr' id='par_1_66' title="bbox 725 3499 2296 3570">
     <span class='ocr_line' id='line_1_66' title="bbox 725 3499 2296 3570; baseline 0.003 -17"><span class='ocrx_word' id='word_1_433' title='bbox 725 3500 908 3554; x_wconf 86' lang='lat' dir='ltr'><strong>nullos</strong></span> <span class='ocrx_word' id='word_1_434' title='bbox 939 3501 1061 3569; x_wconf 86' lang='lat' dir='ltr'><strong>ejus</strong></span> <span class='ocrx_word' id='word_1_435' title='bbox 1112 3499 1330 3570; x_wconf 88' lang='lat' dir='ltr'><strong>generis</strong></span> <span class='ocrx_word' id='word_1_436' title='bbox 1360 3501 1590 3568; x_wconf 88' lang='lat' dir='ltr'><strong>negotiis</strong></span> <span class='ocrx_word' id='word_1_437' title='bbox 1631 3515 1823 3554; x_wconf 89' lang='lat' dir='ltr'><strong>vacare</strong></span> <span class='ocrx_word' id='word_1_438' title='bbox 1855 3505 2296 3559; x_wconf 86' lang='lat' dir='ltr'><strong>animadversum</strong></span> 
     </span>
    </p>
   </div>
   <div class='ocr_carea' id='block_1_67' title="bbox 726 3593 2302 3662">
    <p class='ocr_par' dir='ltr' id='par_1_67' title="bbox 726 3593 2302 3662">
     <span class='ocr_line' id='line_1_67' title="bbox 726 3593 2302 3662; baseline 0.003 -16"><span class='ocrx_word' id='word_1_439' title='bbox 726 3595 820 3657; x_wconf 89' lang='lat' dir='ltr'><strong>sit,</strong></span> <span class='ocrx_word' id='word_1_440' title='bbox 856 3607 952 3647; x_wconf 88' lang='lat' dir='ltr'><strong>eos</strong></span> <span class='ocrx_word' id='word_1_441' title='bbox 990 3593 1183 3662; x_wconf 83' lang='lat' dir='ltr'><strong>synodi</strong></span> <span class='ocrx_word' id='word_1_442' title='bbox 1213 3593 1401 3648; x_wconf 87' lang='lat' dir='ltr'><strong>Patres</strong></span> <span class='ocrx_word' id='word_1_443' title='bbox 1431 3606 1522 3650; x_wconf 90' lang='lat' dir='ltr'><strong>aut</strong></span> <span class='ocrx_word' id='word_1_444' title='bbox 1552 3593 1620 3647; x_wconf 89' lang='lat' dir='ltr'><strong>ab</strong></span> <span class='ocrx_word' id='word_1_445' title='bbox 1647 3593 1864 3662; x_wconf 89' lang='lat' dir='ltr'><strong>incepto</strong></span> <span class='ocrx_word' id='word_1_446' title='bbox 1892 3594 2180 3657; x_wconf 87' lang='lat' dir='ltr'><strong>desistere,</strong></span> <span class='ocrx_word' id='word_1_447' title='bbox 2207 3606 2302 3651; x_wconf 91' lang='lat' dir='ltr'><strong>aut</strong></span> 
     </span>
    </p>
   </div>
   <div class='ocr_carea' id='block_1_68' title="bbox 725 3685 2306 3756">
    <p class='ocr_par' dir='ltr' id='par_1_68' title="bbox 725 3685 2306 3756">
     <span class='ocr_line' id='line_1_68' title="bbox 725 3685 2306 3756; baseline 0.005 -21"><span class='ocrx_word' id='word_1_448' title='bbox 725 3686 922 3753; x_wconf 86' lang='lat' dir='ltr'><strong>deponi</strong></span> <span class='ocrx_word' id='word_1_449' title='bbox 954 3686 1166 3754; x_wconf 90' lang='lat' dir='ltr'><strong>jubent.</strong></span> <span class='ocrx_word' id='word_1_450' title='bbox 1204 3685 1402 3738; x_wconf 83' lang='lat' dir='ltr'><strong>Eurum</strong></span> <span class='ocrx_word' id='word_1_451' title='bbox 1436 3702 1619 3754; x_wconf 83' lang='lat' dir='ltr'><strong>porro,</strong></span> <span class='ocrx_word' id='word_1_452' title='bbox 1655 3688 1747 3756; x_wconf 92' lang='lat' dir='ltr'><strong>qui</strong></span> <span class='ocrx_word' id='word_1_453' title='bbox 1789 3690 2022 3756; x_wconf 88' lang='lat' dir='ltr'><strong>majores</strong></span> <span class='ocrx_word' id='word_1_454' title='bbox 2046 3690 2306 3744; x_wconf 86' lang='lat' dir='ltr'><strong>diceban-</strong></span> 
     </span>
    </p>
   </div>
   <div class='ocr_carea' id='block_1_69' title="bbox 726 3777 2303 3846">
    <p class='ocr_par' dir='ltr' id='par_1_69' title="bbox 726 3777 2303 3846">
     <span class='ocr_line' id='line_1_69' title="bbox 726 3777 2303 3846; baseline 0.006 -18"><span class='ocrx_word' id='word_1_455' title='bbox 726 3785 836 3836; x_wconf 85' lang='lat' dir='ltr'><strong>tur,</strong></span> <span class='ocrx_word' id='word_1_456' title='bbox 867 3777 933 3830; x_wconf 91' lang='lat' dir='ltr'><strong>de</strong></span> <span class='ocrx_word' id='word_1_457' title='bbox 981 3779 1182 3846; x_wconf 89' lang='lat' dir='ltr'><strong>quibus</strong></span> <span class='ocrx_word' id='word_1_458' title='bbox 1237 3779 1337 3831; x_wconf 86' lang='lat' dir='ltr'><strong>hoc</strong></span> <span class='ocrx_word' id='word_1_459' title='bbox 1378 3795 1586 3832; x_wconf 80' lang='lat' dir='ltr'><strong>canone</strong></span> <span class='ocrx_word' id='word_1_460' title='bbox 1637 3782 1857 3842; x_wconf 88' lang='lat' dir='ltr'><strong>mentio,</strong></span> <span class='ocrx_word' id='word_1_461' title='bbox 1915 3797 2118 3836; x_wconf 91' lang='lat' dir='ltr'><strong>munus</strong></span> <span class='ocrx_word' id='word_1_462' title='bbox 2170 3783 2303 3838; x_wconf 91' lang='lat' dir='ltr'><strong>illud</strong></span> 
     </span>
    </p>
   </div>
   <div class='ocr_carea' id='block_1_70' title="bbox 726 3869 2306 3937">
    <p class='ocr_par' dir='ltr' id='par_1_70' title="bbox 726 3869 2306 3937">
     <span class='ocr_line' id='line_1_70' title="bbox 726 3869 2306 3937; baseline 0.008 -18"><span class='ocrx_word' id='word_1_463' title='bbox 726 3875 866 3929; x_wconf 90' lang='lat' dir='ltr'><strong>erat,</strong></span> <span class='ocrx_word' id='word_1_464' title='bbox 904 3880 960 3919; x_wconf 91' lang='lat' dir='ltr'><strong>ut</strong></span> <span class='ocrx_word' id='word_1_465' title='bbox 1007 3883 1072 3922; x_wconf 82' lang='lat' dir='ltr'><strong>ex</strong></span> <span class='ocrx_word' id='word_1_466' title='bbox 1112 3869 1400 3922; x_wconf 85' lang='lat' dir='ltr'><strong>undecimo</strong></span> <span class='ocrx_word' id='word_1_467' title='bbox 1444 3885 1658 3924; x_wconf 86' lang='lat' dir='ltr'><strong>canone</strong></span> <span class='ocrx_word' id='word_1_468' title='bbox 1707 3872 1896 3937; x_wconf 70' lang='lat' dir='ltr'><strong>primae</strong></span> <span class='ocrx_word' id='word_1_469' title='bbox 1947 3883 2001 3927; x_wconf 91' lang='lat' dir='ltr'><strong>et</strong></span> <span class='ocrx_word' id='word_1_470' title='bbox 2049 3875 2306 3931; x_wconf 67' lang='lat' dir='ltr'><strong>secunda:</strong></span> 
     </span>
    </p>
   </div>
   <div class='ocr_carea' id='block_1_71' title="bbox 728 3959 2307 4038">
    <p class='ocr_par' dir='ltr' id='par_1_71' title="bbox 728 3959 2307 4038">
     <span class='ocr_line' id='line_1_71' title="bbox 728 3959 2307 4038; baseline 0.008 -27"><span class='ocrx_word' id='word_1_471' title='bbox 728 3959 920 4027; x_wconf 79' lang='lat' dir='ltr'><strong>synodi</strong></span> <span class='ocrx_word' id='word_1_472' title='bbox 957 3961 1010 4012; x_wconf 93' lang='lat' dir='ltr'><strong>in</strong></span> <span class='ocrx_word' id='word_1_473' title='bbox 1044 3960 1247 4028; x_wconf 90' lang='lat' dir='ltr'><strong>templo</strong></span> <span class='ocrx_word' id='word_1_474' title='bbox 1279 3961 1606 4014; x_wconf 83' lang='lat' dir='ltr'><strong>Sanctorum</strong></span> <span class='ocrx_word' id='word_1_475' title='bbox 1640 3961 2022 4029; x_wconf 79' lang='lat' dir='ltr'><strong>Apostolorum</strong></span> <span class='ocrx_word' id='word_1_476' title='bbox 2072 3982 2307 4038; x_wconf 86' lang='lat' dir='ltr'><strong>congre-</strong></span> 
     </span>
    </p>
   </div>
   <div class='ocr_carea' id='block_1_72' title="bbox 2410 3315 3997 3392">
    <p class='ocr_par' dir='ltr' id='par_1_72' title="bbox 2410 3315 3997 3392">
     <span class='ocr_line' id='line_1_72' title="bbox 2410 3315 3997 3392; baseline -0.01 -10"><span class='ocrx_word' id='word_1_477' title='bbox 2410 3331 2473 3382; x_wconf 74' lang='grc' dir='ltr'><strong>Εἰ</strong></span> <span class='ocrx_word' id='word_1_478' title='bbox 2493 3329 2550 3380; x_wconf 77' lang='grc' dir='ltr'><strong>δέ</strong></span> <span class='ocrx_word' id='word_1_479' title='bbox 2565 3344 2620 3380; x_wconf 81' lang='grc' dir='ltr'><strong>τι</strong></span> <span class='ocrx_word' id='word_1_480' title='bbox 2641 3326 2904 3388; x_wconf 82' lang='grc' dir='ltr'>τοιοῦτον,</span> <span class='ocrx_word' id='word_1_481' title='bbox 2923 3324 3087 3392; x_wconf 73' lang='grc' dir='ltr'>φασὶν</span> <span class='ocrx_word' id='word_1_482' title='bbox 3109 3324 3156 3373; x_wconf 78' lang='grc' dir='ltr'><strong>οἱ</strong></span> <span class='ocrx_word' id='word_1_483' title='bbox 3175 3321 3277 3389; x_wconf 78' lang='grc' dir='ltr'>τῆς</span> <span class='ocrx_word' id='word_1_484' title='bbox 3297 3320 3516 3373; x_wconf 84' lang='grc' dir='ltr'>συνόδου</span> <span class='ocrx_word' id='word_1_485' title='bbox 3533 3317 3807 3385; x_wconf 83' lang='grc' dir='ltr'>Πατέρες,</span> <span class='ocrx_word' id='word_1_486' title='bbox 3834 3315 3997 3384; x_wconf 81' lang='grc' dir='ltr'>εὐρε-</span> 
     </span>
    </p>
   </div>
   <div class='ocr_carea' id='block_1_73' title="bbox 2412 3405 4003 3480">
    <p class='ocr_par' dir='ltr' id='par_1_73' title="bbox 2412 3405 4003 3480">
     <span class='ocr_line' id='line_1_73' title="bbox 2412 3405 4003 3480; baseline -0.011 -6"><span class='ocrx_word' id='word_1_487' title='bbox 2412 3422 2555 3474; x_wconf 80' lang='grc' dir='ltr'>θεῖέν</span> <span class='ocrx_word' id='word_1_488' title='bbox 2589 3435 2734 3478; x_wconf 79' lang='grc' dir='ltr'>τινες</span> <span class='ocrx_word' id='word_1_489' title='bbox 2768 3416 3076 3476; x_wconf 82' lang='grc' dir='ltr'>ποιοῦντες,</span> <span class='ocrx_word' id='word_1_490' title='bbox 3105 3413 3137 3480; x_wconf 76' lang='grc' dir='ltr'>ἦ</span> <span class='ocrx_word' id='word_1_491' title='bbox 3177 3411 3606 3472; x_wconf 80' lang='grc' dir='ltr'>παυσάσθωσαν,</span> <span class='ocrx_word' id='word_1_492' title='bbox 3645 3407 3678 3476; x_wconf 82' lang='grc' dir='ltr'><strong>ἢ</strong></span> <span class='ocrx_word' id='word_1_493' title='bbox 3713 3405 4003 3474; x_wconf 83' lang='grc' dir='ltr'>καθαιρεί-</span> 
     </span>
    </p>
   </div>
   <div class='ocr_carea' id='block_1_74' title="bbox 2414 3501 3998 3573">
    <p class='ocr_par' dir='ltr' id='par_1_74' title="bbox 2414 3501 3998 3573">
     <span class='ocr_line' id='line_1_74' title="bbox 2414 3501 3998 3573; baseline -0.013 -7"><span class='ocrx_word' id='word_1_494' title='bbox 2414 3513 2654 3566; x_wconf 91' lang='grc' dir='ltr'>σθωσαν.</span> <span class='ocrx_word' id='word_1_495' title='bbox 2710 3509 2774 3561; x_wconf 88' lang='lat' dir='ltr'><strong>&#39;H</strong></span> <span class='ocrx_word' id='word_1_496' title='bbox 2811 3508 2918 3559; x_wconf 83' lang='grc' dir='ltr'>τῶν</span> <span class='ocrx_word' id='word_1_497' title='bbox 2943 3505 3254 3573; x_wconf 61' lang='grc' dir='ltr'>λεγομένων</span> <span class='ocrx_word' id='word_1_498' title='bbox 3283 3502 3339 3555; x_wconf 85' lang='grc' dir='ltr'><strong>δέ</strong></span> <span class='ocrx_word' id='word_1_499' title='bbox 3376 3501 3708 3568; x_wconf 75' lang='grc' dir='ltr'>μειζοτέρων</span> <span class='ocrx_word' id='word_1_500' title='bbox 3747 3501 3998 3565; x_wconf 74' lang='grc' dir='ltr'>φροντὶς,</span> 
     </span>
    </p>
   </div>
   <div class='ocr_carea' id='block_1_75' title="bbox 2409 3587 3997 3671">
    <p class='ocr_par' dir='ltr' id='par_1_75' title="bbox 2409 3587 3997 3671">
     <span class='ocr_line' id='line_1_75' title="bbox 2409 3587 3997 3671; baseline -0.011 -18"><span class='ocrx_word' id='word_1_501' title='bbox 2409 3603 2476 3671; x_wconf 80' lang='grc' dir='ltr'><strong>ἣν</strong></span> <span class='ocrx_word' id='word_1_502' title='bbox 2497 3597 2726 3652; x_wconf 83' lang='grc' dir='ltr'>ὁκανὼν</span> <span class='ocrx_word' id='word_1_503' title='bbox 2757 3593 2907 3658; x_wconf 74' lang='grc' dir='ltr'>οὗτος</span> <span class='ocrx_word' id='word_1_504' title='bbox 2949 3596 3119 3661; x_wconf 82' lang='grc' dir='ltr'>λέγει,</span> <span class='ocrx_word' id='word_1_505' title='bbox 3152 3592 3326 3656; x_wconf 81' lang='grc' dir='ltr'>εστιν,</span> <span class='ocrx_word' id='word_1_506' title='bbox 3383 3592 3458 3652; x_wconf 80' lang='grc' dir='ltr'>ὼς</span> <span class='ocrx_word' id='word_1_507' title='bbox 3500 3592 3564 3641; x_wconf 82' lang='grc' dir='ltr'><strong>ἐκ</strong></span> <span class='ocrx_word' id='word_1_508' title='bbox 3594 3587 3692 3640; x_wconf 76' lang='grc' dir='ltr'><strong>τοῦ</strong></span> <span class='ocrx_word' id='word_1_509' title='bbox 3725 3595 3798 3639; x_wconf 87' lang='grc' dir='ltr'>ια’</span> <span class='ocrx_word' id='word_1_510' title='bbox 3832 3588 3997 3638; x_wconf 72' lang='grc' dir='ltr'>κανό-</span> 
     </span>
    </p>
   </div>
   <div class='ocr_carea' id='block_1_76' title="bbox 2405 3683 3997 3762">
    <p class='ocr_par' dir='ltr' id='par_1_76' title="bbox 2405 3683 3997 3762">
     <span class='ocr_line' id='line_1_76' title="bbox 2405 3683 3997 3762; baseline -0.009 -15"><span class='ocrx_word' id='word_1_511' title='bbox 2405 3711 2493 3755; x_wconf 79' lang='grc' dir='ltr'><strong>νος</strong></span> <span class='ocrx_word' id='word_1_512' title='bbox 2527 3693 2628 3762; x_wconf 84' lang='grc' dir='ltr'>τῆς</span> <span class='ocrx_word' id='word_1_513' title='bbox 2673 3690 2898 3762; x_wconf 85' lang='grc' dir='ltr'>πρώτης</span> <span class='ocrx_word' id='word_1_514' title='bbox 2929 3689 3025 3741; x_wconf 76' lang='grc' dir='ltr'>καὶ</span> <span class='ocrx_word' id='word_1_515' title='bbox 3051 3688 3315 3754; x_wconf 83' lang='grc' dir='ltr'>δευτέρας</span> <span class='ocrx_word' id='word_1_516' title='bbox 3344 3685 3560 3737; x_wconf 86' lang='grc' dir='ltr'>συνόδου</span> <span class='ocrx_word' id='word_1_517' title='bbox 3579 3684 3679 3752; x_wconf 85' lang='grc' dir='ltr'><strong>τῆς</strong></span> <span class='ocrx_word' id='word_1_518' title='bbox 3711 3683 3997 3748; x_wconf 73' lang='grc' dir='ltr'>συστάσης</span> 
     </span>
    </p>
   </div>
   <div class='ocr_carea' id='block_1_77' title="bbox 2407 3772 3993 3854">
    <p class='ocr_par' dir='ltr' id='par_1_77' title="bbox 2407 3772 3993 3854">
     <span class='ocr_line' id='line_1_77' title="bbox 2407 3772 3993 3854; baseline -0.01 -17"><span class='ocrx_word' id='word_1_519' title='bbox 2407 3788 2465 3838; x_wconf 88' lang='grc' dir='ltr'>ἐν</span> <span class='ocrx_word' id='word_1_520' title='bbox 2494 3783 2574 3854; x_wconf 83' lang='grc' dir='ltr'>τῷ</span> <span class='ocrx_word' id='word_1_521' title='bbox 2600 3783 2716 3852; x_wconf 87' lang='grc' dir='ltr'>ναῷ</span> <span class='ocrx_word' id='word_1_522' title='bbox 2749 3781 2858 3834; x_wconf 85' lang='grc' dir='ltr'><strong>τών</strong></span> <span class='ocrx_word' id='word_1_523' title='bbox 2892 3778 3090 3846; x_wconf 82' lang='grc' dir='ltr'>Ἀγίων</span> <span class='ocrx_word' id='word_1_524' title='bbox 3132 3776 3470 3830; x_wconf 83' lang='grc' dir='ltr'>Ἀποστόλων</span> <span class='ocrx_word' id='word_1_525' title='bbox 3508 3773 3734 3839; x_wconf 81' lang='grc' dir='ltr'>γνῶναι,</span> <span class='ocrx_word' id='word_1_526' title='bbox 3771 3772 3922 3823; x_wconf 78' lang='grc' dir='ltr'>ἔστιν</span> <span class='ocrx_word' id='word_1_527' title='bbox 3963 3772 3993 3836; x_wconf 79' lang='grc' dir='ltr'>ἡ</span> 
     </span>
    </p>
   </div>
   <div class='ocr_carea' id='block_1_78' title="bbox 2407 3865 3997 3947">
    <p class='ocr_par' dir='ltr' id='par_1_78' title="bbox 2407 3865 3997 3947">
     <span class='ocr_line' id='line_1_78' title="bbox 2407 3865 3997 3947; baseline -0.01 -17"><span class='ocrx_word' id='word_1_528' title='bbox 2407 3881 2464 3931; x_wconf 83' lang='grc' dir='ltr'><strong>ἐν</strong></span> <span class='ocrx_word' id='word_1_529' title='bbox 2493 3879 2686 3947; x_wconf 83' lang='grc' dir='ltr'>ἀγροῖς</span> <span class='ocrx_word' id='word_1_530' title='bbox 2717 3875 3059 3944; x_wconf 84' lang='grc' dir='ltr'>ἁρχοντικοῖς</span> <span class='ocrx_word' id='word_1_531' title='bbox 3094 3870 3366 3938; x_wconf 74' lang='grc' dir='ltr'>λεγομένη</span> <span class='ocrx_word' id='word_1_532' title='bbox 3422 3866 3827 3937; x_wconf 78' lang='grc' dir='ltr'>κουρατωρεία,</span> <span class='ocrx_word' id='word_1_533' title='bbox 3864 3865 3997 3916; x_wconf 82' lang='grc' dir='ltr'>ὅπου</span> 
     </span>
    </p>
   </div>
   <div class='ocr_carea' id='block_1_79' title="bbox 2409 3963 3274 4039">
    <p class='ocr_par' dir='ltr' id='par_1_79' title="bbox 2409 3963 3274 4039">
     <span class='ocr_line' id='line_1_79' title="bbox 2409 3963 3274 4039; baseline -0.008 -16"><span class='ocrx_word' id='word_1_534' title='bbox 2409 3971 2509 4023; x_wconf 67' lang='grc' dir='ltr'><strong>καὶ</strong></span> <span class='ocrx_word' id='word_1_535' title='bbox 2555 3968 2870 4039; x_wconf 79' lang='grc' dir='ltr'>μειζότεροι</span> <span class='ocrx_word' id='word_1_536' title='bbox 2905 3963 3274 4034; x_wconf 82' lang='grc' dir='ltr'>ὠνομάζοντο.</span> 
     </span>
    </p>
   </div>
   <div class='ocr_carea' id='block_1_80' title="bbox 727 4055 4000 4136">
    <p class='ocr_par' dir='ltr' id='par_1_80' title="bbox 727 4055 4000 4136">
     <span class='ocr_line' id='line_1_80' title="bbox 727 4055 4000 4136; baseline 0 -30"><span class='ocrx_word' id='word_1_537' title='bbox 727 4064 866 4122; x_wconf 63' lang='lat' dir='ltr'><strong>gata:</strong></span> <span class='ocrx_word' id='word_1_538' title='bbox 895 4056 1169 4123; x_wconf 84' lang='lat' dir='ltr'><strong>conjicere</strong></span> <span class='ocrx_word' id='word_1_539' title='bbox 1200 4055 1357 4109; x_wconf 87' lang='lat' dir='ltr'><strong>facile</strong></span> <span class='ocrx_word' id='word_1_540' title='bbox 1386 4065 1492 4118; x_wconf 87' lang='lat' dir='ltr'><strong>est,</strong></span> <span class='ocrx_word' id='word_1_541' title='bbox 1521 4069 1577 4110; x_wconf 91' lang='lat' dir='ltr'><strong>ut</strong></span> <span class='ocrx_word' id='word_1_542' title='bbox 1607 4061 1658 4111; x_wconf 92' lang='lat' dir='ltr'><strong>in</strong></span> <span class='ocrx_word' id='word_1_543' title='bbox 1687 4062 1834 4129; x_wconf 89' lang='lat' dir='ltr'><strong>agris</strong></span> <span class='ocrx_word' id='word_1_544' title='bbox 1861 4065 2302 4131; x_wconf 89' lang='lat' dir='ltr'><strong>tnagistratuum,</strong></span> <span class='ocrx_word' id='word_1_545' title='bbox 2335 4067 2389 4121; x_wconf 91' lang='lat' dir='ltr'><strong>in</strong></span> <span class='ocrx_word' id='word_1_546' title='bbox 2428 4069 2629 4136; x_wconf 90' lang='lat' dir='ltr'><strong>quibus</strong></span> <span class='ocrx_word' id='word_1_547' title='bbox 2680 4075 2733 4120; x_wconf 90' lang='lat' dir='ltr'><strong>et</strong></span> <span class='ocrx_word' id='word_1_548' title='bbox 2771 4062 3044 4129; x_wconf 89' lang='lat' dir='ltr'><strong>majorum</strong></span> <span class='ocrx_word' id='word_1_549' title='bbox 3120 4059 3342 4114; x_wconf 89' lang='lat' dir='ltr'><strong>nomine</strong></span> <span class='ocrx_word' id='word_1_550' title='bbox 3400 4056 3845 4128; x_wconf 88' lang='lat' dir='ltr'><strong>appellabantur,</strong></span> <span class='ocrx_word' id='word_1_551' title='bbox 3902 4070 4000 4107; x_wconf 83' lang='lat' dir='ltr'><strong>cu-</strong></span> 
     </span>
    </p>
   </div>
   <div class='ocr_carea' id='block_1_81' title="bbox 727 4147 1784 4216">
    <p class='ocr_par' dir='ltr' id='par_1_81' title="bbox 727 4147 1784 4216">
     <span class='ocr_line' id='line_1_81' title="bbox 727 4147 1784 4216; baseline 0.007 -18"><span class='ocrx_word' id='word_1_552' title='bbox 727 4149 1016 4213; x_wconf 79' lang='lat' dir='ltr'><strong>rationem,</strong></span> <span class='ocrx_word' id='word_1_553' title='bbox 1048 4164 1171 4216; x_wconf 70' lang='lat' dir='ltr'><strong>qnae</strong></span> <span class='ocrx_word' id='word_1_554' title='bbox 1196 4147 1415 4212; x_wconf 90' lang='lat' dir='ltr'><strong>dicitur,</strong></span> <span class='ocrx_word' id='word_1_555' title='bbox 1445 4164 1784 4205; x_wconf 79' lang='lat' dir='ltr'><strong>exercerent.</strong></span> 
     </span>
    </p>
   </div>
   <div class='ocr_carea' id='block_1_82' title="bbox 725 4240 2295 4313">
    <p class='ocr_par' dir='ltr' id='par_1_82' title="bbox 725 4240 2295 4313">
     <span class='ocr_line' id='line_1_82' title="bbox 725 4240 2295 4313; baseline 0.005 -21"><span class='ocrx_word' id='word_1_556' title='bbox 725 4240 952 4299; x_wconf 78' lang='lat' dir='ltr'><strong>ARIST.</strong></span> <span class='ocrx_word' id='word_1_557' title='bbox 1015 4259 1033 4292; x_wconf 75' lang='grc' dir='ltr'><strong>ι</strong></span> <span class='ocrx_word' id='word_1_558' title='bbox 1090 4241 1357 4306; x_wconf 88' lang='lat' dir='ltr'><strong>Clericus,</strong></span> <span class='ocrx_word' id='word_1_559' title='bbox 1407 4243 1498 4310; x_wconf 90' lang='lat' dir='ltr'><strong>qui</strong></span> <span class='ocrx_word' id='word_1_560' title='bbox 1532 4257 1631 4296; x_wconf 89' lang='lat' dir='ltr'><strong>sua</strong></span> <span class='ocrx_word' id='word_1_561' title='bbox 1663 4243 1851 4297; x_wconf 85' lang='lat' dir='ltr'><strong>relicta</strong></span> <span class='ocrx_word' id='word_1_562' title='bbox 1920 4246 2173 4313; x_wconf 86' lang='lat' dir='ltr'><strong>parochia</strong></span> <span class='ocrx_word' id='word_1_563' title='bbox 2241 4247 2295 4300; x_wconf 92' lang='lat' dir='ltr'><strong>in</strong></span> 
     </span>
    </p>
   </div>
   <div class='ocr_carea' id='block_1_83' title="bbox 802 4334 2303 4407">
    <p class='ocr_par' dir='ltr' id='par_1_83' title="bbox 802 4334 2303 4407">
     <span class='ocr_line' id='line_1_83' title="bbox 802 4334 2303 4407; baseline 0.005 -24"><span class='ocrx_word' id='word_1_564' title='bbox 802 4353 819 4383; x_wconf 76' lang='grc' dir='ltr'><strong>ι</strong></span> <span class='ocrx_word' id='word_1_565' title='bbox 863 4336 1020 4386; x_wconf 85' lang='lat' dir='ltr'><strong>aliam</strong></span> <span class='ocrx_word' id='word_1_566' title='bbox 1053 4350 1111 4386; x_wconf 90' lang='lat' dir='ltr'><strong>se</strong></span> <span class='ocrx_word' id='word_1_567' title='bbox 1129 4334 1363 4396; x_wconf 84' lang='lat' dir='ltr'><strong>confert,</strong></span> <span class='ocrx_word' id='word_1_568' title='bbox 1384 4335 1502 4388; x_wconf 89' lang='lat' dir='ltr'><strong>sine</strong></span> <span class='ocrx_word' id='word_1_569' title='bbox 1535 4336 1754 4404; x_wconf 90' lang='lat' dir='ltr'><strong>proprio</strong></span> <span class='ocrx_word' id='word_1_570' title='bbox 1786 4337 2044 4407; x_wconf 85' lang='lat' dir='ltr'><strong>episcopo</strong></span> <span class='ocrx_word' id='word_1_571' title='bbox 2077 4349 2130 4392; x_wconf 90' lang='lat' dir='ltr'><strong>et</strong></span> <span class='ocrx_word' id='word_1_572' title='bbox 2155 4338 2303 4393; x_wconf 82' lang='lat' dir='ltr'><strong>Con-</strong></span> 
     </span>
    </p>
   </div>
   <div class='ocr_carea' id='block_1_84' title="bbox 807 4429 2305 4500">
    <p class='ocr_par' dir='ltr' id='par_1_84' title="bbox 807 4429 2305 4500">
     <span class='ocr_line' id='line_1_84' title="bbox 807 4429 2305 4500; baseline 0.005 -22"><span class='ocrx_word' id='word_1_573' title='bbox 807 4447 824 4478; x_wconf 84' lang='grc'><em>‹</em></span> <span class='ocrx_word' id='word_1_574' title='bbox 868 4429 1371 4497; x_wconf 91' lang='lat' dir='ltr'><strong>stantinopolitano,</strong></span> <span class='ocrx_word' id='word_1_575' title='bbox 1396 4445 1464 4482; x_wconf 91' lang='lat' dir='ltr'><strong>ne</strong></span> <span class='ocrx_word' id='word_1_576' title='bbox 1493 4429 1842 4492; x_wconf 88' lang='lat' dir='ltr'><strong>admittatur,</strong></span> <span class='ocrx_word' id='word_1_577' title='bbox 1908 4446 2082 4500; x_wconf 91' lang='lat' dir='ltr'><strong>neque</strong></span> <span class='ocrx_word' id='word_1_578' title='bbox 2117 4433 2168 4484; x_wconf 92' lang='lat' dir='ltr'><strong>in</strong></span> <span class='ocrx_word' id='word_1_579' title='bbox 2191 4430 2305 4485; x_wconf 88' lang='lat' dir='ltr'><strong>do—</strong></span> 
     </span>
    </p>
   </div>
   <div class='ocr_carea' id='block_1_85' title="bbox 809 4521 2305 4586">
    <p class='ocr_par' dir='ltr' id='par_1_85' title="bbox 809 4521 2305 4586">
     <span class='ocr_line' id='line_1_85' title="bbox 809 4521 2305 4586; baseline 0.002 -14"><span class='ocrx_word' id='word_1_580' title='bbox 809 4540 827 4572; x_wconf 73' lang='lat' dir='ltr'><strong>t</strong></span> <span class='ocrx_word' id='word_1_581' title='bbox 865 4538 973 4580; x_wconf 85' lang='lat' dir='ltr'><strong>mo,</strong></span> <span class='ocrx_word' id='word_1_582' title='bbox 1010 4537 1109 4574; x_wconf 88' lang='lat' dir='ltr'><strong>nec</strong></span> <span class='ocrx_word' id='word_1_583' title='bbox 1141 4521 1194 4574; x_wconf 93' lang='lat' dir='ltr'><strong>in</strong></span> <span class='ocrx_word' id='word_1_584' title='bbox 1245 4522 1494 4574; x_wconf 87' lang='lat' dir='ltr'><strong>ecclesia.</strong></span> <span class='ocrx_word' id='word_1_585' title='bbox 1561 4521 1664 4586; x_wconf 88' lang='lat' dir='ltr'><strong>Qui</strong></span> <span class='ocrx_word' id='word_1_586' title='bbox 1723 4531 1899 4575; x_wconf 88' lang='lat' dir='ltr'><strong>autem</strong></span> <span class='ocrx_word' id='word_1_587' title='bbox 1931 4524 2035 4576; x_wconf 87' lang='lat' dir='ltr'><strong>hoc</strong></span> <span class='ocrx_word' id='word_1_588' title='bbox 2075 4522 2204 4577; x_wconf 89' lang='lat' dir='ltr'><strong>facit</strong></span> <span class='ocrx_word' id='word_1_589' title='bbox 2251 4533 2305 4577; x_wconf 86' lang='lat' dir='ltr'><strong>et</strong></span> 
     </span>
    </p>
   </div>
   <div class='ocr_carea' id='block_1_86' title="bbox 806 4613 2304 4701">
    <p class='ocr_par' dir='ltr' id='par_1_86' title="bbox 806 4613 2304 4701">
     <span class='ocr_line' id='line_1_86' title="bbox 806 4613 2304 4701; baseline 0.006 -39"><span class='ocrx_word' id='word_1_590' title='bbox 806 4633 823 4662; x_wconf 73' lang='grc' dir='ltr'><strong>ε</strong></span> <span class='ocrx_word' id='word_1_591' title='bbox 860 4621 1189 4680; x_wconf 78' lang='lat' dir='ltr'><strong>perseverat,</strong></span> <span class='ocrx_word' id='word_1_592' title='bbox 1224 4613 1547 4681; x_wconf 91' lang='lat' dir='ltr'><strong>deponatur.</strong></span> <span class='ocrx_word' id='word_1_593' title='bbox 1580 4613 1636 4666; x_wconf 92' lang='lat' dir='ltr'><strong>Si</strong></span> <span class='ocrx_word' id='word_1_594' title='bbox 1667 4622 1849 4668; x_wconf 90' lang='lat' dir='ltr'><strong>autem</strong></span> <span class='ocrx_word' id='word_1_595' title='bbox 1892 4616 1958 4669; x_wconf 90' lang='lat' dir='ltr'><strong>iis</strong></span> <span class='ocrx_word' id='word_1_596' title='bbox 1988 4617 2304 4701; x_wconf 76' lang='grc' dir='ltr'><strong>(ιιιοὶύὶιὶ-</strong></span> 
     </span>
    </p>
   </div>
   <div class='ocr_carea' id='block_1_87' title="bbox 809 4705 2306 4767">
    <p class='ocr_par' dir='ltr' id='par_1_87' title="bbox 809 4705 2306 4767">
     <span class='ocr_line' id='line_1_87' title="bbox 809 4705 2306 4767; baseline 0.007 -13"><span class='ocrx_word' id='word_1_597' title='bbox 809 4727 825 4754; x_wconf 78' lang='grc' dir='ltr'><strong>ι</strong></span> <span class='ocrx_word' id='word_1_598' title='bbox 869 4722 988 4760; x_wconf 88' lang='lat' dir='ltr'><strong>mus</strong></span> <span class='ocrx_word' id='word_1_599' title='bbox 1019 4705 1316 4760; x_wconf 67' lang='lat' dir='ltr'><strong>s:~ieutibus</strong></span> <span class='ocrx_word' id='word_1_600' title='bbox 1357 4708 1459 4760; x_wconf 91' lang='lat' dir='ltr'><strong>hoc</strong></span> <span class='ocrx_word' id='word_1_601' title='bbox 1491 4705 1754 4767; x_wconf 85' lang='lat' dir='ltr'><strong>fecerint;</strong></span> <span class='ocrx_word' id='word_1_602' title='bbox 1788 4707 2080 4761; x_wconf 63' lang='lat' dir='ltr'><strong>saeculares</strong></span> <span class='ocrx_word' id='word_1_603' title='bbox 2142 4710 2196 4762; x_wconf 91' lang='lat' dir='ltr'><strong>in</strong></span> <span class='ocrx_word' id='word_1_604' title='bbox 2247 4725 2306 4764; x_wconf 90' lang='lat' dir='ltr'><strong>se</strong></span> 
     </span>
    </p>
   </div>
   <div class='ocr_carea' id='block_1_88' title="bbox 809 4799 2301 4869">
    <p class='ocr_par' dir='ltr' id='par_1_88' title="bbox 809 4799 2301 4869">
     <span class='ocr_line' id='line_1_88' title="bbox 809 4799 2301 4869; baseline 0.004 -18"><span class='ocrx_word' id='word_1_605' title='bbox 809 4819 825 4851; x_wconf 84' lang='grc' dir='ltr'><strong>ι</strong></span> <span class='ocrx_word' id='word_1_606' title='bbox 865 4813 1026 4852; x_wconf 89' lang='lat' dir='ltr'><strong>curas</strong></span> <span class='ocrx_word' id='word_1_607' title='bbox 1051 4815 1117 4853; x_wconf 91' lang='lat' dir='ltr'><strong>ne</strong></span> <span class='ocrx_word' id='word_1_608' title='bbox 1133 4799 1455 4867; x_wconf 86' lang='lat' dir='ltr'><strong>suscipiant,</strong></span> <span class='ocrx_word' id='word_1_609' title='bbox 1485 4800 1568 4854; x_wconf 90' lang='lat' dir='ltr'><strong>vel</strong></span> <span class='ocrx_word' id='word_1_610' title='bbox 1602 4800 1647 4855; x_wconf 91' lang='lat' dir='ltr'><strong>si</strong></span> <span class='ocrx_word' id='word_1_611' title='bbox 1671 4801 2034 4869; x_wconf 90' lang='lat' dir='ltr'><strong>susceperint,</strong></span> <span class='ocrx_word' id='word_1_612' title='bbox 2063 4810 2301 4867; x_wconf 85' lang='lat' dir='ltr'><strong>cessent,</strong></span> 
     </span>
    </p>
   </div>
   <div class='ocr_carea' id='block_1_89' title="bbox 808 4895 2013 4964">
    <p class='ocr_par' dir='ltr' id='par_1_89' title="bbox 808 4895 2013 4964">
     <span class='ocr_line' id='line_1_89' title="bbox 808 4895 2013 4964; baseline 0 -18"><span class='ocrx_word' id='word_1_613' title='bbox 808 4915 824 4946; x_wconf 77' lang='grc' dir='ltr'><strong>ι</strong></span> <span class='ocrx_word' id='word_1_614' title='bbox 871 4895 1112 4963; x_wconf 86' lang='lat' dir='ltr'><strong>alioquin</strong></span> <span class='ocrx_word' id='word_1_615' title='bbox 1146 4896 1510 4964; x_wconf 90' lang='lat' dir='ltr'><strong>deponantur.</strong></span> <span class='ocrx_word' id='word_1_616' title='bbox 1549 4913 1568 4946; x_wconf 75' lang='grc' dir='ltr'><strong>ι</strong></span> <span class='ocrx_word' id='word_1_617' title='bbox 2005 4910 2013 4914; x_wconf 68' lang='grc'><strong>’</strong></span> 
     </span>
    </p>
   </div>
   <div class='ocr_carea' id='block_1_90' title="bbox 797 4989 2304 5060">
    <p class='ocr_par' dir='ltr' id='par_1_90' title="bbox 797 4989 2304 5060">
     <span class='ocr_line' id='line_1_90' title="bbox 797 4989 2304 5060; baseline 0.003 -20"><span class='ocrx_word' id='word_1_618' title='bbox 797 4989 1144 5060; x_wconf 78' lang='lat' dir='ltr'><strong>Peregrinum</strong></span> <span class='ocrx_word' id='word_1_619' title='bbox 1192 4991 1448 5044; x_wconf 78' lang='lat' dir='ltr'><strong>clericum</strong></span> <span class='ocrx_word' id='word_1_620' title='bbox 1511 4991 1650 5044; x_wconf 90' lang='lat' dir='ltr'><strong>hanc</strong></span> <span class='ocrx_word' id='word_1_621' title='bbox 1687 4989 1902 5043; x_wconf 88' lang='lat' dir='ltr'><strong>urbium</strong></span> <span class='ocrx_word' id='word_1_622' title='bbox 1945 4991 2185 5060; x_wconf 87' lang='lat' dir='ltr'><strong>reginam</strong></span> <span class='ocrx_word' id='word_1_623' title='bbox 2217 4991 2304 5045; x_wconf 86' lang='lat' dir='ltr'><strong>in-</strong></span> 
     </span>
    </p>
   </div>
   <div class='ocr_carea' id='block_1_91' title="bbox 727 5080 2306 5149">
    <p class='ocr_par' dir='ltr' id='par_1_91' title="bbox 727 5080 2306 5149">
     <span class='ocr_line' id='line_1_91' title="bbox 727 5080 2306 5149; baseline 0 -17"><span class='ocrx_word' id='word_1_624' title='bbox 727 5080 1061 5148; x_wconf 81' lang='lat' dir='ltr'><strong>gredienlem</strong></span> <span class='ocrx_word' id='word_1_625' title='bbox 1099 5095 1207 5133; x_wconf 92' lang='lat' dir='ltr'><strong>non</strong></span> <span class='ocrx_word' id='word_1_626' title='bbox 1240 5088 1454 5148; x_wconf 89' lang='lat' dir='ltr'><strong>oportet</strong></span> <span class='ocrx_word' id='word_1_627' title='bbox 1504 5083 1624 5133; x_wconf 90' lang='lat' dir='ltr'><strong>sine</strong></span> <span class='ocrx_word' id='word_1_628' title='bbox 1671 5080 1754 5142; x_wconf 73' lang='lat' dir='ltr'><strong>sui</strong></span> <span class='ocrx_word' id='word_1_629' title='bbox 1810 5081 2048 5149; x_wconf 86' lang='lat' dir='ltr'><strong>episc0pi</strong></span> <span class='ocrx_word' id='word_1_630' title='bbox 2097 5089 2151 5134; x_wconf 88' lang='lat' dir='ltr'><strong>et</strong></span> <span class='ocrx_word' id='word_1_631' title='bbox 2192 5080 2306 5147; x_wconf 88' lang='lat' dir='ltr'><strong>epi-</strong></span> 
     </span>
    </p>
   </div>
   <div class='ocr_carea' id='block_1_92' title="bbox 728 5171 2303 5241">
    <p class='ocr_par' dir='ltr' id='par_1_92' title="bbox 728 5171 2303 5241">
     <span class='ocr_line' id='line_1_92' title="bbox 728 5171 2303 5241; baseline 0 -16"><span class='ocrx_word' id='word_1_632' title='bbox 728 5173 878 5241; x_wconf 84' lang='lat' dir='ltr'><strong>scopi</strong></span> <span class='ocrx_word' id='word_1_633' title='bbox 915 5171 1508 5241; x_wconf 88' lang='lat' dir='ltr'><strong>Constantinopolitani</strong></span> <span class='ocrx_word' id='word_1_634' title='bbox 1542 5171 1820 5226; x_wconf 87' lang='lat' dir='ltr'><strong>voluntate</strong></span> <span class='ocrx_word' id='word_1_635' title='bbox 1866 5173 1918 5225; x_wconf 91' lang='lat' dir='ltr'><strong>in</strong></span> <span class='ocrx_word' id='word_1_636' title='bbox 1951 5171 2142 5240; x_wconf 89' lang='lat' dir='ltr'><strong>quavis</strong></span> <span class='ocrx_word' id='word_1_637' title='bbox 2189 5171 2303 5225; x_wconf 70' lang='lat' dir='ltr'><strong>aede</strong></span> 
     </span>
    </p>
   </div>
   <div class='ocr_carea' id='block_1_93' title="bbox 725 5262 2301 5332">
    <p class='ocr_par' dir='ltr' id='par_1_93' title="bbox 725 5262 2301 5332">
     <span class='ocr_line' id='line_1_93' title="bbox 725 5262 2301 5332; baseline 0.003 -18"><span class='ocrx_word' id='word_1_638' title='bbox 725 5265 809 5318; x_wconf 75' lang='lat' dir='ltr'><strong>vel</strong></span> <span class='ocrx_word' id='word_1_639' title='bbox 839 5265 1069 5318; x_wconf 87' lang='lat' dir='ltr'><strong>ecclesia</strong></span> <span class='ocrx_word' id='word_1_640' title='bbox 1104 5264 1290 5331; x_wconf 89' lang='lat' dir='ltr'><strong>recipi.</strong></span> <span class='ocrx_word' id='word_1_641' title='bbox 1323 5262 1378 5316; x_wconf 93' lang='lat' dir='ltr'><strong>Si</strong></span> <span class='ocrx_word' id='word_1_642' title='bbox 1415 5273 1593 5316; x_wconf 90' lang='lat' dir='ltr'><strong>autem</strong></span> <span class='ocrx_word' id='word_1_643' title='bbox 1626 5280 1653 5315; x_wconf 95' lang='lat' dir='ltr'><strong>a</strong></span> <span class='ocrx_word' id='word_1_644' title='bbox 1679 5266 1934 5332; x_wconf 81' lang='lat' dir='ltr'><strong>quopiam</strong></span> <span class='ocrx_word' id='word_1_645' title='bbox 1968 5265 2087 5318; x_wconf 87' lang='lat' dir='ltr'><strong>sine</strong></span> <span class='ocrx_word' id='word_1_646' title='bbox 2113 5279 2301 5318; x_wconf 88' lang='lat' dir='ltr'><strong>eorum</strong></span> 
     </span>
    </p>
   </div>
   <div class='ocr_carea' id='block_1_94' title="bbox 731 5357 2299 5426">
    <p class='ocr_par' dir='ltr' id='par_1_94' title="bbox 731 5357 2299 5426">
     <span class='ocr_line' id='line_1_94' title="bbox 731 5357 2299 5426; baseline -0.001 -15"><span class='ocrx_word' id='word_1_647' title='bbox 731 5360 960 5411; x_wconf 83' lang='lat' dir='ltr'><strong>scientia</strong></span> <span class='ocrx_word' id='word_1_648' title='bbox 1000 5357 1313 5426; x_wconf 66' lang='lat' dir='ltr'><strong>recipiatur,</strong></span> <span class='ocrx_word' id='word_1_649' title='bbox 1350 5366 1402 5408; x_wconf 87' lang='lat' dir='ltr'><strong>et</strong></span> <span class='ocrx_word' id='word_1_650' title='bbox 1431 5365 1666 5415; x_wconf 83' lang='lat' dir='ltr'><strong>maneat,</strong></span> <span class='ocrx_word' id='word_1_651' title='bbox 1709 5357 1771 5409; x_wconf 89' lang='lat' dir='ltr'><strong>ad</strong></span> <span class='ocrx_word' id='word_1_652' title='bbox 1803 5372 1956 5410; x_wconf 90' lang='lat' dir='ltr'><strong>suam</strong></span> <span class='ocrx_word' id='word_1_653' title='bbox 2007 5358 2299 5425; x_wconf 74' lang='lat' dir='ltr'><strong>parteciam</strong></span> 
     </span>
    </p>
   </div>
   <div class='ocr_carea' id='block_1_95' title="bbox 729 5447 2299 5517">
    <p class='ocr_par' dir='ltr' id='par_1_95' title="bbox 729 5447 2299 5517">
     <span class='ocr_line' id='line_1_95' title="bbox 729 5447 2299 5517; baseline 0 -15"><span class='ocrx_word' id='word_1_654' title='bbox 729 5467 836 5503; x_wconf 88' lang='lat' dir='ltr'><strong>non</strong></span> <span class='ocrx_word' id='word_1_655' title='bbox 886 5449 1122 5514; x_wconf 84' lang='lat' dir='ltr'><strong>rediens,</strong></span> <span class='ocrx_word' id='word_1_656' title='bbox 1163 5449 1492 5517; x_wconf 75' lang='lat' dir='ltr'><strong>deponatur.</strong></span> <span class='ocrx_word' id='word_1_657' title='bbox 1543 5447 1646 5513; x_wconf 86' lang='lat' dir='ltr'><strong>Qui</strong></span> <span class='ocrx_word' id='word_1_658' title='bbox 1696 5460 1878 5503; x_wconf 88' lang='lat' dir='ltr'><strong>autem</strong></span> <span class='ocrx_word' id='word_1_659' title='bbox 1935 5465 2056 5504; x_wconf 88' lang='lat' dir='ltr'><strong>cum</strong></span> <span class='ocrx_word' id='word_1_660' title='bbox 2112 5465 2299 5505; x_wconf 88' lang='lat' dir='ltr'><strong>eorum</strong></span> 
     </span>
    </p>
   </div>
   <div class='ocr_carea' id='block_1_96' title="bbox 731 5543 2302 5612">
    <p class='ocr_par' dir='ltr' id='par_1_96' title="bbox 731 5543 2302 5612">
     <span class='ocr_line' id='line_1_96' title="bbox 731 5543 2302 5612; baseline 0 -15"><span class='ocrx_word' id='word_1_661' title='bbox 731 5543 960 5597; x_wconf 90' lang='lat' dir='ltr'><strong>scientia</strong></span> <span class='ocrx_word' id='word_1_662' title='bbox 1002 5544 1053 5596; x_wconf 92' lang='lat' dir='ltr'><strong>in</strong></span> <span class='ocrx_word' id='word_1_663' title='bbox 1089 5544 1203 5598; x_wconf 71' lang='lat' dir='ltr'><strong>:ede</strong></span> <span class='ocrx_word' id='word_1_664' title='bbox 1233 5544 1436 5611; x_wconf 88' lang='lat' dir='ltr'><strong>aliqua,</strong></span> <span class='ocrx_word' id='word_1_665' title='bbox 1468 5558 1657 5596; x_wconf 91' lang='lat' dir='ltr'><strong>earum</strong></span> <span class='ocrx_word' id='word_1_666' title='bbox 1692 5559 1811 5612; x_wconf 73' lang='lat' dir='ltr'><strong>qua?</strong></span> <span class='ocrx_word' id='word_1_667' title='bbox 1849 5545 1901 5596; x_wconf 90' lang='lat' dir='ltr'><strong>in</strong></span> <span class='ocrx_word' id='word_1_668' title='bbox 1954 5544 2086 5597; x_wconf 86' lang='lat' dir='ltr'><strong>urbe</strong></span> <span class='ocrx_word' id='word_1_669' title='bbox 2122 5545 2222 5598; x_wconf 86' lang='lat' dir='ltr'><strong>bac</strong></span> <span class='ocrx_word' id='word_1_670' title='bbox 2272 5560 2302 5598; x_wconf 91' lang='lat' dir='ltr'><strong>a</strong></span> 
     </span>
    </p>
   </div>
   <div class='ocr_carea' id='block_1_97' title="bbox 732 5634 2302 5702">
    <p class='ocr_par' dir='ltr' id='par_1_97' title="bbox 732 5634 2302 5702">
     <span class='ocr_line' id='line_1_97' title="bbox 732 5634 2302 5702; baseline -0.001 -15"><span class='ocrx_word' id='word_1_671' title='bbox 732 5635 842 5689; x_wconf 86' lang='lat' dir='ltr'><strong>Deo</strong></span> <span class='ocrx_word' id='word_1_672' title='bbox 885 5635 1150 5690; x_wconf 82' lang='lat' dir='ltr'><strong>custodita</strong></span> <span class='ocrx_word' id='word_1_673' title='bbox 1184 5644 1332 5699; x_wconf 90' lang='lat' dir='ltr'><strong>sunt,</strong></span> <span class='ocrx_word' id='word_1_674' title='bbox 1365 5635 1642 5689; x_wconf 80' lang='lat' dir='ltr'><strong>admissus</strong></span> <span class='ocrx_word' id='word_1_675' title='bbox 1677 5645 1782 5699; x_wconf 87' lang='lat' dir='ltr'><strong>est,</strong></span> <span class='ocrx_word' id='word_1_676' title='bbox 1817 5650 1925 5689; x_wconf 89' lang='lat' dir='ltr'><strong>non</strong></span> <span class='ocrx_word' id='word_1_677' title='bbox 1975 5634 2135 5688; x_wconf 87' lang='lat' dir='ltr'><strong>debet</strong></span> <span class='ocrx_word' id='word_1_678' title='bbox 2170 5649 2302 5702; x_wconf 84' lang='lat' dir='ltr'><strong>pro-</strong></span> 
     </span>
    </p>
   </div>
   <div class='ocr_carea' id='block_1_98' title="bbox 727 5727 2304 5797">
    <p class='ocr_par' dir='ltr' id='par_1_98' title="bbox 727 5727 2304 5797">
     <span class='ocr_line' id='line_1_98' title="bbox 727 5727 2304 5797; baseline -0.001 -16"><span class='ocrx_word' id='word_1_679' title='bbox 727 5728 898 5791; x_wconf 88' lang='lat' dir='ltr'><strong>visor,</strong></span> <span class='ocrx_word' id='word_1_680' title='bbox 936 5737 1029 5780; x_wconf 92' lang='lat' dir='ltr'><strong>aut</strong></span> <span class='ocrx_word' id='word_1_681' title='bbox 1066 5729 1260 5797; x_wconf 88' lang='lat' dir='ltr'><strong>major,</strong></span> <span class='ocrx_word' id='word_1_682' title='bbox 1291 5739 1384 5780; x_wconf 91' lang='lat' dir='ltr'><strong>aut</strong></span> <span class='ocrx_word' id='word_1_683' title='bbox 1414 5736 1634 5781; x_wconf 86' lang='lat' dir='ltr'><strong>curator</strong></span> <span class='ocrx_word' id='word_1_684' title='bbox 1666 5727 1805 5792; x_wconf 82' lang='lat' dir='ltr'><strong>ﬁeri,</strong></span> <span class='ocrx_word' id='word_1_685' title='bbox 1882 5733 1974 5780; x_wconf 88' lang='lat' dir='ltr'><strong>sed</strong></span> <span class='ocrx_word' id='word_1_686' title='bbox 2007 5741 2205 5796; x_wconf 90' lang='lat' dir='ltr'><strong>pueros</strong></span> <span class='ocrx_word' id='word_1_687' title='bbox 2251 5735 2304 5780; x_wconf 90' lang='lat' dir='ltr'><strong>et</strong></span> 
     </span>
    </p>
   </div>
   <div class='ocr_carea' id='block_1_99' title="bbox 729 5820 2300 5890">
    <p class='ocr_par' dir='ltr' id='par_1_99' title="bbox 729 5820 2300 5890">
     <span class='ocr_line' id='line_1_99' title="bbox 729 5820 2300 5890; baseline -0.001 -14"><span class='ocrx_word' id='word_1_688' title='bbox 729 5837 920 5877; x_wconf 84' lang='lat' dir='ltr'><strong>servos</strong></span> <span class='ocrx_word' id='word_1_689' title='bbox 955 5820 1173 5876; x_wconf 91' lang='lat' dir='ltr'><strong>docere.</strong></span> <span class='ocrx_word' id='word_1_690' title='bbox 1211 5821 1268 5875; x_wconf 90' lang='lat' dir='ltr'><strong>Si</strong></span> <span class='ocrx_word' id='word_1_691' title='bbox 1301 5831 1481 5875; x_wconf 90' lang='lat' dir='ltr'><strong>autem</strong></span> <span class='ocrx_word' id='word_1_692' title='bbox 1513 5821 1788 5889; x_wconf 82' lang='lat' dir='ltr'><strong>ejusmodi</strong></span> <span class='ocrx_word' id='word_1_693' title='bbox 1837 5835 1999 5876; x_wconf 90' lang='lat' dir='ltr'><strong>curas</strong></span> <span class='ocrx_word' id='word_1_694' title='bbox 2044 5836 2300 5890; x_wconf 85' lang='lat' dir='ltr'><strong>suscepe-</strong></span> 
     </span>
    </p>
   </div>
   <div class='ocr_carea' id='block_1_100' title="bbox 728 5917 1636 5986">
    <p class='ocr_par' dir='ltr' id='par_1_100' title="bbox 728 5917 1636 5986">
     <span class='ocr_line' id='line_1_100' title="bbox 728 5917 1636 5986; baseline 0.001 -16"><span class='ocrx_word' id='word_1_695' title='bbox 728 5919 824 5982; x_wconf 89' lang='lat' dir='ltr'><strong>rit,</strong></span> <span class='ocrx_word' id='word_1_696' title='bbox 855 5919 934 5973; x_wconf 89' lang='lat' dir='ltr'><strong>vel</strong></span> <span class='ocrx_word' id='word_1_697' title='bbox 973 5927 1170 5973; x_wconf 77' lang='lat' dir='ltr'><strong>ccsset.</strong></span> <span class='ocrx_word' id='word_1_698' title='bbox 1204 5917 1286 5971; x_wconf 86' lang='lat' dir='ltr'><strong>vel</strong></span> <span class='ocrx_word' id='word_1_699' title='bbox 1313 5918 1636 5986; x_wconf 90' lang='lat' dir='ltr'><strong>deponatur.</strong></span> 
     </span>
    </p>
   </div>
   <div class='ocr_carea' id='block_1_101' title="bbox 2410 4219 4002 4310">
    <p class='ocr_par' dir='ltr' id='par_1_101' title="bbox 2410 4219 4002 4310">
     <span class='ocr_line' id='line_1_101' title="bbox 2410 4219 4002 4310; baseline -0.007 -10"><span class='ocrx_word' id='word_1_700' title='bbox 2410 4244 2630 4300; x_wconf 76' lang='grc' dir='ltr'><strong>ΑΡΙΣΤ.</strong></span> <span class='ocrx_word' id='word_1_701' title='bbox 2673 4219 3037 4310; x_wconf 43' lang='grc' dir='ltr'>«ι’Κληρικὸς,</span> <span class='ocrx_word' id='word_1_702' title='bbox 3072 4238 3171 4308; x_wconf 84' lang='grc' dir='ltr'>τὴν</span> <span class='ocrx_word' id='word_1_703' title='bbox 3221 4235 3418 4290; x_wconf 83' lang='grc' dir='ltr'>ἑαυτοῦ</span> <span class='ocrx_word' id='word_1_704' title='bbox 3483 4237 3787 4304; x_wconf 81' lang='grc' dir='ltr'>παροικίαν</span> <span class='ocrx_word' id='word_1_705' title='bbox 3814 4237 4002 4289; x_wconf 68' lang='grc' dir='ltr'>ἀπολι-</span> 
     </span>
    </p>
   </div>
   <div class='ocr_carea' id='block_1_102' title="bbox 2492 4330 3997 4403">
    <p class='ocr_par' dir='ltr' id='par_1_102' title="bbox 2492 4330 3997 4403">
     <span class='ocr_line' id='line_1_102' title="bbox 2492 4330 3997 4403; baseline -0.005 -14"><span class='ocrx_word' id='word_1_706' title='bbox 2492 4359 2509 4389; x_wconf 77' lang='grc' dir='ltr'><strong>ι</strong></span> <span class='ocrx_word' id='word_1_707' title='bbox 2559 4335 2676 4389; x_wconf 86' lang='grc' dir='ltr'>πὼν</span> <span class='ocrx_word' id='word_1_708' title='bbox 2708 4335 2802 4387; x_wconf 74' lang='grc' dir='ltr'><strong>καὶ</strong></span> <span class='ocrx_word' id='word_1_709' title='bbox 2838 4337 2894 4386; x_wconf 80' lang='grc' dir='ltr'><strong>ἐν</strong></span> <span class='ocrx_word' id='word_1_710' title='bbox 2925 4333 3090 4403; x_wconf 73' lang='grc' dir='ltr'>ἑτέρα</span> <span class='ocrx_word' id='word_1_711' title='bbox 3120 4332 3480 4399; x_wconf 47' lang='grc' dir='ltr'>ἀφικόμενος,</span> <span class='ocrx_word' id='word_1_712' title='bbox 3506 4330 3678 4398; x_wconf 70' lang='grc' dir='ltr'>χωρὶς</span> <span class='ocrx_word' id='word_1_713' title='bbox 3729 4330 3832 4382; x_wconf 70' lang='grc' dir='ltr'>τοῦ</span> <span class='ocrx_word' id='word_1_714' title='bbox 3871 4331 3997 4383; x_wconf 83' lang='grc' dir='ltr'>ἰδίου</span> 
     </span>
    </p>
   </div>
   <div class='ocr_carea' id='block_1_103' title="bbox 2490 4421 3998 4489">
    <p class='ocr_par' dir='ltr' id='par_1_103' title="bbox 2490 4421 3998 4489">
     <span class='ocr_line' id='line_1_103' title="bbox 2490 4421 3998 4489; baseline -0.006 -7"><span class='ocrx_word' id='word_1_715' title='bbox 2490 4451 2508 4481; x_wconf 74' lang='grc' dir='ltr'><strong>ι</strong></span> <span class='ocrx_word' id='word_1_716' title='bbox 2567 4429 2868 4482; x_wconf 83' lang='grc' dir='ltr'>ἐπισκόπου</span> <span class='ocrx_word' id='word_1_717' title='bbox 2931 4427 3026 4479; x_wconf 75' lang='grc' dir='ltr'><strong>καὶ</strong></span> <span class='ocrx_word' id='word_1_718' title='bbox 3081 4425 3174 4477; x_wconf 83' lang='grc' dir='ltr'><strong>τοῦ</strong></span> <span class='ocrx_word' id='word_1_719' title='bbox 3206 4421 3872 4482; x_wconf 79' lang='grc' dir='ltr'>Κωνσταντινουπὸλεως,</span> <span class='ocrx_word' id='word_1_720' title='bbox 3931 4422 3998 4489; x_wconf 80' lang='grc' dir='ltr'>μὴ</span> 
     </span>
    </p>
   </div>
   <div class='ocr_carea' id='block_1_104' title="bbox 2489 4514 3999 4591">
    <p class='ocr_par' dir='ltr' id='par_1_104' title="bbox 2489 4514 3999 4591">
     <span class='ocr_line' id='line_1_104' title="bbox 2489 4514 3999 4591; baseline -0.005 -17"><span class='ocrx_word' id='word_1_721' title='bbox 2489 4544 2504 4574; x_wconf 80' lang='grc' dir='ltr'><strong>ι</strong></span> <span class='ocrx_word' id='word_1_722' title='bbox 2550 4523 2790 4591; x_wconf 77' lang='grc' dir='ltr'>δεχέσθω</span> <span class='ocrx_word' id='word_1_723' title='bbox 2824 4521 2961 4590; x_wconf 81' lang='grc' dir='ltr'>μήτε</span> <span class='ocrx_word' id='word_1_724' title='bbox 2989 4521 3046 4571; x_wconf 81' lang='grc' dir='ltr'><strong>ὲν</strong></span> <span class='ocrx_word' id='word_1_725' title='bbox 3079 4520 3214 4587; x_wconf 74' lang='grc' dir='ltr'>οἴκῳ</span> <span class='ocrx_word' id='word_1_726' title='bbox 3242 4519 3377 4586; x_wconf 84' lang='grc' dir='ltr'>μήτε</span> <span class='ocrx_word' id='word_1_727' title='bbox 3424 4519 3481 4568; x_wconf 82' lang='grc' dir='ltr'><strong>ἐν</strong></span> <span class='ocrx_word' id='word_1_728' title='bbox 3516 4515 3813 4584; x_wconf 77' lang='grc' dir='ltr'>ἐκκλησίᾳ.</span> <span class='ocrx_word' id='word_1_729' title='bbox 3860 4514 3922 4566; x_wconf 83' lang='grc' dir='ltr'>Ὀ</span> <span class='ocrx_word' id='word_1_730' title='bbox 3947 4515 3999 4566; x_wconf 71' lang='grc' dir='ltr'>δὲ</span> 
     </span>
    </p>
   </div>
   <div class='ocr_carea' id='block_1_105' title="bbox 2485 4608 3998 4679">
    <p class='ocr_par' dir='ltr' id='par_1_105' title="bbox 2485 4608 3998 4679">
     <span class='ocr_line' id='line_1_105' title="bbox 2485 4608 3998 4679; baseline -0.005 -12"><span class='ocrx_word' id='word_1_731' title='bbox 2485 4637 2503 4667; x_wconf 76' lang='grc' dir='ltr'><strong>ι</strong></span> <span class='ocrx_word' id='word_1_732' title='bbox 2555 4616 2710 4669; x_wconf 81' lang='grc' dir='ltr'>τοῦτο</span> <span class='ocrx_word' id='word_1_733' title='bbox 2743 4614 2911 4667; x_wconf 80' lang='grc' dir='ltr'>ποιῶν</span> <span class='ocrx_word' id='word_1_734' title='bbox 2964 4611 3060 4664; x_wconf 72' lang='grc' dir='ltr'><strong>καὶ</strong></span> <span class='ocrx_word' id='word_1_735' title='bbox 3091 4612 3388 4679; x_wconf 89' lang='grc' dir='ltr'>ἐπιμένων,</span> <span class='ocrx_word' id='word_1_736' title='bbox 3417 4608 3817 4676; x_wconf 84' lang='grc' dir='ltr'>καθαιρείσθω.</span> <span class='ocrx_word' id='word_1_737' title='bbox 3854 4610 3917 4661; x_wconf 83' lang='grc' dir='ltr'><strong>ΕΞ</strong></span> <span class='ocrx_word' id='word_1_738' title='bbox 3948 4609 3998 4660; x_wconf 78' lang='grc' dir='ltr'>δὲ</span> 
     </span>
    </p>
   </div>
   <div class='ocr_carea' id='block_1_106' title="bbox 2489 4701 4000 4779">
    <p class='ocr_par' dir='ltr' id='par_1_106' title="bbox 2489 4701 4000 4779">
     <span class='ocr_line' id='line_1_106' title="bbox 2489 4701 4000 4779; baseline -0.005 -17"><span class='ocrx_word' id='word_1_739' title='bbox 2489 4730 2507 4761; x_wconf 76' lang='grc' dir='ltr'><strong>ι</strong></span> <span class='ocrx_word' id='word_1_740' title='bbox 2559 4709 2679 4779; x_wconf 80' lang='grc' dir='ltr'>μετ’</span> <span class='ocrx_word' id='word_1_741' title='bbox 2710 4707 2969 4777; x_wconf 79' lang='grc' dir='ltr'>εἰδήσεως</span> <span class='ocrx_word' id='word_1_742' title='bbox 2999 4701 3073 4757; x_wconf 79' lang='grc' dir='ltr'><strong>ὧν</strong></span> <span class='ocrx_word' id='word_1_743' title='bbox 3113 4705 3325 4772; x_wconf 77' lang='grc' dir='ltr'>ἔφημεν</span> <span class='ocrx_word' id='word_1_744' title='bbox 3349 4702 3508 4755; x_wconf 83' lang='grc' dir='ltr'>τοῦτο</span> <span class='ocrx_word' id='word_1_745' title='bbox 3546 4701 3865 4766; x_wconf 83' lang='grc' dir='ltr'>ποιοῦντες,</span> <span class='ocrx_word' id='word_1_746' title='bbox 3919 4720 4000 4754; x_wconf 81' lang='grc' dir='ltr'>κο-</span> 
     </span>
    </p>
   </div>
   <div class='ocr_carea' id='block_1_107' title="bbox 2487 4797 4000 4872">
    <p class='ocr_par' dir='ltr' id='par_1_107' title="bbox 2487 4797 4000 4872">
     <span class='ocr_line' id='line_1_107' title="bbox 2487 4797 4000 4872; baseline -0.006 -16"><span class='ocrx_word' id='word_1_747' title='bbox 2487 4823 2505 4856; x_wconf 81' lang='lat' dir='ltr'><strong>t</strong></span> <span class='ocrx_word' id='word_1_748' title='bbox 2555 4803 2760 4872; x_wconf 84' lang='grc' dir='ltr'>σμικὰς</span> <span class='ocrx_word' id='word_1_749' title='bbox 2795 4801 3083 4870; x_wconf 71' lang='grc' dir='ltr'>φροντίδας</span> <span class='ocrx_word' id='word_1_750' title='bbox 3111 4799 3184 4867; x_wconf 84' lang='grc' dir='ltr'>μὴ</span> <span class='ocrx_word' id='word_1_751' title='bbox 3214 4797 3686 4866; x_wconf 83' lang='grc' dir='ltr'>ἁναδεχέσθωσαν,</span> <span class='ocrx_word' id='word_1_752' title='bbox 3715 4797 3749 4865; x_wconf 69' lang='grc' dir='ltr'><strong>ἢ</strong></span> <span class='ocrx_word' id='word_1_753' title='bbox 3773 4798 4000 4865; x_wconf 75' lang='grc' dir='ltr'>δεξαμε-</span> 
     </span>
    </p>
   </div>
   <div class='ocr_carea' id='block_1_108' title="bbox 2489 4888 3992 4960">
    <p class='ocr_par' dir='ltr' id='par_1_108' title="bbox 2489 4888 3992 4960">
     <span class='ocr_line' id='line_1_108' title="bbox 2489 4888 3992 4960; baseline -0.007 -12"><span class='ocrx_word' id='word_1_754' title='bbox 2489 4915 2506 4954; x_wconf 80' lang='lat' dir='ltr'><strong>t</strong></span> <span class='ocrx_word' id='word_1_755' title='bbox 2551 4913 2630 4947; x_wconf 86' lang='grc' dir='ltr'><strong>νοι</strong></span> <span class='ocrx_word' id='word_1_756' title='bbox 2661 4893 3066 4946; x_wconf 71' lang='grc' dir='ltr'>παυσάσθωσαν</span> <span class='ocrx_word' id='word_1_757' title='bbox 3087 4907 3101 4921; x_wconf 87' lang='grc'><strong>·</strong></span> <span class='ocrx_word' id='word_1_758' title='bbox 3133 4891 3180 4942; x_wconf 85' lang='grc' dir='ltr'><strong>εί</strong></span> <span class='ocrx_word' id='word_1_759' title='bbox 3205 4889 3262 4942; x_wconf 77' lang='grc' dir='ltr'>δὲ</span> <span class='ocrx_word' id='word_1_760' title='bbox 3303 4889 3399 4960; x_wconf 86' lang='grc' dir='ltr'>μὴ,</span> <span class='ocrx_word' id='word_1_761' title='bbox 3428 4888 3937 4957; x_wconf 79' lang='grc' dir='ltr'>καθαιρείσθωσαν.</span> <span class='ocrx_word' id='word_1_762' title='bbox 3977 4908 3992 4938; x_wconf 79' lang='grc' dir='ltr'><strong>ι</strong></span> 
     </span>
    </p>
   </div>
   <div class='ocr_carea' id='block_1_109' title="bbox 2452 4965 3996 5053">
    <p class='ocr_par' dir='ltr' id='par_1_109' title="bbox 2452 4965 3996 5053">
     <span class='ocr_line' id='line_1_109' title="bbox 2452 4965 3996 5053; baseline -0.005 -15"><span class='ocrx_word' id='word_1_763' title='bbox 2452 4965 2454 4967; x_wconf 21' lang='grc' dir='ltr'><strong>Ι</strong></span> <span class='ocrx_word' id='word_1_764' title='bbox 2494 4985 2799 5051; x_wconf 79' lang='grc' dir='ltr'>Ἀλλότριον</span> <span class='ocrx_word' id='word_1_765' title='bbox 2867 4983 3129 5053; x_wconf 82' lang='grc' dir='ltr'>κληρικὺν</span> <span class='ocrx_word' id='word_1_766' title='bbox 3180 4983 3239 5034; x_wconf 85' lang='grc' dir='ltr'>ὲν</span> <span class='ocrx_word' id='word_1_767' title='bbox 3280 4982 3345 5050; x_wconf 87' lang='grc' dir='ltr'>τῇ</span> <span class='ocrx_word' id='word_1_768' title='bbox 3402 4979 3637 5049; x_wconf 91' lang='grc' dir='ltr'>βασιλίδι</span> <span class='ocrx_word' id='word_1_769' title='bbox 3663 4980 3848 5053; x_wconf 81' lang='grc' dir='ltr'>ταύτῃ</span> <span class='ocrx_word' id='word_1_770' title='bbox 3897 4981 3996 5033; x_wconf 64' lang='grc' dir='ltr'><strong>τών</strong></span> 
     </span>
    </p>
   </div>
   <div class='ocr_carea' id='block_1_110' title="bbox 2410 5072 3997 5142">
    <p class='ocr_par' dir='ltr' id='par_1_110' title="bbox 2410 5072 3997 5142">
     <span class='ocr_line' id='line_1_110' title="bbox 2410 5072 3997 5142; baseline -0.006 -10"><span class='ocrx_word' id='word_1_771' title='bbox 2410 5079 2617 5132; x_wconf 85' lang='grc' dir='ltr'>πόλεων</span> <span class='ocrx_word' id='word_1_772' title='bbox 2666 5075 2977 5128; x_wconf 83' lang='grc' dir='ltr'>εἰσελθόντα</span> <span class='ocrx_word' id='word_1_773' title='bbox 3005 5075 3066 5126; x_wconf 87' lang='grc' dir='ltr'>οὺ</span> <span class='ocrx_word' id='word_1_774' title='bbox 3131 5073 3234 5142; x_wconf 84' lang='grc' dir='ltr'><strong>χρὴ</strong></span> <span class='ocrx_word' id='word_1_775' title='bbox 3277 5073 3402 5126; x_wconf 71' lang='grc' dir='ltr'>ἄνευ</span> <span class='ocrx_word' id='word_1_776' title='bbox 3454 5072 3686 5142; x_wconf 80' lang='grc' dir='ltr'>γνώμης</span> <span class='ocrx_word' id='word_1_777' title='bbox 3711 5075 3812 5125; x_wconf 81' lang='grc' dir='ltr'>τοῦ</span> <span class='ocrx_word' id='word_1_778' title='bbox 3875 5075 3997 5126; x_wconf 75' lang='grc' dir='ltr'>ἰδίου</span> 
     </span>
    </p>
   </div>
   <div class='ocr_carea' id='block_1_111' title="bbox 2408 5163 3998 5225">
    <p class='ocr_par' dir='ltr' id='par_1_111' title="bbox 2408 5163 3998 5225">
     <span class='ocr_line' id='line_1_111' title="bbox 2408 5163 3998 5225; baseline -0.004 -3"><span class='ocrx_word' id='word_1_779' title='bbox 2408 5171 2712 5224; x_wconf 79' lang='grc' dir='ltr'>ἐπισκόπου</span> <span class='ocrx_word' id='word_1_780' title='bbox 2748 5168 2842 5220; x_wconf 72' lang='grc' dir='ltr'>καὶ</span> <span class='ocrx_word' id='word_1_781' title='bbox 2885 5167 2976 5219; x_wconf 77' lang='grc' dir='ltr'>τοῦ</span> <span class='ocrx_word' id='word_1_782' title='bbox 3012 5163 3639 5225; x_wconf 63' lang='grc' dir='ltr'>Κωνστανξινουπόλεω,</span> <span class='ocrx_word' id='word_1_783' title='bbox 3689 5167 3998 5218; x_wconf 76' lang='grc' dir='ltr'>ἐπισκόπου</span> 
     </span>
    </p>
   </div>
   <div class='ocr_carea' id='block_1_112' title="bbox 2409 5257 3995 5333">
    <p class='ocr_par' dir='ltr' id='par_1_112' title="bbox 2409 5257 3995 5333">
     <span class='ocr_line' id='line_1_112' title="bbox 2409 5257 3995 5333; baseline -0.004 -16"><span class='ocrx_word' id='word_1_784' title='bbox 2409 5267 2467 5317; x_wconf 83' lang='grc' dir='ltr'><strong>ἐν</strong></span> <span class='ocrx_word' id='word_1_785' title='bbox 2502 5264 2773 5333; x_wconf 83' lang='grc' dir='ltr'>οἱῳδήτινι</span> <span class='ocrx_word' id='word_1_786' title='bbox 2802 5262 2936 5328; x_wconf 79' lang='grc' dir='ltr'>οἴκῳ</span> <span class='ocrx_word' id='word_1_787' title='bbox 2967 5261 2998 5331; x_wconf 80' lang='grc' dir='ltr'>ἢ</span> <span class='ocrx_word' id='word_1_788' title='bbox 3043 5259 3308 5329; x_wconf 77' lang='grc' dir='ltr'>ἐκκλησίᾳ</span> <span class='ocrx_word' id='word_1_789' title='bbox 3344 5257 3794 5328; x_wconf 80' lang='grc' dir='ltr'>παραδεχθῆναι.</span> <span class='ocrx_word' id='word_1_790' title='bbox 3851 5261 3911 5312; x_wconf 81' lang='grc' dir='ltr'><strong>ΕΞ</strong></span> <span class='ocrx_word' id='word_1_791' title='bbox 3944 5260 3995 5312; x_wconf 80' lang='grc' dir='ltr'><strong>δὲ</strong></span> 
     </span>
    </p>
   </div>
   <div class='ocr_carea' id='block_1_113' title="bbox 2412 5350 3996 5425">
    <p class='ocr_par' dir='ltr' id='par_1_113' title="bbox 2412 5350 3996 5425">
     <span class='ocr_line' id='line_1_113' title="bbox 2412 5350 3996 5425; baseline -0.004 -18"><span class='ocrx_word' id='word_1_792' title='bbox 2412 5356 2563 5425; x_wconf 83' lang='grc' dir='ltr'>παρᾶ</span> <span class='ocrx_word' id='word_1_793' title='bbox 2592 5371 2735 5415; x_wconf 91' lang='grc' dir='ltr'>τινος</span> <span class='ocrx_word' id='word_1_794' title='bbox 2765 5352 3074 5422; x_wconf 81' lang='grc' dir='ltr'>προσδεχθῇ</span> <span class='ocrx_word' id='word_1_795' title='bbox 3138 5353 3311 5422; x_wconf 69' lang='grc' dir='ltr'>χωρὶς</span> <span class='ocrx_word' id='word_1_796' title='bbox 3374 5350 3633 5416; x_wconf 82' lang='grc' dir='ltr'>είδήσεως</span> <span class='ocrx_word' id='word_1_797' title='bbox 3668 5350 3879 5410; x_wconf 74' lang='grc' dir='ltr'>αὐτῶν,</span> <span class='ocrx_word' id='word_1_798' title='bbox 3915 5353 3996 5402; x_wconf 79' lang='grc' dir='ltr'><strong>καὶ</strong></span> 
     </span>
    </p>
   </div>
   <div class='ocr_carea' id='block_1_114' title="bbox 2409 5443 3993 5520">
    <p class='ocr_par' dir='ltr' id='par_1_114' title="bbox 2409 5443 3993 5520">
     <span class='ocr_line' id='line_1_114' title="bbox 2409 5443 3993 5520; baseline -0.006 -18"><span class='ocrx_word' id='word_1_799' title='bbox 2409 5450 2682 5520; x_wconf 79' lang='grc' dir='ltr'>ἐπ.μένει,</span> <span class='ocrx_word' id='word_1_800' title='bbox 2703 5449 2838 5518; x_wconf 66' lang='grc' dir='ltr'>πρὶς</span> <span class='ocrx_word' id='word_1_801' title='bbox 2855 5447 2952 5516; x_wconf 86' lang='grc' dir='ltr'><strong>τὴν</strong></span> <span class='ocrx_word' id='word_1_802' title='bbox 2973 5443 3168 5497; x_wconf 81' lang='grc' dir='ltr'>ἐαυτοῦ</span> <span class='ocrx_word' id='word_1_803' title='bbox 3200 5461 3272 5495; x_wconf 88' lang='grc' dir='ltr'><strong>πα</strong></span> <span class='ocrx_word' id='word_1_804' title='bbox 3285 5443 3495 5512; x_wconf 77' lang='grc' dir='ltr'>ροικίαν</span> <span class='ocrx_word' id='word_1_805' title='bbox 3524 5443 3597 5510; x_wconf 80' lang='grc' dir='ltr'>μὴ</span> <span class='ocrx_word' id='word_1_806' title='bbox 3623 5443 3993 5511; x_wconf 63' lang='grc' dir='ltr'>ἐπιστρέφων,</span> 
     </span>
    </p>
   </div>
   <div class='ocr_carea' id='block_1_115' title="bbox 2411 5535 3994 5610">
    <p class='ocr_par' dir='ltr' id='par_1_115' title="bbox 2411 5535 3994 5610">
     <span class='ocr_line' id='line_1_115' title="bbox 2411 5535 3994 5610; baseline -0.006 -17"><span class='ocrx_word' id='word_1_807' title='bbox 2411 5542 2900 5610; x_wconf 81' lang='grc' dir='ltr'>καθαιρεθήσεται.</span> <span class='ocrx_word' id='word_1_808' title='bbox 2951 5540 3005 5590; x_wconf 88' lang='grc'><strong>’0</strong></span> <span class='ocrx_word' id='word_1_809' title='bbox 3038 5538 3093 5590; x_wconf 83' lang='grc' dir='ltr'>δὲ</span> <span class='ocrx_word' id='word_1_810' title='bbox 3125 5538 3242 5605; x_wconf 87' lang='grc' dir='ltr'>μετ’</span> <span class='ocrx_word' id='word_1_811' title='bbox 3295 5537 3555 5602; x_wconf 69' lang='grc' dir='ltr'>εἰδήσεως</span> <span class='ocrx_word' id='word_1_812' title='bbox 3591 5535 3782 5587; x_wconf 71' lang='grc' dir='ltr'>αὐτῶν</span> <span class='ocrx_word' id='word_1_813' title='bbox 3816 5539 3873 5587; x_wconf 74' lang='grc' dir='ltr'><strong>ἐν</strong></span> <span class='ocrx_word' id='word_1_814' title='bbox 3901 5555 3994 5586; x_wconf 66' lang='grc' dir='ltr'>τινι</span> 
     </span>
    </p>
   </div>
   <div class='ocr_carea' id='block_1_116' title="bbox 2410 5627 3992 5701">
    <p class='ocr_par' dir='ltr' id='par_1_116' title="bbox 2410 5627 3992 5701">
     <span class='ocr_line' id='line_1_116' title="bbox 2410 5627 3992 5701; baseline -0.007 -16"><span class='ocrx_word' id='word_1_815' title='bbox 2410 5634 2544 5701; x_wconf 76' lang='grc' dir='ltr'>οἴκῳ</span> <span class='ocrx_word' id='word_1_816' title='bbox 2575 5633 2680 5682; x_wconf 83' lang='grc' dir='ltr'><strong>τών</strong></span> <span class='ocrx_word' id='word_1_817' title='bbox 2700 5633 2843 5683; x_wconf 71' lang='grc' dir='ltr'>κατὰ</span> <span class='ocrx_word' id='word_1_818' title='bbox 2869 5631 2966 5701; x_wconf 78' lang='grc' dir='ltr'>τὴν</span> <span class='ocrx_word' id='word_1_819' title='bbox 2993 5630 3359 5696; x_wconf 67' lang='grc' dir='ltr'>θεοφύλακτον</span> <span class='ocrx_word' id='word_1_820' title='bbox 3390 5627 3595 5695; x_wconf 71' lang='grc' dir='ltr'>ταύτην</span> <span class='ocrx_word' id='word_1_821' title='bbox 3622 5629 3784 5678; x_wconf 81' lang='grc' dir='ltr'>πόλιν</span> <span class='ocrx_word' id='word_1_822' title='bbox 3819 5628 3992 5679; x_wconf 67' lang='lat' dir='ltr'><strong>sic:th</strong></span> 
     </span>
    </p>
   </div>
   <div class='ocr_carea' id='block_1_117' title="bbox 2410 5720 3990 5792">
    <p class='ocr_par' dir='ltr' id='par_1_117' title="bbox 2410 5720 3990 5792">
     <span class='ocr_line' id='line_1_117' title="bbox 2410 5720 3990 5792; baseline -0.008 -16"><span class='ocrx_word' id='word_1_823' title='bbox 2410 5725 2508 5777; x_wconf 78' lang='grc' dir='ltr'><strong>οὐκ</strong></span> <span class='ocrx_word' id='word_1_824' title='bbox 2541 5725 2747 5792; x_wconf 72' lang='grc' dir='ltr'>ὀφείλει</span> <span class='ocrx_word' id='word_1_825' title='bbox 2801 5726 3125 5792; x_wconf 72' lang='grc' dir='ltr'>προνοητὴς,</span> <span class='ocrx_word' id='word_1_826' title='bbox 3167 5722 3198 5790; x_wconf 87' lang='grc' dir='ltr'>ἦ</span> <span class='ocrx_word' id='word_1_827' title='bbox 3245 5722 3583 5790; x_wconf 73' lang='grc' dir='ltr'>μειζότερος,</span> <span class='ocrx_word' id='word_1_828' title='bbox 3629 5720 3660 5788; x_wconf 81' lang='grc' dir='ltr'>ἢ</span> <span class='ocrx_word' id='word_1_829' title='bbox 3707 5725 3990 5787; x_wconf 53' lang='lat' dir='ltr'><strong>aco-apinae</strong></span> 
     </span>
    </p>
   </div>
   <div class='ocr_carea' id='block_1_118' title="bbox 2413 5811 3988 5884">
    <p class='ocr_par' dir='ltr' id='par_1_118' title="bbox 2413 5811 3988 5884">
     <span class='ocr_line' id='line_1_118' title="bbox 2413 5811 3988 5884; baseline -0.006 -15"><span class='ocrx_word' id='word_1_830' title='bbox 2413 5817 2692 5884; x_wconf 84' lang='grc' dir='ltr'>γενέσθαι,</span> <span class='ocrx_word' id='word_1_831' title='bbox 2734 5815 2871 5868; x_wconf 72' lang='grc' dir='ltr'>ἀλλὰ</span> <span class='ocrx_word' id='word_1_832' title='bbox 2901 5817 3036 5883; x_wconf 85' lang='grc' dir='ltr'>πρὸς</span> <span class='ocrx_word' id='word_1_833' title='bbox 3087 5813 3442 5866; x_wconf 78' lang='grc' dir='ltr'>διδασκαλίαν</span> <span class='ocrx_word' id='word_1_834' title='bbox 3489 5811 3599 5863; x_wconf 85' lang='grc' dir='ltr'>τῶν</span> <span class='ocrx_word' id='word_1_835' title='bbox 3661 5812 3876 5863; x_wconf 76' lang='grc' dir='ltr'>παίδων</span> <span class='ocrx_word' id='word_1_836' title='bbox 3907 5811 3988 5860; x_wconf 74' lang='grc' dir='ltr'><strong>καὶ</strong></span> 
     </span>
    </p>
   </div>
   <div class='ocr_carea' id='block_1_119' title="bbox 2406 5902 3987 5973">
    <p class='ocr_par' dir='ltr' id='par_1_119' title="bbox 2406 5902 3987 5973">
     <span class='ocr_line' id='line_1_119' title="bbox 2406 5902 3987 5973; baseline -0.004 -12"><span class='ocrx_word' id='word_1_837' title='bbox 2406 5913 2515 5966; x_wconf 82' lang='grc' dir='ltr'>τῶν</span> <span class='ocrx_word' id='word_1_838' title='bbox 2539 5909 2766 5962; x_wconf 74' lang='grc' dir='ltr'>οἰκετῶν</span> <span class='ocrx_word' id='word_1_839' title='bbox 2797 5909 2958 5961; x_wconf 77' lang='grc' dir='ltr'>εἶναι.</span> <span class='ocrx_word' id='word_1_840' title='bbox 2999 5908 3060 5960; x_wconf 83' lang='grc' dir='ltr'><strong>Εἰ</strong></span> <span class='ocrx_word' id='word_1_841' title='bbox 3089 5907 3146 5959; x_wconf 85' lang='grc' dir='ltr'>δὲ</span> <span class='ocrx_word' id='word_1_842' title='bbox 3170 5905 3430 5960; x_wconf 88' lang='grc' dir='ltr'>τοιαύτας</span> <span class='ocrx_word' id='word_1_843' title='bbox 3461 5904 3758 5973; x_wconf 78' lang='grc' dir='ltr'>φροντίδας</span> <span class='ocrx_word' id='word_1_844' title='bbox 3819 5902 3987 5955; x_wconf 67' lang='grc' dir='ltr'>ἀναεί-</span> 
     </span>
    </p>
   </div>
   <div class='ocr_carea' id='block_1_120' title="bbox 2407 5998 3486 6065">
    <p class='ocr_par' dir='ltr' id='par_1_120' title="bbox 2407 5998 3486 6065">
     <span class='ocr_line' id='line_1_120' title="bbox 2407 5998 3486 6065; baseline -0.003 -10"><span class='ocrx_word' id='word_1_845' title='bbox 2407 6004 2576 6065; x_wconf 76' lang='grc' dir='ltr'>εεται,</span> <span class='ocrx_word' id='word_1_846' title='bbox 2617 6001 2647 6060; x_wconf 82' lang='grc' dir='ltr'><strong>ἢ</strong></span> <span class='ocrx_word' id='word_1_847' title='bbox 2680 6000 3002 6060; x_wconf 72' lang='grc' dir='ltr'>παυσάσθω.</span> <span class='ocrx_word' id='word_1_848' title='bbox 3035 5999 3065 6054; x_wconf 74' lang='grc' dir='ltr'>ἢ</span> <span class='ocrx_word' id='word_1_849' title='bbox 3100 5998 3486 6053; x_wconf 66' lang='grc' dir='ltr'>καθαιρείσθω.</span> 
     </span>
    </p>
   </div>
  </div>
