4218 6458
716 401 817 461 ΒἮ

1973 403 2043 460 'l‘l
2058 409 2069 458 l
2086 402 2250 460 EOD.
2302 402 2390 458 BA
2402 402 2703 461 LSAMUN

3868 398 3984 458 9‘28

790 508 1042 564 ZONAB.
1074 509 1359 563 Antistites
1382 509 1817 580 quandoeuuque
1863 500 2085 565 creandi
2136 522 2284 573 sunt,

2465 510 2707 564 ΖΩΝΑΡ.
2751 512 2815 562 ΟΞ
2871 511 3153 579 ἀρχιερεῖς
3202 525 3309 580 προ
3355 508 3448 561 τοῦ
3512 510 3987 580 χειροτονηθῆναι

719 603 872 670 prius
900 612 953 656 et
981 602 1133 654 fidem
1165 617 1320 655 suam
1345 612 1399 656 et
1425 602 1530 655 alia
1558 604 1828 672 quaedam,
1854 620 1915 656 ae
1945 605 1999 658 itt
2035 607 2102 658 iis
2126 607 2289 659 etiam

718 712 910 751 sacros
950 710 977 747 ει
1020 710 1079 750 se
1110 710 1354 750 canones
1386 698 1687 751 servandos
1720 698 1846 751 data
1883 698 2007 761 fide,
2050 697 2293 770 profiteri

719 790 917 843 solent.
969 786 1107 840 Hine
1148 788 1311 856 igitur
1342 797 1448 850 est,
1482 789 1624 858 quod
1666 790 1768 842 hoc
1804 790 1925 845 loco
1957 790 2144 845 Patres
2173 807 2295 846 om-

722 881 871 933 nium
925 892 986 933 se
1025 878 1337 931 divinorum
1397 894 1665 932 canonum
1710 880 1975 951 obsequio
2027 882 2297 952 obligatos

718 987 843 1026 esse
878 972 1256 1039 pronuntiant.
1286 969 1424 1024 Cmn
1462 985 1591 1038 ergo
1624 971 1889 1041 vigesimo
1919 985 2070 1027 sexm
2100 975 2294 1043 synodi

720 1064 1187 1119 Chalcedonensis
1219 1077 1429 1117 canone
1457 1063 1816 1117 constitutum
1852 1064 1946 1124 sit.
1983 1074 2041 1117 ut
2066 1067 2119 1119 in
2156 1081 2294 1134 qua-

723 1172 938 1226 cunque
962 1154 1291 1220 ecclesia-sit
1326 1154 1646 1222 episc0pus,
1679 1170 1740 1209 ea
1776 1169 2122 1230 (nconomum
2161 1174 2301 1230 quo-

723 1266 828 1318 que
867 1266 930 1304 ex
977 1248 1223 1317 ejusdem
1265 1247 1512 1301 ecclesia:
1558 1249 1704 1301 clero
1753 1228 2028 1303 delectum
2083 1251 2300 1317 habeat,

725 1358 885 1412 aquo
916 1358 981 1396 ex
1006 1340 1251 1408 episcopi
1288 1340 1369 1393 sui
1404 1342 1673 1394 sententia
1701 1340 2096 1395 ecclesiastica:
2123 1341 2300 1397 facul-

729 1447 867 1489 tates
920 1434 1410 1497 administrentur;
1465 1433 1608 1485 hunc
1640 1448 1859 1501 quoque
1909 1449 2178 1487 canonem
2234 1433 2305 1490 de

726 1539 1020 1579 mronomo
1086 1524 1140 1577 in
1204 1537 1530 1591 unaquaque
1609 1524 1842 1579 ecclesia
1917 1527 2308 1579 constituendo

728 1618 920 1686 synodi
992 1616 1157 1685 hujus
1210 1615 1397 1669 Patres
1446 1618 1772 1670 servandum
1825 1631 1949 1671 esse
2002 1618 2303 1671 declarant.

728 1715 804 1762 Ac
834 1709 880 1763 si
913 1707 1133 1778 quidem
1156 1745 1171 1769 ,
1207 1706 1485 1776 inquiunt,
1544 1722 1889 1761 teconomum
1918 1708 2168 1763 ecclesiae
2199 1725 2310 1764 suae

728 1802 962 1869 quisque
1006 1800 1297 1868 episcopus
1334 1800 1725 1867 designaverit,
1757 1798 1897 1853 bene
1924 1810 2008 1854 est
2056 1816 2074 1855 :
2107 1816 2298 1855 verum

2405 603 2790 673 άσφαλίζοντεαι
2812 605 2905 655 καὶ
2937 604 3063 672 περὶ
3081 604 3178 673 τῆς
3209 603 3446 664 πίστεως
3474 604 3569 654 καὶ
3619 605 3746 671 περὶ
3772 604 3988 656 ἄλλων·

2399 697 2537 765 μετὰ
2599 696 2706 749 τῶν
2739 696 2915 749 ἄλλων
2956 696 3013 749 δὲ
3055 698 3147 748 καὶ
3186 697 3267 749 ὅτι
3309 694 3604 763 φυλάξουσι
3632 698 3759 758 τοὺς
3789 697 3987 763 ἱεροὺς

2398 787 2653 851 κανόνας.
2683 788 2781 841 Διὰ
2830 788 2987 841 τοῦτο
3018 785 3109 842 οὖν
3161 788 3417 855 λέγουσιν
3450 788 3500 840 οί
3545 787 3789 857 Πατέρες
3825 782 3992 840 οὗτοι

2398 883 2480 935 ὅτι
2512 881 2765 952 ὑπόχρεῲ
2791 882 2961 950 ἐσμεν
2994 882 3202 943 πάντας
3223 880 3351 942 τοὺς
3393 880 3571 941 θείους
3610 883 3846 934 κανόνας
3876 897 3988 945 φυ-

2399 975 2633 1028 λάττειν.
2678 975 2832 1028 Ἐπεὶ
2877 974 3057 1026 τοίνυν
3095 975 3190 1026 καὶ
3217 976 3245 1027 6
3296 980 3389 1038 κς¹
3430 975 3529 1042 τῆς
3569 976 3627 1027 ἐν
3666 974 3994 1042 Χαλκηδόνι

2406 1066 2588 1119 κανὼν
2628 1067 2799 1136 ὥρισε
2832 1067 3014 1119 πᾶσαν
3058 1066 3359 1135 ἐκκλησίαν
3399 1066 3698 1119 ἐπίσκοπον
3745 1066 3995 1133 ἔχουσαν

2405 1159 2500 1211 καὶ
2528 1160 2813 1227 οἰκονόμον
2835 1158 2977 1228 ἔχειν
2999 1160 3061 1212 ἐκ
3084 1158 3176 1212 τοῦ
3199 1159 3329 1212 ἰδίου
3353 1159 3556 1229 κλήρου
3589 1158 3996 1227 οἰκονομοῦντι

2404 1250 2472 1304 τὰ
2495 1251 2927 1319 ἐκκλησιαστικὰ
2959 1252 3101 1305 κατὰ
3125 1252 3353 1320 γνώμην
3377 1252 3471 1304 τοῦ
3495 1251 3625 1304 ίδὲου
3655 1255 3994 1303 ἐπισκόπου·

2407 1344 2570 1409 φασὶν
2591 1346 2637 1394 οἱ
2658 1343 2759 1409 τῆς
2785 1344 3004 1395 συνόδου
3030 1344 3238 1413 ταύτης
3265 1344 3350 1394 ὃτι
3370 1343 3661 1411 φυλάττειν
3697 1344 3999 1411 όφεῦκομεν

2408 1434 2504 1486 καὶ
2533 1435 2626 1485 τὸν
2656 1434 2859 1486 κανόνα
2883 1435 2975 1486 τὸν
3007 1434 3235 1502 λέγοντα
3278 1436 3561 1503 οἰκονόμον
3591 1434 3735 1487 εἶναι
3772 1439 3828 1486 ἐν
3856 1437 3999 1486 ἐκά-

2411 1541 2512 1596 στῃ
2549 1526 2841 1597 ἐκκλησίᾳ.
2877 1526 2989 1580 Καὶ
3028 1530 3074 1580 εἰ
3121 1528 3219 1595 μὲν
3250 1529 3481 1589 ἕκαστος
3514 1530 3816 1589 ἐπίσκοπος
3856 1546 4003 1595 πρυ-

2417 1620 2675 1674 6άλλεται
2717 1620 3004 1689 οἰκονόμον
3038 1620 3137 1686 τῆς
3180 1620 3317 1683 ἰδίας
3347 1620 3668 1689 ἐκκλησίας,
3716 1621 3876 1672 ἔσται
3902 1639 3915 1647 ·
3957 1624 4005 1671 εί

2411 1711 2469 1765 δὲ
2511 1712 2586 1783 μὴ
2622 1715 2769 1765 ποιεῖ
2796 1712 2973 1775 τοῦτο,
3004 1712 3082 1781 τῷ
3106 1714 3743 1774 Κωνςταντινουπόλεως
3789 1713 4006 1765 διδόασι

2416 1804 2713 1875 προνόμιον
2769 1804 3217 1877 προχειρίζεσθαι
3262 1805 3553 1872 οἰκονόμον
3602 1806 3661 1869 ἐξ
3701 1806 4005 1868 αὑθεντίας

731 1894 774 1945 si
840 1892 907 1946 id.
945 1907 1053 1946 non
1110 1890 1344 1956 fecerit,
1401 1890 2019 1962 Constantinopolitano
2080 1894 2298 1963 praesuli

2419 1897 2580 1961 ἰδίας,
2629 1862 2945 1966 ἡγουνιμεΐ
3000 1894 3273 1960 ἐξουσίας,
3313 1898 3372 1949 ἐν
3422 1900 3547 1959 ταῖς
3594 1899 4005 1966 ὑποκειμέναις

733 1986 1079 2051 auctoritate,
1093 1983 1330 2052 propria,
1366 1982 1492 2046 hoc,
1517 1991 1624 2047 est,
1657 1999 1753 2051 pro
1785 1984 2014 2038 arbitrio
2042 1994 2095 2038 et
2146 1995 2301 2053 pote-

733 2085 892 2140 state,
924 2092 1269 2132 (nconomum
1307 2076 1359 2129 in
1391 2075 1651 2144 suhjectis
1701 2076 1805 2129 sibi
1853 2076 2109 2131 videlicet
2137 2076 2306 2132 eccle-

734 2171 832 2225 siis
867 2168 1236 2224 constituendi
1264 2167 1354 2238 jus
1384 2182 1507 2223 esse
1539 2168 1860 2222 decernunt.
1892 2169 2031 2223 Tum
2056 2171 2303 2224 eamdem

735 2262 1169 2331 metropolitanis
1218 2275 1437 2330 quoque
1486 2260 1541 2312 in
1600 2260 2029 2328 episcoporum,
2089 2262 2183 2329 qui
2237 2262 2306 2317 ab

734 2353 867 2419 ipsis
897 2364 1172 2414 creantur,
1202 2353 1458 2422 parceciis
1495 2354 1741 2408 tribuunt
1777 2354 2115 2408 facultatem.
2149 2353 2311 2415 Idem,

734 2446 894 2497 etiam
937 2447 988 2498 in
1030 2444 1380 2499 monasteriis
1425 2444 1632 2497 servari
1679 2445 1898 2512 jubeut.
1949 2443 2149 2499 Verum
2191 2446 2305 2500 haec

738 2541 790 2589 in
829 2536 980 2589 libris
1010 2547 1229 2590 exstare
1261 2537 1331 2589 sit
1362 2536 1495 2589 satis
1520 2574 1535 2599 ,
1570 2537 1714 2602 quod
1751 2538 1816 2588 ad
1885 2538 2181 2592 nonnullos
2240 2538 2463 2608 quidem
2534 2539 2785 2595 homines
2866 2546 3082 2594 attinet.

738 2628 919 2693 sandi,
951 2643 1127 2697 neque
1156 2628 1206 2681 id
1240 2636 1386 2681 certe
1416 2625 1531 2679 fieri
1565 2629 1714 2682 salva
1751 2630 2012 2698 aequitate
2039 2636 2238 2698 potest.

808 2720 1039 2777 ARIST.
1077 2742 1095 2774 ι
1140 2723 1197 2777 Si
1234 2726 1691 2795 ntrtropolitauus
1741 2723 2060 2792 metropolis
2088 2738 2316 2777 (nconc-

749 2836 766 2867 ι
815 2833 960 2869 ιιιιιιιι
995 2832 1102 2869 non
1152 2816 1544 2886 designaverit,
1576 2816 1826 2885 designet
1878 2815 2228 2884 patriarcha;
2272 2815 2318 2870 si

747 2926 765 2957 ι
809 2907 1103 2976 episcOpus
1134 2906 1237 2961 hoc
1266 2923 1373 2961 non
1402 2906 1612 2971 fecerit,
1644 2906 1811 2959 faciat
1839 2905 2315 2974 metropolitauus:

749 3017 766 3048 ι
809 3008 867 3052 ut
895 3000 1069 3053 visum
1119 3007 1201 3053 est
1258 3000 1507 3055 Patribus
1554 2999 1901 3054 Chalcedone
1954 2999 2321 3069 congregatis.

753 3112 768 3142 ι
812 3091 955 3145 Idem
992 3101 1044 3145 et
1074 3092 1127 3145 in
1162 3092 1509 3147 monasteriis
1545 3100 1813 3147 servetur.
1853 3110 1871 3143 ι

821 3186 875 3239 In
908 3200 1232 3254 unaquaque
1250 3186 1483 3239 ecclesia
1508 3200 1850 3239 meonomum
1878 3200 1908 3239 e
1937 3187 2158 3255 proprio
2179 3185 2326 3240 clero

750 3293 871 3332 esse
902 3287 1154 3348 oportet,
1200 3278 1290 3346 qui
1323 3278 1479 3345 juxta
1514 3277 1755 3347 episcopi
1801 3277 2121 3331 sententiam
2154 3277 2328 3331 eccle-

2411 1989 2562 2058 αὑτῷ
2585 1989 2788 2059 δηλαδὴ
2824 1989 3165 2057 ἐκκλησίαις.
3217 1988 3460 2059 Ὀμοίως
3508 1990 3565 2043 δὲ
3599 1991 3694 2041 καὶ
3729 1994 3846 2052 τοῖς
3897 2010 4006 2059 μη-

2414 2082 2766 2151 τροπολίταις
2816 2083 2874 2134 ἐν
2930 2084 3051 2145 ταῖς
3105 2082 3401 2151 ἐπαρχίαις
3468 2083 3576 2135 τῶν
3630 2084 3766 2152 παρ’
3820 2086 4011 2135 αὐτῶν

2415 2171 2911 2241 χειροτονουμένων
2944 2172 3272 2241 ἀρχιερέων.
3303 2170 3446 2223 Αὐτὸ
3475 2171 3765 2225 κελεύοντι
3800 2176 3983 2239 φυὶάτ

2412 2260 2602 2313 τεσθαι
2636 2261 2731 2313 καὶ
2761 2261 2856 2313 ἐπὶ
2900 2261 3011 2313 τῶν
3044 2263 3448 2331 μοναστηρίων.
3508 2262 3672 2314 Ἀλλὰ
3705 2265 3883 2316 ταῦτα
3957 2268 4014 2318 ἐν

2417 2353 2753 2423 γράμμασιν
2781 2354 2907 2406 ὅσον
2938 2356 3076 2416 τέως
3109 2354 3259 2422 παρά
3288 2371 3451 2408 τισιν.
3484 2355 3617 2408 Οὐδὲ
3645 2357 3758 2426 γὰρ
3788 2360 4015 2410 πάντων

2421 2446 2829 2517 κατηγορητέον
2856 2461 2869 2476 ·
2908 2447 3030 2500 οὐδὲ
3063 2447 3170 2515 γὰρ
3201 2444 3431 2499 δίκαιον.

3158 2540 3345 2608 Neque
3415 2542 3559 2595 enim
3608 2559 3805 2599 omnes
3852 2560 4016 2599 accu-

2419 2720 2646 2775 ΑΡΙΣΤ.
2730 2740 2750 2773 t
2783 2720 2889 2774 Τοῦ
2928 2722 3331 2793 μητροπολίτου
3372 2725 3444 2793 μὴ
3486 2725 3769 2788 ποιοῦντος
3808 2729 4016 2779 οἱκονὸ-

2506 2831 2525 2865 ι
2571 2830 2671 2882 μον
2698 2813 2799 2880 τῆς
2838 2814 3250 2882 μητροπόλεως,
3298 2818 3529 2870 ποιείτω
3559 2818 3587 2868 ὁ
3609 2820 3969 2889 πατριάρχης
4000 2840 4014 2849 ο

2507 2923 2525 2955 ι
2574 2905 2670 2957 καὶ
2696 2903 2791 2958 τοῦ
2816 2905 3143 2970 ἐπισκόπου,
3194 2910 3222 2959 6
3275 2909 3717 2977 μητροπολίτης·
3756 2913 3908 2963 κατὰ
3956 2914 4016 2965 το

2501 3016 2519 3047 ‹
2570 2997 2726 3061 δόξαν
2760 2999 2869 3060 τοῖς
2903 2999 2961 3048 ἐν
2993 2998 3320 3070 Χαλκηδόνι.
3354 3001 3427 3052 Τὸ
3456 3000 3592 3054 αὐτὸ
3621 3003 3716 3055 καὶ
3774 3005 3872 3055 ἐπὶ
3903 3006 4015 3058 τῶν

2515 3107 2533 3138 ι
2583 3090 2984 3158 μοναστηρίων.
3024 3110 3043 3142 ι

2456 3214 2459 3215 ν
2521 3181 2610 3231 Ἐν
2634 3179 2902 3251 ἐκκλησίᾳ
2930 3181 3135 3252 ἑκάστῃ
3176 3183 3260 3235 δεῖ
3318 3184 3606 3253 οίκονόμον
3658 3181 3802 3239 εἶναι
3838 3190 3903 3240 ἐκ
3928 3188 4021 3241 τοῦ

2442 3273 2576 3327 ἰδίου
2615 3272 2842 3344 κλήρου,
2885 3276 3031 3328 κατὰ
3064 3275 3292 3345 γνώμην
3315 3276 3409 3329 τοῦ
3462 3278 3775 3332 ἐπισκόπου
3807 3284 3877 3333 τά
3928 3285 4020 3335 ἐκ·

753 3373 971 3426 siastiea
1004 3374 1218 3441 negotia
1252 3373 1637 3426 administrare
1658 3372 1837 3426 debet.
1863 3369 2309 3437 Quemadmodun

2438 3366 2804 3435 κλησιαστικὰ
2841 3369 3149 3437 πράγματα
3195 3369 3417 3421 διοικεῖν
3456 3370 3744 3436 ὀφείλοντα
3768 3391 3782 3402 ·
3836 3375 4023 3437 καθὼς

753 3462 1050 3519 vicesimus
1074 3472 1263 3518 sextus
1296 3464 1488 3535 synodi
1523 3462 1984 3517 Chalcedonensis
2005 3478 2180 3516 canon
2218 3471 2333 3526 sta-

758 3558 881 3611 tuit.
924 3557 979 3611 Si
1007 3558 1097 3626 qui
1125 3569 1304 3611 autem
1328 3556 1710 3625 episcoporum
1738 3570 1833 3623 per
1867 3571 1926 3609 se
1960 3556 2106 3623 ipsos
2130 3570 2189 3608 ea
2224 3554 2325 3608 ad-

760 3649 1071 3703 ministrare
1101 3650 1266 3704 velint
1295 3669 1309 3703 :
1341 3650 1392 3703 in
1434 3649 1824 3717 metropolihus
1849 3646 2068 3715 quidem
2096 3647 2329 3716 patriar-

760 3742 859 3793 t-ha
895 3754 1239 3795 meonomum
1275 3738 1554 3809 pra-feret;
1595 3740 1648 3792 in
1698 3739 2106 3808 episcopalibus
2151 3748 2329 3792 autem

762 3833 877 3887 suis
911 3834 1381 3903 metropolitanus.
1410 3833 1472 3886 At
1510 3832 1614 3887 hoc
1646 3833 1787 3888 idem
1827 3833 1953 3899 erit,
2008 3842 2060 3886 et
2115 3832 2167 3885 in
2219 3847 2336 3885 mo-

764 3926 1020 3981 nasteriis
1043 3942 1165 3997 quae
1194 3943 1302 3981 non
1348 3926 1553 3980 habent
1590 3940 1930 3991 oeconomos,
1966 3926 2335 3981 observatum.

1254 4106 1414 4177 303
1458 4104 1687 4160 CANON
1726 4105 1843 4161 xu.
2021 4162 2027 4169 ,

770 4219 789 4249 ι
832 4201 886 4255 Si
924 4201 1048 4266 quis
1087 4200 1403 4271 episcopus,
1441 4202 1523 4255 vel
1565 4201 1883 4256 monasterii
1936 4200 2231 4271 praefectus
2272 4216 2338 4256 ex

845 4313 861 4343 ι
902 4294 1168 4362 episcopii
1231 4293 1315 4349 vel
1369 4294 1694 4349 monasterii
1745 4294 1890 4361 agris
1969 4294 2021 4347 in
2077 4295 2340 4364 principis

842 4407 857 4435 ι
906 4386 1140 4453 alicujus
1190 4401 1386 4442 manus
1438 4387 1701 4449 alienare.
1751 4387 1836 4441 vel
1888 4387 2046 4441 alteri
2096 4403 2341 4457 persona:

843 4497 861 4527 ι
910 4477 1126 4530 tradere
1162 4477 1543 4547 deprehensus
1577 4478 1764 4544 fuerit,
1799 4478 1951 4532 irrita
1984 4479 2057 4533 sit
2097 4479 2338 4542 traditio,

845 4588 861 4615 ι
906 4578 963 4621 ιιι
1020 4579 1335 4623 sanctorum
1389 4580 1567 4640 apost.
1609 4571 1722 4624 vult
1765 4585 1962 4635 canon,
2009 4573 2101 4641 qui
2158 4572 2292 4626 dicit
2323 4591 2336 4625 :
2364 4596 2412 4656 ι)

842 4684 857 4712 ι
900 4661 1151 4717 Omnium
1186 4680 1376 4723 rerum,
1411 4664 1896 4718 ecclesiasticarum
1947 4667 2217 4733 episcopus
2250 4682 2342 4718 cu-

849 4774 865 4802 ι
910 4769 1030 4806 ram
1065 4763 1239 4823 gerat,
1267 4762 1315 4808 et
1337 4771 1398 4827 ea
1432 4754 1770 4808 administret
1826 4762 2080 4823 tanquam
2111 4753 2218 4807 Deo
2260 4756 2343 4807 in-

854 4864 867 4894 ι
913 4854 1106 4899 tuente.
1142 4843 1221 4899 Ne
1251 4845 1411 4899 liceat
1461 4854 1643 4900 autem
1696 4845 1993 4915 quidquam
2034 4860 2096 4899 ex
2128 4846 2209 4900 eis
2237 4847 2342 4901 sibi

854 4962 868 4986 ι
915 4938 1223 5001 vendicare,
1263 4937 1349 4989 vel
1383 4938 1620 5006 propriis
1647 4936 1915 5006 cognatis,
1947 4952 2067 5004 qua:
2100 4934 2190 4990 Dei
2217 4943 2343 4991 sunt

846 5051 865 5082 ‹
908 5030 1128 5100 elargiri
1173 5048 1187 5086 ι
1225 5031 1269 5085 si
1305 5031 1412 5084 sint
1466 5042 1644 5085 autem
1695 5045 1981 5099 pauperes,
2037 5037 2096 5083 ut
2142 5045 2344 5099 paupe-

849 5144 864 5172 ι
913 5124 1065 5176 ribus
1118 5124 1465 5191 suppeditet;
1523 5124 1617 5177 sed
1668 5138 1775 5177 non
1838 5137 2025 5176 eorum
2078 5130 2344 5192 praetextu

853 5240 868 5265 ι
911 5233 997 5272 res
1025 5219 1116 5271 Dei
1149 5217 1443 5273 venundet.
1472 5216 1528 5272 Si
1573 5232 1701 5271 vero
1726 5217 2111 5270 detrimentum
2146 5216 2345 5271 afferre

853 5330 868 5357 ι
911 5321 1227 5373 causentur,
1269 5324 1371 5362 nec
1396 5309 1695 5378 quidquam
1726 5323 1791 5362 ex
1830 5322 1962 5377 agro
1994 5308 2346 5362 emolumenti

852 5422 867 5451 ι
916 5401 1118 5469 percipi
1172 5418 1185 5454 :
1241 5415 1311 5455 ne
1364 5401 1443 5454 sic
1497 5401 1719 5470 quidem
1778 5399 2189 5469 magistratibus
2256 5407 2351 5453 aut

854 5516 869 5540 ι
914 5493 1275 5562 principibus,
1301 5492 1393 5562 qui
1424 5503 1554 5547 sunt
1592 5492 1645 5546 in
1678 5507 1743 5546 eo
1771 5492 1912 5557 loco,
1940 5491 2031 5545 det
2060 5490 2344 5561 praedium,

858 5608 871 5629 ι
919 5586 1011 5638 sed
1064 5584 1284 5638 clericis
1344 5585 1427 5638 vel
1482 5585 1756 5654 agricolis.
1805 5582 1900 5637 Sin
1938 5593 2117 5637 autem
2169 5582 2347 5651 aliqua

861 5696 874 5724 ι
921 5677 1165 5743 improba
1196 5677 1497 5730 calliditate
1524 5686 1769 5741 utantur,
1799 5686 1852 5729 et
1888 5677 1955 5728 ah
1998 5676 2231 5744 agricola
2266 5674 2349 5727 vel

862 5790 877 5816 ‹
924 5769 1123 5823 rit-tiro
1152 5786 1340 5837 agrum
1370 5786 1572 5838 praises
1611 5771 1690 5824 vel
1742 5770 2097 5840 magistratus
2128 5769 2348 5831 emerit,

864 5884 879 5913 ι
928 5864 1005 5916 sic
1039 5879 1252 5933 quoque
1288 5865 1435 5918 irrito
1463 5865 1534 5919 sit
1563 5864 1821 5929 venditio,
1864 5871 1918 5918 el.
1962 5861 2238 5931 episcopio
2269 5862 2349 5915 vel

2436 3459 2463 3510 6
2496 3458 2744 3521 εἰκοστὸς
2810 3460 2971 3521 ἕκτος
3003 3459 3186 3513 κανὼν
3216 3460 3315 3522 τῆς
3344 3464 3401 3513 ἐν
3434 3461 3741 3531 Χαλκηδόνι
3793 3467 4021 3518 συνόδου

2433 3550 2807 3620 διαλαμϐάνει.
2846 3552 2987 3604 ΕΞδέ
3027 3569 3171 3613 τινες
3200 3552 3309 3604 τῶν
3354 3554 3667 3607 ἐπισκόπων
3690 3555 3758 3607 δι’
3811 3559 4023 3610 ἑαυτῶν

2438 3646 2750 3714 οἰκονομεῖν
2784 3644 2961 3698 ταῦτα
3002 3645 3306 3714 βούλονται,
3332 3647 3426 3699 ἐπὶ
3461 3646 3560 3715 μὲν
3598 3647 3709 3699 τῶν
3738 3653 4025 3720 purpose}-

2439 3735 2576 3788 λεων
2614 3738 2641 3789 6
2672 3738 3020 3807 πατριάρχης
3058 3737 3415 3810 προσαλείται
3454 3740 3766 3808 οἰκονόμον,
3818 3744 3916 3795 ἐπὶ
3970 3744 4023 3795 δὲ

2443 3826 2550 3878 τῶν
2575 3828 2892 3880 ἐπισκοπῶν
2923 3828 3107 3881 αὐτῶν
3144 3830 3173 3880 6
3206 3829 3635 3899 μητροπολίτης.
3665 3830 3741 3883 Τὸ
3780 3833 3842 3885 δὲ
3887 3835 4022 3885 αὐτὸ

2441 3918 2592 3970 ἔσται
2645 3918 2739 3971 καὶ
2784 3921 2877 3971 ἐπὶ
2933 3918 3043 3972 τῶν
3088 3921 3472 3990 μοναστηρίων
3520 3920 3629 3971 τῶν
3678 3922 3757 3991 μὴ
3785 3924 4024 3992 ἐχόντων

2442 4010 2787 4080 οἰκονόμους.

3024 4103 3262 4156 ΚΔΝΩΝ
3323 4102 3424 4159 ΙΒ’.

2448 4213 2465 4246 ι
2512 4194 2581 4247 Εἴ
2605 4212 2687 4259 τις
2726 4197 3025 4262 ἐπίσκοπος
3081 4198 3335 4269 εὑρεθείη
3383 4200 3415 4269 ἦ
3464 4201 3788 4271 ἡγούμενος
3817 4208 3887 4258 ἐκ
3918 4208 4026 4259 τῶν

2520 4306 2538 4337 ι
2586 4289 2926 4359 αὐτουργίων
2952 4290 3043 4343 τοῦ
3070 4291 3425 4345 ἐπισκοπείου
3452 4292 3487 4363 ἥ
3520 4294 3611 4345 τοῦ
3650 4300 4028 4367 μοναπηρίου

2522 4401 2538 4431 ι
2588 4382 2982 4451 ὲκποιούμενος
3017 4385 3099 4446 είς
3157 4385 3507 4456 ἀρχοντικὴν’
3542 4389 3731 4458 χεῖρα,
3790 4392 3826 4461 ἢ
3862 4393 4030 4462 ἑτέρῳ

2522 4492 2539 4523 ι
2588 4474 2867 4545 προσώπῳ
2902 4476 3413 4548 ἐκδιδοὺς,’ἇκυρον
3461 4473 3603 4533 εἶναι
3638 4481 3743 4549 τὴν
3788 4483 4027 4542 ἔκδοσιν,

2520 4584 2539 4617 ι
2586 4567 2723 4619 κατά
2754 4585 2847 4620 τον
2900 4569 3104 4621 κανόνα
3162 4568 3274 4621 τῶν
3331 4570 3504 4636 ἁγίων
3552 4564 3909 4636 ἀποστόλων,
3943 4578 4030 4627 τὸν

2517 4678 2536 4708 ι
2581 4656 2825 4725 λέγοντα’
2852 4676 2871 4709 ι
2908 4659 3157 4711 Πάντων
3180 4658 3300 4711 τῶν
3319 4659 3865 4725 ἐκκλησιαστικῶν
3889 4681 4027 4731 προσ

2518 4770 2536 4803 ι
2579 4751 2818 4821 γμάτων
2870 4754 2902 4803 ό
2947 4752 3286 4817 ἐπίσκοπος
3335 4752 3523 4819 ἐχέτω
3575 4752 3697 4823 τὴν
3734 4757 4029 4825 φροντίδα

2520 4860 2537 4893 ι
2583 4841 2681 4895 καὶ
2712 4841 3011 4895 διοικείτω
3068 4844 3222 4896 αὐτὰ
3252 4844 3333 4909 ὡς
3375 4844 3525 4897 Θεοῦ
3581 4846 3963 4915 ἐφορῶντος.
4004 4870 4019 4899 ι

2522 4954 2539 4985 ι
2714 4932 2913 4997 ἐξεῖναι
2941 4933 2996 4985 δὲ
3020 4934 3170 5005 αὑτῷ
3201 4936 3619 5005 σφετερίζεσθαί
3650 4955 3706 4990 τι
3734 4940 3795 5004 ἐξ
3828 4944 4022 5001 αὐτῶν,

2522 5046 2539 5078 ι
2586 5026 2964 5093 ἢσυγγενέσιν
3015 5027 3166 5089 ἰδίοις
3226 5027 3296 5079 τὰ
3323 5028 3418 5080 τοῦ
3475 5028 3610 5081 Θεοῦ
3662 5032 4013 5101 χαρίζεσθςι.

2521 5139 2538 5171 ι
2586 5120 2646 5172 El
2681 5119 2738 5173 δὲ
2775 5120 3005 5189 πένητες
3037 5115 3609 5192 εἶεν,1ἐπιχορηγείτω
3642 5123 3723 5186 ὡς
3772 5129 4019 5195 πένησιν,

2525 5233 2541 5264 ι
2592 5214 2727 5266 ἀλλὰ
2761 5213 2835 5282 μὴ
2872 5213 3146 5282 προφάσει
3174 5212 3379 5266 τούτων
3408 5212 3478 5265 τά
3512 5214 3610 5266 τοῦ
3665 5214 3813 5267 Θεοῦ
3850 5217 4021 5286 ἀπεμ-

2526 5328 2541 5359 ι
2593 5308 2857 5360 πολείτω.
2914 5308 2977 5359 Ei
3044 5306 3100 5359 δέ
3162 5307 3585 5377 προφασίζοιντο
3650 5308 3871 5377 ζημίαν
3930 5311 4020 5377 ἐμ-

2523 5422 2540 5451 ι
2592 5405 2784 5462 ποιεῖν,
2818 5402 2911 5454 καὶ
2963 5400 3127 5471 μηδὲν
3157 5401 3293 5470 πρὸς
3338 5398 3527 5467 δυησιν
3578 5400 3889 5469 τυγχάνειν
3944 5402 4020 5452 τὸν

2525 5515 2540 5546 ι
2596 5496 2786 5563 ἀγρὸν,
2841 5476 2973 5563 μηδέ
3007 5494 3151 5547 οὑτω
3207 5496 3322 5554 τοῖς
3355 5494 3496 5546 κατὰ
3549 5494 3718 5545 τόπον
3768 5494 4019 5562 ἄρχουσιν

2528 5606 2545 5637 ι
2595 5586 2863 5639 ἐκδιδόναι
2894 5585 2985 5638 τὸν
3034 5586 3217 5649 τόπον,
3254 5584 3391 5649 ἀλλὰ
3433 5584 3721 5655 κληρικοῖς
3767 5585 3804 5655 ἢ
3858 5601 4014 5652 γεωρ·

2529 5697 2546 5728 ι
2594 5680 2730 5745 γιίς.
2776 5677 2837 5728 El
2880 5677 2936 5730 δὲ
2982 5676 3290 5745 πανουργίᾳ
3323 5675 3538 5745 πονηρᾷ
3566 5677 3889 5743 χρήσοιντο,
3938 5675 4017 5725 καὶ

2529 5792 2546 5825 ι
2594 5774 2659 5823 ἐκ
2688 5768 2782 5822 τοῦ
2823 5769 3092 5839 κληρικοῦ
3127 5770 3158 5837 ἦ
3194 5768 3289 5822 τοῦ
3318 5766 3567 5835 γεωργοῦ
3601 5767 3895 5837 ὠνήσηται
3930 5768 4015 5832 ἁρ-

2531 5884 2548 5917 ‹
2596 5880 2705 5934 χων
2742 5864 2835 5917 τὸν
2883 5863 3072 5935 ἀγρὸν,
3118 5861 3289 5924 οὑτως
3324 5861 3533 5931 ἄκυρος
3575 5860 3775 5931 Earini)
3804 5861 4009 5930 πρᾶσις.
