4218 6458
195 486 284 548 929
1220 476 1300 533 'lN
1345 475 1508 534 CAN.
1557 475 1667 532 ΧΗ
1700 473 1912 532 CUNC.
1950 473 2051 532 VII
2090 473 2444 532 (ECUMSN.

263 625 273 650 ς
319 606 406 653 καί
433 596 892 651 ἀποκαθιστάσθω
931 595 1009 664 τῷ
1041 593 1376 661 ἐπισκοπείῳ
1408 593 1441 660 ἢ
1471 591 1546 657 τῷ
1575 607 1740 660 μοναο
1775 597 1815 647 Α

260 709 274 740 ι
321 688 543 760 στηρίῳ.
603 689 714 742 Καὶ
761 690 786 739 6
835 685 1198 754 ἐπίσκοποςῆ
1254 684 1556 759 ἡγούμενος
1588 683 1744 735 τοῦτο

262 803 275 833 ι
319 781 483 833 ποιῶν
506 778 853 849 ὲκδιωχθήτω
877 791 889 803 ⁸
913 779 940 828 6
966 777 1061 845 μὲν
1081 775 1379 837 ἐπίσκοπος
1408 773 1500 826 τοῦ
1524 775 1750 826 ἐπισκοο·

261 895 276 926 t
322 873 528 937 πείου,ὁ
557 873 610 925 δὲ
637 871 938 943 ἡγούμενος
961 869 1054 924 τοῦ
1093 868 1452 938 μοναστηρίου
1474 908 1486 929 ,
1534 867 1608 929 ὡς
1630 867 1746 919 διας

258 985 274 1019 ‹
318 966 699 1037 σκορπίζοντες
733 964 918 1027 κακῶς
954 963 988 1017 ὃ.
1043 964 1101 1014 οὺ
1138 963 1444 1032 συνήγαγον
1515 981 1532 1012 ι

264 1059 451 1111 ΒΛΛΣ.
509 1059 717 1124 Ἐφησε
755 1055 842 1106 διὰ
874 1053 1150 1114 Μωῦσέως
1193 1052 1222 1103 6
1247 1051 1381 1112 Θεὸς
1432 1050 1502 1101 τὰ
1524 1048 1600 1120 τῷ
1628 1046 1746 1116 Θεῷ

197 1151 600 1222 προσφερόμενα
641 1150 715 1216 μὴ
750 1144 1235 1202 ἀνταλλάττεσθαι’
1264 1143 1378 1196 ἀλλ’
1413 1143 1744 1211 ἀνεκποίητα

197 1245 382 1313 μένειν,
431 1243 535 1293 κᾶν
574 1242 794 1310 χείρονα
831 1232 931 1289 ὦσι
983 1235 1089 1289 τῶν
1138 1235 1573 1303 ἀντιδιδομένων.
1622 1234 1745 1284 Ἐὰν

189 1337 240 1390 δὲ
289 1335 583 1396 ἀλλάσσων,
617 1333 803 1400 φησὶν,
832 1331 1065 1400 ἁλλὰξῃς
1116 1330 1265 1387 αὐτὸ,
1301 1328 1452 1379 ἔσται
1493 1329 1587 1378 καὶ
1619 1326 1746 1377 αὐτὸ

188 1427 243 1480 τὸ
279 1426 626 1493 ἀντάλλαγμα
657 1423 825 1475 αὑτοῦ
851 1422 1026 1487 ἆγιον.
1059 1421 1198 1491 Φησὶ
1229 1420 1360 1486 γοῦν
1391 1422 1481 1469 καὶ
1509 1421 1536 1469 6
1565 1421 1746 1470 κανὼν

195 1517 263 1584 μὴ
307 1514 639 1568 ἐκποιείσθαι
700 1513 731 1582 ἢ
783 1512 1085 1563 ἐκδίδοσθαι
1147 1511 1297 1580 παρὰ
1351 1511 1653 1560 ἐπισκόπου
1713 1510 1743 1578 ἢ

195 1610 489 1677 ἡγουμένου
536 1607 668 1676 πρὸς
693 1603 1070 1674 οἰονδηποτοῦν
1107 1604 1396 1670 πρόσωπον
1428 1601 1747 1670 αὐτουργιον

187 1702 277 1769 τῆς
307 1701 612 1801 ἐπισὶιοτῖῆς
644 1699 675 1768 ἢ
707 1698 798 1750 τοῦ
848 1696 1241 1764 μοναστηρίου,
1280 1693 1312 1763 ἢ
1363 1695 1471 1762 μὴν
1502 1691 1743 1762 ἀκυροῦ-

227 1796 240 1801 -
396 1794 405 1801 .
513 1796 524 1801 -
655 1793 665 1801 .
842 1794 862 1801 _
949 1793 958 1801 .
1064 1790 1083 1801 ..
1130 1789 1151 1801 ..
1441 1787 1449 1801 .
1549 1787 1561 1801 ι
1664 1786 1677 1796 -
1734 1783 1743 1801 ι

190 1796 304 1846 σθαι
359 1783 452 1864 τὴν
509 1793 794 1856 ἐκποίησιν
837 1794 868 1862 ἢ
911 1793 1008 1860 τὴν
1061 1789 1271 1840 ἔκδοσιν
1327 1787 1462 1838 κατὰ
1513 1787 1604 1837 τὸν
1664 1783 1745 1852 λη’

190 1886 539 1937 ἁποστολικὺν
592 1886 812 1936 κανόνα.
852 1881 1182 1952 Προστίθησι
1215 1880 1270 1932 δὲ
1295 1879 1388 1943 ὼε,
1432 1880 1587 1948 εἴπερ
1616 1897 1747 1947 προσ

3303 476 3414 541 930

1919 609 1936 640 ι
1981 590 2314 642 monasterio
2369 591 2704 643 restituetur.
2763 587 2935 642 Porro
2987 588 3279 658 episcopus
3322 596 3410 646 vel

1928 699 1944 731 σ
1988 683 2309 735 monasterii
2349 682 2658 751 praefectus,
2691 682 2781 752 qui
2841 682 2940 736 hoc
2989 682 3198 745 fecerit,
3225 689 3413 736 extur-

1925 791 1945 824 ‹
1993 772 2180 838 betur;
2209 776 2505 845 episcopus
2541 775 2759 842 quidem
2795 775 2863 828 ab
2909 775 3262 843 episcopatu;
3299 790 3418 827 mo-

1927 885 1946 917 r
1990 867 2214 919 nasterii
2266 883 2394 919 vero
2425 866 2713 936 pra-fectus
2767 882 2794 917 θ
2823 866 3158 919 monasterio
3189 884 3201 920 :
3232 875 3288 918 ut
3319 869 3410 934 qui

1926 976 1943 1008 ι
1992 958 2260 1026 dissipent
2298 976 2415 1024 qua:
2448 975 2550 1012 nou
2594 974 3012 1028 congregavete.
3043 980 3059 1010 υ

1923 1050 2117 1104 BALS.
2150 1051 2294 1105 Dixit
2324 1050 2466 1105 Deus
2501 1070 2593 1120 per
2623 1054 2837 1112 Mosen,
2875 1070 2936 1107 ea
2979 1069 3084 1106 nou
3112 1069 3232 1108 esse
3265 1069 3418 1106 com-

1854 1143 2113 1196 mutanda
2151 1160 2270 1212 qute
2297 1142 2404 1198 Deo
2429 1144 2607 1197 oblata
2644 1158 2766 1199 sunt
2795 1162 2808 1203 :
2842 1145 2934 1198 sed
2972 1161 3076 1204 non
3112 1145 3416 1198 alienabilia

1854 1253 2070 1290 manere
2106 1247 2379 1307 oportere,
2415 1239 2630 1292 etiamsi
2683 1240 2792 1292 sint
2845 1239 2914 1292 iis
2969 1254 3092 1307 quae
3123 1238 3325 1291 dantur
3361 1237 3412 1289 iu

1855 1332 2251 1400 permutatione
2299 1332 2454 1399 longe
2497 1331 2768 1386 deteriora
2806 1349 2820 1384 :
2856 1332 2948 1386 sed
2986 1333 3029 1386 si
3074 1336 3417 1401 permutans.

1854 1423 2047 1492 inquit,
2103 1424 2282 1492 ipsum
2318 1425 2741 1489 permutaveris,
2790 1425 2895 1477 erit
2950 1433 3002 1478 et
3045 1439 3106 1477 ea
3155 1425 3272 1492 ipsa
3305 1424 3424 1493 ejus

1855 1513 2189 1579 permutatio
2243 1523 2454 1565 sancta.
2509 1513 2649 1568 Dicit
2704 1529 2835 1584 ergo
2888 1528 3087 1578 canon,
3143 1530 3250 1569 non
3299 1531 3425 1570 esSe

1855 1604 2202 1656 alienandum
2229 1604 2309 1658 vel
2347 1605 2670 1658 tradendum
2699 1607 2766 1659 ab
2796 1607 3082 1676 episcopo,
3114 1607 3197 1659 vel
3241 1623 3305 1662 eo
3331 1609 3422 1676 qui

1855 1705 2046 1763 praeest
2093 1699 2450 1759 monasterio,
2488 1713 2675 1766 agrum
2715 1699 3062 1776 episcopatus
3098 1698 3183 1751 vel
3233 1715 3423 1753 mona-

1857 1789 2033 1852 sterii,
2065 1789 2148 1840 vel
2183 1804 2303 1840 esse
2338 1789 2547 1841 irritam
2607 1789 3020 1850 alienationem,
3053 1790 3133 1843 vel
3176 1791 3421 1844 traditio-

1856 1897 2000 1940 nem.
2034 1894 2090 1935 ut
2112 1883 2225 1934 vult
2247 1899 2423 1936 canon
2455 1881 2946 1976 58’apostolorum.
2968 1884 3164 1951 Adjicit
3197 1892 3377 1938 autem
3409 1901 3423 1937 :

193 1978 473 2043 φασίζεται
521 1977 548 2026 6
606 1975 906 2036 ἐπίσκοπος
960 1973 991 2041 ἦ
1032 1976 1058 2024 ὁ
1107 1971 1407 2040 ἡγούμενος
1456 1970 1749 2040 ἀπρόσοδον

1851 1973 2006 2038 Quod
2056 1973 2101 2026 si
2145 1983 2405 2027 causetur
2453 1957 2670 2042 quidem
2731 1976 3044 2044 episcopus,
3105 1978 3186 2030 vel
3240 1991 3430 2030 mona-

186 2064 318 2119 εἶναι
369 2067 460 2117 τὸν
506 2065 694 2136 ἀγρὸν,
734 2067 828 2116 καὶ
883 2065 1001 2124 ταῖς
1059 2062 1377 2129 ἐκκλησίαις
1434 2062 1745 2128 ἐπιζήμιον,

187 2162 219 2229 ἡ
253 2161 348 2228 μὲν
395 2159 617 2220 ἕκδοσις
649 2157 843 2208 τούτου
883 2154 1140 2222 γινέσθω,
1180 2154 1319 2221 πλὴν
1351 2153 1424 2222 μὴ
1481 2153 1618 2222 πρὸς
1654 2155 1751 2221 ἁρ-

184 2249 402 2320 χοντικὰ
425 2250 718 2316 πρόσωπα,
753 2245 888 2297 ἀλλὰ
917 2246 1050 2314 πρὸς
1083 2245 1348 2313 χωριτικὰ
1383 2243 1416 2314 ἦ
1458 2243 1593 2312 πρὸς
1623 2243 1751 2312 κλη-

192 2340 394 2409 ρικούς.
441 2339 593 2391 Ἐπεὶ
619 2337 674 2389 δὲ
711 2336 820 2388 τῶν
857 2336 1086 2387 εἰκότων
1118 2330 1183 2405 ἦν
1215 2336 1626 2404 περιγραφήναι
1657 2338 1748 2385 τὸν

188 2434 388 2486 κανόνα
425 2434 576 2501 παρὰ
608 2439 791 2492 τινων,
822 2430 1029 2498 ὥρισαν
1060 2431 1109 2480 οἱ
1138 2430 1376 2496 Πατέρες
1407 2428 1501 2490 ὡς.
1536 2431 1587 2482 εί
1618 2445 1749 2480 ποτε

192 2523 328 2590 μετὰ
372 2519 705 2589 πανουργία,
770 2520 1024 2589 περιέλθῃ
1077 2525 1153 2582 εἰς
1201 2521 1423 2572 δυνατὸν
1463 2522 1750 2589 πρόσωπον

192 2615 420 2684 πρᾶγμα
452 2613 903 2681 ἐκκλησιαστικὸν
935 2613 1024 2664 διὰ
1054 2614 1220 2682 μέσου
1253 2613 1512 2666 ταπεινοῦ
1547 2613 1579 2681 ἦ
1618 2613 1747 2679 κλη-

188 2705 342 2775 ρικοῦ
380 2704 669 2774 προσώπου
723 2705 1240 2775 προσποιησαμένου
1302 2703 1751 2772 ἐκλαμϐάνεσθαι

186 2800 246 2850 τὸ
280 2799 571 2865 ἀκίνητον·
610 2792 750 2850 εἶναι
808 2797 908 2866 μὲν
939 2799 1031 2849 καὶ
1075 2797 1215 2848 οὕτω
1262 2799 1330 2850 τὰ
1380 2797 1751 2870 προγεγονότα

187 2892 386 2959 ἄκυρα,
425 2892 519 2942 καὶ
550 2890 1015 2942 ἀποκαθίστασθαι
1049 2893 1114 2960 τῇ
1147 2890 1411 2958 ἐκκλησίᾳ
1442 2891 1504 2940 τὸ
1561 2889 1752 2955 ἀκίνη-

186 2999 278 3036 τον
303 3002 314 3012 ·
351 2981 717 3033 ἐκϐάλλεσθαι
754 2983 810 3034 δέ
837 2983 928 3033 καὶ
959 2983 1050 3033 τὸν
1078 2981 1234 3033 τοῦτο
1269 2982 1576 3050 ποιήσαντα
1631 2981 1750 3032 ἐπί-

187 3091 390 3127 σκοπον
418 3075 449 3144 ἢ
487 3075 789 3144 ἡγούμενον
819 3074 924 3125 ἀπὸ
959 3073 1054 3125 τοῦ
1083 3073 1436 3124 ἐπισκοπείου
1469 3072 1499 3141 ἢ
1539 3075 1601 3124 ἐκ
1651 3073 1742 3124 τοῦ

185 3171 562 3240 ἡγουμενείου.
616 3171 724 3221 Καὶ
794 3169 820 3218 6
867 3170 964 3237 μὲν
1017 3171 1196 3220 κανὼν
1252 3169 1445 3220 ταῦτα.
1485 3166 1638 3219 Ἐπεὶ
1697 3165 1752 3218 δέ

181 3261 487 3329 αὑτούργιά
511 3262 618 3312 εἱσι
645 3260 712 3311 τὰ
738 3260 796 3324 ἐξ
823 3259 1002 3312 αὐτῶν
1027 3259 1134 3310 τῶν
1162 3259 1501 3327 πραγμάτων
1523 3259 1617 3310 καὶ
1644 3251 1754 3308 οἷον

180 3351 398 3404 οἴκοθεν
455 3351 664 3403 διδόντα
721 3353 845 3412 τοὺς
905 3351 1176 3420 καρποὺς,
1225 3349 1301 3410 ὡς
1336 3350 1395 3400 αἱ
1454 3349 1660 3415 ἁλικαὶ,
1700 3349 1748 3399 οἱ

179 3445 466 3505 ἐλαιῶνες,
504 3445 552 3496 οἱ
615 3443 957 3513 ἀμπελῶνες,
1022 3445 1070 3495 ot
1130 3442 1418 3494 λιόαδιαῖοι
1475 3441 1656 3504 τόποι,
1705 3441 1753 3492 οἱ

181 3539 500 3610 ὑδρόμυλοι,
529 3539 597 3591 τὰ
626 3542 914 3607 κεραμεῖα,
947 3539 1019 3602 ὡς
1053 3540 1145 3591 καὶ
1195 3535 1454 3590 τὰλοιπᾱ
1488 3537 1713 3589 τοιαῦτα
1737 3552 1752 3567 ·

179 3633 461 3703 ἐρωτήσει
491 3648 594 3695 τις,
630 3632 760 3700 Περὶ
788 3633 1041 3683 τοιούτων
1078 3630 1423 3697 αὑτουργίων
1457 3629 1752 3698 διορίζεται

178 3731 210 3778 6
238 3727 484 3794 κανὼνῆ
536 3725 662 3794 περὶ
715 3725 914 3786 παντὸς
971 3725 1299 3793 εὐπροσοδου
1337 3725 1617 3792 ἀκινήτου,
1661 3724 1756 3775 καὶ

183 3821 394 3891 μᾶλλον
453 3821 535 3872 ὅτι
572 3807 696 3889 περὶ
722 3818 786 3869 τὸ
810 3817 958 3879 τέλος
989 3817 1297 3886 ἐπιζημίων
1329 3817 1515 3886 ἀγρῶν
1551 3819 1758 3887 μέμνη-

178 3931 313 3979 ται;
365 3913 553 3972 Λύσις.
591 3913 723 3980 Περὶ
771 3910 1096 3979 ἀμφοτέρων
1159 3910 1421 3974 θεσπίζει,
1477 3910 1569 3961 καί
1623 3928 1756 3979 φησι

177 4008 253 4060 τὰ
285 4007 386 4075 μὲν
412 4005 712 4074 εὐπρόσοδα
738 4005 808 4064 ὡς
837 4003 1134 4072 αὑτούργια
1165 4003 1240 4073 μὴ
1262 4003 1594 4056 ἐκποιείσθαιι
1625 4006 1758 4073 μηδὲ

175 4099 529 4153 ἐκδίδοσθαι·
568 4099 659 4150 τὸν
695 4097 750 4148 δὲ
801 4099 866 4165 τῇ
900 4095 1124 4164 ἀληθείᾳ
1159 4101 1251 4148 καὶ
1283 4097 1524 4165 μὴκατὰ
1556 4098 1757 4165 σκῆψιν

169 4180 314 4241 ὄντα
343 4187 646 4256 ἁπροσοδον
694 4187 864 4253 ἀγρὸν
921 4187 1247 4239 ἐκδίδοιθαι.
1294 4187 1480 4251 Ὥστε,
1509 4189 1601 4240 ἐὰν
1661 4189 1759 4257 μὲν

171 4287 240 4334 τὸ
275 4282 601 4348 αὑτούργιον
629 4279 849 4346 γένηται
885 4279 1061 4346 πάντη
1089 4278 1385 4346 ἀπρόσοδον
1417 4283 1601 4349 (τυχὸν
1653 4285 1759 4350 γὰρ

171 4378 203 4427 6
232 4373 534 4434 λιεαδιαῖος
559 4372 717 4432 τόπος
752 4370 1094 4438 κατεκλύσθη
1121 4371 1222 4420 ὑπὸ
1258 4372 1526 4439 ποταμίου
1561 4373 1762 4440 ῥευμα-

173 4466 301 4532 τος)
339 4464 372 4535 ἢ
412 4464 587 4516 καὶτὸ
615 4463 898 4532 εξώχωρον
941 4463 1250 4532 προάστιον,
1301 4462 1395 4514 ἐὰν
1437 4464 1761 4532 εὐπρόσοδον

172 4562 461 4628 καταστῇ,
491 4558 564 4618 ὡς
605 4557 690 4608 διὰ
728 4556 1002 4624 παροίκων
1032 4554 1270 4606 οἰκισθὲν
1309 4555 1374 4606 ἐκ
1417 4555 1564 4620 νέου,
1601 4553 1760 4606 τοῦτο

1853 2067 2003 2121 sterii
2056 2068 2371 2136 praefectus,
2429 2081 2618 2133 agrum
2675 2068 2876 2120 nullius
2927 2084 3050 2121 esse
3095 2068 3324 2127 reditus.
3372 2082 3427 2120 et

1851 2157 2108 2211 damnum
2140 2158 2387 2212 ecclesiis
2420 2156 2648 2223 afferre;
2683 2157 2774 2210 fiat
2804 2160 3024 2228 quidem
3069 2160 3188 2227 ejus
3220 2160 3431 2211 aliena-

1852 2251 1954 2315 tio,
2022 2253 2114 2306 sed
2175 2266 2282 2304 non
2344 2251 2504 2304 alicui
2569 2265 2816 2319 personae
2872 2252 3182 2320 principali,
3235 2268 3422 2305 verum

1851 2346 2062 2398 vicanis
2092 2344 2428 2398 autclericis
2465 2361 2478 2395 :
2526 2343 2618 2397 sed
2668 2344 2924 2412 quoniam
2976 2342 3253 2396 versimile
3289 2355 3425 2402 erat.

1853 2450 2112 2489 canonem
2145 2436 2212 2488 ab
2254 2435 2529 2504 aliquibus
2559 2435 2942 2489 circumscribi
2982 2436 3140 2504 eique
3182 2434 3423 2488 fraudem

1853 2527 1989 2590 ﬁeri,
2025 2538 2336 2582 statuerunt
2368 2525 2580 2590 Patres,
2611 2535 2670 2580 ut
2700 2527 2745 2582 si
2780 2528 2998 2595 quando
3032 2544 3153 2582 cum
3181 2526 3424 2596 improba

1853 2617 2150 2671 calliditate
2183 2633 2268 2670 res
2291 2619 2671 2672 ecclesiastica
2701 2617 2766 2670 ad
2811 2625 3085 2684 potentem
3134 2632 3422 2684 personam

1836 2712 2186 2779 ;pervenerit,
2250 2711 2622 2764 intercedente
2664 2711 2751 2762 vili
2802 2723 3031 2778 persona
3085 2711 3165 2763 vel
3205 2709 3427 2770 clerico,

1853 2804 1943 2874 qui
1981 2804 2215 2872 ﬁngebat
2268 2820 2326 2856 se
2377 2819 2488 2856 rem
2545 2803 2880 2856 immobilem
2919 2803 3168 2870 accipere
3201 2820 3214 2855 :
3257 2811 3310 2856 et
3350 2805 3432 2857 sic

1854 2912 2075 2966 quoque
2110 2897 2259 2965 prius
2296 2897 2434 2950 facta
2465 2895 2619 2948 irrita
2653 2899 2830 2948 I'orent
2878 2904 2932 2949 et
2984 2911 3072 2949 res
3130 2896 3434 2949 immobilis

1853 2988 2098 3042 ecclesia:
2150 2990 2563 3052 restitueretur;
2624 2994 2678 3036 et
2731 2984 2823 3053 qui
2896 2984 3001 3038 hoc
3047 2985 3259 3048 fecerit,
3313 2987 3430 3054 cpio

1855 3094 2055 3148 seopus
2099 3081 2182 3134 vel
2246 3079 2560 3132 monasterii
2623 3077 2936 3146 praal'ectus,
2987 3079 3056 3132 ab
3105 3079 3425 3147 episcopatu

1856 3175 1939 3228 vel
1975 3173 2292 3243 prtefectura
2322 3171 2708 3242 expelleretur.
2737 3171 2800 3224 Et
2831 3172 2944 3224 luec
2975 3170 3193 3241 quidem
3225 3186 3427 3224 canon.

1859 3267 2126 3333 Quoniam
2184 3274 2363 3320 autem
2423 3264 2724 3335 αὐτούργια
2778 3264 2966 3334 (quod
3027 3279 3188 3333 agros
3241 3263 3428 3317 Latine

1860 3361 2136 3426 diximus)
2173 3366 2301 3414 sunt
2335 3374 2456 3428 quae
2488 3374 2553 3412 ex
2589 3359 2750 3414 rebus
2793 3358 2928 3432 ipsis
2962 3365 3015 3410 et
3045 3366 3303 3425 tanquam
3330 3372 3430 3410 sua

1860 3466 2048 3524 sponte
2102 3453 2312 3507 fructus
2357 3453 2629 3522 praabent,
2694 3461 2750 3506 ut
2795 3459 2922 3504 sunt
2968 3450 3176 3513 salinae,
3207 3450 3426 3508 oliveta,

1860 3548 2060 3608 vineta,
2096 3555 2272 3615 prata,
2307 3545 2622 3597 molendina
2675 3543 2728 3596 in
2773 3543 2927 3611 aquis
2979 3543 3105 3604 sita,
3175 3543 3426 3610 ﬁgulum).

1863 3649 1920 3693 ut
1953 3649 2003 3693 et
2034 3637 2306 3706 ejusmodi
2354 3636 2459 3689 alia
2499 3654 2512 3689 :
2552 3635 3298 3703 interrogaveritquispiam:
3344 3635 3425 3686 An

1862 3733 1926 3786 de
1952 3728 2218 3799 ejusmodi
2255 3726 2474 3797 przediis
2514 3741 2692 3778 canon
2727 3723 3000 3784 decernit,
3043 3739 3108 3776 au
3153 3723 3334 3791 potius
3363 3724 3430 3774 de

1861 3824 2051 3894 quovis
2094 3820 2384 3881 immobili,
2423 3818 2593 3883 cujus
2640 3826 2723 3871 est
2771 3818 2944 3869 bonus
2997 3816 3228 3876 reditus,
3282 3823 3336 3867 et
3367 3830 3434 3866 eo

1862 3917 2053 3986 magis.
2084 3914 2226 3984 quod
2262 3911 2510 3967 meminit
2541 3912 2592 3964 in
2627 3911 2731 3963 line
2798 3909 2864 3962 de
2923 3907 3204 3961 damnosis
3244 3906 3432 3976 agris?

1864 4007 2095 4059 Snlutio.
2136 4004 2207 4057 De
2237 4004 2486 4070 utrisque
2528 4002 2797 4063 decernit,
2845 4008 2897 4052 et
2929 3999 3082 4060 dicit,
3115 4012 3176 4050 ea
3209 3997 3428 4064 quidem

1863 4098 2088 4168 przedia,
2121 4112 2241 4166 qua:
2280 4105 2408 4149 sunt
2446 4095 2569 4147 boni
2620 4092 2855 4155 reditus,
2907 4108 3015 4144 non
3071 4092 3296 4144 alienari
3333 4106 3430 4143 nec

1859 4193 2058 4245 elocari
2093 4207 2105 4242 :
2138 4204 2324 4258 agrum
2357 4202 2506 4248 vero,
2534 4187 2624 4253 qui
2657 4193 2738 4239 est
2789 4199 2999 4246 revera,
3035 4191 3092 4236 et
3151 4198 3256 4235 non
3310 4181 3429 4235 sola

1861 4285 2040 4353 specie
2077 4282 2279 4336 nullius
2313 4278 2540 4341 reditus,
2575 4279 2826 4332 alienari.
2860 4276 3042 4341 Quare
3085 4277 3130 4329 si
3193 4276 3262 4329 sit
3312 4277 3432 4343 qni-

1861 4379 1980 4431 dem
2017 4375 2276 4443 pradium
2314 4374 2536 4426 omnino
2571 4372 2760 4424 inutile
2800 4369 2962 4436 (forte
3021 4368 3166 4421 enim
3213 4377 3425 4437 pratum

1864 4470 2006 4523 ﬂuvii
2039 4466 2394 4522 inundatione
2425 4469 2686 4519 obrutqu
2724 4470 2854 4530 est),
2886 4464 2966 4515 vel
3009 4463 3055 4516 si
3089 4462 3254 4514 etiam
3286 4478 3312 4513 ιι
3339 4477 3436 4514 re-

1864 4564 2022 4631 gioue
2051 4568 2320 4614 remotum
2365 4557 2494 4610 boni
2530 4556 2739 4610 reditus
2775 4567 2848 4608 ειι
2885 4553 3162 4617 ell‘ectum,
3199 4563 3255 4605 ut
3282 4553 3426 4618 quod

174 4653 289 4722 μὲν
317 4651 381 4700 τὸ
418 4648 699 4717 ἐξώλωρον
735 4647 822 4698 διὰ
849 4647 909 4698 τὸ
940 4646 1265 4715 εὐπρόσοδον
1301 4647 1400 4698 οὐκ
1454 4645 1749 4714 ἐκποιηθή-

1862 4651 1933 4704 sit
1989 4665 2016 4701 a
2065 4647 2280 4700 colonis
2339 4661 2531 4698 recens
2581 4645 2882 4698 habitatum
2939 4652 2993 4697 et
3039 4653 3428 4698 exstructum:

172 4764 389 4801 σεται·
429 4749 608 4796 ἐκεῖνο
639 4745 713 4802 δὲ,
748 4744 853 4795 κᾶν
908 4742 1228 4811 αὑτούργιον
1273 4741 1507 4808 ἐλέγετο,
1559 4740 1646 4792 διὰ
1701 4741 1760 4791 τὸ

168 4840 496 4912 ἁπρόσοδον
533 4839 625 4888 καὶ
676 4837 735 4888 τὸ
784 4834 1060 4902 ἀνωφελὲς
1109 4832 1478 4902 ἐκδοθήσεται.
1527 4833 1598 4884 Οὐ
1650 4833 1760 4901 γὰρ

165 4933 274 4983 διὰ
312 4930 384 4980 τὰ
420 4929 677 4997 ὀνόματα,
731 4924 865 4976 ἀλλὰ
895 4923 982 4974 διὰ
1007 4926 1105 4992 τὴν
1139 4922 1401 4992 πρόσοδον
1451 4925 1759 4992 ὀφείλουσιν

169 5020 560 5082 ἐκποιείσθαι,
600 5019 708 5070 εῐτε
739 5019 831 5068 καὶ
879 5017 978 5085 μή.
1034 5015 1270 5066 Γίνωσκε
1308 5016 1362 5066 δὲ
1397 5017 1476 5067 ὅτι
1523 5017 1629 5069 ἀπὸ
1655 5016 1762 5068 τῶν

162 5121 382 5195 νόμων
415 5116 619 5186 κυρίως
662 5113 947 5179 ὲκποίησις
985 5110 1082 5180 μὲν
1116 5110 1330 5177 λέγεται
1382 5111 1414 5179 ή
1475 5109 1763 5179 μετάθεσις

163 5219 286 5285 τ’ἡς
325 5208 674 5274 δεσποτείας,
705 5206 872 5276 ἧγουν
908 5206 940 5273 ἡ
978 5203 1177 5270 δωρεὰ,
1231 5204 1262 5270 ἡ
1317 5205 1538 5271 οιιιςρδισις⁹
1600 5205 1631 5270 ἡ
1664 5205 1764 5270 ἐμ-

165 5311 478 5380 φύτευσις,
514 5306 544 5372 ἡ
574 5297 908 5366 ανταλλαιγὴ,
946 5296 1039 5346 καὶ
1070 5296 1138 5345 τὰ
1160 5296 1340 5362 ὃμοιαο
1390 5293 1597 5353 ἕκδοσις
1628 5293 1683 5344 δὲ
1733 5294 1764 5355 ἡ

161 5404 279 5456 ἐπὶ
339 5397 652 5467 προσώποις
697 5394 729 5462 ἢ
767 5391 984 5462 χρόνοις
1024 5386 1349 5456 ὡρισμένοις
1402 5388 1763 5455 παραπομπή.

163 5488 670 5558 Καταχρηστικῶς
697 5485 750 5535 δέ
785 5483 880 5536 καὶ
910 5483 942 5551 ἡ
970 5479 1181 5539 ἐκδοσις
1218 5477 1499 5546 ἐκποίησις
1527 5478 1763 5544 λέγεται,

163 5590 277 5638 καὶ
309 5587 346 5652 ἡ
383 5579 669 5647 ἐκποίησις
697 5575 926 5635 ἑκδοσις.
961 5573 1084 5624 "Ott
1107 5571 1162 5623 δὲ
1189 5571 1260 5622 τὰ
1284 5570 1547 5639 πρόσοδον
1575 5570 1765 5637 ἔχοντα

161 5681 286 5731 οὐκ
324 5670 706 5730 ἐκποιοῦνται,
739 5668 804 5718 τὰ
828 5665 883 5717 δὲ
916 5664 1190 5734 ἀπρόσοδα
1215 5662 1304 5715 διὰ
1334 5662 1765 5727 κατεπείγουσαν

169 5771 459 5833 ἀνάγκην
512 5764 632 5823 ταῖς
677 5757 996 5827 ἐκκλησίαις
1025 5755 1393 5817 ὲκποιοῦνται,
1436 5754 1766 5822 παρίσταται

165 5865 302 5914 ἀπ)
349 5857 450 5909 τοῦ
491 5852 572 5908 κθ’
627 5852 848 5912 κανόνος
911 5849 1010 5917 τῆς
1055 5850 1112 5900 ἐν
1166 5846 1501 5916 Καρθαγένῃ
1550 5845 1768 5898 συνόδου

167 5946 593 6006 ἐπιτρέποντος
627 5939 783 5993 τοῦτο
824 5938 962 6002 μετὰ
1006 5935 1354 6000 διαστίξεωςο
1405 5937 1462 5988 ὂν
1517 5934 1610 5987 καὶ
1643 5935 1769 5988 ἀνά-

1864 4742 1966 4794 ltoc
2031 4739 2249 4807 quidem
2303 4737 2608 4805 seiunctum
2671 4736 2958 4805 pradium,
3029 4736 3121 4805 qui
3171 4743 3253 4788 est
3304 4734 3427 4787 boui

1865 4833 2108 4891 reditus.
2165 4846 2270 4883 non
2320 4828 2675 4891 alienabitur;
2739 4827 2871 4880 illud
2925 4835 3150 4888 autem,
3214 4824 3428 4878 etiamsi

1865 4924 2199 4990 αὺτούργιον
2235 4921 2412 4990 (quasi
2450 4935 2544 4988 per
2577 4934 2636 4973 se
2676 4934 2843 4988 agens
2885 4933 2948 4972 ac
2993 4918 3301 4987 producens
3343 4918 3428 4969 di-

1865 5021 2064 5082 catur).
2098 5029 2163 5068 eo
2193 5014 2338 5082 quod
2372 5020 2454 5066 est
2483 5011 2674 5066 inutile
2703 5020 2755 5064 et
2781 5011 2986 5064 nullius
3031 5010 3262 5074 reditus,
3300 5009 3431 5062 alie-

1866 5109 2103 5162 nabitur.
2141 5101 2260 5157 Non
2310 5103 2452 5157 enim
2505 5110 2726 5170 propter
2772 5100 3013 5164 nomina,
3068 5098 3162 5152 sed
3208 5107 3430 5166 propter

1868 5198 2073 5251 reditus
2129 5194 2357 5246 alienari
2413 5193 2491 5245 vel
2546 5208 2653 5242 non
2715 5189 2944 5243 alienari
2988 5189 3207 5242 debent.
3275 5185 3429 5238 Scias

1869 5296 2070 5348 autem,
2109 5285 2253 5354 quod
2292 5298 2321 5335 a
2355 5283 2561 5349 legibus
2597 5283 2816 5350 prOprie
2863 5280 3154 5346 ἐκποίησις
3206 5275 3424 5345 quidem

1871 5379 2070 5448 (idest,
2105 5375 2385 5439 alienatio)
2428 5373 2628 5428 dicitur
2659 5372 2883 5427 dominii
2918 5369 3224 5432 translatio,
3284 5366 3428 5420 scili-

1871 5475 1955 5520 cet
1989 5467 2230 5528 donatio,
2262 5466 2522 5526 venditio,
2553 5461 2942 5531 empbyteusis,
2997 5457 3348 5527 permutatio,
3376 5465 3428 5508 et

1870 5561 2103 5625 similia;
2133 5558 2343 5620 ἐκδοσις
2373 5567 2548 5609 autem
2575 5557 2650 5624 (id
2675 5567 2776 5616 est,
2801 5552 3050 5617 elocatio)
3083 5562 3166 5604 est
3210 5549 3275 5601 ad
3315 5564 3428 5616 per-

1871 5667 2035 5706 sonas
2067 5658 2118 5704 et
2169 5659 2410 5719 tempora
2466 5647 2730 5716 praliuita
2768 5641 3133 5696 truIISItttssio.
3189 5641 3431 5693 Abusive

1873 5756 2050 5798 autem
2103 5754 2153 5794 et
2201 5742 2484 5807 ἐκποίησις
2536 5737 2766 5800 ἕκδοσις,
2793 5746 2845 5789 et
2879 5736 3085 5795 ἐκδοσις
3138 5735 3428 5800 ἐκποίησις

1874 5839 2098 5890 dicitur.
2131 5834 2286 5899 Quod
2339 5847 2518 5886 autem
2567 5847 2685 5898 quae
2744 5830 2975 5882 reditutn
3031 5827 3264 5878 ail'erunt
3320 5841 3426 5876 non

1875 5931 2205 5994 alienantur,
2267 5941 2388 5996 qua:
2445 5935 2625 5979 autem
2680 5923 2912 5978 reditum
2994 5938 3102 5975 nou
3175 5920 3430 5994 alierum,
