4218 6458
726 452 827 516 931

2013 439 2295 500 ἸἩΕΟΙ).
2342 424 2744 497 BALSAMON

3900 429 4005 489 932

729 576 958 641 propter
1019 571 1304 637 urgentem
1374 558 1623 615 ecclesiis
1684 559 2118 616 necessitatem,
2178 551 2310 604 alie—

2432 545 2605 615 (νωθι.
2644 541 2805 595 Ἀλλά
2836 543 2929 595 καὶ
2953 541 2981 591 ὁ
3015 540 3188 611 μέγας
3239 540 3504 611 Κύρι).λο;
3556 543 3615 592 ἐν
3676 540 3756 607 τῷ
3800 538 3847 608 β’
3880 558 4001 608 κεῖ),

734 677 978 726 nantur;
1048 674 1116 714 ex
1179 671 1391 714 canone
1458 654 1529 709 ‘29
1588 650 2047 722 Carthaginensis
2115 643 2315 715 synodi

736 761 989 827 apparet,
1024 750 1192 824 305.
1226 750 1317 820 qui
1350 748 1458 803 hoc
1479 764 1602 803 cum
1628 745 1980 799 distinctione
2009 737 2314 811 permittit;

733 866 896 921 quem
930 848 1069 919 lcge‘.
1105 842 1212 900 Sed
1244 858 1481 915 magnus
1510 842 1673 897 etiam
1696 836 1957 908 Cyrillus.
1983 834 2038 888 in
2072 830 2317 889 secundo

731 940 912 1011 capite
938 953 1051 994 suae
1081 935 1150 991 ad
1180 934 1451 990 Domnum
1484 930 1751 1003 epistolae,
1783 924 2157 982 inalienabilia
2189 936 2316 977 esse

732 1010 867 1086 dicit
908 1044 1034 1085 vasa
1067 1027 1334 1100 pretiosa,
1386 1036 1543 1079 sacra
1600 1019 1839 1082 scilicet,
1902 1026 1955 1069 et
2004 1010 2316 1067 immobiles

733 1121 1096 1179 ecclesiarum
1154 1115 1561 1188 possessiones.
1609 1111 1882 1166 Caeterum
1937 1107 2042 1161 hoc
2097 1118 2318 1175 quoque

738 1218 1107 1286 interpretare.
1150 1226 1218 1266 ex
1273 1208 1549 1264 sententia
1602 1202 1833 1260 canonis
1883 1200 2146 1270 Carthag.
2191 1213 2315 1269 syn.

735 1310 873 1363 Cum
915 1307 1135 1378 quidam
1183 1312 1368 1357 autem
1407 1303 1701 1372 episcOpus
1749 1296 2015 1368 praedium
2051 1294 2316 1347 ecclesia-

736 1404 939 1458 sticuut
995 1396 1288 1469 principali
1328 1395 1545 1451 cuidam
1593 1406 1845 1463 persona:
1897 1389 2215 1451 alienasset,
2266 1395 2319 1440 et

738 1495 1001 1551 alienatio
1034 1508 1130 1564 per
1156 1492 1303 1547 hunc
1335 1502 1605 1545 canonem
1650 1484 1930 1540 inﬁrmata
1960 1488 2129 1544 esset,
2170 1478 2319 1533 dice-

738 1593 870 1645 bant
905 1588 1132 1659 quidam
1167 1584 1368 1640 debere
1402 1583 1722 1653 episcopum
1772 1593 1839 1633 ex
1873 1576 2193 1646 episcopatu
2222 1585 2319 1627 ex-

735 1685 887 1756 pelli,
929 1692 988 1738 ut
1037 1684 1137 1735 hoc
1170 1693 1384 1735 canone
1417 1674 1755 1731 continetur.
1810 1669 1940 1724 Mihi
1991 1676 2175 1724 autem
2206 1678 2317 1719 non

735 1783 810 1833 ita
841 1779 1073 1833 videtur.
1111 1772 1299 1843 Neque
1342 1771 1487 1825 enim
1546 1768 1703 1837 jubet
1759 1777 1936 1818 canon
1993 1760 2314 1831 episcopum

737 1890 805 1929 ex
836 1870 1155 1941 episcopatu
1191 1864 1377 1934 dejici,
1405 1860 1628 1932 quando
1662 1855 1860 1913 fecerit
1883 1853 2074 1927 praedii
2103 1851 2316 1941 aliena-

2417 640 2515 707 τῆς
2547 635 2686 706 πρὸς
2706 636 2913 704 Δόμνον
2937 633 3231 703 ἐπιστολῆς
3264 634 3435 686 αὑτοῦ
3487 634 3837 704 ἀνεκποίητα
3862 632 3998 688 εἶναι

2417 726 2715 799 διορίζεται
2767 727 2838 778 τὰ
2884 725 3168 797 κειμήλια,
3216 726 3387 795 ἡγουν
3436 726 3507 777 τὰ
3536 726 3679 794 ιερὰ,
3745 724 3847 777 καὶ
3910 728 4003 787 τὰς

2419 823 2716 894 ἀκινήτους
2747 823 2975 891 κτήσεις
3005 820 3118 873 τῶν
3148 819 3481 890 ἐκκλησιῶν.
3522 819 3671 889 Πλὴν
3720 818 3822 872 καὶ
3850 818 4005 870 τοῦτο

2424 912 2567 967 κατά
2596 913 2687 967 τὸν
2723 911 2929 966 κανόνα
2956 912 3053 981 τῆς
3079 913 3137 964 ὲν
3167 911 3501 983 Καρθαγὲνῃ
3548 910 3777 965 συνόδου
3833 911 4007 980 ὲρμήο

2426 1024 2637 1063 νευσον.
2677 1006 3013 1060 Ἐπισκόπου
3043 1005 3102 1060 δέ
3153 1023 3300 1070 τινος
3343 1006 3670 1077 αὐτούργιον
3705 1004 4006 1074 ἐκκλησια-

2428 1099 2615 1154 στικὸν
2656 1100 3019 1163 ὲκδεδωκότος
3093 1099 3233 1169 πρὸς
3301 1100 3630 1169 άρχοντικὸν
3682 1101 4006 1169 πρόσωπον,

2424 1192 2642 1265 καὶτῆς
2673 1193 2940 1257 ἐκδόσεως
2965 1192 3053 1245 διά
3096 1193 3190 1246 τὸν
3230 1193 3435 1246 κανόνα
3468 1193 3661 1248 τοῦτον
3695 1193 4007 1263 άκυρωθεξο

2427 1304 2550 1358 σης,
2576 1282 2730 1339 εἶπόν
2767 1303 2914 1349 τινες
2943 1285 3178 1354 ὀφείλειν
3206 1286 3543 1356 ἐκϐληθῆναι
3585 1287 3680 1338 τὸν
3704 1286 4010 1339 ἐπισκοτῶν

2423 1384 2487 1436 ὲκ
2520 1381 2619 1451 τῆς
2650 1381 2960 1449 ἐπισκοπῆς
3009 1384 3154 1433 κατὰ
3180 1379 3281 1450 τὴν
3300 1379 3395 1432 τοῦ
3423 1378 3647 1440 κανόνος
3682 1378 4003 1448 περίληψιν.

2434 1476 2592 1545 Ἐμοὶ
2621 1475 2678 1529 δὲ
2704 1475 2766 1528 οὐ
2789 1474 2958 1530 δοκεῖ.
3003 1474 3062 1528 Ὀ
3086 1475 3196 1543 γὰρ
3223 1472 3403 1527 κανὼν
3454 1474 3516 1526 οὐ
3564 1472 4011 1540 παρακελεύεται

2424 1567 2790 1624 ἐκϐάλλεσθαι
2818 1567 2912 1621 τὸν
2944 1567 3253 1622 ἐπίσκοπον
3288 1570 3353 1620 ἐκ
3376 1565 3471 1619 τοῦ
3502 1565 3890 1628 ὲπισκοπείου,
3923 1568 4010 1618 ὅτε

2421 1666 2627 1735 ἄκυρον
2660 1662 2948 1733 ὲκποίησιν
2992 1661 3320 1731 αὐτουργίαν
3352 1658 3705 1733 διαπράξοιτο
3725 1674 3741 1687 ⁸
3773 1659 3897 1714 ἀλλ’
3925 1661 4011 1711 ὅτε

2426 1760 2565 1828 μετὰ
2590 1755 2745 1809 δόλου
2775 1756 2989 1809 ἔκδοσιν
3026 1757 3287 1826 ἀκινήτου
3334 1753 3799 1824 ὲκκλησιαστικοῦ
3837 1754 4008 1822 ποιή-

2426 1869 2533 1918 σει,
2560 1851 2657 1905 καὶ
2680 1853 2746 1922 τῇ
2785 1850 2887 1920 μὲν
2914 1849 3146 1921 ἀληθείᾳ
3173 1848 3321 1902 θέλει
3366 1847 3680 1919 περιελθεῖν
3723 1846 3897 1900 τοῦτο
3930 1848 4012 1907 εἰς

740 1966 969 2027 tionem,
1000 1974 1122 2031 quae
1150 1967 1265 2010 rata
1297 1969 1361 2009 ac
1387 1953 1539 2007 lirma
1569 1966 1675 2003 non
1720 1946 1915 2012 fuerit;
1949 1941 2047 1999 sed
2093 1937 2316 2011 quando

2432 1945 2659 2000 δυνατὸν
2689 1947 3010 2016 πρόσωπον,
3042 1944 3183 1997 κατὰ
3232 1944 3291 1997 δὲ
3325 1943 3677 2015 ῥᾳδιουργίας
3706 1945 4016 2010 παραπέμ-

736 2030 1035 2112 immubilis
1057 2051 1135 2104 rei
1165 2045 1560 2105 ecclesiastica:
1598 2042 1984 2097 alienationem
2030 2050 2152 2090 cum
2187 2030 2313 2085 dolo

741 2150 931 2205 fecerit
965 2166 979 2200 :
1018 2152 1071 2200 et
1108 2143 1162 2199 id
1198 2140 1416 2213 quidem
1445 2152 1633 2193 revera
1683 2135 1747 2187 ad
1802 2138 2079 2203 potentem
2122 2140 2317 2197 perso-

743 2258 865 2297 nam
907 2238 1195 2308 pervenire
1243 2236 1397 2295 velit,
1444 2230 1634 2284 fraude
1683 2235 1864 2279 antem
1923 2237 1988 2277 ac
2044 2217 2317 2274 malitiosa

742 2335 1043 2391 calliditate
1094 2330 1298 2385 clerico
1343 2326 1427 2381 vel
1470 2322 1723 2393 agricolae
1766 2316 2075 2382 tradiderit,
2121 2314 2175 2368 id
2207 2326 2319 2367 non

742 2444 866 2486 esse
899 2424 1081 2496 magni
1108 2421 1316 2477 reditus
1344 2432 1602 2479 causans,
1640 2423 1699 2468 nt
1722 2413 1793 2481 ab
1822 2412 1915 2465 illo
1945 2408 2014 2463 ad
2041 2412 2318 2478 potentem

747 2521 1049 2593 perveniat.
1110 2517 1229 2569 Non
1283 2513 1429 2568 enim
1479 2516 1706 2581 propter
1763 2504 2175 2563 alienationem,
2225 2498 2320 2553 sed

744 2624 969 2686 propter
998 2608 1413 2665 fraudulentum
1454 2600 1775 2659 consilium.
1806 2606 1865 2649 ut
1890 2607 1957 2648 ex
1993 2593 2319 2663 episcopatu

742 2684 1132 2764 deturbaretur
1155 2700 1512 2756 constitutum
1537 2701 1642 2748 est.
1670 2690 1848 2761 Atque
1869 2688 1972 2742 hoc
2004 2684 2223 2756 quidem
2253 2697 2323 2736 ex

744 2816 959 2860 canone
986 2798 1056 2855 '58
1081 2794 1384 2865 apostolico
1416 2791 1472 2844 in
1507 2785 1764 2859 praesenti
1795 2795 2009 2838 canone
2062 2778 2169 2834 sito
2224 2776 2320 2831 de-

744 2898 1011 2950 claratum
1046 2896 1152 2951 est,
1184 2886 1277 2956 qui
1324 2899 1433 2939 non
1464 2881 1622 2951 punit
1664 2876 2013 2947 episcopum,
2045 2871 2138 2941 qui
2201 2869 2324 2924 sine

742 2989 873 3043 dolo
907 2996 961 3042 et
986 2982 1191 3037 malitia
1216 2978 1382 3034 rebus
1413 2971 1809 3029 ecclesiasticis
1838 2967 2043 3031 utitur;
2070 2962 2324 3019 similiter

744 3089 803 3137 et
842 3095 907 3134 ex
928 3075 1073 3133 Just.
1106 3089 1234 3128 nov.
1267 3069 1371 3126 120
1404 3084 1501 3124 seu
1553 3066 1644 3122 lib.
1672 3064 1765 3129 25,
1792 3062 1877 3117 ιίι.
1913 3077 1972 3123 ν,
2003 3074 2055 3113 c.
2082 3058 2119 3112 2
2157 3056 2322 3110 Basil.

750 3173 901 3244 quod
934 3168 1182 3227 decernit
1212 3163 1484 3236 ejusmodi
1516 3168 1836 3215 contractus
1878 3169 1986 3209 non
2017 3152 2233 3217 valere;
2258 3148 2327 3203 de

750 3242 997 3339 episcopi
1024 3272 1204 3317 autem
1236 3258 1321 3314 vel
1355 3252 1677 3311 monasterii
1709 3249 1943 3305 rectoris
1979 3260 2142 3319 poena
2189 3242 2331 3299 nihil

746 3338 969 3431 penitus
1023 3362 1259 3417 tractat;
1317 3349 1418 3405 sed
1464 3356 1675 3402 tantum
1731 3341 2083 3399 tabellionem
2131 3338 2330 3393 tnnltat

751 3452 964 3507 exsilio.
1012 3448 1121 3503 Sed
1172 3443 1435 3515 quoniam
1492 3439 1639 3494 dicta
1705 3434 1925 3491 novella
1985 3432 2126 3502 (sive
2176 3436 2327 3484 totus

753 3546 935 3618 potius
965 3538 1243 3598 secundus
1273 3535 1451 3606 quinti
1500 3532 1622 3587 libri
1664 3527 1882 3598 titulus)
1945 3526 2140 3581 statuit
2190 3537 2326 3577 non-

754 3653 1031 3708 nunquam
1062 3651 1171 3689 non
1198 3633 1377 3687 solnm
1430 3630 1774 3682 inlructuosa
1833 3633 1887 3677 et
1926 3621 2061 3675 nilnil
2119 3619 2329 3672 reditus

753 3729 1036 3787 aﬂ‘erentia
1094 3723 1393 3782 immobilia
1446 3719 1808 3775 ecclesiarum
1863 3722 1921 3770 et
1960 3710 2329 3768 monasterio-

756 3830 981 3889 rum,et
1009 3819 1183 3891 ipsius
1240 3817 1401 3869 etiam
1447 3811 1657 3881 Magna:
1702 3808 1953 3863 ecclesia:
1992 3815 2049 3861 et
2097 3803 2330 3858 aliarum

755 3931 1037 3972 sacrarum
1071 3912 1299 3973 aedium,
1334 3921 1523 3961 verum
1554 3918 1619 3959 ea
1667 3903 1833 3959 etiam
1864 3915 1929 3955 ex
1965 3898 2167 3969 quibus
2218 3896 2334 3950 fruo

754 4019 880 4065 ctus
923 4017 977 4061 et
1020 4005 1231 4058 reditus
1279 3998 1600 4071 percipitur,
1669 3994 1828 4049 vendi
1858 4002 1913 4048 et
1946 3991 2197 4057 alienari,
2238 4004 2336 4061 per

756 4098 1143 4158 distinctiones
1186 4110 1310 4165 quae
1365 4092 1420 4145 in
1480 4105 1543 4145 ea
1618 4087 1999 4154 declarantur,
2066 4095 2333 4156 praeterea

757 4205 942 4253 autem
982 4202 1037 4247 et
1075 4189 1322 4260 quaedam
1355 4187 1619 4241 suadente
1646 4197 1892 4253 tempore
1929 4184 2158 4237 alienari
2204 4198 2330 4252 per-

760 4288 930 4343 mittit
965 4304 980 4339 :
1016 4285 1131 4352 lege
1164 4297 1309 4344 eam,
1343 4294 1465 4349 quae
1495 4288 1551 4333 et
1594 4292 1784 4347 magna
1817 4284 1902 4331 est
1934 4285 1990 4328 ct
2026 4274 2332 4344 multiplex,

760 4382 1134 4454 plurimasque
1184 4373 1573 4429 distinctiones
1620 4370 1863 4440 recipit:
1903 4376 1958 4424 et
1997 4382 2231 4438 procura
2276 4376 2337 4421 ut

760 4475 893 4528 fiant
942 4471 1027 4525 vel
1086 4484 1195 4523 non
1240 4469 1392 4530 Iiant,
1448 4465 1517 4518 ab
1566 4461 1815 4518 ecclesiis
1868 4468 1922 4516 et
1984 4459 2335 4515 monasteriis

762 4562 1124 4618 alienationes
1178 4566 1233 4613 et
1271 4555 1614 4609 venditiones
1664 4565 1947 4607 sacrorum
1999 4556 2055 4605 et
2094 4550 2335 4619 ipsorum

2424 2038 2518 2110 ψει
2550 2037 2682 2092 αὐτὸ
2722 2039 2862 2109 πρὸς
2910 2037 3175 2107 κληρικὸν
3213 2037 3246 2106 ἣ
3280 2036 3545 2105 γεωργὸν,
3583 2034 4015 2105 προφασισάμε-

2426 2149 2515 2195 νος
2549 2129 2688 2185 εἶναι
2714 2130 3043 2203 ἁπρόσοδον,
3078 2130 3156 2193 ὡς
3186 2128 3252 2183 ἂν
3278 2128 3339 2194 ἐξ
3370 2130 3586 2181 ἐκείνου
3616 2126 3889 2198 περιέλθῃ
3938 2127 4017 2184 ei;

2429 2224 2521 2277 τὸν
2552 2224 2780 2277 δυνατόν
2802 2239 2815 2253 ο
2852 2223 2915 2275 οὐ
2945 2223 3056 2292 γὰρ
3086 2221 3176 2275 διὰ
3214 2219 3314 2291 τὴν
3364 2218 3675 2290 ὲκποίησιν,
3731 2216 3877 2270 ἀλλὰ
3929 2216 4017 2268 δια

2429 2320 2530 2388 τὴν
2563 2316 2905 2387 πανουργίαν
2952 2312 3310 2384 ἐπεψηφίσθη
3363 2312 3540 2383 τούτῳ
3572 2314 3607 2382 ἠ
3640 2313 3704 2364 ὲκ
3756 2309 3858 2363 τοῦ
3892 2311 4019 2362 ἑπι-

2432 2411 2695 2466 σκοπείου
2726 2408 2950 2479 ἐκϐολή.
2982 2409 3095 2462 Καὶ
3116 2405 3376 2477 δηλοῦται
3405 2405 3565 2458 τοῦτο
3613 2402 3724 2456 ἀπὺ
3751 2400 3852 2454 τοῦ
3887 2402 4021 2453 ἀπο·

2432 2502 2685 2559 στολικοῦ
2713 2500 2795 2572 λη’
2827 2501 3076 2566 κανόνος,
3134 2498 3232 2555 τοῦ
3270 2498 3759 2569 καταστρωθέντος
3802 2495 3895 2557 εις
3926 2495 4021 2547 τδεδ

2433 2599 2681 2670 παρόντα
2716 2597 2944 2658 κανόνα,
2983 2595 3181 2666 καὶμὴ
3212 2591 3661 2663 κολάζοντοςτὺν
3712 2588 4022 2643 ὲπίσκοπτυ

2432 2692 2526 2746 τὸν
2557 2691 2682 2761 δίχα
2702 2690 2860 2744 δόλου
2891 2688 3181 2760 χρώμενον
3223 2687 3410 2750 κακῶς
3445 2688 3559 2747 τοῖς
3606 2682 4025 2753 ἐκκλησιαστι-

2434 2787 2552 2850 κοῖς
2580 2783 2946 2854 πράγμασιν·
3004 2780 3269 2843 ὡσαύτως
3313 2780 3407 2833 καὶ
3444 2777 3554 2832 άπὸ
3607 2779 3707 2848 τῆς
3758 2782 3842 2846 ρκ’
3880 2776 4022 2827 Ἰου-

2437 2879 2766 2934 στινιανείου
2800 2877 3039 2949 Νεαρᾶς,
3074 2876 3193 2947 ἦτοι
3217 2874 3312 2928 τοῦ
3346 2872 3431 2943 κγ’
3462 2890 3591 2942 κεφ.
3624 2870 3718 2925 τοῦ
3769 2871 3812 2941 β’
3837 2869 4027 2923 τίτλου

2433 2972 2533 3028 τοῦ
2593 2970 2634 3026 ε’
2694 2971 2903 3042 βιϐλίου
2953 2970 3062 3023 τῶν
3110 2968 3442 3033 Βασιλικῶν,
3494 2968 3592 3020 τοῦ
3639 2963 4027 3035 διοριζομένου

2437 3068 2509 3121 τά
2541 3065 2778 3119 τοιαῦτα
2808 3063 3243 3133 συναλλάγματα
3271 3059 3614 3131 ἀκυροῦσθαι
3639 3075 3654 3089 ·
3691 3059 3825 3129 περὶ
3851 3058 3916 3110 δὲ
3936 3056 4030 3109 τοῦ

2437 3158 2805 3233 τιμωρεῖσθαι
2830 3158 2925 3211 τὸν
2955 3156 3263 3209 ἐπίσκοπον
3304 3155 3337 3226 ἢ
3374 3154 3464 3208 τὸν
3493 3152 3806 3225 ἡγούμενον
3854 3150 4030 3221 μηδὲν

2359 3282 2403 3343 c
2434 3271 2489 3309 τι
2521 3251 3025 3327 διαλαμϐάνοντοςὲ
3068 3249 3209 3303 άλλά
3245 3248 3338 3302 τὸν
3375 3244 3905 3317 συμϐολαιογράφον
3932 3246 4032 3314 μὸι

2438 3366 2529 3402 νον
2554 3349 2635 3409 είς
2665 3344 2885 3417 ὲξορίαν
2919 3342 3402 3407 καταδικάζοντος.
3446 3339 3599 3393 Ἐπεὶ
3629 3337 3687 3391 δὲ
3720 3339 3756 3409 ἡ
3790 3336 4031 3407 ῥηθεῖσι

2433 3443 2645 3515 Νεαρά,
2673 3444 2793 3514 ἦτοι
2821 3443 2850 3496 ό
2873 3441 2993 3504 ὅλος
3022 3439 3203 3503 τίτλος
3253 3438 3353 3492 τοῦ
3397 3438 3437 3491 ε’
3487 3436 3720 3508 βιϐλίου,
3771 3435 4030 3498 θεσπίζει

2435 3537 2586 3591 ἐστιν
2609 3539 2699 3591 ὅτε
2727 3536 2804 3607 μὴ
2846 3537 3010 3607 μόνον
3058 3533 3362 3603 άπρόσοδα,
3397 3532 3538 3585 ἀλλὰ
3565 3532 3659 3585 καὶ
3687 3529 4029 3602 εὐπρόσοδια,

2440 3630 2686 3699 ἀκίνητα
2758 3627 3066 3700 ἐκκλησιῶν
3110 3627 3207 3681 καὶ
3262 3624 3668 3697 μοναστηρίων,
3709 3625 3808 3677 καὶ
3862 3623 4032 3689 αὐτῆς

2435 3727 2537 3794 τῆς
2583 3721 2843 3794 Μεγάλης
2892 3720 3191 3792 ἐκκλησίας
3247 3720 3343 3772 καὶ
3412 3717 3522 3771 τῶν
3577 3716 3760 3771 ἄλλων
3809 3715 4032 3783 εὖαγῶν

2439 3819 2626 3884 οίκων,
2667 3816 3008 3871 ὲκποιείσθαι
3039 3816 3135 3869 καὶ
3191 3812 3494 3867 ἐκδίδοσθαι
3542 3811 3679 3882 μετὰ
3700 3810 4030 3874 διαστίξεων

2438 3910 2785 3983 δηλουμένων
2852 3912 2909 3963 ἐν
2953 3910 3129 3979 αὑτῇ⁶
3188 3907 3414 3978 προσέτι
3454 3924 3518 3975 γε
3567 3905 3673 3976 μὴν
3737 3906 3837 3960 καὶ
3912 3906 4033 3974 ίερά

2438 4021 2564 4060 τινα.
2593 4005 2877 4073 ἐπιτρέπει
2911 4001 3105 4074 καιροῦ
3144 3999 3437 4064 καλοῦντος
3476 3998 3859 4053 ὲκποιεῖσθαιο
3905 4000 4034 4052 sva.

2439 4100 2610 4169 γνωθι
2662 4098 2870 4169 ταύτην
2933 4095 3178 4167 μεγάλην
3218 4094 3386 4149 οὖσαν
3438 4093 3534 4147 καὶ
3588 4093 3898 4164 πολυσχιξῆ
3944 4092 4033 4144 καὶ

2442 4189 2887 4268 πολυδιάστεκτον
2925 4205 2942 4221 ο
2999 4189 3094 4241 καὶ
3156 4186 3432 4254 οίκονόμει
3494 4183 3771 4248 γίνεσθαι,
3854 4183 3892 4251 ἦ
3963 4183 4033 4250 μή

2446 4282 2717 4351 γίνεσθαι,
2773 4280 2926 4351 παρά
2980 4297 3041 4333 τε
3094 4278 3204 4333 τῶν
3262 4276 3569 4348 ἐκκλησιῶν
3618 4276 3716 4329 καὶ
3757 4276 3876 4328 τῶν
3939 4292 4033 4344 μο-

2441 4376 2750 4447 ναστηρίων
2822 4372 2923 4437 τὰς
3017 4372 3340 4442 ἑκποιήσεις
3413 4372 3508 4425 καὶ
3596 4370 3852 4431 ἐκδόσεις

2446 4468 2759 4543 ίερῶνικαὶ
2797 4466 2908 4519 τῶν
2958 4465 3232 4536 ἀκινήτων
3263 4464 3465 4528 αὐτῶν,
3498 4464 3641 4518 κατὰ
3675 4461 3781 4533 τὴν
3830 4462 4035 4530 ταύτης

2448 4559 2764 4632 περίληψιν,
2802 4560 2896 4612 καὶ
2934 4558 3258 4629 φυλαχθήσῃ
3290 4557 3703 4623 άκαταιτίατος.
3743 4557 3889 4609 Οὐδὲ
3930 4574 4031 4623 γαρ

3930 4368 4033 4421 τῶν

763 4655 1147 4717 innuobilium,
1190 4659 1248 4704 ut
1278 4665 1340 4703 ea
1375 4647 1723 4709 continetur,
1753 4653 1810 4699 et
1864 4643 1933 4697 ab
1967 4643 2117 4696 omni
2152 4656 2321 4709 repre-

2447 4653 2744 4724 ὲναντιωθῇ
2777 4669 2859 4705 oe.
2891 4654 2918 4701 ὁ
2940 4650 3133 4721 παρὼν
3160 4650 3365 4711 κανὼν,
3396 4651 3482 4704 ὅτι
3512 4650 3605 4704 καὶ
3642 4651 3677 4719 η
3702 4650 3909 4719 Νεαρὲ
3940 4652 4031 4717 τὴν

767 4748 1033 4803 hensione
1058 4744 1268 4798 alienus
1301 4740 1634 4795 servaberis.
1664 4736 1851 4807 Neque
1882 4736 2029 4790 enim
2071 4734 2168 4789 tibi
2217 4748 2341 4790 esse

764 4841 1082 4896 contrarius
1123 4838 1376 4892 videatur
1413 4835 1500 4889 hic
1535 4848 1784 4903 praesens
1834 4847 2047 4895 canon;
2082 4831 2340 4901 quoniam

767 4934 986 4988 novella
1040 4944 1259 5000 quoque
1324 4942 1507 4982 rerum
1572 4923 1933 4980 immobilinm
1986 4922 2342 4977 ecclesiarum

770 5030 853 5083 vel
884 5027 1345 5081 monasteriorum
1390 5021 1774 5077 alienationem
1814 5026 1909 5073 aut
1950 5018 2342 5084 venditionem,

769 5138 890 5191 quae
923 5121 1043 5174 sine
1070 5118 1220 5187 iusta
1265 5124 1318 5170 et
1361 5122 1591 5185 urgente
1641 5125 1806 5166 causa
1871 5111 1948 5173 iit,
1979 5110 2236 5164 similiter
2280 5123 2347 5164 ac

776 5228 1019 5285 praesens
1049 5226 1226 5265 canon
1260 5209 1532 5277 prohibet.
1560 5204 1703 5271 Quid
1727 5220 1880 5267 vero,
1909 5219 2032 5258 cum
2065 5203 2346 5267 alienatio,

778 5319 836 5362 ut
868 5309 1076 5361 dictum
1110 5313 1218 5369 est,
1253 5303 1582 5364 inﬁrmetur,
1634 5307 1688 5351 et
1741 5312 1826 5352 res
1870 5297 2237 5351 ecclesiastica
2280 5294 2349 5349 ad

778 5400 1069 5456 ecclesiam
1109 5397 1190 5450 vel
1228 5395 1617 5448 monasterium
1672 5397 2004 5457 revertatur,
2053 5398 2350 5458 cogetnrne

778 5491 881 5561 ipsi
916 5488 1159 5544 vicissim
1193 5502 1330 5555 quos
1353 5501 1417 5539 ea
1440 5485 1510 5539 de
1547 5499 1710 5538 causa
1741 5490 2067 5551 acceperunt
2097 5494 2351 5536 nummos

779 5584 862 5637 vel
918 5596 1006 5635 res
1056 5578 1228 5633 dare?
1281 5574 1516 5631 Solutio.
1582 5573 1957 5642 Nequaquam.
1996 5572 2134 5625 Dicit
2202 5570 2349 5626 enim

778 5675 922 5729 dicta
949 5673 1158 5729 novella
1194 5674 1305 5725 haec
1332 5684 1608 5736 expresse.
1658 5666 1715 5721 Si
1752 5681 1879 5720 vero
1914 5672 2107 5734 pra'ter
2148 5682 2209 5719 ea
2233 5680 2354 5735 qua:

783 5782 814 5821 ι
850 5767 1009 5821 nobis
1050 5768 1151 5819 hac
1181 5765 1296 5834 lege
1328 5762 1539 5817 saucita
1575 5771 1721 5821 sunt,
1751 5760 1851 5813 fuit
1891 5760 2093 5830 aliquis
2123 5770 2355 5815 contra-

786 5870 911 5915 ctus
947 5860 1001 5912 in
1035 5857 1268 5913 diversis
1296 5857 1463 5910 rebus
1493 5854 1788 5909 mobilibus
1824 5855 1907 5908 vel
1962 5854 2353 5916 inuuobilibus,

785 5952 881 6008 uni
928 5957 1245 6007 sanctarum
1309 5947 1621 6031 domorum,
1682 5944 1943 6000 reddatur
1996 5945 2214 6016 quidem
2253 5944 2354 6016 ipsi

2446 4747 2619 4818 χωρὶς
2649 4745 2873 4813 εὐλόγου
2922 4744 3017 4797 καὶ
3066 4742 3478 4813 ἁναγκαστικῆς
3508 4743 3690 4803 αἰτίας
3745 4744 4033 4812 ὲκποίησιν

2445 4838 2480 4908 ἢ
2512 4837 2725 4890 ἔκδοσιν
2748 4837 2858 4889 τῶν
2889 4834 3358 4904 ὲκκλησιαστικῶν
3390 4834 3424 4906 ἢ
3457 4833 3817 4903 μοναστικῶν
3851 4838 4033 4904 ἀκνή-

2447 4947 2555 4983 των
2610 4928 2926 4999 παρομοίως
2981 4925 3058 4998 τῷ
3106 4926 3335 4997 παρόντι
3376 4927 3565 4978 κανόνι
3596 4926 3835 4982 κωλύει.
3869 4929 3934 4980 Τί
3962 4929 4027 4985 δὲ,

2448 5023 2551 5092 τῆς
2586 5024 2926 5093 ἑκποιήσεως
2952 5021 3359 5091 άκυρουμένης,
3394 5019 3470 5081 ὡς
3524 5020 3771 5089 εἴρηται,
3826 5026 3924 5073 καὶ
3949 5019 4027 5071 to}

2449 5114 2905 5187 ὲκκλησιαστικοῦ
2960 5114 3288 5184 πράγματος
3336 5114 3857 5182 ὰντιστρεφομένου

2448 5210 2547 5281 τὴν
2577 5206 2941 5279 ἐκκλησίαινῆ
2980 5206 3041 5259 τὸ
3103 5205 3491 5275 μοναστήριον,
3542 5204 4031 5271 ἀναγκασθήσεται

2452 5303 2513 5352 τὸ
2539 5344 2543 5349 .
2570 5299 2736 5369 μέρος
2763 5296 2969 5361 αὐτῶν,
2999 5295 3035 5349 ἃ
3067 5296 3229 5365 χάριν
3260 5294 3453 5347 τούτου
3487 5292 3676 5356 ἔλαϐε,
3718 5295 4037 5362 νομίσματα

2453 5391 2486 5461 ἢ
2546 5392 2851 5460 πράγματα
2896 5388 3114 5454 δοῦναι;
3158 5387 3349 5449 Λύσις.
3396 5386 3689 5457 Οὐδαμῶς.
3742 5388 3891 5454 Φησὶ
3937 5388 4033 5451 γὰρ

2454 5484 2488 5552 ἡ
2518 5482 2741 5551 ῥηθεῖσα
2765 5476 2953 5550 Νεαρά
2984 5480 3162 5550 ῥητῶς
3189 5478 3363 5533 ταῦτα
3388 5495 3402 5509 ο
3441 5480 3503 5532 Et
3554 5478 3612 5531 δὲ
3646 5482 3810 5549 παρὰ
3840 5480 3908 5532 τά
3933 5481 4028 5547 ειη.

2455 5573 2765 5642 γορευμένα
2795 5574 2925 5642 ἡμῖν
2969 5572 3045 5641 τῷ
3089 5572 3320 5642 παρόντι
3385 5570 3534 5641 νόμῳ
3582 5571 3949 5642 συνάλὶαγμά
3991 5588 4037 5621 τι

2458 5666 2689 5735 γένηται
2723 5667 2819 5718 ἐπὶ
2845 5666 2955 5728 τοῖς
2987 5665 3303 5735 διαφέρουσι
3340 5664 3656 5735 πράγμασι,
3693 5670 3943 5732 κινητσῐς
3985 5680 4034 5718 τε

2460 5762 2554 5813 καὶ
2585 5762 2895 5828 ἀκινήτοις,
2924 5758 3004 5810 ἑνὶ
3036 5756 3145 5809 τῶν
3196 5757 3409 5825 εὐαγῶν
3441 5758 3628 5819 οἴκων,
3691 5758 4030 5811 ἀναδίδοσθαι

2464 5852 2562 5920 μὲν
2579 5853 2641 5921 τῇ
2671 5852 2805 5921 αὐτῇ
2834 5850 3112 5919 ἁγιωτάτῃ
3158 5848 3443 5919 ἐκκλησίᾳ,
3463 5847 3579 5917 ἤτοι
3599 5848 3681 5916 τῷ
3707 5852 3897 5917 εὐαγεῐ
3915 5850 4034 5913 οἰπςιι

2459 5943 2521 5996 τὸ
2553 5944 2804 6013 πρᾶγμα,
2834 5941 2920 6013 ἐφ’
2951 5935 2995 6011 ᾧ
3024 5939 3262 5996 τοιοῦτόν
3286 5957 3339 5995 τι
3374 5941 3862 6013 παρηκολούθησε,
3908 5938 4037 6010 μεῖὲ
