4218 6458
202 432 297 494 933

1203 427 1280 487 IN
1314 429 1475 488 CAN.
1515 426 1625 485 ΧΠ
1669 425 1878 484 CONC.
1922 426 2025 482 Vll
2059 425 2415 485 (ECUMEN.

3313 426 3418 490 93i

201 548 294 597 τῶν
342 545 436 598 τοῦ
472 545 636 618 μέσου
669 544 862 613 χρόνου
922 543 1184 614 καρπῶν·
1245 544 1452 614 μενέτω
1503 543 1560 596 δέ
1614 539 1867 610 παρἋε

1752 548 1817 600 Ἄ
1845 543 2202 595 sanctissima:
2229 542 2473 595 ecclesiae
2505 541 2586 595 vel
2638 550 3002 594 sacrosancta:
3063 541 3249 594 domui
3300 557 3412 597 res;

202 639 321 708 ιὺτῇ
369 639 463 692 καὶ
505 640 566 690 τ⁹δ
613 637 897 707 τίμημαῆ
947 637 1007 688 τὸ
1060 636 1378 706 άντίδωρον,
1416 636 1448 705 ἢ
1487 636 1547 687 τὸ
1605 635 1744 702 ὑπὲρ

201 731 460 801 ἐμείψεως
491 730 524 799 ἢ
555 729 720 799 ἄλλης
767 727 984 781 οἱασοῦν
1027 729 1208 791 αἰτίας
1253 728 1391 796 αὐτῇ
1440 727 1744 795 δεδομένον.

199 821 248 874 Εἰ
279 822 334 874 δὲ
363 821 696 889 ὲμφύτευσις
731 820 1003 888 πραχθείη
1034 819 1181 888 παρὰ
1229 819 1298 883 τὰ
1344 817 1745 887 διηγορευμένα

198 915 339 982 ἡμῖν,
385 913 728 966 ἀναδίδοσθαι
775 915 838 981 τῇ
908 912 1188 982 ἁγιωτάτῃ
1235 909 1497 979 ἐκκλησία
1541 910 1573 980 ἢ
1635 911 1746 972 τοῖς

196 1005 409 1071 εύαγέσι
443 1007 628 1065 τόποις
660 1005 718 1056 τὸ
757 1003 890 1057 αὐτὸ
917 1004 1151 1072 πρᾶγμα
1182 1001 1497 1071 κελεύομεν,
1536 1003 1629 1054 καὶ
1655 1002 1745 1054 τὸν

196 1097 528 1166 ἑμφυτευτην
555 1097 615 1147 τὸ
650 1095 855 1147 πάκτον
883 1096 1056 1146 τελεῖν
1091 1097 1228 1149 κατά
1262 1096 1361 1162 τὴν
1387 1093 1614 1164 δύναμιν
1644 1095 1748 1147 τῶν

192 1189 601 1264 ἐμφυτευτικῶν
635 1187 997 1257 συμϐολαίων.
1031 1188 1092 1239 ΕΞ
1129 1187 1184 1239 δὲ
1218 1187 1486 1256 δωρηυείη
1518 1191 1748 1257 πρᾶγμα

192 1280 635 1349 ἐκκλησιαστικὸν
671 1281 700 1350 ἢ
739 1282 927 1349 ἐτέρου
981 1280 1209 1348 εὐαγοῦς
1257 1279 1431 1340 οἴκου,
1477 1279 1572 1332 καὶ
1618 1279 1748 1332 αυτὺ

189 1373 523 1425 ἐναδίδοσθαι
575 1376 640 1443 τῇ
693 1373 977 1443 ἁγιωτάτῃ
1040 1373 1308 1441 ἐκκλησίᾳ.
1359 1374 1535 1442 ἢτοῖς
1568 1373 1748 1434 ἄλλοις

189 1467 434 1531 εὐαγέσιν
471 1467 642 1530 οἴκοις
687 1468 823 1536 μετὰ
876 1468 984 1518 τῶν
1015 1466 1108 1518 τοῦ
1161 1466 1328 1534 μέσου
1380 1465 1574 1534 χρόνου
1610 1482 1744 1535 καρ⁹

190 1562 322 1622 πῶν,
357 1563 451 1613 καὶ
483 1563 738 1613 τοσοῦτον
771 1561 954 1631 ἕτερον
987 1562 1112 1612 ὅσου
1144 1560 1295 1626 ἄξιόν
1345 1563 1463 1612 ἐστι
1509 1560 1569 1610 τὸ
1604 1561 1748 1628 πρᾶ-

189 1669 319 1722 γμα.
348 1651 407 1703 Ei
456 1652 513 1704 δέ
550 1652 802 1721 ὑποθήκη
860 1653 1011 1721 παρὰ
1062 1651 1238 1704 ταῦτα
1273 1651 1478 1720 δοθείη,
1515 1653 1542 1703 ὁ
1570 1650 1748 1702 δανει-

187 1747 310 1813 στὴς
342 1745 403 1798 τὸ
437 1744 858 1813 ἐποφειλόμενον
888 1743 1197 1806 ἀπολλύτω,
1233 1745 1329 1796 καὶ
1357 1745 1416 1795 τὸ
1442 1743 1572 1796 αὐτὸ
1607 1743 1748 1813 πρᾶ-

183 1855 296 1905 γμα
326 1835 405 1905 τῷ
456 1837 647 1902 εύαγεῖ
699 1837 849 1904 τόπῳ
901 1835 1222 1900 ἀποδιδότω,
1259 1835 1365 1886 τῶν
1417 1835 1746 1904 συμϐολαιο-

1847 653 2011 707 super
2044 652 2150 706 qua
2193 638 2298 690 tale
2332 638 2459 705 quid
2512 646 2870 690 consecutum
2900 645 3004 698 est.
3057 651 3181 691 cum
3243 637 3413 690 inter-

1848 728 2006 784 t-iedii
2064 728 2320 800 temporis
2379 718 2703 791 fructibus,
2752 735 2972 782 maneat
3031 735 3214 783 autem
3272 726 3412 795 apud

1848 824 2018 892 ipsam
2047 825 2281 893 pretium
2311 823 2390 878 vel
2422 821 2759 885 antidorum,
2809 830 2903 877 aut
2954 821 3107 892 quod
3158 837 3258 892 pro
3296 836 3418 889 per-

1848 927 2149 971 mutatione
2213 915 2297 969 vel
2359 929 2692 985 quacunque
2745 915 2848 968 alia
2887 929 3052 969 causa
3087 914 3273 967 datum
3306 921 3412 966 est.

1849 1009 1944 1064 Sin
2000 1019 2181 1064 autem
2221 1008 2616 1078 emphyteusts,
2672 1017 2868 1078 preter
2897 1022 2958 1059 ea
2988 1022 3109 1076 quae
3163 1021 3191 1059 a
3254 1006 3415 1060 nobis

1848 1112 1994 1173 sunt,
2031 1102 2172 1156 facta
2205 1099 2394 1163 fuerit;
2431 1111 2634 1156 sanctae
2662 1100 2908 1156 ecclesia:
2931 1100 3013 1154 vel
3043 1099 3416 1153 sacrosanctis

1847 1196 2098 1250 domibus
2167 1195 2411 1248 eamdem
2493 1207 2605 1246 rem
2661 1193 2809 1247 reddi
2861 1192 3116 1262 juhemus
3149 1209 3161 1243 :
3195 1193 3417 1261 emphy-

1847 1295 2049 1342 teutam
2082 1294 2260 1338 autem
2294 1285 2345 1338 id
2373 1283 2515 1353 quod
2553 1290 2880 1337 conventum
2931 1289 3016 1336 est
3069 1281 3329 1350 pendere,
3363 1292 3417 1333 ut

1846 1377 2370 1448 cmphyteuticorum
2405 1365 2777 1430 contractuum
2804 1375 2968 1428 robur
2990 1375 3179 1443 exigit.
3207 1375 3262 1428 Si
3291 1389 3418 1427 vero

1846 1470 2079 1522 donetur
2115 1483 2200 1522 res
2232 1467 2608 1522 ecclesiastica
2649 1467 2732 1520 vel
2768 1466 3002 1534 alicu'jus
3050 1478 3419 1520 sacrosanctae

1847 1562 2081 1623 domus;
2120 1576 2181 1612 ea
2210 1575 2426 1630 quoque
2455 1560 2815 1614 sanctissima:
2867 1558 3112 1612 ecclesiae
3161 1558 3244 1612 vel
3297 1560 3418 1612 aliis

1848 1655 2212 1710 sacrosanctis
2271 1653 2550 1717 domibus,
2603 1670 2724 1708 cum
2779 1653 3049 1707 fructibus
3107 1652 3415 1707 intermedii

1849 1749 2131 1818 temporis,
2163 1747 2442 1808 reddatur,
2481 1756 2534 1799 et
2566 1755 2774 1799 tantum
2811 1753 3070 1811 praeterea
3105 1743 3293 1812 quanti
3327 1758 3416 1797 res

1849 1842 1964 1909 ipsa
1999 1841 2183 1894 valet:
2237 1841 2319 1894 sin
2363 1848 2569 1902 autem,
2626 1845 2819 1906 pra'ter
2867 1837 2999 1897 haec,
3034 1835 3244 1904 pignori
3292 1834 3415 1888 datu

187 1898 427 2001 γράφων,
458 1898 582 1982 ’τῶν⁷
600 1898 948 1999 θαρρούντων
978 1930 1127 1997 παρὰ
1161 1898 1252 1981 τδν
1284 1929 1417 1998 ἡμῖν
1448 1898 1536 1980 τόν
1580 1929 1744 1996 νόμον
1784 1898 1823 1952 Β
1851 1949 1853 1986 j

1784 1898 1823 1952 Β
1851 1933 2031 1997 fuerit,
2079 1932 2317 1986 debitum
2362 1929 2852 2002 perdat‘l‘enerator
2908 1936 2960 1981 et
3005 1929 3248 1982 eamdem
3305 1943 3415 1980 rem

184 2024 444 2087 τοιούτοις
499 2025 795 2093 ὑπουργεῖν
840 2021 1212 2092 συμϐολαίοις,
1263 2022 1502 2091 διηνεκεῖ
1549 2021 1738 2092 ἐξορίᾳ

182 2117 724 2186 καταδικαζομένων.

265 2378 546 2449 Ἠρὼτησε
577 2379 636 2433 δέ
666 2397 750 2442 τις
778 2382 874 2434 καὶ
928 2380 1085 2434 τοῦτο
1108 2396 1123 2412 ο
1158 2378 1263 2432 Τοῦ
1302 2381 1522 2442 κανόνος
1562 2380 1747 2447 λέγον-

178 2489 270 2534 τος
306 2473 666 2526 ἐκϐάλλεσθαι
717 2473 805 2526 τὸν
857 2473 1156 2526 ἐπίσκοπον
1207 2471 1313 2524 ἀπὸ
1365 2472 1744 2535 ἐπισκοπείου,

179 2563 276 2614 καὶ⁵
317 2564 407 2614 τὸν
443 2563 748 2632 ἡγούμενον
781 2567 842 2616 ἐκ
887 2563 976 2617 τοῦ
1009 2565 1397 2634 μοναστηρίου,
1431 2563 1505 2624 ὡς
1535 2563 1749 2632 λυμεῶ-

179 2671 278 2717 νας
326 2659 419 2707 κα“ι
467 2655 742 2725 δολεροὺς,
793 2655 1224 2726 ἐπακολουθήσει
1255 2657 1320 2726 τῇ
1353 2655 1620 2724 ἐξωθήσει
1654 2656 1748 2706 καὶ

179 2746 506 2816 καθαίρεσις
561 2747 592 2816 ἢ
644 2746 801 2816 ούχί;
842 2747 948 2799 Καί
983 2765 1126 2810 τινες
1163 2748 1261 2817 μὲν
1324 2743 1474 2800 εἷπον
1538 2748 1610 2804 ὡς
1640 2748 1748 2799 τῶν

175 2839 358 2906 ἁγίων
411 2838 670 2907 Πατέρων
728 2837 895 2906 μηδέν
939 2854 989 2888 τι
1040 2836 1280 2890 τοιοῦτον
1335 2836 1746 2904 διοριζομένων,

178 2930 520 2998 προϐήσεται
555 2929 717 2996 μόνον
766 2929 1059 2997 ἐξώθησιςο
1100 2927 1226 2997 ἐμοὶ
1259 2927 1313 2979 δὲ
1348 2927 1497 2980 δοκεῖ
1523 2928 1617 2994 ὡς,
1648 2929 1748 2999 τῆς

175 3021 508 3093 ἐξώθησεως
539 3022 838 3090 γενομένης
862 3021 948 3074 διὰ
979 3020 1152 3082 δόλον,
1198 3020 1254 3086 ἐξ
1299 3020 1546 3093 ἀνάγκης
1608 3040 1750 3092 παρ-

178 3118 377 3170 έπεται
407 3117 500 3168 καὶ
541 3115 880 3184 καθαίρεσις.
940 3113 1124 3174 Οὒδεὶς
1157 3115 1285 3184 γὰρ,
1320 3113 1378 3180 ἐξ
1429 3115 1748 3184 άτιμοποιοῦ

176 3208 911 3297 αἰτίαςκαταδικαζόμενος,
952 3205 1169 3276 ἔντιμός
1203 3207 1375 3260 ἐστιν.
1409 3206 1747 3277 Εύχαριστη-
1775 3233 1821 3297 c

174 3304 306 3353 τὲον
339 3296 432 3353 οὖν
467 3300 542 3370 τῷ
571 3299 814 3370 κραταιῷ
865 3299 958 3351 κα)⁸
1011 3298 1152 3368 ἁγίῳ
1199 3299 1358 3367 ήμῶν
1413 3298 1643 3384 βασιλεῖ,
1673 3298 1748 3370 τῷ

179 3394 597 3463 συντηρήσαντι
625 3389 939 3452 ἀκολούθως
974 3389 1051 3456 τῶ
1075 3389 1418 3458 ἀποστολικῷ
1441 3387 1624 3442 κανόνὶ
1655 3392 1747 3442 καὶ

173 3487 257 3555 τῷ
291 3487 524 3556 παρόντι
577 3484 842 3555 διορισμῷ
873 3485 940 3536 τὰ
971 3483 1080 3536 τῶν
1133 3483 1443 3553 ἐκκλησιῶν
1495 3487 1588 3538 καὶ
1638 3485 1745 3538 τῶν

170 3580 322 3632 κατὰ
358 3579 513 3632 πόλιν
560 3579 700 3640 τέως
753 3576 1136 3647 μοναστηρίων
1198 3577 1432 3647 ἀκίνητα
1489 3578 1745 3645 ἀνέπαφα

168 3676 241 3724 ὲκ
271 3673 367 3740 τῆς
416 3671 597 3742 χειρὸς
638 3669 731 3723 τοῦ
765 3670 1026 3739 δημοσίου
1064 3669 1152 3722 διὰ
1199 3671 1366 3739 τριῶν
1413 3670 1745 3738 χρυσοῦούλ-

169 3768 285 3818 λων
315 3767 411 3835 τῆς
444 3765 604 3830 ἁγίας
633 3763 908 3832 βασιλείας
940 3763 1126 3819 αὑτοῦ.
1158 3763 1246 3831 ἀφ’
1278 3758 1352 3815 ὧν
1384 3763 1443 3815 τὸ
1476 3765 1573 3830 μὲν
1605 3766 1745 3818 κατὰ

170 3861 270 3912 τὸν
339 3858 556 3910 Ἰούλιον
609 3857 756 3925 μῆνα
814 3855 911 3925 τῆς
967 3853 1013 3906 α’
1063 3854 1388 3918 ὶνδικτιῶνος
1442 3855 1535 3908 τοῦ
1584 3857 1747 3928 ,ςΧνδ’

170 3951 335 4012 ἔτους
361 3951 606 4018 γεγονὸς,
645 3951 738 4002 καὶ
780 3949 1150 4019 διοριζόμενον
1186 3948 1260 4018 μὴ
1295 3948 1629 4016 βλάπτεσθαι
1676 3949 1745 4002 τὰ

173 4045 522 4114 μοναστήρια
549 4044 614 4094 ἐκ
633 4040 727 4093 τοῦ
755 4041 884 4103 ἴσως
915 4041 1175 4110 χωλεύειν
1207 4040 1348 4093 κατά
1386 4058 1436 4092 τι
1473 4043 1538 4094 τὰ
1569 4058 1735 4112 προσο

165 4139 307 4190 όντα
371 4138 584 4198 τούτοις
630 4135 977 4202 δικαιώματα
1005 4149 1018 4162 ο
1053 4132 1145 4186 καὶ
1165 4133 1224 4184 τὸ
1257 4133 1396 4185 κατὰ
1429 4133 1518 4184 τὸν
1543 4131 1745 4185 Ὀκτὼ-

174 4231 340 4300 ὕριον
405 4230 547 4298 μῆνα
601 4230 699 4298 τῆς
749 4226 791 4291 ζ’
853 4227 1180 4288 ίνδικτιῶνος
1233 4224 1326 4276 τοῦ
1369 4225 1546 4313 ,ςχξς
1591 4224 1744 4287 ἔτους

168 4322 470 4387 ἁπολυθὲν,
506 4321 599 4374 καὶ
631 4319 1140 4391 παρακελευόμενον
1175 4317 1318 4387 ἔχειν
1346 4320 1412 4370 τά
1471 4317 1742 4388 μοναστήο

173 4437 275 4490 ρια
336 4417 477 4470 κατὰ
513 4415 575 4468 τὸ
630 4414 1056 4468 άναπόσπαστον
1112 4411 1178 4464 τά
1233 4412 1465 4482 ἀκίνητα
1518 4411 1743 4472 τούτων,

181 4512 296 4564 κᾶν
324 4508 649 4576 διαγνώσεις
676 4507 939 4576 ἐδόθησαν
966 4505 1150 4567 αὐτοῖς
1181 4506 1332 4575 παρὰ
1361 4504 1469 4555 τῶν
1501 4507 1740 4571 ἀναγρα-

170 4604 332 4669 φέων
362 4599 676 4656 δικαιοῦσαι
707 4601 797 4652 τὸν
830 4599 1112 4669 δημόσιον,
1147 4597 1304 4650 ᾶτινα
1327 4598 1386 4649 οὐ
1430 4595 1741 4665 κατεστρώ-

156 4790 381 4842 τοὺτων
413 4787 488 4858 μὴ
523 4783 973 4856 ἐπιχορηγεῖσθαι
1024 4786 1148 4845 ταῖς
1201 4784 1409 4852 μοναῖς,
1454 4781 1589 4834 ἀλλά
1622 4798 1746 4835 και-

160 4881 341 4950 ρικήν
361 4884 376 4906 ⁸
406 4878 466 4932 τὸ
495 4877 551 4930 δὲ
585 4879 725 4930 κατὰ
752 4875 844 4928 τὸν
875 4875 1118 4944 Μάρτιον
1174 4874 1318 4943 μῆνα
1369 4873 1468 4942 τῆς
1514 4870 1565 4936 ς’
1620 4871 1744 4924 ἱνδι-

164 4974 408 5035 κτιῶνος
437 4971 530 5025 τοῦ
570 4971 752 5042 ,ςχξεβ
809 4969 964 5032 ἔτους
992 4968 1270 5037 ἐξενεχθὲν
1301 4967 1393 5020 καὶ
1425 4983 1745 5037 γαταστρω-

160 5067 271 5118 etv
310 5067 366 5116 ἐν
399 5065 532 5116 πάσι
558 5066 672 5124 τοῖς
707 5061 986 5131 σεκρέτοις
1020 5059 1462 5130 παρακελεύεται
1493 5061 1628 5128 μετὰ
1679 5061 1742 5112 τὸ

162 5158 468 5228 προοίμιον
504 5156 677 5210 ταῦτα
712 5156 889 5224 ῥητῶς
914 5170 927 5185 ·

254 5249 498 5318 Ἐιρθασε
533 5250 630 5318 μὲν
653 5244 746 5300 οὖν
778 5246 880 5315 πρὸ
909 5245 1117 5316 χρόνων
1147 5243 1308 5296 τινῶν
1357 5243 1744 5312 χρυσόόουλλον

147 5344 339 5410 ’λόγον
363 5339 761 5410 ἐπιϐραὸεὖσαι
795 5338 907 5400 τοῖς
935 5354 991 5389 τε
1021 5335 1143 5390 κατ’
1172 5334 1338 5404 αὐτὴν
1368 5335 1466 5404 τὴν
1501 5333 1745 5401 βασιλίδα

147 5431 285 5490 τῶν
318 5433 523 5486 πόλεων
540 5431 902 5499 διακειμένοις
927 5430 1312 5498 εὕαγεστάτοις
1340 5429 1740 5498 μοναστηρὶοις,

153 5527 275 5583 καὶ
311 5527 423 5586 τοῖς
465 5525 523 5575 τὸ
557 5524 772 5576 δυτικδν
813 5522 975 5590 μέρος
998 5519 1092 5573 τοῦ
1129 5519 1338 5582 στενοῦ,
1369 5520 1493 5572 ὅσον
1528 5537 1582 5570 τε
1614 5521 1735 5570 κατ’

150 5619 444 5687 ιῑγιαλὺν,
478 5619 569 5669 καὶ
601 5619 725 5668 ὅσον
783 5613 1101 5685 πόρρωθεν·
1164 5613 1422 5673 ὡσαύτως
1481 5614 1572 5663 καὶ
1627 5613 1739 5673 τοῖς

151 5711 311 5780 περὶ
350 5710 440 5761 τὸν
483 5708 681 5760 κόλπον
716 5708 813 5777 τῆς
872 5705 1229 5774 Νικομηδίας,
1286 5705 1378 5756 καὶ
1438 5705 1598 5772 μέχρι
1647 5705 1741 5756 καὶ

150 5802 347 5869 ιὺτῆς
376 5801 473 5871 τῆς
512 5797 870 5867 Νικομηδίας,
930 5798 1021 5848 καὶ
1057 5799 1170 5858 τοῖς
1202 5797 1258 5847 ἐν
1283 5797 1402 5856 ταῖς
1443 5797 1642 5862 νήσοις,
1677 5797 1741 5865 τῇ

165 5891 394 5962 ’οξείᾳ,
431 5894 494 5961 τῃ
529 5889 746 5961 Πρώτη,
773 5891 839 5959 τῇ
879 5888 1088 5958 Χάλκῃ,
1121 5889 1186 5958 τῇ
1223 5885 1427 5955 Illi-cn.
1469 5888 1532 5956 τῇ
1578 5885 1738 5956 Ἀγίςι

1771 4569 1818 4628 D

158 4698 354 4766 Θησαν
404 4694 643 4749 ἐνταῦθα
693 4693 783 4746 διὰ
837 4693 896 4745 τὸ
953 4678 1315 4755 αἱωνίζουσαν
1369 4689 1636 4757 ὠφέλειαν
1682 4692 1775 4750 ἐκ,

1847 2035 2201 2082 sacrosancto
2238 2026 2360 2080 loco
2399 2024 2610 2084 reddat,
2647 2022 3056 2084 tabellionibus,
3095 2020 3185 2089 qni
3225 2029 3418 2088 praeter

1851 2118 1990 2171 hanc
2049 2128 2293 2171 nostram
2349 2115 2522 2184 legem
2586 2115 2638 2166 in
2707 2111 2974 2182 ejusmodi
3042 2111 3419 2164 contractibus

1848 2225 2069 2280 operam
2130 2223 2284 2262 suam
2347 2206 2586 2276 praebere
2645 2205 2867 2267 audent,
2917 2213 3183 2273 perpetuo
3227 2203 3419 2256 exsilio

1847 2301 2140 2356 damnatis.

1923 2395 2034 2447 Hoc
2065 2401 2245 2446 autem
2278 2392 2439 2446 etiam
2474 2389 2896 2458 interrogaverit
2949 2387 3258 2456 quispiam:
3287 2385 3418 2439 Cum

1853 2501 2030 2539 canon
2063 2485 2229 2547 dicat,
2260 2484 2577 2552 episcopum
2623 2497 2685 2534 ex
2739 2481 3081 2548 episcopatu,
3127 2488 3180 2532 et
3229 2493 3422 2531 mona-

1850 2577 2003 2632 sterii
2034 2576 2348 2646 praefectum
2396 2590 2458 2626 ex
2493 2573 2851 2636 monasterio,
2905 2583 2960 2625 ut
3000 2572 3340 2642 perniciosos
3369 2581 3423 2624 et

1851 2669 2224 2724 fraudulentos
2275 2667 2492 2733 expelli,
2548 2666 2922 2720 detrusionem
2975 2671 3423 2732 consequetnrne

1850 2762 2141 2831 depositio,
2180 2759 2404 2812 annon?
2436 2757 2502 2812 Et
2533 2759 2780 2811 nonnulli
2813 2759 3030 2827 quidem
3074 2757 3234 2827 305
3268 2756 3422 2809 dixe-

1852 2863 1999 2913 runt,
2034 2850 2176 2921 quod
2212 2865 2332 2902 cum
2369 2847 2559 2902 Patres
2597 2849 2729 2900 nihil
2764 2849 2872 2901 tale
2923 2847 3248 2907 decernant,
3307 2845 3422 2896 sola

1852 2945 2109 3016 procedet
2138 2931 2402 2996 extrusio.
2430 2939 2556 2993 Mihi
2599 2951 2778 2994 autem
2801 2941 3032 3002 videtur,
3075 2939 3248 3008 quod,
3291 2953 3419 2992 cum

1851 3045 2074 3107 propter
2098 3034 2282 3088 dolum
2313 3033 2404 3086 fiat
2438 3033 2657 3100 eiectio,
2689 3032 3000 3085 necessario
3027 3031 3192 3084 etiam
3240 3030 3423 3097 sequi-

1855 3136 1941 3180 tur
1969 3124 2254 3195 depositio.
2279 3119 2450 3175 Nemo
2479 3124 2657 3195 enim,_
2682 3136 2745 3174 ex
2777 3135 2941 3173 causa
2974 3119 3200 3173 laedente
3225 3119 3421 3171 faniam

1852 3218 2284 3278 condemnatus,
2335 3213 2492 3268 bona:
2556 3210 2680 3266 est“
2701 3213 3145 3266 existimationis.
3203 3210 3420 3264 Potenti

1856 3326 1986 3380 ergo
2020 3319 2072 3364 et
2108 3317 2299 3364 sancto
2355 3317 2549 3360 nostro
2606 3305 2917 3374 imperatori
2968 3305 3154 3376 gratia:
3203 3306 3422 3373 agendae

1857 3413 2002 3462 sunt,
2039 3401 2156 3471 qui,
2187 3409 2243 3453 ut
2273 3399 2387 3452 vult
2417 3398 2749 3468 apostolicus
2779 3412 2952 3474 canpn
2982 3405 3034 3449 et
3070 3397 3179 3450 haec
3215 3395 3421 3450 consti-

1855 3495 2014 3558 tutio,
2041 3493 2396 3548 ecclesiarum
2421 3492 2772 3560 civitatisque
2823 3491 3284 3544 monasteriorum
3322 3490 3422 3543 im-

1857 3588 2074 3643 mobilia
2109 3607 2137 3640 a
2195 3602 2356 3639 manu
2413 3585 2523 3638 ﬁsci
2572 3601 2665 3638 seu
2721 3584 2945 3652 publici,
2978 3597 3073 3649 per
3108 3593 3215 3636 tres
3252 3596 3421 3634 sacra:

1856 3697 1966 3737 sua:
2016 3681 2319 3748 maiestatis
2354 3693 2550 3732 aureas
2605 3677 2806 3740 bullas,
2872 3677 3070 3730 intacta
3108 3685 3161 3729 et
3210 3677 3419 3744 integra

1855 3774 2198 3828 conservavit
2232 3790 2245 3825 :
2284 3788 2515 3841 quarum
2561 3772 2731 3824 altera
2767 3770 2984 3840 quidem
3035 3766 3177 3822 Iulio
3213 3784 3417 3831 mense,

1857 3867 2153 3920 indictione
2185 3865 2236 3926 l,
2296 3879 2439 3917 anno
2467 3863 2605 3916 6654
2658 3862 2798 3916 facta
2861 3871 2966 3924 est,
3010 3869 3064 3915 et
3119 3860 3419 3926 constituit,

1855 3974 1962 4011 non
1988 3955 2106 4010 laedi
2141 3955 2492 4016 monasteria,
2551 3971 2615 4007 eo
2666 3953 2808 4023 quod
2857 3953 3002 4020 jura,
3035 3967 3155 4021 qure
3186 3951 3289 4005 illis
3324 3955 3419 4006 ad-

1853 4059 1999 4112 sunt,
2036 4049 2089 4100 in
2122 4047 2308 4116 aliquo
2337 4047 2480 4100 forte
2509 4046 2698 4099 mutila
2730 4045 2841 4099 sint
2871 4053 2925 4100 et
2964 4047 3280 4115 imperfecta
3318 4063 3330 4099 :
3366 4060 3417 4101 et

1850 4139 2089 4194 secunda
2123 4153 2304 4191 mense
2330 4136 2573 4200 Octobri,
2637 4137 2932 4190 indictione
2965 4135 3019 4198 7,
3079 4151 3222 4190 anno
3255 4136 3418 4200 6665,

1853 4234 2051 4289 emissa
2080 4242 2183 4296 est,
2219 4239 2267 4284 ct
2297 4231 2453 4301 jubet
2486 4229 2812 4283 monasteria
2862 4227 3129 4280 indivulse
3166 4238 3219 4281 et
3272 4231 3414 4281 inse-

1853 4326 2168 4395 parabiliter
2199 4339 2296 4378 sua
2330 4323 2528 4376 habere
2560 4321 2896 4380 immobilia;
2942 4320 3154 4374 etiamsi
3192 4321 3415 4385 notitim,

1852 4433 1972 4488 quae
2000 4432 2096 4485 pro
2122 4416 2246 4485 jure
2274 4415 2390 4469 ﬁsci
2415 4414 2646 4476 iaciunt,
2680 4430 2708 4465 a
2742 4427 2940 4466 census
2981 4413 3416 4476 descriptoribus

1851 4514 1932 4566 eis
1961 4509 2096 4563 data:
2128 4511 2258 4572 s'iut,
2307 4523 2422 4577 qua:
2485 4507 2576 4561 hic
2609 4507 2728 4560 sita:
2776 4521 2883 4559 non
2926 4514 3074 4567 sunt,
3129 4505 3272 4573 quod
3310 4521 3415 4558 non

1850 4606 2334 4675 perpetna'cautio
2359 4608 2410 4654 et
2438 4600 2642 4654 utilitas
2684 4598 3039 4653 monasteriis
3073 4615 3137 4652 ex
3184 4598 3251 4651 iis
3284 4614 3413 4666 sup-

1846 4699 2133 4768 peditetur,
2162 4696 2255 4749 sed
2293 4695 2642 4769 temporalis:
2680 4695 2784 4746 alia
2819 4708 2947 4746 vero
2985 4707 3168 4745 mense
3201 4691 3414 4754 Martio,

1848 4790 2144 4844 indictione
2173 4789 2225 4852 ti,
2254 4803 2397 4841 anno
2425 4785 2564 4839 6666
2598 4785 2743 4840 edita
2794 4793 2899 4846 est,
2949 4792 3003 4835 et
3057 4784 3107 4836 in
3162 4783 3414 4838 omnibus

1848 4882 2075 4938 secretis
2110 4881 2306 4952 posita,
2344 4896 2462 4950 quae
2493 4889 2614 4950 post
2660 4878 2986 4950 prooemium
3017 4875 3116 4930 hoc
3161 4890 3414 4945 expresse

1838 4961 2012 5065 ’edicit
2041 4991 2053 5028 :

1919 5240 2134 5307 Aliquot
2168 5236 2368 5291 abhinc
2411 5251 2568 5290 annis
2641 5235 3009 5290 definitionem
3060 5249 3218 5287 aurea
3272 5233 3413 5288 nulla

1852 5335 2116 5387 munitam
2169 5332 2418 5385 emittere
2483 5329 2910 5398 dispensareque
2964 5330 3223 5396 praevenit
3297 5342 3412 5380 mea

1850 5426 2128 5492 majestas,
2160 5423 2356 5492 iisque,
2385 5437 2502 5490 quae
2542 5422 2595 5474 in
2653 5423 2750 5473 hac
2806 5420 3021 5473 urbium
3074 5420 3260 5488 regina
3311 5421 3411 5472 sita

1850 5528 1998 5577 sunt,
2031 5515 2393 5568 sanctissimis
2425 5514 2797 5574 monasteriis,
2831 5523 2884 5566 et
2930 5514 2994 5566 iis
3023 5528 3147 5582 quae
3189 5522 3315 5566 sunt
3361 5515 3410 5564 in

1847 5608 2171 5662 occidentali
2222 5618 2376 5676 parte
2427 5605 2569 5670 freti,
2624 5616 2888 5674 quantum
2930 5615 3016 5659 est
3055 5607 3109 5660 in
3152 5585 3410 5659 littore'e'

1849 5703 2090 5772 longius;
2114 5700 2365 5755 similiter
2396 5707 2448 5754 et
2482 5700 2547 5754 iis
2567 5715 2684 5769 quae
2700 5701 2895 5753 suntin
2927 5702 3047 5752 sinu
3071 5697 3409 5752 Nicomediae.

1848 5808 1898 5849 et
1939 5812 2109 5864 usque
2145 5793 2211 5846 ad
2249 5793 2421 5863 ipsam
2454 5792 2847 5851 Nicatnediam,
2875 5801 2927 5846 et
2960 5792 3024 5846 iis
3046 5806 3166 5858 qua:
3200 5798 3330 5844 sunt
3361 5789 3408 5841 ἰιι

1852 5888 2067 5954 insulis,
2091 5887 2258 5950 Oxca,
2295 5883 2498 5948 Prima,
2537 5883 2759 5948 Chalce,
2798 5881 2965 5947 Plato,
3002 5892 3192 5936 sancta
3220 5878 3403 5949 Glyce-
