4218 6458
757 613 863 655 ria.
892 591 1150 659 Principo
1199 580 1481 652 Antigotii,

754 652 958 744 Sancto
998 652 1238 737 Audrea,
1286 676 1487 727 Sancto
1562 664 1871 736 Tryphone.
1923 658 2125 711 Sancto
2177 652 2335 705 Eleu-

756 782 935 837 thero,
965 772 1220 828 Cudonaa,
1252 766 1467 834 Pelago,
1492 760 1752 829 Deiparae,
1776 752 2031 815 Mesoum,
2057 746 2259 801 Medica
2282 752 2335 798 el.

759 871 960 926 Sancti:
996 859 1291 921 Demetrio,
1323 864 1377 910 et
1405 856 1470 909 iis
1498 866 1615 921 qua:
1647 857 1775 900 sunt
1805 848 1858 897 in
1892 835 2337 911 possessmuihus

759 976 1040 1031 portuum,
1065 964 1118 1009 et
1148 966 1324 1022 usque
1378 947 1443 1000 ad
1491 942 1834 1010 complexum
1873 937 2127 1005 Athyr-aa.
2161 940 2236 991 et,
2281 940 2338 984 ut

757 1055 926 1108 semel
956 1050 1157 1113 dicam,
1190 1046 1259 1099 iis
1285 1041 1377 1113 qui
1396 1034 1756 1092 Cll‘ClIlllLll‘tla
1791 1030 2035 1100 reginam
2061 1027 2335 1080 civitatem

759 1152 1083 1202 exercentur
1146 1134 1467 1195 monachis,
1541 1126 1677 1183 viris
1737 1132 1791 1178 et
1842 1120 2203 1179 mulieribus.
2255 1118 2340 1172 his

760 1240 929 1293 multa
959 1238 1081 1306 jura
1116 1229 1305 1299 largita
1337 1236 1443 1290 est,
1469 1232 1526 1279 et
1548 1223 1602 1277 in
1633 1216 1996 1274 immobilium
2025 1212 2341 1270 detenlione

757 1350 823 1387 ac
874 1325 1272 1385 dominatione,
1324 1335 1447 1391 quae
1498 1314 1826 1387 quibusdam
1868 1310 2084 1379 juribus
2141 1307 2206 1361 ad
2244 1320 2341 1360 eos

765 1432 1061 1501 pertinent,
1096 1421 1309 1475 ﬁrmam
1346 1425 1396 1472 et
1426 1408 1909 1469 illabefactabilem
1934 1402 2340 1475 possessionem

756 1499 1034 1581 concessit
1083 1508 1595 1585 iquemadmodum
1652 1505 1797 1558 dicta
1872 1500 2120 1556 deﬁnitio
2179 1510 2344 1551 aurea

760 1618 908 1671 bulla
932 1611 1140 1667 munita
1179 1610 1292 1660 haec
1328 1605 1503 1658 fusius
1536 1599 1899 1670 persequitur.
1946 1593 2050 1648 Sed
2085 1594 2344 1661 quoniam

762 1721 1049 1763 venatores
1094 1704 1380 1774 quiescere
1431 1712 1538 1751 non
1585 1697 1899 1765 potuerunt,
1948 1686 2042 1742 sed
2094 1686 2208 1741 ﬁsci
2247 1698 2342 1738 seu

763 1801 969 1873 publici
1034 1804 1299 1867 praetextu
1352 1791 1433 1847 eis
1477 1802 1700 1860 gravem
1756 1780 2105 1838 alllictionem
2145 1776 2345 1831 intule-

765 1872 925 1960 runt;
963 1893 1225 1963 maiestas
1273 1902 1391 1943 mea
1450 1884 1618 1938 Deum
1673 1881 1893 1951 placare
1941 1885 1996 1931 ct
2049 1872 2344 1944 prOpitium
2378 1922 2424 1983 Β

1292 1981 1299 1983 s
1731 1972 1742 1983 ,
1985 1976 1997 1983 _
2044 1967 2056 1983 ,
2267 1962 2323 1983 Α,

764 1991 977 2046 eﬁicere
1006 1962 1219 2047 volens,
1252 1981 1323 2036 ob
1360 1993 1422 2033 ea
1459 1991 1555 2048 per
1584 1989 1704 2044 quae
1730 1972 1910 2042 ipsum
1945 1976 2005 2022 ut
2044 1967 2209 2020 homo
2261 1962 2346 2018 of-

764 2082 962 2145 fendit,
991 2076 1263 2145 simulque
1294 2072 1476 2142 magni
1519 2066 1893 2138 imperatoris,
1935 2060 2140 2117 Chri‘sti
2198 2056 2349 2113 scili-

763 2186 874 2237 cet,
911 2172 1139 2233 milites,
1171 2167 1262 2239 qui
1296 2167 1459 2219 vitam
1489 2158 1852 2215 monasticam
1900 2161 2122 2226 propter
2171 2149 2349 2219 ipsum

766 2271 1075 2337 elegerunt,
1105 2272 1159 2314 et
1183 2259 1412 2329 spiritus
1438 2262 1778 2307 armaturam
1814 2248 2137 2307 induerunt,
2170 2243 2353 2296 socios

768 2362 970 2414 habere
1023 2366 1078 2409 et
1132 2363 1390 2407 strenuos
1441 2345 1762 2402 defensores
1817 2341 2080 2396 adversus
2140 2336 2349 2397 hostes,

766 2458 877 2500 tam
921 2444 1012 2514 qu‘i
1046 2441 1296 2495 videntur
1327 2452 1488 2507 quam
1522 2437 1610 2504 qui
1642 2448 1750 2487 non
1784 2431 2063 2493 videntur,
2099 2427 2245 2482 bono
2273 2424 2353 2477 illi

772 2538 1124 2593 fundamento
1170 2542 1373 2585 lectum
1443 2540 1663 2597 quoque
1726 2523 2081 2595 proportione
2155 2530 2354 2573 conve-

769 2631 930 2686 niens
994 2631 1273 2697 imponere
1341 2619 1531 2684 voluit,
1591 2628 1648 2673 et
1729 2626 2056 2687 praesentem
2130 2624 2352 2665 auream

770 2726 974 2780 bullam
1002 2721 1205 2789 optima
1238 2732 1365 2771 cum
1412 2715 1624 2768 ratione
1653 2708 1863 2774 edidit;
1918 2720 2017 2778 per
2050 2719 2213 2773 quam
2246 2714 2359 2756 sla-

772 2817 880 2870 tuit
923 2821 977 2868 et
1028 2809 1238 2871 deﬁnit,
1299 2805 1485 2860 omnia
1541 2798 1867 2861 immobilia,
1919 2809 2041 2866 quae
2093 2793 2253 2848 hodie
2287 2794 2356 2845 ab

771 2906 1111 2965 enumeratis
1164 2897 1514 2955 monasteriis
1583 2890 1975 2965 possidentur,
2044 2887 2128 2941 vel
2189 2886 2358 2940 etiam

771 2999 1231 3054 anachoretarum
1283 2988 1549 3052 aediculis,
1609 2984 1872 3046 cellulis,
1923 2981 2117 3045 lauris,
2173 2986 2247 3041 et,
2297 2984 2357 3030 ut

772 3089 1088 3147 summatim
1119 3086 1322 3147 dicam,
1358 3094 1690 3151 quocunque
1738 3074 1963 3129 nomine
2003 3079 2355 3133 censeantur,

776 3183 1174 3240 monaclmrum
1234 3174 1602 3239 habitaculis;
1649 3170 1901 3234 colonos,
1947 3164 2172 3237 praadia,
2225 3178 2356 3216 con-

2014 448 2295 512 THEOD.
2340 447 2431 506 BA
2442 444 2573 503 LSA
2586 440 2741 500 MON

1534 570 1925 644 Biachyucsio,
1970 560 2327 620 Terebintho,

2460 551 2736 623 ¹λυκερίᾳ,
2766 551 2833 618 τῇ
2862 546 3155 616 Πριγκίπῳ
3175 546 3241 613 τῇ
3270 543 3363 595 το)
3404 542 3740 607 Ἀντιγόνου,
3771 536 3854 606 τῷ
3887 537 3988 607 Bp)

3290 425 3317 447 ’
3918 422 4016 486 936

2439 646 2702 719 χυνησίῳ,
2758 643 2823 712 τῇ
2878 638 3212 710 Τερεϐίνθῳ,
3263 636 3340 704 τῷ
3414 634 3581 704 Ἀγίῳ
3670 631 4025 702 Ἀνδρέᾳ,αῇ

2452 736 2620 806 ⁴Αγίῳ
2649 733 2928 807 Τρύφωνι,
2965 748 3043 798 τῳ
3071 729 3241 797 Ἀγίῳ
3282 725 3585 795 Ἐλευθέρῳ
3633 724 3711 792 τῷ
3733 721 4023 785 Κωίμὼντς,

2444 832 2534 882 τινὶ
2562 828 2797 895 Πελαγει
2854 828 2920 895 τῇ
2955 823 3228 891 θεοτόκῳ,
3259 820 3342 888 τῷ
3376 818 3653 886 Μεσόνης,
3713 818 3784 885 τῇ
3836 812 4025 883 Ἰατρῷ

2442 928 2536 980 καὶ
2570 924 2647 995 τῷ
2689 922 2861 993 Ἀγίῳ
2913 920 3233 990 Δημητρίῳ,
3282 918 3378 969 καὶ
3413 915 3525 977 τοῖς
3549 916 3607 966 ὲν
3640 914 3767 973 ταῖς
3799 910 4026 981 πτήσεσι

2442 1024 2550 1075 τῶν
2579 1020 2797 1092 πορτῶν
2821 1019 2917 1071 καὶ
2944 1018 3072 1087 ἄχρι
3124 1014 3223 1082 τῆς
3278 1010 3544 1081 περιοχῆς
3575 1006 3678 1078 τῆς
3765 1004 3992 1073 Δθυρας
4011 1020 4022 1033 °

2444 1117 2539 1170 καὶ
2562 1114 2751 1175 ἁπλῶς
2785 1113 2901 1175 τοῖς
2955 1108 3117 1179 περὶξ
3172 1107 3272 1176 τῆς
3327 1103 3596 1176 βασιλίδος
3655 1101 3768 1153 τῶν
3819 1100 4028 1151 πόλεων

2449 1206 2813 1277 ἀσκουμένοις
2880 1203 3157 1275 μονιχοῖς,
3213 1198 3443 1269 ᾶνδρασι
3499 1212 3561 1249 τε
3631 1195 3733 1247 καὶ.
3784 1190 4024 1262 γυναιξὶ,

2449 1300 2625 1354 πολλὰ
2654 1299 2869 1360 τούτοις
2892 1292 3371 1367 φιλοτιμησαμένη
3405 1289 3615 1350 δίκαια,
3646 1287 3743 1338 καὶ
3776 1290 3841 1337 τὺ
3872 1284 4022 1335 aani-

2454 1408 2667 1445 σειστον
2697 1390 2881 1450 αὐτοῖς
2914 1385 3285 1457 δωρησαμένη
3320 1382 3415 1434 ἐπὶ
3446 1383 3513 1451 τῇ
3549 1380 3758 1447 κατοχῇ
3800 1377 3902 1428 καὶ
3950 1376 4030 1425 δε-

2453 1483 2679 1554 σποτεία
2709 1481 2817 1534 τῶν
2855 1480 3133 1549 ἀκινήτων
3160 1475 3270 1529 τῶν
3299 1474 3409 1528 ἀπό
3435 1488 3600 1525 τινων
3628 1468 4026 1538 δικα.ωματων

2449 1575 2822 1647 διαφερόντων
2850 1572 3088 1637 τούτοις,
3123 1568 3307 1631 καθὼς
3351 1569 3380 1620 ό
3414 1566 3656 1628 τοιοῦτος
3694 1564 4031 1636 χρυσὸεοδι-

2454 1670 2544 1731 λος
2605 1669 2764 1735 λόγος
2796 1665 3172 1733 ’πλατύτερον
3230 1662 3407 1715 ταῦτα
3461 1658 3741 1723 διέξεισιν,
3788 1657 3953 1709 Ἐπεὶ
3981 1656 4031 1706 6';

2450 1762 2575 1821 τοὺς
2625 1759 2962 1831 θηρολέκτας
2997 1756 3098 1809 οὐκ
3124 1750 3193 1826 ἦν
3221 1755 3473 1825 ἠρεμεῖν,
3518 1752 3656 1806 ἀλλὰ
3687 1750 3767 1818 τῷ
3803 1748 3907 1802 τοῦ
3942 1762 4032 1814 οη-

2474 1855 2661 1927 μοσίου
2693 1854 3045 1924 προσχήματι
3097 1849 3326 1919 βαρεῖαν
3374 1848 3581 1908 τούτοις
3638 1846 3849 1914 ἐπῆγον
3883 1836 4029 1894 05:5:

2457 1947 2558 2019 τὴν
2596 1948 2867 2001 κάκωσις
2907 1946 2941 2013 ή
2974 1942 3231 2013 βασιλεία
3285 1957 3391 2009 μου
3449 1938 3570 2009 ἅμα
3601 1937 3703 2006 μὲν
3758 1936 3819 1988 ἰδ
3879 1934 4035 1986 Gai-3v

2462 2040 2815 2110 ἐξευμενὶσαι
2850 2038 2946 2089 καὶ
2988 2033 3410 2100 ὲξιλεῶσασθαι,
3464 2031 3552 2099 ἐφ’
3584 2027 3664 2095 οἷς
3695 2031 3771 2093 ὡς
3819 2029 4037 2096 ἄνθρω-

2459 2152 2558 2198 πος
2594 2133 2779 2187 τοῦτον
2814 2134 3285 2203 προσκέκρουκεν,
3336 2128 3455 2197 ἃμα
3480 2126 3538 2180 δὲ
3564 2124 3873 2196 βουλομένη
3941 2126 4033 2174 καὶ

2453 2231 2582 2291 τοὺς
2615 2225 2959 2299 στρατιώτας
3007 2225 3101 2277 τοῦ
3157 2222 3398 2294 μεγάλου
3451 2220 3737 2292 βασιλέως,
3791 2216 4039 2289 Χριστοῦ

2455 2321 2723 2392 δηλονότι,
2772 2321 2896 2382 τοὺς
2934 2317 3002 2370 δι’
3055 2316 3219 2370 αὐτὸν
3272 2316 3364 2369 τὸν
3404 2316 3621 2385 μονήρη
3650 2313 3764 2384 βίον
3807 2311 4042 2382 προελο-

2464 2415 2686 2485 μένους,
2712 2412 2809 2466 καὶ
2840 2410 2939 2483 τὴν
2974 2408 3283 2464 πανοπλίαν
3314 2408 3713 2476 ὲνδυσαμένους
3746 2404 3843 2457 τοῦ
3864 2404 4037 2455 Πιθεὺς

2462 2523 2661 2577 ματος,
2705 2505 3035 2576 συμμάχους
3060 2502 3209 2573 ἔχειν
3238 2503 3332 2555 καὶ
3362 2498 3742 2561 συνασπιστὰς
3772 2499 4037 2568 ἰσχυροὺς

2458 2602 2603 2656 κατὰ
2632 2600 2746 2653 τῶν
2771 2598 3066 2669 ὁρωμένων
3088 2597 3184 2651 καὶ
3211 2596 3461 2666 ἀοράτων
3490 2593 3701 2664 ἐχθρῶν
3730 2590 3806 2662 τῷ
3844 2592 4045 2659 ἁγαθῴ

2458 2692 2654 2763 ἐκείνῳ
2686 2691 2943 2762 θεμελίῳ,
2980 2690 3075 2744 καὶ
3103 2690 3302 2762 ὄροφον
3324 2688 3593 2741 ἐπιθεῖναι
3624 2686 3895 2753 ἀνάλογον
3922 2685 4050 2755 ᾔρε-

2457 2785 2671 2849 τίσατο,
2704 2784 2802 2837 καὶ
2836 2784 2929 2837 τὸν
2957 2783 3200 2853 παρόντα
3244 2780 3644 2851 χρυσόσουλλον
3697 2779 4047 2832 ἀπολέλυκεν

2464 2876 2728 2943 εὐλόγως,
2759 2874 2826 2928 δι’
2857 2872 2919 2928 οὗ
2950 2874 3198 2939 θεσπίζει
3248 2874 3345 2927 καὶ
3391 2872 3692 2941 διορίζεται
3748 2871 3941 2924 πάντα
3984 2874 4051 2920 τὰ

2461 2971 2707 3040 σήμερον
2749 2971 3025 3038 νεμόμενα
3055 2967 3289 3036 ἀκίνητα
3317 2965 3469 3035 παρὰ
3495 2964 3604 3017 τῶν
3629 2964 3837 3017 ἄνωθεν
3895 2965 4053 3032 ἀριθ-

2462 3063 2748 3135 μηθέντων
2781 3060 3190 3130 μοναστηρίων,
3228 3058 3261 3129 ή
3306 3061 3402 3111 καὶ
3448 3057 3907 3128 ήσυχαστηρίων,
3959 3060 4049 3108 καὶ

2458 3153 2891 3226 ἁναχωρητικῶν
2913 3153 3139 3205 κελλίιιπν
3167 3146 3262 3205 καὶ
3286 3149 3530 3222 λαυρῶν,
3559 3151 3656 3203 καὶ
3687 3149 3885 3212 ἁπλῶς
3920 3167 4054 3201 κατ-

774 3289 992 3340 ventus,
1034 3275 1264 3335 tributa,
1305 3268 1613 3337 vectigalia,
1651 3272 1867 3333 portus,
1925 3260 2171 3319 ﬁumina,
2229 3256 2355 3325 jura

2463 3248 2808 3319 οικητηρίων
2884 3246 3225 3317 μοναχικῶν,
3275 3246 3378 3298 κάν
3430 3237 3475 3313 ᾧ
3523 3243 3590 3297 ἂν
3643 3244 3903 3297 καλοῖντο
3935 3244 4053 3296 ὀνό-

781 3369 1080 3429 maritima,
1116 3375 1189 3424 et,
1225 3373 1281 3415 ut
1319 3360 1485 3414 semel
1515 3359 1722 3419 dicam,
1762 3352 2131 3423 quodcunque
2172 3348 2264 3419 jus
2305 3348 2361 3402 in

780 3462 1132 3533 possessione
1178 3454 1446 3509 immobili
1482 3451 1887 3511 consideratur,
1926 3453 1980 3501 et
2021 3446 2075 3499 in
2113 3458 2363 3514 quocun-

777 3573 884 3627 que
915 3554 1036 3607 loco
1082 3552 1245 3605 situm
1301 3549 1391 3611 sit,
1451 3544 1745 3622 abiisque
1803 3555 1949 3595 nunc
2001 3548 2362 3606 occupatum;

780 3649 991 3703 srilicet
1013 3660 1078 3699 eo
1114 3640 1257 3712 quod
1287 3640 1385 3701 illi,
1424 3638 1517 3707 qui
1549 3633 1780 3705 singulis
1810 3630 2106 3702 provinciis
2134 3642 2362 3681 censum

780 3742 1036 3812 agebant,
1073 3735 1349 3796 notitiam,
1381 3741 1563 3800 partes
1594 3730 1647 3782 in
1687 3728 1771 3783 his
1812 3727 1945 3781 ﬁsco
1997 3724 2210 3779 debitas
2240 3739 2368 3776 ven-

782 3838 1080 3895 dicautem,
1142 3830 1249 3885 illis
1278 3825 1525 3880 nondum
1580 3822 1874 3886 dederunt,
1933 3819 2137 3875 habere
2185 3818 2366 3872 dictas

785 3926 1098 3983 mansiones
1153 3931 1417 3992 perpetuo
1465 3917 1731 3979 dominio,
1785 3920 1844 3978 ut
1888 3911 2112 3965 domum
2165 3920 2219 3964 et
2256 3924 2370 3962 ma-

783 4021 1002 4090 jestulis
1030 4032 1162 4070 mea
1201 4012 1693 4083 magnificentiam,
1729 4014 1783 4060 et
1830 4006 1911 4059 eis
1943 4003 2201 4072 deinceps
2230 4017 2372 4055 sem-

789 4126 882 4178 per
915 4110 967 4160 in
1003 4112 1285 4174 posterum
1339 4097 1633 4161 dominari,
1684 4096 1901 4150 etiamsi
1958 4095 2226 4164 probabili
2286 4093 2370 4147 vel

789 4216 896 4255 non
932 4194 1200 4267 probabili
1265 4194 1333 4245 de
1389 4206 1554 4243 causa
1611 4189 1790 4257 aliqua
1836 4201 2025 4240 eorum
2077 4186 2159 4238 vel
2206 4185 2369 4238 etiam

791 4297 1028 4346 fortasse
1062 4288 1244 4343 omnia
1298 4286 1586 4352 hucusque
1632 4281 2013 4342 detinuerunt,
2069 4279 2154 4333 vel
2206 4280 2369 4332 etiam

790 4391 911 4439 sine
941 4383 1053 4437 ullo
1080 4380 1256 4442 titulo,
1295 4380 1373 4430 vel
1419 4393 1485 4431 ex
1515 4377 1674 4429 titulo
1697 4375 1919 4445 quidem
1973 4373 2067 4445 qui
2114 4373 2253 4427 male
2313 4388 2372 4425 se

793 4480 995 4541 habet,
1058 4475 1143 4530 vel
1198 4474 1430 4527 fortasse
1490 4468 1635 4524 falso
1688 4467 1963 4522 conﬁctos
2027 4473 2131 4521 est.
2180 4463 2372 4519 Omnia

790 4571 961 4631 enim,
992 4582 1112 4637 quae
1138 4565 1207 4619 ab
1235 4565 1367 4632 ipsis
1420 4566 1474 4615 iu
1533 4575 1860 4631 quacunque
1914 4557 2198 4629 provincia
2251 4571 2375 4626 pos-

2468 3361 2619 3413 ματι,
2651 3342 2782 3403 τούς
2814 3359 2873 3394 τε
2909 3339 3235 3411 παροίκους,
3264 3339 3336 3392 τὰ
3363 3337 3691 3409 αὐτούργια,
3737 3336 3837 3399 vi;
3872 3355 4051 3406 πανη.

2465 3437 2678 3505 γύρεις,
2701 3436 2829 3497 τοὺς
2863 3433 3086 3503 φόρους,
3117 3434 3245 3496 τοὺς
3278 3432 3502 3501 πόρους,
3536 3426 3636 3494 τᾶς
3666 3431 3894 3501 λίμνας,
3925 3434 4050 3494 τοὺς

2467 3533 2770 3600 ποταμοὺς,
2802 3530 2870 3581 τὰ
2919 3528 3191 3581 θαλάσσια
3236 3527 3445 3592 δίκαια,
3471 3528 3566 3579 καὶ
3597 3525 3885 3595 καθολικῷ
3910 3528 4052 3595 λόῃρ

2468 3624 2855 3693 οίονδηποτοῦν
2886 3622 3098 3675 δίκαιον
3129 3623 3186 3673 ὲν
3212 3621 3492 3689 ἀκινήτοις
3523 3619 3771 3689 κτήμασι
3804 3619 4049 3690 θεωρού-

2477 3735 2662 3790 μενον,
2706 3717 2802 3770 καὶ
2833 3715 3106 3786 οίῳδήτινι
3135 3714 3288 3783 τόπῳ
3310 3712 3658 3780 διακείμενον
3698 3714 3836 3780 παρ’
3874 3712 4054 3764 αὐτῶν

2471 3811 2834 3881 κατεχόμενον
2857 3808 2971 3875 νῦν,
3000 3808 3086 3877 ἐφ’
3114 3799 3159 3875 ᾧ
3182 3798 3425 3875 δηλονότι
3458 3809 3620 3877 μέχρι
3654 3805 3750 3858 τοῦ
3779 3806 3877 3859 νῦν
3902 3806 4054 3871 ἐδόθη

2470 3903 2684 3967 τούτοις
2715 3903 3004 3970 διάγνωσις
3040 3902 3191 3971 παρὰ
3220 3901 3330 3953 τῶν
3384 3900 3527 3954 κατὰ
3560 3901 3749 3971 χώραν
3808 3904 4059 3970 ἀναγραο

2472 3997 2639 4066 φέων,
2678 3996 2739 4048 τὸ
2786 3994 2882 4047 τοῦ
2936 3995 3195 4064 δημοσίου
3234 3995 3401 4065 μέρος
3458 3994 3551 4048 ἐπὶ
3604 3994 3785 4064 τούτῳ
3839 3995 4059 4065 προσδι-

2473 4088 2729 4153 καιοῦσα,
2763 4086 2909 4157 ἔχειν
2940 4088 3036 4150 τὰς
3073 4086 3338 4157 ῥηθείσας
3393 4086 3563 4155 μονὰς
3617 4086 3765 4139 κατὰ
3827 4087 4053 4157 διηνεκῆ

2472 4179 2796 4232 δεσποτείαν
2826 4176 2901 4239 ὼς
2929 4177 3104 4247 δῶρον
3134 4176 3229 4229 καὶ
3261 4176 3604 4246 φιλοτίμημα
3635 4178 3734 4244 τῆς
3770 4175 4058 4249 βασιλείας

2476 4290 2607 4344 μου,
2644 4271 2741 4327 καὶ
2769 4268 3061 4335 δεσπόζειν
3091 4271 3275 4324 αὐτῶν
3325 4273 3407 4332 εις
3457 4272 3588 4333 τοὺς
3623 4269 3752 4339 ἑξῆς
3808 4272 4057 4333 ἅπαντας

2481 4368 2582 4421 καὶ
2616 4368 2887 4435 διηνεκεῖς
2913 4366 3162 4437 χρόνους,
3196 4364 3301 4420 κᾶν
3334 4365 3572 4432 εὐλόγως
3594 4368 3697 4419 κᾶν
3729 4369 4063 4439 παραλόγως

2475 4460 2681 4515 τούτων
2709 4460 2831 4513 τινὰ
2852 4460 2885 4529 ἢ
2904 4462 2973 4514 τὰ
2993 4460 3089 4514 ὅλα
3116 4461 3244 4524 ἴσως
3270 4459 3374 4523 ἕως
3406 4460 3498 4512 τοῦ
3525 4460 3621 4513 νῦν
3650 4467 3937 4533 κατεῖχον,
3969 4466 4061 4517 κᾶν

2478 4555 2605 4625 δίχα
2642 4555 2785 4617 τινὸς
2836 4554 3230 4625 δικαιώματος,
3286 4553 3462 4624 nam
3512 4556 3918 4625 δικαιωμάτων
3948 4562 4058 4627 μὲν,

793 4661 1045 4715 sidentur
1095 4659 1149 4711 in
1206 4655 1503 4710 Occidente
1550 4663 1605 4708 et
1658 4653 1715 4706 in
1754 4652 2000 4716 Oriente,
2056 4652 2171 4705 sive
2211 4650 2359 4705 exiis

2480 4650 2667 4712 κακῶς
2709 4648 2768 4701 δὲ
2801 4649 3057 4718 ὲχὼτων,
3113 4647 3146 4716 ἢ
3179 4647 3393 4717 ψευδῶς
3426 4650 3825 4705 συντεθέντων.
3879 4655 4058 4708 nam

796 4753 1035 4822 hospitio
1074 4747 1429 4818 imperatoris
1458 4744 1706 4814 quotidie
1737 4744 1969 4814 praeberi
2022 4743 2222 4806 solitis,
2258 4743 2374 4796 sive

797 4850 909 4903 sint
936 4844 1100 4916 306
1131 4858 1198 4897 ex
1231 4839 1579 4911 fragmentis,
1605 4838 1721 4893 sive
1767 4852 1834 4892 ex
1882 4835 2378 4892 commiserationi-

799 4943 924 5003 bus,
960 4940 1074 4993 sive
1112 4938 1230 4989 loco
1265 4935 1449 4996 motis,
1480 4932 1564 4985 vel
1616 4930 1864 4995 caducis,
1915 4930 2005 4983 vel
2058 4944 2124 4983 ex
2177 4928 2377 4983 vilibus

800 5047 922 5102 qua:
955 5030 1270 5099 peuduutur
1320 5028 1532 5089 diariis,
1584 5023 1669 5078 vel
1716 5037 1784 5077 ex
1831 5022 2033 5076 vilibus
2073 5022 2379 5075 calamitate

802 5125 1036 5189 vexatis,
1075 5122 1157 5176 vel
1189 5123 1257 5176 iis
1292 5132 1415 5188 Quae
1446 5135 1474 5171 a
1503 5116 1815 5188 potentibus
1854 5115 2072 5170 vendita
2118 5122 2265 5180 sunt,
2298 5115 2380 5170 vel

803 5228 1018 5280 contra,
1057 5215 1138 5267 vel
1171 5214 1514 5267 correctione
1538 5208 1952 5264 malefactarum
1983 5206 2378 5271 venditionuxn,

805 5314 907 5366 etsi
937 5314 991 5363 in
1032 5308 1156 5362 aliis
1186 5308 1319 5360 locis
1352 5305 1505 5373 jussa
1544 5304 1687 5363 dari,
1729 5302 1785 5354 in
1814 5302 1939 5355 aliis
1984 5300 2184 5354 tradita
2212 5310 2377 5365 sunt;

806 5403 892 5457 vel
942 5403 1162 5461 donata,
1220 5412 1325 5450 non
1380 5395 1575 5448 tradita
1635 5402 1802 5455 sunt;
1855 5393 1937 5445 vel
1995 5391 2211 5453 tradita,
2275 5406 2381 5444 non

807 5497 1006 5545 donata
1038 5497 1201 5552 sunt;
1236 5487 1319 5541 vel
1343 5486 1541 5555 quovis
1569 5483 1675 5537 alio
1716 5481 1878 5536 modo
1941 5482 2082 5535 male
2134 5483 2201 5536 ab
2250 5483 2383 5550 ipsis

807 5584 1142 5642 detinentur,
1170 5578 1530 5637 inconcusse,
1572 5584 1627 5625 et
1656 5571 1806 5625 nullo
1853 5570 2072 5641 negotio
2100 5570 2177 5624 eis
2228 5571 2381 5623 exhi-

811 5676 947 5738 bito,
992 5670 1209 5724 adictis
1248 5670 1504 5722 oumibus
1549 5664 1897 5719 monasteriis
1944 5664 2057 5715 vult
2098 5679 2219 5717 mea
2268 5680 2381 5717 ma-

811 5769 985 5835 jcstas
1016 5768 1069 5818 iu
1122 5773 1388 5818 aeternum
1443 5761 1732 5832 possideri,
1778 5769 1837 5813 ut
1896 5758 2203 5828 majestatis
2252 5774 2384 5814 mea:

814 5860 1021 5915 donum
1063 5871 1095 5910 a
1136 5856 1465 5911 liberalitate
1512 5864 1565 5906 et
1609 5853 1980 5907 muniﬁcentia
2036 5867 2155 5905 mea
2203 5852 2384 5921 profe-

816 5965 989 6008 ctum.
1024 5948 1160 6005 Cum
1184 5950 1331 6005 enim
1369 5946 1507 6015 sola,
1541 5962 1662 6017 qua:
1694 5948 1835 6017 apud
1870 5947 2019 6017 ipsos
2068 5961 2219 6001 nunc
2256 5946 2382 6002 inve

2482 4744 2592 4813 γὰρ
2624 4743 2693 4796 τὰ
2724 4742 2857 4813 παρ’
2881 4742 3063 4794 αὐτων
3111 4742 3464 4812 κατεχόμενα
3518 4743 3577 4794 ὲν
3620 4745 3723 4815 οἴῳ
3738 4745 3812 4816 δή
3850 4765 3960 4801 τινι
3985 4749 4062 4802 θέ-

2480 4854 2613 4908 ματι
2645 4836 2787 4890 κατά
2815 4852 2875 4889 τε
2896 4834 3053 4891 δύσιν
3083 4842 3177 4888 καὶ
3209 4835 3495 4907 ἀνατολὴν,
3529 4837 3630 4890 κᾶν
3654 4839 3714 4905 ἐξ
3739 4841 3936 4895 αὐτῶν
3962 4844 4059 4894 τῶν

2479 4929 2558 4991 εἰς
2605 4927 2931 4998 ἐνδιαίτημα
2977 4927 3087 4981 τῶν
3138 4927 3278 4980 κατὰ
3337 4927 3438 4999 τὴν
3490 4929 3708 5001 ἡμέραν
3767 4932 4057 5001 βασιλέων,

2479 5019 2583 5073 κᾶν
2611 5020 2721 5075 ἀπὸ
2766 5020 3100 5090 κλασμάτων
3148 5013 3273 5085 ὦσι,
3323 5020 3427 5074 κᾶν
3470 5022 3579 5075 ἀπὸ
3610 5026 4055 5093 συμπαθειῶν,ἧ

2480 5082 2995 5184 ἀποκεκινημένῶν,
3053 5114 3085 5185 ἢ
3145 5082 3493 5180 ὀλοπτώτων,
3528 5116 3563 5187 ἦ
3607 5082 3722 5172 ἀπὸ
3783 5082 4057 5175 ταπεινῶν

2482 5205 2825 5276 τελουμένων
2856 5205 3104 5276 διαρίων,
3139 5206 3173 5277 ἢ
3207 5206 3319 5259 ἀπὸ
3347 5208 3625 5260 ταπεινῶν
3659 5209 4049 5280 κλαματισθένιτ

2484 5312 2617 5359 των,
2656 5296 2814 5367 ἢκαὶ
2836 5295 3089 5359 δυνατοῖς
3142 5296 3578 5366 διαπραθέντων,
3627 5300 3661 5369 ἢ
3720 5304 4057 5367 τούναντῐον,

2483 5390 2517 5461 ἢ
2572 5388 2867 5459 ὲξορθώσει
2904 5390 3090 5452 κακῶς
3162 5392 3463 5458 γεγονυιῶν
3520 5391 3910 5465 διαπράσεων,
3967 5402 4059 5454 xiv

2485 5487 2543 5537 ὲν
2581 5484 2766 5548 ἄλλοις
2805 5484 2993 5547 τόποις
3037 5484 3365 5555 όρισθέντων
3412 5486 3752 5556 δωρηθῆναι,
3793 5494 3858 5546 ὲν
3892 5494 4060 5559 ἄλλοις

2486 5578 2883 5647 παρεδόθησαν,
2909 5578 2943 5649 ἦ
2973 5579 3286 5647 δωρηθέντα
3309 5580 3372 5631 οὐ
3392 5580 3803 5651 παρεδόθησαν,
3834 5586 3868 5655 ῆ
3896 5606 4057 5656 παρα-

2486 5666 2710 5721 δοθέντα
2738 5668 2838 5719 οὑκ
2872 5667 3258 5740 ὲδωρήθησαν,
3290 5668 3322 5739 ἢ
3359 5669 3483 5721 καθ’
3532 5671 3726 5742 ἔτερόν
3752 5692 3884 5730 τινα
3917 5679 4061 5744 λόγον

2488 5761 2677 5824 κακῶς
2728 5763 2860 5833 παρ’
2915 5762 3095 5815 αὐτῶν
3152 5761 3502 5831 κατέχονται,
3557 5758 3933 5835 ὰδιασειστῳς
3978 5776 4059 5824 καὶ

2490 5831 3072 5923 ἀπολυπραγμονήτως
3098 5855 3429 5926 κατέχεσθαι
3465 5859 3618 5924 παρὰ
3652 5859 3766 5911 τῶν
3804 5831 4061 5931 ρηἰιὲιπε

2495 5948 2682 6002 πασῶν
2712 5947 2889 6018 μονῶν
2915 5950 2949 6017 ή
2979 5947 3232 6017 βασιλεία
3264 5965 3366 6017 μου
3394 5949 3646 6020 βούλεται
3672 5954 3759 6016 εἰς
3784 5957 3880 6009 τὸν
3903 5960 4059 6011 αἰανο
