4218 6458
196 450 304 516 937

1183 446 1262 506 IN
1303 445 1468 505 CAN.
1501 441 1616 500 XII
1665 437 1874 496 CONC.
1920 435 2026 494 VII
2069 433 2423 494 (ECUMEN.

3342 425 3450 490 938

205 567 303 619 τὸν
339 565 576 631 ἅπαντα,
613 566 689 629 ὡς
720 563 890 636 δῶρον
923 564 1021 634 τῆς
1055 563 1335 633 βασιλείας
1365 579 1489 630 μου,
1528 559 1622 610 καὶ
1671 573 1780 608 κα-

1891 552 2061 612 nitur,
2108 549 2464 602 immobiliam
2493 546 2729 600 detentio
2777 561 2874 616 pro
2926 545 3073 599 omni
3109 543 3268 598 titulo
3293 547 3453 600 debet

211 660 380 729 Θαρδν
433 659 796 726 φιλοτίμημα.
833 658 1033 726 ’Μόνης
1099 656 1208 725 γὰρ
1259 654 1355 722 τῆς
1413 651 1543 721 παρ’
1595 651 1778 708 αὐτοῖς

201 754 602 824 εὑρισκομένης
633 752 726 802 νῦν
756 751 993 819 κατοχῆς
1019 750 1126 800 τῶν
1151 747 1419 815 ἀκινῆτων
1453 743 1780 812 ὀφειλούσης

201 847 398 916 ἀρκεῖν
432 846 614 906 αὐτοῖς
663 845 782 896 ἀντὶ
842 843 1039 903 παντὸς
1095 839 1482 908 δικαιώματος,
1534 835 1784 904 περιττόν

199 938 317 989 ὲστι
374 937 434 988 τὸ
499 936 980 1006 πολυπραγμονεῖν
1015 934 1140 1000 περὶ
1203 931 1431 998 ἑτέροις.
1495 928 1614 979 Ἐπὶ
1653 927 1786 976 πᾶσι

201 1029 310 1099 γὰρ
342 1023 421 1090 οἷς
450 1030 737 1097 κατέχουσι
788 1027 1058 1096 σήμερον,
1088 1026 1214 1078 ἄνευ
1245 1025 1422 1091 μέντοι
1455 1021 1561 1072 τῶν
1596 1022 1680 1086 ἐφ’
1709 1013 1787 1079 οἷς

201 1121 466 1186 ἐδόθησαν
496 1121 678 1181 αὐτοῖς
710 1119 1030 1186 διαγνώσεις
1063 1115 1215 1184 παρὰ
1270 1113 1378 1167 τῶν
1431 1113 1572 1164 κατὰ
1603 1111 1786 1179 χώραν

203 1213 570 1279 ἁναγραξέων
619 1211 710 1261 τὸν
757 1209 1016 1278 δημόσιον
1051 1205 1395 1275 εδικαιοῦσαι,
1444 1205 1516 1265 ώς
1551 1207 1783 1271 εἴρηται,

202 1305 408 1368 ὀφείλει
443 1305 631 1371 ἀρκεῖν
664 1304 695 1368 ἡ
728 1302 978 1372 παροῦσα
1029 1299 1420 1369 χρυσόδουλλος
1468 1298 1651 1366 γραφὴ
1689 1294 1784 1360 τῆς

209 1395 493 1463 βασιλείας
531 1413 652 1463 μου,
689 1399 781 1447 καὶ
816 1397 935 1447 ἀντὶ
966 1397 1197 1466 δωρεᾶς,
1236 1394 1328 1445 καὶ
1359 1393 1478 1444 ἀντὶ
1509 1389 1782 1458 πράσεω’,

205 1489 302 1538 καὶ
334 1487 453 1537 αντὶ
481 1487 668 1556 ἑτέρου
708 1489 910 1549 παντὸς
936 1488 1324 1554 δικαιώματος,
1355 1485 1458 1536 κᾶν
1481 1481 1788 1549 οἱονδηττοτ⁴

202 1579 298 1630 οὖν
329 1581 584 1648 σεκρέτον
607 1578 692 1631 ἐπ’
713 1581 860 1650 αὺτῷ
882 1581 1162 1634 δικαιοῖτο.
1190 1579 1318 1631 Οὐδὲ
1350 1575 1790 1643 ἀναγκασθήσον-

205 1688 296 1723 ται
320 1672 373 1723 αἱ
407 1673 565 1740 μοναὶ
599 1671 682 1740 ἐφ’
716 1667 792 1735 οἷς
819 1674 1107 1741 κατέχουσι
1129 1672 1404 1740 ἀκινήτοις
1433 1667 1789 1736 προκομίζειν

205 1765 370 1826 ἕτερα
401 1765 710 1832 παλαιγενῆ
739 1764 1012 1831 προσόντα
1041 1765 1229 1825 αὑταῖς
1258 1762 1626 1829 δικαιώματα·
1655 1759 1791 1812 ἀλλα

206 1859 274 1925 τῇ
315 1858 568 1928 παρούσῃ
603 1857 986 1927 χρυσοεῖούλλῳ
1017 1859 1203 1924 γραφῇ
1241 1856 1340 1924 τῆς
1372 1854 1650 1924 βασιλείας
1679 1871 1782 1921 μου

1884 642 1965 696 eis
2001 642 2272 702 sullicere,
2303 650 2386 693 est
2417 655 2882 709 supervacaneum
2924 641 2991 692 de
3021 639 3148 692 ullis
3198 637 3320 690 aliis
3357 654 3455 690 cu-

1887 737 2030 790 riose
2064 737 2367 804 inquirere.
2403 733 2457 786 In
2490 734 2747 787 omnibus
2782 734 2926 786 cnim
2961 750 3082 800 quae
3118 733 3284 786 hodie
3332 745 3458 800 pos-

1888 829 2087 890 sident,
2152 838 2510 897 praeterquam
2577 828 2629 880 in
2696 827 2762 880 iis
2823 829 2873 878 in
2927 827 3128 894 quibus
3179 842 3206 878 a
3257 825 3459 898 publici

1889 940 2091 978 rensus
2129 923 2180 974 in
2217 938 2276 975 ea
2312 925 2527 991 regione
2567 920 3000 989 descriptoribus
3048 921 3251 974 notitia:
3296 921 3459 999 datae,

1887 1035 2006 1089 qua:
2033 1020 2124 1086 jus
2152 1021 2264 1072 lisci
2304 1035 2397 1072 seu
2435 1016 2660 1087 publici,
2690 1028 2748 1070 ut
2777 1018 2983 1070 dictum
3036 1026 3142 1076 est,
3205 1017 3458 1084 probant,

1889 1115 2050 1166 debet
2104 1128 2343 1181 przesens
2394 1111 2696 1177 majestatis
2768 1125 2898 1163 meze
2963 1109 3224 1177 scriptum
3281 1112 3459 1162 Aurea

1891 1205 2040 1258 Bulla
2080 1204 2350 1256 munitum
2389 1203 2637 1257 sullicere
2673 1219 2686 1254 :
2716 1211 2768 1254 et
2797 1219 2894 1270 pro
2933 1201 3228 1255 donatione
3263 1211 3315 1254 et
3351 1218 3460 1254 em-

1894 1300 2075 1364 ptione
2124 1304 2178 1348 et
2235 1295 2428 1362 qumis
2480 1294 2586 1346 alio
2639 1293 2798 1345 titulo
2853 1293 2985 1344 satis
3041 1308 3183 1356 esse,
3248 1291 3460 1344 etiamsi

1890 1394 2259 1462 quodcunque
2292 1391 2436 1444 aliud
2492 1399 2764 1443 secretum
2817 1387 2870 1439 in
2924 1387 3003 1440 eis
3037 1388 3317 1453 probetur.
3357 1383 3462 1438 Nec

1891 1495 2155 1556 eugentur
2207 1483 2562 1541 monasteria,
2619 1483 2688 1534 ob
2716 1496 2776 1534 ea
2833 1495 2955 1547 qua:
3007 1493 3147 1531 nunc
3183 1479 3463 1546 possident

1894 1581 2220 1643 immobilia,
2256 1578 2477 1646 antiqua
2522 1575 2624 1627 alia
2653 1592 2771 1643 (pne
2808 1575 2890 1628 eis
2937 1573 3136 1626 adsunt
3161 1574 3280 1639 jura
3340 1587 3463 1641 pro-

1894 1674 2032 1726 ferre
2082 1693 2094 1727 :
2140 1672 2233 1726 sed
2299 1671 2398 1724 hac
2429 1670 2684 1740 praesenti
2742 1668 3061 1735 niajestatis.
3102 1681 3233 1718 mea:
3285 1667 3462 1718 Aurea

1895 1766 2042 1818 llnlla
2107 1779 2207 1834 pro
2264 1763 2408 1815 onmi
2448 1764 2572 1830 jure
2633 1761 2868 1822 utentia,
2929 1774 2989 1813 ea
3040 1770 3298 1811 contenta
3343 1773 3466 1811 esse

1892 1856 2114 1919 debent,
2175 1861 2233 1907 ut
2278 1870 2396 1922 quae
2435 1855 2534 1916 eis,
2571 1863 2626 1906 ut
2679 1853 2830 1923 prius
2871 1854 3130 1919 scriptum
3181 1861 3284 1914 est,
3321 1849 3464 1904 διιΠί-

207 1952 332 2001 ἁντὶ
371 1952 575 2013 παντὸς
614 1950 987 2019 δικαιώματος
1023 1949 1303 2018 χρώμεναι
1353 1947 1783 2017 ἀρκεσῡήσονται

1887 1960 2012 1997 cere
2039 1943 2241 1998 debeat
2269 1987 2282 2008 ,
2322 1955 2373 1997 et
2405 1959 2500 2010 pro
2530 1944 2823 1996 donatione
2845 1953 2900 1997 et
2942 1958 3039 2012 pro
3069 1941 3383 2005 traditione,
3412 1955 3466 1994 et

203 2044 382 2113 ταύτῃ
410 2045 505 2094 καὶ
563 2045 699 2115 μόνῃ
724 2043 1017 2112 ὀφειλούσῃ
1052 2043 1243 2111 ἀρκεῖν
1276 2041 1480 2102 αὐτοῖς,
1522 2040 1595 2100 ώς
1625 2055 1786 2108 προε-

203 2137 418 2202 γράφη,
446 2137 537 2187 καὶ
566 2139 688 2190 ἀντὶ
715 2137 948 2204 δωρεᾶς,
1002 2135 1094 2186 καὶ
1122 2135 1242 2185 ἀντὶ
1270 2132 1645 2202 παραδόσεως,
1694 2132 1783 2182 καὶ

205 2230 328 2280 ἀντὶ
361 2230 562 2290 παντὸς
589 2230 781 2300 ἐτέρου
815 2227 1208 2297 δικαιώματος.
1247 2227 1306 2278 Εἰ
1337 2227 1379 2277 δ’
1422 2227 1550 2287 ἴσως
1589 2223 1783 2293 καιροῦ

210 2321 504 2383 καλοῦντος
541 2321 758 2392 Θελήσει
805 2321 1188 2390 οἱονδηποτοῦν
1245 2319 1618 2388 μοναστήριον
1649 2317 1783 2384 χρή-

208 2413 408 2464 σασοαι
441 2417 534 2465 καὶ
562 2415 671 2474 τοῖς
701 2414 994 2481 προσοῦσιν
1049 2411 1197 2482 αὐτῷ
1229 2412 1596 2476 δικαιώμασιν
1643 2410 1786 2480 ὑπὲρ

208 2506 406 2557 ἑαυτοῦ
439 2507 608 2558 ταῦτα
666 2504 1020 2576 προκομίζον,
1090 2505 1219 2575 παρ’
1269 2504 1590 2568 οίουδίιτινος
1651 2503 1788 2573 πρὸς

209 2599 370 2650 τοῦτο
403 2599 462 2649 οὐ
509 2599 912 2664 κωλυθήσεται.
960 2599 1411 2664 Ἀναγκαστικῶς
1471 2599 1573 2666 γὰρ
1626 2597 1784 2647 τοῦτο

207 2694 270 2744 οὐ
305 2694 561 2758 ποιήσει·
599 2693 647 2743 εἰ
697 2692 752 2743 δὲ
799 2694 985 2760 οἰκείῳ
1039 2692 1303 2760 Οελῄματι
1336 2691 1466 2743 αὐτὸ
1500 2692 1792 2760 αἱρεθήσε-

207 2804 322 2845 ται,
350 2786 521 2848 οὐδές
550 2787 575 2837 ὁ
598 2785 900 2854 ἐμποδίζων
927 2786 1154 2836 ὲσεῖται.
1185 2785 1257 2836 Οὐ
1303 2785 1462 2853 μόνον
1489 2784 1544 2836 δὲ
1595 2786 1687 2834 ἐπὶ
1722 2786 1785 2852 τῇ

210 2877 495 2930 δικαιώ;ει
525 2880 620 2945 τῆς
665 2877 765 2945 γῆς
798 2877 1152 2946 συμϐαλεῖται
1188 2879 1296 2938 τοῖς
1342 2877 1726 2944 μοναστηρίοις
1757 2879 1789 2945 ἡ

216 2967 475 3034 παροῦσα
501 2966 896 3038 χρυσόῦουλλος
921 2967 1126 3037 γραφὴ,
1153 2967 1287 3018 ἀλλὰ
1306 2966 1505 3018 καὶέπὶ
1526 2969 1633 3025 τοῖς
1656 2982 1794 3036 παρ-

206 3061 377 3120 οίκοις
412 3061 519 3121 τοῖς
555 3058 648 3110 νῦν
712 3058 844 3128 παρ’
881 3059 1057 3111 αὐτῶν
1103 3059 1521 3127 κατεχομένοις,
1563 3062 1791 3121 καὶτοῖς

208 3150 579 3217 αὑτουργίοις,
606 3148 814 3220 φόροις,
846 3149 1209 3219 πανηγύρεσι,
1238 3147 1531 3212 διαϐατοῖς,
1556 3149 1790 3215 λίμναις,

1887 2040 2080 2105 quovis
2145 2038 2252 2090 alio
2314 2037 2458 2105 jure.
2529 2038 2623 2090 Sin
2672 2045 2855 2089 autem
2912 2038 3176 2089 invitante
3229 2036 3466 2088 fortasse
3521 2080 3523 2082 .

1887 2139 2133 2196 tempore
2186 2129 2422 2182 voluerit
2478 2129 2654 2181 ullum
2717 2127 3110 2180 monasterium
3167 2127 3235 2180 iis
3298 2128 3463 2179 etiam

1887 2238 2008 2291 qua?
2047 2225 2211 2277 habet
2249 2222 2469 2291 jnribus
2497 2233 2548 2276 et
2570 2222 2747 2276 titulis
2774 2221 2876 2284 uti,
2900 2235 2961 2274 ea
2995 2237 3091 2291 pro
3115 2237 3172 2274 se
3204 2219 3460 2286 all‘erens,

1890 2332 1918 2367 a
1951 2319 2099 2368 ΙιιιΙΙιι
2143 2316 2363 2385 penitus
2393 2315 2792 2386 prohibebitur.
2827 2312 2936 2367 Hoc
2972 2314 3118 2366 enim
3155 2329 3263 2366 non
3303 2313 3468 2367 faciet

1890 2409 2202 2462 necessario
2251 2427 2262 2461 :
2312 2410 2395 2460 sin
2449 2415 2630 2460 autem
2694 2406 2929 2476 propria
2979 2406 3260 2459 voluntate
3333 2407 3466 2459 illud

1891 2501 2136 2570 elegerit,
2169 2515 2329 2552 nemo
2368 2498 2733 2568 impediturus
2766 2498 3104 2551 admittetur.
3130 2498 3249 2552 Non
3285 2501 3461 2554 solum

1893 2603 2072 2645 autem
2116 2592 2182 2644 ad
2222 2595 2448 2652 terreni,
2504 2592 2647 2661 quod
2711 2591 2936 2656 habent,
2987 2592 3078 2660 jus
3121 2593 3462 2660 probandum

1894 2685 2248 2738 monasteriis
2304 2684 2538 2737 sulliciet
2603 2699 2846 2750 pra-seris
2899 2684 3075 2737 Aurea
3129 2684 3314 2747 Bulla;
3372 2687 3464 2739 sed

1893 2778 2055 2831 etiam
2090 2779 2141 2830 in
2180 2779 2478 2846 parochiis,
2512 2794 2634 2848 qua:
2661 2792 2806 2830 nunc
2837 2778 2906 2830 ab
2935 2779 3015 2831 eis
3042 2779 3378 2840 detinentur,
3413 2788 3469 2832 et

1894 2870 2136 2939 praediis,
2176 2869 2560 2938 vectigalibus,
2587 2869 2973 2931 conventibus,
3007 2870 3348 2939 trajectioiiis
3376 2888 3466 2925 so-

1896 2961 2222 3025 lutionibus,
2259 2962 2532 3031 portibus,
2561 2960 2763 3035 ﬂuviis,
2806 2962 3024 3029 juribus
3077 2964 3368 3017 maritimis
3414 2975 3468 3018 et

1895 3069 2228 3124 quocunque
2255 3055 2366 3107 alio
2393 3055 2538 3124 jure,
2566 3055 2707 3124 quod
2736 3058 2803 3107 ab
2852 3058 2934 3110 eis
2967 3056 3295 3124 pOssidetur,
3332 3071 3472 3125 pra:-

1899 3158 2143 3217 terquam
2179 3148 2232 3200 in
2266 3147 2356 3208 iis,
2387 3149 2440 3201 in
2473 3149 2677 3218 quibus
2703 3148 3031 3202 documenta
3093 3164 3192 3219 pro
3224 3151 3466 3219 publico,

213 3243 503 3309 ποταμοῖς,
529 3241 871 3303 Θαλασσίνοις
911 3242 1164 3303 δικαίοις,
1191 3242 1284 3293 καὶ
1322 3242 1491 3311 ἑτέρῳ
1522 3242 1788 3311 οίῳδήτινι

1901 3248 1959 3292 ιιι
1999 3256 2141 3308 sa-pc
2173 3242 2430 3307 superius
2482 3242 2683 3294 dictum
2727 3252 2832 3306 est,
2868 3252 3150 3312 assumpta
3190 3250 3338 3296 sunt.
3372 3244 3468 3297 Slll

208 3334 406 3403 6.7.an
429 3335 558 3402 παρ’
594 3333 772 3385 αὐτῶν
802 3334 1178 3404 κατεχομένῳ,
1209 3333 1336 3386 ἄνευ
1364 3333 1546 3402 μέντοι
1571 3333 1678 3383 τῶν
1703 3332 1787 3399 ἐφ’

209 3423 292 3486 οἷς
331 3427 522 3478 ἔλαϐον
561 3426 882 3491 διαγνώσεις
933 3429 1075 3496 ὑπὲρ
1113 3425 1204 3478 τοῦ
1235 3426 1513 3495 δημοσίου.
1557 3425 1628 3487 ib;
1663 3424 1789 3476 7:0}.-

209 3515 370 3577 λάκις
399 3516 670 3586 ἀνώτερον
697 3518 1026 3586 διείληπται.
1049 3519 1110 3569 Et
1136 3517 1191 3569 δὲ
1226 3518 1673 3587 προσετάχθησαν
1704 3517 1789 3569 λε-

217 3607 464 3677 γισθῆναι
498 3611 529 3678 ἢ
578 3611 877 3681 ἐκκοπῆναί
920 3627 1040 3662 τινα
1091 3609 1481 3678 τελέσματα,ῆ
1516 3609 1716 3672 πάκτα,
1755 3610 1785 3678 ἦ

214 3705 524 3764 στρατείαι,
624 3703 884 3772 δημόσια,
917 3704 949 3772 ἦ
991 3702 1292 3765 λιδελλικὰ,
1330 3702 1362 3770 ἢ
1393 3703 1576 3774 ἕτερον
1624 3719 1676 3752 τι
1707 3701 1787 3769 τῷ

209 3793 456 3864 δημοσίῳ
483 3796 706 3864 ἀνῆκον,
751 3797 844 3848 καὶ
898 3797 959 3847 οὐ
985 3797 1174 3862 γέγονε
1219 3795 1278 3846 τὸ
1308 3794 1708 3862 λελογισμένον,
1746 3795 1779 3863 ἦ

211 3888 399 3958 ἔτερόν
428 3906 477 3940 τι
521 3889 631 3958 ἔχει
680 3890 1009 3960 ἐπιλήψιμον
1050 3890 1110 3941 τὸ
1136 3888 1432 3958 δικαίωμα,
1458 3888 1606 3939 οὐδέν
1628 3905 1676 3939 τι
1706 3890 1769 3938 ἐκ

211 3983 403 4035 τούτου
447 3983 773 4052 βλαϐήσεται
800 3984 864 4034 τὰ
901 3987 1261 4052 μοναστήρια.

287 4075 352 4125 Τί
388 4074 441 4126 δὲ
469 4076 573 4144 χρὴ
604 4077 670 4126 τὰ
718 4074 890 4127 πολλὰ
942 4073 1287 4140 καταλέγειν,
1326 4072 1420 4124 καὶ
1455 4073 1786 4141 ἀπαριθμεῖ-

216 4167 344 4218 σοαι
380 4167 472 4217 καὶ
506 4167 666 4234 χάριν
694 4164 1145 4234 παραδείγματος
1181 4164 1641 4233 ἀπογράφεσθαις
1691 4165 1789 4230 τὴν

218 4260 550 4325 πολυλογίαν
597 4260 629 4328 ἡ
670 4256 916 4326 βασιλεία
952 4275 1053 4326 μου
1092 4259 1535 4326 παρατρέχουσα,
1577 4258 1661 4308 ἵνα
1714 4258 1788 4326 μή

213 4369 301 4411 τις
329 4351 436 4400 τών
473 4353 625 4418 παρα
655 4351 828 4401 ταῦτα
860 4350 1050 4401 δεινῶν
1100 4367 1264 4401 τινων
1306 4351 1402 4417 μὲν
1451 4350 1794 4417 ὲκᾳωνηοὲν-

213 4461 325 4494 των
359 4445 421 4494 ἐκ
453 4446 560 4495 τών
588 4445 653 4494 τι
692 4443 926 4511 ἀκίνητα
955 4442 1356 4493 κατασειόντων
1385 4442 1596 4505 αἰτίων,
1625 4441 1790 4492 τινών

1898 3342 2079 3385 autem
2107 3333 2377 3385 recenseri
2401 3333 2551 3401 jnssn
2579 3343 2728 3397 sunt,
2767 3334 2848 3387 vel
2890 3335 3163 3404 amputari
3217 3335 3466 3404 quaedam

1898 3426 2126 3489 tributa,
2175 3427 2259 3478 vel
2311 3442 2489 3496 paria,
2546 3429 2627 3479 vel
2686 3426 2912 3491 militize,
2972 3432 3054 3481 vel
3109 3428 3345 3495 publica,
3385 3426 3469 3480 vel

1900 3518 2157 3583 libellica,
2205 3520 2286 3571 vel
2336 3519 2543 3586 aliquid
2591 3518 2765 3582 aliud,
2806 3519 2950 3588 quod
2989 3519 3054 3571 ad
3113 3521 3300 3573 iiscum
3344 3535 3468 3588 per-

1897 3612 2053 3673 tinet,
2087 3622 2140 3665 et
2174 3628 2279 3665 non
2319 3611 2520 3666 factum
2558 3624 2641 3667 est
2683 3613 2828 3683 quod
2877 3613 3268 3669 recensendum
3324 3623 3468 3679 erat,

1896 3703 1978 3755 vel
2008 3704 2226 3774 aliquod
2264 3706 2409 3758 aliud
2443 3707 2604 3760 habet
2638 3708 2751 3775 jus,
2792 3707 2937 3775 quod
2978 3706 3299 3777 reprehendi
3339 3722 3470 3776 pos-

1897 3797 2004 3864 sit;
2044 3799 2378 3852 uionasteria
2409 3815 2470 3852 ex
2498 3816 2562 3853 eo
2597 3801 2734 3854 nihil
2761 3801 3046 3856 lmdentur.

1963 4073 2098 4139 Quid
2134 4085 2311 4127 autem
2348 4090 2485 4142 opus
2517 4084 2597 4128 est
2632 4077 2800 4127 multa
2834 4075 3016 4127 dicere
3060 4085 3114 4128 et
3145 4090 3472 4132 enumerare

1893 4173 1944 4218 et
1977 4165 2209 4234 exempli
2254 4166 2424 4234 gratia
2458 4166 2689 4219 aﬂ'ei-re?
2726 4168 2898 4220 tnisso
2944 4184 2972 4220 a
3007 4170 3294 4237 majestate
3349 4187 3467 4225 mea.

1897 4258 2260 4327 multiloquio,
2301 4276 2367 4311 ne
2395 4276 2515 4327 quis
2559 4260 2613 4312 in
2650 4260 2917 4330 ejusmodi
2953 4262 3114 4314 rebus
3140 4263 3370 4317 Callidus
3414 4275 3470 4318 et

1902 4351 2071 4414 vafer,
2106 4353 2384 4404 nonnullis
2435 4353 2654 4420 quidem
2715 4353 2896 4417 dictis,
2931 4369 2996 4405 ex
3038 4353 3100 4406 iis
3129 4357 3310 4408 causis
3349 4372 3472 4426 qute

1902 4443 2205 4497 immobilia
2243 4445 2583 4503 concutiunt,
2613 4444 2735 4497 aliis
2756 4459 2885 4496 vero
2914 4444 3129 4498 silentio
3159 4448 3469 4514 praeteritis,

212 4537 274 4587 δὲ
312 4535 876 4604 παρασιωπηθὲντων,
927 4536 1304 4604 ὲπιδρὸιττοιτο
1359 4535 1466 4586 τῶν
1502 4536 1786 4604 ῥημάτων,

1900 4538 2068 4591 verba
2101 4538 2346 4607 arripiat,
2373 4547 2424 4590 et
2457 4554 2605 4589 more
2642 4536 2872 4591 Jndaico
2915 4539 3106 4592 litterae
3142 4540 3378 4603 insistat,
3413 4554 3469 4595 et

216 4632 312 4678 καὶ
343 4630 483 4681 κατὰ
523 4629 816 4691 Ἰουδαίους
845 4629 921 4698 τῷ
968 4630 1258 4698 γράμματι
1292 4631 1647 4699 ἐπικάθηται,
1698 4634 1791 4682 καὶ

219 4724 483 4791 ἐπιχειρῇ
539 4723 630 4772 ἐπὶ
687 4725 798 4782 τοῖς
854 4723 929 4791 μὴ
965 4723 1344 4792 ἐκξωνηϐεἰσι
1396 4725 1651 4775 δ.ασείειν
1699 4724 1792 4774 καὶ

222 4813 580 4883 παρενοχλεῖν
608 4816 726 4876 ταῖς
761 4816 969 4883 μοναίς,
1001 4815 1274 4884 καθολικῷ
1309 4816 1450 4885 λόγῳ
1504 4819 1596 4868 καὶ
1662 4833 1794 4884 προ-

216 4909 424 4977 εκτικῷ
447 4908 604 4960 τοῦτο
634 4909 664 4971 ἡ
699 4908 943 4977 βασιλεία
987 4922 1090 4976 μου
1129 4907 1396 4976 βούλεται,
1429 4911 1523 4962 καὶ
1566 4909 1794 4976 διορίζε-

213 5019 333 5066 ται,
369 5003 458 5054 καὶ
495 5002 568 5064 ώς
599 5002 666 5054 ἂν
717 5005 823 5054 πᾶν
858 5002 993 5072 ὅπερ
1041 5003 1131 5053 ἐπὶ
1180 5006 1290 5065 τοῖς
1349 5004 1591 5071 σήμερον
1642 5003 1792 5071 παρὰ

212 5097 326 5146 τῶν
377 5097 756 5164 μοναστηρίων
801 5096 1189 5165 κατεχομένοις
1242 5095 1273 5163 ἢ
1313 5097 1398 5146 ἐπ’
1448 5098 1638 5156 αυταίς
1671 5098 1788 5158 ταῖς

216 5189 510 5258 καθέδραις
545 5190 656 5239 τῶν
702 5193 1086 5257 μοναστηρίων
1114 5189 1277 5258 νοηΟῇ
1307 5189 1446 5258 ὑπὲρ
1476 5187 1565 5239 τοῦ
1624 5187 1791 5255 δημο-

221 5281 362 5342 σίου,
397 5283 545 5351 παρὰ
570 5299 709 5342 τινος
740 5281 769 5350 ἦ
805 5282 898 5333 νῦν
926 5283 955 5350 ἦ
983 5281 1272 5348 ὀτεδήποτε
1301 5281 1431 5333 αὐτὸ
1456 5281 1611 5332 τοῦτο
1634 5281 1793 5332 δεδιυ-

223 5375 460 5443 ρημένον
493 5375 809 5440 λογίζεσθαι
853 5379 917 5443 τῇ
971 5378 1129 5443 μονῇ.
1183 5373 1288 5424 Kal.
1326 5373 1442 5440 ἅμα
1496 5391 1580 5434 τις
1635 5373 1793 5427 τοῦτο

218 5467 575 5534 διανοήσεται
626 5469 718 5518 καὶ
755 5467 1073 5536 φθέγξεται,
1111 5469 1205 5518 καὶ
1243 5467 1407 5527 εὐθὺς
1436 5468 1793 5535 ἀντιλήψεται

221 5557 390 5610 αὑτοῦ
419 5560 452 5627 ἡ
488 5558 648 5628 μονὴ,
676 5560 750 5620 ώς
780 5561 1022 5628 σήμερον
1044 5559 1421 5627 δεδωρημὲνου
1446 5559 1619 5629 ταύτῃ
1648 5562 1794 5627 παρᾶ

220 5653 322 5720 τῆς
365 5653 639 5721 βασιλείας
680 5671 806 5722 μου.
859 5652 1025 5705 Ὅσον
1073 5654 1182 5722 γὰρ
1233 5652 1319 5722 ἐφ’
1369 5647 1450 5714 οἷς
1500 5655 1791 5722 κατέχουσι

227 5744 326 5796 νῦν
354 5747 660 5815 ἀκινήτοις,
697 5747 823 5816 περὶ
851 5739 926 5797 ὧν
949 5747 1088 5815 ὑπὲρ
1115 5745 1208 5798 τοῦ
1231 5746 1494 5815 δημοσίου
1521 5747 1618 5798 οὐκ
1667 5746 1788 5797 ἕλα-

219 5837 316 5888 6ον
339 5838 407 5890 τὰ
440 5840 826 5908 προγραφέντα
865 5842 1226 5908 μοναστήρια,
1256 5839 1516 5908 δημόσιον
1543 5838 1790 5908 βούλεται

222 5931 260 6000 ἡ
293 5929 547 6000 βασιλεία
590 5949 690 6002 μου
715 5932 1025 5996 λογίζεσθαι
1049 5932 1107 5983 ἒν
1133 5933 1366 5986 ἕκαστον
1393 5933 1598 5986 τούτων
1644 5937 1786 5985 κατὰ

469 6030 732 6088 ΡΑτιιοι.
767 6033 882 6089 Gn.
923 6027 1266 6088 CXXXVII.

1898 4639 2123 4684 conetur
2157 4633 2209 4683 in
2258 4630 2347 4692 iis,
2399 4646 2524 4698 qua:
2576 4630 2723 4682 dicta
2787 4647 2892 4683 non
2950 4641 3078 4685 sunt
3133 4636 3469 4686 monasteria

1897 4726 2103 4793 agitare
2137 4733 2188 4777 et
2241 4740 2456 4786 vexare,
2501 4724 2770 4778 sententia
2807 4724 3047 4793 generali
3096 4735 3147 4777 et
3201 4727 3470 4778 munil'era

1898 4818 2014 4869 vult
2046 4833 2163 4871 mea
2205 4818 2463 4885 majesias
2491 4829 2543 4868 et
2573 4817 2838 4878 decernit,
2877 4827 2932 4869 ut
2958 4832 3120 4870 omne
3150 4817 3202 4870 in
3235 4819 3322 4882 iis,
3349 4836 3473 4889 qua:

1894 4907 2058 4964 hodie
2096 4927 2123 4962 a
2160 4912 2510 4962 monasteriis
2547 4909 2922 4979 possidentur,
2951 4911 3031 4963 vel
3073 4912 3125 4963 in
3177 4911 3312 4981 ipsis
3340 4926 3471 4966 sunt

1899 5005 2360 5057 monasteriorum
2428 5004 2731 5066 cathedris,
2772 5019 2894 5058 esse
2932 5005 3211 5073 publicum
3257 5007 3469 5076 cogita-

1899 5105 2010 5147 tum
2047 5095 2229 5160 fuerit,
2266 5095 2500 5164 idipsnm
2541 5099 2607 5148 ab
2636 5097 2841 5164 aliquo,
2870 5095 2954 5149 vel
2984 5112 3128 5150 nunc
3165 5098 3247 5150 vel
3293 5114 3470 5166 quan-

1898 5190 2206 5258 docunqne,
2269 5190 2594 5241 monasterio
2649 5188 2834 5242 datum
2879 5205 3002 5243 esse
3055 5199 3357 5259 reputetnr.
3407 5189 3470 5242 Et

1899 5284 2057 5337 simul
2088 5300 2149 5338 ac
2181 5285 2281 5337 hoc
2309 5285 2561 5351 cogitarit
2596 5283 2872 5351 quispiam
2917 5300 2978 5336 ac
3014 5283 3230 5344 dixerit,
3257 5283 3306 5335 id
3331 5296 3470 5352 quo—

1899 5393 2001 5446 que
2038 5380 2221 5431 statim
2270 5377 2627 5445 apprehendit
2669 5377 3083 5439 monasterium,
3134 5385 3195 5429 ut
3245 5377 3406 5430 hodie
3439 5392 3468 5428 a

1901 5486 2016 5524 mea
2054 5469 2197 5540 regia
2229 5469 2570 5522 sublimitate
2597 5470 2886 5522 donatum.
2921 5467 3078 5532 Quod
3119 5467 3265 5521 enim
3307 5467 3374 5520 ad
3405 5484 3466 5520 ea

1898 5562 2117 5625 attinet,
2153 5577 2270 5630 qua-
2299 5575 2442 5613 nnnc
2465 5559 2766 5630 possident,
2795 5559 3121 5621 immobilia,
3157 5558 3225 5612 de
3265 5557 3468 5628 quibus

1897 5670 1995 5724 pro
2055 5653 2272 5723 publico
2325 5653 2655 5706 documenta
2715 5667 2821 5704 non
2883 5659 3214 5720 acceperunt
3262 5665 3471 5703 mona-

1899 5748 2101 5812 steria;
2163 5760 2279 5798 mea
2317 5747 2574 5814 majestas
2625 5745 2742 5797 vult
2801 5744 3226 5814 unumquodque
3272 5757 3465 5798 eorum

1902 5843 2178 5910 publicum
2241 5840 2569 5904 existimari,
2634 5849 2688 5894 et
2759 5847 3078 5910 perpetuam
3153 5837 3465 5892 ﬁrmitatem

1897 5933 2167 5999 obtinere,
2196 5939 2248 5986 et
2280 5945 2309 5984 a
2346 5932 2495 5989 nullo
2530 5931 2595 5986 de
2623 5947 2684 5987 ea
2723 5947 2779 5986 re
2825 5930 3137 6000 disceptari.
3167 5929 3231 5984 Et
3276 5943 3470 6000 quem-

3029 6021 3103 6082 30
