4218 6458
762 391 868 452 939

2010 381 2286 441 TIIEOl).
2336 382 2420 437 BA
2433 381 2730 439 LSAMON

3929 385 4027 444 αεὶ)

764 503 1056 557 admodum
1107 499 1322 567 publico
1362 498 1512 552 nulla
1576 516 1601 550 a
1626 513 1683 551 se
1716 499 1964 552 molestia
1994 502 2343 568 negotinnivc

2450 499 2614 564 μόνον
2644 497 2706 549 τὸ
2736 497 2883 567 ἔχειν
2909 497 2968 548 τὸ
2997 495 3360 556 ἀδιάσειστον,
3392 495 3485 546 καὶ
3536 493 3612 564 μή
3664 494 3759 547 ὑπ’
3810 496 4027 559 οῦδενὲις

763 598 1088 658 exhibetur;
1148 593 1228 646 sic
1262 604 1364 645 nec
1407 592 1554 645 aedes
1614 606 1806 655 sacrae,
1858 593 1975 645 sive
2034 593 2342 645 anachore-

766 699 943 742 tartnn
994 684 1223 745 cellulze,
1266 698 1366 735 nec
1429 682 1788 744 monaSIcria,
1849 697 1951 735 nec
2013 681 2216 750 aliqua,
2274 682 2342 736 ab

767 776 1111 847 nllupublici
1150 782 1405 828 curatore
1433 775 1619 828 litibus
1650 774 2008 841 agitabuntur
2057 774 2173 827 sive
2217 774 2342 843 quis

766 872 1102 941 probabilem
1152 870 1267 923 sive
1305 884 1411 922 non
1464 866 1799 935 probabilem
1853 881 2075 919 causam
2129 864 2337 931 aﬂ‘erat,

764 967 877 1019 sive
908 961 1442 1033 cujusmodicunque
1473 959 1543 1012 sit
1572 960 1717 1028 quod
1756 958 2030 1025 loquetur.
2071 957 2338 1027 Quisquis

762 1060 907 1114 enim
944 1058 1045 1111 hoc
1068 1058 1247 1111 Iacere
1267 1068 1561 1123 aggressus
1589 1054 1771 1115 fuerit,
1808 1052 2045 1105 invalida
2068 1061 2121 1106 et
2149 1067 2337 1105 revera

764 1153 979 1205 inlirrna
1012 1151 1194 1203 dicere
1229 1145 1523 1206 videbitur,
1544 1155 1598 1198 et
1636 1145 1771 1198 citra
1807 1143 1976 1198 ullam
2019 1144 2337 1198 misericor-

760 1244 906 1298 diam
943 1244 1059 1309 ejus
1081 1237 1368 1291 facultates
1387 1237 1519 1290 lisco
1538 1236 2011 1289 consecrabantur
2056 1238 2203 1304 isque
2226 1250 2342 1288 ont-

765 1336 895 1389 nino
916 1331 1135 1407 intamis
1161 1343 1375 1397 semper
1395 1328 1533 1380 erit:
1563 1336 1749 1394 utpote
1768 1328 1858 1394 qui
1892 1327 2212 1395 imperatori
2247 1325 2341 1377 ad-

760 1426 918 1498 307
957 1434 1228 1484 versetur,
1274 1423 1363 1488 qui
1405 1423 1488 1488 pie
1522 1436 1584 1471 ac
1620 1421 1869 1489 religiose
1914 1434 2127 1472 omnem
2173 1419 2342 1472 mole-

763 1524 922 1571 stiam
959 1526 1014 1568 et
1043 1514 1376 1569 vexationem
1406 1528 1434 1563 a
1469 1512 1841 1573 mOnasteriis,
1882 1512 1935 1563 in
1968 1512 2177 1578 iisquae
2209 1510 2339 1578 ipsis

763 1612 889 1666 data
920 1618 1068 1667 sunt,
1106 1603 1545 1677 perprzesentem
1570 1604 1805 1656 Auream
1838 1600 2044 1655 Bullam
2066 1609 2336 1662 atnoveat,

760 1716 812 1757 et
848 1718 941 1771 per
983 1716 1151 1767 ipsam
1194 1700 1450 1765 exiguum
1486 1695 1705 1763 aliquod
1733 1693 1935 1747 donum
1972 1692 2078 1747 Deo
2110 1691 2337 1753 offerat,

765 1812 861 1861 pro
898 1789 1384 1845 innumerabilibus
1410 1784 1690 1840 beneﬁciis
1722 1800 1901 1856 ψιλιιό
1934 1786 2188 1840 munifica
2218 1785 2338 1853 ejus

2449 590 2875 659 ἀνακρίνεσϐαι·
2904 588 3001 641 καὶ
3027 588 3086 640 ὃν
3125 587 3330 657 τρόπον
3377 586 3405 637 ὁ
3454 587 3710 656 δημόσιος
3758 589 3823 639 οὐ
3858 590 4027 639 πολυ-

2448 686 2850 751 πραγμονεῖται
2904 680 2994 752 ὑφ’
3049 679 3268 745 ἑαυτοῦ,
3296 678 3471 741 οὕτως
3503 680 3625 731 οὐδὲ
3657 682 3724 732 τά
3786 681 3915 748 ἱερὰ
3949 698 4029 731 σε-

2462 777 2620 844 μνεῖα
2664 776 2696 845 ἢ
2756 755 3159 847 ήσυχάστήρια,
3210 772 3554 843 μοναστήριά
3598 789 3659 823 τε
3709 773 3809 824 καὶ
3860 773 4025 823 λοιπὰ

2446 868 2549 919 ὑπὸ
2573 885 2719 930 τινος
2771 870 2880 920 τῶν
2904 868 3001 920 τοῦ
3047 867 3311 936 δημοσίου
3350 865 3685 937 φροντιστῶν
3718 865 4029 934 ἀνακριϐή-

2446 976 2632 1013 σεται*
2667 962 2771 1014 κᾶν
2802 978 2855 1012 τι
2888 958 3114 1027 εὖλογον
3137 959 3557 1026 δικαιολογεῖταί
3600 976 3708 1020 τις,
3771 960 3880 1010 κᾶν
3934 977 4028 1009 πει-

2446 1053 2700 1122 ράλογον,
2730 1054 2830 1106 κᾶν
2859 1054 3044 1105 ὁποῖον
3078 1052 3142 1105 ἀν
3179 1052 3263 1123 εἴη
3293 1051 3353 1103 τὸ
3384 1050 3855 1121 λαληθησόμενον.
3918 1052 4023 1112 Hi;

2444 1147 2554 1215 γὰρ
2600 1145 2629 1196 ὁ
2673 1144 2917 1196 τοιοῦτον
2956 1162 3010 1195 τι
3056 1143 3430 1214 ἐπιχειρήσων
3472 1142 3696 1210 ποιῆσαι
3752 1141 4023 1211 ἁνίσχυρα

2441 1236 2584 1299 δόξει
2611 1236 2783 1304 λέγων
2820 1237 2913 1289 καὶ
2946 1234 3025 1305 τῷ
3069 1234 3184 1288 ὅντι
3235 1236 3495 1299 ὰὸέδαια,
3542 1238 3634 1287 καὶ
3680 1235 4023 1303 deuia-7.161;;

2442 1333 2475 1399 ὴ
2506 1329 2698 1382 τούτου
2750 1330 3040 1399 περιουσία
3091 1328 3169 1397 τῷ
3231 1328 3477 1397 δημοσίῳ
3525 1328 4022 1395 καθοσιωῧήσεται,

2444 1425 2538 1475 καὶ
2566 1423 2729 1486 αὐτὸς
2772 1422 2961 1492 ἄτιμος
2993 1424 3200 1475 ὲσείται
3249 1424 3617 1485 παυτάπασιν,
3668 1421 3747 1483 ὡς
3814 1420 4026 1472 ἀντιπί-

2446 1532 2598 1566 πτων
2657 1514 2867 1581 βασιλεῖ
2899 1514 3138 1577 εὐσεϐῶς
3174 1531 3233 1565 τε
3279 1514 3370 1564 καὶ
3420 1513 3688 1581 φιλοθέως
3731 1511 3797 1564 τὸ
3840 1513 4025 1564 ἀνενό-

2444 1609 2642 1679 χλητον
2697 1610 2815 1671 ταῖς
2851 1610 3037 1679 μοναίς
3081 1605 3538 1677 ἀποχαριζομένῳ
3581 1607 3675 1658 ἐπὶ
3718 1608 3837 1668 τοῖς
3883 1605 4030 1657 δεδω-

2445 1703 2709 1772 ρημένοίς
2750 1704 2941 1766 ἀυτεῖς
2981 1703 3066 1755 διὰ
3112 1702 3205 1754 τοῦ
3264 1702 3529 1773 παρόντος
3602 1700 4019 1772 χρυσοόοιόλλον

2443 1797 2622 1861 λόγου,
2660 1795 2754 1846 καὶ
2779 1793 2847 1846 δι’
2894 1794 3059 1847 αὐτοῦ
3107 1794 3283 1865 βραχύ
3336 1812 3391 1847 τι
3442 1793 3617 1860 δῶρον
3686 1795 4029 1864 προσάγοντι

761 1892 953 1939 uestra
982 1884 1210 1952 accepit.
1244 1882 1360 1936 Non
1397 1881 1580 1935 licebit
1615 1896 1777 1949 ergo,
1814 1894 1911 1932 nee
1960 1878 2161 1950 publici
2199 1896 2326 1931 cen-

2447 1890 2521 1960 τῷ
2544 1889 2683 1958 Θεῷ,
2716 1883 2916 1940 ἀνθ’ὢν
2951 1889 3163 1959 μυρίων
3184 1887 3514 1958 εὐεργεσιῶν
3544 1888 3699 1959 παρά
3731 1886 3839 1956 τῆς
3868 1888 4031 1938 πλου-

760 1995 855 2032 sus
895 1974 1249 2043 deScriptori,
1283 1988 1383 2026 nec
1415 1975 1463 2026 ei
1494 1974 1585 2041 qui
1634 1972 1808 2026 cuivis
1852 1980 2065 2025 secreto
2113 1981 2328 2041 pratest,

762 2076 841 2126 vel
871 2068 1228 2138 exa'qnatori,
1258 2069 1338 2119 vel
1371 2068 1533 2119 alicui
1566 2064 1655 2118 alii
1690 2080 1955 2134 personae,
1990 2079 2113 2134 quae
2149 2064 2333 2133 publi-

758 2184 879 2220 cum
913 2171 1153 2227 exercet,
1180 2161 1636 2214 monasteriorum
1674 2157 1972 2211 immobilia
1997 2156 2332 2219 describere,

762 2258 842 2309 vel
883 2253 1034 2308 focos
1064 2266 1314 2312 censere,
1351 2249 1434 2301 Vel
1464 2247 1740 2317 inquirere
1773 2254 2009 2313 quantus
2044 2247 2115 2299 sit
2144 2260 2332 2299 eorum

764 2351 987 2414 l'undus,
1022 2349 1103 2400 vel
1153 2346 1470 2398 colonorum
1523 2356 1804 2404 numerus,
1860 2341 1940 2393 vel
1982 2340 2126 2409 quod
2176 2350 2334 2392 terra:

761 2441 993 2509 amplius
1042 2436 1377 2508 possidetur,
1409 2432 1491 2486 vel
1528 2448 1634 2485 non
1679 2432 1823 2501 justo
1876 2432 2051 2500 pretio
2092 2440 2331 2499 emptum

757 2543 841 2587 est
872 2541 961 2583 aut
990 2530 1191 2597 injuste
1218 2525 1513 2587 detinetur,
1532 2523 1866 2577 examinare.
1896 2521 1998 2573 Sed
2028 2520 2153 2589 quia
2175 2519 2331 2586 jussu

759 2646 880 2684 meo
922 2623 1192 2696 imperiali
1229 2630 1349 2675 acta
1383 2618 1626 2673 facienda
1675 2625 1821 2682 sunt,
1859 2630 2047 2669 eorum
2093 2615 2332 2692 npmine,

758 2738 878 2792 qua:
912 2719 1071 2774 hodie
1093 2732 1120 2769 a
1148 2712 1495 2768 monasteriis
1533 2710 1862 2773 detinentur,
1894 2706 2254 2761 itnmnbilintn
2281 2696 2333 2760 et

758 2817 1102 2875 colonorum,
1140 2818 1271 2861 tunc
1318 2804 1541 2859 demunt
1587 2804 1734 2873 juste
1788 2800 2179 2855 monasterium
2216 2815 2333 2852 mo-

761 2907 918 2960 lestia
950 2901 1234 2961 alﬁcietnr,
1270 2906 1317 2950 et
1347 2898 1491 2966 quod
1528 2896 1734 2964 injUste
1766 2894 1968 2947 detinet
1994 2893 2061 2946 ab
2089 2907 2153 2946 eo
2182 2890 2335 2946 aufe-

762 3007 934 3060 retur,
964 2990 1185 3063 quando
1228 2987 1428 3058 publici
1460 3002 1658 3041 census
1686 2983 2010 3053 ,descriptor
2049 2982 2288 3037 ostendit
2316 3024 2332 3050 ,

759 3088 905 3160 quod
940 3090 1079 3140 ultra
1110 3082 1485 3137 deﬁnitionem
1517 3089 1569 3133 et
1596 3079 1985 3132 monasterium
2009 3077 2209 3134 .locuni
2243 3091 2337 3130 oc-

759 3189 946 3248 cupat,
973 3177 1052 3231 vel
1082 3177 1328 3237 colonos,
1353 3174 1434 3226 vel
1468 3170 1574 3223 ulla
1603 3170 1729 3221 alia.
1750 3168 1860 3222 Nec
1883 3168 2028 3222 enim
2060 3170 2329 3221 licentiam

766 3273 1040 3325 habebunt
1092 3268 1422 3320 monasteria
1456 3263 1686 3332 augendi
1729 3270 1782 3317 et
1814 3262 2185 3331 ampliﬁcandi
2231 3276 2333 3325 ea,

761 3380 880 3431 qua:
912 3364 978 3415 ab
1010 3360 1143 3430 ipsis
1181 3359 1340 3411 hodie
1388 3356 1741 3426 posstdentur
1769 3394 1783 3420 ,
1824 3370 1938 3407 srve
1972 3353 2149 3407 coloni
2184 3356 2294 3407 sint
2322 3392 2336 3414 ,

762 3458 878 3509 sive
933 3456 1060 3517 loci,
1099 3454 1214 3507 sive
1264 3450 1465 3520 praedia
1520 3449 1747 3501 rustica.
1806 3445 2193 3501 Verumtamen
2246 3462 2339 3514 per

761 3545 1031 3615 ejusmodi
1071 3544 1414 3597 occasionem
1456 3557 1565 3594 non
1599 3540 1784 3594 licebit
1816 3540 2080 3601 exactori,
2113 3550 2204 3591 aut
2240 3538 2337 3591 de-

764 3637 1023 3707 seriptori
1058 3637 1148 3690 ulli
1182 3635 1475 3688 futnarium
1514 3631 1596 3687 vel
1650 3630 1984 3685 mensurium
2012 3673 2027 3696 ,
2068 3640 2158 3683 aut
2192 3630 2337 3683 aliud

764 3733 1056 3800 quodpiam
1093 3728 1340 3798 vectigal,
1384 3728 1529 3797 quod
1580 3725 1645 3778 ad
1691 3726 1863 3793 ipsius
1901 3725 2133 3777 olliciuni
2170 3724 2339 3791 perti-

764 3835 908 3888 neat,
941 3824 1186 3891 recipcre
1213 3826 1279 3874 ab
1310 3821 1701 3880 immobilibus,
1744 3833 1864 3887 qua:
1894 3831 2064 3886 supra
2116 3817 2337 3885 scriptis

772 3916 1059 3984 subjacent
1091 3913 1459 3967 monasteriis.
1490 3912 1590 3975 Qui
1629 3913 1770 3964 enitn
1802 3918 1990 3962 contra
2026 3923 2191 3962 ausus
2225 3910 2342 3962 l'uc-

768 4020 854 4073 ιιι,
889 4011 1025 4062 sciat
1052 4021 1110 4060 se
1153 4022 1257 4056 non
1290 4013 1498 4055 tantum
1533 4003 1582 4054 id
1611 4000 1756 4071 quod
1790 4003 1971 4067 exegit
2001 4000 2337 4068 tnultipliCa-

767 4112 876 4149 tum
920 4096 1321 4155 restituturum,
1350 4092 1443 4147 sed
1473 4100 1531 4143 et
1563 4090 1808 4141 omnium
1849 4090 2116 4141 bonorum
2153 4085 2326 4154 publi-

766 4192 969 4243 cationi
1012 4204 1136 4240 cum
1173 4187 1399 4240 inlamia
1433 4194 1485 4237 et
1514 4182 1752 4235 civilium
1794 4195 2078 4232 munerum
2111 4180 2333 4246 incapa-

763 4286 926 4335 ritate
968 4282 1272 4347 subjectum
1315 4279 1400 4330 iri.
1436 4276 1528 4329 Sic
1559 4276 1702 4327 enim
1756 4274 1869 4325 vult
1905 4288 2023 4325 mea
2058 4272 2336 4336 majestas,

764 4382 874 4446 jam
907 4377 1377 4427 manu‘estatorum
1411 4374 1868 4424 monasteriorum
1895 4364 2191 4418 immobilia
2226 4378 2341 4416 om-

772 4472 859 4523 nia
902 4468 1086 4521 haberi
1121 4468 1189 4519 ab
1226 4479 1557 4533 unoquoque
1583 4471 1857 4522 exactore,
1878 4457 2034 4526 quasi
2067 4472 2174 4508 non
2209 4454 2341 4508 sub-

767 4566 877 4617 sint
914 4563 1085 4630 ipsius
1120 4560 1294 4613 ollicio
1328 4558 1415 4611 Vel
1470 4557 1747 4627 potestati.
1788 4552 1849 4604 Et
1879 4550 2335 4622 quemadmodum
2368 4593 2419 4652 Β

762 4666 1047 4709 eitactores
1071 4656 1121 4706 in
1156 4669 1259 4705 non
1292 4648 1556 4719 subjectis
1581 4648 1683 4701 sibi
1720 4645 2011 4713 provinciis
2044 4643 2175 4695 nihil
2200 4642 2337 4711 juris

766 4750 986 4812 habent,
1015 4759 1072 4800 ut
1102 4749 1155 4799 in
1192 4746 1258 4799 iis
1290 4752 1453 4813 agant
1491 4740 1953 4795 administrentve
1982 4736 2284 4806 quidquam
2318 4751 2331 4783 :

763 4844 843 4897 sic
887 4858 983 4895 nec
1014 4843 1068 4895 in
1101 4838 1476 4893 imnmbihbus
1529 4833 1995 4888 monasteriorum
2051 4838 2339 4884 exactores

770 4948 1194 5003 piovnictarum,
1251 4931 1455 5000 quibus
1530 4943 1608 4982 cie
1664 4928 1920 4987 subsunt,
1969 4924 2340 4975 censebantur

766 5038 1073 5081 exactores.
1112 5024 1244 5089 Qua:
1281 5023 1446 5091 igitur
1499 5018 1631 5072 ﬁent
1673 5029 1791 5070 aeta
1823 5024 1878 5070 et
1914 5016 2101 5068 linium
2134 5015 2341 5068 deseri-

772 5132 986 5190 pttones
1011 5122 1077 5173 ab
1101 5120 1203 5182 eis,
1248 5132 1383 5185 quos
1421 5114 1679 5181 majestas
1717 5111 2071 5165 destinaverit
2117 5110 2181 5162 ad
2213 5124 2340 5177 pru-

770 5214 1036 5267 nationem
1073 5227 1263 5265 eorum
1288 5248 1304 5272 ,
1340 5224 1459 5277 qua:
1492 5224 1519 5258 a
1559 5204 1909 5259 monasteriis
1955 5204 2112 5257 hodie
2162 5203 2339 5270 pessi-

764 5308 982 5366 dentur,
1042 5301 1482 5370 competentibus
1534 5299 1763 5351 secretis
1812 5308 2030 5365 propter
2087 5296 2333 5346 notitiam

765 5396 1211 5449 insinuabuntur.
1246 5392 1401 5444 Scire
1431 5403 1663 5455 namque
1709 5388 1907 5439 debent
1938 5387 2118 5438 omnia
2153 5401 2339 5438 mona-

762 5487 951 5551 steria,
996 5486 1040 5539 si
1076 5483 1314 5553 quodex
1348 5484 1414 5536 iis
1461 5480 1860 5549 deprehensum
1896 5486 2055 5534 luerit
2087 5481 2332 5534 fraudem

767 5582 1002 5647 aliquam
1038 5587 1120 5630 Vel
1155 5576 1516 5630 collusionem
1554 5573 1636 5627 vel
1665 5574 1846 5627 dolum
1880 5574 1931 5626 in
1965 5574 2336 5627 immobilibus

765 5690 884 5741 quae
917 5674 1075 5725 hodie
1106 5675 1170 5723 ab
1198 5671 1331 5739 ipsis
1363 5670 1709 5738 possidentur
1740 5668 1933 5723 l'ecisse
1969 5687 1981 5721 :
2016 5685 2121 5721 non
2158 5669 2334 5723 solum

767 5764 901 5817 mlnl
941 5766 1185 5817 utilitatis
1220 5778 1285 5816 ex
1330 5764 1430 5814 hac
1468 5777 1599 5815 meae
1640 5762 1941 5830 majestatis
1968 5764 2149 5816 Aurea
2183 5761 2333 5816 Bulla

765 5865 1184 5913 consecuturum
1215 5873 1229 5921 ;
1265 5856 1359 5910 sed
1400 5856 1561 5909 etiam
1601 5870 1857 5911 casurum
1900 5858 2018 5925 jure
2054 5855 2330 5927 praedictis

2444 1983 2771 2053 σιοπαρόχου
2794 1978 2972 2045 δεξιᾶς
2997 1980 3161 2033 αὐτοῦ
3183 1981 3640 2051 παραπήλαυσεν.
3667 1980 3789 2031 Οὐκ
3819 1978 4032 2041 ἐξέσται

2441 2074 2534 2132 οὖν
2607 2079 2939 2148 ἀναγραφεῖ,
3034 2074 3169 2129 οὗτε
3242 2076 3652 2145 προκαθημένῳ
3699 2075 4033 2144 οἱουδήτινος

2445 2171 2703 2240 σεκρέτου
2731 2171 2762 2241 ἢ
2788 2169 3046 2240 ἐξισωτῇ,
3089 2170 3121 2238 ἢ
3167 2169 3482 2239 ὲνεργοῦντι
3516 2169 3691 2238 ἑτέρῳ
3730 2166 3847 2220 τινί
3872 2182 4034 2233 προς-

2441 2263 2573 2330 ὠπῳ
2599 2262 2693 2314 τοῦ
2726 2262 3008 2331 δημοσίου,
3050 2262 3120 2313 τὰ
3154 2265 3263 2312 τῶν
3326 2260 3712 2329 μοναστήρίων
3796 2258 4033 2325 ἀκίνητα

2442 2353 2884 2421 ἀναγράφεσθαι,
2947 2353 2979 2421 ἢ
3034 2351 3415 2418 καπνολογεῖν,
3499 2349 3535 2419 ἢ
3590 2349 3899 2417 ἀναζητεῖν
3943 2344 4033 2415 μέ-

2444 2465 2573 2515 τρον
2604 2447 2703 2515 γῆς
2733 2445 2766 2517 ἢ
2802 2447 2862 2497 τὸ
2895 2445 3228 2515 ὑπέρπλεον,
3270 2445 3301 2513 ἢ
3345 2445 3405 2494 τὸ
3429 2443 3631 2505 ἀδίκως
3662 2440 4037 2508 κατεχόμενον

2444 2538 2722 2604 ἐξετάζειν
2762 2554 2775 2569 ο
2804 2538 2919 2590 ἀλλ’
2986 2538 3109 2590 ἐπεὶ
3134 2538 3197 2589 ἐκ
3230 2536 3583 2607 προστάξεως
3618 2534 3718 2603 τῆς
3757 2532 4037 2601 βασιλείας

2447 2650 2548 2702 μου
2576 2632 2831 2702 μέλλουσι
2871 2629 3128 2698 γενέσθαι
3157 2628 3436 2699 πρακτικὰ
3484 2627 3595 2679 τῶν
3630 2628 3886 2696 σήμερον
3916 2640 4041 2676 κατι

2445 2722 2721 2791 εχομένων
2759 2722 2908 2773 παρὰ
2961 2720 3072 2772 τῶν
3115 2718 3294 2788 μονῶν
3332 2719 3606 2786 ἀκινήτων
3663 2717 3765 2767 καὶ
3843 2714 4038 2783 παροί-

2444 2832 2581 2877 κων,
2612 2815 2731 2865 τότε
2767 2813 2925 2883 μόνον
2968 2811 3333 2881 οχληῦήστται
3374 2812 3406 2879 ή
3450 2808 3587 2878 μονή
3609 2808 3707 2860 καὶ
3743 2808 3810 2859 τὸ
3840 2807 4039 2866 ἀδίκως

2447 2906 2814 2976 κατεχόμενον
2845 2903 3300 2974 ἀφαιρεθήσεται,
3345 2904 3432 2955 ὅτε
3465 2904 3491 2954 ό
3540 2901 3911 2969 ἀναγραφεὺς
3938 2898 4042 2949 δει-

2447 2998 2623 3063 κνύει,
2648 2998 2722 3059 ὡς
2753 2996 3015 3047 ἐπέκεινα
3041 2994 3135 3045 τοῦ
3168 2999 3529 3064 περιορισμοῦ
3562 2993 3791 3060 κατέχει
3828 2994 3863 3061 ή
3909 2994 4042 3058 μονή

2443 3090 2610 3143 τοπία
2643 3090 2675 3159 ἢ
2710 3089 3013 3159 παροίκους
3052 3088 3087 3159 ἢ
3122 3088 3307 3157 ἕτερον
3342 3090 3569 3140 δίκαιον,
3607 3086 3756 3137 Οὐδὲ
3796 3086 3912 3152 γάρ
3958 3081 4041 3134 ἐπ’

2448 3186 2627 3246 ἀδείλς
2677 3181 2890 3245 ἕξουσιν
2966 3181 3022 3233 αἱ
3072 3182 3235 3249 μοναὶ
3270 3179 3340 3230 τὰ
3390 3178 3631 3247 σήμερον
3694 3173 4042 3244 παρἀὺτών

2449 3276 2810 3344 κατεχόμενα,
2842 3272 2952 3323 εἴτε
2984 3273 3243 3340 πάροικοι
3272 3265 3403 3332 εἷεν,
3438 3268 3548 3319 εἴτε
3572 3267 3758 3327 τόποι,
3802 3268 3919 3317 εἴτε
3951 3266 4042 3317 αὺ-

2442 3367 2698 3436 τούργια,
2757 3366 3044 3430 ἐπαύξειν,
3078 3364 3171 3414 καὶ
3194 3365 3274 3424 εἰς
3331 3360 3656 3431 πλήθυσμὸν
3695 3360 3865 3425 ἄγειν
3897 3358 4045 3408 πλεί-

2442 3476 2560 3512 ονα.
2601 3457 2745 3525 Πλὴν
2784 3458 2850 3525 τῇ
2892 3453 3114 3523 τοιαύτῃ
3148 3451 3421 3521 προφάσει
3446 3450 3545 3501 οὐκ
3593 3447 3826 3513 ἐξέσται
3892 3448 4042 3515 πρά-

2444 3568 2601 3620 κτορι
2656 3550 2690 3619 ἢ
2745 3549 3057 3619 ἀναγραφεῖ
3111 3546 3387 3614 οίῳδήτινι
3433 3543 3465 3612 ἦ
3522 3543 3828 3605 καπνικὺν,
3866 3541 3900 3610 ἢ
3931 3540 4044 3590 ἓτε-

2443 3645 2538 3711 ρὸν
2596 3661 2649 3695 τι
2703 3640 3081 3712 ἀναγραφικὸν
3136 3638 3171 3709 ἢ
3240 3635 3618 3706 πρακτορικὺν
3679 3635 4042 3702 φορολογημι

2441 3738 2549 3791 ἀπὸ
2580 3738 2687 3790 τῶν
2721 3735 3100 3803 ὑποκειμένων
3127 3734 3248 3794 ταῖς
3270 3730 3634 3799 δηλωθείσαις
3676 3730 3883 3797 μοναίς
3925 3730 4043 3778 ἀκι-

2444 3832 2620 3898 νήτων
2663 3826 3169 3897 ἀναλαμϐάνεσθαι.
3199 3824 3418 3875 Εἱδέναι
3448 3822 3557 3891 γὰρ
3592 3822 3819 3889 ὀφείλει
3849 3819 4047 3873 ὁτοῦτο

2446 3925 2733 3992 τολμήσων
2763 3921 2836 3983 ὡς
2865 3922 2924 3972 οὐ
2961 3922 3122 3989 μόνον
3152 3919 3245 3970 ἐπὶ
3271 3918 3329 3968 τὸ
3355 3915 3713 3968 πολλαπλοῦν
3743 3914 4042 3983 ἀντιστρε-

2442 4018 2531 4085 «last
2556 4018 2695 4084 ὅπερ
2734 4013 2795 4067 Ξιν
2821 4012 3184 4081 ἀναλάὸηται,
3216 4010 3351 4062 ἀλλὰ
3399 4010 3493 4061 καὶ
3544 4009 3736 4078 τελείᾳ
3780 4007 4042 4075 δημεύσει

2444 4107 2908 4176 ὑποὸληοήσεται,
2935 4106 3027 4157 καὶ
3057 4106 3251 4172 ἄτιμος
3324 4105 3479 4153 ἔσται
3507 4106 3603 4153 καί
3657 4101 4041 4159 ἀπολίτευτος.

2445 4201 2603 4256 Οὕτω
2629 4202 2737 4269 γὰρ
2768 4198 2964 4267 θέλειή
2998 4197 3247 4265 βασιλεία
3285 4211 3386 4264 μου
3413 4210 3480 4245 τά
3516 4194 3628 4244 τῶν
3681 4192 4042 4262 δηλωθέντων

2449 4295 2628 4363 μονῶν
2664 4294 2899 4360 ἀκίνητα
2931 4290 3109 4341 πάντα
3130 4287 3446 4356 λογίζεσθαι
3504 4286 3592 4353 ὑφ’
3628 4287 3881 4338 ἑκάστου
3935 4286 4041 4335 τῶν

2448 4385 2798 4454 πρακτόρων,
2829 4384 2905 4441 ὡς
2937 4382 3013 4451 μὴ
3046 4381 3174 4433 ὄντα
3200 4380 3305 4431 ὑπὸ
3352 4381 3452 4447 τήν
3483 4370 3689 4430 ἑαυτοῦ
3740 4380 3929 4447 ἀρχὴν
3959 4394 4047 4428 και

2450 4476 2723 4538 ἐξουσίαν.
2754 4476 2863 4527 Καὶ
2918 4473 2977 4524 ὃν
3012 4472 3216 4541 τρόπον
3242 4473 3293 4523 οἱ
3320 4472 3632 4540 πράκτορες
3689 4471 3791 4521 ἐπὶ
3822 4474 3941 4532 τοῖς
3976 4471 4045 4538 μὴ

2448 4567 2828 4636 ὑποκειμένοις
2899 4565 3084 4627 αὐτοῖς
3166 4554 3405 4633 θέμασινν
3459 4562 3615 4613 οὐδέν
3713 4578 3772 4613 τι
3834 4564 4043 4615 δίκαιον

2448 4662 2664 4731 ἔχουσιν
2755 4660 3023 4728 ἐνεργεῖν,
3092 4657 3126 4726 ἢ
3185 4657 3322 4718 ὅλως
3376 4657 3550 4708 ποιεῖν
3621 4671 3678 4707 τι
3708 4655 4043 4715 ὲπάὑτοίς.

2446 4754 2619 4815 οὓτως
2649 4751 2769 4803 οὐδὲ
2799 4752 2890 4802 ἐπὶ
2910 4752 3032 4812 τοῖς
3061 4751 3171 4802 τῶν
3223 4746 3612 4818 μοναστηρίων
3675 4747 3975 4816 ἀκινήτοις
4002 4748 4044 4795 οξ

2446 4847 2759 4917 πράκτορες
2783 4845 2891 4897 τῶν
2914 4845 2973 4896 Os
2982 4844 3190 4913 μάτων,
3215 4843 3307 4911 ὑφ’
3339 4842 3432 4904 οὓς
3455 4840 3676 4893 τελοῦσι
3710 4840 3792 4893 τά
3818 4840 4044 4893 τοιαῦτα

2444 4939 2701 5008 ἀκίνητα,
2739 4938 3049 5007 πράκτορες
3076 4936 3516 5005 λογισθήσονται.
3558 4934 3641 4986 Τά
3668 4933 3872 5003 μέντοι
3947 4951 4041 4983 τε-

2445 5033 2723 5101 νησόμενα
2752 5030 3032 5099 πρακτικά
3069 5029 3165 5082 καὶ
3189 5032 3238 5082 οἱ
3273 5028 3622 5097 περιορισμοὶ
3681 5030 3827 5096 παρ’
3861 5022 3942 5082 ὧν
3978 5029 4039 5079 ἂν

2444 5123 2603 5193 ὁρίσῃ
2644 5123 2676 5190 ή
2705 5120 2954 5190 βασιλεία
2987 5138 3088 5189 μου
3126 5125 3205 5183 εἰς
3235 5121 3586 5189 παράστασιν
3641 5117 3757 5171 τῶν
3792 5122 4038 5187 σήμερον

2445 5216 2598 5282 παρά
2618 5213 2725 5264 τῶν
2764 5213 3141 5281 μοναστηρίων
3164 5212 3481 5281 νεμομένων
3536 5212 3648 5272 τοῖς
3684 5212 4039 5280 προσφόροις

2447 5303 2727 5372 σεκρέτοις
2789 5300 2854 5352 δι’
2885 5300 3090 5369 εἴδησιν
3145 5297 3807 5369 ὲγκαταστρωθήσοντςιι.
3863 5298 4038 5363 Ὀ-ςεὲο

2442 5396 2595 5447 λουσι
2647 5394 2704 5445 δὲ
2730 5394 2932 5445 εἰδέναι
2963 5394 3140 5444 πάντα
3165 5392 3234 5443 τά
3276 5391 3637 5460 μοναστὴρια,
3673 5388 3755 5450 ὡς
3829 5384 3950 5441 οἷον
3974 5389 4034 5440 ἀν

2442 5490 2500 5554 ἐξ
2527 5487 2708 5539 αὐτῶν
2730 5488 2930 5556 εὑρεθῇ
2968 5484 3322 5556 ῥᾳδιουργίαν
3355 5484 3480 5536 τινὰ
3514 5482 3915 5553 ποιησάμενον
3947 5484 4034 5534 ἐπὶ

2441 5583 2553 5643 τοῖς
2582 5583 2823 5649 σήμερον
2857 5579 2990 5648 παρ’
3012 5577 3196 5631 αὐτῶν
3234 5576 3648 5647 κατεχομένοις,
3703 5576 3741 5646 ἧ
3782 5595 4033 5647 caput.

2441 5675 2621 5740 γνίαν,
2653 5672 2685 5741 ἢ
2722 5672 2871 5725 δόλον
2902 5673 3304 5744 πλημμελῆσάν
3328 5690 3478 5737 τινα,
3508 5672 3568 5723 οὐ
3595 5670 3769 5739 μόνον
3805 5673 3913 5742 τῆς
3933 5670 4034 5724 ἀπὸ

2436 5764 2531 5817 τοὺ
2564 5765 2832 5834 παρόντος
2857 5766 3256 5835 χρυσοὸούλλου
3281 5766 3443 5833 λόγου
3474 5765 3572 5834 τῆς
3602 5762 3906 5832 βασιλείας
3932 5782 4028 5835 μου

2437 5855 2703 5926 ὼφ;λ.είας
2726 5858 2823 5910 οὐκ
2876 5861 3197 5929 εὐμοιρήσει
3272 5859 3335 5911 τὸ
3393 5857 3640 5920 σύνολον,
3940 5860 4025 5911 καὶ
