  <div class='ocr_page' id='page_1' title='image "/cluster/home/n/w/nwhite01/storage/ocr_20150623/137/nnc1.0046979786/500.png"; bbox 0 0 4218 6458; ppageno 0'>
   <div class='ocr_carea' id='block_1_1' title="bbox 187 420 286 482">
    <p class='ocr_par' dir='ltr' id='par_1_1' title="bbox 187 420 286 482">
     <span class='ocr_line' id='line_1_1' title="bbox 187 420 286 482; baseline 0 -1"><span class='ocrx_word' id='word_1_1' title='bbox 187 420 286 482; x_wconf 75' lang='lat' dir='ltr'><strong>9H</strong></span> 
     </span>
    </p>
   </div>
   <div class='ocr_carea' id='block_1_2' title="bbox 1184 406 2395 472">
    <p class='ocr_par' dir='ltr' id='par_1_2' title="bbox 1184 406 2395 472">
     <span class='ocr_line' id='line_1_2' title="bbox 1184 406 2395 472; baseline -0.002 -1"><span class='ocrx_word' id='word_1_2' title='bbox 1184 411 1265 472; x_wconf 76' lang='lat' dir='ltr'><strong>IN</strong></span> <span class='ocrx_word' id='word_1_3' title='bbox 1306 411 1470 470; x_wconf 83' lang='lat' dir='ltr'><strong>CAN.</strong></span> <span class='ocrx_word' id='word_1_4' title='bbox 1499 410 1613 469; x_wconf 79' lang='grc' dir='ltr'><strong>ΧΠ</strong></span> <span class='ocrx_word' id='word_1_5' title='bbox 1653 406 1857 466; x_wconf 83' lang='lat' dir='ltr'><strong>CONC.</strong></span> <span class='ocrx_word' id='word_1_6' title='bbox 1887 407 1999 468; x_wconf 90' lang='lat' dir='ltr'><strong>VtI</strong></span> <span class='ocrx_word' id='word_1_7' title='bbox 2039 409 2395 470; x_wconf 76' lang='lat' dir='ltr'><strong>(ECUMEN.</strong></span> 
     </span>
    </p>
   </div>
   <div class='ocr_carea' id='block_1_3' title="bbox 3328 397 3434 472">
    <p class='ocr_par' dir='ltr' id='par_1_3' title="bbox 3328 397 3434 472">
     <span class='ocr_line' id='line_1_3' title="bbox 3328 397 3434 472; baseline -0.038 0"><span class='ocrx_word' id='word_1_8' title='bbox 3328 397 3434 472; x_wconf 67' lang='grc'><strong>912</strong></span> 
     </span>
    </p>
   </div>
   <div class='ocr_carea' id='block_1_4' title="bbox 184 522 1779 599">
    <p class='ocr_par' dir='ltr' id='par_1_4' title="bbox 184 523 1768 599">
     <span class='ocr_line' id='line_1_4' title="bbox 184 523 1768 599; baseline -0.006 -16"><span class='ocrx_word' id='word_1_9' title='bbox 184 530 281 583; x_wconf 77' lang='grc' dir='ltr'><strong>τοῦ</strong></span> <span class='ocrx_word' id='word_1_10' title='bbox 307 525 740 599; x_wconf 63' lang='grc' dir='ltr'>προτιμηθέντπ</span> <span class='ocrx_word' id='word_1_11' title='bbox 801 525 971 578; x_wconf 81' lang='grc' dir='ltr'>αὑτοῦ</span> <span class='ocrx_word' id='word_1_12' title='bbox 1033 525 1355 576; x_wconf 82' lang='grc' dir='ltr'><strong>ἐκπεσεῖται</strong></span> <span class='ocrx_word' id='word_1_13' title='bbox 1425 523 1637 575; x_wconf 76' lang='grc' dir='ltr'>δικαίου</span> <span class='ocrx_word' id='word_1_14' title='bbox 1681 523 1768 574; x_wconf 79' lang='grc' dir='ltr'><strong>διὰ</strong></span> 
     </span>
    </p>
   </div>
   <div class='ocr_carea' id='block_1_5' title="bbox 1886 522 3436 599">
    <p class='ocr_par' dir='ltr' id='par_1_5' title="bbox 1886 522 3436 590">
     <span class='ocr_line' id='line_1_5' title="bbox 1886 522 3436 590; baseline 0.002 -15"><span class='ocrx_word' id='word_1_15' title='bbox 1886 523 2126 576; x_wconf 75' lang='lat' dir='ltr'><strong>)mnibus</strong></span> <span class='ocrx_word' id='word_1_16' title='bbox 2160 522 2527 585; x_wconf 87' lang='lat' dir='ltr'><strong>monasteriis,</strong></span> <span class='ocrx_word' id='word_1_17' title='bbox 2562 537 2657 590; x_wconf 89' lang='lat' dir='ltr'><strong>per</strong></span> <span class='ocrx_word' id='word_1_18' title='bbox 2683 522 2842 575; x_wconf 83' lang='lat' dir='ltr'><strong>aliam</strong></span> <span class='ocrx_word' id='word_1_19' title='bbox 2876 524 3028 590; x_wconf 88' lang='lat' dir='ltr'><strong>prius</strong></span> <span class='ocrx_word' id='word_1_20' title='bbox 3077 522 3274 576; x_wconf 80' lang='lat' dir='ltr'><strong>factam</strong></span> <span class='ocrx_word' id='word_1_21' title='bbox 3323 542 3436 578; x_wconf 87' lang='lat' dir='ltr'><strong>ma-</strong></span> 
     </span>
    </p>
   </div>
   <div class='ocr_carea' id='block_1_6' title="bbox 183 613 1764 688">
    <p class='ocr_par' dir='ltr' id='par_1_6' title="bbox 183 613 1764 688">
     <span class='ocr_line' id='line_1_6' title="bbox 183 613 1764 688; baseline -0.004 -17"><span class='ocrx_word' id='word_1_22' title='bbox 183 619 280 671; x_wconf 81' lang='grc' dir='ltr'>τοῦ</span> <span class='ocrx_word' id='word_1_23' title='bbox 344 616 741 688; x_wconf 83' lang='grc' dir='ltr'>προγεγονότος</span> <span class='ocrx_word' id='word_1_24' title='bbox 817 619 952 667; x_wconf 84' lang='grc' dir='ltr'>πᾶσι</span> <span class='ocrx_word' id='word_1_25' title='bbox 978 618 1098 677; x_wconf 81' lang='grc' dir='ltr'>ταῖς</span> <span class='ocrx_word' id='word_1_26' title='bbox 1155 613 1512 683; x_wconf 80' lang='grc' dir='ltr'>δηλωθείσαις</span> <span class='ocrx_word' id='word_1_27' title='bbox 1579 616 1764 681; x_wconf 86' lang='grc' dir='ltr'>μοναῖς</span> 
     </span>
    </p>
   </div>
   <div class='ocr_carea' id='block_1_7' title="bbox 185 705 1652 779">
    <p class='ocr_par' dir='ltr' id='par_1_7' title="bbox 185 705 1652 779">
     <span class='ocr_line' id='line_1_7' title="bbox 185 705 1652 779; baseline -0.004 -17"><span class='ocrx_word' id='word_1_28' title='bbox 185 711 378 779; x_wconf 72' lang='grc' dir='ltr'>ἑτέρου</span> <span class='ocrx_word' id='word_1_29' title='bbox 411 708 810 779; x_wconf 76' lang='grc' dir='ltr'>χρυσοῦούλλου</span> <span class='ocrx_word' id='word_1_30' title='bbox 843 707 1007 774; x_wconf 83' lang='grc' dir='ltr'>λόγου</span> <span class='ocrx_word' id='word_1_31' title='bbox 1040 709 1139 776; x_wconf 83' lang='grc' dir='ltr'><strong>τῆς</strong></span> <span class='ocrx_word' id='word_1_32' title='bbox 1204 705 1484 767; x_wconf 80' lang='grc' dir='ltr'>βασιλείας</span> <span class='ocrx_word' id='word_1_33' title='bbox 1530 723 1652 771; x_wconf 78' lang='grc' dir='ltr'>μου.</span> 
     </span>
    </p>
   </div>
   <div class='ocr_carea' id='block_1_8' title="bbox 270 798 1766 871">
    <p class='ocr_par' dir='ltr' id='par_1_8' title="bbox 270 798 1766 871">
     <span class='ocr_line' id='line_1_8' title="bbox 270 798 1766 871; baseline -0.005 -16"><span class='ocrx_word' id='word_1_34' title='bbox 270 802 497 871; x_wconf 78' lang='grc' dir='ltr'>Ἐφεξῆς</span> <span class='ocrx_word' id='word_1_35' title='bbox 533 801 584 853; x_wconf 85' lang='grc' dir='ltr'>δὲ</span> <span class='ocrx_word' id='word_1_36' title='bbox 609 802 786 853; x_wconf 73' lang='grc' dir='ltr'>ἀνεῖλε</span> <span class='ocrx_word' id='word_1_37' title='bbox 817 800 877 852; x_wconf 80' lang='grc' dir='ltr'>τὸ</span> <span class='ocrx_word' id='word_1_38' title='bbox 945 799 1189 851; x_wconf 83' lang='grc' dir='ltr'>τοιοῦτον</span> <span class='ocrx_word' id='word_1_39' title='bbox 1239 798 1633 867; x_wconf 79' lang='grc' dir='ltr'>χρυσόὸουλλον</span> <span class='ocrx_word' id='word_1_40' title='bbox 1673 799 1766 849; x_wconf 71' lang='grc' dir='ltr'><strong>καὶ</strong></span> 
     </span>
    </p>
   </div>
   <div class='ocr_carea' id='block_1_9' title="bbox 184 889 1767 962">
    <p class='ocr_par' dir='ltr' id='par_1_9' title="bbox 184 889 1767 962">
     <span class='ocr_line' id='line_1_9' title="bbox 184 889 1767 962; baseline -0.006 -14"><span class='ocrx_word' id='word_1_41' title='bbox 184 898 373 948; x_wconf 78' lang='grc' dir='ltr'>πᾶσαν</span> <span class='ocrx_word' id='word_1_42' title='bbox 401 893 698 961; x_wconf 79' lang='grc' dir='ltr'>πρόσταξιν</span> <span class='ocrx_word' id='word_1_43' title='bbox 760 893 1181 962; x_wconf 70' lang='grc' dir='ltr'><strong>ἐναντιουμένην</strong></span> <span class='ocrx_word' id='word_1_44' title='bbox 1241 891 1435 959; x_wconf 84' lang='grc' dir='ltr'>τούτῳ,</span> <span class='ocrx_word' id='word_1_45' title='bbox 1480 889 1767 958; x_wconf 88' lang='grc' dir='ltr'>γεγονυίαν</span> 
     </span>
    </p>
   </div>
   <div class='ocr_carea' id='block_1_10' title="bbox 183 983 1766 1057">
    <p class='ocr_par' dir='ltr' id='par_1_10' title="bbox 183 983 1766 1057">
     <span class='ocr_line' id='line_1_10' title="bbox 183 983 1766 1057; baseline -0.004 -17"><span class='ocrx_word' id='word_1_46' title='bbox 183 988 485 1057; x_wconf 85' lang='grc' dir='ltr'>δηλονότιῆ</span> <span class='ocrx_word' id='word_1_47' title='bbox 518 989 610 1039; x_wconf 77' lang='grc' dir='ltr'>καὶ</span> <span class='ocrx_word' id='word_1_48' title='bbox 647 985 1042 1056; x_wconf 74' lang='grc' dir='ltr'>γενησομένην,</span> <span class='ocrx_word' id='word_1_49' title='bbox 1078 986 1168 1036; x_wconf 85' lang='grc' dir='ltr'><strong>καὶ</strong></span> <span class='ocrx_word' id='word_1_50' title='bbox 1208 984 1500 1052; x_wconf 75' lang='grc' dir='ltr'>διωρίσατο</span> <span class='ocrx_word' id='word_1_51' title='bbox 1527 983 1766 1052; x_wconf 78' lang='grc' dir='ltr'>χρᾶσθαι</span> 
     </span>
    </p>
   </div>
   <div class='ocr_carea' id='block_1_11' title="bbox 182 1076 1766 1150">
    <p class='ocr_par' dir='ltr' id='par_1_11' title="bbox 182 1076 1766 1150">
     <span class='ocr_line' id='line_1_11' title="bbox 182 1076 1766 1150; baseline -0.004 -17"><span class='ocrx_word' id='word_1_52' title='bbox 182 1084 286 1143; x_wconf 71' lang='grc' dir='ltr'><strong>τὰς</strong></span> <span class='ocrx_word' id='word_1_53' title='bbox 319 1080 487 1150; x_wconf 82' lang='grc' dir='ltr'>μονὰς</span> <span class='ocrx_word' id='word_1_54' title='bbox 529 1081 759 1139; x_wconf 70' lang='grc' dir='ltr'>καὶτοῖς</span> <span class='ocrx_word' id='word_1_55' title='bbox 786 1078 1182 1146; x_wconf 79' lang='grc' dir='ltr'>πάλαιγενέσιν</span> <span class='ocrx_word' id='word_1_56' title='bbox 1248 1077 1429 1128; x_wconf 82' lang='grc' dir='ltr'>αὐτῶν</span> <span class='ocrx_word' id='word_1_57' title='bbox 1452 1076 1766 1144; x_wconf 80' lang='grc' dir='ltr'>δικαιώμα-</span> 
     </span>
    </p>
   </div>
   <div class='ocr_carea' id='block_1_12' title="bbox 186 1169 1768 1240">
    <p class='ocr_par' dir='ltr' id='par_1_12' title="bbox 186 1169 1768 1240">
     <span class='ocr_line' id='line_1_12' title="bbox 186 1169 1768 1240; baseline -0.004 -15"><span class='ocrx_word' id='word_1_58' title='bbox 186 1191 296 1226; x_wconf 89' lang='grc' dir='ltr'>σιν.</span> <span class='ocrx_word' id='word_1_59' title='bbox 363 1173 516 1224; x_wconf 80' lang='grc' dir='ltr'>Ἐπεὶ</span> <span class='ocrx_word' id='word_1_60' title='bbox 549 1171 604 1224; x_wconf 81' lang='grc' dir='ltr'>δὲ</span> <span class='ocrx_word' id='word_1_61' title='bbox 629 1172 692 1223; x_wconf 85' lang='grc' dir='ltr'>ὲκ</span> <span class='ocrx_word' id='word_1_62' title='bbox 765 1170 1170 1240; x_wconf 82' lang='grc' dir='ltr'>προσαγγελίας</span> <span class='ocrx_word' id='word_1_63' title='bbox 1241 1169 1768 1238; x_wconf 82' lang='grc' dir='ltr'>χαιρεκάκωντινῶν</span> 
     </span>
    </p>
   </div>
   <div class='ocr_carea' id='block_1_13' title="bbox 185 1258 1769 1328">
    <p class='ocr_par' dir='ltr' id='par_1_13' title="bbox 185 1258 1769 1328">
     <span class='ocr_line' id='line_1_13' title="bbox 185 1258 1769 1328; baseline -0.001 -16"><span class='ocrx_word' id='word_1_64' title='bbox 185 1261 443 1327; x_wconf 80' lang='grc' dir='ltr'>ἀπελύθη</span> <span class='ocrx_word' id='word_1_65' title='bbox 486 1262 627 1312; x_wconf 86' lang='grc' dir='ltr'><strong>κατά</strong></span> <span class='ocrx_word' id='word_1_66' title='bbox 653 1259 746 1311; x_wconf 67' lang='grc' dir='ltr'><strong>τὸν</strong></span> <span class='ocrx_word' id='word_1_67' title='bbox 789 1259 1011 1312; x_wconf 86' lang='grc' dir='ltr'>Ἰούν.ον</span> <span class='ocrx_word' id='word_1_68' title='bbox 1051 1260 1196 1328; x_wconf 83' lang='grc' dir='ltr'>μῆνα</span> <span class='ocrx_word' id='word_1_69' title='bbox 1236 1261 1334 1326; x_wconf 76' lang='grc' dir='ltr'><strong>τῆς</strong></span> <span class='ocrx_word' id='word_1_70' title='bbox 1364 1258 1410 1310; x_wconf 78' lang='grc' dir='ltr'>θ’</span> <span class='ocrx_word' id='word_1_71' title='bbox 1439 1258 1769 1319; x_wconf 85' lang='grc' dir='ltr'>ίνδικτιῶνος</span> 
     </span>
    </p>
   </div>
   <div class='ocr_carea' id='block_1_14' title="bbox 182 1350 1769 1424">
    <p class='ocr_par' dir='ltr' id='par_1_14' title="bbox 182 1350 1769 1424">
     <span class='ocr_line' id='line_1_14' title="bbox 182 1350 1769 1424; baseline -0.003 -18"><span class='ocrx_word' id='word_1_72' title='bbox 182 1356 308 1419; x_wconf 79' lang='grc' dir='ltr'>τοῦ,</span> <span class='ocrx_word' id='word_1_73' title='bbox 346 1350 508 1424; x_wconf 83' lang='grc' dir='ltr'>ςχπδ¹</span> <span class='ocrx_word' id='word_1_74' title='bbox 532 1351 686 1414; x_wconf 82' lang='grc' dir='ltr'><strong>ἔτους</strong></span> <span class='ocrx_word' id='word_1_75' title='bbox 731 1353 1059 1421; x_wconf 75' lang='grc' dir='ltr'>πρόσταγμα</span> <span class='ocrx_word' id='word_1_76' title='bbox 1113 1351 1389 1420; x_wconf 77' lang='grc' dir='ltr'>βασιλικὸν</span> <span class='ocrx_word' id='word_1_77' title='bbox 1465 1351 1769 1419; x_wconf 86' lang='grc' dir='ltr'>ἁνατρέπον</span> 
     </span>
    </p>
   </div>
   <div class='ocr_carea' id='block_1_15' title="bbox 189 1443 1767 1516">
    <p class='ocr_par' dir='ltr' id='par_1_15' title="bbox 189 1443 1767 1516">
     <span class='ocr_line' id='line_1_15' title="bbox 189 1443 1767 1516; baseline -0.003 -18"><span class='ocrx_word' id='word_1_78' title='bbox 189 1449 380 1516; x_wconf 59' lang='grc' dir='ltr'>σχεδὸν</span> <span class='ocrx_word' id='word_1_79' title='bbox 408 1447 472 1497; x_wconf 86' lang='grc' dir='ltr'><strong>τὸ</strong></span> <span class='ocrx_word' id='word_1_80' title='bbox 503 1445 747 1497; x_wconf 83' lang='grc' dir='ltr'>τοιοῦτον</span> <span class='ocrx_word' id='word_1_81' title='bbox 776 1444 1170 1496; x_wconf 79' lang='grc' dir='ltr'>εὐσεϐέστατον</span> <span class='ocrx_word' id='word_1_82' title='bbox 1195 1445 1290 1496; x_wconf 75' lang='grc' dir='ltr'><strong>καὶ</strong></span> <span class='ocrx_word' id='word_1_83' title='bbox 1333 1443 1767 1510; x_wconf 75' lang='grc' dir='ltr'>εύεργετικώτα-</span> 
     </span>
    </p>
   </div>
   <div class='ocr_carea' id='block_1_16' title="bbox 185 1535 1772 1607">
    <p class='ocr_par' dir='ltr' id='par_1_16' title="bbox 185 1535 1772 1607">
     <span class='ocr_line' id='line_1_16' title="bbox 185 1535 1772 1607; baseline -0.001 -19"><span class='ocrx_word' id='word_1_84' title='bbox 185 1550 280 1588; x_wconf 79' lang='grc' dir='ltr'><strong>τον</strong></span> <span class='ocrx_word' id='word_1_85' title='bbox 314 1536 853 1607; x_wconf 77' lang='grc' dir='ltr'>χρυσόϐουλλον,καὶ</span> <span class='ocrx_word' id='word_1_86' title='bbox 883 1536 970 1588; x_wconf 83' lang='grc' dir='ltr'>διὰ</span> <span class='ocrx_word' id='word_1_87' title='bbox 1031 1535 1194 1589; x_wconf 82' lang='grc' dir='ltr'>τοῦτο</span> <span class='ocrx_word' id='word_1_88' title='bbox 1237 1537 1419 1588; x_wconf 87' lang='grc' dir='ltr'>πάντα</span> <span class='ocrx_word' id='word_1_89' title='bbox 1472 1537 1541 1587; x_wconf 71' lang='grc' dir='ltr'>τὰ</span> <span class='ocrx_word' id='word_1_90' title='bbox 1607 1553 1772 1605; x_wconf 86' lang='grc' dir='ltr'>μονα-</span> 
     </span>
    </p>
   </div>
   <div class='ocr_carea' id='block_1_17' title="bbox 190 1627 1767 1698">
    <p class='ocr_par' dir='ltr' id='par_1_17' title="bbox 190 1627 1767 1698">
     <span class='ocr_line' id='line_1_17' title="bbox 190 1627 1767 1698; baseline -0.001 -18"><span class='ocrx_word' id='word_1_91' title='bbox 190 1631 467 1696; x_wconf 83' lang='grc' dir='ltr'>στηριακὰ</span> <span class='ocrx_word' id='word_1_92' title='bbox 491 1628 726 1698; x_wconf 79' lang='grc' dir='ltr'>ἀκίνητα</span> <span class='ocrx_word' id='word_1_93' title='bbox 767 1628 870 1679; x_wconf 81' lang='grc' dir='ltr'>ὑπὸ</span> <span class='ocrx_word' id='word_1_94' title='bbox 900 1627 1009 1680; x_wconf 83' lang='grc' dir='ltr'><strong>τῶν</strong></span> <span class='ocrx_word' id='word_1_95' title='bbox 1050 1629 1411 1696; x_wconf 77' lang='grc' dir='ltr'>ἀναγραφέων</span> <span class='ocrx_word' id='word_1_96' title='bbox 1441 1627 1767 1697; x_wconf 71' lang='grc' dir='ltr'>ἡρπάζοντο,</span> 
     </span>
    </p>
   </div>
   <div class='ocr_carea' id='block_1_18' title="bbox 189 1717 1770 1788">
    <p class='ocr_par' dir='ltr' id='par_1_18' title="bbox 189 1717 1770 1788">
     <span class='ocr_line' id='line_1_18' title="bbox 189 1717 1770 1788; baseline -0.001 -15"><span class='ocrx_word' id='word_1_97' title='bbox 189 1720 447 1788; x_wconf 79' lang='grc' dir='ltr'>ἀπελύθη</span> <span class='ocrx_word' id='word_1_98' title='bbox 478 1719 622 1771; x_wconf 72' lang='grc' dir='ltr'>κατὰ</span> <span class='ocrx_word' id='word_1_99' title='bbox 652 1720 744 1771; x_wconf 82' lang='grc' dir='ltr'><strong>τὸν</strong></span> <span class='ocrx_word' id='word_1_100' title='bbox 777 1717 1000 1771; x_wconf 78' lang='grc' dir='ltr'>Ἰούλιον</span> <span class='ocrx_word' id='word_1_101' title='bbox 1041 1720 1187 1787; x_wconf 75' lang='grc' dir='ltr'>μῆνα</span> <span class='ocrx_word' id='word_1_102' title='bbox 1215 1723 1313 1786; x_wconf 78' lang='grc' dir='ltr'>τῆς</span> <span class='ocrx_word' id='word_1_103' title='bbox 1360 1720 1400 1772; x_wconf 87' lang='grc' dir='ltr'>δ’</span> <span class='ocrx_word' id='word_1_104' title='bbox 1437 1720 1770 1783; x_wconf 83' lang='grc' dir='ltr'>ἰνδικτιῶνος</span> 
     </span>
    </p>
   </div>
   <div class='ocr_carea' id='block_1_19' title="bbox 185 1809 1774 1880">
    <p class='ocr_par' dir='ltr' id='par_1_19' title="bbox 185 1809 1774 1880">
     <span class='ocr_line' id='line_1_19' title="bbox 185 1809 1774 1880; baseline -0.002 -16"><span class='ocrx_word' id='word_1_105' title='bbox 185 1812 318 1878; x_wconf 77' lang='grc' dir='ltr'>τοῦ,</span> <span class='ocrx_word' id='word_1_106' title='bbox 347 1809 513 1880; x_wconf 79' lang='grc' dir='ltr'>ςχπθ¹</span> <span class='ocrx_word' id='word_1_107' title='bbox 538 1810 689 1874; x_wconf 83' lang='grc' dir='ltr'>λύσις</span> <span class='ocrx_word' id='word_1_108' title='bbox 718 1810 1070 1880; x_wconf 72' lang='grc' dir='ltr'>προσκυνητὴ</span> <span class='ocrx_word' id='word_1_109' title='bbox 1094 1811 1204 1862; x_wconf 82' lang='grc' dir='ltr'><strong>τῶν</strong></span> <span class='ocrx_word' id='word_1_110' title='bbox 1229 1809 1396 1862; x_wconf 66' lang='grc' dir='ltr'>’θεοσέ</span> <span class='ocrx_word' id='word_1_111' title='bbox 1411 1829 1552 1864; x_wconf 81' lang='grc' dir='ltr'>πτων</span> <span class='ocrx_word' id='word_1_112' title='bbox 1585 1813 1774 1878; x_wconf 70' lang='grc' dir='ltr'>κρατί.</span> 
     </span>
    </p>
   </div>
   <div class='ocr_carea' id='block_1_20' title="bbox 1867 613 3115 682">
    <p class='ocr_par' dir='ltr' id='par_1_20' title="bbox 1867 613 3115 682">
     <span class='ocr_line' id='line_1_20' title="bbox 1867 613 3115 682; baseline 0.002 -16"><span class='ocrx_word' id='word_1_113' title='bbox 1867 613 2086 682; x_wconf 86' lang='lat' dir='ltr'><strong>jestatis</strong></span> <span class='ocrx_word' id='word_1_114' title='bbox 2126 629 2260 667; x_wconf 66' lang='lat' dir='ltr'><strong>mete</strong></span> <span class='ocrx_word' id='word_1_115' title='bbox 2291 617 2522 666; x_wconf 82' lang='lat' dir='ltr'><strong>Auream</strong></span> <span class='ocrx_word' id='word_1_116' title='bbox 2563 615 2794 674; x_wconf 83' lang='lat' dir='ltr'><strong>Bullam.</strong></span> <span class='ocrx_word' id='word_1_117' title='bbox 2834 631 3115 669; x_wconf 82' lang='lat' dir='ltr'><strong>concesso.</strong></span> 
     </span>
    </p>
   </div>
   <div class='ocr_carea' id='block_1_21' title="bbox 1939 797 3433 854">
    <p class='ocr_par' dir='ltr' id='par_1_21' title="bbox 1939 797 3433 854">
     <span class='ocr_line' id='line_1_21' title="bbox 1939 797 3433 854; baseline 0.004 -6"><span class='ocrx_word' id='word_1_118' title='bbox 1939 797 2142 851; x_wconf 90' lang='lat' dir='ltr'><strong>Deinde</strong></span> <span class='ocrx_word' id='word_1_119' title='bbox 2175 805 2353 850; x_wconf 88' lang='lat' dir='ltr'><strong>autem</strong></span> <span class='ocrx_word' id='word_1_120' title='bbox 2398 798 2617 851; x_wconf 90' lang='lat' dir='ltr'><strong>sustulit</strong></span> <span class='ocrx_word' id='word_1_121' title='bbox 2650 799 2762 850; x_wconf 67' lang='lat' dir='ltr'><strong>haec</strong></span> <span class='ocrx_word' id='word_1_122' title='bbox 2792 797 2952 851; x_wconf 80' lang='lat' dir='ltr'><strong>&#39;Bulla</strong></span> <span class='ocrx_word' id='word_1_123' title='bbox 2987 799 3163 852; x_wconf 82' lang='lat' dir='ltr'><strong>Aurea</strong></span> <span class='ocrx_word' id='word_1_124' title='bbox 3211 815 3433 854; x_wconf 84' lang='lat' dir='ltr'><strong>omnem</strong></span> 
     </span>
    </p>
   </div>
   <div class='ocr_carea' id='block_1_22' title="bbox 1868 889 3440 959">
    <p class='ocr_par' dir='ltr' id='par_1_22' title="bbox 1868 889 3440 959">
     <span class='ocr_line' id='line_1_22' title="bbox 1868 889 3440 959; baseline 0.003 -18"><span class='ocrx_word' id='word_1_125' title='bbox 1868 905 2085 957; x_wconf 88' lang='lat' dir='ltr'><strong>quoque</strong></span> <span class='ocrx_word' id='word_1_126' title='bbox 2111 889 2418 957; x_wconf 88' lang='lat' dir='ltr'><strong>jussionem</strong></span> <span class='ocrx_word' id='word_1_127' title='bbox 2450 906 2570 956; x_wconf 65' lang='lat' dir='ltr'><strong>quae</strong></span> <span class='ocrx_word' id='word_1_128' title='bbox 2609 889 2657 942; x_wconf 90' lang='lat' dir='ltr'><strong>ei</strong></span> <span class='ocrx_word' id='word_1_129' title='bbox 2705 892 3044 955; x_wconf 77' lang='lat' dir='ltr'><strong>adversatur,</strong></span> <span class='ocrx_word' id='word_1_130' title='bbox 3079 908 3197 959; x_wconf 66' lang='lat' dir='ltr'><strong>quae</strong></span> <span class='ocrx_word' id='word_1_131' title='bbox 3226 893 3440 945; x_wconf 74' lang='lat' dir='ltr'><strong>scilicet</strong></span> 
     </span>
    </p>
   </div>
   <div class='ocr_carea' id='block_1_23' title="bbox 1873 980 3440 1038">
    <p class='ocr_par' dir='ltr' id='par_1_23' title="bbox 1873 980 3440 1038">
     <span class='ocr_line' id='line_1_23' title="bbox 1873 980 3440 1038; baseline 0.004 -7"><span class='ocrx_word' id='word_1_132' title='bbox 1873 980 2008 1034; x_wconf 81' lang='lat' dir='ltr'><strong>facta</strong></span> <span class='ocrx_word' id='word_1_133' title='bbox 2057 993 2136 1036; x_wconf 87' lang='lat' dir='ltr'><strong>est</strong></span> <span class='ocrx_word' id='word_1_134' title='bbox 2184 982 2268 1035; x_wconf 87' lang='lat' dir='ltr'><strong>vel</strong></span> <span class='ocrx_word' id='word_1_135' title='bbox 2324 983 2412 1035; x_wconf 90' lang='lat' dir='ltr'><strong>ﬁet</strong></span> <span class='ocrx_word' id='word_1_136' title='bbox 2447 998 2460 1033; x_wconf 89' lang='lat'><strong>:</strong></span> <span class='ocrx_word' id='word_1_137' title='bbox 2494 993 2545 1034; x_wconf 87' lang='lat' dir='ltr'><strong>et</strong></span> <span class='ocrx_word' id='word_1_138' title='bbox 2576 986 2765 1035; x_wconf 86' lang='lat' dir='ltr'><strong>statuit</strong></span> <span class='ocrx_word' id='word_1_139' title='bbox 2819 995 2875 1035; x_wconf 93' lang='lat' dir='ltr'><strong>ut</strong></span> <span class='ocrx_word' id='word_1_140' title='bbox 2930 985 3259 1036; x_wconf 83' lang='lat' dir='ltr'><strong>monasteria</strong></span> <span class='ocrx_word' id='word_1_141' title='bbox 3323 986 3440 1038; x_wconf 80' lang='lat' dir='ltr'><strong>suis</strong></span> 
     </span>
    </p>
   </div>
   <div class='ocr_carea' id='block_1_24' title="bbox 1869 1075 3437 1142">
    <p class='ocr_par' dir='ltr' id='par_1_24' title="bbox 1869 1075 3437 1142">
     <span class='ocr_line' id='line_1_24' title="bbox 1869 1075 3437 1142; baseline 0.002 -17"><span class='ocrx_word' id='word_1_142' title='bbox 1869 1089 2085 1142; x_wconf 84' lang='lat' dir='ltr'><strong>quoque</strong></span> <span class='ocrx_word' id='word_1_143' title='bbox 2136 1075 2377 1142; x_wconf 80' lang='lat' dir='ltr'><strong>antiquis</strong></span> <span class='ocrx_word' id='word_1_144' title='bbox 2428 1075 2604 1129; x_wconf 80' lang='lat' dir='ltr'><strong>titulis</strong></span> <span class='ocrx_word' id='word_1_145' title='bbox 2655 1084 2896 1127; x_wconf 84' lang='lat' dir='ltr'><strong>utantur.</strong></span> <span class='ocrx_word' id='word_1_146' title='bbox 2949 1075 3218 1139; x_wconf 82' lang='lat' dir='ltr'><strong>Quoniam</strong></span> <span class='ocrx_word' id='word_1_147' title='bbox 3255 1086 3437 1129; x_wconf 88' lang='lat' dir='ltr'><strong>autem</strong></span> 
     </span>
    </p>
   </div>
   <div class='ocr_carea' id='block_1_25' title="bbox 1873 1168 3444 1236">
    <p class='ocr_par' dir='ltr' id='par_1_25' title="bbox 1873 1168 3444 1236">
     <span class='ocr_line' id='line_1_25' title="bbox 1873 1168 3444 1236; baseline -0.001 -17"><span class='ocrx_word' id='word_1_148' title='bbox 1873 1182 1966 1235; x_wconf 89' lang='lat' dir='ltr'><strong>per</strong></span> <span class='ocrx_word' id='word_1_149' title='bbox 1997 1169 2357 1235; x_wconf 89' lang='lat' dir='ltr'><strong>quorumdam</strong></span> <span class='ocrx_word' id='word_1_150' title='bbox 2391 1169 2582 1221; x_wconf 87' lang='lat' dir='ltr'><strong>alienis</strong></span> <span class='ocrx_word' id='word_1_151' title='bbox 2616 1169 2770 1220; x_wconf 89' lang='lat' dir='ltr'><strong>malis</strong></span> <span class='ocrx_word' id='word_1_152' title='bbox 2804 1169 3102 1220; x_wconf 61' lang='lat' dir='ltr'><strong>laetantium</strong></span> <span class='ocrx_word' id='word_1_153' title='bbox 3136 1168 3444 1236; x_wconf 74' lang='lat' dir='ltr'><strong>instigatio-</strong></span> 
     </span>
    </p>
   </div>
   <div class='ocr_carea' id='block_1_26' title="bbox 1873 1256 3440 1320">
    <p class='ocr_par' dir='ltr' id='par_1_26' title="bbox 1873 1256 3440 1320">
     <span class='ocr_line' id='line_1_26' title="bbox 1873 1256 3440 1320; baseline 0.001 -11"><span class='ocrx_word' id='word_1_154' title='bbox 1873 1272 2018 1319; x_wconf 85' lang='lat' dir='ltr'><strong>nem,</strong></span> <span class='ocrx_word' id='word_1_155' title='bbox 2051 1273 2232 1310; x_wconf 86' lang='lat' dir='ltr'><strong>mense</strong></span> <span class='ocrx_word' id='word_1_156' title='bbox 2269 1256 2454 1319; x_wconf 85' lang='lat' dir='ltr'><strong>Junio,</strong></span> <span class='ocrx_word' id='word_1_157' title='bbox 2486 1273 2625 1310; x_wconf 89' lang='lat' dir='ltr'><strong>nona</strong></span> <span class='ocrx_word' id='word_1_158' title='bbox 2674 1259 3006 1311; x_wconf 80' lang='lat' dir='ltr'><strong>indiCatione</strong></span> <span class='ocrx_word' id='word_1_159' title='bbox 3060 1275 3206 1312; x_wconf 89' lang='lat' dir='ltr'><strong>anno</strong></span> <span class='ocrx_word' id='word_1_160' title='bbox 3258 1260 3398 1312; x_wconf 73' lang='grc'>6684</span> <span class='ocrx_word' id='word_1_161' title='bbox 3424 1298 3440 1320; x_wconf 94' lang='grc'><strong>,</strong></span> 
     </span>
    </p>
   </div>
   <div class='ocr_carea' id='block_1_27' title="bbox 1873 1348 3522 1418">
    <p class='ocr_par' dir='ltr' id='par_1_27' title="bbox 1873 1348 3522 1418">
     <span class='ocr_line' id='line_1_27' title="bbox 1873 1348 3522 1418; baseline -0.001 -21"><span class='ocrx_word' id='word_1_162' title='bbox 1873 1348 2148 1416; x_wconf 84' lang='lat' dir='ltr'><strong>imperiale</strong></span> <span class='ocrx_word' id='word_1_163' title='bbox 2172 1349 2386 1414; x_wconf 86' lang='lat' dir='ltr'><strong>jussum</strong></span> <span class='ocrx_word' id='word_1_164' title='bbox 2431 1349 2632 1401; x_wconf 88' lang='lat' dir='ltr'><strong>editum</strong></span> <span class='ocrx_word' id='word_1_165' title='bbox 2689 1350 2952 1418; x_wconf 79' lang='lat' dir='ltr'><strong>esl,quo.l</strong></span> <span class='ocrx_word' id='word_1_166' title='bbox 2992 1349 3130 1402; x_wconf 89' lang='lat' dir='ltr'><strong>banc</strong></span> <span class='ocrx_word' id='word_1_167' title='bbox 3161 1352 3212 1400; x_wconf 89' lang='lat' dir='ltr'><strong>in</strong></span> <span class='ocrx_word' id='word_1_168' title='bbox 3252 1349 3442 1416; x_wconf 83' lang='lat' dir='ltr'><strong>primis</strong></span> <span class='ocrx_word' id='word_1_169' title='bbox 3517 1382 3522 1396; x_wconf 74' lang='grc'><strong><em>,</em></strong></span> 
     </span>
    </p>
   </div>
   <div class='ocr_carea' id='block_1_28' title="bbox 1873 1438 3440 1511">
    <p class='ocr_par' dir='ltr' id='par_1_28' title="bbox 1873 1438 3440 1511">
     <span class='ocr_line' id='line_1_28' title="bbox 1873 1438 3440 1511; baseline 0.006 -23"><span class='ocrx_word' id='word_1_170' title='bbox 1873 1440 2013 1507; x_wconf 85' lang='lat' dir='ltr'><strong>piam</strong></span> <span class='ocrx_word' id='word_1_171' title='bbox 2043 1448 2097 1492; x_wconf 89' lang='lat' dir='ltr'><strong>et</strong></span> <span class='ocrx_word' id='word_1_172' title='bbox 2133 1440 2364 1491; x_wconf 78' lang='lat' dir='ltr'><strong>maxime</strong></span> <span class='ocrx_word' id='word_1_173' title='bbox 2404 1438 2700 1491; x_wconf 85' lang='lat' dir='ltr'><strong>beneﬁcam</strong></span> <span class='ocrx_word' id='word_1_174' title='bbox 2735 1444 2968 1494; x_wconf 86' lang='lat' dir='ltr'><strong>Auream</strong></span> <span class='ocrx_word' id='word_1_175' title='bbox 3003 1441 3207 1494; x_wconf 84' lang='lat' dir='ltr'><strong>Bullam</strong></span> <span class='ocrx_word' id='word_1_176' title='bbox 3244 1458 3440 1511; x_wconf 88' lang='lat' dir='ltr'><strong>prope-</strong></span> 
     </span>
    </p>
   </div>
   <div class='ocr_carea' id='block_1_29' title="bbox 1872 1530 3446 1601">
    <p class='ocr_par' dir='ltr' id='par_1_29' title="bbox 1872 1530 3446 1601">
     <span class='ocr_line' id='line_1_29' title="bbox 1872 1530 3446 1601; baseline 0.003 -18"><span class='ocrx_word' id='word_1_177' title='bbox 1872 1530 2092 1583; x_wconf 86' lang='lat' dir='ltr'><strong>modum</strong></span> <span class='ocrx_word' id='word_1_178' title='bbox 2137 1532 2418 1595; x_wconf 75' lang='lat' dir='ltr'><strong>subvertit,</strong></span> <span class='ocrx_word' id='word_1_179' title='bbox 2443 1542 2495 1584; x_wconf 91' lang='lat' dir='ltr'><strong>et</strong></span> <span class='ocrx_word' id='word_1_180' title='bbox 2537 1544 2815 1601; x_wconf 88' lang='lat' dir='ltr'><strong>propterea</strong></span> <span class='ocrx_word' id='word_1_181' title='bbox 2856 1538 3308 1588; x_wconf 78' lang='lat' dir='ltr'><strong>monasteriorum</strong></span> <span class='ocrx_word' id='word_1_182' title='bbox 3345 1539 3446 1588; x_wconf 92' lang='lat' dir='ltr'><strong>im-</strong></span> 
     </span>
    </p>
   </div>
   <div class='ocr_carea' id='block_1_30' title="bbox 1873 1622 3446 1694">
    <p class='ocr_par' dir='ltr' id='par_1_30' title="bbox 1873 1622 3446 1694">
     <span class='ocr_line' id='line_1_30' title="bbox 1873 1622 3446 1694; baseline 0.003 -20"><span class='ocrx_word' id='word_1_183' title='bbox 1873 1622 2092 1674; x_wconf 82' lang='lat' dir='ltr'><strong>mobilia</strong></span> <span class='ocrx_word' id='word_1_184' title='bbox 2123 1638 2150 1673; x_wconf 86' lang='lat' dir='ltr'><strong>a</strong></span> <span class='ocrx_word' id='word_1_185' title='bbox 2186 1622 2386 1691; x_wconf 89' lang='lat' dir='ltr'><strong>publici</strong></span> <span class='ocrx_word' id='word_1_186' title='bbox 2430 1637 2626 1675; x_wconf 69' lang='lat' dir='ltr'><strong>census</strong></span> <span class='ocrx_word' id='word_1_187' title='bbox 2674 1625 3107 1690; x_wconf 75' lang='lat' dir='ltr'><strong>descriptoribus</strong></span> <span class='ocrx_word' id='word_1_188' title='bbox 3159 1628 3446 1694; x_wconf 82' lang='lat' dir='ltr'><strong>rapieban-</strong></span> 
     </span>
    </p>
   </div>
   <div class='ocr_carea' id='block_1_31' title="bbox 1875 1713 3447 1782">
    <p class='ocr_par' dir='ltr' id='par_1_31' title="bbox 1875 1713 3447 1782">
     <span class='ocr_line' id='line_1_31' title="bbox 1875 1713 3447 1782; baseline 0.004 -17"><span class='ocrx_word' id='word_1_189' title='bbox 1875 1725 1960 1766; x_wconf 90' lang='lat' dir='ltr'><strong>tur</strong></span> <span class='ocrx_word' id='word_1_190' title='bbox 1996 1734 2007 1764; x_wconf 93' lang='lat'>:</span> <span class='ocrx_word' id='word_1_191' title='bbox 2046 1713 2188 1769; x_wconf 84' lang='lat' dir='ltr'><strong>Julio</strong></span> <span class='ocrx_word' id='word_1_192' title='bbox 2225 1733 2410 1770; x_wconf 87' lang='lat' dir='ltr'><strong>mense</strong></span> <span class='ocrx_word' id='word_1_193' title='bbox 2463 1717 2762 1770; x_wconf 82' lang='lat' dir='ltr'><strong>indictione</strong></span> <span class='ocrx_word' id='word_1_194' title='bbox 2805 1717 2838 1769; x_wconf 74' lang='grc'>4</span> <span class='ocrx_word' id='word_1_195' title='bbox 2862 1757 2875 1780; x_wconf 92' lang='grc'><strong>,</strong></span> <span class='ocrx_word' id='word_1_196' title='bbox 2929 1734 3072 1769; x_wconf 83' lang='lat' dir='ltr'><strong>anno</strong></span> <span class='ocrx_word' id='word_1_197' title='bbox 3105 1720 3265 1782; x_wconf 76' lang='grc'>6689,</span> <span class='ocrx_word' id='word_1_198' title='bbox 3298 1721 3447 1772; x_wconf 81' lang='lat' dir='ltr'><strong>edita</strong></span> 
     </span>
    </p>
   </div>
   <div class='ocr_carea' id='block_1_32' title="bbox 1873 1808 3449 1881">
    <p class='ocr_par' dir='ltr' id='par_1_32' title="bbox 1873 1808 3449 1881">
     <span class='ocr_line' id='line_1_32' title="bbox 1873 1808 3449 1881; baseline 0.006 -24"><span class='ocrx_word' id='word_1_199' title='bbox 1873 1815 1955 1860; x_wconf 91' lang='lat' dir='ltr'><strong>est</strong></span> <span class='ocrx_word' id='word_1_200' title='bbox 1987 1808 2312 1862; x_wconf 85' lang='lat' dir='ltr'><strong>venerabilis</strong></span> <span class='ocrx_word' id='word_1_201' title='bbox 2347 1809 2607 1862; x_wconf 86' lang='lat' dir='ltr'><strong>resolutio</strong></span> <span class='ocrx_word' id='word_1_202' title='bbox 2633 1810 2814 1862; x_wconf 90' lang='lat' dir='ltr'><strong>divine</strong></span> <span class='ocrx_word' id='word_1_203' title='bbox 2856 1810 3216 1865; x_wconf 87' lang='lat' dir='ltr'><strong>colendorum</strong></span> <span class='ocrx_word' id='word_1_204' title='bbox 3256 1821 3449 1881; x_wconf 91' lang='lat' dir='ltr'><strong>poten-</strong></span> 
     </span>
    </p>
   </div>
   <div class='ocr_carea' id='block_1_33' title="bbox 189 1891 1779 1973">
    <p class='ocr_par' dir='ltr' id='par_1_33' title="bbox 189 1901 1758 1971">
     <span class='ocr_line' id='line_1_33' title="bbox 189 1901 1758 1971; baseline 0.001 -17"><span class='ocrx_word' id='word_1_205' title='bbox 189 1909 337 1955; x_wconf 84' lang='grc' dir='ltr'>στων</span> <span class='ocrx_word' id='word_1_206' title='bbox 366 1902 462 1954; x_wconf 75' lang='grc' dir='ltr'>καὶ</span> <span class='ocrx_word' id='word_1_207' title='bbox 483 1902 652 1969; x_wconf 83' lang='grc' dir='ltr'>ἁγίων</span> <span class='ocrx_word' id='word_1_208' title='bbox 693 1902 848 1971; x_wconf 78' lang='grc' dir='ltr'>ἡμῶν</span> <span class='ocrx_word' id='word_1_209' title='bbox 883 1901 1151 1970; x_wconf 79' lang='grc' dir='ltr'>βασιλέων</span> <span class='ocrx_word' id='word_1_210' title='bbox 1176 1903 1267 1953; x_wconf 76' lang='grc' dir='ltr'><strong>ἐπὶ</strong></span> <span class='ocrx_word' id='word_1_211' title='bbox 1307 1904 1614 1971; x_wconf 78' lang='grc' dir='ltr'>ὑπομνήσει</span> <span class='ocrx_word' id='word_1_212' title='bbox 1649 1904 1758 1956; x_wconf 81' lang='grc' dir='ltr'><strong>τῶν</strong></span> 
     </span>
    </p>
   </div>
   <div class='ocr_carea' id='block_1_34' title="bbox 1886 1891 3445 1973">
    <p class='ocr_par' dir='ltr' id='par_1_34' title="bbox 1886 1899 3445 1973">
     <span class='ocr_line' id='line_1_34' title="bbox 1886 1899 3445 1973; baseline 0.006 -25"><span class='ocrx_word' id='word_1_213' title='bbox 1886 1899 2212 1952; x_wconf 73' lang='lat' dir='ltr'><strong>tissitnorum</strong></span> <span class='ocrx_word' id='word_1_214' title='bbox 2248 1910 2300 1954; x_wconf 90' lang='lat' dir='ltr'><strong>et</strong></span> <span class='ocrx_word' id='word_1_215' title='bbox 2332 1911 2647 1956; x_wconf 88' lang='lat' dir='ltr'><strong>sanctorum</strong></span> <span class='ocrx_word' id='word_1_216' title='bbox 2702 1917 3011 1957; x_wconf 89' lang='lat' dir='ltr'><strong>nostrorum</strong></span> <span class='ocrx_word' id='word_1_217' title='bbox 3054 1905 3445 1973; x_wconf 81' lang='lat' dir='ltr'><strong>imperatorum</strong></span> 
     </span>
    </p>
   </div>
   <div class='ocr_carea' id='block_1_35' title="bbox 193 1993 1768 2064">
    <p class='ocr_par' dir='ltr' id='par_1_35' title="bbox 193 1993 1768 2064">
     <span class='ocr_line' id='line_1_35' title="bbox 193 1993 1768 2064; baseline 0.002 -20"><span class='ocrx_word' id='word_1_218' title='bbox 193 1993 604 2064; x_wconf 80' lang='grc' dir='ltr'>μοναστηρίων,</span> <span class='ocrx_word' id='word_1_219' title='bbox 639 1993 985 2046; x_wconf 73' lang='grc' dir='ltr'>ἐκκόπτουσα</span> <span class='ocrx_word' id='word_1_220' title='bbox 1013 1993 1112 2061; x_wconf 81' lang='grc' dir='ltr'>τὴν</span> <span class='ocrx_word' id='word_1_221' title='bbox 1157 1995 1522 2062; x_wconf 81' lang='grc' dir='ltr'>πραιτορικὴν</span> <span class='ocrx_word' id='word_1_222' title='bbox 1575 1996 1768 2063; x_wconf 78' lang='grc' dir='ltr'>χρείαν</span> 
     </span>
    </p>
   </div>
   <div class='ocr_carea' id='block_1_36' title="bbox 191 2086 1772 2157">
    <p class='ocr_par' dir='ltr' id='par_1_36' title="bbox 191 2086 1772 2157">
     <span class='ocr_line' id='line_1_36' title="bbox 191 2086 1772 2157; baseline -0.001 -18"><span class='ocrx_word' id='word_1_223' title='bbox 191 2089 292 2139; x_wconf 73' lang='grc' dir='ltr'><strong>καὶ</strong></span> <span class='ocrx_word' id='word_1_224' title='bbox 322 2088 421 2157; x_wconf 82' lang='grc' dir='ltr'>τὴν</span> <span class='ocrx_word' id='word_1_225' title='bbox 461 2087 854 2155; x_wconf 84' lang='grc' dir='ltr'>κατεπανικὴν,</span> <span class='ocrx_word' id='word_1_226' title='bbox 877 2088 970 2139; x_wconf 81' lang='grc' dir='ltr'><strong>καὶ</strong></span> <span class='ocrx_word' id='word_1_227' title='bbox 1019 2086 1368 2156; x_wconf 85' lang='grc' dir='ltr'>διοριζομένη</span> <span class='ocrx_word' id='word_1_228' title='bbox 1435 2086 1578 2155; x_wconf 77' lang='grc' dir='ltr'>ἔχειν</span> <span class='ocrx_word' id='word_1_229' title='bbox 1604 2088 1665 2138; x_wconf 88' lang='grc' dir='ltr'><strong>τὸ</strong></span> <span class='ocrx_word' id='word_1_230' title='bbox 1689 2091 1772 2140; x_wconf 68' lang='grc' dir='ltr'>ἐν-</span> 
     </span>
    </p>
   </div>
   <div class='ocr_carea' id='block_1_37' title="bbox 191 2179 1770 2251">
    <p class='ocr_par' dir='ltr' id='par_1_37' title="bbox 191 2179 1770 2251">
     <span class='ocr_line' id='line_1_37' title="bbox 191 2179 1770 2251; baseline 0.001 -21"><span class='ocrx_word' id='word_1_231' title='bbox 191 2196 216 2230; x_wconf 85' lang='grc' dir='ltr'><strong>ε</strong></span> <span class='ocrx_word' id='word_1_232' title='bbox 229 2180 362 2248; x_wconf 81' lang='grc' dir='ltr'>ργδν</span> <span class='ocrx_word' id='word_1_233' title='bbox 396 2180 467 2232; x_wconf 74' lang='grc' dir='ltr'>τὰ</span> <span class='ocrx_word' id='word_1_234' title='bbox 541 2180 916 2247; x_wconf 83' lang='grc' dir='ltr'>προγεγονότα</span> <span class='ocrx_word' id='word_1_235' title='bbox 940 2179 1341 2249; x_wconf 83' lang='grc' dir='ltr'>χρυσοϐούλλου</span> <span class='ocrx_word' id='word_1_236' title='bbox 1361 2180 1524 2251; x_wconf 83' lang='grc' dir='ltr'>χάριν</span> <span class='ocrx_word' id='word_1_237' title='bbox 1567 2179 1661 2232; x_wconf 82' lang='grc' dir='ltr'>τοῦ</span> <span class='ocrx_word' id='word_1_238' title='bbox 1695 2181 1770 2249; x_wconf 83' lang='grc' dir='ltr'>μὴ</span> 
     </span>
    </p>
   </div>
   <div class='ocr_carea' id='block_1_38' title="bbox 189 2270 1772 2343">
    <p class='ocr_par' dir='ltr' id='par_1_38' title="bbox 189 2270 1772 2343">
     <span class='ocr_line' id='line_1_38' title="bbox 189 2270 1772 2343; baseline 0.001 -19"><span class='ocrx_word' id='word_1_239' title='bbox 189 2270 618 2341; x_wconf 70' lang='grc' dir='ltr'>ἀναγράφεσθαι</span> <span class='ocrx_word' id='word_1_240' title='bbox 651 2273 720 2325; x_wconf 73' lang='grc' dir='ltr'>τὰ</span> <span class='ocrx_word' id='word_1_241' title='bbox 749 2272 859 2323; x_wconf 82' lang='grc' dir='ltr'>τῶν</span> <span class='ocrx_word' id='word_1_242' title='bbox 887 2272 1273 2341; x_wconf 89' lang='grc' dir='ltr'>μοναστηρίων</span> <span class='ocrx_word' id='word_1_243' title='bbox 1327 2274 1560 2343; x_wconf 84' lang='grc' dir='ltr'>ἀκίνητα</span> <span class='ocrx_word' id='word_1_244' title='bbox 1628 2276 1772 2326; x_wconf 72' lang='grc' dir='ltr'>κατὰ</span> 
     </span>
    </p>
   </div>
   <div class='ocr_carea' id='block_1_39' title="bbox 193 2364 1028 2436">
    <p class='ocr_par' dir='ltr' id='par_1_39' title="bbox 193 2364 1028 2436">
     <span class='ocr_line' id='line_1_39' title="bbox 193 2364 1028 2436; baseline 0 -20"><span class='ocrx_word' id='word_1_245' title='bbox 193 2365 355 2436; x_wconf 76' lang='grc' dir='ltr'>ῥῆμα</span> <span class='ocrx_word' id='word_1_246' title='bbox 385 2364 527 2416; x_wconf 80' lang='grc' dir='ltr'>οὕτω</span> <span class='ocrx_word' id='word_1_247' title='bbox 560 2365 1028 2431; x_wconf 75' lang='grc' dir='ltr'>δ.αλαμ6ἀνουσα’</span> 
     </span>
    </p>
   </div>
   <div class='ocr_carea' id='block_1_40' title="bbox 272 2454 1772 2524">
    <p class='ocr_par' dir='ltr' id='par_1_40' title="bbox 272 2454 1772 2524">
     <span class='ocr_line' id='line_1_40' title="bbox 272 2454 1772 2524; baseline -0.001 -18"><span class='ocrx_word' id='word_1_248' title='bbox 272 2457 333 2506; x_wconf 85' lang='grc' dir='ltr'><strong>Ἦ</strong></span> <span class='ocrx_word' id='word_1_249' title='bbox 371 2454 619 2524; x_wconf 81' lang='grc' dir='ltr'>βασιλεία</span> <span class='ocrx_word' id='word_1_250' title='bbox 643 2472 768 2521; x_wconf 90' lang='grc' dir='ltr'>μου,</span> <span class='ocrx_word' id='word_1_251' title='bbox 829 2455 930 2523; x_wconf 81' lang='grc' dir='ltr'>τῆς</span> <span class='ocrx_word' id='word_1_252' title='bbox 982 2457 1047 2506; x_wconf 84' lang='grc' dir='ltr'>ὲκ</span> <span class='ocrx_word' id='word_1_253' title='bbox 1091 2456 1199 2506; x_wconf 83' lang='grc' dir='ltr'><strong>τῶν</strong></span> <span class='ocrx_word' id='word_1_254' title='bbox 1254 2455 1537 2524; x_wconf 81' lang='grc' dir='ltr'>ὑμετέρων</span> <span class='ocrx_word' id='word_1_255' title='bbox 1600 2455 1772 2524; x_wconf 79' lang='grc' dir='ltr'>εὐχῶν</span> 
     </span>
    </p>
   </div>
   <div class='ocr_carea' id='block_1_41' title="bbox 197 2549 1774 2625">
    <p class='ocr_par' dir='ltr' id='par_1_41' title="bbox 197 2549 1774 2625">
     <span class='ocr_line' id='line_1_41' title="bbox 197 2549 1774 2625; baseline -0.002 -22"><span class='ocrx_word' id='word_1_256' title='bbox 197 2551 517 2625; x_wconf 70' lang='grc' dir='ltr'>συνάρσεως</span> <span class='ocrx_word' id='word_1_257' title='bbox 548 2551 848 2620; x_wconf 73' lang='grc' dir='ltr'>χρῄζουσα,</span> <span class='ocrx_word' id='word_1_258' title='bbox 879 2551 972 2602; x_wconf 81' lang='grc' dir='ltr'>καὶ</span> <span class='ocrx_word' id='word_1_259' title='bbox 1008 2553 1064 2602; x_wconf 81' lang='grc' dir='ltr'>ὲν</span> <span class='ocrx_word' id='word_1_260' title='bbox 1094 2551 1229 2602; x_wconf 86' lang='grc' dir='ltr'>πᾶσι</span> <span class='ocrx_word' id='word_1_261' title='bbox 1255 2549 1376 2603; x_wconf 78' lang='grc' dir='ltr'>κατ’</span> <span class='ocrx_word' id='word_1_262' title='bbox 1396 2551 1538 2619; x_wconf 70' lang='grc' dir='ltr'>ἴχνος</span> <span class='ocrx_word' id='word_1_263' title='bbox 1569 2550 1774 2620; x_wconf 81' lang='grc' dir='ltr'>βαίνειν</span> 
     </span>
    </p>
   </div>
   <div class='ocr_carea' id='block_1_42' title="bbox 195 2631 1774 2712">
    <p class='ocr_par' dir='ltr' id='par_1_42' title="bbox 195 2631 1774 2712">
     <span class='ocr_line' id='line_1_42' title="bbox 195 2631 1774 2712; baseline -0.001 -17"><span class='ocrx_word' id='word_1_264' title='bbox 195 2631 295 2696; x_wconf 58' lang='grc' dir='ltr'><strong>τού</strong></span> <span class='ocrx_word' id='word_1_265' title='bbox 325 2646 383 2694; x_wconf 82' lang='grc' dir='ltr'>ὲν</span> <span class='ocrx_word' id='word_1_266' title='bbox 418 2643 666 2712; x_wconf 80' lang='grc' dir='ltr'>μακαρίᾳ</span> <span class='ocrx_word' id='word_1_267' title='bbox 729 2644 795 2712; x_wconf 78' lang='grc' dir='ltr'>τῇ</span> <span class='ocrx_word' id='word_1_268' title='bbox 830 2641 985 2712; x_wconf 78' lang='grc' dir='ltr'>λήξει</span> <span class='ocrx_word' id='word_1_269' title='bbox 1036 2640 1307 2711; x_wconf 83' lang='grc' dir='ltr'>βασιλέως</span> <span class='ocrx_word' id='word_1_270' title='bbox 1361 2642 1623 2693; x_wconf 82' lang='grc' dir='ltr'>αὑθέντου</span> <span class='ocrx_word' id='word_1_271' title='bbox 1679 2643 1774 2696; x_wconf 73' lang='grc' dir='ltr'><strong>καὶ</strong></span> 
     </span>
    </p>
   </div>
   <div class='ocr_carea' id='block_1_43' title="bbox 197 2734 1776 2806">
    <p class='ocr_par' dir='ltr' id='par_1_43' title="bbox 197 2734 1776 2806">
     <span class='ocr_line' id='line_1_43' title="bbox 197 2734 1776 2806; baseline -0.001 -20"><span class='ocrx_word' id='word_1_272' title='bbox 197 2734 412 2806; x_wconf 75' lang='grc' dir='ltr'>πατρὸς</span> <span class='ocrx_word' id='word_1_273' title='bbox 443 2735 611 2804; x_wconf 79' lang='grc' dir='ltr'>αὐτῆς</span> <span class='ocrx_word' id='word_1_274' title='bbox 642 2734 893 2793; x_wconf 85' lang='grc' dir='ltr'>θέλουσα,</span> <span class='ocrx_word' id='word_1_275' title='bbox 943 2735 1038 2786; x_wconf 75' lang='grc' dir='ltr'>καὶ</span> <span class='ocrx_word' id='word_1_276' title='bbox 1087 2734 1150 2786; x_wconf 83' lang='grc' dir='ltr'><strong>τὸ</strong></span> <span class='ocrx_word' id='word_1_277' title='bbox 1205 2734 1335 2802; x_wconf 75' lang='grc' dir='ltr'>περὶ</span> <span class='ocrx_word' id='word_1_278' title='bbox 1395 2734 1521 2796; x_wconf 82' lang='grc' dir='ltr'>τοὺς</span> <span class='ocrx_word' id='word_1_279' title='bbox 1589 2736 1776 2786; x_wconf 76' lang='grc' dir='ltr'>ἀνατε-</span> 
     </span>
    </p>
   </div>
   <div class='ocr_carea' id='block_1_44' title="bbox 201 2825 1776 2896">
    <p class='ocr_par' dir='ltr' id='par_1_44' title="bbox 201 2825 1776 2896">
     <span class='ocr_line' id='line_1_44' title="bbox 201 2825 1776 2896; baseline -0.001 -18"><span class='ocrx_word' id='word_1_280' title='bbox 201 2827 496 2896; x_wconf 85' lang='grc' dir='ltr'>θειμένους</span> <span class='ocrx_word' id='word_1_281' title='bbox 525 2826 671 2893; x_wconf 78' lang='grc' dir='ltr'>ὑμᾶς</span> <span class='ocrx_word' id='word_1_282' title='bbox 706 2826 783 2895; x_wconf 83' lang='grc' dir='ltr'>τῷ</span> <span class='ocrx_word' id='word_1_283' title='bbox 817 2825 937 2894; x_wconf 81' lang='grc' dir='ltr'><strong>Θεῷ</strong></span> <span class='ocrx_word' id='word_1_284' title='bbox 968 2825 1317 2896; x_wconf 81' lang='grc' dir='ltr'>εὐεργετικὸν</span> <span class='ocrx_word' id='word_1_285' title='bbox 1347 2825 1558 2877; x_wconf 76' lang='grc' dir='ltr'>ἐκείνου</span> <span class='ocrx_word' id='word_1_286' title='bbox 1589 2829 1776 2896; x_wconf 85' lang='grc' dir='ltr'>μιμεῖ-</span> 
     </span>
    </p>
   </div>
   <div class='ocr_carea' id='block_1_45' title="bbox 200 2918 1777 2989">
    <p class='ocr_par' dir='ltr' id='par_1_45' title="bbox 200 2918 1777 2989">
     <span class='ocr_line' id='line_1_45' title="bbox 200 2918 1777 2989; baseline -0.001 -18"><span class='ocrx_word' id='word_1_287' title='bbox 200 2920 331 2971; x_wconf 85' lang='grc' dir='ltr'>σθαι</span> <span class='ocrx_word' id='word_1_288' title='bbox 358 2920 681 2989; x_wconf 76' lang='grc' dir='ltr'>προῄρηται.</span> <span class='ocrx_word' id='word_1_289' title='bbox 724 2918 909 2986; x_wconf 87' lang='grc' dir='ltr'>Ταύτη</span> <span class='ocrx_word' id='word_1_290' title='bbox 938 2934 1018 2969; x_wconf 91' lang='grc' dir='ltr'>τοι.</span> <span class='ocrx_word' id='word_1_291' title='bbox 1050 2920 1145 2970; x_wconf 70' lang='grc' dir='ltr'><strong>καὶ</strong></span> <span class='ocrx_word' id='word_1_292' title='bbox 1171 2918 1257 2969; x_wconf 78' lang='grc' dir='ltr'>διὰ</span> <span class='ocrx_word' id='word_1_293' title='bbox 1289 2920 1418 2987; x_wconf 86' lang='grc' dir='ltr'>μιᾶς</span> <span class='ocrx_word' id='word_1_294' title='bbox 1455 2918 1655 2988; x_wconf 83' lang='grc' dir='ltr'>ταύτης</span> <span class='ocrx_word' id='word_1_295' title='bbox 1679 2921 1777 2987; x_wconf 79' lang='grc' dir='ltr'>τῆς</span> 
     </span>
    </p>
   </div>
   <div class='ocr_carea' id='block_1_46' title="bbox 199 3009 1778 3079">
    <p class='ocr_par' dir='ltr' id='par_1_46' title="bbox 199 3009 1778 3079">
     <span class='ocr_line' id='line_1_46' title="bbox 199 3009 1778 3079; baseline 0 -17"><span class='ocrx_word' id='word_1_296' title='bbox 199 3013 292 3077; x_wconf 76' lang='grc' dir='ltr'><strong>ἐφ’</strong></span> <span class='ocrx_word' id='word_1_297' title='bbox 330 3012 456 3079; x_wconf 74' lang='grc' dir='ltr'>ὑμῖν</span> <span class='ocrx_word' id='word_1_298' title='bbox 489 3011 850 3077; x_wconf 83' lang='grc' dir='ltr'>ἁγαθοποιίας</span> <span class='ocrx_word' id='word_1_299' title='bbox 885 3012 979 3062; x_wconf 83' lang='grc' dir='ltr'>καὶ</span> <span class='ocrx_word' id='word_1_300' title='bbox 999 3009 1076 3079; x_wconf 86' lang='grc' dir='ltr'>τῷ</span> <span class='ocrx_word' id='word_1_301' title='bbox 1123 3009 1508 3078; x_wconf 89' lang='grc' dir='ltr'>βασιλεύσαντι</span> <span class='ocrx_word' id='word_1_302' title='bbox 1575 3010 1778 3079; x_wconf 78' lang='grc' dir='ltr'>ταύτην</span> 
     </span>
    </p>
   </div>
   <div class='ocr_carea' id='block_1_47' title="bbox 197 3102 1778 3174">
    <p class='ocr_par' dir='ltr' id='par_1_47' title="bbox 197 3102 1778 3174">
     <span class='ocr_line' id='line_1_47' title="bbox 197 3102 1778 3174; baseline 0 -20"><span class='ocrx_word' id='word_1_303' title='bbox 197 3105 328 3174; x_wconf 82' lang='grc' dir='ltr'><strong>Θεῴ</strong></span> <span class='ocrx_word' id='word_1_304' title='bbox 357 3103 667 3173; x_wconf 80' lang='grc' dir='ltr'>χαρίζεται,</span> <span class='ocrx_word' id='word_1_305' title='bbox 695 3103 791 3155; x_wconf 75' lang='grc' dir='ltr'>καὶ</span> <span class='ocrx_word' id='word_1_306' title='bbox 847 3105 912 3171; x_wconf 82' lang='grc' dir='ltr'>τῇ</span> <span class='ocrx_word' id='word_1_307' title='bbox 951 3102 1046 3154; x_wconf 82' lang='grc' dir='ltr'>τοῦ</span> <span class='ocrx_word' id='word_1_308' title='bbox 1096 3104 1359 3155; x_wconf 83' lang='grc' dir='ltr'>αὑθέντου</span> <span class='ocrx_word' id='word_1_309' title='bbox 1420 3104 1512 3154; x_wconf 81' lang='grc' dir='ltr'><strong>καὶ</strong></span> <span class='ocrx_word' id='word_1_310' title='bbox 1571 3109 1778 3172; x_wconf 59' lang='grc' dir='ltr'>πατρὶς</span> 
     </span>
    </p>
   </div>
   <div class='ocr_carea' id='block_1_48' title="bbox 198 3195 1781 3267">
    <p class='ocr_par' dir='ltr' id='par_1_48' title="bbox 198 3195 1781 3267">
     <span class='ocr_line' id='line_1_48' title="bbox 198 3195 1781 3267; baseline -0.002 -18"><span class='ocrx_word' id='word_1_311' title='bbox 198 3201 304 3267; x_wconf 78' lang='grc' dir='ltr'><strong>τῆς</strong></span> <span class='ocrx_word' id='word_1_312' title='bbox 339 3196 612 3266; x_wconf 75' lang='grc' dir='ltr'>βασιλείας</span> <span class='ocrx_word' id='word_1_313' title='bbox 662 3213 764 3265; x_wconf 92' lang='grc' dir='ltr'><strong>μου</strong></span> <span class='ocrx_word' id='word_1_314' title='bbox 829 3196 961 3266; x_wconf 81' lang='grc' dir='ltr'>ἁγίᾳ</span> <span class='ocrx_word' id='word_1_315' title='bbox 1017 3195 1184 3266; x_wconf 79' lang='grc' dir='ltr'>ψυχῇ,</span> <span class='ocrx_word' id='word_1_316' title='bbox 1234 3198 1328 3248; x_wconf 79' lang='grc' dir='ltr'><strong>καὶ</strong></span> <span class='ocrx_word' id='word_1_317' title='bbox 1400 3195 1477 3265; x_wconf 90' lang='grc' dir='ltr'>τῷ</span> <span class='ocrx_word' id='word_1_318' title='bbox 1527 3196 1781 3266; x_wconf 80' lang='grc' dir='ltr'>ἡμετέρῳ</span> 
     </span>
    </p>
   </div>
   <div class='ocr_carea' id='block_1_49' title="bbox 197 3287 1782 3361">
    <p class='ocr_par' dir='ltr' id='par_1_49' title="bbox 197 3287 1782 3361">
     <span class='ocr_line' id='line_1_49' title="bbox 197 3287 1782 3361; baseline -0.002 -18"><span class='ocrx_word' id='word_1_319' title='bbox 197 3291 398 3361; x_wconf 78' lang='grc' dir='ltr'>κράτει</span> <span class='ocrx_word' id='word_1_320' title='bbox 459 3290 560 3359; x_wconf 83' lang='grc' dir='ltr'><strong>τῆς</strong></span> <span class='ocrx_word' id='word_1_321' title='bbox 642 3294 721 3352; x_wconf 83' lang='grc' dir='ltr'>εἰς</span> <span class='ocrx_word' id='word_1_322' title='bbox 780 3289 844 3341; x_wconf 83' lang='grc' dir='ltr'><strong>τὸ</strong></span> <span class='ocrx_word' id='word_1_323' title='bbox 896 3287 1100 3355; x_wconf 83' lang='grc' dir='ltr'>ἀγαθὸν</span> <span class='ocrx_word' id='word_1_324' title='bbox 1151 3289 1434 3359; x_wconf 80' lang='grc' dir='ltr'>προκοπῆς</span> <span class='ocrx_word' id='word_1_325' title='bbox 1498 3288 1782 3358; x_wconf 76' lang='grc' dir='ltr'>ὑποϐάθρα</span> 
     </span>
    </p>
   </div>
   <div class='ocr_carea' id='block_1_50' title="bbox 204 3379 1786 3451">
    <p class='ocr_par' dir='ltr' id='par_1_50' title="bbox 204 3379 1786 3451">
     <span class='ocr_line' id='line_1_50' title="bbox 204 3379 1786 3451; baseline -0.002 -16"><span class='ocrx_word' id='word_1_326' title='bbox 204 3381 309 3435; x_wconf 76' lang='grc' dir='ltr'>καὶ</span> <span class='ocrx_word' id='word_1_327' title='bbox 337 3380 585 3451; x_wconf 77' lang='grc' dir='ltr'>θεμέλιος</span> <span class='ocrx_word' id='word_1_328' title='bbox 623 3380 855 3445; x_wconf 82' lang='grc' dir='ltr'>τίθεται,</span> <span class='ocrx_word' id='word_1_329' title='bbox 889 3381 985 3434; x_wconf 73' lang='grc' dir='ltr'>καὶ</span> <span class='ocrx_word' id='word_1_330' title='bbox 1007 3379 1294 3448; x_wconf 81' lang='grc' dir='ltr'>ὲπικλινὴς</span> <span class='ocrx_word' id='word_1_331' title='bbox 1342 3383 1407 3448; x_wconf 87' lang='grc' dir='ltr'>τῇ</span> <span class='ocrx_word' id='word_1_332' title='bbox 1442 3380 1598 3448; x_wconf 84' lang='grc' dir='ltr'>ὑμῶν</span> <span class='ocrx_word' id='word_1_333' title='bbox 1631 3397 1786 3448; x_wconf 79' lang='grc' dir='ltr'>γενο·</span> 
     </span>
    </p>
   </div>
   <div class='ocr_carea' id='block_1_51' title="bbox 204 3473 1786 3544">
    <p class='ocr_par' dir='ltr' id='par_1_51' title="bbox 204 3473 1786 3544">
     <span class='ocr_line' id='line_1_51' title="bbox 204 3473 1786 3544; baseline -0.001 -17"><span class='ocrx_word' id='word_1_334' title='bbox 204 3474 352 3544; x_wconf 72' lang='grc' dir='ltr'>μένῃ</span> <span class='ocrx_word' id='word_1_335' title='bbox 376 3475 612 3543; x_wconf 83' lang='grc' dir='ltr'>αίτήσει,</span> <span class='ocrx_word' id='word_1_336' title='bbox 666 3473 728 3525; x_wconf 80' lang='grc' dir='ltr'>τὸ</span> <span class='ocrx_word' id='word_1_337' title='bbox 789 3473 1014 3544; x_wconf 77' lang='grc' dir='ltr'>ἐνεργὸν</span> <span class='ocrx_word' id='word_1_338' title='bbox 1091 3473 1239 3542; x_wconf 74' lang='grc' dir='ltr'>ἔχειν</span> <span class='ocrx_word' id='word_1_339' title='bbox 1331 3473 1425 3524; x_wconf 78' lang='grc' dir='ltr'><strong>καὶ</strong></span> <span class='ocrx_word' id='word_1_340' title='bbox 1500 3473 1786 3542; x_wconf 83' lang='grc' dir='ltr'>ἁπαρασά-</span> 
     </span>
    </p>
   </div>
   <div class='ocr_carea' id='block_1_52' title="bbox 199 3565 1784 3636">
    <p class='ocr_par' dir='ltr' id='par_1_52' title="bbox 199 3565 1784 3636">
     <span class='ocr_line' id='line_1_52' title="bbox 199 3565 1784 3636; baseline -0.003 -17"><span class='ocrx_word' id='word_1_341' title='bbox 199 3569 396 3620; x_wconf 86' lang='grc' dir='ltr'>λευτον</span> <span class='ocrx_word' id='word_1_342' title='bbox 416 3570 510 3620; x_wconf 81' lang='grc' dir='ltr'>καὶ</span> <span class='ocrx_word' id='word_1_343' title='bbox 543 3567 939 3636; x_wconf 81' lang='grc' dir='ltr'>ἀμετακίνητον</span> <span class='ocrx_word' id='word_1_344' title='bbox 970 3566 1095 3628; x_wconf 83' lang='grc' dir='ltr'>τοὺς</span> <span class='ocrx_word' id='word_1_345' title='bbox 1169 3566 1257 3618; x_wconf 73' lang='grc' dir='ltr'><strong>ἐπ’</strong></span> <span class='ocrx_word' id='word_1_346' title='bbox 1306 3566 1595 3635; x_wconf 74' lang='grc' dir='ltr'>εὐεργεσίᾳ</span> <span class='ocrx_word' id='word_1_347' title='bbox 1676 3565 1784 3616; x_wconf 85' lang='grc' dir='ltr'><strong>τῶν</strong></span> 
     </span>
    </p>
   </div>
   <div class='ocr_carea' id='block_1_53' title="bbox 201 3656 1786 3728">
    <p class='ocr_par' dir='ltr' id='par_1_53' title="bbox 201 3656 1786 3728">
     <span class='ocr_line' id='line_1_53' title="bbox 201 3656 1786 3728; baseline -0.004 -15"><span class='ocrx_word' id='word_1_348' title='bbox 201 3660 331 3713; x_wconf 81' lang='grc' dir='ltr'>καθ’</span> <span class='ocrx_word' id='word_1_349' title='bbox 364 3659 507 3728; x_wconf 77' lang='grc' dir='ltr'>ὑμᾶς</span> <span class='ocrx_word' id='word_1_350' title='bbox 541 3660 719 3727; x_wconf 83' lang='grc' dir='ltr'>μονῶν</span> <span class='ocrx_word' id='word_1_351' title='bbox 771 3657 1142 3719; x_wconf 79' lang='grc' dir='ltr'>ἀπολυθέντας</span> <span class='ocrx_word' id='word_1_352' title='bbox 1165 3659 1313 3727; x_wconf 86' lang='grc' dir='ltr'>τρεῖς</span> <span class='ocrx_word' id='word_1_353' title='bbox 1359 3656 1786 3725; x_wconf 78' lang='grc' dir='ltr'>χρυσοϐούλλους</span> 
     </span>
    </p>
   </div>
   <div class='ocr_carea' id='block_1_54' title="bbox 201 3749 1785 3823">
    <p class='ocr_par' dir='ltr' id='par_1_54' title="bbox 201 3749 1785 3823">
     <span class='ocr_line' id='line_1_54' title="bbox 201 3749 1785 3823; baseline -0.003 -18"><span class='ocrx_word' id='word_1_354' title='bbox 201 3754 400 3821; x_wconf 83' lang='grc' dir='ltr'>λόγους</span> <span class='ocrx_word' id='word_1_355' title='bbox 434 3753 585 3823; x_wconf 77' lang='grc' dir='ltr'>παρὰ</span> <span class='ocrx_word' id='word_1_356' title='bbox 609 3752 709 3821; x_wconf 82' lang='grc' dir='ltr'>τῆς</span> <span class='ocrx_word' id='word_1_357' title='bbox 737 3752 898 3820; x_wconf 82' lang='grc' dir='ltr'>ἁγίας</span> <span class='ocrx_word' id='word_1_358' title='bbox 927 3751 1139 3804; x_wconf 76' lang='grc' dir='ltr'>ἐκείνου</span> <span class='ocrx_word' id='word_1_359' title='bbox 1167 3750 1440 3818; x_wconf 71' lang='grc' dir='ltr'>βασιλείας</span> <span class='ocrx_word' id='word_1_360' title='bbox 1469 3749 1785 3818; x_wconf 80' lang='grc' dir='ltr'>διορίζεται,</span> 
     </span>
    </p>
   </div>
   <div class='ocr_carea' id='block_1_55' title="bbox 204 3841 1783 3914">
    <p class='ocr_par' dir='ltr' id='par_1_55' title="bbox 204 3841 1783 3914">
     <span class='ocr_line' id='line_1_55' title="bbox 204 3841 1783 3914; baseline -0.004 -14"><span class='ocrx_word' id='word_1_361' title='bbox 204 3847 312 3900; x_wconf 80' lang='grc' dir='ltr'>καὶ</span> <span class='ocrx_word' id='word_1_362' title='bbox 349 3845 442 3898; x_wconf 64' lang='grc' dir='ltr'><strong>ἰπὶ</strong></span> <span class='ocrx_word' id='word_1_363' title='bbox 470 3846 570 3914; x_wconf 80' lang='grc' dir='ltr'>τῆς</span> <span class='ocrx_word' id='word_1_364' title='bbox 597 3844 770 3914; x_wconf 78' lang='grc' dir='ltr'>αὐτῆς</span> <span class='ocrx_word' id='word_1_365' title='bbox 811 3844 1236 3913; x_wconf 82' lang='grc' dir='ltr'>ἀμετακινήτως</span> <span class='ocrx_word' id='word_1_366' title='bbox 1266 3843 1447 3912; x_wconf 83' lang='grc' dir='ltr'>μένειν</span> <span class='ocrx_word' id='word_1_367' title='bbox 1475 3841 1783 3910; x_wconf 85' lang='grc' dir='ltr'>δυνάμεως,</span> 
     </span>
    </p>
   </div>
   <div class='ocr_carea' id='block_1_56' title="bbox 209 3933 1784 4008">
    <p class='ocr_par' dir='ltr' id='par_1_56' title="bbox 209 3933 1784 4008">
     <span class='ocr_line' id='line_1_56' title="bbox 209 3933 1784 4008; baseline -0.004 -17"><span class='ocrx_word' id='word_1_368' title='bbox 209 3939 304 4006; x_wconf 77' lang='grc' dir='ltr'><strong>ἐφ’</strong></span> <span class='ocrx_word' id='word_1_369' title='bbox 329 3933 396 4008; x_wconf 82' lang='grc' dir='ltr'>ἧς</span> <span class='ocrx_word' id='word_1_370' title='bbox 418 3938 557 3991; x_wconf 74' lang='grc' dir='ltr'>κατὰ</span> <span class='ocrx_word' id='word_1_371' title='bbox 583 3938 682 4008; x_wconf 83' lang='grc' dir='ltr'>τὴν</span> <span class='ocrx_word' id='word_1_372' title='bbox 713 3936 888 4007; x_wconf 76' lang='grc' dir='ltr'>ἀρχὴν</span> <span class='ocrx_word' id='word_1_373' title='bbox 911 3935 1262 4006; x_wconf 79' lang='grc' dir='ltr'>ἑξετέθησαν,</span> <span class='ocrx_word' id='word_1_374' title='bbox 1296 3935 1389 3986; x_wconf 80' lang='grc' dir='ltr'><strong>καὶ</strong></span> <span class='ocrx_word' id='word_1_375' title='bbox 1432 3934 1502 3985; x_wconf 79' lang='grc' dir='ltr'>τὰ</span> <span class='ocrx_word' id='word_1_376' title='bbox 1559 3933 1784 3985; x_wconf 73' lang='grc' dir='ltr'>ἀκολού-</span> 
     </span>
    </p>
   </div>
   <div class='ocr_carea' id='block_1_57' title="bbox 205 4024 1788 4098">
    <p class='ocr_par' dir='ltr' id='par_1_57' title="bbox 205 4024 1788 4098">
     <span class='ocr_line' id='line_1_57' title="bbox 205 4024 1788 4098; baseline -0.006 -14"><span class='ocrx_word' id='word_1_377' title='bbox 205 4033 324 4094; x_wconf 88' lang='grc' dir='ltr'><strong>θως</strong></span> <span class='ocrx_word' id='word_1_378' title='bbox 360 4031 415 4083; x_wconf 84' lang='grc' dir='ltr'>δὲ</span> <span class='ocrx_word' id='word_1_379' title='bbox 445 4030 656 4091; x_wconf 84' lang='grc' dir='ltr'>τούτοις</span> <span class='ocrx_word' id='word_1_380' title='bbox 686 4029 968 4098; x_wconf 78' lang='grc' dir='ltr'>προδάντα</span> <span class='ocrx_word' id='word_1_381' title='bbox 993 4029 1092 4096; x_wconf 82' lang='grc' dir='ltr'>τῆς</span> <span class='ocrx_word' id='word_1_382' title='bbox 1127 4026 1479 4096; x_wconf 85' lang='grc' dir='ltr'>παραδόσεως</span> <span class='ocrx_word' id='word_1_383' title='bbox 1507 4024 1788 4094; x_wconf 80' lang='grc' dir='ltr'>πρακτικὰ</span> 
     </span>
    </p>
   </div>
   <div class='ocr_carea' id='block_1_58' title="bbox 203 4117 1785 4199">
    <p class='ocr_par' dir='ltr' id='par_1_58' title="bbox 203 4117 1785 4199">
     <span class='ocr_line' id='line_1_58' title="bbox 203 4117 1785 4199; baseline -0.006 -22"><span class='ocrx_word' id='word_1_384' title='bbox 203 4128 270 4177; x_wconf 83' lang='grc' dir='ltr'><strong>τὸ</strong></span> <span class='ocrx_word' id='word_1_385' title='bbox 303 4122 540 4194; x_wconf 84' lang='grc' dir='ltr'>ἀσφαλὲς</span> <span class='ocrx_word' id='word_1_386' title='bbox 563 4123 958 4199; x_wconf 76' lang='grc' dir='ltr'>ἀποφέρεσθαι,</span> <span class='ocrx_word' id='word_1_387' title='bbox 981 4122 1085 4174; x_wconf 78' lang='grc' dir='ltr'><strong>κᾶν</strong></span> <span class='ocrx_word' id='word_1_388' title='bbox 1116 4120 1252 4190; x_wconf 86' lang='grc' dir='ltr'>μετὰ</span> <span class='ocrx_word' id='word_1_389' title='bbox 1274 4119 1476 4170; x_wconf 83' lang='grc' dir='ltr'>διετίαν</span> <span class='ocrx_word' id='word_1_390' title='bbox 1506 4117 1785 4185; x_wconf 84' lang='grc' dir='ltr'>γεγόνασι,</span> 
     </span>
    </p>
   </div>
   <div class='ocr_carea' id='block_1_59' title="bbox 205 4213 1787 4284">
    <p class='ocr_par' dir='ltr' id='par_1_59' title="bbox 205 4213 1787 4284">
     <span class='ocr_line' id='line_1_59' title="bbox 205 4213 1787 4284; baseline -0.004 -14"><span class='ocrx_word' id='word_1_391' title='bbox 205 4219 318 4271; x_wconf 74' lang='grc' dir='ltr'><strong>κᾶν</strong></span> <span class='ocrx_word' id='word_1_392' title='bbox 347 4220 474 4280; x_wconf 73' lang='grc' dir='ltr'>ἴσως</span> <span class='ocrx_word' id='word_1_393' title='bbox 502 4217 623 4270; x_wconf 86' lang='grc' dir='ltr'>τινὰ</span> <span class='ocrx_word' id='word_1_394' title='bbox 667 4216 871 4268; x_wconf 85' lang='grc' dir='ltr'>τούτων</span> <span class='ocrx_word' id='word_1_395' title='bbox 947 4217 1059 4278; x_wconf 89' lang='grc' dir='ltr'>τοῖς</span> <span class='ocrx_word' id='word_1_396' title='bbox 1115 4214 1441 4284; x_wconf 69' lang='grc' dir='ltr'>προσφόροις</span> <span class='ocrx_word' id='word_1_397' title='bbox 1509 4213 1787 4283; x_wconf 79' lang='grc' dir='ltr'>σεκρέτοις</span> 
     </span>
    </p>
   </div>
   <div class='ocr_carea' id='block_1_60' title="bbox 208 4302 1784 4381">
    <p class='ocr_par' dir='ltr' id='par_1_60' title="bbox 208 4302 1784 4381">
     <span class='ocr_line' id='line_1_60' title="bbox 208 4302 1784 4381; baseline -0.006 -18"><span class='ocrx_word' id='word_1_398' title='bbox 208 4308 685 4381; x_wconf 77' lang='grc' dir='ltr'>καταστρωθῆναι</span> <span class='ocrx_word' id='word_1_399' title='bbox 712 4309 812 4360; x_wconf 82' lang='grc' dir='ltr'>οὐκ</span> <span class='ocrx_word' id='word_1_400' title='bbox 841 4306 1110 4375; x_wconf 77' lang='grc' dir='ltr'>ἔφθασαν,</span> <span class='ocrx_word' id='word_1_401' title='bbox 1141 4304 1251 4357; x_wconf 84' lang='grc' dir='ltr'>τῶν</span> <span class='ocrx_word' id='word_1_402' title='bbox 1283 4306 1363 4367; x_wconf 86' lang='grc' dir='ltr'>εἰς</span> <span class='ocrx_word' id='word_1_403' title='bbox 1418 4305 1717 4374; x_wconf 80' lang='grc' dir='ltr'>ἑρμηνείαν</span> <span class='ocrx_word' id='word_1_404' title='bbox 1753 4302 1784 4370; x_wconf 80' lang='grc' dir='ltr'>ἢ</span> 
     </span>
    </p>
   </div>
   <div class='ocr_carea' id='block_1_61' title="bbox 209 4394 1788 4474">
    <p class='ocr_par' dir='ltr' id='par_1_61' title="bbox 209 4394 1788 4474">
     <span class='ocr_line' id='line_1_61' title="bbox 209 4394 1788 4474; baseline -0.008 -16"><span class='ocrx_word' id='word_1_405' title='bbox 209 4403 532 4474; x_wconf 80' lang='grc' dir='ltr'>ἀνατροπὴν</span> <span class='ocrx_word' id='word_1_406' title='bbox 555 4403 653 4470; x_wconf 82' lang='grc' dir='ltr'>τῆς</span> <span class='ocrx_word' id='word_1_407' title='bbox 677 4401 786 4453; x_wconf 83' lang='grc' dir='ltr'><strong>τῶν</strong></span> <span class='ocrx_word' id='word_1_408' title='bbox 811 4397 1225 4470; x_wconf 80' lang='grc' dir='ltr'>χρυσοὸούλλων</span> <span class='ocrx_word' id='word_1_409' title='bbox 1251 4397 1535 4467; x_wconf 85' lang='grc' dir='ltr'>δυνάμεως</span> <span class='ocrx_word' id='word_1_410' title='bbox 1557 4394 1788 4465; x_wconf 83' lang='grc' dir='ltr'>μερικὴν</span> 
     </span>
    </p>
   </div>
   <div class='ocr_carea' id='block_1_62' title="bbox 214 4489 1786 4569">
    <p class='ocr_par' dir='ltr' id='par_1_62' title="bbox 214 4489 1786 4569">
     <span class='ocr_line' id='line_1_62' title="bbox 214 4489 1786 4569; baseline -0.008 -18"><span class='ocrx_word' id='word_1_411' title='bbox 214 4501 249 4569; x_wconf 86' lang='grc' dir='ltr'>ἢ</span> <span class='ocrx_word' id='word_1_412' title='bbox 287 4497 519 4551; x_wconf 79' lang='grc' dir='ltr'>καθόλου</span> <span class='ocrx_word' id='word_1_413' title='bbox 543 4493 926 4549; x_wconf 80' lang='grc' dir='ltr'>ἀπολυθέντων</span> <span class='ocrx_word' id='word_1_414' title='bbox 978 4490 1252 4544; x_wconf 87' lang='grc' dir='ltr'>παντοίων</span> <span class='ocrx_word' id='word_1_415' title='bbox 1327 4489 1786 4562; x_wconf 82' lang='grc' dir='ltr'>προσταγμάτων,</span> 
     </span>
    </p>
   </div>
   <div class='ocr_carea' id='block_1_63' title="bbox 1876 1994 3443 2064">
    <p class='ocr_par' dir='ltr' id='par_1_63' title="bbox 1876 1994 3443 2064">
     <span class='ocr_line' id='line_1_63' title="bbox 1876 1994 3443 2064; baseline 0.006 -22"><span class='ocrx_word' id='word_1_416' title='bbox 1876 2006 2043 2056; x_wconf 90' lang='lat' dir='ltr'><strong>super</strong></span> <span class='ocrx_word' id='word_1_417' title='bbox 2081 1994 2539 2047; x_wconf 84' lang='lat' dir='ltr'><strong>monasteriorum</strong></span> <span class='ocrx_word' id='word_1_418' title='bbox 2574 1997 3021 2058; x_wconf 89' lang='lat' dir='ltr'><strong>commonitione,</strong></span> <span class='ocrx_word' id='word_1_419' title='bbox 3074 2012 3194 2064; x_wconf 66' lang='lat' dir='ltr'><strong>quae</strong></span> <span class='ocrx_word' id='word_1_420' title='bbox 3227 2012 3443 2051; x_wconf 74' lang='lat' dir='ltr'><strong>omnem</strong></span> 
     </span>
    </p>
   </div>
   <div class='ocr_carea' id='block_1_64' title="bbox 1876 2087 3448 2156">
    <p class='ocr_par' dir='ltr' id='par_1_64' title="bbox 1876 2087 3448 2156">
     <span class='ocr_line' id='line_1_64' title="bbox 1876 2087 3448 2156; baseline 0.004 -21"><span class='ocrx_word' id='word_1_421' title='bbox 1876 2099 2030 2137; x_wconf 90' lang='lat' dir='ltr'><strong>usum</strong></span> <span class='ocrx_word' id='word_1_422' title='bbox 2064 2087 2446 2151; x_wconf 69' lang='lat' dir='ltr'><strong>praetorianum</strong></span> <span class='ocrx_word' id='word_1_423' title='bbox 2501 2100 2554 2139; x_wconf 90' lang='lat' dir='ltr'><strong>et</strong></span> <span class='ocrx_word' id='word_1_424' title='bbox 2607 2090 2986 2156; x_wconf 78' lang='lat' dir='ltr'><strong>eatepanicum</strong></span> <span class='ocrx_word' id='word_1_425' title='bbox 3039 2091 3331 2152; x_wconf 81' lang='lat' dir='ltr'><strong>exscindit,</strong></span> <span class='ocrx_word' id='word_1_426' title='bbox 3392 2101 3448 2142; x_wconf 83' lang='lat' dir='ltr'><strong>et</strong></span> 
     </span>
    </p>
   </div>
   <div class='ocr_carea' id='block_1_65' title="bbox 1876 2177 3425 2248">
    <p class='ocr_par' dir='ltr' id='par_1_65' title="bbox 1876 2177 3425 2248">
     <span class='ocr_line' id='line_1_65' title="bbox 1876 2177 3425 2248; baseline 0.003 -19"><span class='ocrx_word' id='word_1_427' title='bbox 1876 2177 2084 2242; x_wconf 84' lang='lat' dir='ltr'><strong>statuit,</strong></span> <span class='ocrx_word' id='word_1_428' title='bbox 2123 2187 2182 2230; x_wconf 89' lang='lat' dir='ltr'><strong>ut</strong></span> <span class='ocrx_word' id='word_1_429' title='bbox 2214 2179 2488 2248; x_wconf 45' lang='lat' dir='ltr'><strong>praedictae</strong></span> <span class='ocrx_word' id='word_1_430' title='bbox 2541 2177 2708 2233; x_wconf 78' lang='lat' dir='ltr'><strong>Bulla:</strong></span> <span class='ocrx_word' id='word_1_431' title='bbox 2741 2183 2932 2234; x_wconf 69' lang='lat' dir='ltr'><strong>Aut-etc</strong></span> <span class='ocrx_word' id='word_1_432' title='bbox 2982 2183 3087 2234; x_wconf 90' lang='lat' dir='ltr'><strong>vim</strong></span> <span class='ocrx_word' id='word_1_433' title='bbox 3138 2196 3292 2234; x_wconf 88' lang='lat' dir='ltr'><strong>suam</strong></span> <span class='ocrx_word' id='word_1_434' title='bbox 3333 2197 3425 2234; x_wconf 87' lang='lat' dir='ltr'><strong>sor</strong></span> 
     </span>
    </p>
   </div>
   <div class='ocr_carea' id='block_1_66' title="bbox 1877 2269 3447 2327">
    <p class='ocr_par' dir='ltr' id='par_1_66' title="bbox 1877 2269 3447 2327">
     <span class='ocr_line' id='line_1_66' title="bbox 1877 2269 3447 2327; baseline 0.005 -9"><span class='ocrx_word' id='word_1_435' title='bbox 1877 2269 2083 2320; x_wconf 87' lang='lat' dir='ltr'><strong>tiantur</strong></span> <span class='ocrx_word' id='word_1_436' title='bbox 2113 2269 2179 2322; x_wconf 92' lang='lat' dir='ltr'><strong>de</strong></span> <span class='ocrx_word' id='word_1_437' title='bbox 2213 2285 2318 2323; x_wconf 90' lang='lat' dir='ltr'><strong>non</strong></span> <span class='ocrx_word' id='word_1_438' title='bbox 2353 2270 2731 2324; x_wconf 81' lang='lat' dir='ltr'><strong>describendis</strong></span> <span class='ocrx_word' id='word_1_439' title='bbox 2758 2273 3216 2326; x_wconf 85' lang='lat' dir='ltr'><strong>tuouastetiormn</strong></span> <span class='ocrx_word' id='word_1_440' title='bbox 3250 2275 3447 2327; x_wconf 82' lang='lat' dir='ltr'><strong>immo-</strong></span> 
     </span>
    </p>
   </div>
   <div class='ocr_carea' id='block_1_67' title="bbox 1876 2358 3055 2426">
    <p class='ocr_par' dir='ltr' id='par_1_67' title="bbox 1876 2358 3055 2426">
     <span class='ocr_line' id='line_1_67' title="bbox 1876 2358 3055 2426; baseline 0.005 -16"><span class='ocrx_word' id='word_1_441' title='bbox 1876 2358 2101 2423; x_wconf 87' lang='lat' dir='ltr'><strong>bil:bus;</strong></span> <span class='ocrx_word' id='word_1_442' title='bbox 2135 2376 2252 2426; x_wconf 74' lang='lat' dir='ltr'><strong>qua:</strong></span> <span class='ocrx_word' id='word_1_443' title='bbox 2279 2361 2342 2414; x_wconf 89' lang='lat' dir='ltr'><strong>ad</strong></span> <span class='ocrx_word' id='word_1_444' title='bbox 2377 2361 2602 2413; x_wconf 88' lang='lat' dir='ltr'><strong>verbum</strong></span> <span class='ocrx_word' id='word_1_445' title='bbox 2637 2364 2717 2415; x_wconf 90' lang='lat' dir='ltr'><strong>sic</strong></span> <span class='ocrx_word' id='word_1_446' title='bbox 2746 2380 2803 2416; x_wconf 88' lang='lat' dir='ltr'><strong>se</strong></span> <span class='ocrx_word' id='word_1_447' title='bbox 2848 2365 3009 2418; x_wconf 80' lang='lat' dir='ltr'><strong>liabet</strong></span> <span class='ocrx_word' id='word_1_448' title='bbox 3042 2381 3055 2416; x_wconf 89' lang='lat'><strong>:</strong></span> 
     </span>
    </p>
   </div>
   <div class='ocr_carea' id='block_1_68' title="bbox 1950 2450 3451 2526">
    <p class='ocr_par' dir='ltr' id='par_1_68' title="bbox 1950 2450 3451 2526">
     <span class='ocr_line' id='line_1_68' title="bbox 1950 2450 3451 2526; baseline 0.006 -23"><span class='ocrx_word' id='word_1_449' title='bbox 1950 2450 2206 2520; x_wconf 59' lang='lat' dir='ltr'><strong>Majcstas</strong></span> <span class='ocrx_word' id='word_1_450' title='bbox 2238 2469 2353 2506; x_wconf 86' lang='lat' dir='ltr'><strong>mea</strong></span> <span class='ocrx_word' id='word_1_451' title='bbox 2386 2464 2692 2508; x_wconf 84' lang='lat' dir='ltr'><strong>vestrarum</strong></span> <span class='ocrx_word' id='word_1_452' title='bbox 2740 2472 2961 2524; x_wconf 89' lang='lat' dir='ltr'><strong>precum</strong></span> <span class='ocrx_word' id='word_1_453' title='bbox 3010 2458 3328 2526; x_wconf 89' lang='lat' dir='ltr'><strong>adjumeuto</strong></span> <span class='ocrx_word' id='word_1_454' title='bbox 3367 2459 3451 2512; x_wconf 85' lang='lat' dir='ltr'><strong>itt—</strong></span> 
     </span>
    </p>
   </div>
   <div class='ocr_carea' id='block_1_69' title="bbox 1878 2544 3455 2618">
    <p class='ocr_par' dir='ltr' id='par_1_69' title="bbox 1878 2544 3455 2618">
     <span class='ocr_line' id='line_1_69' title="bbox 1878 2544 3455 2618; baseline 0.008 -22"><span class='ocrx_word' id='word_1_455' title='bbox 1878 2544 2087 2615; x_wconf 77' lang='lat' dir='ltr'><strong>digctts.</strong></span> <span class='ocrx_word' id='word_1_456' title='bbox 2128 2555 2181 2598; x_wconf 92' lang='lat' dir='ltr'><strong>et</strong></span> <span class='ocrx_word' id='word_1_457' title='bbox 2230 2545 2400 2600; x_wconf 78' lang='lat' dir='ltr'><strong>beata:</strong></span> <span class='ocrx_word' id='word_1_458' title='bbox 2430 2548 2707 2601; x_wconf 80' lang='lat' dir='ltr'><strong>memoriae</strong></span> <span class='ocrx_word' id='word_1_459' title='bbox 2756 2550 3104 2618; x_wconf 83' lang='lat' dir='ltr'><strong>imperatoris</strong></span> <span class='ocrx_word' id='word_1_460' title='bbox 3147 2553 3352 2605; x_wconf 88' lang='lat' dir='ltr'><strong>domini</strong></span> <span class='ocrx_word' id='word_1_461' title='bbox 3388 2568 3455 2608; x_wconf 89' lang='lat' dir='ltr'><strong>ac</strong></span> 
     </span>
    </p>
   </div>
   <div class='ocr_carea' id='block_1_70' title="bbox 1879 2637 3450 2706">
    <p class='ocr_par' dir='ltr' id='par_1_70' title="bbox 1879 2637 3450 2706">
     <span class='ocr_line' id='line_1_70' title="bbox 1879 2637 3450 2706; baseline 0.006 -18"><span class='ocrx_word' id='word_1_462' title='bbox 1879 2637 1999 2706; x_wconf 84' lang='lat' dir='ltr'><strong>ejus</strong></span> <span class='ocrx_word' id='word_1_463' title='bbox 2037 2638 2204 2704; x_wconf 85' lang='lat' dir='ltr'><strong>patris</strong></span> <span class='ocrx_word' id='word_1_464' title='bbox 2240 2637 2482 2706; x_wconf 79' lang='lat' dir='ltr'><strong>vestigiis</strong></span> <span class='ocrx_word' id='word_1_465' title='bbox 2513 2638 2566 2691; x_wconf 94' lang='lat' dir='ltr'><strong>iu</strong></span> <span class='ocrx_word' id='word_1_466' title='bbox 2622 2639 2876 2693; x_wconf 86' lang='lat' dir='ltr'><strong>omnibus</strong></span> <span class='ocrx_word' id='word_1_467' title='bbox 2928 2641 3178 2695; x_wconf 88' lang='lat' dir='ltr'><strong>insistere</strong></span> <span class='ocrx_word' id='word_1_468' title='bbox 3223 2643 3450 2697; x_wconf 87' lang='lat' dir='ltr'><strong>volens:</strong></span> 
     </span>
    </p>
   </div>
   <div class='ocr_carea' id='block_1_71' title="bbox 1879 2729 3456 2800">
    <p class='ocr_par' dir='ltr' id='par_1_71' title="bbox 1879 2729 3456 2800">
     <span class='ocr_line' id='line_1_71' title="bbox 1879 2729 3456 2800; baseline 0.004 -19"><span class='ocrx_word' id='word_1_469' title='bbox 1879 2729 1997 2797; x_wconf 90' lang='lat' dir='ltr'><strong>ejus</strong></span> <span class='ocrx_word' id='word_1_470' title='bbox 2031 2745 2247 2797; x_wconf 84' lang='lat' dir='ltr'><strong>quoque</strong></span> <span class='ocrx_word' id='word_1_471' title='bbox 2281 2731 2333 2782; x_wconf 92' lang='lat' dir='ltr'><strong>in</strong></span> <span class='ocrx_word' id='word_1_472' title='bbox 2371 2747 2484 2796; x_wconf 82' lang='lat' dir='ltr'><strong>vos,</strong></span> <span class='ocrx_word' id='word_1_473' title='bbox 2527 2731 2620 2800; x_wconf 90' lang='lat' dir='ltr'><strong>qui</strong></span> <span class='ocrx_word' id='word_1_474' title='bbox 2657 2731 2767 2786; x_wconf 88' lang='lat' dir='ltr'><strong>Deo</strong></span> <span class='ocrx_word' id='word_1_475' title='bbox 2814 2731 3048 2785; x_wconf 82' lang='lat' dir='ltr'><strong>dedicati</strong></span> <span class='ocrx_word' id='word_1_476' title='bbox 3078 2734 3213 2788; x_wconf 83' lang='lat' dir='ltr'><strong>estis</strong></span> <span class='ocrx_word' id='word_1_477' title='bbox 3244 2735 3456 2789; x_wconf 81' lang='lat' dir='ltr'><strong>beneﬁ-</strong></span> 
     </span>
    </p>
   </div>
   <div class='ocr_carea' id='block_1_72' title="bbox 1880 2822 3453 2893">
    <p class='ocr_par' dir='ltr' id='par_1_72' title="bbox 1880 2822 3453 2893">
     <span class='ocr_line' id='line_1_72' title="bbox 1880 2822 3453 2893; baseline 0.007 -20"><span class='ocrx_word' id='word_1_478' title='bbox 1880 2822 2112 2873; x_wconf 85' lang='lat' dir='ltr'><strong>centiam</strong></span> <span class='ocrx_word' id='word_1_479' title='bbox 2148 2822 2342 2874; x_wconf 88' lang='lat' dir='ltr'><strong>imitari</strong></span> <span class='ocrx_word' id='word_1_480' title='bbox 2373 2825 2674 2878; x_wconf 80' lang='lat' dir='ltr'><strong>constituit.</strong></span> <span class='ocrx_word' id='word_1_481' title='bbox 2708 2824 2762 2878; x_wconf 89' lang='lat' dir='ltr'><strong>ltl</strong></span> <span class='ocrx_word' id='word_1_482' title='bbox 2791 2835 2844 2878; x_wconf 90' lang='lat' dir='ltr'><strong>et</strong></span> <span class='ocrx_word' id='word_1_483' title='bbox 2876 2843 2969 2893; x_wconf 88' lang='lat' dir='ltr'><strong>per</strong></span> <span class='ocrx_word' id='word_1_484' title='bbox 3012 2828 3154 2881; x_wconf 89' lang='lat' dir='ltr'><strong>banc</strong></span> <span class='ocrx_word' id='word_1_485' title='bbox 3190 2845 3354 2883; x_wconf 90' lang='lat' dir='ltr'><strong>unam</strong></span> <span class='ocrx_word' id='word_1_486' title='bbox 3397 2830 3453 2884; x_wconf 89' lang='lat' dir='ltr'><strong>itt</strong></span> 
     </span>
    </p>
   </div>
   <div class='ocr_carea' id='block_1_73' title="bbox 1882 2915 3451 2992">
    <p class='ocr_par' dir='ltr' id='par_1_73' title="bbox 1882 2915 3451 2992">
     <span class='ocr_line' id='line_1_73' title="bbox 1882 2915 3451 2992; baseline 0.008 -27"><span class='ocrx_word' id='word_1_487' title='bbox 1882 2929 1977 2967; x_wconf 90' lang='lat' dir='ltr'><strong>vos</strong></span> <span class='ocrx_word' id='word_1_488' title='bbox 2017 2915 2449 2982; x_wconf 87' lang='lat' dir='ltr'><strong>beneﬁcentiam,</strong></span> <span class='ocrx_word' id='word_1_489' title='bbox 2481 2928 2533 2972; x_wconf 90' lang='lat' dir='ltr'><strong>et</strong></span> <span class='ocrx_word' id='word_1_490' title='bbox 2569 2918 2697 2982; x_wconf 90' lang='lat' dir='ltr'><strong>Deo,</strong></span> <span class='ocrx_word' id='word_1_491' title='bbox 2728 2922 2820 2989; x_wconf 88' lang='lat' dir='ltr'><strong>qui</strong></span> <span class='ocrx_word' id='word_1_492' title='bbox 2857 2923 3033 2990; x_wconf 90' lang='lat' dir='ltr'><strong>ipsunt</strong></span> <span class='ocrx_word' id='word_1_493' title='bbox 3069 2925 3451 2992; x_wconf 85' lang='lat' dir='ltr'><strong>imperatorem</strong></span> 
     </span>
    </p>
   </div>
   <div class='ocr_carea' id='block_1_74' title="bbox 1884 3007 3453 3084">
    <p class='ocr_par' dir='ltr' id='par_1_74' title="bbox 1884 3007 3453 3084">
     <span class='ocr_line' id='line_1_74' title="bbox 1884 3007 3453 3084; baseline 0.008 -26"><span class='ocrx_word' id='word_1_494' title='bbox 1884 3007 2032 3068; x_wconf 80' lang='lat' dir='ltr'><strong>fet-it,</strong></span> <span class='ocrx_word' id='word_1_495' title='bbox 2077 3007 2475 3076; x_wconf 81' lang='lat' dir='ltr'><strong>gratiﬁcantur,</strong></span> <span class='ocrx_word' id='word_1_496' title='bbox 2507 3019 2564 3064; x_wconf 90' lang='lat' dir='ltr'><strong>et</strong></span> <span class='ocrx_word' id='word_1_497' title='bbox 2603 3013 2805 3065; x_wconf 92' lang='lat' dir='ltr'><strong>domini</strong></span> <span class='ocrx_word' id='word_1_498' title='bbox 2852 3023 2906 3066; x_wconf 90' lang='lat' dir='ltr'><strong>et</strong></span> <span class='ocrx_word' id='word_1_499' title='bbox 2935 3017 3109 3083; x_wconf 86' lang='lat' dir='ltr'><strong>patris</strong></span> <span class='ocrx_word' id='word_1_500' title='bbox 3151 3018 3453 3084; x_wconf 86' lang='lat' dir='ltr'><strong>majestatis</strong></span> 
     </span>
    </p>
   </div>
   <div class='ocr_carea' id='block_1_75' title="bbox 1885 3103 3455 3178">
    <p class='ocr_par' dir='ltr' id='par_1_75' title="bbox 1885 3103 3455 3178">
     <span class='ocr_line' id='line_1_75' title="bbox 1885 3103 3455 3178; baseline 0.007 -24"><span class='ocrx_word' id='word_1_501' title='bbox 1885 3118 2016 3156; x_wconf 73' lang='lat' dir='ltr'><strong>mea:</strong></span> <span class='ocrx_word' id='word_1_502' title='bbox 2047 3103 2241 3155; x_wconf 75' lang='lat' dir='ltr'><strong>anima:</strong></span> <span class='ocrx_word' id='word_1_503' title='bbox 2273 3103 2462 3166; x_wconf 86' lang='lat' dir='ltr'><strong>beatae,</strong></span> <span class='ocrx_word' id='word_1_504' title='bbox 2498 3115 2551 3158; x_wconf 91' lang='lat' dir='ltr'><strong>et</strong></span> <span class='ocrx_word' id='word_1_505' title='bbox 2578 3117 2779 3160; x_wconf 71' lang='lat' dir='ltr'><strong>nostra:</strong></span> <span class='ocrx_word' id='word_1_506' title='bbox 2811 3111 3068 3175; x_wconf 71' lang='lat' dir='ltr'><strong>potentia:</strong></span> <span class='ocrx_word' id='word_1_507' title='bbox 3101 3110 3377 3178; x_wconf 81' lang='lat' dir='ltr'><strong>profecms</strong></span> <span class='ocrx_word' id='word_1_508' title='bbox 3401 3111 3455 3165; x_wconf 90' lang='lat' dir='ltr'><strong>in</strong></span> 
     </span>
    </p>
   </div>
   <div class='ocr_carea' id='block_1_76' title="bbox 1885 3188 3462 3268">
    <p class='ocr_par' dir='ltr' id='par_1_76' title="bbox 1885 3188 3462 3268">
     <span class='ocr_line' id='line_1_76' title="bbox 1885 3188 3462 3268; baseline 0.008 -26"><span class='ocrx_word' id='word_1_509' title='bbox 1885 3188 2082 3242; x_wconf 77' lang='lat' dir='ltr'><strong>benum</strong></span> <span class='ocrx_word' id='word_1_510' title='bbox 2102 3190 2266 3260; x_wconf 79' lang='lat'><strong>308</strong></span> <span class='ocrx_word' id='word_1_511' title='bbox 2282 3191 2435 3244; x_wconf 87' lang='lat' dir='ltr'><strong>basin</strong></span> <span class='ocrx_word' id='word_1_512' title='bbox 2455 3209 2518 3247; x_wconf 91' lang='lat' dir='ltr'><strong>ac</strong></span> <span class='ocrx_word' id='word_1_513' title='bbox 2544 3195 2956 3250; x_wconf 80' lang='lat' dir='ltr'><strong>fundamentum</strong></span> <span class='ocrx_word' id='word_1_514' title='bbox 2977 3200 3152 3268; x_wconf 89' lang='lat' dir='ltr'><strong>ponit;</strong></span> <span class='ocrx_word' id='word_1_515' title='bbox 3183 3213 3237 3254; x_wconf 90' lang='lat' dir='ltr'><strong>et</strong></span> <span class='ocrx_word' id='word_1_516' title='bbox 3266 3209 3462 3255; x_wconf 71' lang='lat' dir='ltr'><strong>vestra:</strong></span> 
     </span>
    </p>
   </div>
   <div class='ocr_carea' id='block_1_77' title="bbox 1887 3284 3462 3362">
    <p class='ocr_par' dir='ltr' id='par_1_77' title="bbox 1887 3284 3462 3362">
     <span class='ocr_line' id='line_1_77' title="bbox 1887 3284 3462 3362; baseline 0.01 -28"><span class='ocrx_word' id='word_1_517' title='bbox 1887 3284 2132 3351; x_wconf 86' lang='lat' dir='ltr'><strong>petitioni</strong></span> <span class='ocrx_word' id='word_1_518' title='bbox 2158 3299 2214 3337; x_wconf 88' lang='lat' dir='ltr'><strong>se</strong></span> <span class='ocrx_word' id='word_1_519' title='bbox 2239 3284 2537 3349; x_wconf 89' lang='lat' dir='ltr'><strong>inclinans,</strong></span> <span class='ocrx_word' id='word_1_520' title='bbox 2564 3297 2622 3340; x_wconf 93' lang='lat' dir='ltr'><strong>ut</strong></span> <span class='ocrx_word' id='word_1_521' title='bbox 2646 3288 2749 3340; x_wconf 90' lang='lat' dir='ltr'><strong>vim</strong></span> <span class='ocrx_word' id='word_1_522' title='bbox 2776 3305 2929 3342; x_wconf 86' lang='lat' dir='ltr'><strong>suam</strong></span> <span class='ocrx_word' id='word_1_523' title='bbox 2958 3292 3216 3356; x_wconf 83' lang='lat' dir='ltr'><strong>habeant,</strong></span> <span class='ocrx_word' id='word_1_524' title='bbox 3245 3295 3462 3362; x_wconf 87' lang='lat' dir='ltr'><strong>sintque</strong></span> 
     </span>
    </p>
   </div>
   <div class='ocr_carea' id='block_1_78' title="bbox 1885 3373 3464 3450">
    <p class='ocr_par' dir='ltr' id='par_1_78' title="bbox 1885 3373 3464 3450">
     <span class='ocr_line' id='line_1_78' title="bbox 1885 3373 3464 3450; baseline 0.01 -23"><span class='ocrx_word' id='word_1_525' title='bbox 1885 3373 2108 3429; x_wconf 86' lang='lat' dir='ltr'><strong>stabiles</strong></span> <span class='ocrx_word' id='word_1_526' title='bbox 2138 3417 2153 3439; x_wconf 89' lang='lat'><strong>,</strong></span> <span class='ocrx_word' id='word_1_527' title='bbox 2193 3375 2359 3430; x_wconf 67' lang='lat' dir='ltr'><strong>ﬁrmae</strong></span> <span class='ocrx_word' id='word_1_528' title='bbox 2389 3393 2451 3432; x_wconf 88' lang='lat' dir='ltr'><strong>ac</strong></span> <span class='ocrx_word' id='word_1_529' title='bbox 2487 3379 2814 3445; x_wconf 87' lang='lat' dir='ltr'><strong>immobiles,</strong></span> <span class='ocrx_word' id='word_1_530' title='bbox 2852 3399 2974 3450; x_wconf 71' lang='lat' dir='ltr'><strong>qua:</strong></span> <span class='ocrx_word' id='word_1_531' title='bbox 3007 3384 3076 3438; x_wconf 91' lang='lat' dir='ltr'><strong>de</strong></span> <span class='ocrx_word' id='word_1_532' title='bbox 3111 3387 3308 3441; x_wconf 85' lang='lat' dir='ltr'><strong>vestris</strong></span> <span class='ocrx_word' id='word_1_533' title='bbox 3352 3403 3464 3443; x_wconf 78' lang='lat' dir='ltr'><strong>mo-</strong></span> 
     </span>
    </p>
   </div>
   <div class='ocr_carea' id='block_1_79' title="bbox 1890 3469 3461 3535">
    <p class='ocr_par' dir='ltr' id='par_1_79' title="bbox 1890 3469 3461 3535">
     <span class='ocr_line' id='line_1_79' title="bbox 1890 3469 3461 3535; baseline 0.01 -16"><span class='ocrx_word' id='word_1_534' title='bbox 1890 3469 2250 3522; x_wconf 89' lang='lat' dir='ltr'><strong>nasteriorum</strong></span> <span class='ocrx_word' id='word_1_535' title='bbox 2303 3471 2582 3524; x_wconf 82' lang='lat' dir='ltr'><strong>beneﬁciis</strong></span> <span class='ocrx_word' id='word_1_536' title='bbox 2627 3474 2820 3527; x_wconf 72' lang='lat' dir='ltr'><strong>Aurea“:</strong></span> <span class='ocrx_word' id='word_1_537' title='bbox 2861 3484 2974 3529; x_wconf 83' lang='lat' dir='ltr'><strong>tres</strong></span> <span class='ocrx_word' id='word_1_538' title='bbox 3025 3474 3192 3531; x_wconf 65' lang='lat' dir='ltr'><strong>Bulla:</strong></span> <span class='ocrx_word' id='word_1_539' title='bbox 3241 3482 3461 3535; x_wconf 71' lang='lat' dir='ltr'><strong>emissae</strong></span> 
     </span>
    </p>
   </div>
   <div class='ocr_carea' id='block_1_80' title="bbox 1889 3562 3458 3629">
    <p class='ocr_par' dir='ltr' id='par_1_80' title="bbox 1889 3562 3458 3629">
     <span class='ocr_line' id='line_1_80' title="bbox 1889 3562 3458 3629; baseline 0.007 -17"><span class='ocrx_word' id='word_1_540' title='bbox 1889 3569 2020 3612; x_wconf 90' lang='lat' dir='ltr'><strong>sunt</strong></span> <span class='ocrx_word' id='word_1_541' title='bbox 2066 3575 2095 3611; x_wconf 89' lang='lat' dir='ltr'><strong>a</strong></span> <span class='ocrx_word' id='word_1_542' title='bbox 2142 3568 2330 3614; x_wconf 86' lang='lat' dir='ltr'><strong>sancta</strong></span> <span class='ocrx_word' id='word_1_543' title='bbox 2367 3563 2512 3615; x_wconf 89' lang='lat' dir='ltr'><strong>illius</strong></span> <span class='ocrx_word' id='word_1_544' title='bbox 2563 3562 2871 3629; x_wconf 84' lang='lat' dir='ltr'><strong>majestate,</strong></span> <span class='ocrx_word' id='word_1_545' title='bbox 2911 3567 3178 3628; x_wconf 86' lang='lat' dir='ltr'><strong>decernit.</strong></span> <span class='ocrx_word' id='word_1_546' title='bbox 3205 3576 3259 3622; x_wconf 89' lang='lat' dir='ltr'><strong>et</strong></span> <span class='ocrx_word' id='word_1_547' title='bbox 3313 3570 3458 3623; x_wconf 88' lang='lat' dir='ltr'><strong>utin</strong></span> 
     </span>
    </p>
   </div>
   <div class='ocr_carea' id='block_1_81' title="bbox 1888 3651 3459 3728">
    <p class='ocr_par' dir='ltr' id='par_1_81' title="bbox 1888 3651 3459 3728">
     <span class='ocr_line' id='line_1_81' title="bbox 1888 3651 3459 3728; baseline 0.008 -28"><span class='ocrx_word' id='word_1_548' title='bbox 1888 3651 2075 3702; x_wconf 87' lang='lat' dir='ltr'><strong>eodem</strong></span> <span class='ocrx_word' id='word_1_549' title='bbox 2115 3651 2314 3705; x_wconf 87' lang='lat' dir='ltr'><strong>robore</strong></span> <span class='ocrx_word' id='word_1_550' title='bbox 2369 3652 2724 3706; x_wconf 80' lang='lat' dir='ltr'><strong>immobiliter</strong></span> <span class='ocrx_word' id='word_1_551' title='bbox 2758 3668 3136 3722; x_wconf 89' lang='lat' dir='ltr'><strong>permaneant,</strong></span> <span class='ocrx_word' id='word_1_552' title='bbox 3183 3660 3234 3712; x_wconf 91' lang='lat' dir='ltr'><strong>in</strong></span> <span class='ocrx_word' id='word_1_553' title='bbox 3285 3675 3396 3728; x_wconf 90' lang='lat' dir='ltr'><strong>quo</strong></span> <span class='ocrx_word' id='word_1_554' title='bbox 3429 3676 3459 3713; x_wconf 86' lang='lat' dir='ltr'><strong>a</strong></span> 
     </span>
    </p>
   </div>
   <div class='ocr_carea' id='block_1_82' title="bbox 1890 3741 3464 3821">
    <p class='ocr_par' dir='ltr' id='par_1_82' title="bbox 1890 3741 3464 3821">
     <span class='ocr_line' id='line_1_82' title="bbox 1890 3741 3464 3821; baseline 0.01 -30"><span class='ocrx_word' id='word_1_555' title='bbox 1890 3741 2160 3810; x_wconf 90' lang='lat' dir='ltr'><strong>principio</strong></span> <span class='ocrx_word' id='word_1_556' title='bbox 2188 3746 2451 3813; x_wconf 65' lang='lat' dir='ltr'><strong>expositae</strong></span> <span class='ocrx_word' id='word_1_557' title='bbox 2498 3754 2647 3810; x_wconf 85' lang='lat' dir='ltr'><strong>sunt,</strong></span> <span class='ocrx_word' id='word_1_558' title='bbox 2689 3758 2896 3820; x_wconf 77' lang='lat' dir='ltr'><strong>etqua:</strong></span> <span class='ocrx_word' id='word_1_559' title='bbox 2939 3750 3005 3804; x_wconf 92' lang='lat' dir='ltr'><strong>iis</strong></span> <span class='ocrx_word' id='word_1_560' title='bbox 3059 3761 3464 3821; x_wconf 88' lang='lat' dir='ltr'><strong>consequenter</strong></span> 
     </span>
    </p>
   </div>
   <div class='ocr_carea' id='block_1_83' title="bbox 1889 3835 3460 3910">
    <p class='ocr_par' dir='ltr' id='par_1_83' title="bbox 1889 3835 3460 3910">
     <span class='ocr_line' id='line_1_83' title="bbox 1889 3835 3460 3910; baseline 0.008 -26"><span class='ocrx_word' id='word_1_561' title='bbox 1889 3842 2276 3903; x_wconf 83' lang='lat' dir='ltr'><strong>processerunt</strong></span> <span class='ocrx_word' id='word_1_562' title='bbox 2308 3835 2619 3890; x_wconf 87' lang='lat' dir='ltr'><strong>traditionis</strong></span> <span class='ocrx_word' id='word_1_563' title='bbox 2648 3847 2770 3891; x_wconf 88' lang='lat' dir='ltr'><strong>acta</strong></span> <span class='ocrx_word' id='word_1_564' title='bbox 2805 3843 3154 3896; x_wconf 89' lang='lat' dir='ltr'><strong>securitatem</strong></span> <span class='ocrx_word' id='word_1_565' title='bbox 3193 3846 3460 3910; x_wconf 81' lang='lat' dir='ltr'><strong>referant,</strong></span> 
     </span>
    </p>
   </div>
   <div class='ocr_carea' id='block_1_84' title="bbox 1888 3927 3464 3999">
    <p class='ocr_par' dir='ltr' id='par_1_84' title="bbox 1888 3927 3464 3999">
     <span class='ocr_line' id='line_1_84' title="bbox 1888 3927 3464 3999; baseline 0.01 -21"><span class='ocrx_word' id='word_1_566' title='bbox 1888 3927 2104 3981; x_wconf 86' lang='lat' dir='ltr'><strong>etiamsi</strong></span> <span class='ocrx_word' id='word_1_567' title='bbox 2137 3939 2256 3997; x_wconf 83' lang='lat' dir='ltr'><strong>post</strong></span> <span class='ocrx_word' id='word_1_568' title='bbox 2289 3928 2564 3982; x_wconf 90' lang='lat' dir='ltr'><strong>biennium</strong></span> <span class='ocrx_word' id='word_1_569' title='bbox 2602 3929 2742 3984; x_wconf 75' lang='lat' dir='ltr'><strong>facta</strong></span> <span class='ocrx_word' id='word_1_570' title='bbox 2775 3933 2977 3988; x_wconf 78' lang='lat' dir='ltr'><strong>fuerint</strong></span> <span class='ocrx_word' id='word_1_571' title='bbox 3009 3951 3024 3999; x_wconf 92' lang='lat'><strong>;</strong></span> <span class='ocrx_word' id='word_1_572' title='bbox 3062 3936 3187 3990; x_wconf 91' lang='lat' dir='ltr'><strong>licet</strong></span> <span class='ocrx_word' id='word_1_573' title='bbox 3225 3938 3464 3994; x_wconf 78' lang='lat' dir='ltr'><strong>fortasse</strong></span> 
     </span>
    </p>
   </div>
   <div class='ocr_carea' id='block_1_85' title="bbox 1889 4021 3461 4100">
    <p class='ocr_par' dir='ltr' id='par_1_85' title="bbox 1889 4021 3461 4100">
     <span class='ocr_line' id='line_1_85' title="bbox 1889 4021 3461 4100; baseline 0.011 -32"><span class='ocrx_word' id='word_1_574' title='bbox 1889 4021 2136 4086; x_wconf 66' lang='lat' dir='ltr'><strong>qumdam</strong></span> <span class='ocrx_word' id='word_1_575' title='bbox 2187 4036 2373 4073; x_wconf 90' lang='lat' dir='ltr'><strong>eorum</strong></span> <span class='ocrx_word' id='word_1_576' title='bbox 2425 4023 2477 4074; x_wconf 93' lang='lat' dir='ltr'><strong>in</strong></span> <span class='ocrx_word' id='word_1_577' title='bbox 2523 4025 2977 4079; x_wconf 80' lang='lat' dir='ltr'><strong>convenientibus</strong></span> <span class='ocrx_word' id='word_1_578' title='bbox 3029 4031 3260 4083; x_wconf 83' lang='lat' dir='ltr'><strong>secretis</strong></span> <span class='ocrx_word' id='word_1_579' title='bbox 3309 4035 3461 4100; x_wconf 79' lang='lat' dir='ltr'><strong>prius</strong></span> 
     </span>
    </p>
   </div>
   <div class='ocr_carea' id='block_1_86' title="bbox 1894 4109 3462 4187">
    <p class='ocr_par' dir='ltr' id='par_1_86' title="bbox 1894 4109 3462 4187">
     <span class='ocr_line' id='line_1_86' title="bbox 1894 4109 3462 4187; baseline 0.012 -28"><span class='ocrx_word' id='word_1_580' title='bbox 1894 4109 2066 4176; x_wconf 88' lang='lat' dir='ltr'><strong>posita</strong></span> <span class='ocrx_word' id='word_1_581' title='bbox 2101 4125 2208 4163; x_wconf 91' lang='lat' dir='ltr'><strong>non</strong></span> <span class='ocrx_word' id='word_1_582' title='bbox 2238 4110 2389 4164; x_wconf 80' lang='lat' dir='ltr'><strong>fuere</strong></span> <span class='ocrx_word' id='word_1_583' title='bbox 2417 4129 2428 4163; x_wconf 94' lang='lat'><strong>:</strong></span> <span class='ocrx_word' id='word_1_584' title='bbox 2459 4113 2546 4176; x_wconf 91' lang='lat' dir='ltr'><strong>iis,</strong></span> <span class='ocrx_word' id='word_1_585' title='bbox 2577 4130 2701 4182; x_wconf 57' lang='lat' dir='ltr'><strong>quae</strong></span> <span class='ocrx_word' id='word_1_586' title='bbox 2736 4119 2801 4169; x_wconf 88' lang='lat' dir='ltr'><strong>ad</strong></span> <span class='ocrx_word' id='word_1_587' title='bbox 2835 4117 3338 4187; x_wconf 89' lang='lat' dir='ltr'><strong>interpretationem</strong></span> <span class='ocrx_word' id='word_1_588' title='bbox 3375 4127 3462 4178; x_wconf 86' lang='lat' dir='ltr'><strong>vel</strong></span> 
     </span>
    </p>
   </div>
   <div class='ocr_carea' id='block_1_87' title="bbox 1892 4203 3468 4282">
    <p class='ocr_par' dir='ltr' id='par_1_87' title="bbox 1892 4203 3468 4282">
     <span class='ocr_line' id='line_1_87' title="bbox 1892 4203 3468 4282; baseline 0.009 -28"><span class='ocrx_word' id='word_1_589' title='bbox 1892 4203 2300 4255; x_wconf 78' lang='lat' dir='ltr'><strong>subversionem</strong></span> <span class='ocrx_word' id='word_1_590' title='bbox 2325 4204 2599 4257; x_wconf 85' lang='lat' dir='ltr'><strong>Bullarmn</strong></span> <span class='ocrx_word' id='word_1_591' title='bbox 2623 4208 2921 4260; x_wconf 81' lang='lat' dir='ltr'><strong>Attrearum</strong></span> <span class='ocrx_word' id='word_1_592' title='bbox 2951 4214 3199 4278; x_wconf 63' lang='lat' dir='ltr'><strong>potentiae</strong></span> <span class='ocrx_word' id='word_1_593' title='bbox 3224 4215 3468 4282; x_wconf 74' lang='lat' dir='ltr'><strong>particu-</strong></span> 
     </span>
    </p>
   </div>
   <div class='ocr_carea' id='block_1_88' title="bbox 1893 4295 3469 4374">
    <p class='ocr_par' dir='ltr' id='par_1_88' title="bbox 1893 4295 3469 4374">
     <span class='ocr_line' id='line_1_88' title="bbox 1893 4295 3469 4374; baseline 0.011 -29"><span class='ocrx_word' id='word_1_594' title='bbox 1893 4295 2059 4348; x_wconf 85' lang='lat' dir='ltr'><strong>larem</strong></span> <span class='ocrx_word' id='word_1_595' title='bbox 2088 4296 2167 4348; x_wconf 88' lang='lat' dir='ltr'><strong>vel</strong></span> <span class='ocrx_word' id='word_1_596' title='bbox 2199 4299 2503 4365; x_wconf 82' lang='lat' dir='ltr'><strong>generalem</strong></span> <span class='ocrx_word' id='word_1_597' title='bbox 2536 4299 2696 4352; x_wconf 71' lang='lat' dir='ltr'><strong>edita:</strong></span> <span class='ocrx_word' id='word_1_598' title='bbox 2725 4312 2872 4362; x_wconf 86' lang='lat' dir='ltr'><strong>sunt.</strong></span> <span class='ocrx_word' id='word_1_599' title='bbox 2899 4306 3231 4359; x_wconf 78' lang='lat' dir='ltr'><strong>omnimodis</strong></span> <span class='ocrx_word' id='word_1_600' title='bbox 3257 4309 3469 4374; x_wconf 83' lang='lat' dir='ltr'><strong>jussio-</strong></span> 
     </span>
    </p>
   </div>
   <div class='ocr_carea' id='block_1_89' title="bbox 1893 4385 3463 4460">
    <p class='ocr_par' dir='ltr' id='par_1_89' title="bbox 1893 4385 3463 4460">
     <span class='ocr_line' id='line_1_89' title="bbox 1893 4385 3463 4460; baseline 0.008 -22"><span class='ocrx_word' id='word_1_601' title='bbox 1893 4385 2080 4445; x_wconf 82' lang='lat' dir='ltr'><strong>nibus,</strong></span> <span class='ocrx_word' id='word_1_602' title='bbox 2141 4403 2263 4455; x_wconf 63' lang='lat' dir='ltr'><strong>quae</strong></span> <span class='ocrx_word' id='word_1_603' title='bbox 2304 4387 2357 4440; x_wconf 91' lang='lat' dir='ltr'><strong>in</strong></span> <span class='ocrx_word' id='word_1_604' title='bbox 2411 4391 2614 4443; x_wconf 89' lang='lat' dir='ltr'><strong>nostris</strong></span> <span class='ocrx_word' id='word_1_605' title='bbox 2675 4393 3039 4448; x_wconf 90' lang='lat' dir='ltr'><strong>monumentis</strong></span> <span class='ocrx_word' id='word_1_606' title='bbox 3091 4395 3463 4460; x_wconf 87' lang='lat' dir='ltr'><strong>declarantur,</strong></span> 
     </span>
    </p>
   </div>
   <div class='ocr_carea' id='block_1_90' title="bbox 1894 4480 3465 4555">
    <p class='ocr_par' dir='ltr' id='par_1_90' title="bbox 1894 4480 3465 4555">
     <span class='ocr_line' id='line_1_90' title="bbox 1894 4480 3465 4555; baseline 0.007 -26"><span class='ocrx_word' id='word_1_607' title='bbox 1894 4480 2392 4548; x_wconf 88' lang='lat' dir='ltr'><strong>quomodocunque</strong></span> <span class='ocrx_word' id='word_1_608' title='bbox 2444 4481 2660 4536; x_wconf 71' lang='lat' dir='ltr'><strong>emissze</strong></span> <span class='ocrx_word' id='word_1_609' title='bbox 2709 4482 2936 4548; x_wconf 81' lang='lat' dir='ltr'><strong>fuerint,</strong></span> <span class='ocrx_word' id='word_1_610' title='bbox 2992 4501 3086 4554; x_wconf 90' lang='lat' dir='ltr'><strong>per</strong></span> <span class='ocrx_word' id='word_1_611' title='bbox 3142 4499 3465 4555; x_wconf 65' lang='lat' dir='ltr'><strong>prtesentem</strong></span> 
     </span>
    </p>
   </div>
   <div class='ocr_carea' id='block_1_91' title="bbox 209 4571 1779 4655">
    <p class='ocr_par' dir='ltr' id='par_1_91' title="bbox 209 4582 1779 4655">
     <span class='ocr_line' id='line_1_91' title="bbox 209 4582 1779 4655; baseline -0.008 -12"><span class='ocrx_word' id='word_1_612' title='bbox 209 4592 330 4644; x_wconf 82' lang='grc' dir='ltr'>τῶν</span> <span class='ocrx_word' id='word_1_613' title='bbox 356 4584 453 4642; x_wconf 75' lang='grc' dir='ltr'>καὶ</span> <span class='ocrx_word' id='word_1_614' title='bbox 487 4583 543 4639; x_wconf 77' lang='grc' dir='ltr'>ἒν</span> <span class='ocrx_word' id='word_1_615' title='bbox 568 4587 872 4655; x_wconf 82' lang='grc' dir='ltr'>ὑπομνήσει</span> <span class='ocrx_word' id='word_1_616' title='bbox 908 4583 1065 4653; x_wconf 79' lang='grc' dir='ltr'>ἡμῶν</span> <span class='ocrx_word' id='word_1_617' title='bbox 1094 4583 1460 4653; x_wconf 80' lang='grc' dir='ltr'>δηλουμένων,</span> <span class='ocrx_word' id='word_1_618' title='bbox 1500 4582 1606 4633; x_wconf 87' lang='grc' dir='ltr'>κᾶν</span> <span class='ocrx_word' id='word_1_619' title='bbox 1644 4583 1779 4642; x_wconf 79' lang='grc' dir='ltr'>ὅπως</span> 
     </span>
    </p>
   </div>
   <div class='ocr_carea' id='block_1_92' title="bbox 1886 4571 3468 4655">
    <p class='ocr_par' dir='ltr' id='par_1_92' title="bbox 1899 4571 3468 4646">
     <span class='ocr_line' id='line_1_92' title="bbox 1899 4571 3468 4646; baseline 0.007 -25"><span class='ocrx_word' id='word_1_620' title='bbox 1899 4571 2284 4623; x_wconf 90' lang='lat' dir='ltr'><strong>resolutionem</strong></span> <span class='ocrx_word' id='word_1_621' title='bbox 2335 4573 2622 4628; x_wconf 88' lang='lat' dir='ltr'><strong>inutilibus</strong></span> <span class='ocrx_word' id='word_1_622' title='bbox 2678 4575 3044 4646; x_wconf 86' lang='lat' dir='ltr'><strong>invalidisque</strong></span> <span class='ocrx_word' id='word_1_623' title='bbox 3097 4579 3364 4643; x_wconf 88' lang='lat' dir='ltr'><strong>redditis,</strong></span> <span class='ocrx_word' id='word_1_624' title='bbox 3414 4590 3468 4635; x_wconf 85' lang='lat' dir='ltr'><strong>et</strong></span> 
     </span>
    </p>
   </div>
   <div class='ocr_carea' id='block_1_93' title="bbox 212 4672 1790 4751">
    <p class='ocr_par' dir='ltr' id='par_1_93' title="bbox 212 4672 1790 4751">
     <span class='ocr_line' id='line_1_93' title="bbox 212 4672 1790 4751; baseline -0.009 -15"><span class='ocrx_word' id='word_1_625' title='bbox 212 4684 328 4751; x_wconf 79' lang='grc' dir='ltr'>ἄρα</span> <span class='ocrx_word' id='word_1_626' title='bbox 363 4682 457 4732; x_wconf 78' lang='grc' dir='ltr'>καὶ</span> <span class='ocrx_word' id='word_1_627' title='bbox 479 4677 851 4746; x_wconf 83' lang='grc' dir='ltr'>ἀπελύθησαν,</span> <span class='ocrx_word' id='word_1_628' title='bbox 891 4678 952 4728; x_wconf 88' lang='grc' dir='ltr'><strong>τὸ</strong></span> <span class='ocrx_word' id='word_1_629' title='bbox 1000 4675 1287 4745; x_wconf 78' lang='grc' dir='ltr'>ἄπρακτον</span> <span class='ocrx_word' id='word_1_630' title='bbox 1346 4673 1441 4726; x_wconf 77' lang='grc' dir='ltr'>καὶ</span> <span class='ocrx_word' id='word_1_631' title='bbox 1498 4672 1790 4742; x_wconf 85' lang='grc' dir='ltr'>ἀνίσχυρον</span> 
     </span>
    </p>
   </div>
   <div class='ocr_carea' id='block_1_94' title="bbox 211 4759 1791 4843">
    <p class='ocr_par' dir='ltr' id='par_1_94' title="bbox 211 4759 1791 4843">
     <span class='ocr_line' id='line_1_94' title="bbox 211 4759 1791 4843; baseline -0.008 -17"><span class='ocrx_word' id='word_1_632' title='bbox 211 4772 644 4843; x_wconf 73' lang='grc' dir='ltr'>ἀποφερομένων</span> <span class='ocrx_word' id='word_1_633' title='bbox 668 4769 756 4823; x_wconf 80' lang='grc' dir='ltr'>διὰ</span> <span class='ocrx_word' id='word_1_634' title='bbox 784 4769 882 4839; x_wconf 82' lang='grc' dir='ltr'>τῆς</span> <span class='ocrx_word' id='word_1_635' title='bbox 910 4759 1193 4837; x_wconf 87' lang='grc' dir='ltr'>παρούσης</span> <span class='ocrx_word' id='word_1_636' title='bbox 1222 4765 1446 4828; x_wconf 81' lang='grc' dir='ltr'>λύσεως,</span> <span class='ocrx_word' id='word_1_637' title='bbox 1477 4766 1571 4816; x_wconf 76' lang='grc' dir='ltr'><strong>καὶ</strong></span> <span class='ocrx_word' id='word_1_638' title='bbox 1604 4763 1791 4832; x_wconf 79' lang='grc' dir='ltr'>ὥσπερ</span> 
     </span>
    </p>
   </div>
   <div class='ocr_carea' id='block_1_95' title="bbox 215 4856 1792 4936">
    <p class='ocr_par' dir='ltr' id='par_1_95' title="bbox 215 4856 1792 4936">
     <span class='ocr_line' id='line_1_95' title="bbox 215 4856 1792 4936; baseline -0.008 -18"><span class='ocrx_word' id='word_1_639' title='bbox 215 4868 268 4917; x_wconf 83' lang='grc' dir='ltr'><strong>εί</strong></span> <span class='ocrx_word' id='word_1_640' title='bbox 305 4866 440 4936; x_wconf 75' lang='grc' dir='ltr'>μηδὲ</span> <span class='ocrx_word' id='word_1_641' title='bbox 471 4864 604 4926; x_wconf 85' lang='grc' dir='ltr'>ὅλως</span> <span class='ocrx_word' id='word_1_642' title='bbox 637 4863 901 4930; x_wconf 87' lang='grc' dir='ltr'>γεγόνασι</span> <span class='ocrx_word' id='word_1_643' title='bbox 956 4859 1346 4928; x_wconf 81' lang='grc' dir='ltr'>λογιζομένων.</span> <span class='ocrx_word' id='word_1_644' title='bbox 1424 4857 1682 4928; x_wconf 81' lang='grc' dir='ltr'>’Δργήσει</span> <span class='ocrx_word' id='word_1_645' title='bbox 1737 4856 1792 4905; x_wconf 84' lang='grc' dir='ltr'><strong>δὲ</strong></span> 
     </span>
    </p>
   </div>
   <div class='ocr_carea' id='block_1_96' title="bbox 217 4946 1792 5028">
    <p class='ocr_par' dir='ltr' id='par_1_96' title="bbox 217 4946 1792 5028">
     <span class='ocr_line' id='line_1_96' title="bbox 217 4946 1792 5028; baseline -0.009 -17"><span class='ocrx_word' id='word_1_646' title='bbox 217 4961 318 5012; x_wconf 73' lang='grc' dir='ltr'><strong>καὶ</strong></span> <span class='ocrx_word' id='word_1_647' title='bbox 346 4959 381 5028; x_wconf 77' lang='grc' dir='ltr'>ἡ</span> <span class='ocrx_word' id='word_1_648' title='bbox 420 4957 583 5025; x_wconf 85' lang='grc' dir='ltr'>μέχρι</span> <span class='ocrx_word' id='word_1_649' title='bbox 613 4955 708 5007; x_wconf 81' lang='grc' dir='ltr'>τοῦ</span> <span class='ocrx_word' id='word_1_650' title='bbox 748 4954 843 5006; x_wconf 82' lang='grc' dir='ltr'><strong>νῦν</strong></span> <span class='ocrx_word' id='word_1_651' title='bbox 878 4952 1343 5020; x_wconf 79' lang='grc' dir='ltr'>ὲπεισκωμάσασα</span> <span class='ocrx_word' id='word_1_652' title='bbox 1395 4952 1507 5010; x_wconf 87' lang='grc' dir='ltr'>τοῖς</span> <span class='ocrx_word' id='word_1_653' title='bbox 1557 4947 1663 4999; x_wconf 79' lang='grc' dir='ltr'>ὑπὸ</span> <span class='ocrx_word' id='word_1_654' title='bbox 1692 4946 1792 5006; x_wconf 80' lang='grc' dir='ltr'>τὰς</span> 
     </span>
    </p>
   </div>
   <div class='ocr_carea' id='block_1_97' title="bbox 217 5038 1792 5117">
    <p class='ocr_par' dir='ltr' id='par_1_97' title="bbox 217 5038 1792 5117">
     <span class='ocr_line' id='line_1_97' title="bbox 217 5038 1792 5117; baseline -0.01 -14"><span class='ocrx_word' id='word_1_655' title='bbox 217 5048 348 5103; x_wconf 76' lang='grc' dir='ltr'>καθ’</span> <span class='ocrx_word' id='word_1_656' title='bbox 382 5048 525 5117; x_wconf 77' lang='grc' dir='ltr'>ὑμᾶς</span> <span class='ocrx_word' id='word_1_657' title='bbox 560 5047 723 5116; x_wconf 78' lang='grc' dir='ltr'>μονὰς</span> <span class='ocrx_word' id='word_1_658' title='bbox 757 5047 1057 5114; x_wconf 80' lang='grc' dir='ltr'>ἀκινήτοις,</span> <span class='ocrx_word' id='word_1_659' title='bbox 1122 5045 1236 5104; x_wconf 89' lang='grc' dir='ltr'>τοῖς</span> <span class='ocrx_word' id='word_1_660' title='bbox 1312 5043 1452 5095; x_wconf 75' lang='grc' dir='ltr'>κατὰ,</span> <span class='ocrx_word' id='word_1_661' title='bbox 1539 5041 1600 5091; x_wconf 80' lang='grc' dir='ltr'><strong>τὸ</strong></span> <span class='ocrx_word' id='word_1_662' title='bbox 1651 5038 1792 5106; x_wconf 81' lang='grc' dir='ltr'>θέμα</span> 
     </span>
    </p>
   </div>
   <div class='ocr_carea' id='block_1_98' title="bbox 217 5126 1794 5213">
    <p class='ocr_par' dir='ltr' id='par_1_98' title="bbox 217 5126 1794 5213">
     <span class='ocr_line' id='line_1_98' title="bbox 217 5126 1794 5213; baseline -0.008 -19"><span class='ocrx_word' id='word_1_663' title='bbox 217 5140 467 5213; x_wconf 79' lang='grc' dir='ltr'>Θρᾳκίας</span> <span class='ocrx_word' id='word_1_664' title='bbox 495 5140 589 5192; x_wconf 79' lang='grc' dir='ltr'>καὶ</span> <span class='ocrx_word' id='word_1_665' title='bbox 627 5138 966 5200; x_wconf 82' lang='grc' dir='ltr'>Μακεδονίας</span> <span class='ocrx_word' id='word_1_666' title='bbox 1025 5126 1417 5202; x_wconf 78' lang='grc' dir='ltr'>διακειμένοις,</span> <span class='ocrx_word' id='word_1_667' title='bbox 1500 5132 1794 5200; x_wconf 84' lang='grc' dir='ltr'>ἀπαίτησις</span> 
     </span>
    </p>
   </div>
   <div class='ocr_carea' id='block_1_99' title="bbox 217 5229 1795 5304">
    <p class='ocr_par' dir='ltr' id='par_1_99' title="bbox 217 5229 1795 5304">
     <span class='ocr_line' id='line_1_99' title="bbox 217 5229 1795 5304; baseline -0.006 -17"><span class='ocrx_word' id='word_1_668' title='bbox 217 5237 324 5304; x_wconf 84' lang='grc' dir='ltr'>τῆς</span> <span class='ocrx_word' id='word_1_669' title='bbox 352 5251 410 5287; x_wconf 84' lang='grc' dir='ltr'><strong>τε</strong></span> <span class='ocrx_word' id='word_1_670' title='bbox 451 5234 816 5304; x_wconf 76' lang='grc' dir='ltr'>πραιτορικῆς</span> <span class='ocrx_word' id='word_1_671' title='bbox 879 5235 972 5285; x_wconf 81' lang='grc' dir='ltr'><strong>καὶ</strong></span> <span class='ocrx_word' id='word_1_672' title='bbox 1026 5232 1404 5297; x_wconf 85' lang='grc' dir='ltr'>κατεπανικῆς</span> <span class='ocrx_word' id='word_1_673' title='bbox 1465 5230 1640 5300; x_wconf 83' lang='grc' dir='ltr'>γύρας</span> <span class='ocrx_word' id='word_1_674' title='bbox 1701 5229 1795 5280; x_wconf 71' lang='grc' dir='ltr'><strong>καὶ</strong></span> 
     </span>
    </p>
   </div>
   <div class='ocr_carea' id='block_1_100' title="bbox 217 5322 1796 5398">
    <p class='ocr_par' dir='ltr' id='par_1_100' title="bbox 217 5322 1796 5398">
     <span class='ocr_line' id='line_1_100' title="bbox 217 5322 1796 5398; baseline -0.004 -19"><span class='ocrx_word' id='word_1_675' title='bbox 217 5328 436 5398; x_wconf 74' lang='grc' dir='ltr'>χρείας.</span> <span class='ocrx_word' id='word_1_676' title='bbox 471 5329 503 5398; x_wconf 82' lang='grc' dir='ltr'>ἦ</span> <span class='ocrx_word' id='word_1_677' title='bbox 540 5328 756 5381; x_wconf 80' lang='grc' dir='ltr'>καὶτοῦ</span> <span class='ocrx_word' id='word_1_678' title='bbox 790 5326 1088 5380; x_wconf 85' lang='grc' dir='ltr'>στυππείου</span> <span class='ocrx_word' id='word_1_679' title='bbox 1123 5326 1216 5377; x_wconf 76' lang='grc' dir='ltr'><strong>καὶ</strong></span> <span class='ocrx_word' id='word_1_680' title='bbox 1275 5325 1571 5390; x_wconf 79' lang='grc' dir='ltr'>ἁξουγγίου</span> <span class='ocrx_word' id='word_1_681' title='bbox 1601 5322 1796 5389; x_wconf 78' lang='grc' dir='ltr'>ἐξωνη-</span> 
     </span>
    </p>
   </div>
   <div class='ocr_carea' id='block_1_101' title="bbox 222 5418 1798 5492">
    <p class='ocr_par' dir='ltr' id='par_1_101' title="bbox 222 5418 1798 5492">
     <span class='ocr_line' id='line_1_101' title="bbox 222 5418 1798 5492; baseline -0.004 -18"><span class='ocrx_word' id='word_1_682' title='bbox 222 5441 313 5485; x_wconf 89' lang='grc' dir='ltr'><strong>σις</strong></span> <span class='ocrx_word' id='word_1_683' title='bbox 339 5423 372 5492; x_wconf 81' lang='grc' dir='ltr'>ἦ</span> <span class='ocrx_word' id='word_1_684' title='bbox 399 5423 718 5491; x_wconf 79' lang='grc' dir='ltr'>ἀπαίτησις,</span> <span class='ocrx_word' id='word_1_685' title='bbox 746 5421 819 5484; x_wconf 85' lang='grc' dir='ltr'>ὠς</span> <span class='ocrx_word' id='word_1_686' title='bbox 851 5421 940 5474; x_wconf 77' lang='grc' dir='ltr'><strong>διὰ</strong></span> <span class='ocrx_word' id='word_1_687' title='bbox 967 5421 1068 5490; x_wconf 83' lang='grc' dir='ltr'>τῆς</span> <span class='ocrx_word' id='word_1_688' title='bbox 1104 5418 1388 5489; x_wconf 79' lang='grc' dir='ltr'>παρούσης</span> <span class='ocrx_word' id='word_1_689' title='bbox 1436 5418 1647 5479; x_wconf 85' lang='grc' dir='ltr'>λύσεως</span> <span class='ocrx_word' id='word_1_690' title='bbox 1715 5418 1798 5467; x_wconf 72' lang='grc' dir='ltr'>ἐκσ</span> 
     </span>
    </p>
   </div>
   <div class='ocr_carea' id='block_1_102' title="bbox 222 5510 1797 5585">
    <p class='ocr_par' dir='ltr' id='par_1_102' title="bbox 222 5510 1797 5585">
     <span class='ocr_line' id='line_1_102' title="bbox 222 5510 1797 5585; baseline -0.004 -20"><span class='ocrx_word' id='word_1_691' title='bbox 222 5515 561 5584; x_wconf 72' lang='grc' dir='ltr'>κοπτόμεναι</span> <span class='ocrx_word' id='word_1_692' title='bbox 585 5516 678 5566; x_wconf 79' lang='grc' dir='ltr'><strong>καὶ</strong></span> <span class='ocrx_word' id='word_1_693' title='bbox 707 5512 1184 5585; x_wconf 80' lang='grc' dir='ltr'>ριζοτομούμεναι,</span> <span class='ocrx_word' id='word_1_694' title='bbox 1219 5512 1316 5564; x_wconf 79' lang='grc' dir='ltr'>καὶ</span> <span class='ocrx_word' id='word_1_695' title='bbox 1339 5515 1418 5568; x_wconf 78' lang='lat' dir='ltr'><strong>ei‘;</strong></span> <span class='ocrx_word' id='word_1_696' title='bbox 1451 5510 1797 5580; x_wconf 83' lang='grc' dir='ltr'>ἀνύπαρκτον</span> 
     </span>
    </p>
   </div>
   <div class='ocr_carea' id='block_1_103' title="bbox 222 5591 1812 5676">
    <p class='ocr_par' dir='ltr' id='par_1_103' title="bbox 222 5591 1812 5676">
     <span class='ocr_line' id='line_1_103' title="bbox 222 5591 1812 5676; baseline -0.006 -14"><span class='ocrx_word' id='word_1_697' title='bbox 222 5591 325 5662; x_wconf 71' lang='grc' dir='ltr'>καὶ</span> <span class='ocrx_word' id='word_1_698' title='bbox 361 5608 729 5676; x_wconf 84' lang='grc' dir='ltr'>ἁνονόμαστον</span> <span class='ocrx_word' id='word_1_699' title='bbox 755 5606 1290 5673; x_wconf 79' lang='grc' dir='ltr'>ἁποκαθιστάμεναι,</span> <span class='ocrx_word' id='word_1_700' title='bbox 1322 5604 1431 5654; x_wconf 77' lang='grc' dir='ltr'>τῶν</span> <span class='ocrx_word' id='word_1_701' title='bbox 1484 5603 1812 5673; x_wconf 63' lang='grc' dir='ltr'>πραιτὸρωνκ</span> 
     </span>
    </p>
   </div>
   <div class='ocr_carea' id='block_1_104' title="bbox 223 5696 1801 5770">
    <p class='ocr_par' dir='ltr' id='par_1_104' title="bbox 223 5696 1801 5770">
     <span class='ocr_line' id='line_1_104' title="bbox 223 5696 1801 5770; baseline -0.006 -14"><span class='ocrx_word' id='word_1_702' title='bbox 223 5702 322 5756; x_wconf 68' lang='grc' dir='ltr'>καὶ</span> <span class='ocrx_word' id='word_1_703' title='bbox 351 5699 684 5770; x_wconf 73' lang='grc' dir='ltr'>πρακτόρων</span> <span class='ocrx_word' id='word_1_704' title='bbox 703 5700 800 5751; x_wconf 73' lang='grc' dir='ltr'>καὶ</span> <span class='ocrx_word' id='word_1_705' title='bbox 832 5698 1175 5762; x_wconf 80' lang='grc' dir='ltr'>κατεπάνων,</span> <span class='ocrx_word' id='word_1_706' title='bbox 1209 5697 1300 5748; x_wconf 67' lang='grc' dir='ltr'><strong>καὶ</strong></span> <span class='ocrx_word' id='word_1_707' title='bbox 1327 5697 1434 5747; x_wconf 83' lang='grc' dir='ltr'><strong>τῶν</strong></span> <span class='ocrx_word' id='word_1_708' title='bbox 1462 5696 1559 5765; x_wconf 82' lang='grc' dir='ltr'>τὴν</span> <span class='ocrx_word' id='word_1_709' title='bbox 1606 5696 1801 5766; x_wconf 77' lang='grc' dir='ltr'>ἐξωνη-</span> 
     </span>
    </p>
   </div>
   <div class='ocr_carea' id='block_1_105' title="bbox 225 5788 1800 5862">
    <p class='ocr_par' dir='ltr' id='par_1_105' title="bbox 225 5788 1800 5862">
     <span class='ocr_line' id='line_1_105' title="bbox 225 5788 1800 5862; baseline -0.003 -16"><span class='ocrx_word' id='word_1_710' title='bbox 225 5793 369 5862; x_wconf 84' lang='grc' dir='ltr'>σινῆ</span> <span class='ocrx_word' id='word_1_711' title='bbox 387 5790 681 5860; x_wconf 58' lang='grc' dir='ltr'>ἀπαίτησιν</span> <span class='ocrx_word' id='word_1_712' title='bbox 694 5791 787 5843; x_wconf 78' lang='grc' dir='ltr'>τοῦ</span> <span class='ocrx_word' id='word_1_713' title='bbox 812 5795 1111 5844; x_wconf 71' lang='grc' dir='ltr'>σωππείου</span> <span class='ocrx_word' id='word_1_714' title='bbox 1129 5788 1327 5840; x_wconf 76' lang='grc' dir='ltr'>καὶτοῦ</span> <span class='ocrx_word' id='word_1_715' title='bbox 1343 5788 1630 5856; x_wconf 77' lang='grc' dir='ltr'>ἁξουγγίου</span> <span class='ocrx_word' id='word_1_716' title='bbox 1659 5789 1800 5841; x_wconf 77' lang='grc' dir='ltr'>κατὰ</span> 
     </span>
    </p>
   </div>
   <div class='ocr_carea' id='block_1_106' title="bbox 225 5876 1800 5953">
    <p class='ocr_par' dir='ltr' id='par_1_106' title="bbox 225 5876 1800 5953">
     <span class='ocr_line' id='line_1_106' title="bbox 225 5876 1800 5953; baseline -0.004 -16"><span class='ocrx_word' id='word_1_717' title='bbox 225 5884 454 5953; x_wconf 66' lang='grc' dir='ltr'>καιροὺς</span> <span class='ocrx_word' id='word_1_718' title='bbox 481 5880 838 5946; x_wconf 82' lang='grc' dir='ltr'>ποιουμένων,</span> <span class='ocrx_word' id='word_1_719' title='bbox 858 5881 1076 5935; x_wconf 78' lang='grc' dir='ltr'>καὶτῶν</span> <span class='ocrx_word' id='word_1_720' title='bbox 1100 5876 1571 5946; x_wconf 77' lang='grc' dir='ltr'>ὲξυπηρετούντων</span> <span class='ocrx_word' id='word_1_721' title='bbox 1593 5879 1800 5946; x_wconf 79' lang='grc' dir='ltr'>αὐτοῖς,</span> 
     </span>
    </p>
   </div>
   <div class='ocr_carea' id='block_1_107' title="bbox 1897 4663 3465 4737">
    <p class='ocr_par' dir='ltr' id='par_1_107' title="bbox 1897 4663 3465 4737">
     <span class='ocr_line' id='line_1_107' title="bbox 1897 4663 3465 4737; baseline 0.008 -26"><span class='ocrx_word' id='word_1_722' title='bbox 1897 4663 2120 4728; x_wconf 85' lang='lat' dir='ltr'><strong>perinde</strong></span> <span class='ocrx_word' id='word_1_723' title='bbox 2169 4676 2233 4714; x_wconf 89' lang='lat' dir='ltr'><strong>ac</strong></span> <span class='ocrx_word' id='word_1_724' title='bbox 2278 4663 2322 4715; x_wconf 92' lang='lat' dir='ltr'><strong>si</strong></span> <span class='ocrx_word' id='word_1_725' title='bbox 2352 4679 2417 4715; x_wconf 91' lang='lat' dir='ltr'><strong>ne</strong></span> <span class='ocrx_word' id='word_1_726' title='bbox 2446 4673 2629 4718; x_wconf 89' lang='lat' dir='ltr'><strong>essent</strong></span> <span class='ocrx_word' id='word_1_727' title='bbox 2661 4665 2877 4733; x_wconf 69' lang='lat' dir='ltr'><strong>quidam</strong></span> <span class='ocrx_word' id='word_1_728' title='bbox 2903 4670 3149 4730; x_wconf 85' lang='lat' dir='ltr'><strong>omnino,</strong></span> <span class='ocrx_word' id='word_1_729' title='bbox 3181 4673 3465 4737; x_wconf 87' lang='lat' dir='ltr'><strong>reputatis.</strong></span> 
     </span>
    </p>
   </div>
   <div class='ocr_carea' id='block_1_108' title="bbox 1894 4752 3473 4826">
    <p class='ocr_par' dir='ltr' id='par_1_108' title="bbox 1894 4752 3473 4826">
     <span class='ocr_line' id='line_1_108' title="bbox 1894 4752 3473 4826; baseline 0.008 -23"><span class='ocrx_word' id='word_1_730' title='bbox 1894 4752 2143 4805; x_wconf 77' lang='lat' dir='ltr'><strong>Cessabit</strong></span> <span class='ocrx_word' id='word_1_731' title='bbox 2173 4765 2354 4806; x_wconf 89' lang='lat' dir='ltr'><strong>autem</strong></span> <span class='ocrx_word' id='word_1_732' title='bbox 2377 4795 2392 4817; x_wconf 95' lang='lat'><strong>,</strong></span> <span class='ocrx_word' id='word_1_733' title='bbox 2423 4764 2478 4806; x_wconf 89' lang='lat' dir='ltr'><strong>et</strong></span> <span class='ocrx_word' id='word_1_734' title='bbox 2508 4771 2630 4823; x_wconf 59' lang='lat' dir='ltr'><strong>qua!</strong></span> <span class='ocrx_word' id='word_1_735' title='bbox 2658 4757 2943 4826; x_wconf 83' lang='lat' dir='ltr'><strong>hucusque</strong></span> <span class='ocrx_word' id='word_1_736' title='bbox 2973 4761 3170 4813; x_wconf 73' lang='lat' dir='ltr'><strong>vestris</strong></span> <span class='ocrx_word' id='word_1_737' title='bbox 3202 4772 3473 4816; x_wconf 85' lang='lat' dir='ltr'><strong>monaste-</strong></span> 
     </span>
    </p>
   </div>
   <div class='ocr_carea' id='block_1_109' title="bbox 1897 4844 3472 4908">
    <p class='ocr_par' dir='ltr' id='par_1_109' title="bbox 1897 4844 3472 4908">
     <span class='ocr_line' id='line_1_109' title="bbox 1897 4844 3472 4908; baseline 0.008 -14"><span class='ocrx_word' id='word_1_738' title='bbox 1897 4844 2103 4896; x_wconf 87' lang='lat' dir='ltr'><strong>riorum</strong></span> <span class='ocrx_word' id='word_1_739' title='bbox 2147 4845 2516 4899; x_wconf 89' lang='lat' dir='ltr'><strong>immobilibus</strong></span> <span class='ocrx_word' id='word_1_740' title='bbox 2553 4848 2606 4900; x_wconf 88' lang='lat' dir='ltr'><strong>itt</strong></span> <span class='ocrx_word' id='word_1_741' title='bbox 2638 4848 2870 4903; x_wconf 83' lang='lat' dir='ltr'><strong>Thracia</strong></span> <span class='ocrx_word' id='word_1_742' title='bbox 2899 4862 2950 4902; x_wconf 89' lang='lat' dir='ltr'><strong>et</strong></span> <span class='ocrx_word' id='word_1_743' title='bbox 2998 4851 3311 4905; x_wconf 83' lang='lat' dir='ltr'><strong>Macedonia</strong></span> <span class='ocrx_word' id='word_1_744' title='bbox 3349 4855 3472 4908; x_wconf 85' lang='lat' dir='ltr'><strong>sitis</strong></span> 
     </span>
    </p>
   </div>
   <div class='ocr_carea' id='block_1_110' title="bbox 1905 4937 3475 5008">
    <p class='ocr_par' dir='ltr' id='par_1_110' title="bbox 1905 4937 3475 5008">
     <span class='ocr_line' id='line_1_110' title="bbox 1905 4937 3475 5008; baseline 0.007 -21"><span class='ocrx_word' id='word_1_745' title='bbox 1905 4937 2194 4989; x_wconf 81' lang='lat' dir='ltr'><strong>insultavit</strong></span> <span class='ocrx_word' id='word_1_746' title='bbox 2225 4941 2548 5005; x_wconf 66' lang='lat' dir='ltr'><strong>praetoriae</strong></span> <span class='ocrx_word' id='word_1_747' title='bbox 2577 4949 2631 4993; x_wconf 88' lang='lat' dir='ltr'><strong>et</strong></span> <span class='ocrx_word' id='word_1_748' title='bbox 2661 4942 2988 5008; x_wconf 67' lang='lat' dir='ltr'><strong>catepanieaa</strong></span> <span class='ocrx_word' id='word_1_749' title='bbox 3017 4943 3394 4998; x_wconf 82' lang='lat' dir='ltr'><strong>circulationis</strong></span> <span class='ocrx_word' id='word_1_750' title='bbox 3420 4957 3475 4998; x_wconf 91' lang='lat' dir='ltr'><strong>et</strong></span> 
     </span>
    </p>
   </div>
   <div class='ocr_carea' id='block_1_111' title="bbox 1898 5029 3472 5106">
    <p class='ocr_par' dir='ltr' id='par_1_111' title="bbox 1898 5029 3472 5106">
     <span class='ocr_line' id='line_1_111' title="bbox 1898 5029 3472 5106; baseline 0.006 -26"><span class='ocrx_word' id='word_1_751' title='bbox 1898 5029 2195 5083; x_wconf 67' lang='lat' dir='ltr'><strong>{unctionis</strong></span> <span class='ocrx_word' id='word_1_752' title='bbox 2229 5033 2463 5093; x_wconf 81' lang='lat' dir='ltr'><strong>exactio,</strong></span> <span class='ocrx_word' id='word_1_753' title='bbox 2504 5043 2820 5101; x_wconf 70' lang='lat' dir='ltr'><strong>stuppzeque</strong></span> <span class='ocrx_word' id='word_1_754' title='bbox 2867 5045 2920 5087; x_wconf 91' lang='lat' dir='ltr'><strong>et</strong></span> <span class='ocrx_word' id='word_1_755' title='bbox 2963 5036 3213 5102; x_wconf 67' lang='lat' dir='ltr'><strong>axungiae</strong></span> <span class='ocrx_word' id='word_1_756' title='bbox 3265 5040 3472 5106; x_wconf 89' lang='lat' dir='ltr'><strong>emptio</strong></span> 
     </span>
    </p>
   </div>
   <div class='ocr_carea' id='block_1_112' title="bbox 1896 5120 3473 5194">
    <p class='ocr_par' dir='ltr' id='par_1_112' title="bbox 1896 5120 3473 5194">
     <span class='ocr_line' id='line_1_112' title="bbox 1896 5120 3473 5194; baseline 0.006 -25"><span class='ocrx_word' id='word_1_757' title='bbox 1896 5120 1980 5172; x_wconf 78' lang='lat' dir='ltr'><strong>vel</strong></span> <span class='ocrx_word' id='word_1_758' title='bbox 2012 5122 2248 5183; x_wconf 80' lang='lat' dir='ltr'><strong>exactio,</strong></span> <span class='ocrx_word' id='word_1_759' title='bbox 2284 5131 2539 5190; x_wconf 86' lang='lat' dir='ltr'><strong>tanquam</strong></span> <span class='ocrx_word' id='word_1_760' title='bbox 2594 5138 2689 5191; x_wconf 89' lang='lat' dir='ltr'><strong>per</strong></span> <span class='ocrx_word' id='word_1_761' title='bbox 2739 5129 2877 5177; x_wconf 86' lang='lat' dir='ltr'><strong>ltauc</strong></span> <span class='ocrx_word' id='word_1_762' title='bbox 2926 5135 3247 5194; x_wconf 67' lang='lat' dir='ltr'><strong>praesentem</strong></span> <span class='ocrx_word' id='word_1_763' title='bbox 3284 5144 3473 5181; x_wconf 82' lang='lat' dir='ltr'><strong>exem-</strong></span> 
     </span>
    </p>
   </div>
   <div class='ocr_carea' id='block_1_113' title="bbox 1899 5215 3507 5288">
    <p class='ocr_par' dir='ltr' id='par_1_113' title="bbox 1899 5215 3507 5288">
     <span class='ocr_line' id='line_1_113' title="bbox 1899 5215 3507 5288; baseline 0.007 -23"><span class='ocrx_word' id='word_1_764' title='bbox 1899 5215 2138 5281; x_wconf 90' lang='lat' dir='ltr'><strong>ptionem</strong></span> <span class='ocrx_word' id='word_1_765' title='bbox 2171 5215 2396 5268; x_wconf 74' lang='lat' dir='ltr'><strong>exseisa:</strong></span> <span class='ocrx_word' id='word_1_766' title='bbox 2437 5224 2491 5268; x_wconf 85' lang='lat' dir='ltr'><strong>et</strong></span> <span class='ocrx_word' id='word_1_767' title='bbox 2526 5217 2793 5271; x_wconf 88' lang='lat' dir='ltr'><strong>radicitus</strong></span> <span class='ocrx_word' id='word_1_768' title='bbox 2822 5223 3134 5288; x_wconf 74' lang='lat' dir='ltr'><strong>exstirpata:</strong></span> <span class='ocrx_word' id='word_1_769' title='bbox 3156 5263 3168 5284; x_wconf 91' lang='lat'><strong>,</strong></span> <span class='ocrx_word' id='word_1_770' title='bbox 3201 5232 3256 5274; x_wconf 85' lang='lat' dir='ltr'><strong>et</strong></span> <span class='ocrx_word' id='word_1_771' title='bbox 3291 5239 3354 5275; x_wconf 88' lang='lat' dir='ltr'><strong>eo</strong></span> <span class='ocrx_word' id='word_1_772' title='bbox 3387 5238 3473 5275; x_wconf 86' lang='lat' dir='ltr'><strong>re-</strong></span> <span class='ocrx_word' id='word_1_773' title='bbox 3505 5232 3507 5235; x_wconf 87' lang='lat'>&#39;</span> 
     </span>
    </p>
   </div>
   <div class='ocr_carea' id='block_1_114' title="bbox 1900 5309 3474 5384">
    <p class='ocr_par' dir='ltr' id='par_1_114' title="bbox 1900 5309 3474 5384">
     <span class='ocr_line' id='line_1_114' title="bbox 1900 5309 3474 5384; baseline 0.006 -25"><span class='ocrx_word' id='word_1_774' title='bbox 1900 5312 2072 5360; x_wconf 73' lang='lat' dir='ltr'><strong>dactte</strong></span> <span class='ocrx_word' id='word_1_775' title='bbox 2093 5347 2106 5370; x_wconf 83' lang='lat'><em>.</em></span> <span class='ocrx_word' id='word_1_776' title='bbox 2138 5319 2194 5360; x_wconf 87' lang='grc' dir='ltr'><strong>ιιι</strong></span> <span class='ocrx_word' id='word_1_777' title='bbox 2225 5323 2324 5360; x_wconf 91' lang='lat' dir='ltr'><strong>nec</strong></span> <span class='ocrx_word' id='word_1_778' title='bbox 2358 5309 2594 5376; x_wconf 86' lang='lat' dir='ltr'><strong>amplius</strong></span> <span class='ocrx_word' id='word_1_779' title='bbox 2644 5310 2753 5362; x_wconf 89' lang='lat' dir='ltr'><strong>sint</strong></span> <span class='ocrx_word' id='word_1_780' title='bbox 2793 5328 2891 5365; x_wconf 86' lang='lat' dir='ltr'><strong>nec</strong></span> <span class='ocrx_word' id='word_1_781' title='bbox 2924 5315 3309 5380; x_wconf 80' lang='lat' dir='ltr'><strong>imminentur;</strong></span> <span class='ocrx_word' id='word_1_782' title='bbox 3340 5332 3474 5384; x_wconf 77' lang='lat' dir='ltr'><strong>pra:-</strong></span> 
     </span>
    </p>
   </div>
   <div class='ocr_carea' id='block_1_115' title="bbox 1901 5401 3479 5474">
    <p class='ocr_par' dir='ltr' id='par_1_115' title="bbox 1901 5401 3479 5474">
     <span class='ocr_line' id='line_1_115' title="bbox 1901 5401 3479 5474; baseline 0.005 -21"><span class='ocrx_word' id='word_1_783' title='bbox 1901 5402 2113 5454; x_wconf 89' lang='lat' dir='ltr'><strong>toribus</strong></span> <span class='ocrx_word' id='word_1_784' title='bbox 2145 5413 2196 5454; x_wconf 91' lang='lat' dir='ltr'><strong>et</strong></span> <span class='ocrx_word' id='word_1_785' title='bbox 2222 5401 2570 5454; x_wconf 79' lang='lat' dir='ltr'><strong>exactoribus</strong></span> <span class='ocrx_word' id='word_1_786' title='bbox 2603 5403 2976 5458; x_wconf 88' lang='lat' dir='ltr'><strong>subordinatis</strong></span> <span class='ocrx_word' id='word_1_787' title='bbox 3005 5416 3058 5458; x_wconf 87' lang='lat' dir='ltr'><strong>et</strong></span> <span class='ocrx_word' id='word_1_788' title='bbox 3081 5408 3373 5474; x_wconf 71' lang='lat' dir='ltr'><strong>supretttis,</strong></span> <span class='ocrx_word' id='word_1_789' title='bbox 3423 5417 3479 5461; x_wconf 92' lang='lat' dir='ltr'><strong>et</strong></span> 
     </span>
    </p>
   </div>
   <div class='ocr_carea' id='block_1_116' title="bbox 1903 5496 3479 5568">
    <p class='ocr_par' dir='ltr' id='par_1_116' title="bbox 1903 5496 3479 5568">
     <span class='ocr_line' id='line_1_116' title="bbox 1903 5496 3479 5568; baseline 0.004 -19"><span class='ocrx_word' id='word_1_790' title='bbox 1903 5498 1971 5550; x_wconf 88' lang='lat' dir='ltr'><strong>iis</strong></span> <span class='ocrx_word' id='word_1_791' title='bbox 2013 5496 2103 5564; x_wconf 89' lang='lat' dir='ltr'><strong>qtti</strong></span> <span class='ocrx_word' id='word_1_792' title='bbox 2138 5503 2348 5564; x_wconf 69' lang='lat' dir='ltr'><strong>stuppa:</strong></span> <span class='ocrx_word' id='word_1_793' title='bbox 2382 5504 2435 5548; x_wconf 84' lang='lat' dir='ltr'><strong>et</strong></span> <span class='ocrx_word' id='word_1_794' title='bbox 2461 5498 2710 5563; x_wconf 70' lang='lat' dir='ltr'><strong>axungia:</strong></span> <span class='ocrx_word' id='word_1_795' title='bbox 2756 5499 3094 5568; x_wconf 86' lang='lat' dir='ltr'><strong>emptionem</strong></span> <span class='ocrx_word' id='word_1_796' title='bbox 3127 5501 3206 5554; x_wconf 89' lang='lat' dir='ltr'><strong>vel</strong></span> <span class='ocrx_word' id='word_1_797' title='bbox 3238 5503 3479 5555; x_wconf 78' lang='lat' dir='ltr'><strong>exactio-</strong></span> 
     </span>
    </p>
   </div>
   <div class='ocr_carea' id='block_1_117' title="bbox 1905 5591 3477 5664">
    <p class='ocr_par' dir='ltr' id='par_1_117' title="bbox 1905 5591 3477 5664">
     <span class='ocr_line' id='line_1_117' title="bbox 1905 5591 3477 5664; baseline 0.003 -19"><span class='ocrx_word' id='word_1_798' title='bbox 1905 5608 2023 5645; x_wconf 90' lang='lat' dir='ltr'><strong>nem</strong></span> <span class='ocrx_word' id='word_1_799' title='bbox 2069 5591 2226 5644; x_wconf 81' lang='lat' dir='ltr'><strong>statis</strong></span> <span class='ocrx_word' id='word_1_800' title='bbox 2278 5591 2613 5658; x_wconf 83' lang='lat' dir='ltr'><strong>temporibus</strong></span> <span class='ocrx_word' id='word_1_801' title='bbox 2663 5600 2942 5652; x_wconf 79' lang='lat' dir='ltr'><strong>exercent,</strong></span> <span class='ocrx_word' id='word_1_802' title='bbox 2983 5593 3162 5661; x_wconf 86' lang='lat' dir='ltr'><strong>iisque</strong></span> <span class='ocrx_word' id='word_1_803' title='bbox 3217 5597 3311 5664; x_wconf 87' lang='lat' dir='ltr'><strong>qui</strong></span> <span class='ocrx_word' id='word_1_804' title='bbox 3367 5597 3477 5651; x_wconf 89' lang='lat' dir='ltr'><strong>illis</strong></span> 
     </span>
    </p>
   </div>
   <div class='ocr_carea' id='block_1_118' title="bbox 1906 5684 3476 5755">
    <p class='ocr_par' dir='ltr' id='par_1_118' title="bbox 1906 5684 3476 5755">
     <span class='ocr_line' id='line_1_118' title="bbox 1906 5684 3476 5755; baseline 0.003 -16"><span class='ocrx_word' id='word_1_805' title='bbox 1906 5686 2242 5748; x_wconf 74' lang='lat' dir='ltr'><strong>minisxrant,</strong></span> <span class='ocrx_word' id='word_1_806' title='bbox 2282 5686 2360 5736; x_wconf 91' lang='lat' dir='ltr'><strong>sic</strong></span> <span class='ocrx_word' id='word_1_807' title='bbox 2388 5684 2656 5751; x_wconf 86' lang='lat' dir='ltr'><strong>ejusmodi</strong></span> <span class='ocrx_word' id='word_1_808' title='bbox 2691 5686 2991 5738; x_wconf 88' lang='lat' dir='ltr'><strong>immobilia</strong></span> <span class='ocrx_word' id='word_1_809' title='bbox 3051 5697 3476 5755; x_wconf 71' lang='lat' dir='ltr'><strong>przetercurrere</strong></span> 
     </span>
    </p>
   </div>
   <div class='ocr_carea' id='block_1_119' title="bbox 1905 5774 3485 5848">
    <p class='ocr_par' dir='ltr' id='par_1_119' title="bbox 1905 5774 3485 5848">
     <span class='ocr_line' id='line_1_119' title="bbox 1905 5774 3485 5848; baseline 0.001 -17"><span class='ocrx_word' id='word_1_810' title='bbox 1905 5777 2250 5840; x_wconf 88' lang='lat' dir='ltr'><strong>debentibus,</strong></span> <span class='ocrx_word' id='word_1_811' title='bbox 2292 5786 2349 5829; x_wconf 84' lang='grc' dir='ltr'><strong>ιιι</strong></span> <span class='ocrx_word' id='word_1_812' title='bbox 2377 5791 2461 5838; x_wconf 91' lang='lat' dir='ltr'><strong>ea,</strong></span> <span class='ocrx_word' id='word_1_813' title='bbox 2495 5776 2635 5827; x_wconf 89' lang='lat' dir='ltr'><strong>unde</strong></span> <span class='ocrx_word' id='word_1_814' title='bbox 2664 5774 2830 5830; x_wconf 87' lang='lat' dir='ltr'><strong>ﬁscus</strong></span> <span class='ocrx_word' id='word_1_815' title='bbox 2868 5776 3004 5829; x_wconf 85' lang='lat' dir='ltr'><strong>nihil</strong></span> <span class='ocrx_word' id='word_1_816' title='bbox 3045 5779 3234 5848; x_wconf 79' lang='lat' dir='ltr'><strong>exigit,</strong></span> <span class='ocrx_word' id='word_1_817' title='bbox 3282 5781 3333 5831; x_wconf 92' lang='lat' dir='ltr'><strong>iu</strong></span> <span class='ocrx_word' id='word_1_818' title='bbox 3363 5795 3485 5834; x_wconf 84' lang='lat' dir='ltr'><strong>om-</strong></span> 
     </span>
    </p>
   </div>
   <div class='ocr_carea' id='block_1_120' title="bbox 1909 5870 3482 5945">
    <p class='ocr_par' dir='ltr' id='par_1_120' title="bbox 1909 5870 3482 5945">
     <span class='ocr_line' id='line_1_120' title="bbox 1909 5870 3482 5945; baseline -0.003 -14"><span class='ocrx_word' id='word_1_819' title='bbox 1909 5877 2069 5931; x_wconf 89' lang='lat' dir='ltr'><strong>nibus</strong></span> <span class='ocrx_word' id='word_1_820' title='bbox 2099 5887 2220 5945; x_wconf 70' lang='lat' dir='ltr'><strong>quae</strong></span> <span class='ocrx_word' id='word_1_821' title='bbox 2255 5872 2353 5924; x_wconf 66' lang='lat' dir='ltr'><strong>hoc</strong></span> <span class='ocrx_word' id='word_1_822' title='bbox 2385 5870 2547 5924; x_wconf 88' lang='lat' dir='ltr'><strong>modo</strong></span> <span class='ocrx_word' id='word_1_823' title='bbox 2594 5871 2812 5925; x_wconf 85' lang='lat' dir='ltr'><strong>decreta</strong></span> <span class='ocrx_word' id='word_1_824' title='bbox 2862 5881 2990 5925; x_wconf 91' lang='lat' dir='ltr'><strong>sunt</strong></span> <span class='ocrx_word' id='word_1_825' title='bbox 3037 5872 3163 5942; x_wconf 91' lang='lat' dir='ltr'><strong>ipsi,</strong></span> <span class='ocrx_word' id='word_1_826' title='bbox 3213 5875 3280 5929; x_wconf 89' lang='lat' dir='ltr'><strong>ab</strong></span> <span class='ocrx_word' id='word_1_827' title='bbox 3324 5875 3482 5928; x_wconf 89' lang='lat' dir='ltr'><strong>initio</strong></span> 
     </span>
    </p>
   </div>
  </div>
