4218 6458
785 380 914 443 953‘

2023 375 2299 435 THEOD.
2360 371 2756 431 BALSAMON
3927 375 4024 437 9M

786 496 1033 552 lzodierni
1066 494 1170 548 dici
1213 492 1442 561 repetito
1474 488 1670 542 diurno
1701 498 1754 542 et
1797 488 2054 556 deinceps
2101 488 2153 540 in
2187 500 2350 540 omne
2378 488 2427 544 Α

2378 488 2427 544 Α
2459 482 2603 534 οὕτω
2632 482 3002 553 παρατρέχειν
3020 484 3111 537 an
3144 484 3236 536 καὶ
3250 484 3427 537 αὐτῶν
3453 485 3884 555 ἀκαταζητήτων
3904 488 4028 553 μελ-

785 606 847 643 ac
885 596 1201 658 perpetuum
1233 596 1467 653 tempus,
1507 590 1563 636 et
1606 582 1723 634 sine
1750 582 2182 633 contradictione
2250 592 2349 630 su-

785 678 1112 744 spiciuntur,
1138 681 1193 726 ct
1244 686 1340 740 pro
1390 686 1493 723 non
1531 669 1819 737 descriptis
1846 671 1896 722 in
1938 668 2168 737 publicis
2213 665 2349 719 actis

785 773 1075 824 habentur.
1110 766 1260 818 Lit-ct
1293 773 1471 817 autem
1506 778 1612 815 non
1649 760 1924 831 descripta
1955 762 2061 814 sint
2095 762 2160 813 in‘
2182 759 2345 833 actis,

781 865 887 917 alio
924 872 1099 914 tamen
1135 858 1367 928 quodam
1421 856 1580 909 modo
1633 855 1816 923 agnita
1860 865 2027 917 sunt;
2064 866 2113 906 el
2148 854 2227 907 sic
2267 868 2350 905 rc-

781 964 958 1024 ccpta,
1000 952 1046 1009 si
1086 952 1207 1020 quis
1268 956 1525 1019 pra-terea
1583 961 1702 1015 quae
1754 946 2047 1000 constituta
2102 954 2229 999 sunt
2265 945 2348 999 his

779 1046 977 1101 Anrcis
1003 1043 1172 1096 Bnllis
1217 1052 1269 1095 et
1326 1037 1578 1109 praesenti
1632 1038 1935 1105 majestatis
1979 1051 2110 1089 meae
2163 1050 2346 1088 exeni-

780 1140 988 1207 ptione,
1025 1135 1188 1189 fuerit
1238 1148 1405 1186 ausus
1460 1130 1662 1199 aliquid
1712 1128 1934 1196 exsequi
1964 1129 2015 1181 in
2066 1127 2348 1195 quibusvis

778 1226 1223 1299 possessionibus
1257 1221 1630 1275 immobilibus
1650 1227 1957 1272 vestrorum
1992 1218 2347 1271 monasterio»

778 1339 921 1384 rum,
975 1303 1330 1388 praeterquam
1371 1312 1516 1385 quod
1553 1313 1693 1367 laesa:
1742 1310 2041 1381 inajcstatis
2077 1311 2345 1364 tenebitur

779 1428 903 1465 rcus
941 1412 1102 1477 (sicut
1134 1409 1219 1461 his
1246 1408 1440 1459 Aureis
1467 1404 1634 1458 Bullis
1662 1403 1941 1457 deﬁnitum
1979 1402 2082 1468 est)
2110 1402 2178 1454 ab
2205 1403 2343 1455 emi-

776 1505 1098 1559 nentissimo
1134 1512 1351 1569 quoque
1398 1512 1495 1566 pro
1554 1505 1798 1563 tempore
1847 1494 2076 1563 mystico
2129 1494 2336 1547 illatum

775 1598 1010 1666 cuipiam
1052 1605 1354 1650 vestrarum
1389 1587 1796 1659 possessionum
1830 1586 2088 1639 damnum
2140 1586 2345 1641 sarcire

776 1685 1505 1761 eumpelleturJlonasteriis
1529 1698 1746 1754 quoque
1776 1680 2051 1744 omnibus,
2078 1693 2341 1750 quantum

778 1788 826 1837 in
864 1784 997 1853 ipsis
1029 1790 1132 1845 est,
1166 1794 1310 1832 curm
1339 1778 1462 1839 erit,
1506 1785 1613 1828 tam
1649 1774 1714 1827 iis
1751 1788 1872 1841 quae
1908 1782 2034 1825 sunt
2072 1772 2214 1825 intra
2246 1787 2341 1824 ur-

2460 574 2660 627 λόντων
2677 574 3048 643 διατηρεῖσθαι
3071 576 3177 627 ἀπὸ
3206 575 3297 628 τοῦ
3327 575 3609 645 δημοσίου,
3641 576 3733 627 ἐπὶ
3761 578 3903 627 πᾶσι
3921 578 4028 637 τοῖς

2457 668 2885 736 τοιουτοτρόπως
2916 668 3339 732 ἐπιγνωσθεῖσιν
3370 667 3521 734 αύτῷ
3575 668 3668 720 ἀπ’
3698 667 3875 735 ἀρχῆς
3929 666 4026 732 τῆς

2458 759 2699 826 σήμερον
2732 760 3145 828 ἀπαιτουμένης
3175 759 3478 828 ἐγχρονίας,
3511 760 3605 810 καὶ
3632 759 3711 819 είς
3742 761 3865 819 τοὺς
3903 758 4026 825 ἑξῆς

2456 852 2703 913 ἅπαντας
2735 853 2827 904 καὶ
2857 852 3125 921 διηνεκεῖς
3155 851 3380 921 χρόνους
3410 852 3719 920 δεχομένοις
3768 850 4027 919 ἀναντιρε

2457 943 2657 1011 ρήτως,
2696 944 2788 994 καὶ
2818 943 2892 1003 ὡς
2938 942 3071 1012 μηδὲ
3153 945 3210 995 ὲν
3296 943 3649 1011 δημοσιακοῖς
3700 943 4026 1008 πρακτικιιῖς

2456 1037 2851 1103 καταγραφεῖσι
2880 1033 3249 1104 λογιζομένοις
3282 1049 3297 1063 °
3332 1032 3432 1087 κᾶν
3461 1034 3535 1103 μὴ
3595 1033 4025 1102 κατεγράφησαν

2454 1124 2509 1175 δὲ
2544 1125 2602 1176 ἐν
2630 1128 2971 1195 πρακτικοῖς,
3003 1126 3176 1189 ἄλλως
3214 1126 3269 1179 δέ
3308 1143 3426 1187 πως
3450 1125 3794 1195 ἐγνώσθησαν
3828 1141 3843 1155 ·
3874 1125 4027 1192 δεχοο

2457 1215 2637 1283 μένοις
2675 1218 2767 1269 καὶ
2797 1215 2959 1284 οὕτω,
3010 1217 3103 1270 τοῦ
3165 1218 3663 1289 κατατολμήσοντος
3724 1216 3915 1287 ἔτερόν
3974 1233 4025 1267 τι

2453 1312 2603 1382 πιρά
2629 1313 2962 1383 διωρισμένα
2992 1316 3102 1377 τοῖς
3128 1314 3387 1377 τοιούτοις
3445 1312 3879 1384 χρυσοδούῦοιῶ
3936 1314 4029 1362 11'7-

2453 1408 2519 1475 τῇ
2550 1406 2799 1477 παρούσῃ
2831 1406 2982 1460 λύσει
3007 1410 3105 1478 τῆς
3135 1408 3412 1477 βασιλείας
3447 1426 3572 1476 μου,
3606 1406 3697 1459 ἐπὶ
3750 1408 3873 1467 ταῖς
3928 1406 4029 1455 ima

2454 1498 2550 1561 τάς
2580 1499 2703 1550 καθ’
2738 1500 2883 1568 ὑμᾶς
2918 1501 3087 1570 μονάς
3137 1499 3417 1563 παντοίαις
3468 1502 3745 1569 ἀκινήτοις
3795 1498 4026 1567 κτήσεσι

2454 1591 2884 1659 διαπράξασθαι,
2921 1594 3018 1646 σὺν
3050 1594 3127 1663 τῷ
3157 1595 3253 1647 καὶ
3314 1592 3641 1647 καθοσιώσει
3694 1591 4028 1643 ὑποπίπτειν

2454 1682 2661 1753 (καΟὼς
2694 1684 2779 1737 διὰ
2809 1684 2918 1737 τῶν
2950 1685 3206 1739 τοιούτων
3239 1684 3655 1755 χρυσοόούλλων
3708 1680 4026 1751 διωρίσθη.)

2454 1777 2545 1828 καὶ
2580 1777 2733 1846 παρά
2760 1777 2853 1830 τοῦ
2874 1778 3018 1831 κατὰ
3044 1782 3141 1849 τὴν
3166 1781 3379 1849 ἡμέραν
3416 1778 4028 1847 μεγαλεπιφανεστάτου

773 1842 918 1936 belli,
949 1888 1107 1942 (piam
1160 1885 1280 1940 qua:
1340 1877 1492 1922 extra
1518 1907 1531 1929 ,
1574 1866 1675 1920 sub
1717 1863 1963 1918 terminis
2024 1862 2090 1917 iis
2151 1864 2346 1916 Aureis
2375 1842 2420 1901 Β

2375 1842 2420 1901 Β
2448 1866 2754 1931 Μυστσκοῦ,
2784 1867 3343 1937 καταναγκαζομένου
3380 1870 3457 1930 είς
3485 1867 3584 1937 τήν
3640 1864 4028 1934 ἐπενεχθεῖσαν

778 1969 941 2022 ιῑιιΗιε
971 1962 1385 2033 comprehensis
1427 1955 1773 2026 imperatoris
1798 1954 1984 2024 inclyti
2018 1962 2069 2007 ct
2101 1954 2203 2024 pia:
2235 1968 2347 2009 me-
2440 1980 2444 1991 ι

2440 1976 2546 2012 τινι
2579 1960 2686 2013 τῶν
2720 1962 2790 2029 ύφ
2840 1962 3001 2030 ὑμᾶς’
3052 1963 3297 2032 κτήσεων
3330 1961 3533 2032 βλάόην
3587 1956 4027 2028 ἀποθεραπεύειν

777 2060 987 2121 moi-im,
1018 2058 1221 2109 domini
1258 2069 1321 2108 ac
1362 2052 1533 2122 patris
1571 2048 1874 2118 tllnjeslntls
1936 2061 2067 2099 mem
2118 2062 2179 2100 ca
2229 2062 2349 2116 per-

2443 2054 2608 2123 αύτῇ.
2644 2054 2887 2124 Μελήσει
2927 2056 3114 2125 μέντοι
3142 2056 3236 2109 καὶ
3266 2055 3343 2124 τῷ
3375 2054 3531 2124 μέρει
3556 2054 3666 2107 τῶν
3704 2051 3899 2122 μονῶν
3930 2067 4026 2103 τα-

774 2167 955 2221 agere,
982 2163 1103 2217 quae
1136 2148 1187 2199 in
1218 2145 1420 2199 nostris
1452 2141 1859 2197 conitilentariis
1890 2136 2160 2192 declarata
2197 2148 2346 2203 sunt;

2445 2148 2577 2209 σῶν.
2609 2148 2715 2201 τῶν
2745 2166 2803 2200 τε
2830 2149 2979 2212 ἐντὸς
3017 2149 3115 2216 τῆς
3149 2147 3566 2218 μεγαλοπόλεως
3604 2147 3696 2200 καὶ
3733 2147 3897 2207 ἐκτὸς
3931 2144 4028 2196 ὑπὸ

772 2245 875 2299 nisi
916 2242 1080 2296 velint
1111 2240 1199 2293 tali
1236 2236 1595 2293 excusatione
1628 2234 1849 2300 privari,
1882 2247 1947 2287 eo
1978 2232 2124 2300 quod
2176 2232 2346 2286 semel

2444 2240 2573 2302 τοὺς
2604 2240 3174 2311 ἐμπεριειλημμένους
3210 2243 3393 2311 μέντοι
3435 2243 3595 2312 ὅρους
3620 2242 3731 2302 τοῖς
3763 2239 4027 2297 τοιούτοις

772 2344 981 2391 tantum
1012 2349 1072 2386 ea
1112 2329 1469 2400 neglexerint.
2449 2331 2871 2401 χρυσοὸούλλοις
2934 2332 3335 2404 διακειμένων,
3399 2333 3491 2385 τοῦ
3554 2334 3611 2385 ὲν
3664 2332 3785 2393 τοῖς
3824 2344 4030 2398 μνημο-

773 2434 950 2495 σύνοις
985 2430 1077 2484 τοῦ
1129 2431 1181 2482 ὲν
1244 2426 1555 2497 βασιλεῦσιν
1583 2424 1857 2493 ῖάοιδίμου
1893 2421 2150 2475 αύθέντου
2208 2423 2301 2475 καὶ
2353 2425 2560 2494 πατρὸς
2592 2426 2692 2495 τῆς
2720 2427 2997 2496 βασιλείας
3029 2444 3132 2498 μου
3160 2430 3398 2483 ἐκτελεῖν
3429 2431 3525 2482 ὅσα
3545 2431 3603 2482 ἐν
3632 2431 3697 2499 τῇ
3726 2428 4032 2495 ὑπομνήσει

768 2528 919 2600 ὑμῶν
952 2523 1292 2583 δεδούλωται,
1324 2522 1370 2571 εἰ
1403 2519 1478 2588 μὴ
1508 2515 1788 2583 βούλονται
1815 2514 1914 2583 τῆς
1948 2513 2199 2582 τοιαύτης
2231 2514 2542 2579 ὲξκουσείας
2567 2516 2839 2572 διαπεσεῖν
2891 2522 2953 2572 ὲκ
3015 2519 3109 2573 τοῦ
3138 2519 3285 2585 ἅπαξ
3331 2519 3535 2573 τούτων
3594 2520 4003 2589 καταμελῆσαι.

841 2624 945 2679 Sed
975 2635 1026 2676 et
1057 2619 1415 2676 sanctissimae
1470 2615 1579 2669 Deo
1628 2613 1837 2683 Magnae
1874 2612 2120 2678 ecclesiae
2167 2613 2345 2663 Aurea

770 2719 921 2773 Bulla
948 2717 1073 2768 data
1101 2721 1185 2768 est
1216 2709 1452 2781 potentis
1485 2708 1654 2761 nostri
1688 2704 2058 2774 imperatoris,
2084 2718 2202 2773 qua:
2233 2702 2346 2756 lucc

768 2815 833 2867 ad
867 2808 1090 2864 verbum
1127 2804 1390 2859 continet:

843 2903 905 2956 Et
933 2901 1006 2969 illi
1035 2898 1251 2970 quidem
1292 2896 1517 2963 antiquo
1547 2900 1601 2947 et
1641 2891 1838 2946 celebri
1889 2893 2201 2947 Solomonis
2249 2907 2341 2947 sa-

773 2992 987 3066 pientia:
1042 2989 1241 3056 templo
1274 3002 1372 3054 pro
1423 2984 1630 3038 viribus
1675 2982 1975 3037 oﬁercbant
2018 2999 2256 3038 omnes:
2294 2990 2349 3038 et

774 3088 903 3141 huic
932 3099 1149 3154 quoque
1181 3095 1337 3135 sacro
1358 3086 1410 3131 ct
1444 3077 1682 3130 maximo
1711 3077 1934 3145 templo,
1963 3076 2108 3145 quod
2139 3086 2220 3131 est
2246 3076 2347 3130 sub

774 3182 992 3233 nomine
1036 3174 1125 3228 Dei
1159 3169 1457 3239 sapientiae,
1483 3171 1575 3239 qui
1613 3184 1677 3222 ex
1722 3166 2014 3223 Solomone
2048 3177 2103 3223 et
2142 3168 2346 3223 Davide

772 3268 1073 3326 secundum
1126 3264 1523 3318 humanitatem
1583 3261 1905 3325 derivatur,
1958 3260 2245 3329 magniﬁce
2291 3271 2345 3315 et

771 3363 1025 3433 regaliter
1060 3368 1361 3421 exstructo,
1386 3355 1544 3424 cuius
1570 3353 1701 3407 illud
1730 3351 2039 3407 Solomonis
2067 3364 2183 3407 erat
2216 3368 2347 3422 pras-

768 3457 1037 3525 liburatio,
1066 3466 1236 3515 novae,
1267 3452 1510 3518 inquam,
1531 3446 1682 3509 Sion,
1708 3462 1848 3501 arth
1872 3446 2341 3511 sanctiﬁcationis,

771 3548 1079 3604 Servutoris
1110 3542 1284 3599 nostri
1317 3541 1590 3606 Ecclesia,
1625 3556 1787 3608 quam
1818 3556 1983 3608 super
2011 3539 2343 3608 apostolico-

768 3658 887 3695 l'Ulll
927 3640 1309 3691 mandaturum
1344 3645 1553 3704 petram
1588 3649 1778 3687 revera
1835 3632 2086 3687 stabilem
2134 3642 2188 3686 et
2245 3633 2346 3685 hn-

767 3733 1023 3787 mobilcm
1062 3728 1299 3798 Spiritus
1329 3737 1554 3782 sanctus
1581 3724 1893 3787 aediﬁcavit,
1922 3725 2078 3777 multi
2126 3725 2341 3778 diversa

771 3838 995 3879 munera
1029 3822 1368 3883 obtulerunt,
1397 3835 1518 3889 qua:
1553 3819 1605 3872 in
1634 3818 2006 3872 immobilibus
2032 3818 2342 3885 possessio-

766 3918 930 3972 nibus
964 3923 1281 3983 spectautur
1315 3910 1382 3965 ad
1419 3913 1683 3966 orientem
1720 3919 1773 3964 et
1819 3912 2159 3963 occidentem
2194 3909 2340 3973 sitis,

766 4020 822 4064 et
858 4012 913 4062 in
950 4008 1225 4076 aliquibus
1260 4005 1479 4057 insulis.
1505 4001 1762 4067 Quaedam
1795 4012 1850 4055 et
1887 4016 1979 4068 per
2009 4000 2340 4069 emptionem

769 4101 837 4154 ab
862 4113 926 4153 eo
963 4107 1090 4153 sunt
1121 4094 1406 4164 requisita.
1442 4092 1645 4151 Horum
1676 4092 1842 4144 multa
1886 4092 1977 4161 (ne
2006 4092 2185 4144 dicam
2222 4093 2341 4162 plu-

768 4192 930 4261 rima)
964 4189 1202 4245 diversis
1252 4203 1317 4243 ex
1366 4187 1551 4241 causis
1581 4185 1646 4239 ad
1683 4186 1872 4239 ﬁscum
1916 4184 2183 4254 pertinere
2215 4201 2343 4241 cen-

769 4285 1033 4340 sebantur
1066 4282 1133 4335 ab
1170 4280 1258 4343 iis,
1311 4281 1403 4340 qui
1442 4276 1643 4343 ubique
1686 4283 1855 4338 sunt,
1892 4276 2095 4345 publici
2138 4291 2342 4331 census

766 4374 1198 4444 descriptoribus
1230 4371 1465 4439 aliisque
1506 4370 1561 4423 in
1592 4369 1865 4438 ejusmodi
1915 4383 2076 4423 renus
2128 4371 2340 4425 exerci-

768 4468 917 4521 tatis.
937 4462 1099 4535 309
1120 4463 1388 4529 Quoniam
1419 4470 1601 4516 autem
1639 4460 1743 4515 hoc
1776 4461 1844 4515 ad
1878 4462 2181 4529 majestalis
2209 4476 2343 4515 meae

2533 2612 2693 2669 Ἀλλά
2725 2616 2818 2669 καὶ
2850 2619 2914 2685 τῇ
2942 2618 3224 2689 ἁγιωτάτῃ
3252 2615 3344 2670 τοῦ
3372 2615 3509 2670 Θεοῦ
3539 2615 3773 2684 Μεγάλῃ
3839 2617 4037 2685 ἐκκλη-

2450 2706 2542 2776 σίᾳ
2574 2708 2861 2779 ἐπωρέχθη
2892 2709 3291 2779 χρυσόσουλλον
3321 2710 3414 2763 τοῦ
3447 2709 3713 2779 κραταιοῦ
3740 2709 3907 2778 ἡμῶν
3945 2710 4036 2778 βα-

2452 2800 2668 2865 σιλέως,
2698 2802 2871 2855 ταῦτα
2900 2804 3043 2857 κατά
3070 2803 3223 2874 ῥῆμα
3258 2802 3632 2873 διαλαμϐάνον
3653 2819 3669 2835 ·

2522 2892 2629 2944 Καὶ
2662 2893 2736 2963 τῷ
2781 2894 3002 2965 παλαιῷ
3048 2896 3149 2964 μὲν
3184 2896 3379 2966 ἐκείνῳ
3424 2897 3521 2949 καὶ
3554 2896 3892 2967 περιπύστῳ
3944 2896 4039 2961 τῆς

2454 2983 2548 3037 τοῦ
2582 2985 2929 3054 Σολομῶντος
2956 2986 3148 3056 σοφίας
3180 2987 3293 3057 ναῷ
3315 2989 3376 3040 τὸ
3405 2989 3548 3041 κατὰ
3588 2989 3829 3058 δύναμιν
3856 3005 4041 3057 προσ-

2454 3076 2651 3144 έφερον
2688 3076 3001 3147 ξύμπαντες
3024 3093 3039 3107 ⁸
3069 3079 3162 3132 καὶ
3202 3077 3277 3148 τῷ
3313 3079 3444 3149 ἱερῷ
3471 3078 3527 3132 δὲ
3554 3078 3736 3148 τούτῳ
3766 3081 3865 3132 καὶ
3887 3095 4039 3149 παμσ

2456 3168 2696 3239 μεγίστῳ
2747 3171 2963 3239 τεμένει
2993 3171 3070 3237 τῷ
3104 3170 3193 3225 ἐπ’
3236 3173 3458 3242 ὀνύματι
3502 3175 3601 3243 τῆς
3628 3172 3728 3225 τοῦ
3766 3172 3913 3225 Θεοῦ
3951 3172 4041 3225 Σο-

2451 3260 2601 3330 φίας,
2632 3261 2731 3315 τοῦ
2784 3266 2879 3316 καὶ
2928 3264 2992 3318 ὲκ
3050 3263 3396 3334 Σολομῶντος
3431 3267 3789 3334 κατηγμένου
3848 3266 4040 3318 tanta:

2451 3352 2615 3406 Aa6‘t6
2643 3356 2780 3407 κατὰ
2811 3356 2871 3409 τὸ
2901 3356 3264 3426 ἀνθρώπινον,
3296 3358 3596 3426 φιλοτίμως
3619 3357 3784 3421 ὄντας
3822 3357 4039 3425 ινιδρυο

2455 3446 2601 3516 μένῳ
2632 3448 2725 3499 καὶ
2746 3448 2824 3514 τῷ
2846 3448 2959 3501 ὄντι
2992 3449 3308 3517 βασιλικῶς,
3340 3446 3400 3503 οὗ
3433 3451 3685 3512 κάκεῖνος
3712 3447 3785 3519 ἦν
3816 3451 3846 3503 ὀ
3884 3450 4039 3503 Σολο-

2454 3537 2717 3607 μώντειος
2749 3539 3184 3611 προεκτύπωμα,
3218 3544 3282 3613 τῇ
3324 3542 3420 3612 νέᾳ
3467 3542 3609 3609 λέγω
3642 3542 3810 3603 Σιὼν,
3840 3545 3914 3612 τῇ
3948 3541 4036 3594 τσῦ

2452 3632 2792 3702 ἀγιάσματος
2825 3632 3068 3704 κιϐωτῷ,
3105 3636 3171 3705 τῇ
3204 3634 3301 3687 τοῦ
3329 3634 3579 3704 Σωτῆρος
3605 3636 3771 3704 ἡμῶν
3805 3634 4037 3699 Ὲκχλη-

2453 3726 2567 3795 σία,
2595 3726 2661 3794 ἢν
2694 3730 2759 3797 τῇ
2800 3729 2979 3799 πέτρᾳ
3038 3727 3429 3799 ἐπῳκοδόμησε
3478 3728 3589 3783 τῶν
3644 3728 4037 3782 ἀποστολικῶν

2450 3818 2748 3884 διατάξεων
2800 3818 2862 3872 τὸ
2925 3820 3149 3889 Πνεῦμα
3180 3821 3242 3874 τὸ
3293 3820 3449 3889 ἅγιον
3475 3820 3646 3883 ὅντως
3680 3822 3917 3890 ἀρραγῆ
3946 3824 4038 3873 καὶ

2452 3904 2769 3974 ἀκλὸνητον,
2792 3907 3028 3977 διάφορα
3061 3907 3249 3961 πολλοὶ
3299 3909 3657 3979 προσήγαγον
3677 3910 4035 3980 ἀναθέματα,

2450 3996 2508 4046 ὲν
2542 3998 2819 4065 ἀκινήτοις
2862 3996 3216 4067 θεωρούμενα
3273 4001 3501 4070 κτήσεσι
3556 4001 3707 4054 κατά
3739 4019 3804 4055 τε
3832 4004 3940 4073 τὴν
3968 4004 4038 4055 ἔω

2449 4087 2822 4156 διακειμέναις
2848 4091 2943 4142 καὶ
2970 4089 3106 4159 πρὸς
3134 4089 3365 4159 δυσμὰς,
3390 4091 3528 4145 ἀλλά
3546 4093 3612 4163 δή
3642 4096 3740 4147 καὶ
3769 4098 3915 4148 κατά
3933 4095 4038 4147 τῶν

2451 4183 2632 4251 νήσων
2662 4183 2839 4247 τινάς.
2878 4185 2998 4238 Εἰσὶ
3048 4186 3094 4239 δ’
3144 4185 3180 4240 ἃ
3216 4185 3518 4257 περιῆλθον
3548 4189 3736 4257 τούτῳ
3788 4192 3887 4243 καὶ
3917 4189 4039 4243 κατ’

2450 4274 2733 4344 ὲξώνησιν.
2773 4277 2994 4332 Τούτων
3039 4278 3211 4333 πολλά
3239 4279 3365 4350 (ῐνα
3416 4280 3491 4350 μὴ
3528 4281 3675 4350 λέγω
3729 4283 3803 4337 τὰ
3828 4284 4038 4352 πλείω)

2450 4370 2513 4422 ὲκ
2539 4369 2811 4437 διαφόρων
2839 4370 3182 4441 αίτιαμάτων
3208 4372 3289 4443 τῷ
3315 4373 3559 4447 δημοσίῳ
3586 4378 4039 4447 προσαρμόττειν

2447 4461 2862 4528 διεγινώσκοντο
2921 4464 3075 4532 παρά
3108 4480 3168 4516 τε
3206 4464 3314 4517 τῶν
3348 4466 3726 4534 ἀναγραφέων
3789 4470 3886 4521 καὶ
3931 4470 4037 4519 τῶν

768 4573 929 4614 aures
962 4558 1276 4628 frequenter
1302 4555 1541 4610 delatum
1565 4563 1650 4608 est
1682 4567 1712 4606 a
1742 4554 2007 4609 relatione
2032 4570 2221 4609 eorum
2248 4558 2339 4623 qui
2370 4587 2423 4647 Β

2372 4587 2423 4647 D
2450 4555 2622 4608 ἄλλων
2654 4557 2781 4625 περὶ⁵
2807 4556 2979 4609 ταῦτα
3002 4556 3209 4611 δεινῶν.
3257 4556 3409 4610 Ἐπεὶ
3446 4557 3502 4610 δὲ
3535 4562 3658 4621 ταῖς
3690 4560 3888 4621 ἀκοαῖ;
3920 4563 4038 4627 ἐντι·

770 4651 936 4720 hujus
973 4648 1156 4718 magni
1190 4655 1245 4702 et
1280 4648 1422 4702 sacri
1457 4648 1640 4717 templi
1668 4657 1798 4701 sunt
1830 4647 2125 4712 (economi,
2154 4648 2339 4702 statim

776 4744 909 4797 nihil
942 4752 1196 4797 cunctata
1233 4740 1497 4811 majestas
1526 4756 1647 4795 mea
1670 4741 1812 4794 hanc
1848 4745 2169 4811 praesentem
2206 4741 2341 4795 deﬁ-

767 4837 1029 4891 nitioncm
1078 4836 1257 4889 Aurea
1288 4833 1439 4887 Bulla
1490 4834 1757 4887 munitam
1811 4833 2167 4888 sanctissimo
2207 4834 2337 4888 huic

767 4928 967 4996 templo
1012 4927 1238 4995 elargita
1294 4936 1416 4992 est;
1455 4941 1549 4995 per
1597 4940 1763 4995 quam
1815 4926 1866 4981 ei
1903 4941 2037 4996 pure
2086 4926 2257 4981 donat
2288 4935 2343 4981 et

767 5020 1018 5075 concedit
1066 5032 1253 5075 nostra
1291 5021 1465 5090 pietas
1498 5021 1685 5074 omnia
1711 5059 1725 5085 ,
1754 5034 1877 5089 qua:
1909 5022 1975 5075 ad
2011 5020 2201 5075 ﬁscum
2241 5037 2338 5077 seu

767 5112 1043 5183 publicum
1076 5113 1566 5182 quomodocunque
1614 5112 1905 5181 pertinent,
1928 5128 1993 5166 ex
2024 5112 2109 5175 iis,
2136 5128 2258 5183 qua:
2288 5115 2342 5168 in

767 5212 976 5263 oriente
1010 5215 1064 5261 et
1100 5208 1382 5261 occidente
1410 5207 1541 5259 etin
1580 5208 1835 5260 onmibus
1890 5206 2086 5262 insulis
2121 5208 2189 5263 ab
2234 5208 2342 5262 illis

771 5300 1142 5371 possidentur.
1184 5299 1604 5352 omnil'ariorum
1641 5299 2002 5354 iinmobiliuin
2034 5302 2340 5369 possessio-

768 5395 949 5454 nibus,
987 5400 1247 5460 tanquam
1300 5390 1503 5444 donum
1554 5389 1674 5458 ejus
1723 5399 1777 5442 ct
1836 5405 2049 5444 sacram
2100 5392 2339 5461 aliquam

768 5486 1123 5549 oblationem,
1184 5483 1299 5538 sive
1327 5482 1504 5537 coloni
1556 5488 1701 5544 sint,
1741 5482 1857 5537 sive
1898 5494 2065 5547 terra,
2114 5484 2338 5540 arabilis

771 5579 981 5631 scilicet
1021 5578 1101 5630 vel
1138 5576 1425 5646 pratensis,
1470 5576 1553 5630 vel
1584 5579 1800 5629 consita
1838 5574 2061 5637 vitibus,
2092 5576 2173 5631 vel
2204 5576 2335 5631 lior-

768 5671 960 5733 tensis,
988 5669 1071 5723 vel
1110 5668 1642 5738 cujusmodicunqne
1678 5668 1903 5738 praedia,
1934 5670 2047 5723 sive
2080 5670 2330 5738 inquilini

770 5766 1138 5833 negotiatores
1175 5764 1255 5817 vel
1293 5763 1558 5827 artiﬁces,
1589 5773 1641 5815 et
1677 5762 1723 5817 si
1751 5772 1934 5817 castra
1969 5764 2023 5816 in
2057 5763 2334 5833 aliquibus

763 5870 952 5910 ecrum
989 5866 1271 5913 exstructa
1308 5855 1419 5911 sint
1445 5895 1460 5922 ,
1492 5856 1575 5913 vel
1620 5854 1820 5925 aliquid
1871 5855 2041 5921 aliud,
2088 5856 2233 5927 quod
2270 5858 2334 5913 ad

2449 4646 2587 4717 χήθη
2623 4647 2723 4717 τῆς
2760 4647 3041 4717 βασιλείας
3067 4666 3169 4717 μου
3204 4648 3266 4713 ἐξ
3298 4649 3580 4721 ἀναφορᾶς
3621 4650 3738 4703 τῶν
3768 4654 3918 4705 κατά
3949 4653 4035 4705 τόν

2449 4741 2707 4809 μέγιστον
2723 4742 2911 4793 τοῦτον
2933 4743 3029 4796 καὶ
3044 4740 3186 4795 θεῖον
3205 4742 3642 4810 οίκονομούντων
3660 4744 3821 4809 ναὸν,
3839 4748 4037 4798 αὐτίκα

2449 4835 2615 4905 μηδὲν
2678 4834 2953 4905 μελλῆσαν
3007 4835 3067 4888 τὸ
3099 4835 3368 4905 ἡμέτερον
3412 4836 3619 4904 κράτος
3656 4838 3754 4892 τὸν
3791 4840 4035 4909 παρόντα

2446 4927 2842 4997 χρυσόὸουλλον
2876 4927 3035 4997 λόγον
3064 4927 3144 4999 τῷ
3177 4929 3473 4997 πανσέπτῳ
3503 4930 3683 5002 τούτῳ
3754 4935 3917 5003 σηκῷ
3946 4938 4037 4988 i2:-

2448 5018 2768 5090 εὸράϐευσε,
2793 5020 2860 5074 δι’
2880 5014 2943 5075 οὗ
2968 5018 3223 5092 καθαρῶς
3246 5020 3395 5090 αὐτῷ
3417 5021 3675 5092 δωρεῖταί
3690 5042 3757 5079 τε
3785 5029 3885 5080 καὶ
3906 5030 4035 5082 ἀπο.

2447 5112 2733 5182 χαρίζεται
2763 5115 2796 5183 ή
2830 5114 3078 5185 ἡμετέρα
3128 5114 3378 5168 εὐσέϐεια
3411 5117 3636 5170 ἅπαντα
3661 5121 3735 5173 τά
3766 5122 3848 5191 τῷ
3876 5122 4035 5193 δημε-

2448 5205 2550 5274 σίῳ
2581 5206 2940 5275 ὁπωσδήποτε
2972 5206 3300 5279 διαφέροντα
3342 5209 3451 5260 ἀπό
3483 5226 3543 5262 τε
3572 5211 3689 5264 τῶν
3712 5216 3774 5265 ὲν
3804 5218 3874 5285 τῇ
3915 5218 4036 5269 ἀναν

2446 5300 2574 5368 τολῇ
2595 5300 2689 5351 καὶ
2712 5301 2777 5368 τῇ
2808 5298 2957 5351 δύσει
2987 5301 3080 5353 καὶ
3111 5303 3227 5363 ταῖς
3245 5300 3397 5363 ὅλαις
3424 5303 3612 5374 νήσοις
3644 5311 4036 5378 κατεχομένων

2447 5391 2578 5459 παρ’
2631 5392 2815 5454 αὐτοῖς
2866 5394 3139 5447 παντοίων
3195 5397 3472 5467 ἀκινήτων
3538 5400 3927 5471 ἐπικτήσεων,
3970 5404 4033 5462 ὡς

2445 5483 2615 5552 δῶρον
2646 5483 2851 5553 ταύτης
2890 5485 2983 5537 καὶ
3019 5486 3183 5556 ίερόνέ
3212 5504 3264 5541 τι
3302 5490 3583 5559 ἀνάθημα,
3640 5492 3750 5545 κᾶν
3779 5487 4035 5566 stipante:

2446 5570 2569 5642 ῶσι,
2599 5577 2702 5631 κᾶν
2732 5578 2827 5648 γῆ,
2858 5579 3128 5651 ἀρόσιμος
3147 5582 3309 5652 τυχὸν
3342 5584 3374 5656 ἢ
3400 5581 3682 5639 λιὸαδιάία
3706 5589 3744 5660 ἢ
3770 5590 4029 5661 ὑπαμπε-

2446 5670 2536 5733 λος
2568 5671 2601 5739 ἢ
2633 5671 3002 5742 κηπεύσιμος,
3063 5673 3166 5727 κάν
3216 5675 3524 5747 αύτούργια
3572 5679 3906 5750 οἱαδήτινα,
3938 5687 4037 5737 xiv

2444 5764 2645 5818 ἔνοικοι
2673 5767 3099 5835 πραγματευταὶ
3127 5768 3161 5838 ἡ
3189 5768 3647 5841 ἑργαστηριακοὶ,
3684 5774 3801 5829 κᾶν
3818 5779 4033 5848 animi”

2450 5859 2506 5914 ἔν
2539 5874 2649 5910 τισι
2679 5856 2884 5913 τούτων
2905 5857 3355 5932 ᾠκοδομήθησαν,
3385 5864 3493 5920 κᾶν
3514 5865 3713 5936 ἔτερόν
3745 5885 3802 5924 τι
3824 5872 4033 5925 6mm-
