4218 6458
227 456 335 519 94:3

1284 457 1358 519 ΙΝ
1399 458 1564 517 CAN.
1612 453 1720 514 ΧΗ
1759 455 1961 516 CONC.
1998 457 2104 515 VII
2145 459 2494 522 (ECUMEN.

3372 458 3478 522 946

226 569 498 636 δηποτοῦν
527 568 604 638 τῷ
626 569 868 641 δημοσίῳ
888 571 1145 641 διαφέρον
1168 571 1225 623 ὲν
1257 571 1464 630 τούτοις
1489 567 1796 636 ἐφεύρηται.

1915 567 2185 632 publicum
2239 571 2422 638 utique
2452 570 2706 640 pertinet,
2740 572 2791 624 in
2843 572 2908 625 iis
2962 571 3244 626 inventum
3290 571 3473 626 fuerit.

242 665 573 733 Ἐπανορθοῖ
615 665 669 719 δὲ
698 667 729 735 ἡ
757 666 1002 732 βασιλεία
1039 684 1138 734 μου
1169 666 1254 717 διὰ
1289 665 1382 717 τοῦ
1422 665 1692 734 παρόντος
1716 665 1806 716 εύ-

230 755 426 816 σεσοῦς
468 756 867 825 χρυσοόούλλου
915 756 1077 824 λόγου
1109 758 1202 809 καὶ
1229 757 1328 808 ὅσα
1368 774 1471 808 που
1498 756 1803 824 χωλεύοντα

226 849 582 917 εὑρίσκονται
636 853 730 904 ἐπὶ
762 853 873 913 τοῖς
925 851 1286 921 προσοῦσι.τῇ
1319 850 1673 920 ὃιαληιρθείσῃ
1709 849 1801 903 τοῦ

227 941 366 993 δέ)εοῦ
405 941 630 1013 Μεγάλῃ
670 944 936 1014 ἐκκλησίᾳ
991 943 1375 1012 δικαιώμασιν,
1418 946 1476 997 ἐν
1509 946 1640 997 πᾶσι
1691 949 1804 1008 τοῖς

227 1036 493 1098 τοιούτοις
527 1037 823 1104 ἀκινήτοις,
851 1038 1007 1088 ὁποῖα
1046 1038 1110 1088 ἂν
1132 1039 1224 1089 καὶ
1257 1032 1379 1098 ὦσι,
1414 1038 1507 1090 καὶ
1535 1039 1714 1091 πάντα
1736 1037 1804 1091 τὰ

229 1129 503 1195 προσόντα
538 1131 675 1198 αὐτῇ
712 1132 852 1182 κατά
873 1147 929 1181 τε
956 1131 1107 1184 δύσιν
1147 1133 1240 1184 καὶ
1283 1132 1548 1202 ἀνατολὴν
1583 1132 1804 1193 καὶτὰς

225 1219 356 1282 ὅλας
389 1223 606 1290 νήσους,
641 1223 711 1283 ὡς
747 1222 840 1273 νῦν
874 1223 1024 1291 παρὰ
1045 1225 1144 1288 τῆς
1171 1224 1447 1292 βασιλείας
1475 1242 1574 1292 μου
1601 1223 1806 1290 δωρού⁶

229 1329 368 1377 μενα
430 1314 523 1362 καὶ
572 1313 980 1380 παραδιδόμενα
1029 1312 1200 1381 ταύτῃ
1229 1311 1540 1379 λογίζεσθαι
1592 1311 1680 1362 διὰ
1705 1312 1803 1377 τῆς

225 1403 510 1473 παρούσης
542 1404 799 1465 εὐσεϐοῦς
827 1405 1224 1473 χρυσοϐούλὶου
1254 1407 1472 1473 γραφῆς
1503 1405 1535 1473 ἡ
1572 1403 1804 1470 γαληνό-

223 1516 326 1563 της
354 1499 514 1566 ἡμῶν
550 1499 799 1561 θεσπίζει
851 1500 944 1551 καὶ
1002 1499 1316 1568 διορίζεται.
1371 1499 1471 1550 Διά
1506 1500 1613 1566 γάρ
1647 1497 1801 1549 τοῦτο

222 1591 321 1640 καὶ
369 1592 763 1658 περιορισμοῦς
820 1590 1090 1660 προϐῆναι
1141 1590 1500 1658 λεπτομερεῖς
1531 1589 1801 1640 παντοίων

221 1683 500 1749 ἀκινήτων
534 1681 868 1749 δηλωτικοὺς
919 1684 1010 1732 καὶ
1048 1680 1157 1732 τῶν
1187 1681 1244 1732 ἐν
1272 1682 1454 1738 αὐτοῖς
1487 1677 1802 1748 προσκαθη-

224 1776 405 1836 μένων
463 1773 746 1842 παροίκων
783 1791 838 1826 τε
866 1774 958 1825 καὶ
991 1773 1236 1834 ἐνοίκων,
1274 1773 1353 1824 ἔτι
1383 1771 1438 1823 δὲ
1484 1773 1577 1823 καὶ
1609 1770 1715 1822 τῶν
1744 1771 1800 1821 ὲν

216 1865 434 1927 τούτοις
468 1867 875 1936 εὑρισκομένων
929 1867 1201 1919 παντοίων
1254 1867 1618 1935 αύτουργίων,
1651 1866 1799 1932 παρά

216 1961 330 2011 τῶν
363 1961 502 2014 κατὰ
530 1961 726 2023 τόπους
759 1961 1148 2031 ἀναγραφέων,
1173 1961 1267 2013 καὶ
1303 1964 1421 2020 ταῖς
1460 1959 1797 2026 πιστωθῆναι

218 2051 592 2117 ὑπογραφαῖς,
632 2051 726 2104 καὶ
756 2050 830 2118 τῷ
863 2053 1018 2120 μέρει
1060 2050 1158 2118 τῆς
1205 2051 1513 2120 ἁγιωτάτης
1541 2050 1800 2120 Μεγάλης

219 2144 523 2211 ἐκκλησίας
592 2144 908 2212 ἐπιδοθῆναι
959 2146 1040 2205 είς
1073 2144 1377 2212 ἀσφάλειαν
1436 2143 1799 2206 αἰωνίζονσαν

213 2237 277 2287 τὸ
307 2240 506 2304 κράτος
537 2240 696 2306 ἡμῶν
759 2238 1137 2303 ἑγκελεύεται,
1188 2240 1261 2300 ὠς
1294 2239 1360 2291 ἂν
1388 2232 1488 2290 ὦσι
1521 2238 1653 2306 δῆλα
1706 2239 1800 2290 καὶ

213 2331 601 2399 ἀναμφίλεκτα
651 2331 964 2398 ξύμπαντα,
995 2331 1088 2382 καὶ
1143 2331 1413 2397 μηδέποτε
1450 2330 1558 2382 τῶν
1588 2329 1798 2397 καιρῶν

213 2423 309 2474 ὑπ’
341 2423 630 2491 ἀνάκρισιν
657 2423 877 2489 ἄγοιντο
899 2423 1028 2493 παρ’
1045 2423 1356 2476 οὑτινοσοῦν
1381 2422 1496 2496 τῶν
1515 2422 1654 2474 κατᾶ
1677 2441 1798 2474 και·

215 2517 346 2581 ρους
396 2515 764 2586 ἀναγραφέων
806 2516 838 2584 ἢ
891 2516 1146 2568 ὲπὸπτων
1198 2516 1231 2584 ἦ
1269 2515 1540 2580 ὲξισωτῶν
1569 2519 1662 2568 καὶ
1688 2517 1795 2568 τῶν

211 2607 391 2660 ἄλλως
421 2606 836 2674 ἀνερευνώντων
859 2605 926 2659 τὰ
953 2606 1284 2674 δημοσιακὰ,
1317 2608 1426 2659 τῶν
1449 2608 1796 2673 δηλωθέντων

211 2697 598 2765 περιορισμῶν
679 2697 1208 2765 ὲγκαταστρωθῆναι
1285 2698 1612 2763 ὀφειλόντων
1680 2701 1795 2759 τοῖς

211 2788 552 2857 προσφόροις
590 2789 871 2856 σεκρέτοις
899 2787 968 2840 δι’
1000 2788 1230 2858 εἴδησιν.
1263 2789 1397 2841 Οὐδὲ
1441 2789 1546 2857 γὰρ
1578 2789 1794 2853 ἐξέσται

206 2883 321 2933 τινί
341 2881 548 2932 τούτων
574 2882 631 2932 ὲν
661 2881 963 2950 οἲῳδήποτε
987 2882 1166 2950 χρόνῳ
1198 2882 1319 2935 καθ’
1341 2883 1640 2948 οἱονδήτινα
1669 2888 1795 2952 τρό-

209 2988 319 3022 πον
350 2972 408 3023 ὲν
456 2973 574 3033 τοῖς
620 2971 883 3033 τοιούτοις
911 2974 1074 3025 πᾶσιν
1119 2974 1398 3037 ἀκινήτοις
1447 2975 1790 3042 είσέρχεσθαι

208 3062 593 3130 ὁπωσδήποτε,
622 3063 653 3132 ἢ
683 3062 838 3115 ταῦθ’
862 3062 965 3114 ὑπὸ
989 3063 1216 3132 ζήτησιν
1243 3064 1399 3131 ἄγειν
1424 3067 1517 3118 καὶ
1548 3067 1790 3132 ἐξέτασιν

205 3155 547 3221 οἷανδήτινα.
604 3155 746 3206 Ἀλλ’
778 3154 897 3213 οὐδὲ
931 3155 1273 3222 δικαιώματα
1306 3156 1397 3208 ἐπὶ
1423 3157 1632 3218 τούτοις
1666 3160 1790 3211 ἐπιο

209 3246 500 3317 ζητητέον,
537 3247 597 3298 ού
655 3248 924 3300 καπνικὸν
954 3248 1456 3316 ἀναλαμϐάνεσθαι,
1490 3251 1548 3303 ού
1585 3269 1790 3322 μετρη-
1820 3282 1864 3341 C

206 3341 411 3400 τίκιον,
445 3340 546 3408 οὐχ
591 3339 781 3408 ἕτερόν
833 3357 884 3392 τι
915 3340 1291 3408 οίονδηποτοῦν
1321 3344 1673 3412 φορολόγημα
1709 3346 1790 3407 είς

209 3431 405 3499 κέρδος
435 3434 547 3494 τοῖς
576 3434 994 3502 ἀναγραφεύσιν
1047 3433 1455 3502 ἑπινοούμενον,
1483 3438 1792 3506 ἀποτρεπο-

212 3527 397 3591 μένοις
446 3527 512 3592 τῇ
542 3525 812 3595 ἐμφανεὶᾳ
854 3527 947 3578 καί
984 3527 1120 3596 μόνῃ
1160 3526 1250 3578 τοῦ
1295 3529 1563 3596 παρόντος
1591 3548 1789 3598 χρυσο-

206 3617 438 3668 εούλλου
470 3617 630 3683 λόγου
662 3617 761 3684 τῆς
797 3617 1076 3685 βασιλείας
1109 3637 1234 3685 μου,
1264 3622 1358 3670 πω
1390 3621 1499 3671 τῶν
1520 3623 1790 3691 προϐησο-

211 3709 391 3773 μένων
417 3707 812 3776 περιορισμῶν,
838 3708 912 3772 ὡς
934 3710 1263 3780 διείληπται.
1297 3714 1448 3765 Πᾶσα
1473 3714 1527 3766 δὲ
1556 3717 1792 3782 πρόστα-

209 3801 296 3863 ξις
325 3803 600 3867 γεγονυῖα,
656 3799 768 3853 εἴτε
805 3802 933 3871 περὶ
966 3807 1498 3873 προαφωρισμένων,
1526 3810 1635 3861 εἴτε
1661 3811 1789 3878 περὶ

206 3893 566 3961 κλασμάτων,
600 3894 710 3945 εἴτε
763 3893 892 3962 περὶ
945 3895 1320 3963 συμπαθειῶν,
1359 3900 1469 3951 είτε
1521 3903 1788 3970 περὶτῶν

205 3985 320 4036 ἀπὸ
353 3985 626 4036 ταπεινῶν
682 3985 904 4054 στίχων,
964 3987 1074 4038 εἴτε
1106 3989 1237 4055 περὶ
1267 3989 1377 4041 τῶν
1408 3992 1787 4061 ὑποκειμένων

205 4077 331 4138 ταῖς
360 4079 649 4146 χαραγαῐς,
688 4077 799 4128 εἴτε
853 4078 982 4148 περὶ
1012 4081 1310 4148 στρατειῶν
1343 4087 1784 4156 συμπεπαθημέ-

207 4185 340 4228 νων,
373 4168 474 4220 κᾶν
509 4169 582 4236 μὴ
609 4169 978 4235 ἀντισήκωσις
1017 4170 1222 4223 τούτων
1246 4171 1482 4240 ἐγένετο,
1514 4176 1624 4230 εἴτε
1657 4182 1785 4250 περὶ

203 4258 306 4311 τοῦ
355 4259 453 4320 τας
505 4259 744 4323 ἀπόσους
801 4262 876 4330 μὴ
929 4262 1187 4332 στέργειν
1239 4265 1472 4335 δωρεὰς,
1510 4269 1621 4321 εἴτε
1657 4274 1785 4342 περὶ

201 4349 538 4417 οίουδήτινος
563 4351 750 4420 ἐτέρου
804 4354 1109 4422 κεφαλαίου
1138 4354 1482 4428 ἐξεφωνήοη,
1518 4363 1614 4414 καὶ
1645 4367 1786 4417 κατά

201 4460 260 4494 τι
286 4443 605 4496 ἐναντιῶται
649 4443 729 4513 τῷ
775 4446 1004 4514 παρόντι
1056 4447 1437 4516 χρυσοσούλλῳ
1491 4451 1634 4523 λόγῳ
1689 4456 1785 4524 τῆς

204 4535 487 4606 βασιλείας
518 4553 640 4605 μου,
671 4537 798 4589 ὅσον
839 4538 927 4590 ἐπ’
960 4539 1109 4608 αύτῷ
1157 4541 1443 4595 ἀποίσεται
1475 4544 1535 4596 τὸ
1558 4546 1785 4616 ἀνίσχυ-

1914 658 2014 714 Per
2051 673 2369 730 przesenteni
2415 674 2594 718 autem
2635 665 2774 717 lianc
2821 673 2876 719 et
2921 666 3063 736 piam
3097 663 3471 718 deﬁnitionem

1913 753 2086 807 Aurea
2119 754 2268 807 Bulla
2325 756 2583 810 munitam
2624 757 2883 824 majestas
2920 773 3033 810 mea
3079 757 3306 829 corrigit
3334 772 3482 826 qua»

1912 861 2126 913 cunque
2162 848 2470 903 claudicare
2517 849 2872 904 inveniuntur
2906 850 2957 901 in
3009 850 3098 915 iis,
3148 865 3269 920 quae
3323 850 3482 902 dile

1912 939 2118 1006 Magnae
2171 929 2560 995 Dei-Ecclesia:
2585 939 2808 1006 adsunt,
2839 942 3060 1011 juribns
3090 958 3153 997 ac
3183 943 3387 1005 titulis,
3420 942 3474 994 in

1911 1033 2170 1086 omnibus
2233 1031 2501 1098 ejusmodi
2560 1033 2953 1094 immobilibus,
3013 1047 3352 1099 quaecunque
3415 1045 3478 1085 ea

1915 1123 2153 1188 fuerint;
2211 1133 2264 1178 et
2325 1129 2505 1178 omnia
2557 1141 2694 1194 quae
2756 1125 2863 1178 illis
2896 1124 3117 1187 adsunt,
3168 1124 3221 1176 in
3271 1125 3482 1176 oriente

1911 1227 1963 1270 et
2016 1215 2339 1272 occidente.
2390 1227 2442 1269 et
2500 1192 2566 1271 in‘
2619 1216 2875 1270 omnibus
2939 1215 3161 1275 insulis,
3216 1222 3275 1267 ut
3334 1228 3481 1266 nunc

1910 1326 1940 1362 a
2013 1309 2296 1376 majestate
2387 1325 2504 1361 mea
2576 1311 2699 1362 data
2788 1318 2842 1362 et
2909 1310 2954 1361 ei
3033 1323 3298 1379 concessa
3379 1321 3482 1373 pu-

1914 1414 2138 1464 tentur,
2207 1419 2300 1469 per
2378 1405 2478 1457 lioc
2558 1405 2821 1471 scriptum
2903 1419 3142 1470 prtesens
3220 1403 3481 1470 piumque
3548 1393 3551 1396 ’

1910 1495 2085 1550 Aurea
2107 1497 2257 1548 Bulla
2283 1498 2545 1548 munitum
2575 1495 2840 1551 serenitas
2873 1505 3057 1549 nostra
3082 1494 3232 1562 jubet
3261 1495 3482 1547 statuit-

1909 1605 2036 1656 que.
2071 1589 2150 1641 Ob
2185 1605 2302 1641 eam
2351 1591 2493 1641 cnim
2548 1605 2768 1641 causam
2813 1599 2867 1642 et
2916 1596 3137 1642 exactas
3185 1586 3481 1656 procedere

1909 1681 2319 1749 descriptiones,
2356 1695 2474 1746 qua:
2509 1680 2790 1735 declarent
2827 1681 3092 1748 cujusque
3121 1679 3338 1747 generis
3372 1679 3476 1729 iiii-

1910 1775 2150 1837 mobilia,
2183 1784 2236 1829 et
2262 1775 2352 1843 qui
2391 1777 2467 1826 eis
2516 1784 2754 1842 praesunt
2791 1773 3014 1826 colonos
3051 1783 3104 1824 et
3149 1768 3476 1839 inquilinos.

1909 1882 2009 1920 nec
2061 1883 2165 1919 non
2210 1869 2392 1921 omnis
2429 1868 2644 1934 generis
2677 1868 2877 1934 praulia
2917 1867 3117 1918 rustica
3160 1867 3213 1917 iti
3267 1864 3349 1916 eis
3385 1862 3472 1913 in—

1908 1969 2088 2018 venta,
2123 1975 2147 2010 a
2196 1960 2442 2012 locerum
2495 1960 2949 2028 descriptoribus,
2999 1972 3301 2024 eorumque
3347 1953 3478 2006 sub-

1906 2047 2293 2113 scriptionibus
2334 2049 2649 2102 conﬁrmari
2679 2090 2692 2112 ,
2724 2059 2778 2102 et
2811 2050 2861 2101 in
2915 2059 3231 2118 perpetuam
3269 2045 3478 2099 securi-

1904 2147 2069 2192 tatem
2143 2141 2508 2194 sanctissime
2561 2142 2765 2211 Magnre
2814 2140 3073 2196 Ecclesia:
3128 2139 3267 2192 tradi
3325 2138 3479 2208 jubet

1905 2241 2089 2286 nostra
2129 2236 2404 2300 maiestas,
2444 2246 2500 2288 ut
2531 2236 2715 2289 omnia
2760 2234 3043 2287 manifesta
3073 2243 3126 2287 et
3162 2242 3314 2287 extra
3342 2247 3478 2284 con-

1905 2326 2227 2378 troversiam
2259 2328 2430 2394 posita
2469 2329 2599 2384 sint.
2634 2342 2732 2379 nec
2765 2326 2873 2376 ullo
2911 2335 3154 2393 tempore
3184 2325 3234 2376 in
3263 2322 3479 2397 disqni:

1901 2417 2153 2471 sitionem
2176 2429 2498 2473 revocentur
2540 2435 2566 2470 a
2595 2420 2993 2485 descriptoruni
3047 2432 3320 2485 quoquam
3348 2456 3363 2478 ,
3394 2414 3477 2469 vel

1903 2508 2295 2574 itiSpeetoriini,
2318 2512 2395 2564 vel
2430 2523 2883 2580 permqnatornm,
2904 2520 2957 2562 et
2985 2526 3169 2563 eorum
3199 2510 3291 2578 qui
3320 2509 3479 2562 aliter

1902 2599 2103 2653 ﬁscalia
2135 2610 2575 2669 perscrutanlur.
2609 2602 2901 2655 declaratis
2930 2602 3393 2671 descriptionibus
3420 2601 3474 2654 in

1901 2691 2139 2744 futuram
2204 2692 2279 2746 rei
2357 2693 2682 2746 memoriam
2741 2693 3179 2762 competentibus
3249 2695 3476 2747 secretis

1899 2785 2262 2837 inainnandis.
2297 2784 2477 2853 Neque
2504 2787 2646 2839 enim
2678 2787 2931 2855 cuiquam
2958 2803 3141 2840 eorum
3170 2787 3280 2840 ullo
3315 2788 3474 2839 modo

1898 2873 2108 2939 ingredi
2149 2873 2456 2944 bnjnsmodi
2489 2876 2814 2939 immobilia,
2850 2891 2940 2930 aut
2973 2893 3035 2930 ea
3069 2879 3119 2928 in
3155 2887 3474 2930 controver-

1900 2966 2036 3019 siam
2072 2966 2343 3020 deducere
2375 2973 2428 3019 et
2462 2967 2900 3034 disquisitionem
2939 2985 3325 3036 quamcunque
3371 2984 3475 3022 un-

1898 3074 2059 3124 quam
2096 3058 2297 3113 licebit.
2335 3056 2440 3112 Sed
2486 3075 2583 3113 nec
2616 3061 2680 3114 de
2711 3059 2931 3128 juribus
2966 3059 3272 3130 (Ecclesize)
3307 3061 3358 3113 in
3389 3061 3474 3114 bis

1899 3150 2084 3206 (divtis
2119 3150 2580 3220 possessionibus)
2607 3152 2802 3206 debent
2834 3153 3132 3222 inquirere,
3168 3170 3267 3207 nec
3294 3153 3469 3206 tribu-

1898 3257 2008 3298 tum
2074 3245 2364 3297 imuarinm
2423 3261 2520 3299 nec
2569 3246 2997 3300 mensuraticuin
3054 3247 3317 3315 recipere,
3375 3262 3472 3300 nec

1900 3337 2126 3403 vectigal
2162 3337 2306 3390 aliud
2335 3339 2716 3406 quodcunque,
2750 3339 2800 3391 in
2832 3341 3042 3392 lucrum
3069 3339 3471 3402 descriptorum

1899 3430 2283 3494 excogitatum,
2341 3431 2432 3496 qui
2491 3430 2554 3482 ad
2613 3431 2786 3483 solum
2847 3440 3122 3498 aspectum
3189 3431 3473 3497 prtesentis

1899 3522 2230 3576 deﬁnitionis
2264 3539 2394 3576 meae
2433 3524 2731 3592 majestatis
2761 3526 2934 3578 Aurea
2973 3522 3118 3574 Bulla
3152 3523 3396 3586 munita},
3419 3532 3474 3574 et

1899 3615 2324 3684 descriptionum
2362 3615 2778 3680 pra'Cedentiuni
2803 3656 2817 3678 ,
2857 3624 2913 3666 ut
2947 3615 3302 3668 constitutum
3336 3621 3422 3664 est
3447 3653 3462 3674 ,

1901 3708 2274 3774 prohibentur.
2320 3707 2510 3759 Omnis
2545 3716 2724 3759 autem
2758 3724 2878 3774 qure
2932 3707 3073 3759 facta
3125 3716 3208 3758 est
3263 3706 3464 3768 jnssio.

1898 3799 2010 3852 sive
2039 3800 2104 3851 de
2141 3800 2291 3866 prius
2319 3799 2424 3851 alio
2453 3799 2726 3868 deputatis
2753 3839 2766 3860 ,
2818 3801 2932 3850 sive
2983 3800 3050 3849 de
3101 3797 3421 3866 hagincutis
3452 3838 3466 3855 ,

1898 3892 2008 3942 sive
2043 3891 2108 3944 de
2138 3891 2735 3952 comtniset'ationibus,
2775 3892 2887 3944 sive
2919 3893 2983 3942 de
3019 3891 3083 3943 iis
3117 3907 3237 3956 qua:
3271 3891 3337 3940 ab
3370 3891 3470 3939 Ιιιι-

1898 3982 2118 4036 milibus
2164 3981 2473 4049 ordinibus,
2534 3983 2651 4037 sive
2708 3984 2774 4036 de
2833 3983 2895 4037 iis
2952 4000 3070 4048 qua!
3109 3983 3466 4034 incisionibus

1897 4074 2162 4138 subjecta.
2203 4076 2316 4128 sive
2349 4075 2414 4128 de
2463 4076 2674 4128 militiis
2721 4076 3010 4138 anei-tatis,
3049 4077 3171 4128 lieet
3206 4090 3468 4142 compone

1896 4170 2034 4221 satio
2067 4167 2206 4220 laeta
2246 4184 2352 4220 non
2387 4173 2478 4228 sit,
2511 4170 2623 4221 sive
2650 4171 2715 4221 de
2742 4186 2846 4222 non
2878 4169 3279 4237 arquiescendo
3313 4169 3469 4221 factis

1897 4263 2012 4313 sine
2044 4261 2354 4328 quantitate
2403 4260 2817 4322 donationibus.
2853 4261 2968 4315 sive
3018 4263 3083 4316 de
3137 4276 3466 4329 quacunque

1894 4353 1995 4406 alia
2031 4368 2088 4406 re
2127 4353 2265 4405 edita
2294 4352 2588 4420 estjussio,
2621 4361 2672 4404 et
2706 4353 2812 4405 ulla
2847 4353 2900 4406 in
2931 4367 2991 4406 re
3022 4361 3289 4421 repugnet
3327 4366 3463 4420 prmo

1895 4446 2032 4498 senti
2078 4446 2378 4514 majestatis
2415 4461 2546 4499 mea:
2577 4444 2876 4499 definitioni
2914 4445 3092 4499 Aurea
3130 4444 3278 4498 Bulla
3335 4459 3467 4497 tnu-

1895 4540 2039 4600 nitaz.
2075 4539 2227 4593 irrita
2261 4541 2362 4593 erit
2393 4550 2450 4594 et
2478 4540 2711 4593 invalida
2749 4557 2764 4595 :
2801 4539 2902 4592 etsi
2933 4577 2948 4601 .
2981 4554 3049 4594 ne
3093 4537 3462 4604 rescindatur,

206 4646 324 4696 ρον,
383 4629 484 4681 κᾶν
523 4630 586 4681 τὸ
641 4629 717 4698 μὴ
754 4630 1165 4698 ἀνατρέπεσθαι
1209 4635 1302 4704 ἔχη
1355 4636 1677 4709 ἐγκείμενον
1726 4644 1783 4695 ὲν

1901 4633 1944 4684 ἱιι
1977 4647 2038 4684 ea
2071 4647 2391 4699 expressum
2426 4634 2494 4686 sit
2530 4631 2657 4700 (nisi
2689 4631 3006 4685 nominatim
3045 4632 3460 4701 pronuntiatum

202 4720 372 4788 αὐτῇ,
404 4719 454 4770 εί
495 4718 568 4789 μὴ
604 4720 783 4790 ῥητῶς
815 4722 1130 4793 ὲκφωνηθῇ.
1171 4725 1258 4776 Ἐν
1292 4726 1498 4796 είδήσει
1528 4730 1638 4802 γάρ
1673 4748 1782 4784 πα-

203 4810 322 4861 σῶν
354 4809 464 4861 τῶν
484 4811 876 4878 γεγενημένων
911 4813 1266 4881 προστάξεων
1317 4817 1348 4884 ἡ
1384 4817 1632 4890 ἡμετέρα
1665 4821 1782 4873 Oeo-

203 4902 417 4965 σέῆεια,
481 4903 544 4953 τὸ
603 4905 744 4954 κατὰ
820 4905 986 4973 μέρος
1029 4905 1236 4970 ταύτας
1287 4911 1780 4979 ἀπαριθμήσασθαι

200 4994 482 5060 παρέλκον
513 4993 778 5063 ἡγήσατο,
816 4996 909 5047 καὶ
934 4995 1009 5056 ὡς
1039 4996 1344 5061 ίδιαιτάτως
1378 5002 1780 5072 ἀριθμηθείσας

201 5087 298 5138 καὶ
324 5086 532 5153 ἀνατρα
544 5085 730 5145 πείσας
759 5088 881 5139 ὅσον
912 5090 1002 5140 ἐπὶ
1031 5088 1108 5157 τῷ
1140 5090 1372 5158 παρόντι
1400 5092 1779 5162 χρυσοϐούλλῳ

199 5177 371 5243 λόγῳ,
403 5177 717 5243 λογίζεσθαι
744 5179 949 5240 ταύτας
982 5180 1226 5244 θεσπίζει
1283 5183 1314 5252 ή
1352 5181 1600 5246 βασιλεία
1651 5203 1774 5254 μου.

214 5269 358 5321 Ἀλλ’
386 5269 508 5322 οὐδὲ
544 5270 884 5339 γενησομένη
913 5273 1154 5341 οίαδήτις
1177 5274 1341 5343 ἑτέρα
1365 5278 1657 5347 πρόσταξις
1679 5279 1779 5348 τῆς

200 5359 488 5429 παρούσης
519 5360 778 5424 εύσεὸοὗς
836 5364 1156 5433 κατισχύσει
1195 5366 1417 5435 γραφῆς
1439 5383 1454 5398 ·
1513 5369 1646 5420 ἀλλὰ
1680 5371 1777 5421 κὰο

199 5450 360 5519 κείνη
394 5450 477 5518 ἐφ’
512 5445 592 5514 οἷς
619 5452 944 5506 ἐναντιῶται
999 5454 1076 5524 τῷ
1107 5457 1335 5526 παρόντι
1368 5460 1465 5525 τῆς
1499 5459 1778 5528 βασιλείας

204 5559 311 5612 μου
343 5543 583 5612 ὁρισμῷ,
617 5545 742 5597 ὅσον
765 5546 852 5598 ἐπ’
887 5546 1039 5616 αύτῷ
1066 5549 1126 5600 τὸ
1158 5549 1449 5620 ἀνίσχυρον
1487 5551 1777 5606 ἀποίσεται

199 5630 298 5684 καὶ
319 5631 544 5699 ἄκυρον.
572 5633 676 5686 κᾶν
699 5635 760 5685 τὸ
797 5635 870 5704 μὴ
890 5636 1298 5706 ἀνατρέπεσθαι
1325 5641 1422 5710 ἔχῃ
1458 5638 1778 5711 ἐγκείμενον

199 5725 262 5775 ὲν
296 5725 432 5793 αᾷτῇ
462 5724 549 5792 (εἰ
576 5727 650 5796 μὴ
690 5727 868 5796 ῥητῶς
909 5730 1200 5801 ὲκφωνηθῇ
1221 5735 1262 5800 ),
1303 5736 1404 5786 κᾶν
1437 5735 1629 5802 ἑτέραν
1661 5737 1777 5789 διὰ-

202 5811 380 5867 στιέιν
406 5816 734 5886 οίανδήτινα.
767 5819 885 5872 ’Ίνα
905 5821 998 5873 οὖν
1024 5824 1108 5892 εἴη
1139 5824 1273 5892 δῆλα
1303 5825 1370 5877 τὰ
1403 5826 1672 5894 προσόντα
1709 5831 1774 5899 τῇ

203 5909 489 5978 ἁγιωτάτῃ
555 5913 649 5968 τοῦ
722 5914 856 5969 Θεοῦ
923 5916 1148 5987 Μεγάλῃ
1204 5918 1470 5989 ἐκκλησία
1541 5919 1775 5990 ἀκίνητα

1892 4722 2103 4790 fuerit).
2140 4725 2393 4776 Omnium
2429 4725 2572 4776 enim
2606 4723 2940 4791 jnssionum,
2982 4739 3103 4791 qua:
3129 4724 3285 4776 facta:
3312 4733 3461 4786 sunt,

1888 4815 2132 4868 notitiam
2171 4816 2374 4868 habens
2401 4831 2518 4868 mea
2553 4817 2749 4884 pietas,
2788 4831 2883 4870 eas
2925 4816 3203 4885 sigillatim
3237 4833 3464 4870 enume-

1889 4921 2008 4960 rare
2064 4922 2461 4975 supervacuum
2516 4908 2898 4967 existimavit.
2933 4917 2988 4962 et
3043 4919 3100 4961 ut
3151 4910 3458 4976 expressim
3531 4899 3538 4904 ’

1885 5009 2231 5054 enumeratas
2266 5009 2314 5054 et
2349 5016 2588 5066 eversas,
2619 5001 2760 5069 quod
2794 5001 2860 5055 ad
2903 5002 3041 5054 banc
3069 5003 3261 5056 Aurem.
3293 5001 3458 5055 Bulla:

1886 5090 2258 5145 deﬁnitionem
2315 5094 2532 5157 attinet,
2597 5094 2812 5147 censeri
2872 5093 3158 5146 constituit
3204 5095 3458 5161 niajesms

1885 5200 2024 5237 mea.
2053 5183 2156 5236 Sed
2185 5202 2283 5239 nec
2317 5187 2420 5238 nlla
2445 5185 2572 5245 alia,
2599 5201 2721 5253 qua:
2748 5185 2800 5238 in
2833 5195 3110 5254 posterum
3139 5186 3226 5238 ﬁet
3254 5185 3456 5252 jussio,

1886 5275 2010 5329 huic
2050 5278 2149 5345 βίω
2199 5280 2486 5345 scripturae
2533 5277 2846 5345 praevalebit
2878 5296 2893 5340 ;
2929 5277 3176 5347 quininio
3221 5287 3274 5331 et
3323 5278 3410 5329 illa
3439 5315 3457 5340 ,

1883 5382 2153 5438 quatenus
2194 5374 2442 5441 prmsenti
2481 5389 2615 5426 mete
2650 5373 2950 5442 majestalis
2996 5370 3301 5424 deﬁnitioni
3356 5371 3456 5422 ad-

1882 5474 2159 5528 versatur,
2193 5465 2344 5517 irrita
2381 5464 2494 5530 liet,
2539 5465 2922 5532 nullarnmque
2953 5464 3172 5527 virium;
3213 5463 3359 5526 licet,
3386 5479 3455 5516 ne

1881 5559 2251 5623 subvertatur,
2282 5559 2526 5625 apposita
2566 5556 2639 5609 sit
2672 5554 2912 5609 clausula
2951 5555 3077 5624 (nisi
3128 5555 3453 5608 nominatim

1883 5649 2293 5715 pronuntiatum
2347 5647 2440 5715 sit)
2485 5657 2579 5700 aut
2634 5647 2840 5714 quaevis
2895 5644 2999 5698 alia
3035 5645 3339 5698 distinctio.
3387 5642 3455 5697 Ut

1883 5740 2049 5810 igitur
2084 5739 2370 5794 manifesta
2401 5742 2532 5803 sint,
2572 5755 2691 5807 qua:
2732 5739 2932 5793 adsunt
2964 5737 3328 5792 sanctissima:
3358 5737 3453 5790 Dei

1883 5834 2064 5902 magni
2095 5833 2372 5896 Ecclesiae,
2406 5833 2700 5886 immobilia
2732 5831 2938 5895 omnia,
2978 5829 3033 5884 in
3071 5841 3324 5898 praesenti
3356 5831 3452 5882 de-

1888 5924 2132 5978 ﬁnitione
2157 5925 2334 5980 Aurea
2365 5924 2512 5979 Bulla
2544 5923 2751 5978 munita
2783 5931 2967 5992 aperte
2998 5922 3263 5992 inseripta
3300 5931 3449 5985 sunt,
