  <div class='ocr_page' id='page_1' title='image "/cluster/home/n/w/nwhite01/storage/ocr_20150623/137/nnc1.0046979786/503.png"; bbox 0 0 4218 6458; ppageno 0'>
   <div class='ocr_carea' id='block_1_1' title="bbox 737 392 840 455">
    <p class='ocr_par' dir='ltr' id='par_1_1' title="bbox 737 392 837 455">
     <span class='ocr_line' id='line_1_1' title="bbox 737 392 837 455; baseline -0.01 0"><span class='ocrx_word' id='word_1_1' title='bbox 737 392 837 455; x_wconf 64' lang='grc' dir='ltr'>οη</span> 
     </span>
    </p>
   </div>
   <div class='ocr_carea' id='block_1_2' title="bbox 1996 392 2719 455">
    <p class='ocr_par' dir='ltr' id='par_1_2' title="bbox 1996 392 2719 455">
     <span class='ocr_line' id='line_1_2' title="bbox 1996 392 2719 455; baseline 0.001 -1"><span class='ocrx_word' id='word_1_2' title='bbox 1996 394 2099 454; x_wconf 85' lang='grc' dir='ltr'><strong>ΤΗ</strong></span> <span class='ocrx_word' id='word_1_3' title='bbox 2110 392 2275 452; x_wconf 84' lang='lat' dir='ltr'><strong>EOD.</strong></span> <span class='ocrx_word' id='word_1_4' title='bbox 2317 393 2551 453; x_wconf 66' lang='lat' dir='ltr'><strong>BALSA</strong></span> <span class='ocrx_word' id='word_1_5' title='bbox 2564 397 2719 455; x_wconf 76' lang='grc' dir='ltr'>ΜοΝ</span> 
     </span>
    </p>
   </div>
   <div class='ocr_carea' id='block_1_3' title="bbox 3895 391 4012 454">
    <p class='ocr_par' dir='ltr' id='par_1_3' title="bbox 3895 391 4012 454">
     <span class='ocr_line' id='line_1_3' title="bbox 3895 391 4012 454; baseline -0.017 0"><span class='ocrx_word' id='word_1_6' title='bbox 3895 391 4012 454; x_wconf 70' lang='grc'><strong>948</strong></span> 
     </span>
    </p>
   </div>
   <div class='ocr_carea' id='block_1_4' title="bbox 735 499 2389 575">
    <p class='ocr_par' dir='ltr' id='par_1_4' title="bbox 735 499 2384 571">
     <span class='ocr_line' id='line_1_4' title="bbox 735 499 2384 571; baseline 0.001 -18"><span class='ocrx_word' id='word_1_7' title='bbox 735 515 857 569; x_wconf 72' lang='lat' dir='ltr'><strong>quae</strong></span> <span class='ocrx_word' id='word_1_8' title='bbox 889 501 956 554; x_wconf 86' lang='lat' dir='ltr'><strong>ad</strong></span> <span class='ocrx_word' id='word_1_9' title='bbox 988 500 1209 555; x_wconf 88' lang='lat' dir='ltr'><strong>verbum</strong></span> <span class='ocrx_word' id='word_1_10' title='bbox 1242 499 1321 555; x_wconf 83' lang='lat' dir='ltr'><strong>sic</strong></span> <span class='ocrx_word' id='word_1_11' title='bbox 1350 515 1410 554; x_wconf 73' lang='lat' dir='ltr'><strong>se</strong></span> <span class='ocrx_word' id='word_1_12' title='bbox 1458 499 1658 555; x_wconf 90' lang='lat' dir='ltr'><strong>habent</strong></span> <span class='ocrx_word' id='word_1_13' title='bbox 1704 519 1718 555; x_wconf 89' lang='lat'><strong>:</strong></span> <span class='ocrx_word' id='word_1_14' title='bbox 1759 503 1816 554; x_wconf 90' lang='lat' dir='ltr'><strong>In</strong></span> <span class='ocrx_word' id='word_1_15' title='bbox 1863 501 2025 571; x_wconf 79' lang='lat'><strong>310</strong></span> <span class='ocrx_word' id='word_1_16' title='bbox 2064 502 2311 555; x_wconf 69' lang='lat' dir='ltr'><strong>Thracia:</strong></span> <span class='ocrx_word' id='word_1_17' title='bbox 2340 512 2384 559; x_wconf 76' lang='grc' dir='ltr'>Α</span> 
     </span>
    </p>
   </div>
   <div class='ocr_carea' id='block_1_5' title="bbox 2425 499 4011 575">
    <p class='ocr_par' dir='ltr' id='par_1_5' title="bbox 2425 502 4011 575">
     <span class='ocr_line' id='line_1_5' title="bbox 2425 502 4011 575; baseline -0.001 -18"><span class='ocrx_word' id='word_1_18' title='bbox 2425 508 2652 567; x_wconf 61' lang='grc' dir='ltr'>ἃπαντα,</span> <span class='ocrx_word' id='word_1_19' title='bbox 2711 507 2770 558; x_wconf 89' lang='grc' dir='ltr'><strong>ἐν</strong></span> <span class='ocrx_word' id='word_1_20' title='bbox 2825 506 2904 574; x_wconf 84' lang='grc' dir='ltr'>τῷ</span> <span class='ocrx_word' id='word_1_21' title='bbox 2939 508 3169 571; x_wconf 81' lang='grc' dir='ltr'><strong>παρόντι</strong></span> <span class='ocrx_word' id='word_1_22' title='bbox 3211 502 3596 575; x_wconf 81' lang='grc' dir='ltr'>χρυσοδούλλῳ</span> <span class='ocrx_word' id='word_1_23' title='bbox 3640 505 3783 573; x_wconf 81' lang='grc' dir='ltr'>λόγῳ</span> <span class='ocrx_word' id='word_1_24' title='bbox 3812 504 4011 571; x_wconf 68' lang='grc' dir='ltr'>ῥητῶς</span> 
     </span>
    </p>
   </div>
   <div class='ocr_carea' id='block_1_6' title="bbox 740 593 2308 663">
    <p class='ocr_par' dir='ltr' id='par_1_6' title="bbox 740 593 2308 663">
     <span class='ocr_line' id='line_1_6' title="bbox 740 593 2308 663; baseline 0.003 -19"><span class='ocrx_word' id='word_1_25' title='bbox 740 593 1147 647; x_wconf 73' lang='lat' dir='ltr'><strong>etMacedonia!</strong></span> <span class='ocrx_word' id='word_1_26' title='bbox 1186 593 1467 662; x_wconf 85' lang='lat' dir='ltr'><strong>provincia</strong></span> <span class='ocrx_word' id='word_1_27' title='bbox 1517 594 1606 647; x_wconf 86' lang='lat' dir='ltr'><strong>illa</strong></span> <span class='ocrx_word' id='word_1_28' title='bbox 1662 601 1718 647; x_wconf 88' lang='lat' dir='ltr'><strong>et</strong></span> <span class='ocrx_word' id='word_1_29' title='bbox 1758 595 1884 657; x_wconf 73' lang='lat' dir='ltr'><strong>illa,</strong></span> <span class='ocrx_word' id='word_1_30' title='bbox 1938 604 1991 649; x_wconf 83' lang='lat' dir='ltr'><strong>et</strong></span> <span class='ocrx_word' id='word_1_31' title='bbox 2046 594 2308 663; x_wconf 83' lang='lat' dir='ltr'><strong>deinceps</strong></span> 
     </span>
    </p>
   </div>
   <div class='ocr_carea' id='block_1_7' title="bbox 739 685 2311 741">
    <p class='ocr_par' dir='ltr' id='par_1_7' title="bbox 739 685 2311 741">
     <span class='ocr_line' id='line_1_7' title="bbox 739 685 2311 741; baseline -0.001 -1"><span class='ocrx_word' id='word_1_32' title='bbox 739 696 1025 740; x_wconf 89' lang='lat' dir='ltr'><strong>enumerat</strong></span> <span class='ocrx_word' id='word_1_33' title='bbox 1051 685 1234 739; x_wconf 81' lang='lat' dir='ltr'><strong>omnia</strong></span> <span class='ocrx_word' id='word_1_34' title='bbox 1274 685 1595 740; x_wconf 81' lang='lat' dir='ltr'><strong>immobilia.</strong></span> <span class='ocrx_word' id='word_1_35' title='bbox 1625 686 1753 739; x_wconf 88' lang='lat' dir='ltr'><strong>Post</strong></span> <span class='ocrx_word' id='word_1_36' title='bbox 1798 686 1991 738; x_wconf 88' lang='lat' dir='ltr'><strong>horum</strong></span> <span class='ocrx_word' id='word_1_37' title='bbox 2019 702 2311 741; x_wconf 87' lang='lat' dir='ltr'><strong>enumera-</strong></span> 
     </span>
    </p>
   </div>
   <div class='ocr_carea' id='block_1_8' title="bbox 741 774 2309 844">
    <p class='ocr_par' dir='ltr' id='par_1_8' title="bbox 741 774 2309 844">
     <span class='ocr_line' id='line_1_8' title="bbox 741 774 2309 844; baseline -0.002 -13"><span class='ocrx_word' id='word_1_38' title='bbox 741 777 940 831; x_wconf 91' lang='lat' dir='ltr'><strong>tionem</strong></span> <span class='ocrx_word' id='word_1_39' title='bbox 969 775 1134 830; x_wconf 87' lang='lat' dir='ltr'><strong>dicit:</strong></span> <span class='ocrx_word' id='word_1_40' title='bbox 1166 774 1341 830; x_wconf 75' lang='lat' dir='ltr'><strong>Judtei</strong></span> <span class='ocrx_word' id='word_1_41' title='bbox 1368 776 1702 831; x_wconf 74' lang='lat' dir='ltr'><strong>Strobiliotze</strong></span> <span class='ocrx_word' id='word_1_42' title='bbox 1734 776 2047 844; x_wconf 90' lang='lat' dir='ltr'><strong>ubicunque</strong></span> <span class='ocrx_word' id='word_1_43' title='bbox 2080 778 2309 840; x_wconf 87' lang='lat' dir='ltr'><strong>inventi,</strong></span> 
     </span>
    </p>
   </div>
   <div class='ocr_carea' id='block_1_9' title="bbox 737 868 2309 939">
    <p class='ocr_par' dir='ltr' id='par_1_9' title="bbox 737 868 2309 939">
     <span class='ocr_line' id='line_1_9' title="bbox 737 868 2309 939; baseline 0.001 -17"><span class='ocrx_word' id='word_1_44' title='bbox 737 878 793 922; x_wconf 88' lang='lat' dir='ltr'><strong>et</strong></span> <span class='ocrx_word' id='word_1_45' title='bbox 824 868 1104 923; x_wconf 70' lang='lat' dir='ltr'><strong>excusatio</strong></span> <span class='ocrx_word' id='word_1_46' title='bbox 1155 870 1373 923; x_wconf 85' lang='lat' dir='ltr'><strong>navium</strong></span> <span class='ocrx_word' id='word_1_47' title='bbox 1414 870 1733 938; x_wconf 69' lang='lat' dir='ltr'><strong>capacitatis</strong></span> <span class='ocrx_word' id='word_1_48' title='bbox 1786 870 2010 939; x_wconf 81' lang='lat' dir='ltr'><strong>triginta</strong></span> <span class='ocrx_word' id='word_1_49' title='bbox 2060 870 2309 924; x_wconf 86' lang='lat' dir='ltr'><strong>millium.</strong></span> 
     </span>
    </p>
   </div>
   <div class='ocr_carea' id='block_1_10' title="bbox 740 959 2310 1034">
    <p class='ocr_par' dir='ltr' id='par_1_10' title="bbox 740 959 2310 1034">
     <span class='ocr_line' id='line_1_10' title="bbox 740 959 2310 1034; baseline 0.002 -19"><span class='ocrx_word' id='word_1_50' title='bbox 740 959 802 1015; x_wconf 86' lang='lat' dir='ltr'><strong>In</strong></span> <span class='ocrx_word' id='word_1_51' title='bbox 852 960 938 1015; x_wconf 90' lang='lat' dir='ltr'><strong>his</strong></span> <span class='ocrx_word' id='word_1_52' title='bbox 985 962 1239 1016; x_wconf 85' lang='lat' dir='ltr'><strong>omnibus</strong></span> <span class='ocrx_word' id='word_1_53' title='bbox 1293 961 1468 1015; x_wconf 86' lang='lat' dir='ltr'><strong>sancit</strong></span> <span class='ocrx_word' id='word_1_54' title='bbox 1536 962 1833 1032; x_wconf 90' lang='lat' dir='ltr'><strong>imperialis</strong></span> <span class='ocrx_word' id='word_1_55' title='bbox 1891 979 2007 1017; x_wconf 87' lang='lat' dir='ltr'><strong>mea</strong></span> <span class='ocrx_word' id='word_1_56' title='bbox 2065 972 2310 1034; x_wconf 72' lang='lat' dir='ltr'><strong>potestas</strong></span> 
     </span>
    </p>
   </div>
   <div class='ocr_carea' id='block_1_11' title="bbox 740 1054 2311 1125">
    <p class='ocr_par' dir='ltr' id='par_1_11' title="bbox 740 1054 2311 1125">
     <span class='ocr_line' id='line_1_11' title="bbox 740 1054 2311 1125; baseline 0.004 -19"><span class='ocrx_word' id='word_1_57' title='bbox 740 1054 1144 1109; x_wconf 78' lang='lat' dir='ltr'><strong>sanctissimam</strong></span> <span class='ocrx_word' id='word_1_58' title='bbox 1196 1054 1440 1125; x_wconf 79' lang='lat' dir='ltr'><strong>Magnam</strong></span> <span class='ocrx_word' id='word_1_59' title='bbox 1487 1057 1771 1113; x_wconf 78' lang='lat' dir='ltr'><strong>ecclesiam</strong></span> <span class='ocrx_word' id='word_1_60' title='bbox 1823 1066 1878 1112; x_wconf 87' lang='lat' dir='ltr'><strong>et</strong></span> <span class='ocrx_word' id='word_1_61' title='bbox 1925 1074 2139 1111; x_wconf 88' lang='lat' dir='ltr'><strong>omnem</strong></span> <span class='ocrx_word' id='word_1_62' title='bbox 2189 1059 2311 1123; x_wconf 89' lang='lat' dir='ltr'><strong>ejus</strong></span> 
     </span>
    </p>
   </div>
   <div class='ocr_carea' id='block_1_12' title="bbox 740 1148 2315 1216">
    <p class='ocr_par' dir='ltr' id='par_1_12' title="bbox 740 1148 2315 1216">
     <span class='ocr_line' id='line_1_12' title="bbox 740 1148 2315 1216; baseline 0.004 -17"><span class='ocrx_word' id='word_1_63' title='bbox 740 1155 949 1212; x_wconf 89' lang='lat' dir='ltr'><strong>partem</strong></span> <span class='ocrx_word' id='word_1_64' title='bbox 984 1148 1293 1216; x_wconf 88' lang='lat' dir='ltr'><strong>haberejus</strong></span> <span class='ocrx_word' id='word_1_65' title='bbox 1324 1165 1481 1202; x_wconf 79' lang='lat' dir='ltr'><strong>suum</strong></span> <span class='ocrx_word' id='word_1_66' title='bbox 1516 1151 1830 1206; x_wconf 87' lang='lat' dir='ltr'><strong>inviolatum</strong></span> <span class='ocrx_word' id='word_1_67' title='bbox 1901 1154 2124 1207; x_wconf 87' lang='lat' dir='ltr'><strong>omnino</strong></span> <span class='ocrx_word' id='word_1_68' title='bbox 2152 1161 2207 1207; x_wconf 89' lang='lat' dir='ltr'><strong>et</strong></span> <span class='ocrx_word' id='word_1_69' title='bbox 2231 1153 2315 1206; x_wconf 84' lang='lat' dir='ltr'><strong>in-</strong></span> 
     </span>
    </p>
   </div>
   <div class='ocr_carea' id='block_1_13' title="bbox 740 1245 2312 1306">
    <p class='ocr_par' dir='ltr' id='par_1_13' title="bbox 740 1245 2312 1306">
     <span class='ocr_line' id='line_1_13' title="bbox 740 1245 2312 1306; baseline 0.003 -14"><span class='ocrx_word' id='word_1_70' title='bbox 740 1253 1109 1306; x_wconf 77' lang='lat' dir='ltr'><strong>concussum;</strong></span> <span class='ocrx_word' id='word_1_71' title='bbox 1145 1257 1270 1296; x_wconf 82' lang='lat' dir='ltr'><strong>cum</strong></span> <span class='ocrx_word' id='word_1_72' title='bbox 1318 1245 1626 1299; x_wconf 80' lang='lat' dir='ltr'><strong>exactiores</strong></span> <span class='ocrx_word' id='word_1_73' title='bbox 1667 1246 1781 1299; x_wconf 68' lang='lat' dir='ltr'><strong>liet&#39;i</strong></span> <span class='ocrx_word' id='word_1_74' title='bbox 1818 1246 2092 1299; x_wconf 89' lang='lat' dir='ltr'><strong>debebunt</strong></span> <span class='ocrx_word' id='word_1_75' title='bbox 2128 1247 2312 1300; x_wconf 90' lang='lat' dir='ltr'><strong>termi-</strong></span> 
     </span>
    </p>
   </div>
   <div class='ocr_carea' id='block_1_14' title="bbox 742 1332 2313 1408">
    <p class='ocr_par' dir='ltr' id='par_1_14' title="bbox 742 1332 2313 1408">
     <span class='ocr_line' id='line_1_14' title="bbox 742 1332 2313 1408; baseline 0.006 -24"><span class='ocrx_word' id='word_1_76' title='bbox 742 1347 937 1385; x_wconf 87' lang='lat' dir='ltr'><strong>noru-tn</strong></span> <span class='ocrx_word' id='word_1_77' title='bbox 996 1332 1346 1388; x_wconf 81' lang='lat' dir='ltr'><strong>delinitiones</strong></span> <span class='ocrx_word' id='word_1_78' title='bbox 1399 1352 1427 1388; x_wconf 94' lang='lat' dir='ltr'><strong>a</strong></span> <span class='ocrx_word' id='word_1_79' title='bbox 1488 1337 1729 1391; x_wconf 91' lang='lat' dir='ltr'><strong>locorum</strong></span> <span class='ocrx_word' id='word_1_80' title='bbox 1775 1338 2209 1408; x_wconf 82' lang='lat' dir='ltr'><strong>descriptoribus</strong></span> <span class='ocrx_word' id='word_1_81' title='bbox 2257 1350 2313 1394; x_wconf 91' lang='lat' dir='ltr'><strong>ut</strong></span> 
     </span>
    </p>
   </div>
   <div class='ocr_carea' id='block_1_15' title="bbox 742 1426 2312 1498">
    <p class='ocr_par' dir='ltr' id='par_1_15' title="bbox 742 1426 2312 1498">
     <span class='ocr_line' id='line_1_15' title="bbox 742 1426 2312 1498; baseline 0.007 -20"><span class='ocrx_word' id='word_1_82' title='bbox 742 1440 885 1493; x_wconf 64' lang='lat' dir='ltr'><strong>sarpe</strong></span> <span class='ocrx_word' id='word_1_83' title='bbox 910 1426 1117 1480; x_wconf 91' lang='lat' dir='ltr'><strong>dictum</strong></span> <span class='ocrx_word' id='word_1_84' title='bbox 1148 1437 1232 1481; x_wconf 86' lang='lat' dir='ltr'><strong>est</strong></span> <span class='ocrx_word' id='word_1_85' title='bbox 1274 1448 1285 1482; x_wconf 93' lang='lat'><strong>:</strong></span> <span class='ocrx_word' id='word_1_86' title='bbox 1327 1445 1510 1483; x_wconf 87' lang='lat' dir='ltr'><strong>verum</strong></span> <span class='ocrx_word' id='word_1_87' title='bbox 1552 1447 1617 1483; x_wconf 89' lang='lat' dir='ltr'><strong>eo</strong></span> <span class='ocrx_word' id='word_1_88' title='bbox 1650 1439 1913 1498; x_wconf 74' lang='lat' dir='ltr'><strong>przetextu</strong></span> <span class='ocrx_word' id='word_1_89' title='bbox 1964 1450 2072 1487; x_wconf 90' lang='lat' dir='ltr'><strong>non</strong></span> <span class='ocrx_word' id='word_1_90' title='bbox 2126 1435 2312 1489; x_wconf 89' lang='lat' dir='ltr'><strong>licebit</strong></span> 
     </span>
    </p>
   </div>
   <div class='ocr_carea' id='block_1_16' title="bbox 742 1517 2311 1585">
    <p class='ocr_par' dir='ltr' id='par_1_16' title="bbox 742 1517 2311 1585">
     <span class='ocr_line' id='line_1_16' title="bbox 742 1517 2311 1585; baseline 0.007 -19"><span class='ocrx_word' id='word_1_91' title='bbox 742 1517 1020 1585; x_wconf 75' lang='lat' dir='ltr'><strong>prtedictis</strong></span> <span class='ocrx_word' id='word_1_92' title='bbox 1071 1518 1506 1585; x_wconf 89' lang='lat' dir='ltr'><strong>descriptoribus</strong></span> <span class='ocrx_word' id='word_1_93' title='bbox 1549 1523 1810 1575; x_wconf 89' lang='lat' dir='ltr'><strong>tributum</strong></span> <span class='ocrx_word' id='word_1_94' title='bbox 1872 1522 2165 1578; x_wconf 78' lang='lat' dir='ltr'><strong>fumarium</strong></span> <span class='ocrx_word' id='word_1_95' title='bbox 2227 1526 2311 1578; x_wconf 84' lang='lat' dir='ltr'><strong>vel</strong></span> 
     </span>
    </p>
   </div>
   <div class='ocr_carea' id='block_1_17' title="bbox 744 1610 2311 1681">
    <p class='ocr_par' dir='ltr' id='par_1_17' title="bbox 744 1610 2311 1681">
     <span class='ocr_line' id='line_1_17' title="bbox 744 1610 2311 1681; baseline 0.008 -22"><span class='ocrx_word' id='word_1_96' title='bbox 744 1610 1171 1664; x_wconf 88' lang='lat' dir='ltr'><strong>mensuraticum</strong></span> <span class='ocrx_word' id='word_1_97' title='bbox 1202 1612 1442 1681; x_wconf 79' lang='lat' dir='ltr'><strong>exigere,</strong></span> <span class='ocrx_word' id='word_1_98' title='bbox 1498 1622 1589 1667; x_wconf 89' lang='lat' dir='ltr'><strong>ant</strong></span> <span class='ocrx_word' id='word_1_99' title='bbox 1642 1617 2077 1671; x_wconf 88' lang='lat' dir='ltr'><strong>necessariorum</strong></span> <span class='ocrx_word' id='word_1_100' title='bbox 2132 1618 2311 1671; x_wconf 85' lang='lat' dir='ltr'><strong>datio-</strong></span> 
     </span>
    </p>
   </div>
   <div class='ocr_carea' id='block_1_18' title="bbox 742 1702 2311 1779">
    <p class='ocr_par' dir='ltr' id='par_1_18' title="bbox 742 1702 2311 1779">
     <span class='ocr_line' id='line_1_18' title="bbox 742 1702 2311 1779; baseline 0.008 -26"><span class='ocrx_word' id='word_1_101' title='bbox 742 1715 890 1765; x_wconf 90' lang='lat' dir='ltr'><strong>nem,</strong></span> <span class='ocrx_word' id='word_1_102' title='bbox 922 1702 1153 1756; x_wconf 87' lang='lat' dir='ltr'><strong>ullamve</strong></span> <span class='ocrx_word' id='word_1_103' title='bbox 1186 1707 1523 1760; x_wconf 73' lang='lat' dir='ltr'><strong>exactionem</strong></span> <span class='ocrx_word' id='word_1_104' title='bbox 1578 1705 1760 1762; x_wconf 76' lang='lat' dir='ltr'><strong>facere</strong></span> <span class='ocrx_word' id='word_1_105' title='bbox 1808 1725 1837 1760; x_wconf 84' lang='lat' dir='ltr'><strong>a</strong></span> <span class='ocrx_word' id='word_1_106' title='bbox 1890 1708 2311 1779; x_wconf 89' lang='lat' dir='ltr'><strong>qnibuscnnqne</strong></span> 
     </span>
    </p>
   </div>
   <div class='ocr_carea' id='block_1_19' title="bbox 746 1788 2312 1865">
    <p class='ocr_par' dir='ltr' id='par_1_19' title="bbox 746 1788 2312 1865">
     <span class='ocr_line' id='line_1_19' title="bbox 746 1788 2312 1865; baseline 0.009 -24"><span class='ocrx_word' id='word_1_107' title='bbox 746 1788 1124 1847; x_wconf 87' lang='lat' dir='ltr'><strong>immobilibus</strong></span> <span class='ocrx_word' id='word_1_108' title='bbox 1173 1793 1340 1861; x_wconf 89' lang='lat' dir='ltr'><strong>ejus:</strong></span> <span class='ocrx_word' id='word_1_109' title='bbox 1376 1794 1472 1849; x_wconf 87' lang='lat' dir='ltr'><strong>sed</strong></span> <span class='ocrx_word' id='word_1_110' title='bbox 1518 1795 1725 1865; x_wconf 84' lang='lat' dir='ltr'><strong>absque</strong></span> <span class='ocrx_word' id='word_1_111' title='bbox 1769 1797 1877 1851; x_wconf 92' lang='lat' dir='ltr'><strong>ulla</strong></span> <span class='ocrx_word' id='word_1_112' title='bbox 1911 1799 2209 1855; x_wconf 83' lang='lat' dir='ltr'><strong>collatione</strong></span> <span class='ocrx_word' id='word_1_113' title='bbox 2256 1811 2312 1855; x_wconf 91' lang='lat' dir='ltr'><strong>et</strong></span> 
     </span>
    </p>
   </div>
   <div class='ocr_carea' id='block_1_20' title="bbox 749 1882 2311 1958">
    <p class='ocr_par' dir='ltr' id='par_1_20' title="bbox 749 1882 2311 1958">
     <span class='ocr_line' id='line_1_20' title="bbox 749 1882 2311 1958; baseline 0.01 -26"><span class='ocrx_word' id='word_1_114' title='bbox 749 1882 1008 1949; x_wconf 86' lang='lat' dir='ltr'><strong>petitione</strong></span> <span class='ocrx_word' id='word_1_115' title='bbox 1041 1885 1326 1953; x_wconf 65' lang='lat' dir='ltr'><strong>praedictas</strong></span> <span class='ocrx_word' id='word_1_116' title='bbox 1355 1886 1544 1941; x_wconf 80' lang='lat' dir='ltr'><strong>linium</strong></span> <span class='ocrx_word' id='word_1_117' title='bbox 1570 1888 1968 1958; x_wconf 64' lang='lat' dir='ltr'><strong>descriptiones</strong></span> <span class='ocrx_word' id='word_1_118' title='bbox 2000 1891 2311 1947; x_wconf 81' lang='lat' dir='ltr'><strong>conﬁcient.</strong></span> 
     </span>
    </p>
   </div>
   <div class='ocr_carea' id='block_1_21' title="bbox 746 1974 2313 2051">
    <p class='ocr_par' dir='ltr' id='par_1_21' title="bbox 746 1974 2313 2051">
     <span class='ocr_line' id='line_1_21' title="bbox 746 1974 2313 2051; baseline 0.009 -28"><span class='ocrx_word' id='word_1_119' title='bbox 746 1974 898 2037; x_wconf 75' lang='lat' dir='ltr'><strong>Quod</strong></span> <span class='ocrx_word' id='word_1_120' title='bbox 934 1978 975 2028; x_wconf 72' lang='lat' dir='ltr'><strong>si</strong></span> <span class='ocrx_word' id='word_1_121' title='bbox 1005 1980 1129 2045; x_wconf 82' lang='lat' dir='ltr'><strong>quis</strong></span> <span class='ocrx_word' id='word_1_122' title='bbox 1157 1994 1324 2032; x_wconf 90' lang='lat' dir='ltr'><strong>ausus</strong></span> <span class='ocrx_word' id='word_1_123' title='bbox 1357 1979 1521 2033; x_wconf 82' lang='lat' dir='ltr'><strong>fuerit</strong></span> <span class='ocrx_word' id='word_1_124' title='bbox 1549 1981 1751 2035; x_wconf 86' lang='lat' dir='ltr'><strong>violare</strong></span> <span class='ocrx_word' id='word_1_125' title='bbox 1777 1982 2073 2049; x_wconf 89' lang='lat' dir='ltr'><strong>quidquam</strong></span> <span class='ocrx_word' id='word_1_126' title='bbox 2100 1999 2313 2051; x_wconf 89' lang='lat' dir='ltr'><strong>eorum,</strong></span> 
     </span>
    </p>
   </div>
   <div class='ocr_carea' id='block_1_22' title="bbox 748 2069 2317 2144">
    <p class='ocr_par' dir='ltr' id='par_1_22' title="bbox 748 2069 2317 2144">
     <span class='ocr_line' id='line_1_22' title="bbox 748 2069 2317 2144; baseline 0.011 -28"><span class='ocrx_word' id='word_1_127' title='bbox 748 2082 870 2134; x_wconf 74' lang='lat' dir='ltr'><strong>qure</strong></span> <span class='ocrx_word' id='word_1_128' title='bbox 932 2071 1180 2137; x_wconf 66' lang='lat' dir='ltr'><strong>praesenti</strong></span> <span class='ocrx_word' id='word_1_129' title='bbox 1241 2069 1433 2126; x_wconf 67' lang='lat' dir='ltr'><strong>Aurem</strong></span> <span class='ocrx_word' id='word_1_130' title='bbox 1490 2072 1657 2126; x_wconf 67' lang='lat' dir='ltr'><strong>Bullte</strong></span> <span class='ocrx_word' id='word_1_131' title='bbox 1711 2076 1957 2128; x_wconf 87' lang='lat' dir='ltr'><strong>oratione</strong></span> <span class='ocrx_word' id='word_1_132' title='bbox 2014 2077 2317 2144; x_wconf 87' lang='lat' dir='ltr'><strong>majestatis</strong></span> 
     </span>
    </p>
   </div>
   <div class='ocr_carea' id='block_1_23' title="bbox 753 2163 2315 2236">
    <p class='ocr_par' dir='ltr' id='par_1_23' title="bbox 753 2163 2315 2236">
     <span class='ocr_line' id='line_1_23' title="bbox 753 2163 2315 2236; baseline 0.007 -24"><span class='ocrx_word' id='word_1_133' title='bbox 753 2178 885 2215; x_wconf 67' lang='lat' dir='ltr'><strong>mea:</strong></span> <span class='ocrx_word' id='word_1_134' title='bbox 918 2163 1269 2227; x_wconf 75' lang='lat' dir='ltr'><strong>definiuntur,</strong></span> <span class='ocrx_word' id='word_1_135' title='bbox 1299 2173 1493 2236; x_wconf 67' lang='lat' dir='ltr'><strong>prteter</strong></span> <span class='ocrx_word' id='word_1_136' title='bbox 1519 2166 1855 2235; x_wconf 87' lang='lat' dir='ltr'><strong>imperialcm</strong></span> <span class='ocrx_word' id='word_1_137' title='bbox 1889 2168 2315 2236; x_wconf 76' lang='lat' dir='ltr'><strong>indignationem</strong></span> 
     </span>
    </p>
   </div>
   <div class='ocr_carea' id='block_1_24' title="bbox 745 2253 2322 2329">
    <p class='ocr_par' dir='ltr' id='par_1_24' title="bbox 745 2253 2322 2329">
     <span class='ocr_line' id='line_1_24' title="bbox 745 2253 2322 2329; baseline 0.007 -23"><span class='ocrx_word' id='word_1_138' title='bbox 745 2253 799 2306; x_wconf 90' lang='lat' dir='ltr'><strong>in</strong></span> <span class='ocrx_word' id='word_1_139' title='bbox 835 2256 1134 2323; x_wconf 88' lang='lat' dir='ltr'><strong>perieulunt</strong></span> <span class='ocrx_word' id='word_1_140' title='bbox 1161 2259 1337 2313; x_wconf 89' lang='lat' dir='ltr'><strong>veniet</strong></span> <span class='ocrx_word' id='word_1_141' title='bbox 1360 2260 1626 2313; x_wconf 88' lang='lat' dir='ltr'><strong>subeundi</strong></span> <span class='ocrx_word' id='word_1_142' title='bbox 1654 2276 1867 2329; x_wconf 70' lang='lat' dir='ltr'><strong>ptl‘illllll</strong></span> <span class='ocrx_word' id='word_1_143' title='bbox 1902 2276 2189 2315; x_wconf 85' lang='lat' dir='ltr'><strong>aureorum</strong></span> <span class='ocrx_word' id='word_1_144' title='bbox 2223 2265 2322 2317; x_wconf 90' lang='lat' dir='ltr'><strong>tri-</strong></span> 
     </span>
    </p>
   </div>
   <div class='ocr_carea' id='block_1_25' title="bbox 745 2346 2315 2419">
    <p class='ocr_par' dir='ltr' id='par_1_25' title="bbox 745 2346 2315 2419">
     <span class='ocr_line' id='line_1_25' title="bbox 745 2346 2315 2419; baseline 0.008 -23"><span class='ocrx_word' id='word_1_145' title='bbox 745 2346 892 2415; x_wconf 73' lang='lat' dir='ltr'><strong>ginta</strong></span> <span class='ocrx_word' id='word_1_146' title='bbox 931 2348 1217 2413; x_wconf 82' lang='lat' dir='ltr'><strong>librarum,</strong></span> <span class='ocrx_word' id='word_1_147' title='bbox 1249 2366 1371 2419; x_wconf 71' lang='lat' dir='ltr'><strong>quae</strong></span> <span class='ocrx_word' id='word_1_148' title='bbox 1418 2351 1538 2403; x_wconf 78' lang='lat' dir='ltr'><strong>sine</strong></span> <span class='ocrx_word' id='word_1_149' title='bbox 1592 2354 2076 2407; x_wconf 43' lang='lat' dir='ltr'><strong>cotmmseratione</strong></span> <span class='ocrx_word' id='word_1_150' title='bbox 2136 2371 2315 2409; x_wconf 90' lang='lat' dir='ltr'><strong>rerum</strong></span> 
     </span>
    </p>
   </div>
   <div class='ocr_carea' id='block_1_26' title="bbox 748 2441 2312 2506">
    <p class='ocr_par' dir='ltr' id='par_1_26' title="bbox 748 2441 2312 2506">
     <span class='ocr_line' id='line_1_26' title="bbox 748 2441 2312 2506; baseline 0.008 -18"><span class='ocrx_word' id='word_1_151' title='bbox 748 2441 1082 2506; x_wconf 72' lang='lat' dir='ltr'><strong>privatarum</strong></span> <span class='ocrx_word' id='word_1_152' title='bbox 1142 2453 1355 2495; x_wconf 61' lang='lat' dir='ltr'><strong>secreto</strong></span> <span class='ocrx_word' id='word_1_153' title='bbox 1409 2458 1475 2494; x_wconf 77' lang='lat' dir='ltr'><strong>ex</strong></span> <span class='ocrx_word' id='word_1_154' title='bbox 1527 2444 1889 2497; x_wconf 90' lang='lat' dir='ltr'><strong>conventione</strong></span> <span class='ocrx_word' id='word_1_155' title='bbox 1942 2448 2312 2500; x_wconf 65' lang='lat' dir='ltr'><strong>sanctissimae</strong></span> 
     </span>
    </p>
   </div>
   <div class='ocr_carea' id='block_1_27' title="bbox 748 2531 2315 2607">
    <p class='ocr_par' dir='ltr' id='par_1_27' title="bbox 748 2531 2315 2607">
     <span class='ocr_line' id='line_1_27' title="bbox 748 2531 2315 2607; baseline 0.006 -24"><span class='ocrx_word' id='word_1_156' title='bbox 748 2531 953 2601; x_wconf 71' lang='lat' dir='ltr'><strong>Magna!</strong></span> <span class='ocrx_word' id='word_1_157' title='bbox 1005 2534 1251 2587; x_wconf 75' lang='lat' dir='ltr'><strong>ecclesia:</strong></span> <span class='ocrx_word' id='word_1_158' title='bbox 1296 2537 1364 2586; x_wconf 88' lang='lat' dir='ltr'><strong>ab</strong></span> <span class='ocrx_word' id='word_1_159' title='bbox 1424 2534 1515 2587; x_wconf 87' lang='lat' dir='ltr'><strong>illo</strong></span> <span class='ocrx_word' id='word_1_160' title='bbox 1555 2536 1845 2603; x_wconf 74' lang='lat' dir='ltr'><strong>cxigentur</strong></span> <span class='ocrx_word' id='word_1_161' title='bbox 1883 2556 1895 2590; x_wconf 90' lang='lat'><strong>:</strong></span> <span class='ocrx_word' id='word_1_162' title='bbox 1930 2538 2134 2607; x_wconf 89' lang='lat' dir='ltr'><strong>quippe</strong></span> <span class='ocrx_word' id='word_1_163' title='bbox 2190 2555 2315 2592; x_wconf 89' lang='lat' dir='ltr'><strong>cum</strong></span> 
     </span>
    </p>
   </div>
   <div class='ocr_carea' id='block_1_28' title="bbox 750 2624 2319 2693">
    <p class='ocr_par' dir='ltr' id='par_1_28' title="bbox 750 2624 2319 2693">
     <span class='ocr_line' id='line_1_28' title="bbox 750 2624 2319 2693; baseline 0.006 -20"><span class='ocrx_word' id='word_1_164' title='bbox 750 2624 902 2675; x_wconf 88' lang='lat' dir='ltr'><strong>tirma</strong></span> <span class='ocrx_word' id='word_1_165' title='bbox 946 2626 1015 2676; x_wconf 84' lang='lat' dir='ltr'><strong>sit</strong></span> <span class='ocrx_word' id='word_1_166' title='bbox 1049 2638 1109 2675; x_wconf 87' lang='lat' dir='ltr'><strong>ac</strong></span> <span class='ocrx_word' id='word_1_167' title='bbox 1142 2625 1350 2677; x_wconf 86' lang='lat' dir='ltr'><strong>munita</strong></span> <span class='ocrx_word' id='word_1_168' title='bbox 1392 2641 1631 2693; x_wconf 64' lang='lat' dir='ltr'><strong>praesens</strong></span> <span class='ocrx_word' id='word_1_169' title='bbox 1678 2628 1874 2681; x_wconf 72' lang='lat' dir='ltr'><strong>Aurea:</strong></span> <span class='ocrx_word' id='word_1_170' title='bbox 1927 2627 2092 2683; x_wconf 72' lang='lat' dir='ltr'><strong>Balbe</strong></span> <span class='ocrx_word' id='word_1_171' title='bbox 2141 2633 2319 2683; x_wconf 87' lang='lat' dir='ltr'><strong>oratio</strong></span> 
     </span>
    </p>
   </div>
   <div class='ocr_carea' id='block_1_29' title="bbox 750 2716 2315 2787">
    <p class='ocr_par' dir='ltr' id='par_1_29' title="bbox 750 2716 2315 2787">
     <span class='ocr_line' id='line_1_29' title="bbox 750 2716 2315 2787; baseline 0.006 -18"><span class='ocrx_word' id='word_1_172' title='bbox 750 2716 891 2769; x_wconf 81' lang='lat' dir='ltr'><strong>facta</strong></span> <span class='ocrx_word' id='word_1_173' title='bbox 925 2733 1109 2771; x_wconf 78' lang='lat' dir='ltr'><strong>mense</strong></span> <span class='ocrx_word' id='word_1_174' title='bbox 1137 2720 1380 2785; x_wconf 79' lang='lat' dir='ltr'><strong>Augusto</strong></span> <span class='ocrx_word' id='word_1_175' title='bbox 1409 2718 1578 2786; x_wconf 90' lang='lat' dir='ltr'><strong>ptima</strong></span> <span class='ocrx_word' id='word_1_176' title='bbox 1606 2719 1901 2773; x_wconf 70' lang='lat' dir='ltr'><strong>indictione</strong></span> <span class='ocrx_word' id='word_1_177' title='bbox 1934 2737 2022 2775; x_wconf 88' lang='lat' dir='ltr'><strong>an.</strong></span> <span class='ocrx_word' id='word_1_178' title='bbox 2045 2723 2205 2787; x_wconf 86' lang='lat' dir='ltr'><strong>666i,</strong></span> <span class='ocrx_word' id='word_1_179' title='bbox 2230 2726 2315 2779; x_wconf 90' lang='lat' dir='ltr'><strong>cui</strong></span> 
     </span>
    </p>
   </div>
   <div class='ocr_carea' id='block_1_30' title="bbox 749 2810 2317 2883">
    <p class='ocr_par' dir='ltr' id='par_1_30' title="bbox 749 2810 2317 2883">
     <span class='ocr_line' id='line_1_30' title="bbox 749 2810 2317 2883; baseline 0.005 -23"><span class='ocrx_word' id='word_1_180' title='bbox 749 2818 996 2862; x_wconf 85' lang='lat' dir='ltr'><strong>nostrum</strong></span> <span class='ocrx_word' id='word_1_181' title='bbox 1043 2810 1240 2877; x_wconf 83' lang='lat' dir='ltr'><strong>pietate</strong></span> <span class='ocrx_word' id='word_1_182' title='bbox 1289 2811 1602 2877; x_wconf 61' lang='lat' dir='ltr'><strong>praecellens</strong></span> <span class='ocrx_word' id='word_1_183' title='bbox 1645 2825 1710 2863; x_wconf 82' lang='lat' dir='ltr'><strong>ac</strong></span> <span class='ocrx_word' id='word_1_184' title='bbox 1751 2824 1781 2863; x_wconf 85' lang='lat' dir='ltr'><strong>a</strong></span> <span class='ocrx_word' id='word_1_185' title='bbox 1827 2812 1937 2867; x_wconf 86' lang='lat' dir='ltr'><strong>Deo</strong></span> <span class='ocrx_word' id='word_1_186' title='bbox 1975 2814 2317 2883; x_wconf 81' lang='lat' dir='ltr'><strong>designatum</strong></span> 
     </span>
    </p>
   </div>
   <div class='ocr_carea' id='block_1_31' title="bbox 749 2902 2389 3001">
    <p class='ocr_par' dir='ltr' id='par_1_31' title="bbox 749 2902 2389 3001">
     <span class='ocr_line' id='line_1_31' title="bbox 749 2902 2389 3001; baseline 0.005 -47"><span class='ocrx_word' id='word_1_187' title='bbox 749 2902 1074 2969; x_wconf 80' lang='lat' dir='ltr'><strong>subscripsit</strong></span> <span class='ocrx_word' id='word_1_188' title='bbox 1106 2903 1416 2971; x_wconf 83' lang='lat' dir='ltr'><strong>imperium.</strong></span> <span class='ocrx_word' id='word_1_189' title='bbox 1452 2903 1718 2959; x_wconf 66' lang='lat' dir='ltr'><strong>Ptaaterea</strong></span> <span class='ocrx_word' id='word_1_190' title='bbox 1748 2915 1925 2960; x_wconf 85' lang='lat' dir='ltr'><strong>autem</strong></span> <span class='ocrx_word' id='word_1_191' title='bbox 1957 2920 2009 2961; x_wconf 86' lang='lat' dir='ltr'><strong>et</strong></span> <span class='ocrx_word' id='word_1_192' title='bbox 2038 2909 2141 2961; x_wconf 91' lang='lat' dir='ltr'><strong>alia</strong></span> <span class='ocrx_word' id='word_1_193' title='bbox 2169 2908 2317 2962; x_wconf 81' lang='lat' dir='ltr'><strong>Bulla</strong></span> <span class='ocrx_word' id='word_1_194' title='bbox 2347 2944 2389 3001; x_wconf 63' lang='grc' dir='ltr'>ε</span> 
     </span>
    </p>
   </div>
   <div class='ocr_carea' id='block_1_32' title="bbox 750 2994 2322 3071">
    <p class='ocr_par' dir='ltr' id='par_1_32' title="bbox 750 2994 2322 3071">
     <span class='ocr_line' id='line_1_32' title="bbox 750 2994 2322 3071; baseline 0.006 -25"><span class='ocrx_word' id='word_1_195' title='bbox 750 2995 931 3048; x_wconf 84' lang='lat' dir='ltr'><strong>Aurea</strong></span> <span class='ocrx_word' id='word_1_196' title='bbox 965 2994 1209 3062; x_wconf 81' lang='lat' dir='ltr'><strong>ejusdem</strong></span> <span class='ocrx_word' id='word_1_197' title='bbox 1242 2998 1476 3065; x_wconf 89' lang='lat' dir='ltr'><strong>potentis</strong></span> <span class='ocrx_word' id='word_1_198' title='bbox 1505 3000 1785 3067; x_wconf 88' lang='lat' dir='ltr'><strong>sanctique</strong></span> <span class='ocrx_word' id='word_1_199' title='bbox 1824 3001 1992 3056; x_wconf 79' lang='lat' dir='ltr'><strong>llOSll‘i</strong></span> <span class='ocrx_word' id='word_1_200' title='bbox 2025 3002 2322 3071; x_wconf 89' lang='lat' dir='ltr'><strong>imperato-</strong></span> 
     </span>
    </p>
   </div>
   <div class='ocr_carea' id='block_1_33' title="bbox 755 3087 2323 3160">
    <p class='ocr_par' dir='ltr' id='par_1_33' title="bbox 755 3087 2323 3160">
     <span class='ocr_line' id='line_1_33' title="bbox 755 3087 2323 3160; baseline 0.008 -23"><span class='ocrx_word' id='word_1_201' title='bbox 755 3087 849 3148; x_wconf 86' lang='lat' dir='ltr'><strong>ris,</strong></span> <span class='ocrx_word' id='word_1_202' title='bbox 889 3102 1076 3141; x_wconf 89' lang='lat' dir='ltr'><strong>mense</strong></span> <span class='ocrx_word' id='word_1_203' title='bbox 1120 3087 1420 3143; x_wconf 85' lang='lat' dir='ltr'><strong>Februario</strong></span> <span class='ocrx_word' id='word_1_204' title='bbox 1455 3092 1642 3147; x_wconf 89' lang='lat' dir='ltr'><strong>indict.</strong></span> <span class='ocrx_word' id='word_1_205' title='bbox 1682 3093 1767 3156; x_wconf 84' lang='grc' dir='ltr'>Η,</span> <span class='ocrx_word' id='word_1_206' title='bbox 1815 3109 1903 3147; x_wconf 89' lang='lat' dir='ltr'><strong>an.</strong></span> <span class='ocrx_word' id='word_1_207' title='bbox 1933 3094 2093 3160; x_wconf 73' lang='lat'><strong>(3656,</strong></span> <span class='ocrx_word' id='word_1_208' title='bbox 2120 3097 2323 3150; x_wconf 82' lang='lat' dir='ltr'><strong>emissa</strong></span> 
     </span>
    </p>
   </div>
   <div class='ocr_carea' id='block_1_34' title="bbox 752 3181 2325 3255">
    <p class='ocr_par' dir='ltr' id='par_1_34' title="bbox 752 3181 2325 3255">
     <span class='ocr_line' id='line_1_34' title="bbox 752 3181 2325 3255; baseline 0.009 -26"><span class='ocrx_word' id='word_1_209' title='bbox 752 3190 861 3244; x_wconf 83' lang='lat' dir='ltr'><strong>est,</strong></span> <span class='ocrx_word' id='word_1_210' title='bbox 891 3195 1012 3247; x_wconf 71' lang='lat' dir='ltr'><strong>qua:</strong></span> <span class='ocrx_word' id='word_1_211' title='bbox 1051 3181 1254 3234; x_wconf 89' lang='lat' dir='ltr'><strong>dicitur</strong></span> <span class='ocrx_word' id='word_1_212' title='bbox 1300 3184 1619 3246; x_wconf 87' lang='lat' dir='ltr'><strong>medicator,</strong></span> <span class='ocrx_word' id='word_1_213' title='bbox 1670 3193 1855 3255; x_wconf 86' lang='lat' dir='ltr'><strong>utpote</strong></span> <span class='ocrx_word' id='word_1_214' title='bbox 1888 3203 2008 3255; x_wconf 75' lang='lat' dir='ltr'><strong>qnte</strong></span> <span class='ocrx_word' id='word_1_215' title='bbox 2059 3189 2228 3243; x_wconf 82' lang='lat' dir='ltr'><strong>titulis</strong></span> <span class='ocrx_word' id='word_1_216' title='bbox 2271 3197 2325 3243; x_wconf 92' lang='lat' dir='ltr'><strong>et</strong></span> 
     </span>
    </p>
   </div>
   <div class='ocr_carea' id='block_1_35' title="bbox 748 3269 2326 3347">
    <p class='ocr_par' dir='ltr' id='par_1_35' title="bbox 748 3269 2326 3347">
     <span class='ocr_line' id='line_1_35' title="bbox 748 3269 2326 3347; baseline 0.009 -26"><span class='ocrx_word' id='word_1_217' title='bbox 748 3269 967 3336; x_wconf 90' lang='lat' dir='ltr'><strong>jnribus</strong></span> <span class='ocrx_word' id='word_1_218' title='bbox 1009 3273 1250 3325; x_wconf 89' lang='lat' dir='ltr'><strong>omnium</strong></span> <span class='ocrx_word' id='word_1_219' title='bbox 1296 3274 1497 3340; x_wconf 90' lang='lat' dir='ltr'><strong>ubique</strong></span> <span class='ocrx_word' id='word_1_220' title='bbox 1544 3275 1911 3331; x_wconf 76' lang='lat' dir='ltr'><strong>Ecclesiarum</strong></span> <span class='ocrx_word' id='word_1_221' title='bbox 1942 3322 1954 3342; x_wconf 89' lang='lat'><strong>,</strong></span> <span class='ocrx_word' id='word_1_222' title='bbox 2015 3295 2134 3347; x_wconf 79' lang='lat' dir='ltr'><strong>quze</strong></span> <span class='ocrx_word' id='word_1_223' title='bbox 2186 3279 2326 3336; x_wconf 78' lang='lat' dir='ltr'><strong>forte</strong></span> 
     </span>
    </p>
   </div>
   <div class='ocr_carea' id='block_1_36' title="bbox 755 3363 2319 3440">
    <p class='ocr_par' dir='ltr' id='par_1_36' title="bbox 755 3363 2319 3440">
     <span class='ocr_line' id='line_1_36' title="bbox 755 3363 2319 3440; baseline 0.005 -25"><span class='ocrx_word' id='word_1_224' title='bbox 755 3363 1139 3417; x_wconf 74' lang='lat' dir='ltr'><strong>claudit-about</strong></span> <span class='ocrx_word' id='word_1_225' title='bbox 1172 3372 1585 3434; x_wconf 84' lang='lat' dir='ltr'><strong>episcopatuttm</strong></span> <span class='ocrx_word' id='word_1_226' title='bbox 1614 3369 1823 3423; x_wconf 75' lang='lat' dir='ltr'><strong>scilicet</strong></span> <span class='ocrx_word' id='word_1_227' title='bbox 1854 3381 1905 3422; x_wconf 91' lang='lat' dir='ltr'><strong>et</strong></span> <span class='ocrx_word' id='word_1_228' title='bbox 1933 3373 2319 3440; x_wconf 86' lang='lat' dir='ltr'><strong>metropolium</strong></span> 
     </span>
    </p>
   </div>
   <div class='ocr_carea' id='block_1_37' title="bbox 754 3456 2325 3532">
    <p class='ocr_par' dir='ltr' id='par_1_37' title="bbox 754 3456 2325 3532">
     <span class='ocr_line' id='line_1_37' title="bbox 754 3456 2325 3532; baseline 0.009 -29"><span class='ocrx_word' id='word_1_229' title='bbox 754 3467 807 3508; x_wconf 78' lang='lat' dir='ltr'><strong>et</strong></span> <span class='ocrx_word' id='word_1_230' title='bbox 850 3456 1018 3522; x_wconf 85' lang='lat' dir='ltr'><strong>ipsius</strong></span> <span class='ocrx_word' id='word_1_231' title='bbox 1052 3456 1253 3526; x_wconf 75' lang='lat' dir='ltr'><strong>Magnae</strong></span> <span class='ocrx_word' id='word_1_232' title='bbox 1292 3460 1555 3522; x_wconf 63' lang='lat' dir='ltr'><strong>ecclesiae,</strong></span> <span class='ocrx_word' id='word_1_233' title='bbox 1592 3460 1893 3526; x_wconf 81' lang='lat' dir='ltr'><strong>medeatur,</strong></span> <span class='ocrx_word' id='word_1_234' title='bbox 1928 3480 2046 3532; x_wconf 68' lang='lat' dir='ltr'><strong>qua&#39;</strong></span> <span class='ocrx_word' id='word_1_235' title='bbox 2070 3464 2231 3516; x_wconf 89' lang='lat' dir='ltr'><strong>etiam</strong></span> <span class='ocrx_word' id='word_1_236' title='bbox 2261 3463 2325 3517; x_wconf 85' lang='lat' dir='ltr'><strong>ad</strong></span> 
     </span>
    </p>
   </div>
   <div class='ocr_carea' id='block_1_38' title="bbox 756 3547 1337 3604">
    <p class='ocr_par' dir='ltr' id='par_1_38' title="bbox 756 3547 1337 3604">
     <span class='ocr_line' id='line_1_38' title="bbox 756 3547 1337 3604; baseline 0.009 -5"><span class='ocrx_word' id='word_1_237' title='bbox 756 3547 980 3600; x_wconf 80' lang='lat' dir='ltr'><strong>verbum</strong></span> <span class='ocrx_word' id='word_1_238' title='bbox 1018 3551 1096 3603; x_wconf 88' lang='lat' dir='ltr'><strong>sic</strong></span> <span class='ocrx_word' id='word_1_239' title='bbox 1122 3561 1337 3604; x_wconf 81' lang='lat' dir='ltr'><strong>tractat:</strong></span> 
     </span>
    </p>
   </div>
   <div class='ocr_carea' id='block_1_39' title="bbox 830 3804 2329 3879">
    <p class='ocr_par' dir='ltr' id='par_1_39' title="bbox 830 3804 2329 3879">
     <span class='ocr_line' id='line_1_39' title="bbox 830 3804 2329 3879; baseline 0.005 -23"><span class='ocrx_word' id='word_1_240' title='bbox 830 3804 933 3869; x_wconf 83' lang='lat' dir='ltr'><strong>Qui</strong></span> <span class='ocrx_word' id='word_1_241' title='bbox 974 3815 1093 3871; x_wconf 86' lang='lat' dir='ltr'><strong>post</strong></span> <span class='ocrx_word' id='word_1_242' title='bbox 1123 3806 1307 3859; x_wconf 73' lang='lat' dir='ltr'><strong>Mosen</strong></span> <span class='ocrx_word' id='word_1_243' title='bbox 1329 3808 1429 3860; x_wconf 76' lang='lat' dir='ltr'><strong>fuit</strong></span> <span class='ocrx_word' id='word_1_244' title='bbox 1457 3808 1614 3861; x_wconf 83' lang='lat' dir='ltr'><strong>electi</strong></span> <span class='ocrx_word' id='word_1_245' title='bbox 1649 3810 1794 3864; x_wconf 88' lang='lat' dir='ltr'><strong>illius</strong></span> <span class='ocrx_word' id='word_1_246' title='bbox 1825 3813 2003 3879; x_wconf 86' lang='lat' dir='ltr'><strong>populi</strong></span> <span class='ocrx_word' id='word_1_247' title='bbox 2032 3812 2329 3879; x_wconf 86' lang='lat' dir='ltr'><strong>imperator</strong></span> 
     </span>
    </p>
   </div>
   <div class='ocr_carea' id='block_1_40' title="bbox 757 3893 2328 3966">
    <p class='ocr_par' dir='ltr' id='par_1_40' title="bbox 757 3893 2328 3966">
     <span class='ocr_line' id='line_1_40' title="bbox 757 3893 2328 3966; baseline 0.003 -18"><span class='ocrx_word' id='word_1_248' title='bbox 757 3893 940 3957; x_wconf 82' lang='lat' dir='ltr'><strong>Jesns,</strong></span> <span class='ocrx_word' id='word_1_249' title='bbox 985 3894 1352 3951; x_wconf 75' lang='lat' dir='ltr'><strong>llwricltuntis</strong></span> <span class='ocrx_word' id='word_1_250' title='bbox 1390 3898 1659 3953; x_wconf 82' lang='lat' dir='ltr'><strong>feSIinans</strong></span> <span class='ocrx_word' id='word_1_251' title='bbox 1701 3902 2036 3955; x_wconf 88' lang='lat' dir='ltr'><strong>munimenta</strong></span> <span class='ocrx_word' id='word_1_252' title='bbox 2086 3904 2328 3966; x_wconf 76' lang='lat' dir='ltr'><strong>diruere,</strong></span> 
     </span>
    </p>
   </div>
   <div class='ocr_carea' id='block_1_41' title="bbox 764 3989 2329 4059">
    <p class='ocr_par' dir='ltr' id='par_1_41' title="bbox 764 3989 2329 4059">
     <span class='ocr_line' id='line_1_41' title="bbox 764 3989 2329 4059; baseline 0.004 -19"><span class='ocrx_word' id='word_1_253' title='bbox 764 3989 1139 4043; x_wconf 79' lang='lat' dir='ltr'><strong>sacerdotibus</strong></span> <span class='ocrx_word' id='word_1_254' title='bbox 1168 3990 1329 4056; x_wconf 69' lang='lat' dir='ltr'><strong>jmsit</strong></span> <span class='ocrx_word' id='word_1_255' title='bbox 1379 3995 1427 4044; x_wconf 88' lang='lat' dir='ltr'><strong>in</strong></span> <span class='ocrx_word' id='word_1_256' title='bbox 1474 3993 1705 4045; x_wconf 90' lang='lat' dir='ltr'><strong>circuitu</strong></span> <span class='ocrx_word' id='word_1_257' title='bbox 1740 3994 1866 4047; x_wconf 88' lang='lat' dir='ltr'><strong>tuba</strong></span> <span class='ocrx_word' id='word_1_258' title='bbox 1903 4010 2118 4059; x_wconf 85' lang='lat' dir='ltr'><strong>Cancre,</strong></span> <span class='ocrx_word' id='word_1_259' title='bbox 2164 4007 2217 4048; x_wconf 85' lang='lat' dir='ltr'><strong>ct</strong></span> <span class='ocrx_word' id='word_1_260' title='bbox 2251 3996 2329 4047; x_wconf 88' lang='lat' dir='ltr'><strong>sic</strong></span> 
     </span>
    </p>
   </div>
   <div class='ocr_carea' id='block_1_42' title="bbox 764 4085 2332 4155">
    <p class='ocr_par' dir='ltr' id='par_1_42' title="bbox 764 4085 2332 4155">
     <span class='ocr_line' id='line_1_42' title="bbox 764 4085 2332 4155; baseline 0.005 -22"><span class='ocrx_word' id='word_1_261' title='bbox 764 4098 1044 4135; x_wconf 74' lang='lat' dir='ltr'><strong>:nurorttm</strong></span> <span class='ocrx_word' id='word_1_262' title='bbox 1080 4085 1484 4151; x_wconf 83' lang='lat' dir='ltr'><strong>propugnacula</strong></span> <span class='ocrx_word' id='word_1_263' title='bbox 1526 4086 1846 4140; x_wconf 81' lang='lat' dir='ltr'><strong>mirabiliter</strong></span> <span class='ocrx_word' id='word_1_264' title='bbox 1875 4088 2074 4154; x_wconf 82' lang='lat' dir='ltr'><strong>dejecit</strong></span> <span class='ocrx_word' id='word_1_265' title='bbox 2114 4106 2125 4140; x_wconf 76' lang='grc' dir='ltr'><strong>ε</strong></span> <span class='ocrx_word' id='word_1_266' title='bbox 2162 4090 2332 4155; x_wconf 85' lang='lat' dir='ltr'><strong>maje-</strong></span> 
     </span>
    </p>
   </div>
   <div class='ocr_carea' id='block_1_43' title="bbox 762 4176 2332 4249">
    <p class='ocr_par' dir='ltr' id='par_1_43' title="bbox 762 4176 2332 4249">
     <span class='ocr_line' id='line_1_43' title="bbox 762 4176 2332 4249; baseline 0.003 -19"><span class='ocrx_word' id='word_1_267' title='bbox 762 4176 887 4230; x_wconf 85' lang='lat' dir='ltr'><strong>stati</strong></span> <span class='ocrx_word' id='word_1_268' title='bbox 925 4188 1102 4229; x_wconf 85' lang='lat' dir='ltr'><strong>autem</strong></span> <span class='ocrx_word' id='word_1_269' title='bbox 1154 4193 1305 4242; x_wconf 70' lang='lat' dir='ltr'><strong>&quot;101B,</strong></span> <span class='ocrx_word' id='word_1_270' title='bbox 1338 4194 1459 4245; x_wconf 74' lang='lat' dir='ltr'><strong>qua}</strong></span> <span class='ocrx_word' id='word_1_271' title='bbox 1504 4194 1643 4231; x_wconf 83' lang='lat' dir='ltr'><strong>novn</strong></span> <span class='ocrx_word' id='word_1_272' title='bbox 1688 4194 1716 4231; x_wconf 92' lang='lat' dir='ltr'><strong>a</strong></span> <span class='ocrx_word' id='word_1_273' title='bbox 1763 4180 1869 4233; x_wconf 87' lang='lat' dir='ltr'><strong>Dco</strong></span> <span class='ocrx_word' id='word_1_274' title='bbox 1912 4181 2085 4234; x_wconf 88' lang='lat' dir='ltr'><strong>electo</strong></span> <span class='ocrx_word' id='word_1_275' title='bbox 2132 4184 2332 4249; x_wconf 89' lang='lat' dir='ltr'><strong>populo</strong></span> 
     </span>
    </p>
   </div>
   <div class='ocr_carea' id='block_1_44' title="bbox 761 4272 2327 4342">
    <p class='ocr_par' dir='ltr' id='par_1_44' title="bbox 761 4272 2327 4342">
     <span class='ocr_line' id='line_1_44' title="bbox 761 4272 2327 4342; baseline 0.003 -20"><span class='ocrx_word' id='word_1_276' title='bbox 761 4282 978 4338; x_wconf 64' lang='lat' dir='ltr'><strong>praeest,</strong></span> <span class='ocrx_word' id='word_1_277' title='bbox 1020 4280 1144 4338; x_wconf 91' lang='lat' dir='ltr'><strong>post</strong></span> <span class='ocrx_word' id='word_1_278' title='bbox 1197 4272 1347 4323; x_wconf 89' lang='lat' dir='ltr'><strong>illttm</strong></span> <span class='ocrx_word' id='word_1_279' title='bbox 1404 4288 1605 4340; x_wconf 84' lang='lat' dir='ltr'><strong>regem,</strong></span> <span class='ocrx_word' id='word_1_280' title='bbox 1658 4272 1862 4327; x_wconf 81' lang='lat' dir='ltr'><strong>Mosem</strong></span> <span class='ocrx_word' id='word_1_281' title='bbox 1915 4275 2079 4327; x_wconf 86' lang='lat' dir='ltr'><strong>alium</strong></span> <span class='ocrx_word' id='word_1_282' title='bbox 2139 4276 2327 4342; x_wconf 89' lang='lat' dir='ltr'><strong>populi</strong></span> 
     </span>
    </p>
   </div>
   <div class='ocr_carea' id='block_1_45' title="bbox 763 4364 2333 4437">
    <p class='ocr_par' dir='ltr' id='par_1_45' title="bbox 763 4364 2333 4437">
     <span class='ocr_line' id='line_1_45' title="bbox 763 4364 2333 4437; baseline 0.003 -20"><span class='ocrx_word' id='word_1_283' title='bbox 763 4371 1100 4417; x_wconf 81' lang='lat' dir='ltr'><strong>servatorem</strong></span> <span class='ocrx_word' id='word_1_284' title='bbox 1152 4378 1213 4416; x_wconf 89' lang='lat' dir='ltr'><strong>ac</strong></span> <span class='ocrx_word' id='word_1_285' title='bbox 1264 4364 1497 4431; x_wconf 87' lang='lat' dir='ltr'><strong>ducem,</strong></span> <span class='ocrx_word' id='word_1_286' title='bbox 1556 4367 1815 4437; x_wconf 84' lang='lat' dir='ltr'><strong>inclytum</strong></span> <span class='ocrx_word' id='word_1_287' title='bbox 1863 4369 1984 4421; x_wconf 89' lang='lat' dir='ltr'><strong>dico</strong></span> <span class='ocrx_word' id='word_1_288' title='bbox 2028 4370 2333 4435; x_wconf 84' lang='lat' dir='ltr'><strong>majestatis</strong></span> 
     </span>
    </p>
   </div>
   <div class='ocr_carea' id='block_1_46' title="bbox 765 4458 2332 4528">
    <p class='ocr_par' dir='ltr' id='par_1_46' title="bbox 765 4458 2332 4528">
     <span class='ocr_line' id='line_1_46' title="bbox 765 4458 2332 4528; baseline 0.005 -21"><span class='ocrx_word' id='word_1_289' title='bbox 765 4472 895 4510; x_wconf 71' lang='lat' dir='ltr'><strong>mete</strong></span> <span class='ocrx_word' id='word_1_290' title='bbox 945 4458 1223 4511; x_wconf 89' lang='lat' dir='ltr'><strong>dominum</strong></span> <span class='ocrx_word' id='word_1_291' title='bbox 1256 4474 1319 4512; x_wconf 91' lang='lat' dir='ltr'><strong>ac</strong></span> <span class='ocrx_word' id='word_1_292' title='bbox 1348 4460 1673 4528; x_wconf 82' lang='lat' dir='ltr'><strong>genitorem,</strong></span> <span class='ocrx_word' id='word_1_293' title='bbox 1721 4460 1883 4513; x_wconf 88' lang='lat' dir='ltr'><strong>velttti</strong></span> <span class='ocrx_word' id='word_1_294' title='bbox 1910 4461 2156 4528; x_wconf 75' lang='lat' dir='ltr'><strong>qttzedatn</strong></span> <span class='ocrx_word' id='word_1_295' title='bbox 2202 4461 2332 4515; x_wconf 87' lang='lat' dir='ltr'><strong>Ilie-</strong></span> 
     </span>
    </p>
   </div>
   <div class='ocr_carea' id='block_1_47' title="bbox 762 4551 2333 4609">
    <p class='ocr_par' dir='ltr' id='par_1_47' title="bbox 762 4551 2333 4609">
     <span class='ocr_line' id='line_1_47' title="bbox 762 4551 2333 4609; baseline 0.004 -8"><span class='ocrx_word' id='word_1_296' title='bbox 762 4551 1070 4605; x_wconf 87' lang='lat' dir='ltr'><strong>ricltuntina</strong></span> <span class='ocrx_word' id='word_1_297' title='bbox 1105 4553 1302 4605; x_wconf 76' lang='lat' dir='ltr'><strong>mtenia</strong></span> <span class='ocrx_word' id='word_1_298' title='bbox 1330 4555 1636 4606; x_wconf 90' lang='lat' dir='ltr'><strong>communis</strong></span> <span class='ocrx_word' id='word_1_299' title='bbox 1668 4553 2102 4607; x_wconf 76' lang='lat' dir='ltr'><strong>Christianorum</strong></span> <span class='ocrx_word' id='word_1_300' title='bbox 2130 4554 2333 4609; x_wconf 91' lang='lat' dir='ltr'><strong>inimici</strong></span> 
     </span>
    </p>
   </div>
   <div class='ocr_carea' id='block_1_48' title="bbox 765 4648 2332 4720">
    <p class='ocr_par' dir='ltr' id='par_1_48' title="bbox 765 4648 2332 4720">
     <span class='ocr_line' id='line_1_48' title="bbox 765 4648 2332 4720; baseline 0.005 -22"><span class='ocrx_word' id='word_1_301' title='bbox 765 4649 1171 4717; x_wconf 82' lang='lat' dir='ltr'><strong>prepugnacula</strong></span> <span class='ocrx_word' id='word_1_302' title='bbox 1209 4648 1588 4718; x_wconf 88' lang='lat' dir='ltr'><strong>(occidentalis</strong></span> <span class='ocrx_word' id='word_1_303' title='bbox 1640 4650 1763 4705; x_wconf 87' lang='lat' dir='ltr'><strong>dico</strong></span> <span class='ocrx_word' id='word_1_304' title='bbox 1804 4652 2084 4714; x_wconf 85' lang='lat' dir='ltr'><strong>draconis,</strong></span> <span class='ocrx_word' id='word_1_305' title='bbox 2140 4653 2233 4720; x_wconf 92' lang='lat' dir='ltr'><strong>qni</strong></span> <span class='ocrx_word' id='word_1_306' title='bbox 2280 4653 2332 4706; x_wconf 91' lang='lat' dir='ltr'><strong>in</strong></span> 
     </span>
    </p>
   </div>
   <div class='ocr_carea' id='block_1_49' title="bbox 765 4746 2336 4815">
    <p class='ocr_par' dir='ltr' id='par_1_49' title="bbox 765 4746 2336 4815">
     <span class='ocr_line' id='line_1_49' title="bbox 765 4746 2336 4815; baseline 0.003 -16"><span class='ocrx_word' id='word_1_307' title='bbox 765 4746 949 4799; x_wconf 89' lang='lat' dir='ltr'><strong>Sicilia</strong></span> <span class='ocrx_word' id='word_1_308' title='bbox 992 4747 1333 4815; x_wconf 86' lang='lat' dir='ltr'><strong>tyrannidem</strong></span> <span class='ocrx_word' id='word_1_309' title='bbox 1371 4759 1607 4811; x_wconf 83' lang='lat' dir='ltr'><strong>exercet,</strong></span> <span class='ocrx_word' id='word_1_310' title='bbox 1642 4755 1694 4799; x_wconf 84' lang='lat' dir='ltr'><strong>et</strong></span> <span class='ocrx_word' id='word_1_311' title='bbox 1740 4748 1889 4800; x_wconf 87' lang='lat' dir='ltr'><strong>illine</strong></span> <span class='ocrx_word' id='word_1_312' title='bbox 1923 4748 2189 4802; x_wconf 89' lang='lat' dir='ltr'><strong>adversus</strong></span> <span class='ocrx_word' id='word_1_313' title='bbox 2223 4748 2336 4804; x_wconf 77' lang='lat' dir='ltr'><strong>Ro-</strong></span> 
     </span>
    </p>
   </div>
   <div class='ocr_carea' id='block_1_50' title="bbox 770 4838 2341 4909">
    <p class='ocr_par' dir='ltr' id='par_1_50' title="bbox 770 4838 2341 4909">
     <span class='ocr_line' id='line_1_50' title="bbox 770 4838 2341 4909; baseline 0.003 -19"><span class='ocrx_word' id='word_1_314' title='bbox 770 4854 991 4891; x_wconf 90' lang='lat' dir='ltr'><strong>manum</strong></span> <span class='ocrx_word' id='word_1_315' title='bbox 1042 4838 1327 4907; x_wconf 90' lang='lat' dir='ltr'><strong>imperium</strong></span> <span class='ocrx_word' id='word_1_316' title='bbox 1379 4840 1609 4893; x_wconf 86' lang='lat' dir='ltr'><strong>latenter</strong></span> <span class='ocrx_word' id='word_1_317' title='bbox 1646 4840 1908 4907; x_wconf 87' lang='lat' dir='ltr'><strong>prorepit)</strong></span> <span class='ocrx_word' id='word_1_318' title='bbox 1957 4840 2173 4894; x_wconf 87' lang='lat' dir='ltr'><strong>diruere</strong></span> <span class='ocrx_word' id='word_1_319' title='bbox 2217 4858 2341 4909; x_wconf 85' lang='lat' dir='ltr'><strong>pro-</strong></span> 
     </span>
    </p>
   </div>
   <div class='ocr_carea' id='block_1_51' title="bbox 770 4931 2337 4999">
    <p class='ocr_par' dir='ltr' id='par_1_51' title="bbox 770 4931 2337 4999">
     <span class='ocr_line' id='line_1_51' title="bbox 770 4931 2337 4999; baseline 0.003 -18"><span class='ocrx_word' id='word_1_320' title='bbox 770 4931 1005 4998; x_wconf 86' lang='lat' dir='ltr'><strong>peranti,</strong></span> <span class='ocrx_word' id='word_1_321' title='bbox 1039 4932 1362 4999; x_wconf 84' lang='lat' dir='ltr'><strong>quibusdam</strong></span> <span class='ocrx_word' id='word_1_322' title='bbox 1403 4933 1555 4999; x_wconf 89' lang='lat' dir='ltr'><strong>quasi</strong></span> <span class='ocrx_word' id='word_1_323' title='bbox 1589 4932 1967 4999; x_wconf 84' lang='lat' dir='ltr'><strong>Spiritualibtts</strong></span> <span class='ocrx_word' id='word_1_324' title='bbox 1995 4933 2163 4995; x_wconf 83' lang='lat' dir='ltr'><strong>tubis,</strong></span> <span class='ocrx_word' id='word_1_325' title='bbox 2192 4935 2337 4985; x_wconf 88' lang='lat' dir='ltr'><strong>anti-</strong></span> 
     </span>
    </p>
   </div>
   <div class='ocr_carea' id='block_1_52' title="bbox 769 5021 2335 5093">
    <p class='ocr_par' dir='ltr' id='par_1_52' title="bbox 769 5021 2335 5093">
     <span class='ocr_line' id='line_1_52' title="bbox 769 5021 2335 5093; baseline 0.002 -19"><span class='ocrx_word' id='word_1_326' title='bbox 769 5023 981 5086; x_wconf 73' lang='lat' dir='ltr'><strong>stitum,</strong></span> <span class='ocrx_word' id='word_1_327' title='bbox 1015 5021 1180 5075; x_wconf 91' lang='lat' dir='ltr'><strong>Deum</strong></span> <span class='ocrx_word' id='word_1_328' title='bbox 1220 5024 1377 5077; x_wconf 87' lang='lat' dir='ltr'><strong>nobis</strong></span> <span class='ocrx_word' id='word_1_329' title='bbox 1409 5024 1652 5091; x_wconf 88' lang='lat' dir='ltr'><strong>quotidie</strong></span> <span class='ocrx_word' id='word_1_330' title='bbox 1677 5024 2032 5092; x_wconf 81' lang='lat' dir='ltr'><strong>plaeanlittm,</strong></span> <span class='ocrx_word' id='word_1_331' title='bbox 2060 5024 2335 5093; x_wconf 87' lang='lat' dir='ltr'><strong>precibus,</strong></span> 
     </span>
    </p>
   </div>
   <div class='ocr_carea' id='block_1_53' title="bbox 767 5117 2335 5186">
    <p class='ocr_par' dir='ltr' id='par_1_53' title="bbox 767 5117 2335 5186">
     <span class='ocr_line' id='line_1_53' title="bbox 767 5117 2335 5186; baseline 0.003 -18"><span class='ocrx_word' id='word_1_332' title='bbox 767 5127 816 5169; x_wconf 90' lang='lat' dir='ltr'><strong>et</strong></span> <span class='ocrx_word' id='word_1_333' title='bbox 848 5117 913 5170; x_wconf 89' lang='lat' dir='ltr'><strong>ad</strong></span> <span class='ocrx_word' id='word_1_334' title='bbox 939 5118 1087 5171; x_wconf 87' lang='lat' dir='ltr'><strong>illum</strong></span> <span class='ocrx_word' id='word_1_335' title='bbox 1121 5118 1445 5171; x_wconf 89' lang='lat' dir='ltr'><strong>dirttendum</strong></span> <span class='ocrx_word' id='word_1_336' title='bbox 1475 5117 1904 5182; x_wconf 78' lang='lat' dir='ltr'><strong>conferentibus,</strong></span> <span class='ocrx_word' id='word_1_337' title='bbox 1938 5134 2075 5186; x_wconf 91' lang='lat' dir='ltr'><strong>opus</strong></span> <span class='ocrx_word' id='word_1_338' title='bbox 2102 5132 2208 5173; x_wconf 72' lang='grc' dir='ltr'>ρει.</span> <span class='ocrx_word' id='word_1_339' title='bbox 2230 5120 2335 5173; x_wconf 86' lang='lat' dir='ltr'><strong>Sed</strong></span> 
     </span>
    </p>
   </div>
   <div class='ocr_carea' id='block_1_54' title="bbox 768 5208 2337 5279">
    <p class='ocr_par' dir='ltr' id='par_1_54' title="bbox 768 5208 2337 5279">
     <span class='ocr_line' id='line_1_54' title="bbox 768 5208 2337 5279; baseline 0.002 -19"><span class='ocrx_word' id='word_1_340' title='bbox 768 5220 821 5261; x_wconf 84' lang='lat' dir='ltr'><strong>et</strong></span> <span class='ocrx_word' id='word_1_341' title='bbox 850 5211 965 5278; x_wconf 87' lang='lat' dir='ltr'><strong>ipse</strong></span> <span class='ocrx_word' id='word_1_342' title='bbox 993 5211 1209 5265; x_wconf 87' lang='lat' dir='ltr'><strong>divinus</strong></span> <span class='ocrx_word' id='word_1_343' title='bbox 1252 5209 1449 5272; x_wconf 86' lang='lat' dir='ltr'><strong>Moses,</strong></span> <span class='ocrx_word' id='word_1_344' title='bbox 1485 5210 1703 5277; x_wconf 88' lang='lat' dir='ltr'><strong>quando</strong></span> <span class='ocrx_word' id='word_1_345' title='bbox 1735 5224 1857 5263; x_wconf 88' lang='lat' dir='ltr'><strong>eum</strong></span> <span class='ocrx_word' id='word_1_346' title='bbox 1886 5208 2147 5263; x_wconf 85' lang='lat' dir='ltr'><strong>Amalech</strong></span> <span class='ocrx_word' id='word_1_347' title='bbox 2200 5226 2337 5279; x_wconf 80' lang='lat' dir='ltr'><strong>pra:-</strong></span> 
     </span>
    </p>
   </div>
   <div class='ocr_carea' id='block_1_55' title="bbox 768 5301 2342 5369">
    <p class='ocr_par' dir='ltr' id='par_1_55' title="bbox 768 5301 2342 5369">
     <span class='ocr_line' id='line_1_55' title="bbox 768 5301 2342 5369; baseline 0.001 -15"><span class='ocrx_word' id='word_1_348' title='bbox 768 5304 899 5355; x_wconf 90' lang='lat' dir='ltr'><strong>liutn</strong></span> <span class='ocrx_word' id='word_1_349' title='bbox 939 5304 1213 5357; x_wconf 80' lang='lat' dir='ltr'><strong>commisit</strong></span> <span class='ocrx_word' id='word_1_350' title='bbox 1242 5301 1622 5356; x_wconf 84' lang='lat' dir='ltr'><strong>sacerdotibus</strong></span> <span class='ocrx_word' id='word_1_351' title='bbox 1672 5303 1926 5369; x_wconf 89' lang='lat' dir='ltr'><strong>utrinque</strong></span> <span class='ocrx_word' id='word_1_352' title='bbox 1978 5302 2219 5367; x_wconf 80' lang='lat' dir='ltr'><strong>innixus,</strong></span> <span class='ocrx_word' id='word_1_353' title='bbox 2260 5304 2342 5356; x_wconf 85' lang='lat' dir='ltr'><strong>sic</strong></span> 
     </span>
    </p>
   </div>
   <div class='ocr_carea' id='block_1_56' title="bbox 768 5391 2336 5463">
    <p class='ocr_par' dir='ltr' id='par_1_56' title="bbox 768 5391 2336 5463">
     <span class='ocr_line' id='line_1_56' title="bbox 768 5391 2336 5463; baseline -0.004 -14"><span class='ocrx_word' id='word_1_354' title='bbox 768 5412 892 5449; x_wconf 83' lang='lat' dir='ltr'><strong>eum</strong></span> <span class='ocrx_word' id='word_1_355' title='bbox 934 5393 1135 5463; x_wconf 83' lang='lat' dir='ltr'><strong>fugavit</strong></span> <span class='ocrx_word' id='word_1_356' title='bbox 1165 5404 1219 5447; x_wconf 92' lang='lat' dir='ltr'><strong>et</strong></span> <span class='ocrx_word' id='word_1_357' title='bbox 1247 5394 1393 5446; x_wconf 87' lang='lat' dir='ltr'><strong>vicit.</strong></span> <span class='ocrx_word' id='word_1_358' title='bbox 1427 5391 1579 5445; x_wconf 91' lang='lat' dir='ltr'><strong>Sicut</strong></span> <span class='ocrx_word' id='word_1_359' title='bbox 1612 5393 1700 5445; x_wconf 92' lang='lat' dir='ltr'><strong>ille</strong></span> <span class='ocrx_word' id='word_1_360' title='bbox 1733 5392 1897 5453; x_wconf 71' lang='lat' dir='ltr'><strong>igitur</strong></span> <span class='ocrx_word' id='word_1_361' title='bbox 1937 5392 2099 5444; x_wconf 90' lang='lat' dir='ltr'><strong>etiam</strong></span> <span class='ocrx_word' id='word_1_362' title='bbox 2136 5404 2187 5444; x_wconf 91' lang='lat' dir='ltr'><strong>et</strong></span> <span class='ocrx_word' id='word_1_363' title='bbox 2222 5410 2336 5444; x_wconf 88' lang='lat' dir='ltr'><strong>ltt:t-</strong></span> 
     </span>
    </p>
   </div>
   <div class='ocr_carea' id='block_1_57' title="bbox 767 5484 2338 5555">
    <p class='ocr_par' dir='ltr' id='par_1_57' title="bbox 767 5484 2338 5555">
     <span class='ocr_line' id='line_1_57' title="bbox 767 5484 2338 5555; baseline -0.003 -13"><span class='ocrx_word' id='word_1_364' title='bbox 767 5495 939 5555; x_wconf 80' lang='lat' dir='ltr'><strong>jcstas</strong></span> <span class='ocrx_word' id='word_1_365' title='bbox 967 5502 1085 5541; x_wconf 91' lang='lat' dir='ltr'><strong>mea</strong></span> <span class='ocrx_word' id='word_1_366' title='bbox 1115 5501 1275 5541; x_wconf 84' lang='lat' dir='ltr'><strong>sacro</strong></span> <span class='ocrx_word' id='word_1_367' title='bbox 1307 5486 1611 5538; x_wconf 85' lang='lat' dir='ltr'><strong>antistitum</strong></span> <span class='ocrx_word' id='word_1_368' title='bbox 1662 5484 2038 5538; x_wconf 86' lang='lat' dir='ltr'><strong>sustentaculo</strong></span> <span class='ocrx_word' id='word_1_369' title='bbox 2086 5484 2338 5554; x_wconf 86' lang='lat' dir='ltr'><strong>indigens</strong></span> 
     </span>
    </p>
   </div>
   <div class='ocr_carea' id='block_1_58' title="bbox 774 5575 2341 5645">
    <p class='ocr_par' dir='ltr' id='par_1_58' title="bbox 774 5575 2341 5645">
     <span class='ocr_line' id='line_1_58' title="bbox 774 5575 2341 5645; baseline -0.004 -12"><span class='ocrx_word' id='word_1_370' title='bbox 774 5583 840 5633; x_wconf 89' lang='lat' dir='ltr'><strong>ad</strong></span> <span class='ocrx_word' id='word_1_371' title='bbox 868 5582 1037 5635; x_wconf 87' lang='lat' dir='ltr'><strong>aciem</strong></span> <span class='ocrx_word' id='word_1_372' title='bbox 1070 5581 1334 5633; x_wconf 84' lang='lat' dir='ltr'><strong>adversus</strong></span> <span class='ocrx_word' id='word_1_373' title='bbox 1361 5592 1561 5631; x_wconf 87' lang='lat' dir='ltr'><strong>novum</strong></span> <span class='ocrx_word' id='word_1_374' title='bbox 1602 5577 1747 5630; x_wconf 89' lang='lat' dir='ltr'><strong>hunc</strong></span> <span class='ocrx_word' id='word_1_375' title='bbox 1782 5575 2038 5629; x_wconf 83' lang='lat' dir='ltr'><strong>Amalech</strong></span> <span class='ocrx_word' id='word_1_376' title='bbox 2082 5577 2341 5645; x_wconf 88' lang='lat' dir='ltr'><strong>proposi-</strong></span> 
     </span>
    </p>
   </div>
   <div class='ocr_carea' id='block_1_59' title="bbox 769 5669 2339 5741">
    <p class='ocr_par' dir='ltr' id='par_1_59' title="bbox 769 5669 2339 5741">
     <span class='ocr_line' id='line_1_59' title="bbox 769 5669 2339 5741; baseline -0.004 -12"><span class='ocrx_word' id='word_1_377' title='bbox 769 5682 885 5729; x_wconf 72' lang='lat' dir='ltr'><strong>tum</strong></span> <span class='ocrx_word' id='word_1_378' title='bbox 908 5681 961 5725; x_wconf 87' lang='lat' dir='ltr'><strong>et</strong></span> <span class='ocrx_word' id='word_1_379' title='bbox 987 5672 1146 5727; x_wconf 87' lang='lat' dir='ltr'><strong>veluti</strong></span> <span class='ocrx_word' id='word_1_380' title='bbox 1166 5671 1457 5741; x_wconf 87' lang='lat' dir='ltr'><strong>quamdam</strong></span> <span class='ocrx_word' id='word_1_381' title='bbox 1481 5670 1618 5724; x_wconf 88' lang='lat' dir='ltr'><strong>lucis</strong></span> <span class='ocrx_word' id='word_1_382' title='bbox 1641 5671 1944 5723; x_wconf 86' lang='lat' dir='ltr'><strong>columnam</strong></span> <span class='ocrx_word' id='word_1_383' title='bbox 1975 5683 2169 5721; x_wconf 87' lang='lat' dir='ltr'><strong>novum</strong></span> <span class='ocrx_word' id='word_1_384' title='bbox 2197 5669 2339 5724; x_wconf 90' lang='lat' dir='ltr'><strong>hunc</strong></span> 
     </span>
    </p>
   </div>
   <div class='ocr_carea' id='block_1_60' title="bbox 772 5762 2336 5833">
    <p class='ocr_par' dir='ltr' id='par_1_60' title="bbox 772 5762 2336 5833">
     <span class='ocr_line' id='line_1_60' title="bbox 772 5762 2336 5833; baseline -0.005 -14"><span class='ocrx_word' id='word_1_385' title='bbox 772 5766 938 5819; x_wconf 63' lang='lat' dir='ltr'><strong>brari</strong></span> <span class='ocrx_word' id='word_1_386' title='bbox 985 5766 1397 5833; x_wconf 70' lang='lat' dir='ltr'><strong>prmccdentem.</strong></span> <span class='ocrx_word' id='word_1_387' title='bbox 1436 5775 1489 5817; x_wconf 89' lang='lat' dir='ltr'><strong>et</strong></span> <span class='ocrx_word' id='word_1_388' title='bbox 1535 5764 1652 5830; x_wconf 85' lang='lat' dir='ltr'><strong>ejus</strong></span> <span class='ocrx_word' id='word_1_389' title='bbox 1695 5778 1915 5831; x_wconf 88' lang='lat' dir='ltr'><strong>gressus</strong></span> <span class='ocrx_word' id='word_1_390' title='bbox 1967 5762 2336 5831; x_wconf 74' lang='lat' dir='ltr'><strong>dirigentem,</strong></span> 
     </span>
    </p>
   </div>
   <div class='ocr_carea' id='block_1_61' title="bbox 779 5851 2334 5929">
    <p class='ocr_par' dir='ltr' id='par_1_61' title="bbox 779 5851 2334 5929">
     <span class='ocr_line' id='line_1_61' title="bbox 779 5851 2334 5929; baseline -0.003 -21"><span class='ocrx_word' id='word_1_391' title='bbox 779 5874 969 5929; x_wconf 77' lang='lat' dir='ltr'><strong>preces</strong></span> <span class='ocrx_word' id='word_1_392' title='bbox 1007 5872 1195 5912; x_wconf 86' lang='lat' dir='ltr'><strong>eorum</strong></span> <span class='ocrx_word' id='word_1_393' title='bbox 1226 5863 1424 5911; x_wconf 67' lang='lat' dir='ltr'><strong>habere</strong></span> <span class='ocrx_word' id='word_1_394' title='bbox 1458 5858 1665 5921; x_wconf 84' lang='lat' dir='ltr'><strong>volens,</strong></span> <span class='ocrx_word' id='word_1_395' title='bbox 1692 5858 1831 5908; x_wconf 85' lang='lat' dir='ltr'><strong>hanc</strong></span> <span class='ocrx_word' id='word_1_396' title='bbox 1860 5864 2178 5922; x_wconf 71' lang='lat' dir='ltr'><strong>praesentem</strong></span> <span class='ocrx_word' id='word_1_397' title='bbox 2208 5851 2334 5905; x_wconf 83' lang='lat' dir='ltr'><strong>Bul-</strong></span> 
     </span>
    </p>
   </div>
   <div class='ocr_carea' id='block_1_62' title="bbox 2414 594 4013 670">
    <p class='ocr_par' dir='ltr' id='par_1_62' title="bbox 2414 594 4013 670">
     <span class='ocr_line' id='line_1_62' title="bbox 2414 594 4013 670; baseline -0.003 -20"><span class='ocrx_word' id='word_1_398' title='bbox 2414 598 2821 667; x_wconf 80' lang='grc' dir='ltr'><strong>ἐνεγράφησαν,</strong></span> <span class='ocrx_word' id='word_1_399' title='bbox 2853 598 2889 653; x_wconf 77' lang='grc' dir='ltr'>ἃ</span> <span class='ocrx_word' id='word_1_400' title='bbox 2922 599 3139 670; x_wconf 83' lang='grc' dir='ltr'>ἔχουσιν</span> <span class='ocrx_word' id='word_1_401' title='bbox 3170 596 3350 659; x_wconf 73' lang='grc' dir='ltr'>οὕτως</span> <span class='ocrx_word' id='word_1_402' title='bbox 3382 596 3521 666; x_wconf 72' lang='grc' dir='ltr'>πρὸς</span> <span class='ocrx_word' id='word_1_403' title='bbox 3550 596 3722 665; x_wconf 78' lang='grc' dir='ltr'>ὄνομα</span> <span class='ocrx_word' id='word_1_404' title='bbox 3746 613 3761 628; x_wconf 78' lang='grc' dir='ltr'><strong>ο</strong></span> <span class='ocrx_word' id='word_1_405' title='bbox 3820 596 3892 647; x_wconf 82' lang='grc' dir='ltr'><strong>ἐν</strong></span> <span class='ocrx_word' id='word_1_406' title='bbox 3930 594 4013 663; x_wconf 78' lang='grc' dir='ltr'>τῷ</span> 
     </span>
    </p>
   </div>
   <div class='ocr_carea' id='block_1_63' title="bbox 2414 688 4009 759">
    <p class='ocr_par' dir='ltr' id='par_1_63' title="bbox 2414 688 4009 759">
     <span class='ocr_line' id='line_1_63' title="bbox 2414 688 4009 759; baseline -0.003 -18"><span class='ocrx_word' id='word_1_407' title='bbox 2414 689 2612 757; x_wconf 80' lang='grc' dir='ltr'>θέματι</span> <span class='ocrx_word' id='word_1_408' title='bbox 2636 690 2884 759; x_wconf 75' lang='grc' dir='ltr'>Θρᾳκίας</span> <span class='ocrx_word' id='word_1_409' title='bbox 2916 692 3013 742; x_wconf 68' lang='grc' dir='ltr'><strong>καὶ</strong></span> <span class='ocrx_word' id='word_1_410' title='bbox 3060 690 3407 751; x_wconf 79' lang='grc' dir='ltr'><strong>Μακεδονίας</strong></span> <span class='ocrx_word' id='word_1_411' title='bbox 3428 688 3487 741; x_wconf 81' lang='grc' dir='ltr'>τὸ</span> <span class='ocrx_word' id='word_1_412' title='bbox 3510 688 3659 741; x_wconf 79' lang='grc' dir='ltr'>δεῖνα</span> <span class='ocrx_word' id='word_1_413' title='bbox 3694 688 3784 740; x_wconf 72' lang='grc' dir='ltr'><strong>καὶ</strong></span> <span class='ocrx_word' id='word_1_414' title='bbox 3819 689 4009 745; x_wconf 74' lang='grc' dir='ltr'>δεῖνα,</span> 
     </span>
    </p>
   </div>
   <div class='ocr_carea' id='block_1_64' title="bbox 2414 780 4013 851">
    <p class='ocr_par' dir='ltr' id='par_1_64' title="bbox 2414 780 4013 851">
     <span class='ocr_line' id='line_1_64' title="bbox 2414 780 4013 851; baseline -0.004 -16"><span class='ocrx_word' id='word_1_415' title='bbox 2414 782 2510 835; x_wconf 80' lang='grc' dir='ltr'>καὶ</span> <span class='ocrx_word' id='word_1_416' title='bbox 2542 782 2739 851; x_wconf 69' lang='grc' dir='ltr'>ἐφεξῆς</span> <span class='ocrx_word' id='word_1_417' title='bbox 2762 781 3057 849; x_wconf 78' lang='grc' dir='ltr'>καταλέγει</span> <span class='ocrx_word' id='word_1_418' title='bbox 3089 783 3158 834; x_wconf 76' lang='grc' dir='ltr'><strong>τὰ</strong></span> <span class='ocrx_word' id='word_1_419' title='bbox 3186 781 3421 851; x_wconf 85' lang='grc' dir='ltr'>ἀκίνητα</span> <span class='ocrx_word' id='word_1_420' title='bbox 3457 781 3653 834; x_wconf 84' lang='grc' dir='ltr'>πάντα.</span> <span class='ocrx_word' id='word_1_421' title='bbox 3719 780 3830 832; x_wconf 72' lang='grc' dir='ltr'><strong>Καὶ</strong></span> <span class='ocrx_word' id='word_1_422' title='bbox 3862 780 4013 848; x_wconf 66' lang='grc' dir='ltr'>μετὰ</span> 
     </span>
    </p>
   </div>
   <div class='ocr_carea' id='block_1_65' title="bbox 2412 871 4015 944">
    <p class='ocr_par' dir='ltr' id='par_1_65' title="bbox 2412 871 4015 944">
     <span class='ocr_line' id='line_1_65' title="bbox 2412 871 4015 944; baseline -0.003 -17"><span class='ocrx_word' id='word_1_423' title='bbox 2412 875 2510 944; x_wconf 81' lang='grc' dir='ltr'>τὴν</span> <span class='ocrx_word' id='word_1_424' title='bbox 2535 876 2743 927; x_wconf 83' lang='grc' dir='ltr'>τούτων</span> <span class='ocrx_word' id='word_1_425' title='bbox 2771 873 3154 941; x_wconf 84' lang='grc' dir='ltr'>ἁπαρίθμησίν</span> <span class='ocrx_word' id='word_1_426' title='bbox 3198 889 3400 941; x_wconf 78' lang='grc' dir='ltr'>φησιν’</span> <span class='ocrx_word' id='word_1_427' title='bbox 3434 872 3498 925; x_wconf 76' lang='lat' dir='ltr'><strong>Ol</strong></span> <span class='ocrx_word' id='word_1_428' title='bbox 3534 871 3809 940; x_wconf 84' lang='grc' dir='ltr'>πανταχοῦ</span> <span class='ocrx_word' id='word_1_429' title='bbox 3851 873 4015 939; x_wconf 70' lang='grc' dir='ltr'>εὑρι-</span> 
     </span>
    </p>
   </div>
   <div class='ocr_carea' id='block_1_66' title="bbox 2417 966 4012 1036">
    <p class='ocr_par' dir='ltr' id='par_1_66' title="bbox 2417 966 4012 1036">
     <span class='ocr_line' id='line_1_66' title="bbox 2417 966 4012 1036; baseline -0.004 -15"><span class='ocrx_word' id='word_1_430' title='bbox 2417 968 2673 1036; x_wconf 88' lang='grc' dir='ltr'>σκόμενοι</span> <span class='ocrx_word' id='word_1_431' title='bbox 2737 967 3127 1035; x_wconf 80' lang='grc' dir='ltr'>Στροϐιλιῶται</span> <span class='ocrx_word' id='word_1_432' title='bbox 3223 966 3492 1032; x_wconf 79' lang='grc' dir='ltr'>Ἰουδαῖοι,</span> <span class='ocrx_word' id='word_1_433' title='bbox 3544 967 3637 1018; x_wconf 74' lang='grc' dir='ltr'><strong>καὶ</strong></span> <span class='ocrx_word' id='word_1_434' title='bbox 3706 966 4012 1029; x_wconf 75' lang='grc' dir='ltr'>ἒξκουσεία</span> 
     </span>
    </p>
   </div>
   <div class='ocr_carea' id='block_1_67' title="bbox 2415 1053 4013 1127">
    <p class='ocr_par' dir='ltr' id='par_1_67' title="bbox 2415 1053 4013 1127">
     <span class='ocr_line' id='line_1_67' title="bbox 2415 1053 4013 1127; baseline -0.001 -16"><span class='ocrx_word' id='word_1_435' title='bbox 2415 1058 2617 1111; x_wconf 77' lang='grc' dir='ltr'><strong>πλοίων</strong></span> <span class='ocrx_word' id='word_1_436' title='bbox 2646 1059 2945 1127; x_wconf 84' lang='grc' dir='ltr'>χωρήσεως</span> <span class='ocrx_word' id='word_1_437' title='bbox 2976 1056 3235 1127; x_wconf 74' lang='grc' dir='ltr'><strong>χιλιάδων</strong></span> <span class='ocrx_word' id='word_1_438' title='bbox 3266 1056 3588 1126; x_wconf 87' lang='grc' dir='ltr'>τριάκοντα.</span> <span class='ocrx_word' id='word_1_439' title='bbox 3632 1053 3755 1106; x_wconf 70' lang='grc' dir='ltr'>Ἐπὶ</span> <span class='ocrx_word' id='word_1_440' title='bbox 3778 1056 4013 1109; x_wconf 58' lang='grc' dir='ltr'>τούτου</span> 
     </span>
    </p>
   </div>
   <div class='ocr_carea' id='block_1_68' title="bbox 2415 1147 4011 1220">
    <p class='ocr_par' dir='ltr' id='par_1_68' title="bbox 2415 1147 4011 1220">
     <span class='ocr_line' id='line_1_68' title="bbox 2415 1147 4011 1220; baseline -0.004 -16"><span class='ocrx_word' id='word_1_441' title='bbox 2415 1152 2551 1204; x_wconf 82' lang='grc' dir='ltr'>πᾶσι</span> <span class='ocrx_word' id='word_1_442' title='bbox 2581 1152 2642 1204; x_wconf 75' lang='grc' dir='ltr'>τὸ</span> <span class='ocrx_word' id='word_1_443' title='bbox 2689 1150 3122 1220; x_wconf 81' lang='grc' dir='ltr'>ἁπερικλόνητον</span> <span class='ocrx_word' id='word_1_444' title='bbox 3178 1150 3330 1219; x_wconf 73' lang='grc' dir='ltr'>ἔχειν</span> <span class='ocrx_word' id='word_1_445' title='bbox 3381 1148 3476 1201; x_wconf 74' lang='grc' dir='ltr'><strong>καὶ</strong></span> <span class='ocrx_word' id='word_1_446' title='bbox 3527 1147 3873 1201; x_wconf 83' lang='grc' dir='ltr'>ἀδιάσειστον</span> <span class='ocrx_word' id='word_1_447' title='bbox 3908 1148 4011 1216; x_wconf 72' lang='grc' dir='ltr'><strong>τὴν</strong></span> 
     </span>
    </p>
   </div>
   <div class='ocr_carea' id='block_1_69' title="bbox 2414 1240 4013 1313">
    <p class='ocr_par' dir='ltr' id='par_1_69' title="bbox 2414 1240 4013 1313">
     <span class='ocr_line' id='line_1_69' title="bbox 2414 1240 4013 1313; baseline -0.003 -18"><span class='ocrx_word' id='word_1_448' title='bbox 2414 1243 2676 1313; x_wconf 79' lang='grc' dir='ltr'><strong>Μεγάλην</strong></span> <span class='ocrx_word' id='word_1_449' title='bbox 2730 1244 3030 1311; x_wconf 75' lang='grc' dir='ltr'>ἐκκλησίαν</span> <span class='ocrx_word' id='word_1_450' title='bbox 3093 1242 3210 1295; x_wconf 59' lang='grc' dir='ltr'>καὶ</span> <span class='ocrx_word' id='word_1_451' title='bbox 3280 1242 3343 1293; x_wconf 75' lang='grc' dir='ltr'>τὸ</span> <span class='ocrx_word' id='word_1_452' title='bbox 3404 1241 3568 1311; x_wconf 80' lang='grc' dir='ltr'><strong>μέρος</strong></span> <span class='ocrx_word' id='word_1_453' title='bbox 3614 1240 3760 1293; x_wconf 79' lang='grc' dir='ltr'>ἅπαν</span> <span class='ocrx_word' id='word_1_454' title='bbox 3824 1242 4013 1306; x_wconf 78' lang='grc' dir='ltr'>αὐτῆς</span> 
     </span>
    </p>
   </div>
   <div class='ocr_carea' id='block_1_70' title="bbox 2416 1330 4012 1404">
    <p class='ocr_par' dir='ltr' id='par_1_70' title="bbox 2416 1330 4012 1404">
     <span class='ocr_line' id='line_1_70' title="bbox 2416 1330 4012 1404; baseline -0.006 -15"><span class='ocrx_word' id='word_1_455' title='bbox 2416 1338 2661 1399; x_wconf 75' lang='grc' dir='ltr'>θεσπίζει</span> <span class='ocrx_word' id='word_1_456' title='bbox 2691 1338 2751 1389; x_wconf 69' lang='grc' dir='ltr'>τὸ</span> <span class='ocrx_word' id='word_1_457' title='bbox 2776 1338 2978 1404; x_wconf 76' lang='grc' dir='ltr'>κράτος</span> <span class='ocrx_word' id='word_1_458' title='bbox 3008 1337 3192 1404; x_wconf 69' lang='grc' dir='ltr'>ἡμῶν,</span> <span class='ocrx_word' id='word_1_459' title='bbox 3244 1333 3620 1400; x_wconf 80' lang='grc' dir='ltr'>περιορισμῶν</span> <span class='ocrx_word' id='word_1_460' title='bbox 3668 1330 4012 1399; x_wconf 71' lang='grc' dir='ltr'>ὀφειλόντων</span> 
     </span>
    </p>
   </div>
   <div class='ocr_carea' id='block_1_71' title="bbox 2416 1424 4012 1501">
    <p class='ocr_par' dir='ltr' id='par_1_71' title="bbox 2416 1424 4012 1501">
     <span class='ocr_line' id='line_1_71' title="bbox 2416 1424 4012 1501; baseline -0.006 -18"><span class='ocrx_word' id='word_1_461' title='bbox 2416 1432 2685 1501; x_wconf 72' lang='grc' dir='ltr'>προϐῆναι</span> <span class='ocrx_word' id='word_1_462' title='bbox 2725 1429 3085 1497; x_wconf 78' lang='grc' dir='ltr'>λεπτομερῶν</span> <span class='ocrx_word' id='word_1_463' title='bbox 3108 1428 3260 1496; x_wconf 82' lang='grc' dir='ltr'><strong>παρά</strong></span> <span class='ocrx_word' id='word_1_464' title='bbox 3294 1427 3401 1478; x_wconf 87' lang='grc' dir='ltr'><strong>τῶν</strong></span> <span class='ocrx_word' id='word_1_465' title='bbox 3442 1426 3581 1477; x_wconf 67' lang='grc' dir='ltr'>κατὰ</span> <span class='ocrx_word' id='word_1_466' title='bbox 3627 1424 3835 1484; x_wconf 77' lang='grc' dir='ltr'><strong>τόπους</strong></span> <span class='ocrx_word' id='word_1_467' title='bbox 3862 1424 4012 1475; x_wconf 84' lang='grc' dir='ltr'>ἁνα-</span> 
     </span>
    </p>
   </div>
   <div class='ocr_carea' id='block_1_72' title="bbox 2415 1516 4011 1594">
    <p class='ocr_par' dir='ltr' id='par_1_72' title="bbox 2415 1516 4011 1594">
     <span class='ocr_line' id='line_1_72' title="bbox 2415 1516 4011 1594; baseline -0.007 -18"><span class='ocrx_word' id='word_1_468' title='bbox 2415 1523 2687 1594; x_wconf 76' lang='grc' dir='ltr'>γραφέων,</span> <span class='ocrx_word' id='word_1_469' title='bbox 2722 1523 2795 1582; x_wconf 82' lang='grc' dir='ltr'><strong>ὡς</strong></span> <span class='ocrx_word' id='word_1_470' title='bbox 2820 1521 3078 1583; x_wconf 81' lang='grc' dir='ltr'>πολλάκις</span> <span class='ocrx_word' id='word_1_471' title='bbox 3096 1520 3439 1586; x_wconf 82' lang='grc' dir='ltr'>διείληπται’</span> <span class='ocrx_word' id='word_1_472' title='bbox 3469 1516 3609 1585; x_wconf 83' lang='grc' dir='ltr'>πλὴν</span> <span class='ocrx_word' id='word_1_473' title='bbox 3659 1518 3725 1584; x_wconf 76' lang='grc' dir='ltr'>τῇ</span> <span class='ocrx_word' id='word_1_474' title='bbox 3769 1516 4011 1583; x_wconf 70' lang='grc' dir='ltr'>τοιαύτη</span> 
     </span>
    </p>
   </div>
   <div class='ocr_carea' id='block_1_73' title="bbox 2416 1608 4013 1683">
    <p class='ocr_par' dir='ltr' id='par_1_73' title="bbox 2416 1608 4013 1683">
     <span class='ocr_line' id='line_1_73' title="bbox 2416 1608 4013 1683; baseline -0.006 -16"><span class='ocrx_word' id='word_1_475' title='bbox 2416 1616 2687 1683; x_wconf 79' lang='grc' dir='ltr'>προφάσει</span> <span class='ocrx_word' id='word_1_476' title='bbox 2722 1613 2820 1666; x_wconf 90' lang='grc' dir='ltr'><strong>οὐκ</strong></span> <span class='ocrx_word' id='word_1_477' title='bbox 2844 1613 3058 1678; x_wconf 79' lang='grc' dir='ltr'>ἐξέσται</span> <span class='ocrx_word' id='word_1_478' title='bbox 3108 1613 3220 1674; x_wconf 85' lang='grc' dir='ltr'>τοῖς</span> <span class='ocrx_word' id='word_1_479' title='bbox 3243 1610 3562 1680; x_wconf 82' lang='grc' dir='ltr'>δηλωθεϊσιν</span> <span class='ocrx_word' id='word_1_480' title='bbox 3583 1608 4013 1677; x_wconf 62' lang='grc' dir='ltr'>ἀπλαγραςεῦσιν</span> 
     </span>
    </p>
   </div>
   <div class='ocr_carea' id='block_1_74' title="bbox 2415 1700 4006 1774">
    <p class='ocr_par' dir='ltr' id='par_1_74' title="bbox 2415 1700 4006 1774">
     <span class='ocr_line' id='line_1_74' title="bbox 2415 1700 4006 1774; baseline -0.006 -14"><span class='ocrx_word' id='word_1_481' title='bbox 2415 1708 2445 1774; x_wconf 84' lang='grc' dir='ltr'>ἢ</span> <span class='ocrx_word' id='word_1_482' title='bbox 2483 1706 2749 1760; x_wconf 60' lang='grc' dir='ltr'>καπηλικὸν</span> <span class='ocrx_word' id='word_1_483' title='bbox 2790 1707 3097 1773; x_wconf 81' lang='grc' dir='ltr'>ἀπαιτῆσαι</span> <span class='ocrx_word' id='word_1_484' title='bbox 3144 1704 3177 1771; x_wconf 82' lang='grc' dir='ltr'><strong>ἦ</strong></span> <span class='ocrx_word' id='word_1_485' title='bbox 3221 1704 3596 1773; x_wconf 83' lang='grc' dir='ltr'>μετρητίκιον.</span> <span class='ocrx_word' id='word_1_486' title='bbox 3622 1702 3655 1771; x_wconf 81' lang='grc' dir='ltr'><strong>ἢ</strong></span> <span class='ocrx_word' id='word_1_487' title='bbox 3682 1702 3895 1771; x_wconf 77' lang='grc' dir='ltr'>χρειῶν</span> <span class='ocrx_word' id='word_1_488' title='bbox 3928 1700 4006 1751; x_wconf 75' lang='grc' dir='ltr'>δό-</span> 
     </span>
    </p>
   </div>
   <div class='ocr_carea' id='block_1_75' title="bbox 2418 1793 4016 1867">
    <p class='ocr_par' dir='ltr' id='par_1_75' title="bbox 2418 1793 4016 1867">
     <span class='ocr_line' id='line_1_75' title="bbox 2418 1793 4016 1867; baseline -0.004 -18"><span class='ocrx_word' id='word_1_489' title='bbox 2418 1816 2524 1862; x_wconf 83' lang='grc' dir='ltr'>σιν,</span> <span class='ocrx_word' id='word_1_490' title='bbox 2556 1799 2588 1866; x_wconf 80' lang='grc' dir='ltr'><strong>ἢ</strong></span> <span class='ocrx_word' id='word_1_491' title='bbox 2619 1800 2814 1867; x_wconf 79' lang='grc' dir='ltr'>ἑτέραν</span> <span class='ocrx_word' id='word_1_492' title='bbox 2831 1797 3212 1867; x_wconf 76' lang='grc' dir='ltr'>όποιανδήτινα</span> <span class='ocrx_word' id='word_1_493' title='bbox 3252 1794 3540 1863; x_wconf 77' lang='grc' dir='ltr'>εἴσπραξιν</span> <span class='ocrx_word' id='word_1_494' title='bbox 3571 1793 3678 1846; x_wconf 80' lang='grc' dir='ltr'><strong>ἀπὸ</strong></span> <span class='ocrx_word' id='word_1_495' title='bbox 3708 1793 3815 1845; x_wconf 87' lang='grc' dir='ltr'><strong>τῶν</strong></span> <span class='ocrx_word' id='word_1_496' title='bbox 3840 1795 4016 1843; x_wconf 76' lang='grc' dir='ltr'>ὁπου-</span> 
     </span>
    </p>
   </div>
   <div class='ocr_carea' id='block_1_76' title="bbox 2418 1884 4017 1960">
    <p class='ocr_par' dir='ltr' id='par_1_76' title="bbox 2418 1884 4017 1960">
     <span class='ocr_line' id='line_1_76' title="bbox 2418 1884 4017 1960; baseline -0.006 -17"><span class='ocrx_word' id='word_1_497' title='bbox 2418 1892 2619 1960; x_wconf 85' lang='grc' dir='ltr'>δήποτε</span> <span class='ocrx_word' id='word_1_498' title='bbox 2676 1890 2952 1957; x_wconf 82' lang='grc' dir='ltr'>ἀκινήτων</span> <span class='ocrx_word' id='word_1_499' title='bbox 3004 1890 3211 1957; x_wconf 84' lang='grc' dir='ltr'>αὑτῆς’</span> <span class='ocrx_word' id='word_1_500' title='bbox 3256 1888 3372 1943; x_wconf 84' lang='grc' dir='ltr'>ἀλλ’</span> <span class='ocrx_word' id='word_1_501' title='bbox 3444 1888 3572 1941; x_wconf 83' lang='grc' dir='ltr'>ἄνευ</span> <span class='ocrx_word' id='word_1_502' title='bbox 3614 1887 3713 1953; x_wconf 69' lang='grc' dir='ltr'><strong>τῆς</strong></span> <span class='ocrx_word' id='word_1_503' title='bbox 3778 1884 4017 1937; x_wconf 74' lang='grc' dir='ltr'>οἱασοῦν</span> 
     </span>
    </p>
   </div>
   <div class='ocr_carea' id='block_1_77' title="bbox 2422 1978 4017 2053">
    <p class='ocr_par' dir='ltr' id='par_1_77' title="bbox 2422 1978 4017 2053">
     <span class='ocr_line' id='line_1_77' title="bbox 2422 1978 4017 2053; baseline -0.006 -16"><span class='ocrx_word' id='word_1_504' title='bbox 2422 1984 2785 2053; x_wconf 78' lang='grc' dir='ltr'>συνεισφορᾶς</span> <span class='ocrx_word' id='word_1_505' title='bbox 2831 2000 2891 2035; x_wconf 88' lang='grc' dir='ltr'><strong>τε</strong></span> <span class='ocrx_word' id='word_1_506' title='bbox 2929 1983 3023 2034; x_wconf 74' lang='grc' dir='ltr'><strong>καὶ</strong></span> <span class='ocrx_word' id='word_1_507' title='bbox 3076 1984 3435 2051; x_wconf 76' lang='grc' dir='ltr'>ἀπαιτήσεως</span> <span class='ocrx_word' id='word_1_508' title='bbox 3493 1982 3622 2041; x_wconf 66' lang='grc' dir='ltr'>τοὺς</span> <span class='ocrx_word' id='word_1_509' title='bbox 3660 1978 4017 2046; x_wconf 60' lang='grc' dir='ltr'>δηλωθέντας</span> 
     </span>
    </p>
   </div>
   <div class='ocr_carea' id='block_1_78' title="bbox 2422 2069 4017 2146">
    <p class='ocr_par' dir='ltr' id='par_1_78' title="bbox 2422 2069 4017 2146">
     <span class='ocr_line' id='line_1_78' title="bbox 2422 2069 4017 2146; baseline -0.006 -20"><span class='ocrx_word' id='word_1_510' title='bbox 2422 2073 2816 2146; x_wconf 77' lang='grc' dir='ltr'>περιορισμούς</span> <span class='ocrx_word' id='word_1_511' title='bbox 2863 2072 3286 2125; x_wconf 83' lang='grc' dir='ltr'>συντελέσουσι·</span> <span class='ocrx_word' id='word_1_512' title='bbox 3341 2071 3436 2124; x_wconf 75' lang='grc' dir='ltr'>τοῦ</span> <span class='ocrx_word' id='word_1_513' title='bbox 3488 2069 4017 2137; x_wconf 72' lang='grc' dir='ltr'>κατατολμήσνιντος</span> 
     </span>
    </p>
   </div>
   <div class='ocr_carea' id='block_1_79' title="bbox 2423 2161 4019 2234">
    <p class='ocr_par' dir='ltr' id='par_1_79' title="bbox 2423 2161 4019 2234">
     <span class='ocr_line' id='line_1_79' title="bbox 2423 2161 4019 2234; baseline -0.006 -15"><span class='ocrx_word' id='word_1_514' title='bbox 2423 2165 2692 2234; x_wconf 75' lang='grc' dir='ltr'>ἀθετῆσαι</span> <span class='ocrx_word' id='word_1_515' title='bbox 2726 2182 2780 2217; x_wconf 85' lang='grc' dir='ltr'><strong>τι</strong></span> <span class='ocrx_word' id='word_1_516' title='bbox 2836 2164 2943 2216; x_wconf 88' lang='grc' dir='ltr'><strong>τῶν</strong></span> <span class='ocrx_word' id='word_1_517' title='bbox 2984 2163 3363 2232; x_wconf 80' lang='grc' dir='ltr'>διωρισμένων</span> <span class='ocrx_word' id='word_1_518' title='bbox 3407 2162 3485 2230; x_wconf 81' lang='grc' dir='ltr'><strong>τῷ</strong></span> <span class='ocrx_word' id='word_1_519' title='bbox 3534 2161 3770 2231; x_wconf 73' lang='grc' dir='ltr'>παρόντι</span> <span class='ocrx_word' id='word_1_520' title='bbox 3809 2176 4019 2227; x_wconf 72' lang='grc' dir='ltr'>χρυσο-</span> 
     </span>
    </p>
   </div>
   <div class='ocr_carea' id='block_1_80' title="bbox 2424 2251 4022 2325">
    <p class='ocr_par' dir='ltr' id='par_1_80' title="bbox 2424 2251 4022 2325">
     <span class='ocr_line' id='line_1_80' title="bbox 2424 2251 4022 2325; baseline -0.004 -17"><span class='ocrx_word' id='word_1_521' title='bbox 2424 2256 2633 2325; x_wconf 74' lang='grc' dir='ltr'>ϐοὐλλῳ</span> <span class='ocrx_word' id='word_1_522' title='bbox 2665 2255 2809 2324; x_wconf 83' lang='grc' dir='ltr'>λόγῳ</span> <span class='ocrx_word' id='word_1_523' title='bbox 2836 2254 2935 2322; x_wconf 87' lang='grc' dir='ltr'><strong>τῆς</strong></span> <span class='ocrx_word' id='word_1_524' title='bbox 2969 2253 3250 2323; x_wconf 73' lang='grc' dir='ltr'>βασιλείας</span> <span class='ocrx_word' id='word_1_525' title='bbox 3283 2272 3407 2323; x_wconf 85' lang='grc' dir='ltr'>μου,</span> <span class='ocrx_word' id='word_1_526' title='bbox 3450 2254 3587 2319; x_wconf 76' lang='grc' dir='ltr'>πρὸς</span> <span class='ocrx_word' id='word_1_527' title='bbox 3610 2252 3687 2321; x_wconf 85' lang='grc' dir='ltr'>τῷ</span> <span class='ocrx_word' id='word_1_528' title='bbox 3716 2251 3815 2320; x_wconf 77' lang='grc' dir='ltr'>τὴν</span> <span class='ocrx_word' id='word_1_529' title='bbox 3862 2251 4022 2319; x_wconf 78' lang='grc' dir='ltr'>βασι-</span> 
     </span>
    </p>
   </div>
   <div class='ocr_carea' id='block_1_81' title="bbox 2421 2344 4021 2416">
    <p class='ocr_par' dir='ltr' id='par_1_81' title="bbox 2421 2344 4021 2416">
     <span class='ocr_line' id='line_1_81' title="bbox 2421 2344 4021 2416; baseline -0.004 -16"><span class='ocrx_word' id='word_1_530' title='bbox 2421 2348 2580 2416; x_wconf 86' lang='grc' dir='ltr'>λικὴν</span> <span class='ocrx_word' id='word_1_531' title='bbox 2605 2346 3014 2415; x_wconf 79' lang='grc' dir='ltr'>ὑποστήσεσθαι</span> <span class='ocrx_word' id='word_1_532' title='bbox 3033 2346 3436 2413; x_wconf 80' lang='grc' dir='ltr'>ἀγανάκτησιν,</span> <span class='ocrx_word' id='word_1_533' title='bbox 3462 2344 3767 2413; x_wconf 80' lang='grc' dir='ltr'>ὑποστῆναι</span> <span class='ocrx_word' id='word_1_534' title='bbox 3799 2346 4021 2413; x_wconf 49' lang='lat' dir='ltr'><strong>3909m-</strong></span> 
     </span>
    </p>
   </div>
   <div class='ocr_carea' id='block_1_82' title="bbox 2426 2435 4022 2510">
    <p class='ocr_par' dir='ltr' id='par_1_82' title="bbox 2426 2435 4022 2510">
     <span class='ocr_line' id='line_1_82' title="bbox 2426 2435 4022 2510; baseline -0.003 -19"><span class='ocrx_word' id='word_1_535' title='bbox 2426 2441 2593 2510; x_wconf 82' lang='grc' dir='ltr'>μένου</span> <span class='ocrx_word' id='word_1_536' title='bbox 2623 2440 2716 2491; x_wconf 81' lang='grc' dir='ltr'><strong>καὶ</strong></span> <span class='ocrx_word' id='word_1_537' title='bbox 2740 2439 2887 2490; x_wconf 85' lang='grc' dir='ltr'>δόσιν</span> <span class='ocrx_word' id='word_1_538' title='bbox 2920 2438 3227 2506; x_wconf 81' lang='grc' dir='ltr'>προστίμου</span> <span class='ocrx_word' id='word_1_539' title='bbox 3254 2437 3455 2505; x_wconf 81' lang='grc' dir='ltr'>λιτρῶν</span> <span class='ocrx_word' id='word_1_540' title='bbox 3483 2435 3831 2505; x_wconf 85' lang='grc' dir='ltr'>ὐπερπύρων</span> <span class='ocrx_word' id='word_1_541' title='bbox 3864 2438 4022 2502; x_wconf 77' lang='grc' dir='ltr'>τρια-</span> 
     </span>
    </p>
   </div>
   <div class='ocr_carea' id='block_1_83' title="bbox 2422 2525 4023 2598">
    <p class='ocr_par' dir='ltr' id='par_1_83' title="bbox 2422 2525 4023 2598">
     <span class='ocr_line' id='line_1_83' title="bbox 2422 2525 4023 2598; baseline -0.006 -13"><span class='ocrx_word' id='word_1_542' title='bbox 2422 2548 2611 2598; x_wconf 85' lang='grc' dir='ltr'>κοντα,</span> <span class='ocrx_word' id='word_1_543' title='bbox 2647 2529 3181 2598; x_wconf 74' lang='grc' dir='ltr'>ἁπαιτηθησομένων</span> <span class='ocrx_word' id='word_1_544' title='bbox 3209 2528 3553 2598; x_wconf 84' lang='grc' dir='ltr'>άσυμπαθῶς</span> <span class='ocrx_word' id='word_1_545' title='bbox 3575 2528 3635 2591; x_wconf 78' lang='grc' dir='ltr'><strong>ἐξ</strong></span> <span class='ocrx_word' id='word_1_546' title='bbox 3661 2525 3830 2580; x_wconf 78' lang='grc' dir='ltr'>αὐτοῦ</span> <span class='ocrx_word' id='word_1_547' title='bbox 3862 2531 4023 2594; x_wconf 62' lang='grc' dir='ltr'>παρα</span> 
     </span>
    </p>
   </div>
   <div class='ocr_carea' id='block_1_84' title="bbox 2425 2619 4023 2690">
    <p class='ocr_par' dir='ltr' id='par_1_84' title="bbox 2425 2619 4023 2690">
     <span class='ocr_line' id='line_1_84' title="bbox 2425 2619 4023 2690; baseline -0.003 -17"><span class='ocrx_word' id='word_1_548' title='bbox 2425 2623 2518 2675; x_wconf 66' lang='grc' dir='ltr'><strong>τοῦ</strong></span> <span class='ocrx_word' id='word_1_549' title='bbox 2580 2622 2839 2690; x_wconf 87' lang='grc' dir='ltr'>σεκρέτου</span> <span class='ocrx_word' id='word_1_550' title='bbox 2896 2621 3005 2672; x_wconf 87' lang='grc' dir='ltr'><strong>τῶν</strong></span> <span class='ocrx_word' id='word_1_551' title='bbox 3063 2621 3281 2671; x_wconf 73' lang='grc' dir='ltr'>οἰκείων</span> <span class='ocrx_word' id='word_1_552' title='bbox 3341 2622 3405 2673; x_wconf 76' lang='grc' dir='ltr'><strong>ἐκ</strong></span> <span class='ocrx_word' id='word_1_553' title='bbox 3459 2619 3888 2690; x_wconf 74' lang='grc' dir='ltr'>προσελεύσεως</span> <span class='ocrx_word' id='word_1_554' title='bbox 3926 2620 4023 2685; x_wconf 71' lang='grc' dir='ltr'><strong>τῆς</strong></span> 
     </span>
    </p>
   </div>
   <div class='ocr_carea' id='block_1_85' title="bbox 2427 2712 4023 2783">
    <p class='ocr_par' dir='ltr' id='par_1_85' title="bbox 2427 2712 4023 2783">
     <span class='ocr_line' id='line_1_85' title="bbox 2427 2712 4023 2783; baseline -0.004 -14"><span class='ocrx_word' id='word_1_555' title='bbox 2427 2716 2740 2783; x_wconf 77' lang='grc' dir='ltr'>ἁγιωτάτης</span> <span class='ocrx_word' id='word_1_556' title='bbox 2799 2714 3061 2782; x_wconf 84' lang='grc' dir='ltr'>Μεγάλης</span> <span class='ocrx_word' id='word_1_557' title='bbox 3124 2714 3443 2781; x_wconf 80' lang='grc' dir='ltr'>ἐκκλησίας,</span> <span class='ocrx_word' id='word_1_558' title='bbox 3499 2713 3575 2775; x_wconf 85' lang='grc' dir='ltr'>ὼς</span> <span class='ocrx_word' id='word_1_559' title='bbox 3627 2712 3858 2782; x_wconf 78' lang='grc' dir='ltr'>βεϐαίου</span> <span class='ocrx_word' id='word_1_560' title='bbox 3924 2714 4023 2764; x_wconf 78' lang='grc' dir='ltr'><strong>καὶ</strong></span> 
     </span>
    </p>
   </div>
   <div class='ocr_carea' id='block_1_86' title="bbox 2427 2805 4026 2878">
    <p class='ocr_par' dir='ltr' id='par_1_86' title="bbox 2427 2805 4026 2878">
     <span class='ocr_line' id='line_1_86' title="bbox 2427 2805 4026 2878; baseline -0.004 -15"><span class='ocrx_word' id='word_1_561' title='bbox 2427 2808 2703 2878; x_wconf 69' lang='grc' dir='ltr'>ἀσφαλοῦς</span> <span class='ocrx_word' id='word_1_562' title='bbox 2732 2809 2827 2861; x_wconf 80' lang='grc' dir='ltr'>τοῦ</span> <span class='ocrx_word' id='word_1_563' title='bbox 2862 2810 3132 2878; x_wconf 84' lang='grc' dir='ltr'>παρόντος</span> <span class='ocrx_word' id='word_1_564' title='bbox 3159 2805 3557 2878; x_wconf 74' lang='grc' dir='ltr'>χρυσοεούλλου</span> <span class='ocrx_word' id='word_1_565' title='bbox 3597 2807 3762 2873; x_wconf 76' lang='grc' dir='ltr'>λόγου</span> <span class='ocrx_word' id='word_1_566' title='bbox 3793 2806 4026 2873; x_wconf 78' lang='grc' dir='ltr'>τυγχά-</span> 
     </span>
    </p>
   </div>
   <div class='ocr_carea' id='block_1_87' title="bbox 2426 2897 4029 2969">
    <p class='ocr_par' dir='ltr' id='par_1_87' title="bbox 2426 2897 4029 2969">
     <span class='ocr_line' id='line_1_87' title="bbox 2426 2897 4029 2969; baseline -0.004 -14"><span class='ocrx_word' id='word_1_567' title='bbox 2426 2919 2611 2965; x_wconf 76' lang='grc' dir='ltr'>νοντος</span> <span class='ocrx_word' id='word_1_568' title='bbox 2641 2903 3006 2969; x_wconf 87' lang='grc' dir='ltr'>γεγενημένου</span> <span class='ocrx_word' id='word_1_569' title='bbox 3042 2901 3185 2953; x_wconf 87' lang='grc' dir='ltr'><strong>κατά</strong></span> <span class='ocrx_word' id='word_1_570' title='bbox 3233 2898 3343 2950; x_wconf 84' lang='grc' dir='ltr'><strong>τῶν</strong></span> <span class='ocrx_word' id='word_1_571' title='bbox 3386 2898 3695 2965; x_wconf 72' lang='grc' dir='ltr'>Αὐγούστου</span> <span class='ocrx_word' id='word_1_572' title='bbox 3739 2897 3896 2967; x_wconf 73' lang='grc' dir='ltr'>μῆνα</span> <span class='ocrx_word' id='word_1_573' title='bbox 3927 2897 4029 2962; x_wconf 76' lang='grc' dir='ltr'><strong>τῆς</strong></span> 
     </span>
    </p>
   </div>
   <div class='ocr_carea' id='block_1_88' title="bbox 2425 2982 4029 3059">
    <p class='ocr_par' dir='ltr' id='par_1_88' title="bbox 2425 2982 4029 3059">
     <span class='ocr_line' id='line_1_88' title="bbox 2425 2982 4029 3059; baseline -0.004 -14"><span class='ocrx_word' id='word_1_574' title='bbox 2425 2994 2472 3045; x_wconf 88' lang='grc' dir='ltr'>α’</span> <span class='ocrx_word' id='word_1_575' title='bbox 2510 2992 2839 3054; x_wconf 83' lang='grc' dir='ltr'>ίνδικτιῶνος</span> <span class='ocrx_word' id='word_1_576' title='bbox 2868 2991 2963 3043; x_wconf 84' lang='grc' dir='ltr'>τοῦ</span> <span class='ocrx_word' id='word_1_577' title='bbox 3004 2991 3182 3059; x_wconf 81' lang='grc' dir='ltr'>,ςχξα’</span> <span class='ocrx_word' id='word_1_578' title='bbox 3207 2982 3511 3056; x_wconf 81' lang='grc' dir='ltr'>ἐτους,ἐνῷ</span> <span class='ocrx_word' id='word_1_579' title='bbox 3533 2990 3629 3041; x_wconf 83' lang='grc' dir='ltr'>καὶ</span> <span class='ocrx_word' id='word_1_580' title='bbox 3660 2988 3723 3040; x_wconf 82' lang='grc' dir='ltr'>τὸ</span> <span class='ocrx_word' id='word_1_581' title='bbox 3741 2990 4029 3058; x_wconf 79' lang='grc' dir='ltr'>ἡμέτερον</span> 
     </span>
    </p>
   </div>
   <div class='ocr_carea' id='block_1_89' title="bbox 2425 3082 4027 3151">
    <p class='ocr_par' dir='ltr' id='par_1_89' title="bbox 2425 3082 4027 3151">
     <span class='ocr_line' id='line_1_89' title="bbox 2425 3082 4027 3151; baseline -0.002 -14"><span class='ocrx_word' id='word_1_582' title='bbox 2425 3086 2648 3147; x_wconf 78' lang='grc' dir='ltr'>εὐσεϐὲς</span> <span class='ocrx_word' id='word_1_583' title='bbox 2700 3085 2795 3136; x_wconf 80' lang='grc' dir='ltr'><strong>καὶ</strong></span> <span class='ocrx_word' id='word_1_584' title='bbox 2870 3082 3272 3151; x_wconf 79' lang='grc' dir='ltr'>θεοπρόὸλητον</span> <span class='ocrx_word' id='word_1_585' title='bbox 3324 3082 3721 3151; x_wconf 75' lang='grc' dir='ltr'>ὕπεσημήνατο</span> <span class='ocrx_word' id='word_1_586' title='bbox 3790 3082 4027 3150; x_wconf 81' lang='grc' dir='ltr'>κράτος.</span> 
     </span>
    </p>
   </div>
   <div class='ocr_carea' id='block_1_90' title="bbox 2426 3170 4031 3244">
    <p class='ocr_par' dir='ltr' id='par_1_90' title="bbox 2426 3170 4031 3244">
     <span class='ocr_line' id='line_1_90' title="bbox 2426 3170 4031 3244; baseline -0.004 -18"><span class='ocrx_word' id='word_1_587' title='bbox 2426 3174 2660 3244; x_wconf 84' lang='grc' dir='ltr'>Προσέτι</span> <span class='ocrx_word' id='word_1_588' title='bbox 2702 3172 2916 3234; x_wconf 79' lang='grc' dir='ltr'>τούτοις</span> <span class='ocrx_word' id='word_1_589' title='bbox 2969 3171 3217 3239; x_wconf 85' lang='grc' dir='ltr'>ἁπέλύθη</span> <span class='ocrx_word' id='word_1_590' title='bbox 3251 3171 3345 3223; x_wconf 76' lang='grc' dir='ltr'><strong>καὶ</strong></span> <span class='ocrx_word' id='word_1_591' title='bbox 3396 3170 3584 3239; x_wconf 78' lang='grc' dir='ltr'>’ἐτερος</span> <span class='ocrx_word' id='word_1_592' title='bbox 3615 3170 4031 3240; x_wconf 74' lang='grc' dir='ltr'>χρυσόὸουλλος</span> 
     </span>
    </p>
   </div>
   <div class='ocr_carea' id='block_1_91' title="bbox 2426 3264 4031 3339">
    <p class='ocr_par' dir='ltr' id='par_1_91' title="bbox 2426 3264 4031 3339">
     <span class='ocr_line' id='line_1_91' title="bbox 2426 3264 4031 3339; baseline -0.002 -18"><span class='ocrx_word' id='word_1_593' title='bbox 2426 3269 2581 3337; x_wconf 88' lang='grc' dir='ltr'>λόγος</span> <span class='ocrx_word' id='word_1_594' title='bbox 2608 3269 2703 3321; x_wconf 83' lang='grc' dir='ltr'><strong>τοῦ</strong></span> <span class='ocrx_word' id='word_1_595' title='bbox 2725 3268 2892 3321; x_wconf 80' lang='grc' dir='ltr'>αὐτοῦ</span> <span class='ocrx_word' id='word_1_596' title='bbox 2917 3266 3182 3339; x_wconf 76' lang='grc' dir='ltr'>κραταιοῦ</span> <span class='ocrx_word' id='word_1_597' title='bbox 3205 3269 3364 3335; x_wconf 87' lang='grc' dir='ltr'>ἁγίου</span> <span class='ocrx_word' id='word_1_598' title='bbox 3396 3267 3552 3336; x_wconf 81' lang='grc' dir='ltr'>ἡμῶν</span> <span class='ocrx_word' id='word_1_599' title='bbox 3570 3266 3846 3337; x_wconf 81' lang='grc' dir='ltr'>βασιλέως</span> <span class='ocrx_word' id='word_1_600' title='bbox 3878 3264 4031 3318; x_wconf 74' lang='grc' dir='ltr'>κατὰ</span> 
     </span>
    </p>
   </div>
   <div class='ocr_carea' id='block_1_92' title="bbox 2430 3351 4029 3427">
    <p class='ocr_par' dir='ltr' id='par_1_92' title="bbox 2430 3351 4029 3427">
     <span class='ocr_line' id='line_1_92' title="bbox 2430 3351 4029 3427; baseline -0.004 -18"><span class='ocrx_word' id='word_1_601' title='bbox 2430 3360 2576 3427; x_wconf 85' lang='grc' dir='ltr'>μῆνα</span> <span class='ocrx_word' id='word_1_602' title='bbox 2632 3356 2999 3426; x_wconf 76' lang='grc' dir='ltr'>Φεϐρουάριον</span> <span class='ocrx_word' id='word_1_603' title='bbox 3035 3357 3363 3416; x_wconf 78' lang='grc' dir='ltr'>ίνδικτιῶνος</span> <span class='ocrx_word' id='word_1_604' title='bbox 3390 3352 3479 3418; x_wconf 87' lang='grc' dir='ltr'>ια’,</span> <span class='ocrx_word' id='word_1_605' title='bbox 3510 3354 3605 3407; x_wconf 83' lang='grc' dir='ltr'>τοῦ</span> <span class='ocrx_word' id='word_1_606' title='bbox 3641 3351 3836 3423; x_wconf 55' lang='grc' dir='ltr'>,ςχνςί</span> <span class='ocrx_word' id='word_1_607' title='bbox 3862 3354 4029 3414; x_wconf 76' lang='grc' dir='ltr'>ἔτους</span> 
     </span>
    </p>
   </div>
   <div class='ocr_carea' id='block_1_93' title="bbox 2428 3444 4031 3517">
    <p class='ocr_par' dir='ltr' id='par_1_93' title="bbox 2428 3444 4031 3517">
     <span class='ocr_line' id='line_1_93' title="bbox 2428 3444 4031 3517; baseline -0.002 -16"><span class='ocrx_word' id='word_1_608' title='bbox 2428 3452 2455 3501; x_wconf 81' lang='grc' dir='ltr'><strong>ό</strong></span> <span class='ocrx_word' id='word_1_609' title='bbox 2491 3450 2585 3500; x_wconf 77' lang='grc' dir='ltr'>καὶ</span> <span class='ocrx_word' id='word_1_610' title='bbox 2610 3449 2767 3517; x_wconf 81' lang='grc' dir='ltr'>ἰατὴρ</span> <span class='ocrx_word' id='word_1_611' title='bbox 2786 3448 3097 3515; x_wconf 78' lang='grc' dir='ltr'>λεγόμενος,</span> <span class='ocrx_word' id='word_1_612' title='bbox 3120 3448 3194 3508; x_wconf 78' lang='grc' dir='ltr'>ὡς</span> <span class='ocrx_word' id='word_1_613' title='bbox 3217 3445 3445 3515; x_wconf 74' lang='grc' dir='ltr'>ἰώμενος</span> <span class='ocrx_word' id='word_1_614' title='bbox 3466 3447 3534 3498; x_wconf 79' lang='grc' dir='ltr'><strong>τά</strong></span> <span class='ocrx_word' id='word_1_615' title='bbox 3549 3446 3871 3516; x_wconf 80' lang='grc' dir='ltr'>χωλεύοντα</span> <span class='ocrx_word' id='word_1_616' title='bbox 3896 3444 4031 3504; x_wconf 75' lang='grc' dir='ltr'>ἴσως</span> 
     </span>
    </p>
   </div>
   <div class='ocr_carea' id='block_1_94' title="bbox 2428 3538 4031 3608">
    <p class='ocr_par' dir='ltr' id='par_1_94' title="bbox 2428 3538 4031 3608">
     <span class='ocr_line' id='line_1_94' title="bbox 2428 3538 4031 3608; baseline -0.004 -17"><span class='ocrx_word' id='word_1_617' title='bbox 2428 3541 2777 3608; x_wconf 83' lang='grc' dir='ltr'>δικαιώματα</span> <span class='ocrx_word' id='word_1_618' title='bbox 2822 3541 2931 3592; x_wconf 85' lang='grc' dir='ltr'><strong>τῶν</strong></span> <span class='ocrx_word' id='word_1_619' title='bbox 2976 3538 3293 3607; x_wconf 82' lang='grc' dir='ltr'>ἁπανταχοῦ</span> <span class='ocrx_word' id='word_1_620' title='bbox 3330 3538 3662 3606; x_wconf 80' lang='grc' dir='ltr'>ἐκκλησιῶν,</span> <span class='ocrx_word' id='word_1_621' title='bbox 3717 3538 4031 3589; x_wconf 76' lang='grc' dir='ltr'>ἐπσκοπῶν</span> 
     </span>
    </p>
   </div>
   <div class='ocr_carea' id='block_1_95' title="bbox 2429 3626 4031 3700">
    <p class='ocr_par' dir='ltr' id='par_1_95' title="bbox 2429 3626 4031 3700">
     <span class='ocr_line' id='line_1_95' title="bbox 2429 3626 4031 3700; baseline -0.002 -19"><span class='ocrx_word' id='word_1_622' title='bbox 2429 3632 2669 3699; x_wconf 75' lang='grc' dir='ltr'>δηλονότι</span> <span class='ocrx_word' id='word_1_623' title='bbox 2706 3632 2797 3682; x_wconf 76' lang='grc' dir='ltr'><strong>καὶ</strong></span> <span class='ocrx_word' id='word_1_624' title='bbox 2832 3632 3241 3700; x_wconf 81' lang='grc' dir='ltr'>μητροπόλεων,</span> <span class='ocrx_word' id='word_1_625' title='bbox 3273 3631 3367 3683; x_wconf 74' lang='grc' dir='ltr'><strong>καὶ</strong></span> <span class='ocrx_word' id='word_1_626' title='bbox 3407 3629 3578 3696; x_wconf 74' lang='grc' dir='ltr'>αὐτῆς</span> <span class='ocrx_word' id='word_1_627' title='bbox 3616 3626 3718 3694; x_wconf 74' lang='grc' dir='ltr'><strong>τῆς</strong></span> <span class='ocrx_word' id='word_1_628' title='bbox 3757 3628 4031 3696; x_wconf 73' lang='grc' dir='ltr'>Μεγάλης</span> 
     </span>
    </p>
   </div>
   <div class='ocr_carea' id='block_1_96' title="bbox 2434 3718 4028 3792">
    <p class='ocr_par' dir='ltr' id='par_1_96' title="bbox 2434 3718 4028 3792">
     <span class='ocr_line' id='line_1_96' title="bbox 2434 3718 4028 3792; baseline -0.004 -18"><span class='ocrx_word' id='word_1_629' title='bbox 2434 3723 2751 3792; x_wconf 79' lang='grc' dir='ltr'>ἐκκλησίας,</span> <span class='ocrx_word' id='word_1_630' title='bbox 2776 3722 2832 3783; x_wconf 81' lang='grc' dir='ltr'>ὃς</span> <span class='ocrx_word' id='word_1_631' title='bbox 2897 3723 2991 3772; x_wconf 74' lang='grc' dir='ltr'>καὶ</span> <span class='ocrx_word' id='word_1_632' title='bbox 3030 3723 3171 3773; x_wconf 82' lang='grc' dir='ltr'><strong>κατά</strong></span> <span class='ocrx_word' id='word_1_633' title='bbox 3204 3721 3357 3790; x_wconf 75' lang='grc' dir='ltr'>ῥῆμα</span> <span class='ocrx_word' id='word_1_634' title='bbox 3387 3719 3592 3772; x_wconf 77' lang='grc' dir='ltr'>οὑτωσὶ</span> <span class='ocrx_word' id='word_1_635' title='bbox 3630 3718 4028 3787; x_wconf 75' lang='grc' dir='ltr'>διαλαμϐάνει.</span> 
     </span>
    </p>
   </div>
   <div class='ocr_carea' id='block_1_97' title="bbox 2515 3810 4029 3883">
    <p class='ocr_par' dir='ltr' id='par_1_97' title="bbox 2515 3810 4029 3883">
     <span class='ocr_line' id='line_1_97' title="bbox 2515 3810 4029 3883; baseline -0.003 -16"><span class='ocrx_word' id='word_1_636' title='bbox 2515 3818 2572 3867; x_wconf 87' lang='grc' dir='ltr'><strong>Ὀ</strong></span> <span class='ocrx_word' id='word_1_637' title='bbox 2612 3819 2711 3883; x_wconf 80' lang='grc' dir='ltr'>μὲν</span> <span class='ocrx_word' id='word_1_638' title='bbox 2746 3814 2886 3882; x_wconf 71' lang='grc' dir='ltr'>μετὰ</span> <span class='ocrx_word' id='word_1_639' title='bbox 2925 3816 3165 3867; x_wconf 80' lang='grc' dir='ltr'>Μωῦσὲα</span> <span class='ocrx_word' id='word_1_640' title='bbox 3208 3814 3301 3866; x_wconf 77' lang='grc' dir='ltr'>τσῦ</span> <span class='ocrx_word' id='word_1_641' title='bbox 3335 3810 3595 3865; x_wconf 85' lang='grc' dir='ltr'>ἐκλεκτοῦ</span> <span class='ocrx_word' id='word_1_642' title='bbox 3627 3811 3769 3863; x_wconf 76' lang='grc' dir='ltr'>λαοῦ</span> <span class='ocrx_word' id='word_1_643' title='bbox 3814 3814 4029 3871; x_wconf 79' lang='grc' dir='ltr'>ἐκεῖνος</span> 
     </span>
    </p>
   </div>
   <div class='ocr_carea' id='block_1_98' title="bbox 2436 3904 4032 3976">
    <p class='ocr_par' dir='ltr' id='par_1_98' title="bbox 2436 3904 4032 3976">
     <span class='ocr_line' id='line_1_98' title="bbox 2436 3904 4032 3976; baseline -0.003 -17"><span class='ocrx_word' id='word_1_644' title='bbox 2436 3910 2742 3976; x_wconf 69' lang='grc' dir='ltr'>στρατηγὶς</span> <span class='ocrx_word' id='word_1_645' title='bbox 2785 3907 3009 3976; x_wconf 79' lang='grc' dir='ltr'>Ἰησοῦς.</span> <span class='ocrx_word' id='word_1_646' title='bbox 3048 3908 3114 3958; x_wconf 67' lang='grc' dir='ltr'><strong>τὰ</strong></span> <span class='ocrx_word' id='word_1_647' title='bbox 3151 3906 3545 3974; x_wconf 74' lang='grc' dir='ltr'>Ἱεριχούντεια</span> <span class='ocrx_word' id='word_1_648' title='bbox 3581 3904 3843 3957; x_wconf 76' lang='grc' dir='ltr'>καθελεῖν</span> <span class='ocrx_word' id='word_1_649' title='bbox 3882 3907 4032 3956; x_wconf 77' lang='grc' dir='ltr'>ἐπει-</span> 
     </span>
    </p>
   </div>
   <div class='ocr_carea' id='block_1_99' title="bbox 2435 3996 4032 4069">
    <p class='ocr_par' dir='ltr' id='par_1_99' title="bbox 2435 3996 4032 4069">
     <span class='ocr_line' id='line_1_99' title="bbox 2435 3996 4032 4069; baseline -0.004 -17"><span class='ocrx_word' id='word_1_650' title='bbox 2435 4001 2663 4069; x_wconf 81' lang='grc' dir='ltr'>γόμενος</span> <span class='ocrx_word' id='word_1_651' title='bbox 2696 3998 3055 4069; x_wconf 80' lang='grc' dir='ltr'>ὀχυρώματα,</span> <span class='ocrx_word' id='word_1_652' title='bbox 3106 4001 3221 4060; x_wconf 86' lang='grc' dir='ltr'>τοῖς</span> <span class='ocrx_word' id='word_1_653' title='bbox 3259 3998 3466 4067; x_wconf 77' lang='grc' dir='ltr'>ἱερεῦσι</span> <span class='ocrx_word' id='word_1_654' title='bbox 3502 3996 3695 4066; x_wconf 79' lang='grc' dir='ltr'>κύκλῳ</span> <span class='ocrx_word' id='word_1_655' title='bbox 3733 3996 4032 4059; x_wconf 70' lang='grc' dir='ltr'>σαλπίζειν</span> 
     </span>
    </p>
   </div>
   <div class='ocr_carea' id='block_1_100' title="bbox 2436 4089 4031 4159">
    <p class='ocr_par' dir='ltr' id='par_1_100' title="bbox 2436 4089 4031 4159">
     <span class='ocr_line' id='line_1_100' title="bbox 2436 4089 4031 4159; baseline -0.002 -15"><span class='ocrx_word' id='word_1_656' title='bbox 2436 4093 2682 4156; x_wconf 78' lang='grc' dir='ltr'>ἐκέλευε,</span> <span class='ocrx_word' id='word_1_657' title='bbox 2707 4093 2802 4145; x_wconf 81' lang='grc' dir='ltr'><strong>καὶ</strong></span> <span class='ocrx_word' id='word_1_658' title='bbox 2831 4092 3005 4153; x_wconf 72' lang='grc' dir='ltr'>οὕτως</span> <span class='ocrx_word' id='word_1_659' title='bbox 3029 4090 3347 4159; x_wconf 78' lang='grc' dir='ltr'>παραδόξως</span> <span class='ocrx_word' id='word_1_660' title='bbox 3370 4090 3467 4152; x_wconf 77' lang='grc' dir='ltr'><strong>τὰς</strong></span> <span class='ocrx_word' id='word_1_661' title='bbox 3492 4090 3602 4141; x_wconf 82' lang='grc' dir='ltr'><strong>τῶν</strong></span> <span class='ocrx_word' id='word_1_662' title='bbox 3629 4089 3842 4156; x_wconf 79' lang='grc' dir='ltr'>τειχῶν</span> <span class='ocrx_word' id='word_1_663' title='bbox 3866 4090 4031 4141; x_wconf 77' lang='grc' dir='ltr'>ἐπάλ·</span> 
     </span>
    </p>
   </div>
   <div class='ocr_carea' id='block_1_101' title="bbox 2438 4179 4028 4255">
    <p class='ocr_par' dir='ltr' id='par_1_101' title="bbox 2438 4179 4028 4255">
     <span class='ocr_line' id='line_1_101' title="bbox 2438 4179 4028 4255; baseline -0.004 -19"><span class='ocrx_word' id='word_1_664' title='bbox 2438 4188 2547 4250; x_wconf 84' lang='grc' dir='ltr'>ξεις</span> <span class='ocrx_word' id='word_1_665' title='bbox 2600 4185 2933 4255; x_wconf 76' lang='grc' dir='ltr'>κατέῤῥιπτε</span> <span class='ocrx_word' id='word_1_666' title='bbox 2958 4198 2972 4211; x_wconf 83' lang='grc'><em>’</em></span> <span class='ocrx_word' id='word_1_667' title='bbox 3014 4186 3080 4251; x_wconf 80' lang='grc' dir='ltr'>τῇ</span> <span class='ocrx_word' id='word_1_668' title='bbox 3116 4184 3171 4234; x_wconf 85' lang='grc' dir='ltr'>δὲ</span> <span class='ocrx_word' id='word_1_669' title='bbox 3200 4183 3295 4234; x_wconf 81' lang='grc' dir='ltr'>τοῦ</span> <span class='ocrx_word' id='word_1_670' title='bbox 3324 4183 3446 4233; x_wconf 87' lang='grc' dir='ltr'>νέου</span> <span class='ocrx_word' id='word_1_671' title='bbox 3495 4180 3572 4250; x_wconf 80' lang='grc' dir='ltr'>τῷ</span> <span class='ocrx_word' id='word_1_672' title='bbox 3606 4179 3731 4249; x_wconf 81' lang='grc' dir='ltr'><strong>Θεῴ</strong></span> <span class='ocrx_word' id='word_1_673' title='bbox 3766 4179 4028 4231; x_wconf 77' lang='grc' dir='ltr'>ἐκλεκτοῦ</span> 
     </span>
    </p>
   </div>
   <div class='ocr_carea' id='block_1_102' title="bbox 2436 4272 4031 4346">
    <p class='ocr_par' dir='ltr' id='par_1_102' title="bbox 2436 4272 4031 4346">
     <span class='ocr_line' id='line_1_102' title="bbox 2436 4272 4031 4346; baseline -0.007 -16"><span class='ocrx_word' id='word_1_674' title='bbox 2436 4278 2827 4346; x_wconf 72' lang='grc' dir='ltr'>καθηγουμένῃ</span> <span class='ocrx_word' id='word_1_675' title='bbox 2858 4276 3050 4326; x_wconf 73' lang='grc' dir='ltr'>τούτου</span> <span class='ocrx_word' id='word_1_676' title='bbox 3087 4274 3219 4326; x_wconf 84' lang='grc' dir='ltr'>λαοῦ</span> <span class='ocrx_word' id='word_1_677' title='bbox 3254 4272 3501 4341; x_wconf 75' lang='grc' dir='ltr'>βασιλεία</span> <span class='ocrx_word' id='word_1_678' title='bbox 3536 4289 3641 4341; x_wconf 87' lang='grc' dir='ltr'><strong>μου</strong></span> <span class='ocrx_word' id='word_1_679' title='bbox 3679 4274 3829 4339; x_wconf 75' lang='grc' dir='ltr'>μετὰ</span> <span class='ocrx_word' id='word_1_680' title='bbox 3864 4272 3957 4323; x_wconf 76' lang='grc' dir='ltr'><strong>τὸν</strong></span> <span class='ocrx_word' id='word_1_681' title='bbox 3978 4274 4031 4322; x_wconf 83' lang='grc' dir='ltr'><strong>ἐν</strong></span> 
     </span>
    </p>
   </div>
   <div class='ocr_carea' id='block_1_103' title="bbox 2440 4363 4028 4439">
    <p class='ocr_par' dir='ltr' id='par_1_103' title="bbox 2440 4363 4028 4439">
     <span class='ocr_line' id='line_1_103' title="bbox 2440 4363 4028 4439; baseline -0.005 -17"><span class='ocrx_word' id='word_1_682' title='bbox 2440 4371 2754 4439; x_wconf 80' lang='grc' dir='ltr'>βασιλεῦσιν</span> <span class='ocrx_word' id='word_1_683' title='bbox 2793 4370 3006 4421; x_wconf 80' lang='grc' dir='ltr'>ἐκεῖνον</span> <span class='ocrx_word' id='word_1_684' title='bbox 3039 4368 3198 4420; x_wconf 81' lang='grc' dir='ltr'>ἄλλον</span> <span class='ocrx_word' id='word_1_685' title='bbox 3239 4367 3479 4419; x_wconf 82' lang='grc' dir='ltr'>Μωῦσέα</span> <span class='ocrx_word' id='word_1_686' title='bbox 3501 4363 3604 4416; x_wconf 78' lang='grc' dir='ltr'>τοῦ</span> <span class='ocrx_word' id='word_1_687' title='bbox 3629 4364 3771 4416; x_wconf 88' lang='grc' dir='ltr'>λαοῦ</span> <span class='ocrx_word' id='word_1_688' title='bbox 3805 4365 4028 4432; x_wconf 73' lang='grc' dir='ltr'>σωτῆρα</span> 
     </span>
    </p>
   </div>
   <div class='ocr_carea' id='block_1_104' title="bbox 2441 4456 4028 4530">
    <p class='ocr_par' dir='ltr' id='par_1_104' title="bbox 2441 4456 4028 4530">
     <span class='ocr_line' id='line_1_104' title="bbox 2441 4456 4028 4530; baseline -0.005 -16"><span class='ocrx_word' id='word_1_689' title='bbox 2441 4465 2534 4514; x_wconf 77' lang='grc' dir='ltr'><strong>καὶ</strong></span> <span class='ocrx_word' id='word_1_690' title='bbox 2571 4461 2790 4530; x_wconf 72' lang='grc' dir='ltr'>ὁδηγὸν,</span> <span class='ocrx_word' id='word_1_691' title='bbox 2818 4460 2911 4513; x_wconf 86' lang='grc' dir='ltr'><strong>τὸν</strong></span> <span class='ocrx_word' id='word_1_692' title='bbox 2944 4460 3194 4529; x_wconf 78' lang='grc' dir='ltr'>ἀοίδιμον</span> <span class='ocrx_word' id='word_1_693' title='bbox 3221 4458 3366 4524; x_wconf 83' lang='grc' dir='ltr'>λέγω</span> <span class='ocrx_word' id='word_1_694' title='bbox 3418 4456 3697 4526; x_wconf 74' lang='grc' dir='ltr'>αὐθέντην</span> <span class='ocrx_word' id='word_1_695' title='bbox 3726 4456 3841 4525; x_wconf 83' lang='grc' dir='ltr'><strong>τῆς</strong></span> <span class='ocrx_word' id='word_1_696' title='bbox 3876 4456 4028 4526; x_wconf 81' lang='grc' dir='ltr'>βασι-</span> 
     </span>
    </p>
   </div>
   <div class='ocr_carea' id='block_1_105' title="bbox 2438 4548 4028 4622">
    <p class='ocr_par' dir='ltr' id='par_1_105' title="bbox 2438 4548 4028 4622">
     <span class='ocr_line' id='line_1_105' title="bbox 2438 4548 4028 4622; baseline -0.006 -17"><span class='ocrx_word' id='word_1_697' title='bbox 2438 4554 2587 4615; x_wconf 86' lang='grc' dir='ltr'>λείας</span> <span class='ocrx_word' id='word_1_698' title='bbox 2622 4571 2722 4622; x_wconf 74' lang='grc' dir='ltr'><strong>μου</strong></span> <span class='ocrx_word' id='word_1_699' title='bbox 2748 4553 2842 4604; x_wconf 76' lang='grc' dir='ltr'>καὶ</span> <span class='ocrx_word' id='word_1_700' title='bbox 2866 4553 3187 4620; x_wconf 80' lang='grc' dir='ltr'>γεννήτορά,</span> <span class='ocrx_word' id='word_1_701' title='bbox 3220 4549 3410 4619; x_wconf 81' lang='grc' dir='ltr'>ὥσπερ</span> <span class='ocrx_word' id='word_1_702' title='bbox 3432 4549 3553 4600; x_wconf 77' lang='grc' dir='ltr'>τινὰ</span> <span class='ocrx_word' id='word_1_703' title='bbox 3585 4549 3753 4619; x_wconf 80' lang='grc' dir='ltr'>τείχη</span> <span class='ocrx_word' id='word_1_704' title='bbox 3782 4548 4028 4601; x_wconf 77' lang='grc' dir='ltr'>καθελεῖν</span> 
     </span>
    </p>
   </div>
   <div class='ocr_carea' id='block_1_106' title="bbox 2442 4641 4029 4717">
    <p class='ocr_par' dir='ltr' id='par_1_106' title="bbox 2442 4641 4029 4717">
     <span class='ocr_line' id='line_1_106' title="bbox 2442 4641 4029 4717; baseline -0.005 -18"><span class='ocrx_word' id='word_1_705' title='bbox 2442 4646 2779 4717; x_wconf 81' lang='grc' dir='ltr'>ἐπειγομένῃ</span> <span class='ocrx_word' id='word_1_706' title='bbox 2827 4643 3236 4714; x_wconf 81' lang='grc' dir='ltr'>’1εριχούντεια,</span> <span class='ocrx_word' id='word_1_707' title='bbox 3275 4643 3375 4705; x_wconf 81' lang='grc' dir='ltr'><strong>τάς</strong></span> <span class='ocrx_word' id='word_1_708' title='bbox 3410 4641 3502 4693; x_wconf 78' lang='grc' dir='ltr'>τοῦ</span> <span class='ocrx_word' id='word_1_709' title='bbox 3538 4642 3728 4693; x_wconf 79' lang='grc' dir='ltr'>κοινοῦ</span> <span class='ocrx_word' id='word_1_710' title='bbox 3756 4642 3877 4694; x_wconf 85' lang='grc' dir='ltr'><strong>τῶν</strong></span> <span class='ocrx_word' id='word_1_711' title='bbox 3906 4643 4029 4711; x_wconf 71' lang='grc' dir='ltr'>Χρι-</span> 
     </span>
    </p>
   </div>
   <div class='ocr_carea' id='block_1_107' title="bbox 2444 4731 4027 4806">
    <p class='ocr_par' dir='ltr' id='par_1_107' title="bbox 2444 4731 4027 4806">
     <span class='ocr_line' id='line_1_107' title="bbox 2444 4731 4027 4806; baseline -0.004 -15"><span class='ocrx_word' id='word_1_712' title='bbox 2444 4739 2676 4792; x_wconf 88' lang='grc' dir='ltr'>στιανῶν</span> <span class='ocrx_word' id='word_1_713' title='bbox 2711 4737 2908 4805; x_wconf 83' lang='grc' dir='ltr'>ἐχθροῦ</span> <span class='ocrx_word' id='word_1_714' title='bbox 2940 4735 3245 4805; x_wconf 81' lang='grc' dir='ltr'>ὀχυρώσεις</span> <span class='ocrx_word' id='word_1_715' title='bbox 3278 4734 3410 4806; x_wconf 82' lang='grc' dir='ltr'>(τοῦ</span> <span class='ocrx_word' id='word_1_716' title='bbox 3442 4733 3672 4786; x_wconf 85' lang='grc' dir='ltr'>δυτικοῦ</span> <span class='ocrx_word' id='word_1_717' title='bbox 3721 4731 3879 4801; x_wconf 81' lang='grc' dir='ltr'>λέγω</span> <span class='ocrx_word' id='word_1_718' title='bbox 3908 4736 4027 4803; x_wconf 70' lang='grc' dir='ltr'>δρά-</span> 
     </span>
    </p>
   </div>
   <div class='ocr_carea' id='block_1_108' title="bbox 2443 4825 4024 4897">
    <p class='ocr_par' dir='ltr' id='par_1_108' title="bbox 2443 4825 4024 4897">
     <span class='ocr_line' id='line_1_108' title="bbox 2443 4825 4024 4897; baseline -0.002 -15"><span class='ocrx_word' id='word_1_719' title='bbox 2443 4848 2653 4895; x_wconf 75' lang='grc' dir='ltr'>κοντος,</span> <span class='ocrx_word' id='word_1_720' title='bbox 2684 4830 2779 4882; x_wconf 82' lang='grc' dir='ltr'>τοῦ</span> <span class='ocrx_word' id='word_1_721' title='bbox 2829 4829 2927 4897; x_wconf 81' lang='grc' dir='ltr'><strong>τῆς</strong></span> <span class='ocrx_word' id='word_1_722' title='bbox 2981 4827 3275 4895; x_wconf 84' lang='grc' dir='ltr'>Σικελικῆς</span> <span class='ocrx_word' id='word_1_723' title='bbox 3320 4825 3887 4894; x_wconf 75' lang='grc' dir='ltr'>κατάτυραννοῦντος</span> <span class='ocrx_word' id='word_1_724' title='bbox 3913 4827 4024 4893; x_wconf 75' lang='grc' dir='ltr'>γῆς.</span> 
     </span>
    </p>
   </div>
   <div class='ocr_carea' id='block_1_109' title="bbox 2442 4918 4025 4990">
    <p class='ocr_par' dir='ltr' id='par_1_109' title="bbox 2442 4918 4025 4990">
     <span class='ocr_line' id='line_1_109' title="bbox 2442 4918 4025 4990; baseline -0.006 -13"><span class='ocrx_word' id='word_1_725' title='bbox 2442 4926 2696 4978; x_wconf 81' lang='grc' dir='ltr'>κάκεῖθεν</span> <span class='ocrx_word' id='word_1_726' title='bbox 2736 4923 2877 4975; x_wconf 70' lang='grc' dir='ltr'>κατὰ</span> <span class='ocrx_word' id='word_1_727' title='bbox 2903 4924 3000 4990; x_wconf 77' lang='grc' dir='ltr'><strong>τῆς</strong></span> <span class='ocrx_word' id='word_1_728' title='bbox 3048 4920 3159 4972; x_wconf 85' lang='grc' dir='ltr'><strong>τῶν</strong></span> <span class='ocrx_word' id='word_1_729' title='bbox 3208 4918 3501 4988; x_wconf 83' lang='grc' dir='ltr'>Ῥωμαίων</span> <span class='ocrx_word' id='word_1_730' title='bbox 3534 4919 3914 4986; x_wconf 79' lang='grc' dir='ltr'>ἐπικρατείας</span> <span class='ocrx_word' id='word_1_731' title='bbox 3941 4921 4025 4968; x_wconf 77' lang='grc' dir='ltr'>λα-</span> 
     </span>
    </p>
   </div>
   <div class='ocr_carea' id='block_1_110' title="bbox 2442 5006 4022 5087">
    <p class='ocr_par' dir='ltr' id='par_1_110' title="bbox 2442 5006 4022 5087">
     <span class='ocr_line' id='line_1_110' title="bbox 2442 5006 4022 5087; baseline -0.008 -18"><span class='ocrx_word' id='word_1_732' title='bbox 2442 5018 2586 5087; x_wconf 57' lang='lat' dir='ltr'><strong>opto;</strong></span> <span class='ocrx_word' id='word_1_733' title='bbox 2609 5016 2821 5085; x_wconf 84' lang='grc' dir='ltr'>ἐρπύσα</span> <span class='ocrx_word' id='word_1_734' title='bbox 2848 5016 2977 5082; x_wconf 83' lang='grc' dir='ltr'>τος)</span> <span class='ocrx_word' id='word_1_735' title='bbox 3010 5013 3291 5079; x_wconf 83' lang='grc' dir='ltr'>ἀναλόγως</span> <span class='ocrx_word' id='word_1_736' title='bbox 3337 5006 3425 5063; x_wconf 75' lang='grc' dir='ltr'>οἷα</span> <span class='ocrx_word' id='word_1_737' title='bbox 3458 5011 3858 5078; x_wconf 72' lang='grc' dir='ltr'>πνευματικὰς</span> <span class='ocrx_word' id='word_1_738' title='bbox 3886 5028 4022 5070; x_wconf 63' lang='lat' dir='ltr'><strong>tu;</strong></span> 
     </span>
    </p>
   </div>
   <div class='ocr_carea' id='block_1_111' title="bbox 2446 5100 4025 5175">
    <p class='ocr_par' dir='ltr' id='par_1_111' title="bbox 2446 5100 4025 5175">
     <span class='ocr_line' id='line_1_111' title="bbox 2446 5100 4025 5175; baseline -0.005 -16"><span class='ocrx_word' id='word_1_739' title='bbox 2446 5111 2792 5175; x_wconf 62' lang='grc' dir='ltr'>σάλπιγγας,</span> <span class='ocrx_word' id='word_1_740' title='bbox 2840 5106 2938 5167; x_wconf 63' lang='grc' dir='ltr'><strong>τὰς</strong></span> <span class='ocrx_word' id='word_1_741' title='bbox 2972 5104 3083 5157; x_wconf 84' lang='grc' dir='ltr'><strong>τῶν</strong></span> <span class='ocrx_word' id='word_1_742' title='bbox 3140 5104 3232 5156; x_wconf 87' lang='grc' dir='ltr'><strong>τὸν</strong></span> <span class='ocrx_word' id='word_1_743' title='bbox 3268 5102 3402 5154; x_wconf 65' lang='grc' dir='ltr'>Θεὸν</span> <span class='ocrx_word' id='word_1_744' title='bbox 3451 5101 3864 5170; x_wconf 78' lang='grc' dir='ltr'>ἐξιλεουμένων</span> <span class='ocrx_word' id='word_1_745' title='bbox 3913 5100 4025 5154; x_wconf 76' lang='grc' dir='ltr'>καθ’</span> 
     </span>
    </p>
   </div>
   <div class='ocr_carea' id='block_1_112' title="bbox 2443 5194 4022 5269">
    <p class='ocr_par' dir='ltr' id='par_1_112' title="bbox 2443 5194 4022 5269">
     <span class='ocr_line' id='line_1_112' title="bbox 2443 5194 4022 5269; baseline -0.006 -16"><span class='ocrx_word' id='word_1_746' title='bbox 2443 5201 2680 5269; x_wconf 74' lang='grc' dir='ltr'>ἑκάστην</span> <span class='ocrx_word' id='word_1_747' title='bbox 2722 5199 2863 5267; x_wconf 74' lang='grc' dir='ltr'>ὑπὲρ</span> <span class='ocrx_word' id='word_1_748' title='bbox 2897 5196 3051 5265; x_wconf 80' lang='grc' dir='ltr'>ἡμῶν</span> <span class='ocrx_word' id='word_1_749' title='bbox 3083 5195 3392 5266; x_wconf 85' lang='grc' dir='ltr'>ἀρχιερέων</span> <span class='ocrx_word' id='word_1_750' title='bbox 3414 5194 3607 5263; x_wconf 74' lang='grc' dir='ltr'>εὐχὰς,</span> <span class='ocrx_word' id='word_1_751' title='bbox 3647 5195 3792 5265; x_wconf 72' lang='grc' dir='ltr'>πρὸς</span> <span class='ocrx_word' id='word_1_752' title='bbox 3825 5197 4022 5247; x_wconf 70' lang='grc' dir='ltr'>ἐκείνου</span> 
     </span>
    </p>
   </div>
   <div class='ocr_carea' id='block_1_113' title="bbox 2444 5285 4025 5360">
    <p class='ocr_par' dir='ltr' id='par_1_113' title="bbox 2444 5285 4025 5360">
     <span class='ocr_line' id='line_1_113' title="bbox 2444 5285 4025 5360; baseline -0.006 -14"><span class='ocrx_word' id='word_1_753' title='bbox 2444 5294 2770 5356; x_wconf 80' lang='grc' dir='ltr'>καθαίρεσιν</span> <span class='ocrx_word' id='word_1_754' title='bbox 2803 5288 3198 5360; x_wconf 84' lang='grc' dir='ltr'>συνεργούσας,</span> <span class='ocrx_word' id='word_1_755' title='bbox 3232 5289 3476 5356; x_wconf 77' lang='grc' dir='ltr'>ἐδέησεν.</span> <span class='ocrx_word' id='word_1_756' title='bbox 3532 5285 3703 5337; x_wconf 80' lang='grc' dir='ltr'>Ἀλλά</span> <span class='ocrx_word' id='word_1_757' title='bbox 3744 5288 3849 5339; x_wconf 69' lang='grc' dir='ltr'><strong>καὶ</strong></span> <span class='ocrx_word' id='word_1_758' title='bbox 3879 5287 4025 5346; x_wconf 65' lang='grc' dir='ltr'>αὐτὲις</span> 
     </span>
    </p>
   </div>
   <div class='ocr_carea' id='block_1_114' title="bbox 2440 5378 4023 5453">
    <p class='ocr_par' dir='ltr' id='par_1_114' title="bbox 2440 5378 4023 5453">
     <span class='ocr_line' id='line_1_114' title="bbox 2440 5378 4023 5453; baseline -0.006 -16"><span class='ocrx_word' id='word_1_759' title='bbox 2440 5389 2469 5439; x_wconf 84' lang='grc' dir='ltr'><strong>ό</strong></span> <span class='ocrx_word' id='word_1_760' title='bbox 2496 5386 2746 5453; x_wconf 74' lang='grc' dir='ltr'>Θεόπτης</span> <span class='ocrx_word' id='word_1_761' title='bbox 2774 5382 3040 5451; x_wconf 80' lang='grc' dir='ltr'>Μωῦσῆς,</span> <span class='ocrx_word' id='word_1_762' title='bbox 3071 5380 3313 5450; x_wconf 83' lang='grc' dir='ltr'>ὁπηνίκα</span> <span class='ocrx_word' id='word_1_763' title='bbox 3346 5379 3425 5447; x_wconf 84' lang='grc' dir='ltr'>τῷ</span> <span class='ocrx_word' id='word_1_764' title='bbox 3485 5378 3744 5447; x_wconf 80' lang='grc' dir='ltr'>Ἀμαλὴκ</span> <span class='ocrx_word' id='word_1_765' title='bbox 3779 5380 4023 5447; x_wconf 53' lang='grc' dir='ltr'>συνεκβ-</span> 
     </span>
    </p>
   </div>
   <div class='ocr_carea' id='block_1_115' title="bbox 2448 5471 4023 5547">
    <p class='ocr_par' dir='ltr' id='par_1_115' title="bbox 2448 5471 4023 5547">
     <span class='ocr_line' id='line_1_115' title="bbox 2448 5471 4023 5547; baseline -0.007 -16"><span class='ocrx_word' id='word_1_766' title='bbox 2448 5480 2754 5547; x_wconf 81' lang='grc' dir='ltr'>τει.μάχην,</span> <span class='ocrx_word' id='word_1_767' title='bbox 2812 5474 3157 5544; x_wconf 75' lang='grc' dir='ltr'>ἑκατέρωθεν</span> <span class='ocrx_word' id='word_1_768' title='bbox 3194 5471 3608 5543; x_wconf 76' lang='grc' dir='ltr'>στηριζόμενος,</span> <span class='ocrx_word' id='word_1_769' title='bbox 3668 5471 3821 5523; x_wconf 71' lang='grc' dir='ltr'>οὕτω</span> <span class='ocrx_word' id='word_1_770' title='bbox 3850 5471 4023 5523; x_wconf 69' lang='grc' dir='ltr'>τοῦτον</span> 
     </span>
    </p>
   </div>
   <div class='ocr_carea' id='block_1_116' title="bbox 2450 5564 4023 5639">
    <p class='ocr_par' dir='ltr' id='par_1_116' title="bbox 2450 5564 4023 5639">
     <span class='ocr_line' id='line_1_116' title="bbox 2450 5564 4023 5639; baseline -0.007 -16"><span class='ocrx_word' id='word_1_771' title='bbox 2450 5568 2857 5639; x_wconf 82' lang='grc' dir='ltr'>κατετροποῦτο</span> <span class='ocrx_word' id='word_1_772' title='bbox 2881 5564 3311 5637; x_wconf 71' lang='grc' dir='ltr'>καὶύπερίσχυε.</span> <span class='ocrx_word' id='word_1_773' title='bbox 3345 5565 3480 5618; x_wconf 81' lang='grc' dir='ltr'>Κατ’</span> <span class='ocrx_word' id='word_1_774' title='bbox 3513 5565 3731 5615; x_wconf 75' lang='grc' dir='ltr'>ἐκεῖνον</span> <span class='ocrx_word' id='word_1_775' title='bbox 3765 5564 3863 5616; x_wconf 84' lang='grc' dir='ltr'><strong>οὖν</strong></span> <span class='ocrx_word' id='word_1_776' title='bbox 3889 5565 4023 5628; x_wconf 69' lang='grc' dir='ltr'>καἱή</span> 
     </span>
    </p>
   </div>
   <div class='ocr_carea' id='block_1_117' title="bbox 2456 5654 4021 5732">
    <p class='ocr_par' dir='ltr' id='par_1_117' title="bbox 2456 5654 4021 5732">
     <span class='ocr_line' id='line_1_117' title="bbox 2456 5654 4021 5732; baseline -0.007 -19"><span class='ocrx_word' id='word_1_777' title='bbox 2456 5661 2702 5732; x_wconf 80' lang='grc' dir='ltr'>βασιλεία</span> <span class='ocrx_word' id='word_1_778' title='bbox 2740 5676 2843 5729; x_wconf 89' lang='grc' dir='ltr'><strong>μου</strong></span> <span class='ocrx_word' id='word_1_779' title='bbox 2876 5654 3381 5727; x_wconf 74' lang='grc' dir='ltr'>τοῦάρχιερατικοῦ</span> <span class='ocrx_word' id='word_1_780' title='bbox 3417 5655 3653 5725; x_wconf 82' lang='grc' dir='ltr'>δεομένη</span> <span class='ocrx_word' id='word_1_781' title='bbox 3694 5656 4021 5723; x_wconf 60' lang='lat' dir='ltr'><strong>exemp-37-</strong></span> 
     </span>
    </p>
   </div>
   <div class='ocr_carea' id='block_1_118' title="bbox 2452 5745 4022 5820">
    <p class='ocr_par' dir='ltr' id='par_1_118' title="bbox 2452 5745 4022 5820">
     <span class='ocr_line' id='line_1_118' title="bbox 2452 5745 4022 5820; baseline -0.005 -17"><span class='ocrx_word' id='word_1_782' title='bbox 2452 5770 2616 5820; x_wconf 83' lang='grc' dir='ltr'>ματος</span> <span class='ocrx_word' id='word_1_783' title='bbox 2644 5751 2722 5812; x_wconf 86' lang='grc' dir='ltr'>εἰς</span> <span class='ocrx_word' id='word_1_784' title='bbox 2748 5750 2842 5820; x_wconf 81' lang='grc' dir='ltr'><strong>τὴν</strong></span> <span class='ocrx_word' id='word_1_785' title='bbox 2869 5749 3007 5801; x_wconf 83' lang='grc' dir='ltr'><strong>κατὰ</strong></span> <span class='ocrx_word' id='word_1_786' title='bbox 3033 5748 3125 5801; x_wconf 73' lang='grc' dir='ltr'>τοῦ</span> <span class='ocrx_word' id='word_1_787' title='bbox 3158 5749 3279 5799; x_wconf 88' lang='grc' dir='ltr'>νέου</span> <span class='ocrx_word' id='word_1_788' title='bbox 3298 5745 3489 5799; x_wconf 74' lang='grc' dir='ltr'>τούτου</span> <span class='ocrx_word' id='word_1_789' title='bbox 3530 5746 3586 5795; x_wconf 77' lang='grc' dir='ltr'>Ἀ</span> <span class='ocrx_word' id='word_1_790' title='bbox 3598 5745 3791 5814; x_wconf 77' lang='grc' dir='ltr'>μαλὴκ</span> <span class='ocrx_word' id='word_1_791' title='bbox 3816 5762 4022 5815; x_wconf 62' lang='lat' dir='ltr'><strong>xpers-.-</strong></span> 
     </span>
    </p>
   </div>
   <div class='ocr_carea' id='block_1_119' title="bbox 2453 5837 4012 5922">
    <p class='ocr_par' dir='ltr' id='par_1_119' title="bbox 2453 5837 4012 5922">
     <span class='ocr_line' id='line_1_119' title="bbox 2453 5837 4012 5922; baseline -0.003 -19"><span class='ocrx_word' id='word_1_792' title='bbox 2453 5852 2621 5922; x_wconf 82' lang='grc' dir='ltr'>μένην</span> <span class='ocrx_word' id='word_1_793' title='bbox 2651 5848 3104 5919; x_wconf 73' lang='grc' dir='ltr'>ἀντιπαράταξιν.</span> <span class='ocrx_word' id='word_1_794' title='bbox 3138 5848 3230 5900; x_wconf 66' lang='grc' dir='ltr'><strong>καὶ</strong></span> <span class='ocrx_word' id='word_1_795' title='bbox 3246 5845 3437 5913; x_wconf 78' lang='grc' dir='ltr'>ὥσπερ</span> <span class='ocrx_word' id='word_1_796' title='bbox 3462 5846 3584 5899; x_wconf 76' lang='grc' dir='ltr'>τινὰ</span> <span class='ocrx_word' id='word_1_797' title='bbox 3619 5845 3821 5899; x_wconf 81' lang='grc' dir='ltr'>στῦλον</span> <span class='ocrx_word' id='word_1_798' title='bbox 3852 5837 4012 5912; x_wconf 67' lang='grc' dir='ltr'>φωτὸς</span> 
     </span>
    </p>
   </div>
  </div>
