4218 6458
179 405 279 467 919

1161 399 1240 457 IV
1281 399 1449 457 CAN.
1487 399 1604 458 XII
1643 398 1849 460 CONC.
1881 401 1989 461 VII
2031 399 2386 460 (ECUMEN.

3302 398 3405 461 960

177 511 270 565 τοῦ
310 512 430 564 νέου
467 511 688 579 Ἰσραὴλ
725 506 1160 578 προηγούμενον,
1186 510 1277 560 καί
1298 512 1365 561 τὰ
1393 508 1583 560 τούτου
1618 525 1747 558 κατ-

1780 514 1821 565 Α
1853 508 1954 559 lam
1985 510 2238 570 Auream,
2270 514 2323 558 et
2353 506 2596 559 omnium
2631 503 2994 558 Ecclesiarum
3030 507 3189 558 matri
3211 548 3224 569 ,
3257 523 3409 562 novae

181 606 464 657 ευθὺνοντα
490 603 824 669 διαδήματα,
873 602 971 662 τὰς
1000 599 1206 652 τούτων
1234 599 1377 667 ἔχειν
1416 602 1583 667 εὐχάς
1617 599 1736 651 ἐθέ-

179 698 360 756 λουσα,
392 699 482 748 τὸν
509 695 753 766 παρόντα
815 694 1207 764 χρυσὸϐουλλον
1256 693 1413 758 λόγον
1466 696 1531 762 τῇ
1569 695 1740 760 μητρὶ

185 791 369 842 πασῶν
435 791 545 839 τῶν
607 788 934 854 ἐκκλησιῶν,
965 789 1031 854 τῇ
1080 787 1174 855 νέσ.
1204 786 1362 842 Σιὼν.
1400 785 1476 852 τῷ
1524 785 1621 850 τῆς
1648 783 1741 836 τοῦ

181 878 308 929 Θεοῦ
346 877 537 944 σοφίας
568 877 803 945 ἐνδιαιτή
816 894 966 945 ματι,
989 878 1079 930 καὶ
1106 880 1220 938 τοῖς
1251 877 1392 928 κατά
1420 876 1517 938 τὰς
1547 877 1744 942 νήσους

181 971 358 1032 πάσας
390 972 484 1022 καὶ
515 971 614 1041 τὴν
651 969 921 1038 ἀνατολὴν
971 969 1066 1021 καὶ
1093 969 1190 1036 τὴν
1224 969 1375 1020 δύσιν
1418 966 1740 1036 ἐϐράϐευσε,

181 1062 276 1122 τὰς
301 1059 440 1129 ὑπὲρ
461 1060 560 1127 τῆς
593 1059 870 1128 βασιλείας
910 1078 1009 1128 μου
1033 1061 1238 1112 τούτων
1265 1059 1431 1127 εὐχὰς
1458 1059 1550 1111 ἐπὶ
1584 1058 1745 1110 πλέον

181 1150 625 1221 ἀναῤῥωνύουσα.
677 1151 948 1219 Ἀεκριϐῶς
982 1153 1089 1220 γὰρ
1122 1147 1263 1203 οἶδεν
1295 1152 1326 1218 ή
1359 1151 1606 1218 βασιλεία
1642 1168 1744 1218 μου

180 1243 255 1304 ὡς
276 1244 335 1296 οὑ
368 1245 601 1308 σώζεται
629 1244 882 1313 βασιλεὺς
910 1246 997 1297 διὰ
1031 1245 1233 1313 πολλὴν
1267 1243 1515 1312 δύναμιν,
1552 1244 1640 1296 καὶ
1671 1245 1743 1306 ὡς

181 1333 342 1400 γίγας
362 1335 420 1386 οὑ
458 1336 767 1405 σωθήσεται
801 1337 857 1388 ἐν
889 1337 1080 1407 πλήθει
1111 1337 1294 1406 ἰσχύος
1320 1338 1484 1390 αὑτοῦ
1505 1353 1517 1366 '
1544 1337 1746 1407 ψευδὴς

179 1424 236 1476 δέ
273 1426 436 1490 ἵππος
471 1430 552 1491 εἰς
584 1434 884 1498 σωτηρίαν,
911 1432 1052 1483 κατά
1091 1432 1181 1482 τὸν
1225 1432 1368 1484 θεῖον
1407 1432 1570 1496 φάναι
1609 1448 1749 1501 προ·

181 1520 357 1589 φήτην
387 1522 482 1574 καὶ
513 1522 916 1594 ψαλμογράφον
956 1526 1050 1576 καὶ
1085 1527 1413 1594 θεοπὰτορα.
1457 1526 1748 1594 Τοιγάρτοι

182 1611 277 1662 καὶ
302 1611 361 1663 τὸ
394 1612 829 1684 ἀπερικλόνητον
889 1616 1067 1684 πάντη
1122 1617 1646 1683 περιφυλὰττεσθαι,
1682 1618 1746 1686 τῇ

179 1721 242 1755 τε
275 1703 462 1758 πασῶν
490 1707 884 1778 προκαθημένῃ
918 1707 1242 1777 ἐκκλησιῶν,
1273 1709 1365 1762 καὶ
1394 1711 1508 1772 τοῖς
1545 1727 1750 1778 μνημο-

179 1796 415 1848 νευθείσι
440 1799 607 1850 πᾶσιν
633 1798 987 1866 ἀρχιερεῦσι,
1035 1800 1144 1851 τῶν
1193 1800 1530 1870 ὁπουδήποτε
1583 1799 1750 1865 ἁγίων

179 1891 506 1960 ἐκκλησιῶν,
539 1893 633 1942 καὶ
666 1892 724 1943 τὸ
748 1894 992 1960 ἀσφαλὲς
1033 1895 1140 1946 τῶν
1181 1895 1491 1964 προσόντων
1524 1893 1750 1953 ταύταις

177 1983 565 2052 δικαιωμάτων
588 1985 680 2037 ἐπὶ
708 1988 772 2055 τῇ
820 1989 1026 2056 κατοχῇ
1073 1988 1182 2040 τῶν
1231 1988 1509 2058 ἀκινήτων
1570 1987 1751 2040 αὐτῶν

181 2075 530 2146 βεϐαιότερον
562 2079 882 2133 καθιστῶσα
904 2097 918 2112 ·
954 2082 1479 2152 προσεπανορθοῦσα
1503 2083 1558 2134 δέ
1581 2086 1677 2137 καὶ
1702 2083 1756 2136 εἴ

177 2185 232 2219 τι
265 2184 368 2220 που
401 2169 641 2237 χωλεῦόν
682 2172 831 2223 ἐστιν
891 2173 949 2224 ἐν
975 2175 1089 2233 τοῖς
1145 2173 1328 2225 αὐτῶν
1359 2173 1748 2243 δικαιώμασιν,

178 2258 274 2310 καὶ
299 2257 398 2327 τῆς
427 2261 718 2330 ἀκριϐείας
766 2263 1091 2334 λειπόμενον
1114 2279 1128 2292 ⁸
1161 2266 1258 2318 καὶ
1289 2267 1349 2318 οὐ
1384 2267 1544 2334 μόνον
1570 2265 1749 2332 τοῦτο,

177 2347 317 2400 ἀλλά
340 2352 431 2402 καὶ
465 2354 519 2404 εἰ
543 2371 593 2406 τι
612 2355 828 2420 ὀφεῖλον
848 2331 1291 2426 ἐπακολουθῆσαι
1313 2331 1591 2428 δικαίωμα
1615 2359 1752 2430 πρὸς

175 2440 280 2506 τὴν
329 2441 549 2511 ἀσφαλῆ
606 2445 718 2498 τῶν
769 2453 1032 2500 τοιούτων
1086 2449 1362 2519 ἀκινήτων
1411 2450 1749 2513 δεσποτείαν,

177 2537 421 2604 κατοχήν
451 2553 508 2590 τε
542 2539 639 2590 καὶ
662 2541 964 2612 κυριότητα
991 2540 1247 2609 γενέσθαι
1283 2541 1414 2607 ἴσως
1448 2545 1549 2599 οὐκ
1585 2544 1753 2612 ἐφθα-

178 2639 307 2676 σεν·
371 2627 532 2680 αὑτὸν
584 2629 648 2698 δὴ
695 2630 788 2682 τὸν
852 2632 1098 2702 παρόντα
1146 2633 1542 2702 χρυσόϐουλλον
1595 2637 1753 2705 λόγον

181 2718 384 2787 ίατῆρα
419 2720 452 2789 ἠ
511 2720 757 2790 βασιλεία
799 2741 901 2792 μου
936 2725 1130 2780 τούτου
1164 2726 1227 2796 δὴ
1273 2728 1367 2782 τοῦ
1411 2730 1752 2796 ἐλλείποντος

175 2811 365 2874 αὐτοῖς
381 2814 730 2878 ἐπιδέδωκεν,
745 2811 856 2870 οἷον
875 2819 1062 2888 ἄρτιον
1087 2822 1182 2873 καὶ
1198 2821 1448 2891 ὀλομελὲς
1467 2824 1754 2881 δεικνύντα

175 2902 241 2955 τὸ
270 2904 364 2957 ἐπὶ
393 2908 609 2967 τούτοις
638 2907 872 2970 δίκαιον,
903 2912 996 2963 καὶ
1021 2912 1101 2972 εἰς
1125 2913 1185 2964 τὸ
1215 2915 1477 2978 παντελὲς
1507 2917 1751 2970 ἀδιάσειο

178 3011 331 3057 στον,
363 2996 431 3048 δι’
469 2989 529 3048 οὗ
575 2997 784 3066 βεϐαιοί
814 3002 936 3068 μὲν,
971 3004 1066 3055 καὶ
1110 3005 1517 3077 ἀσφαλέστερον
1545 3008 1750 3075 τίθησι,

179 3086 294 3137 πᾶν
329 3086 531 3154 προσὸν
558 3092 678 3150 ταῖς
712 3092 833 3142 κατ’
873 3092 1073 3155 αὐτοὺς
1108 3095 1443 3161 ἁγιωτάταις
1487 3097 1581 3149 τοῦ
1616 3099 1750 3151 Θεοῦ

177 3177 527 3245 ἐκκλησίαις,
550 3182 643 3234 καὶ
683 3183 819 3252 αὐτῇ
855 3186 918 3253 τῇ
969 3186 1175 3239 τούτων
1208 3189 1604 3264 προκαθημένῃ
1627 3231 1642 3255 ,
1675 3191 1752 3245 δι-

178 3269 407 3336 καίωμα
433 3272 525 3322 ἐπὶ
557 3275 664 3333 τοῖς
704 3275 882 3326 αὐτῶν
904 3275 1206 3346 ἀκινήτοις,
1236 3281 1357 3332 ὅποι
1400 3281 1467 3334 ἂν
1489 3285 1584 3336 καὶ⁵
1619 3285 1752 3336 καθ-

176 3361 403 3429 έστηκε,
461 3365 567 3417 κᾶν
606 3367 949 3436 ὁπουδήποτε
980 3368 1153 3422 ταῦτα
1207 3371 1531 3439 διάκεινται,
1571 3378 1754 3430 καὶτὸ

174 3453 348 3504 καλὸν
380 3454 600 3508 κάλλιον
655 3456 931 3528 τίθησιτῇ
966 3460 1244 3529 ἐπικρίσει
1294 3463 1383 3514 καὶ
1437 3461 1605 3533 ψήφῳ
1653 3464 1755 3532 τῆς

177 3543 467 3612 βασιλείας
503 3565 628 3614 μου.
659 3550 774 3603 Πᾶν
797 3551 851 3602 δὲ
881 3553 938 3603 ἐν
957 3553 1162 3614 αὐτοῖς,
1187 3555 1242 3605 ἐν
1267 3555 1472 3617 ὁποίοις
1502 3557 1647 3609 εἴποι
1672 3576 1756 3620 τις

177 3637 583 3706 θεωρούμενον,
618 3641 734 3693 εἴτε
784 3643 840 3694 ἐν
874 3643 1257 3713 χρυσοϐοὑλλῳ
1286 3645 1430 3715 λόγῳ
1482 3647 1757 3718 διαφόρων

179 3729 472 3797 βασιλέων,
502 3732 613 3783 εἴτε
639 3733 694 3784 ἐν
732 3734 1038 3798 σιγιλλίοις,
1071 3737 1180 3788 εἴτε
1210 3738 1267 3788 ἐν
1289 3737 1490 3798 ἁπλαῖς
1522 3743 1755 3809 προστάο

177 3822 350 3885 ξεσιν,
383 3825 489 3876 εἴτε
520 3828 576 3876 ἐν
608 3826 844 3890 λύσεσιν,
866 3831 1112 3882 τουτέστι
1146 3835 1488 3900 πρακτικοῖς,
1513 3835 1755 3890 ὑποσκά-

172 3917 292 3978 ζον,
330 3918 422 3967 καὶ
451 3917 594 3970 κατά
624 3934 675 3969 τι
711 3917 807 3970 τοῦ
840 3919 1101 3989 ἀκριϐοῦς
1135 3923 1227 3973 καὶ
1268 3922 1365 3991 τῆς
1399 3923 1755 3995 ὀφειλομένης

173 4009 503 4071 ἀκολουθίας
531 4011 875 4081 λειπόμενον,
906 4016 1013 4067 ἀπό
1067 4034 1124 4068 τε
1174 4017 1467 4086 βασιλικῶν
1520 4039 1757 4091 προστα-

169 4103 404 4170 γμάτων
455 4104 544 4156 καὶ
594 4107 795 4172 νόμων,
852 4108 1159 4177 ἐπαντροοῖ,
1190 4112 1282 4162 καί¹
1333 4110 1622 4176 διορίζεται
1681 4115 1754 4182 μὴ

170 4194 323 4248 κατά
353 4213 406 4247 τι
431 4197 718 4267 πρόκριμα
760 4201 822 4251 ἐκ
845 4200 1050 4252 τούτων
1086 4198 1226 4253 εἶναι
1260 4205 1377 4264 ταῖς
1403 4203 1755 4271 δηλωθείσαις

169 4289 386 4351 πάσαις
420 4291 750 4356 ἁγιωτάταις
772 4293 1092 4363 ἐκκλησίαις
1113 4297 1190 4353 είς
1207 4296 1297 4348 τὸν
1317 4297 1486 4349 αἰῶνα
1518 4298 1754 4362 ἅπαντα,

165 4383 317 4435 ἀλλά
349 4384 412 4436 τὸ
446 4384 755 4454 ὑπόσαθρον
787 4387 1011 4440 ἐκείνων
1035 4388 1127 4438 καὶ
1150 4389 1374 4448 ἀσθενὲς
1394 4389 1759 4444 εὐτονιὶιτατον

163 4474 319 4530 εἶναι
355 4477 451 4530 καλ⁹
488 4479 764 4532 ἀνάλωτον
804 4480 952 4550 πάσῃ
990 4480 1328 4552 δικαιολογία
1364 4480 1455 4534 τοῦ
1493 4481 1757 4550 βουλομέ-

1846 599 2000 660 Sion,
2035 599 2121 650 Dei
2148 598 2429 665 sapientia
2483 596 2817 657 babitaculo,
2847 603 2897 649 et
2935 597 3021 658 iis,
3055 597 3146 665 qui
3187 609 3315 652 sunt
3349 601 3401 652 iu

1844 691 2095 743 omnibus
2129 691 2320 743 insulis
2341 691 2460 742 etin
2484 690 2693 742 oriente
2725 699 2775 741 et
2802 689 3102 752 occidente,
3137 692 3402 744 antistiti-

1844 780 1948 833 bus
1971 781 2208 841 donavit,
2235 794 2434 832 eorum
2451 794 2547 847 pro
2575 778 2852 845 majestate
2876 794 2993 832 mea
3025 795 3214 848 pret-es
3238 783 3409 848 magis

1845 869 2196 922 conﬁrmans.
2229 866 2394 922 Recte
2423 869 2566 922 enim
2604 870 2750 922 novit
2781 885 2897 923 mea
2949 870 3227 937 majestas.
3262 871 3407 939 quod

1845 975 1936 1012 rex
1969 974 2073 1012 non
2106 970 2358 1013 servatur
2392 975 2488 1027 per
2535 961 2756 1014 tnnltam
2805 965 3123 1029 potentiam,
3169 971 3222 1015 et
3264 965 3408 1028 quod

1846 1053 1995 1120 gigas
2025 1068 2129 1104 non
2167 1053 2473 1106 servabitur
2519 1053 2569 1107 lu
2622 1046 2967 1106 multitudine
3001 1054 3220 1106 virtutis
3247 1070 3358 1108 sure
3393 1074 3405 1108 :

1849 1145 2078 1197 mendax
2129 1157 2309 1198 autem
2349 1162 2520 1215 equus
2551 1145 2616 1199 ad
2653 1147 2908 1209 salutem,
2947 1157 3003 1199 ut
3052 1162 3176 1200 eum
3225 1148 3409 1199 divino

1848 1238 2114 1305 Propheta
2147 1249 2199 1291 et
2226 1237 2648 1309 Psaltnograpbo
2676 1249 2728 1293 et
2759 1239 2847 1292 Dei
2880 1250 3028 1308 patre
3063 1242 3275 1307 loquar.
3308 1241 3410 1292 Vo-

1851 1329 1965 1382 lcns
1998 1331 2166 1392 enim,
2202 1340 2259 1382 ut
2296 1331 2520 1384 ﬁrmitas
2556 1340 2607 1383 et
2654 1332 2922 1385 stabilitas
2963 1332 3257 1391 Ecclesim,
3297 1348 3416 1399 quae

1848 1421 2102 1475 omnibus
2131 1432 2343 1489 prmest,
2387 1423 2611 1477 omnino
2648 1434 2916 1488 servetur,
2953 1433 3003 1476 et
3048 1425 3304 1477 munilms
3332 1426 3416 1474 di-

1849 1514 1956 1567 ctis
2008 1514 2343 1568 antistitibus
2388 1522 2699 1569 sanctarum
2755 1533 2874 1586 quze
2923 1518 3235 1586 ubicunque
3291 1527 3418 1569 sunt

1852 1603 2238 1670 Erclesiarnm,
2285 1615 2338 1659 et
2387 1610 2734 1661 securitatem
2785 1610 3061 1662 titulorum
3108 1625 3170 1663 ac
3212 1609 3416 1676 jurum,

1849 1698 2087 1765 qumillis
2111 1699 2327 1764 adsunt,
2353 1700 2405 1753 in
2432 1703 2670 1768 ipsorum
2699 1702 3063 1756 immobilium
3085 1702 3417 1760 detentione.

1857 1792 2064 1846 ﬁrmius
2098 1794 2477 1860 constituens;
2515 1801 2568 1847 et
2601 1805 2858 1863 praeterea
2891 1797 3169 1866 corrigens
3209 1798 3251 1848 si
3286 1799 3416 1864 quid

1856 1885 1908 1936 in
1936 1900 2122 1938 eorum
2151 1885 2364 1948 juribus
2400 1887 2688 1948 claudicet,
2721 1896 2775 1940 et
2809 1903 2835 1938 a
2871 1905 3086 1941 snnnno
3119 1904 3236 1940 οχειι
3261 1900 3420 1956 tuque

1851 1977 1972 2043 jure
2017 1977 2221 2038 distet;
2262 1987 2448 2030 etnon
2483 1979 2657 2031 solum
2687 1979 2810 2042 hoc,
2849 1981 2940 2033 sed
2974 1992 3026 2031 et
3064 1982 3107 2033 si
3138 1984 3281 2049 quod
3329 1981 3419 2044 jus

1853 2069 2110 2138 consequi
2158 2069 2314 2140 311
2373 2070 2572 2129 debet.
2628 2073 2693 2124 ad
2739 2072 3005 2140 ejusmodi
3059 2073 3418 2125 immobilinm

1854 2159 2302 2223 dominationem,
2361 2164 2728 2216 detentionem
2786 2172 2838 2216 et
2892 2165 3314 2234 proprietatem,
3371 2167 3422 2217 ni

1856 2251 2087 2306 fortasse
2117 2254 2268 2322 prius
2297 2253 2495 2307 factum
2527 2271 2634 2309 non
2667 2265 2751 2310 est
2784 2272 2795 2306 :
2832 2257 2969 2311 banc
3002 2257 3260 2324 majestas
3303 2273 3420 2309 mea

1855 2340 2059 2395 nullam
2107 2345 2340 2399 Auream
2369 2385 2384 2408 ,
2421 2343 2541 2413 ejus
2581 2347 2722 2413 quod
2768 2348 2921 2403 deest
2967 2348 3374 2402 medieatricem
3403 2389 3419 2408 ,

1856 2433 1963 2487 illis
1990 2434 2215 2488 tradi-lit
2238 2476 2252 2498 ,
2289 2451 2409 2504 qua)
2438 2437 2604 2491 veluti
2643 2438 2946 2506 perfectum
2983 2449 3036 2492 et
3069 2441 3422 2509 integrum‘et

1854 2525 2078 2580 omnino
2113 2526 2532 2583 illabel'actabile
2573 2539 2627 2585 et
2661 2529 2937 2584 immobile
2958 2531 3050 2601 jus
3081 2532 3198 2600 ejus
3231 2540 3418 2585 osten-

1855 2615 1973 2672 dit:
2002 2633 2096 2686 per
2125 2634 2286 2687 quam
2317 2620 2604 2674 confirmat
2651 2620 2892 2689 quidem,
2925 2632 2979 2675 et
3030 2623 3199 2676 tutius
3248 2621 3374 2675 facit
3402 2665 3416 2686 ,

1854 2709 2222 2778 quodcunque
2256 2710 2347 2778 jus
2394 2712 2548 2766 adest
2597 2714 2962 2768 sanctissimis
3008 2713 3099 2768 Dei
3146 2714 3420 2774 ecclesiis.

1855 2796 2014 2866 eique
2043 2814 2165 2867 quae
2195 2801 2300 2854 illis
2335 2803 2605 2870 praesidet,
2649 2802 2701 2856 in
2739 2805 2854 2858 suis
2899 2804 3291 2865 immobilibus,
3325 2820 3424 2858 cu-

1851 2889 2313 2962 jusmodicunque
2349 2893 2569 2958 fuerint,
2605 2905 2659 2949 et
2689 2896 3002 2966 ubicunque
3051 2913 3114 2951 ea
3150 2897 3253 2950 sita
3291 2900 3422 2957 sint,

1856 2991 1908 3036 et
1940 2984 2084 3051 quod
2116 2987 2401 3052 pulchrum
2454 2989 2737 3055 pulchrius
2787 2991 3072 3043 constituit
3123 2989 3426 3056 n-ajcstatis

1857 3090 1990 3130 mea:
2021 3079 2288 3132 sententia
2333 3089 2386 3133 et
2433 3081 2663 3135 calculo.
2705 3081 2977 3153 Quidquid
3014 3091 3192 3137 autem
3237 3089 3322 3137 est
3371 3083 3425 3135 in

1780 3189 1821 3246 ο
1856 3168 1957 3232 eis,
1993 3169 2044 3222 in
2092 3171 2506 3240 quibuscnnque
2546 3175 2670 3240 quis
2711 3188 3013 3244 spectatum
3077 3176 3127 3229 id
3182 3175 3420 3238 dixerit,

1856 3264 1970 3317 sive
2006 3264 2058 3317 in
2097 3266 2364 3335 rescripto
2400 3268 2739 3321 diversorum
2794 3269 3185 3336 itnpcratormn
3244 3273 3418 3320 Aurea

1855 3355 2006 3410 Bulla
2049 3359 2279 3425 inunito,
2311 3360 2423 3414 sive
2475 3359 2529 3413 in
2572 3360 2788 3430 sigillis,
2840 3361 2954 3414 sive
2992 3361 3043 3413 in
3082 3359 3421 3427 simplicibus

1853 3449 2216 3519 jussionihus,
2255 3452 2368 3505 sive
2401 3452 2452 3504 in
2485 3452 2880 3514 solutionibus,
2911 3451 3015 3504 hoc
3061 3461 3143 3504 est
3174 3451 3226 3503 in
3264 3450 3421 3510 actis,

1857 3543 2195 3606 claudicans,
2225 3557 2277 3597 et
2311 3545 2488 3612 aliqua
2521 3545 2571 3596 in
2604 3561 2660 3598 re
2689 3545 2754 3597 ab
2784 3560 2848 3597 eo
2876 3545 3017 3614 quod
3050 3551 3133 3598 est
3169 3553 3421 3597 exactum

1856 3643 1906 3686 et
1939 3650 1965 3687 a
2007 3636 2184 3689 debita
2219 3637 2606 3705 consequentia
2636 3638 2918 3701 deficiens,
2951 3655 2980 3690 e
3011 3636 3282 3706 regalibus
3306 3635 3424 3703 jus-

1857 3729 2102 3782 sionibus
2136 3738 2186 3782 et
2229 3730 2434 3799 legibus
2466 3732 2714 3798 c0rrigit,
2740 3740 2793 3784 et
2828 3731 3076 3785 decernit
3109 3730 3273 3788 dictis
3301 3743 3429 3782 san-

1856 3821 2116 3874 ctissimis
2141 3819 2397 3876 Eeclesiis
2435 3823 2638 3874 nullum
2680 3839 2742 3874 ex
2777 3838 2836 3875 ea
2877 3838 2934 3875 re
2969 3821 3340 3891 praejutliciuni
3368 3819 3421 3872 in

1856 3924 2118 3966 aeternum
2151 3914 2329 3968 ati‘erri
2366 3933 2378 3968 :
2412 3919 2504 3969 sed
2536 3917 2678 3982 quod
2715 3917 2767 3969 in
2816 3919 2895 3970 eis
2943 3925 3027 3969 est
3068 3915 3341 3988 inﬁrmum
3372 3923 3426 3967 et

1859 4005 2211 4065 imbecillum.
2245 4022 2365 4060 esse
2401 4008 2773 4061 ﬁrmissimum
2804 4020 2856 4060 et
2899 4008 3041 4060 nulla
3073 4007 3212 4074 juris
3245 4007 3428 4074 alliga-

1859 4099 2003 4151 tione
2045 4101 2464 4167 Oppuguanilum
2499 4102 2567 4154 ab
2620 4117 2685 4154 eo
2715 4141 2729 4164 ,
2776 4100 2865 4169 qui
2904 4101 3031 4154 velit
3067 4099 3268 4168 aliquid
3324 4115 3421 4165 pro

1858 4190 1987 4245 ﬁsci»
2017 4207 2110 4245 seu
2144 4192 2362 4260 publico
2390 4193 2589 4257 dicere,
2629 4202 2686 4246 ut
2715 4194 2856 4258 quod
2890 4193 3142 4262 praesenti
3178 4193 3431 4257 majesta-

1861 4287 1927 4338 tis
1965 4301 2097 4339 meze
2125 4287 2442 4340 deﬁnitione
2484 4287 2659 4340 Aurea
2701 4286 2851 4339 Bulla
2885 4288 3092 4340 munita
3133 4287 3430 4339 conﬁrme-

1860 4386 1948 4429 tur
1980 4386 2034 4429 et
2059 4376 2212 4430 valde
2238 4378 2643 4430 corroboretur.
2684 4377 2747 4430 Et
2780 4387 2834 4429 ιιι
2872 4393 2935 4429 ex
2975 4377 3160 4430 multis
3197 4391 3428 4438 eorum,

1860 4483 1980 4536 qua:
2004 4469 2238 4536 cuipiam
2270 4469 2320 4519 in
2351 4478 2585 4521 mentem
2616 4467 2799 4521 venire
2828 4467 3060 4533 possint,
3086 4481 3253 4534 pauca
3285 4480 3431 4533 quae-

163 4588 267 4623 νου
300 4571 485 4632 λέγειν
514 4590 566 4625 τι
611 4571 754 4642 ὑπὲρ
791 4573 885 4625 τοῦ
920 4575 1206 4641 δημοσίου,
1239 4572 1316 4643 τῷ
1364 4574 1591 4642 παρόντι
1623 4593 1754 4644 χρυ-

1792 4549 1832 4602 Ι)
1862 4559 1982 4610 dam
2037 4561 2293 4628 majestas
2325 4575 2442 4613 mea
2487 4561 2750 4614 memoria
2776 4568 3017 4628 repetat;
3056 4560 3101 4613 si
3147 4559 3287 4612 forte
3326 4558 3428 4610 do-

163 4666 452 4736 σοϐοὑλλῳ
478 4666 623 4737 λόγῳ
668 4670 767 4737 τῆς
803 4667 1079 4737 βασιλείας
1135 4686 1236 4735 μου
1271 4670 1613 4739 ῥωννύμενον
1661 4670 1755 4722 καὶ

165 4759 387 4829 σφόδρα
426 4759 915 4828 ἐνδυναμούμενον.
950 4761 1079 4815 ’Καὶ
1128 4760 1215 4813 ἵνα
1248 4762 1354 4814 ἀπὸ
1378 4761 1482 4813 τῶν
1512 4759 1750 4822 πολλῶν,

157 4846 247 4905 ὧν
277 4852 345 4906 ἄν
374 4869 459 4914 τις
488 4853 818 4918 ἐννοήσειεν,
856 4854 1055 4921 ὀλίγων
1088 4855 1253 4906 τινῶν
1292 4856 1323 4925 ή
1374 4854 1617 4922 βασιλεία
1652 4872 1752 4922 μου

158 4941 571 5011 ὲπιμνησθείη,
637 4945 729 4995 ἐὰν
779 4944 942 5012 τυχὸν
998 4945 1178 5012 δωρεὰ
1233 4945 1416 5006 αὐτοῖς
1472 4944 1754 5011 παροίκων

155 5037 382 5098 ἀτοσος
411 5035 518 5105 εἴη,
554 5035 586 5105 ἦ
627 5037 824 5106 μέτρον
856 5038 977 5107 γῆς,
1007 5037 1039 5107 ἢ
1074 5037 1380 5109 αὑτούργιά
1409 5056 1527 5090 τινα
1553 5036 1755 5091 ἐκαινί-

161 5126 387 5194 σθησαν
417 5128 474 5178 ἐν
523 5129 636 5189 τοῖς
692 5127 956 5191 τοιούτοις
991 5129 1260 5198 κτήμασι,
1294 5128 1455 5198 τυχὸν
1492 5128 1566 5197 μὴ
1593 5127 1754 5180 δεδω-

164 5219 392 5286 ρημένα
417 5219 626 5284 αὐτοῖς,
656 5219 687 5289 ἦ
727 5222 818 5273 καὶ
851 5221 1204 5289 ἐδωρήθησαν
1237 5221 1354 5289 μὲν,
1388 5221 1487 5272 οὑκ
1518 5219 1752 5289 ἀνετρά-

150 5326 361 5378 σπησαν
391 5309 446 5361 δὲ
469 5312 524 5362 αἱ
554 5313 680 5380 περὶ
703 5311 907 5365 τούτων
937 5312 1286 5381 προστάξεις,
1320 5311 1352 5378 ἦ
1376 5312 1468 5363 ἐπὶ
1493 5328 1754 5381 προαφω-

154 5401 455 5474 ρισμένοις
501 5402 898 5472 δεδωρημένοις
944 5405 1147 5467 αὐτοῖς,
1199 5409 1254 5458 αἰ
1305 5422 1752 5477 περιπροαφωρι·

149 5479 372 5564 σμέναι
397 5495 722 5566 προστάξεις
774 5497 874 5552 οὐκ
925 5499 1333 5569 ἀνετράπησαν,
1378 5499 1410 5570 ή
1468 5516 1588 5551 τινα
1646 5498 1755 5549 τῶν

149 5587 545 5656 ’πορισθέντων
580 5589 763 5652 αὐτοῖς
812 5589 1110 5658 βασιλικῶν
1159 5590 1601 5659 προσταγμάτων
1642 5588 1753 5642 οὐδ’

148 5680 817 5753 ὅλωςοκατεστρώθησαν,
844 5681 878 5750 ἣ
903 5680 1359 5751 κατεστρώθησαν
1395 5681 1493 5750 μὲν
1534 5680 1612 5743 εἴς
1636 5696 1757 5732 τινα

146 5773 282 5824 ’τῶν
313 5772 608 5841 σεκρέτων,
643 5773 674 5843 ἢ
714 5773 1174 5843 καταστρωθέντα
1216 5773 1517 5835 ἀπώλοντο,
1557 5776 1646 5825 ἶσα
1698 5773 1755 5825 δὲ

148 5866 385 5919 τούτων
416 5867 820 5920 πεπιστευμένα
843 5867 1210 5934 εὑρίσκονται,
1239 5867 1268 5935 ἢ
1299 5867 1576 5936 πρακτικᾶ
1601 5867 1753 5936 0395i-

1858 4652 2005 4704 nalio
2039 4653 2354 4706 colononnn
2389 4653 2541 4720 ipsis,
2575 4663 2666 4704 aut
2700 4667 3077 4706 mensurarum
3126 4660 3281 4704 terra:
3313 4648 3430 4701 sine

1856 4753 2002 4795 certa
2035 4744 2342 4811 quantitate
2398 4743 2490 4806 sit,
2526 4742 2607 4794 vel
2661 4740 2863 4809 prtedia
2913 4740 3165 4809 quaedam
3223 4739 3429 4791 rustica

1859 4838 2169 4890 innovarint
2199 4839 2249 4890 in
2286 4837 2592 4905 hujusmodi
2635 4836 3099 4903 possessionibus,
3136 4832 3274 4886 forte
3307 4849 3430 4899 quae

1858 4930 1991 4994 ipsis
2018 4931 2212 4983 donata
2268 4946 2373 4984 non
2410 4930 2660 4986 fuerunt:
2695 4939 2785 4982 aut
2821 4931 3019 4981 donata
3051 4927 3267 4996 quidem
3308 4925 3426 4978 fue-

1858 5022 2316 5090 runt;jussiones
2343 5034 2522 5076 autem
2553 5025 2618 5076 de
2652 5023 2734 5076 bis
2768 5021 2922 5075 facta:
2961 5037 3069 5074 non
3106 5029 3232 5074 sunt
3267 5033 3428 5070 revo-

1857 5125 2011 5178 catze,
2041 5116 2120 5169 vel
2153 5117 2204 5170 in
2234 5117 2385 5184 prius
2405 5117 2725 5184 designatis,
2746 5131 2866 5185 quae
2891 5116 3022 5183 ipsis
3048 5113 3247 5167 donata
3271 5120 3424 5170 sunt,

1855 5213 2129 5280 jussiones
2161 5214 2227 5267 de
2260 5216 2407 5282 prius
2440 5213 2680 5267 deﬁnitis
2710 5229 2816 5266 non
2855 5222 2981 5266 sunt
3024 5220 3307 5268 revocata},
3338 5218 3432 5260 aut

1853 5304 2160 5374 jussionutn
2205 5307 2571 5374 imperalium,
2625 5322 2746 5376 qua:
2805 5306 2937 5374 ipsis
2990 5306 3209 5358 tributa:
3259 5312 3428 5366 sunt,

1858 5398 2054 5468 aliqua:
2089 5400 2236 5454 nullo
2261 5400 2421 5454 modo
2457 5400 2746 5455 insinuata:
2781 5399 3037 5464 luerunt;
3075 5408 3168 5452 aut
3211 5397 3434 5451 fuerunt

1858 5497 2074 5566 quidem
2105 5496 2393 5551 insinuata:
2427 5498 2479 5550 in
2514 5497 2698 5564 aliquo
2732 5513 2837 5550 non
2874 5506 3052 5549 tamen
3087 5503 3431 5562 competente

1860 5585 2090 5655 secreto;
2126 5601 2218 5644 aut.
2263 5592 2553 5644 insinuata:
2601 5591 2923 5659 perierunt,
2962 5586 3206 5655 exempla
3242 5595 3426 5637 autem

1859 5699 2044 5737 earum
2095 5684 2196 5738 [ide
2230 5684 2392 5754 digna
2427 5683 2804 5753 reperiuntur;
2848 5693 2943 5735 aut
2969 5690 3112 5739 acta.
3149 5695 3272 5748 qua:
3301 5691 3428 5746 pro-

1860 5776 2054 5831 cedere
2087 5776 2378 5839 debebant,
2409 5793 2516 5830 non
2560 5782 2981 5842 processerunt,
3026 5772 3107 5826 vel
3151 5787 3271 5840 qua:
3303 5784 3432 5837 pro-

1863 5881 2143 5926 cesserunt
2192 5887 2295 5924 non
2347 5882 2473 5924 sunt
2522 5872 2984 5936 ittsinunla;-aut,
3022 5883 3141 5937 (ιιι-υ
3190 5864 3306 5918 ﬁeri
3336 5863 3430 5916 de—
