4166 6438
746 421 846 483 951

2018 429 2295 488 TIIEOD.
2333 429 2726 490 BALSAMON

3905 421 4013 481 959.

739 536 997 597 buerunt.
1027 541 1298 594 rationum
1335 543 1792 610 computationes,
1825 544 1981 600 facta!
2016 564 2123 601 non
2159 553 2297 601 sunt:

2416 544 2575 596 λοντα
2613 544 2885 613 προϐῆναι
2926 545 2985 593 οὐ
3013 542 3344 611 προέϐησαν,
3383 540 3418 609 ἢ
3458 539 3741 608 προϐάντα
3772 538 3836 590 οὐ
3870 555 4004 590 κατ-

736 640 831 681 aut
883 628 1022 685 forte
1077 632 1378 700 quamlibet
1428 635 1587 689 aliam
1640 638 1711 689 ob
1768 653 2011 700 causam.
2070 642 2183 694 sive
2241 656 2307 693 ex

734 731 910 788 parte.
947 723 1062 776 sive
1093 724 1143 775 in
1182 734 1377 787 totum,
1418 740 1539 793 quae
1570 727 1767 781 adsunt
1810 746 1952 797 smpe
1985 732 2145 785 dictis
2176 748 2298 787 san-

733 812 837 865 ctis
876 812 965 864 Dei
1006 814 1257 869 ecclesiis
1285 824 1338 868 et
1367 819 1523 870 matri
1553 821 1795 873 omnium
1824 823 1943 889 jura
1970 806 2302 889 claudicant,

734 912 786 955 et
824 904 948 957 inde
981 905 1290 961 firmitatem
1342 926 1496 964 suam
1551 928 1657 965 non
1714 913 1946 982 habent;
1982 920 2082 971 etsi
2124 923 2303 975 omnis

733 1014 852 1059 qua:
888 1001 1248 1054 instrumenta
1282 1002 1589 1059 claudicare
1632 1006 1835 1070 faciat,
1872 1026 2034 1065 causa
2084 1029 2190 1067 non
2234 1014 2305 1068 sit

732 1088 820 1141 hic
854 1091 1187 1144 nominatim
1204 1082 1497 1162 Expressa;
1546 1107 1640 1151 aut
1673 1100 1776 1153 alia
1830 1100 1967 1155 forte
2002 1103 2135 1171 ipsis
2171 1121 2304 1159 cou-

730 1181 848 1233 Ct'di
887 1183 1191 1238 debuerunt
1230 1187 1589 1243 instrumenta
1630 1192 1696 1244 de
1744 1194 2056 1262 hujusmodi
2107 1197 2303 1252 immo-

733 1274 955 1340 bitibus,
983 1291 1108 1344 eum
1142 1279 1319 1347 aliqua
1384 1283 1574 1335 saliem
1613 1285 2025 1352 impetraverint
2083 1291 2228 1356 (nam
2256 1292 2301 1346 si

731 1365 1116 1420 documentum
1159 1369 1225 1422 de
1262 1373 1515 1441 quopiam
1549 1390 1613 1427 ex
1643 1379 1910 1445 possessis
1938 1396 1967 1433 a
2010 1396 2068 1435 se
2108 1384 2303 1436 immo-

733 1455 956 1519 bilibus,
997 1472 1342 1527 nequaquam
1386 1464 1758 1531 acquisierint,
1803 1468 1939 1521 nihil
1980 1484 2008 1521 a
2051 1475 2301 1541 praesenti

729 1546 919 1599 Aurem
946 1547 1109 1602 Bulla:
1137 1552 1384 1605 oratione
1406 1551 1790 1626 juvabuntur),
1829 1562 1973 1614 nulla
2011 1562 2064 1617 in
2099 1580 2155 1619 re
2190 1567 2302 1620 hanc

731 1640 938 1701 omnia,
969 1652 1022 1694 et
1060 1659 1404 1713 quaecunque
1434 1648 1537 1701 alia
1589 1652 1824 1719 cuipiam
1879 1671 1975 1724 pro
2014 1658 2144 1711 fisco
2184 1674 2304 1713 cer-

732 1731 867 1781 tanti
922 1731 975 1784 in
1032 1747 1263 1790 mentem
1302 1741 1629 1811 quandoque
1664 1748 1944 1809 venerint,
1981 1750 2173 1803 laedere
2204 1768 2302 1803 un-

736 1837 898 1884 quam
936 1827 1312 1882 sanctissimas
1345 1828 1437 1884 Dei
1476 1835 1757 1894 ecclesias,
1800 1846 1854 1889 ct
1884 1838 2176 1907 Sapientia:
2210 1842 2297 1895 Dei

2414 638 2788 703 εστρώοησαν,
2842 636 2873 705 ἢ
2936 634 3233 703 ώρισοὲντα
3288 632 3538 699 γενέσθαι
3570 633 3863 699 λογίσιςια,
3908 632 4007 682 οὐκ

2414 729 2679 793 ἐγένοντο,
2707 728 2739 795 ἢ
2764 727 2903 779 κατά
2931 744 3049 778 τινα
3077 728 3207 788 ίσως
3231 726 3396 793 ἄλλην
3425 724 3618 777 ὀπίαν
3637 725 3702 776 ἄν
3728 742 3814 780 τις
3836 727 4004 787 εἷποι,

2412 821 2592 873 αἰτίιν
2627 822 2735 870 εἴτε
2760 820 2898 871 κατὰ
2929 819 3095 887 μέρος
3130 820 3237 868 εἴτε
3273 816 3787 883 καθολὸκληρον,τὰ
3823 830 3994 879 προσ-

2414 912 2541 964 όντα
2573 917 2692 975 ταῖς
2743 912 3001 973 πολλάκις
3062 910 3477 978 διαληφθείσαις
3512 907 3697 974 ἁγίαις
3732 907 3829 958 τοῦ
3864 905 4003 957 Θεοῦ

2414 1003 2735 1071 ἐκκλησίαις
2772 1004 2868 1057 καὶ
2902 1006 2966 1072 τῇ
3005 1003 3173 1072 μητρὶ
3210 1002 3398 1055 πασῶν
3430 1000 3736 1069 χωλεύουσι
3769 998 4003 1050 δικαιὼ-

2418 1112 2586 1163 ματα,
2630 1095 2925 1147 κάντεῦθεν
2955 1096 3053 1149 οὐκ
3089 1096 3271 1165 ἔχουσι
3297 1096 3356 1147 τὸ
3399 1096 3852 1163 ἀπερικλὸνητον,
3898 1094 4005 1143 κᾶν

2419 1186 2493 1255 μὴ
2524 1188 2705 1256 ῥητῶς
2729 1187 2965 1239 ἐνταῦθα
2988 1190 3136 1240 πᾶσα
3161 1186 3473 1254 ὁποιαδήτις
3490 1186 3636 1237 αίτία
3662 1184 4005 1245 ὑποσκάζειν

2415 1279 2645 1331 ποιοῦσα
2700 1280 2768 1331 τὰ
2802 1280 3147 1349 δικαιώματα
3204 1279 3627 1349 ἐκπεφώνηταιο
3685 1279 3717 1344 ἢ
3779 1278 4002 1345 ὀφεῖλον

2408 1371 2573 1440 τυχὸν
2623 1376 2714 1423 καὶ
2750 1373 2918 1441 ἕτερα
2950 1373 3297 1440 δικαιώματα
3353 1371 3873 1440 προσεπορεχθῆναι
3908 1370 4004 1421 αὐ-

2408 1466 2530 1525 ταῖς
2560 1465 2652 1515 ἐπὶ
2686 1467 2797 1526 τοῖς
2829 1465 3091 1525 τοιούτοις
3118 1464 3423 1531 ἀκινήτοις,
3472 1462 3545 1524 ῶς
3580 1464 3743 1515 τινῶν
3774 1464 4002 1514 πάντων

2410 1552 2733 1621 προὸἀντων
2763 1554 2821 1604 ἐν
2855 1553 3051 1614 αὐταῖς
3078 1554 3359 1622 ἀκινήτων
3414 1552 3730 1622 κέκτηνται,
3762 1553 3924 1605 οὐδέν
3950 1570 4003 1604 τι

2408 1644 2514 1696 ἀπὸ
2548 1645 2641 1695 τοῦ
2666 1644 2933 1713 παρόντος
2972 1644 3375 1713 χρυσοόούλλου
3409 1643 3569 1712 λόγου
3605 1643 4002 1713 ὠφεληθήσον-

2408 1754 2518 1797 ται,
2580 1738 2719 1788 κατά
2756 1737 2924 1805 μηδὲν
2959 1754 3011 1787 τι
3033 1736 3208 1788 ταῦτα
3272 1736 3469 1798 πάντα,
3528 1736 3619 1789 καὶ
3654 1738 3751 1788 ὅσα
3789 1737 3862 1789 ἄν
3917 1754 4001 1798 τις

2408 1828 2543 1881 ἄλλα
2585 1829 2665 1890 είς
2705 1828 2827 1879 νοῦν
2857 1827 2998 1898 λάϐῃ
3030 1828 3163 1879 ποτὲ
3191 1828 3333 1896 ὑπὲρ
3361 1827 3453 1879 τοῦ
3494 1826 3757 1895 δημοσίου
3785 1830 4001 1892 ἀγωνι-

732 1917 1014 1982 templum,
1039 1918 1383 1988 reliquasque
1406 1927 1749 1994 metrOpoles,
1772 1932 2297 1999 archiepiscopatus,

2406 1920 2655 1987 ζόμενος,
2678 1920 3026 1988 καταὸλάψαι
3083 1921 3211 1973 ποτὲ
3241 1921 3337 1983 τὰς
3389 1920 3483 1972 τοῦ
3512 1920 3645 1971 Θεοῦ
3676 1921 3999 1987 ἁγιωτάτας

738 2010 1108 2076 episcopatus,
1140 2022 1394 2078 poterunt
1428 2016 1479 2069 in
1514 2018 1581 2072 iis
1624 2021 2019 2081 immobilibus.
2058 2041 2199 2093 qua),
2244 2035 2303 2080 ut

727 2097 937 2150 dictum
990 2111 1090 2164 est,
1136 2105 1203 2157 ad
1256 2120 1348 2159 eas
1398 2109 1690 2175 pertinent.
1732 2128 1793 2164 ex
1828 2113 2303 2184 qualibuscunque

729 2191 967 2257 jttribus.
1006 2194 1061 2245 Si
1110 2198 1253 2249 enim
1290 2200 1501 2253 nullum
1550 2204 1771 2269 penitus
1807 2205 1895 2272 jus
1924 2209 1975 2258 in
2009 2208 2301 2276 aliquibus,

733 2300 851 2350 qua:
889 2286 1028 2341 forte
1065 2288 1284 2353 habent,
1337 2291 1707 2345 immobilibus
1764 2298 2063 2364 possident.
2106 2316 2135 2353 a
2170 2317 2304 2367 pra?-

733 2377 871 2427 senti
910 2379 1079 2430 Aurea
1112 2377 1259 2432 Bulla
1304 2383 1509 2435 munita
1544 2387 1857 2441 deﬁnitione
1900 2389 2033 2442 nihil
2078 2393 2302 2443 omnino

727 2470 1063 2530 juvabuntttr
1098 2486 1113 2523 :
1146 2472 1286 2523 sicut
1342 2489 1439 2526 nec
1494 2475 1545 2527 in
1594 2478 1795 2544 quibus
1851 2480 2016 2534 fiscus
2052 2497 2114 2533 ex
2146 2481 2298 2549 justa

734 2559 916 2625 aliqua
952 2575 1113 2615 causa
1145 2564 1207 2615 ad
1257 2563 1576 2619 hodiernum
1615 2584 1787 2637 usque
1826 2570 1967 2623 diem
2000 2575 2301 2639 possessio-

732 2667 854 2703 nem
888 2652 1093 2707 habuit.
1134 2656 1189 2709 lu
1227 2656 1310 2711 his
1348 2659 1491 2711 enim
1525 2662 1780 2717 omnibus
1808 2664 1949 2731 juris
1980 2665 2297 2720 observabi-

730 2752 817 2795 tur
853 2756 1036 2799 exacta
1068 2748 1374 2818 disciplina.
1412 2750 1467 2805 Si
1498 2755 1622 2821 quis
1655 2770 1783 2820 ergo
1814 2758 1944 2810 velit
1972 2796 1986 2819 ,
2018 2759 2087 2810 ob
2116 2760 2299 2811 avari-

732 2837 860 2886 tiam
900 2838 980 2889 vel
1034 2838 1105 2891 ob
1151 2842 1311 2894 aliam
1362 2845 1598 2911 aliquam
1647 2862 1888 2910 causam,
1942 2864 2024 2911 ea,
2079 2866 2199 2918 qua:
2246 2851 2297 2902 in

727 2931 978 3001 praisenti
1016 2932 1314 2998 majestatis
1352 2952 1483 2989 nica:
1522 2936 1699 2992 Aurea
1743 2937 1892 2993 Bulla
1928 2941 2135 2993 munita
2165 2942 2299 2995 deti-

728 3021 938 3075 nitione
966 3025 1258 3077 constituta
1287 3037 1437 3091 sunt,
1474 3031 1743 3097 negligere
1776 3048 1788 3083 :
1818 3034 2049 3099 primum
2077 3034 2296 3100 quidem

727 3125 928 3163 Sancta:
950 3113 1234 3169 Trinitatis
1270 3119 1463 3179 lucem,
1495 3122 1715 3188 quando
1740 3139 1924 3176 coram
1961 3125 2294 3179 formidabili

728 3203 983 3256 tribunali
1023 3208 1357 3270 steterimus,
1396 3226 1499 3264 non
1531 3214 1742 3273 viderit,
1785 3230 1813 3267 a
1857 3214 2293 3269 Christianorum

725 3305 906 3349 autem
949 3308 1119 3365 parte,
1173 3312 1231 3354 ut
1262 3300 1432 3356 Judas
1465 3320 1494 3357 a
1532 3305 1866 3361 duodenario
1900 3325 2129 3361 numero
2158 3350 2171 3371 ,
2206 3324 2301 3362 cx-

725 3391 937 3452 citlerit;
978 3404 1233 3459 pra-terea
1277 3405 1454 3449 autem
1489 3406 1541 3449 et
1582 3400 2017 3453 malediCIioncm
2054 3409 2299 3453 attraxe-

727 3481 795 3531 rit
830 3496 1017 3533 eorum
1052 3486 1142 3551 qui
1178 3500 1203 3537 a
1236 3488 1435 3538 sarculo
1468 3486 1805 3543 dormierunt
1839 3502 2151 3543 sanctorum
2190 3492 2298 3559 pri-

727 3574 1147 3638 mogenitorum,
1176 3578 1449 3642 justorum
1483 3592 1532 3633 et
1568 3580 1877 3635 divinorum
1912 3586 2163 3636 Patrum.

794 3748 954 3819 312
972 3751 1225 3809 ZONAR.
1249 3754 1917 3829 Ecclesiarumaﬂroﬁpyta
1936 3762 2295 3819 inabenabilia

726 3859 839 3897 sort
855 3846 933 3897 ari
959 3846 1042 3899 hic
1067 3863 1239 3901 canon
1260 3850 1412 3915 jubet
1439 3851 1759 3921 (αὐτούργια
1785 3866 1989 3918 autem,
2025 3856 2126 3911 hoc
2157 3861 2293 3921 loco,

725 3952 1064 4006 qumcuuque
1098 3939 1333 3992 fructum
1370 3958 1432 3993 ex
1470 3958 1527 3995 se
1574 3943 1713 3998 ferre
1758 3959 2001 4013 queant,
2040 3950 2297 4019 intelligi-

725 4028 891 4094 mus),
936 4028 1325 4099 proferuntque
1366 4030 1553 4086 Patres
1578 4036 1937 4103 apostolicum
1984 4052 2248 4091 canonem
2280 4080 2295 4102 ,

726 4131 835 4183 quo
888 4134 1065 4171 rerum
1117 4122 1611 4183 ecclesiasticarum
1668 4126 1982 4191 procuratio
2038 4128 2297 4195 episcopo

724 4210 1101 4275 demandatur,
1148 4222 1205 4265 ut
1244 4229 1337 4269 eas
1390 4215 1496 4278 ille,
1548 4216 1709 4268 veluti
1766 4216 2110 4284 inspectante
2163 4218 2290 4284 Deo,

724 4303 1091 4369 administret,
1127 4323 1224 4360 nec
1253 4324 1316 4361 ex
1353 4309 1417 4362 iis
1446 4310 1649 4369 aliquid
1680 4311 2027 4376 intervertat,
2059 4312 2161 4365 hoc
2188 4325 2291 4377 est,

722 4396 823 4448 sibi
883 4405 1139 4463 tanquam
1184 4400 1463 4469 proprium
1502 4402 1759 4467 vindicet,
1818 4419 1999 4473 neque
2046 4408 2293 4471 cognatis

723 4487 838 4541 suis
870 4489 1149 4555 largiatur.
1187 4491 1341 4557 Quod
1376 4493 1419 4546 si
1455 4492 1614 4556 forte,
1658 4494 1915 4563 inquiunt
1968 4496 2018 4549 hi
2076 4497 2289 4561 Patres,

723 4580 964 4634 sterilem
998 4597 1187 4652 agrum
1224 4599 1287 4637 ac
1332 4587 1558 4651 proinde
1604 4588 1849 4642 ecclesia:
1882 4590 2123 4644 inutilem
2172 4608 2293 4646 csse
2321 4616 2371 4674 D

718 4672 1013 4739 episc0pus
1050 4673 1337 4738 obtendat;
1380 4691 1446 4727 ne
1470 4676 1549 4729 sic
1583 4677 1799 4743 quidem
1847 4694 1969 4731 eum
2006 4682 2291 4749 magistra-

718 4760 888 4825 tibus,
922 4762 1014 4814 sed
1053 4774 1146 4815 aut
1176 4765 1394 4819 clericis
1429 4775 1523 4819 aut
1569 4768 1827 4834 agricolis
1852 4810 1865 4832 ,
1904 4770 2158 4824 addicat:
2186 4774 2295 4826 cle-

720 4854 848 4907 ricis
878 4857 1116 4921 quidem,
1152 4858 1277 4925 quia
1317 4859 1601 4914 inferiores
1638 4869 1689 4913 et
1713 4861 1944 4929 subjecti
1976 4874 2120 4927 sunt;
2149 4866 2293 4933 agri—

716 4944 852 4995 colis
894 4960 1023 4997 vero
1052 4988 1064 5002 .
1096 4956 1282 5015 utpote
1314 4950 1403 5017 qui
1456 4951 1566 5002 ruri
1606 4952 1863 5017 degentes
1903 4953 1954 5002 in
1997 4954 2291 5009 humiliore

719 5046 883 5104 atque
902 5038 1233 5106 subjectiore
1265 5041 1479 5095 fortuna
1506 5052 1815 5096 versantur.
1837 5044 1988 5108 Quod
2010 5048 2053 5099 si
2074 5056 2291 5101 versute

719 5145 782 5182 ac
834 5130 1021 5185 dolose
1057 5133 1258 5188 clerico
1312 5135 1530 5202 quidem
1597 5145 1688 5189 aut
1749 5136 1998 5207 agricolae
2062 5138 2291 5193 dedatur

723 5236 871 5289 ager,
900 5224 992 5277 sed
1044 5226 1109 5277 ab
1162 5242 1226 5279 eo
1276 5237 1459 5295 postea
1513 5230 1749 5297 cuipiam
1809 5246 1838 5283 e
1884 5231 2289 5298 magistratibus

721 5318 1081 5385 mancipetur,
1120 5327 1289 5371 totum
1327 5319 1454 5371 d'ud
1488 5320 1759 5389 negotium
1792 5361 1805 5384 ,
1834 5328 1945 5374 sive
1975 5322 2288 5376 venditione

719 5409 833 5462 sive
862 5410 971 5462 alia
1018 5426 1349 5478 quacunque
1399 5415 1610 5466 ratione
1663 5422 2019 5477 transactum,
2074 5415 2284 5467 irritum

716 5514 860 5559 esse,
913 5503 1429 5569 possessionemque
1476 5503 1721 5557 ecclesia:
1767 5504 2002 5567 restitui,
2036 5504 2225 5571 jubent
2267 5544 2281 5555 .

713 5594 807 5660 qui
842 5607 969 5644 vero
998 5608 1109 5646 rem
1143 5594 1407 5660 ejusmodi
1458 5595 1758 5657 admiserit,
1795 5605 1852 5647 ut
1898 5612 1991 5660 per
2040 5595 2283 5648 fraudem

719 5682 989 5746 videlicet,
1028 5685 1111 5738 vel
1146 5687 1308 5738 etiam
1348 5684 1637 5738 manifesto
1688 5695 1740 5737 ct
1784 5686 2001 5753 palam,
2036 5687 2283 5755 dynastis

714 5774 1112 5829 ecclesiasticas
1138 5775 1513 5844 possessiones
1541 5776 1817 5845 proderet,
1850 5779 1964 5833 sive
1994 5780 2283 5847 episcopus

710 5868 825 5921 sive
876 5870 1193 5924 monasterii
1235 5867 1524 5939 pra-fectus
1554 5871 1644 5935 sit,
1688 5885 1715 5925 c
1750 5871 2026 5941 dignitatis
2065 5872 2278 5943 gradu,

2406 2012 2726 2077 ἐκκλησίας.
2761 2012 2852 2062 τόν
2875 2029 2931 2063 τε
2964 2012 3063 2081 τῆς
3084 2013 3179 2063 τοῦ
3207 2010 3342 2064 Θεοῦ
3367 2011 3557 2076 σοφίας
3575 2006 3750 2073 οἷκον,
3771 2010 3875 2062 καὶ
3898 2011 3999 2071 τὰς

2404 2099 2596 2162 λοιπὰς
2661 2102 3044 2171 μητροπόλεις.
3103 2103 3581 2170 ἀρχιεπισκοπας.
3644 2101 3985 2159 ἐπισκοπάς.

2403 2190 2693 2259 δυνήσεται
2723 2193 2818 2244 ἐπὶ
2846 2196 2978 2255 τοῖς,
3019 2193 3095 2254 ὡς
3143 2194 3380 2261 είρηται,
3419 2192 3768 2260 διαφέρουσιν
3802 2192 3997 2254 αὐτοῖς

2404 2285 2680 2353 ἀκινήτοις
2696 2286 2792 2351 ἀφ’
2814 2285 3146 2351 οἱωνδήποτε
3172 2285 3578 2352 δικαιωμάτων.
3601 2284 3660 2334 Ei
3678 2285 3790 2353 γὰρ
3819 2286 3999 2352 μηδέν

2402 2391 2455 2426 τι
2488 2376 2750 2443 μηδαμῶς
2772 2376 3048 2444 δικαίωμα
3073 2364 3378 2443 ἐκτήσαντο
3423 2375 3515 2426 ἐπί
3548 2392 3689 2426 τισιν
3722 2374 3858 2436 ἴσως
3890 2377 3999 2425 τῶν

2405 2468 2719 2535 προσόντων
2778 2469 2969 2529 αὐταῖς
3026 2468 3323 2535 ἀκινήτων,
3397 2466 3658 2535 οὐδεμίαν
3721 2467 3835 2519 ἀπὸ
3902 2468 3998 2519 τοῦ

2407 2557 2674 2625 παρόντος
2706 2557 3103 2626 χρυσοϐούλλου
3128 2558 3289 2624 λόγου
3325 2556 3591 2623 ὠφέλειαν
3619 2557 3742 2621 ’ἐξου
3754 2575 3864 2621 σιν,
3887 2557 3996 2607 ῶσ-

2404 2664 2509 2716 περ
2541 2648 2661 2699 οὐδὲ
2695 2650 2782 2715 ἐφ’
2818 2644 2901 2708 οἷς
2953 2648 3078 2717 ἔσχε
3118 2649 3219 2717 τὴν
3275 2651 3513 2716 κατοχὴν
3537 2648 3563 2699 δ
3591 2648 3860 2715 δημόσιος
3898 2651 3997 2716 ἀφ’

2402 2740 2747 2809 οἱασδήτινος
2781 2740 3007 2806 εὐλόγου
3038 2741 3220 2801 αἰτίας
3252 2741 3412 2809 μέχρι
3433 2739 3533 2807 τῆς
3565 2740 3813 2805 σήμερον
3836 2755 3856 2769 ·
3900 2741 3992 2792 ἐπὶ

2401 2832 2611 2895 τούτοις
2635 2833 2743 2900 γὰρ
2771 2834 2904 2885 πᾶσι
2943 2832 3004 2883 τὸ
3029 2833 3258 2902 ἀκριϐὲς
3291 2830 3895 2900 παραφυλαχϐήσεται.
3931 2834 3995 2883 Εί

2400 2940 2485 2984 τις
2502 2922 2594 2975 οῦν
2615 2923 2831 2993 θελήσει
2858 2925 2947 2976 διὰ
2966 2923 3404 2992 φιλοχρηματίαν
3433 2922 3551 2991 ἢδι⁹
3580 2924 3782 2989 ἑτέραν
3800 2924 3994 2976 αἰτίαν

2400 3016 2522 3067 τινὰ
2556 3016 2967 3084 καταφρονῆσαι
3002 3015 3111 3067 τῶν
3142 3017 3199 3066 ἐν
3232 3014 3310 3084 τῷ
3341 3013 3571 3081 παρόντι
3597 3014 3994 3082 χρυσοϐούὶλῳ

2400 3105 2544 3174 λόγῳ
2576 3106 2673 3173 τῆς
2705 3106 2982 3174 βασιλείας
3035 3124 3136 3174 μου
3191 3104 3588 3173 διωρισμένων,
3648 3105 3850 3171 πρῶτα
3896 3109 3993 3173 μὲν

2401 3190 2494 3247 οὖν
2524 3196 2583 3247 τὸ
2605 3196 2706 3264 τῆς
2738 3196 2899 3261 ἁγίας
2946 3196 3174 3262 Τριὰδος
3198 3197 3421 3263 φέγγος,
3462 3196 3553 3247 ὅτε
3593 3200 3993 3265 περισταμεθα

2399 3287 2476 3356 τῷ
2510 3288 2726 3358 φοϐερῷ
2757 3288 2983 3356 βήματι,
3013 3288 3086 3357 μὴ
3116 3287 3393 3349 θεάσαιτο,
3429 3285 3732 3338 ἐκπέσοιδὲ
3759 3289 3860 3338 καὶ
3890 3289 3993 3354 τῆς

2399 3382 2507 3432 τῶν
2540 3383 2882 3449 Χριστιανῶν
2912 3382 3149 3452 μερίδος,
3181 3381 3256 3443 ὡς
3299 3378 3500 3440 Ἰούδας
3520 3379 3617 3447 τῆς
3637 3380 3989 3440 61106525160;-

2401 3471 2538 3539 πρὸς
2566 3472 2647 3524 ἔτι
2681 3473 2891 3535 τούτοις
2919 3473 3012 3524 καὶ
3045 3474 3143 3541 τὴν
3168 3472 3307 3541 ἀρὰν
3338 3470 3712 3523 ἐπισπάσαιτο
3748 3474 3865 3524 τῶν
3895 3474 3993 3526 ἀπ’

2398 3564 2597 3627 αἰῶνος
2654 3565 3182 3635 προκεκοιμημένων
3232 3562 3593 3634 πρωτοτόκων
3659 3563 3862 3631 ἁγίων,
3919 3567 3993 3619 διο

2398 3660 2570 3709 καίων
2602 3660 2694 3711 καὶ
2718 3659 2993 3727 θεοφόρων
3029 3658 3312 3729 Πατέρων.

2474 3751 2716 3804 ΖΩΝΑΡ.
2747 3751 2827 3803 Τὰ
2851 3752 3149 3820 αὐτούργια
3174 3753 3282 3804 τῶν
3308 3753 3616 3823 ἐκκλησιῶν
3649 3753 3989 3821 ἀνεκποίητα

2398 3842 2426 3892 ὁ
2456 3842 2635 3893 κανὼν
2665 3834 2820 3905 οὗτος
2850 3842 3061 3894 κελεύει
3104 3844 3469 3911 φυλάττεσθαι
3510 3844 3898 3915 (αὐτούργιον
3944 3846 3987 3897 δ’

2400 3930 2631 3983 ἐνταῦθα
2664 3933 2771 3983 πᾶν
2808 3931 3136 4000 εὐπρόσοδον
3177 3933 3452 4002 νοητέον)·
3486 3934 3578 3987 καὶ
3607 3934 3703 3987 τὸν
3758 3938 3991 3987 ἀποστο-

2398 4023 2547 4076 λικὸν
2568 4024 2768 4076 κανόνα
2802 4025 3168 4091 παράγουσιν,
3196 4029 3343 4088 ὅστις
3373 4026 3449 4093 τῷ
3478 4028 3777 4098 ὲπισκόπῳ
3801 4029 3989 4080 ἀναξία

2401 4114 2525 4183 θησι
2556 4117 2654 4184 τὴν
2686 4118 2943 4184 φροντίδα
2968 4118 3079 4169 τῶν
3112 4119 3585 4187 ἐκκλησιαστικῶν
3608 4122 3983 4189 πραγμάτων,

2399 4206 2464 4257 ἵν’
2490 4209 2631 4260 αὐτά
2661 4209 2833 4278 διοικῇ
2863 4210 2938 4269 ὡς
2964 4209 3054 4262 τοῦ
3084 4210 3218 4262 Θεοῦ
3252 4212 3579 4280 ἐφορῶντος,
3605 4216 3702 4265 καὶ
3734 4217 3906 4283 μηδὲν
3932 4216 3987 4279 ἐξ

2396 4301 2577 4353 αὐτῶν
2616 4304 3028 4371 σφετερίζηται,
3089 4305 3208 4373 ήτοι
3259 4304 3558 4370 οἰκειῶται,
3619 4307 3983 4377 ἧσυγγενέτι

2398 4392 2692 4461 χαρίζηται
2758 4394 2975 4447 ἑαυτοῦ.
3012 4395 3073 4447 Et
3124 4396 3182 4449 δὲ
3229 4398 3623 4465 προφασίζοιτο
3655 4400 3981 4463 ἐπίσκοπος,

2396 4486 2561 4549 φασὶν
2594 4486 2644 4536 0i
2672 4488 2913 4554 Πατέρες
2949 4478 3117 4553 οῦτοι,
3166 4490 3247 4541 ὅτι
3276 4490 3583 4559 ἀπρόσοδός
3611 4492 3733 4545 ἐστι
3772 4494 3932 4563 τυχὸν
3955 4493 3983 4543 δ

2397 4580 2587 4649 ἀγρὸς,
2614 4581 2707 4632 καὶ
2746 4581 3003 4649 οὐδεμίαν
3028 4582 3298 4649 ὠφέλειαν
3333 4586 3399 4653 τῇ
3432 4585 3711 4655 ἐκκλησία
3744 4589 3980 4655 ἐμποιεῖ,

2402 4673 2538 4740 μηδὲ
2571 4672 2745 4734 οὕτως
2774 4673 3041 4743 ἄρχουσιν
3090 4675 3253 4727 αὐτὸν
3286 4676 3565 4738 ἐκδιδότω,
3623 4678 3770 4730 ἁλλά
3795 4682 3981 4749 κληρι-

2397 4767 2514 4825 κοῖς
2547 4765 2869 4833 ἦγεωργοῖς
2890 4781 2905 4794 ⁸
2940 4768 3051 4827 τοῖς
3094 4766 3192 4835 μὲν
3224 4767 3511 4835 κληρικοῖς
3561 4768 3643 4830 ὡς
3677 4771 3976 4839 ὑποκειμέ-

2395 4873 2505 4919 νοις
2534 4858 2682 4925 αὐτῷ
2714 4860 2803 4910 καὶ
2838 4857 3143 4923 ὑπείκουσι,
3185 4862 3296 4921 τοῖς
3313 4860 3367 4911 δὲ
3403 4864 3677 4930 γεωργοῖς
3709 4862 3794 4928 ὡς
3824 4868 3978 4934 ἀγρό-

2394 4968 2517 5013 ταις
2574 4951 2908 5021 ἀνθρώποις,
2970 4955 3063 5004 καὶ
3125 4952 3377 5013 εὐτελοῦς
3434 4957 3526 5005 καὶ
3582 4959 3975 5027 ταπεινοτέρας

2394 5044 2801 5104 καταστάσεως.
2842 5044 2902 5094 El
2936 5044 2990 5096 δὲ
3025 5045 3350 5114 πανούργως
3396 5046 3490 5097 καὶ
3525 5049 3667 5113 μετά
3699 5048 3864 5102 δόλου
3893 5052 3973 5101 ἐκ·

2392 5133 2569 5204 δοθείη
2602 5135 2701 5201 μὲν
2720 5138 2747 5187 ὁ
2770 5135 2936 5205 ἀγρὸς
2966 5136 3218 5205 κληρικῷ
3248 5136 3280 5207 ἢ
3306 5137 3560 5207 γεωργῷ,
3587 5138 3647 5203 ἐξ
3682 5141 3902 5195 ἐκείνου
3922 5141 3971 5193 δι

2396 5230 2716 5296 μετατεθείη
2748 5230 2827 5289 είς
2886 5228 3207 5298 ἀρχοντικδν
3236 5231 3548 5299 πρόσωπον,
3600 5232 3823 5300 ἄκυρον
3848 5233 3972 5287 εἶναι

2392 5317 2450 5367 τὸ
2492 5316 2755 5385 πραχθὲν,
2814 5317 2924 5368 εἴτε
2956 5319 3159 5386 πρᾶσις
3204 5317 3437 5383 λέγοιτο.
3466 5320 3575 5371 εἴτε
3614 5324 3967 5391 συνεὶὶὶαγμα

2391 5407 2600 5476 ἕτερον,
2639 5407 2733 5457 καὶ
2759 5406 3235 5459 ἀποκαθίστασθαι
3268 5406 3329 5457 τὸ
3355 5408 3596 5475 πρᾶγμα
3630 5412 3697 5477 τῇ
3745 5410 3969 5477 Ἐκκλη-

2392 5500 2503 5568 σία.
2555 5498 2616 5550 Ὀ
2643 5498 2700 5549 δὲ
2752 5498 2911 5549 τοῦτο
2964 5496 3154 5565 ποιῶν.
3181 5496 3242 5547 τὸ
3284 5498 3423 5565 μετά
3452 5497 3609 5548 δόλου
3651 5499 3903 5567 δηλονότι
3937 5500 3963 5567 ἦ

2390 5593 2481 5645 καὶ
2512 5591 2759 5661 φανερῶς
2779 5589 3088 5660 προδιδόναι
3110 5588 3395 5650 δυνάσταις
3416 5588 3483 5639 τὰ
3506 5589 3964 5657 ἐκκλησιαστικὰ.

2389 5688 2498 5738 εἶτε
2532 5686 2828 5745 ἐπίσκοπος
2861 5684 2969 5751 εἴη,
3001 5681 3112 5734 είτε
3169 5683 3494 5748 ἡγούμενος,
3516 5681 3877 5737 ἐκδιωκέσθω
3902 5686 3965 5746 ὡς

2388 5775 2794 5844 διασκορπίζων
2843 5774 3030 5836 κακῶς
3084 5772 3119 5825 a
3174 5773 3235 5823 οὐ
3292 5773 3627 5841 συνήγαγεν.
3696 5774 3763 5826 Ei
3802 5775 3962 5843 τάρᾶ

2390 5869 2619 5932 ἕκαστος
2683 5870 2951 5938 ἐκτήσατο
3011 5865 3421 5934 διασκορπίζων
3482 5866 3671 5932 κακῶς
3736 5867 3959 5938 κρίματι
