4166 6438
141 436 241 500 953

1132 452 1211 510 lN
1247 456 1562 516 ClN.Xlll
1606 460 1814 520 CONC.
1856 468 1959 524 Vil
2005 472 2357 531 (ECUMEN’.

3265 475 3369 539 954

76 647 79 651 ι
136 567 276 620 ἐστιν
305 568 505 638 ἔνοχος,
535 574 686 644 πόσῳ
716 577 916 644 μᾶλλον
945 581 971 632 6
998 580 1400 653 διασκορπίζων
1444 590 1478 641 ἃ
1503 590 1677 659 ἕτεροι

1787 582 1984 648 quippe
2031 585 2120 652 qui
2155 600 2236 643 ea.
2274 601 2394 651 qua:
2435 585 2550 652 ipse
2601 586 2740 637 haud
2773 585 3011 656 collegit,
3045 590 3184 643 male
3245 591 3368 644 dis-

133 664 207 733 τῷ
243 665 353 734 Θεῷ
378 667 728 736 ἀφιέρωσαν;
786 669 956 738 Οὗτος
999 678 1096 744 μὲν
1127 676 1217 732 οῦν
1272 687 1298 733 ὸ
1347 685 1524 735 κανὼν
1565 688 1690 753 περὶ

135 755 461 823 αὐτουργίων
486 760 630 824 λέγει
654 778 667 791 ·
707 761 734 812 ὁ
760 762 814 813 δὲ
844 765 943 830 τῆς
981 767 1040 816 ἐν
1100 770 1423 842 Καρθαγὲνῃ
1470 773 1690 823 συνόδου

133 847 366 907 εἰκοστὸς
398 849 579 910 ἔνατος
629 853 809 904 κανὼν
839 855 957 908 οὐδὲ
987 858 1283 924 ἁπρόσοδον
1342 864 1403 930 ἐᾷ
1450 864 1694 914 ἐκποιεί-

135 939 274 1001 σΘαι,
297 942 344 991 εἰ
406 942 480 1010 μὴ
517 946 654 1011 μετὰ
711 952 1151 1018 παρατηρήσεως
1211 953 1302 1006 καὶ
1335 957 1460 1016 τοὺς
1496 954 1570 1024 μὴ
1600 972 1699 1021 φυ-

133 1031 420 1094 λάσσοντας
448 1037 538 1088 τὸν
569 1040 765 1091 κανόνα
795 1042 1099 1096 ἐκπτώσειν
1131 1047 1348 1110 κολάζει
1373 1050 1467 1116 τῆς
1490 1050 1700 1112 οίκείας

130 1125 310 1191 τιμῆς.
385 1128 442 1179 'U
497 1128 552 1181 δὲ
590 1132 762 1198 μέγας
797 1134 1064 1203 Κύριλλος
1108 1139 1299 1208 Δὸμνῳ
1345 1141 1694 1204 ἐπιστέλλων,

129 1219 378 1284 κειμήλια
435 1221 528 1271 καὶ
581 1223 802 1292 κτήσεις
863 1228 1154 1294 ἀκινήτους
1194 1230 1501 1297 ἐκκλησιῶν
1531 1232 1692 1284 ἀνεκ-

128 1310 324 1374 ποίητα
389 1307 529 1364 εἶναι
569 1313 944 1370 διατάττεται·

1014 1320 1150 1372 ἀλλὰ
1205 1321 1380 1375 ταῦτά
1416 1339 1527 1374 τισι
1585 1323 1695 1376 τῶν

127 1400 443 1466 ἡγουμένων
468 1404 633 1473 λῆρος
664 1407 812 1458 δοκεῖ
1543 1409 1553 1421 ’

1795 675 2018 742 perdat,
2075 677 2234 742 dejici
2293 693 2352 728 ae
2417 679 2716 732 deturbari.
2759 680 2890 733 Nam
2930 683 2971 733 si
3048 682 3362 752 quicunque

1793 781 1891 817 sua
1925 766 2097 832 ipsius
2132 770 2268 820 bona
2309 769 2447 821 male
2473 771 2789 823 distraxerit
2829 771 3036 839 judicio
3069 783 3151 826 est
3183 775 3363 827 obno-

1792 857 1936 919 xius,
1969 871 2173 926 quanto
2207 861 2354 911 illum
2391 862 2557 922 magis
2605 863 2898 915 obnoxium
2949 880 3072 918 esse
3119 865 3360 918 arbitre-

1799 965 1944 1012 mur,
1983 952 2072 1019 qui
2145 951 2249 1005 Deo
2306 964 2373 1006 ao
2424 953 2544 1006 aliis
2579 964 2929 1008 consecratas
2982 957 3363 1025 possessiones

1794 1043 2057 1112 dissipat?
2088 1047 2268 1114 Atque
2303 1046 2392 1100 hic
2424 1049 2642 1116 quidem
2680 1064 2853 1102 canon
2891 1050 2956 1102 de
2980 1051 3123 1112 agris
3152 1051 3362 1104 statuit.

1795 1134 2239 1206 Carthaginensis
2289 1148 2467 1190 autem
2522 1141 2713 1208 synodi
2757 1140 3229 1205 undetricesimo,
3279 1157 3366 1194 res

1793 1243 2007 1296 quoque
2056 1229 2212 1292 alite,
2253 1232 2502 1298 quamvis
2549 1233 2754 1284 I'ructui
2811 1232 3034 1286 ferendo
3070 1249 3176 1285 non
3215 1234 3323 1288 sint
3349 1271 3365 1297 ,

1793 1319 2048 1384 distrahi,
2076 1322 2182 1376 nisi
2215 1325 2464 1376 cautione
2500 1323 2758 1387 adhibita,
2795 1326 3189 1392 prohibentur;
3241 1326 3363 1392 qui-

1795 1428 1901 1480 que
1932 1416 2126 1467 canoni
2168 1430 2274 1469 non
2333 1417 2634 1483 paruerint,
2665 1417 2943 1485 dignitatis
2967 1459 2982 1482 ,
3031 1434 3191 1482 quam
3226 1417 3366 1469 obti-

125 1501 274 1550 nent.
313 1493 613 1559 privatione
644 1500 968 1554 multantur.
1017 1501 1244 1571 Magnus
1280 1497 1460 1560 autem
1490 1504 1725 1574 Cyrillus
1762 1503 1815 1554 in
1855 1519 1948 1555 sua
2012 1504 2076 1556 ad
2138 1505 2421 1582 'Domnutu
2497 1508 2754 1576 epistola,
2820 1510 3173 1564 ecclesiarum
3238 1525 3366 1563 vasa

125 1584 381 1654 pretiosa.
413 1602 708 1656 earumque
742 1589 1048 1649 immobiles
1099 1597 1495 1663 possessiones.
1529 1597 1678 1649 nullo
1725 1595 1884 1648 modo
1935 1598 2161 1652 alienari
2222 1600 2385 1653 licere
2435 1599 2698 1654 decernit.
2747 1600 2850 1655 Sed
2932 1603 3035 1656 ista
3116 1595 3360 1656 nonnulli

124 1679 574 1732 monas‘eriorum
610 1683 848 1750 praefecti
882 1702 1060 1740 meras
1093 1703 1264 1756 nugas
1295 1696 1508 1756 putant.

121 1772 341 1824 ΛΡΙΣΤ.
379 1791 396 1822 ι
433 1771 590 1825 Κατὰ
619 1776 679 1826 τὸ
709 1776 863 1840 δόξαν
915 1782 1024 1843 τοῖς
1053 1782 1228 1847 ἁγίοις
1258 1782 1597 1844 ἀποστόλοις.
1631 1779 1690 1831 τὸ

200 1880 216 1910 ι
255 1864 543 1932 ἐκποιηθέν
566 1866 718 1935 παρὰ
743 1869 1041 1923 ἐπισκόπου
1067 1872 1099 1942 ἢ
1130 1875 1434 1940 ἡγουμένου
1457 1875 1689 1942 πρᾶγμα

198 1974 213 2000 ε
244 1955 349 2022 τῆς
393 1959 698 2028 ἐπισκοπῆς
722 1962 753 2030 ἦ
782 1961 878 2014 τοῦ
913 1966 1275 2034 μοναστηρίου
1301 1967 1503 2034 ἄκυρον
1531 1966 1687 2021 ἔστω.

1868 1775 2094 1830 AlllST.
2141 1795 2158 1826 ι
2194 1773 2356 1830 Juxta
2416 1777 2560 1845 quod
2620 1777 2831 1830 sanctis
2877 1778 3139 1844 apostolis
3186 1778 3364 1829 visum

1804 1888 1822 1920 ι
1863 1881 1961 1933 ρει,
1989 1869 2349 1938 quodcunque
2382 1870 2446 1923 ab
2477 1871 2733 1938 episc0po
2765 1869 2846 1922 vel
2885 1870 3195 1922 monasterii
3230 1885 3365 1936 prae-

1806 1983 1823 2014 ‹
1864 1964 2002 2016 recto
2055 1979 2116 2016 ex
2172 1962 2486 2032 episcopatu
2545 1962 2626 2014 Vel
2689 1962 3021 2015 monasterio
3075 1961 3361 2022 alienatur.

207 2065 221 2086 ι
263 2047 367 2097 Καὶ
400 2050 426 2098 ὁ
451 2048 608 2101 τοῦτο
638 2052 806 2105 ποιῶν
848 2054 1144 2119 ἐπίσκοπος
1176 2057 1209 2126 ἢ
1259 2056 1560 2127 ἡγούμενος
1603 2060 1688 2111 ὲκ-

1806 2077 1822 2106 ‹
1872 2057 2082 2108 irritum
2117 2055 2207 2108 sit.
2246 2055 2309 2106 Et
2353 2056 2642 2124 episcopus
2679 2055 2761 2107 vel
2796 2054 3103 2122 prmiectus,
3137 2055 3229 2122 qui
3264 2055 3367 2108 hoc

203 2159 218 2185 ι
261 2138 562 2196 διωκέσθω.
599 2161 616 2195 ι

195 2230 274 2282 Τὰ
309 2232 413 2284 τῶν
461 2234 768 2303 ἐκκλησιῶν
802 2239 1109 2308 πράγματα
1147 2241 1487 2309 ἀνεκποίητα
1547 2237 1687 2296 εἶναι

115 2323 414 2391 ὀφείλουσι,
439 2328 531 2378 καὶ
567 2329 800 2395 μάλιστα
837 2331 904 2383 τὰ
952 2331 1274 2401 αὐτούργια.
1333 2335 1471 2387 Ὅσα
1496 2335 1550 2386 δὲ
1581 2334 1688 2387 τῶν

116 2416 394 2484 ἀκινήτων
450 2421 588 2471 εἰσὶν
643 2423 870 2492 ἀκερδῆ,
903 2426 995 2476 καὶ
1031 2424 1234 2492 ζημίαν
1294 2429 1359 2495 τῇ
1392 2428 1689 2498 Ἐκκλησία

113 2508 415 2574 ἐπάγοντα,
445 2513 504 2562 οὑ
539 2515 652 2567 τοῖς
683 2517 822 2568 κατὰ
855 2517 1018 2568 τόπον
1077 2517 1335 2586 ἄρχουσιν
1368 2520 1690 2587 ὲκδοθήσον-

110 2618 228 2664 ται,
282 2602 419 2653 ἀλλὰ
450 2604 790 2675 κληρικοῖςῆ
850 2610 1149 2677 γεωργοῖς·
1187 2611 1213 2661 ὁ
1247 2610 1304 2661 δέ
1335 2612 1687 2680 παραϐαίνων

109 2694 184 2742 τὰ
224 2694 533 2761 ὁρισθέντα.
571 2698 618 2747 εἰ
659 2697 732 2766 μὴ
769 2700 1065 2762 ἐπίσκοπὸς
1096 2701 1271 2766 ἐστιν,
1327 2703 1688 2772 ἐκδιωχθήσε-

109 2804 207 2836 ται
233 2786 328 2837 τοῦ
365 2787 738 2853 ἐπισκοπείου,
769 2792 814 2842 εἰ
841 2791 901 2843 δὲ
930 2792 1254 2863 ἡγούμενος,
1290 2795 1384 2847 τοῦ
1421 2813 1690 2867 μοναστη-

109 2881 254 2949 ρίου,
294 2879 370 2945 ὡς
398 2880 882 2947 διασκοοπίξοντες
913 2885 1096 2948 κακῶς
1127 2887 1163 2940 ἆ
1193 2889 1252 2940 οὐ
1288 2890 1616 2960 συνήγαγον.

713 3060 949 3116 ΚΑΝΩΝ
989 3061 1088 3117 ΙΓ’.

106 3257 127 3288 ε
190 3239 409 3310 Ἐπειδὴ
465 3242 550 3296 διὰ
581 3244 679 3312 τὴν
735 3247 1035 3316 γενομένην
1099 3249 1241 3300 κατὰ
1282 3250 1377 3314 τὰς
1409 3251 1685 3320 ἁμαρτίας

191 3355 207 3384 ι
250 3337 407 3405 ἡμῶν
432 3339 719 3410 συμφορὰν
744 3343 802 3395 ἐν
827 3345 947 3404 ταῖς
976 3344 1295 3414 ἐκκλησίαις
1325 3347 1686 3419 καθηρπάγη-

187 3447 205 3477 ι
253 3429 352 3481 σάν
381 3446 526 3492 τινες
550 3432 769 3500 εὐαγεῖς
798 3429 935 3488 οἴκοι
970 3436 1075 3488 ὕπό
1113 3455 1275 3490 τινων
1308 3440 1539 3510 ἀνδρῶν,
1572 3444 1690 3494 ἐπι·
1717 3447 1762 3506 C

187 3539 205 3569 ε
249 3522 478 3573 σκοπεῖὰ
511 3541 568 3575 τε
593 3527 686 3576 καὶ
736 3529 1092 3597 μοναστήρια,
1127 3532 1218 3583 καὶ
1252 3532 1499 3598 ἐγένοντο
1529 3534 1687 3587 κοινὰ

184 3633 201 3660 ι
250 3615 601 3680 καταγώγια·
635 3616 684 3666 εί
718 3616 815 3682 μὲν
840 3621 889 3671 ol
919 3620 1331 3690 διακρατοῦντες
1354 3624 1523 3677 ταῦτα
1555 3643 1686 3695 προ-

181 3725 200 3754 ε
241 3708 520 3774 αιροῦνται
543 3709 874 3771 ἀποδιδόναι,
896 3711 980 3763 ἵνα
1001 3716 1142 3766 κατὰ
1160 3714 1218 3766 τὸ
1237 3717 1457 3784 ἀρχαῖον
1478 3719 1686 3771 ἀποκα-

180 3813 199 3844 c
238 3795 600 3859 τασταϐῶσιν,
640 3797 698 3850 εὖ
731 3800 824 3852 καὶ
855 3802 1034 3864 καλῶς
1061 3803 1172 3872 ἔχει
1194 3821 1206 3833 ·
1237 3808 1285 3858 εί
1314 3807 1369 3859 δὲ
1399 3809 1470 3876 μή
1502 3826 1588 3876 γε,
1635 3811 1684 3862 εί

182 3907 199 3937 ι
247 3886 348 3954 μὲν
377 3888 786 3958 τοῦίκαταλόγου
801 3893 892 3945 τοῦ
914 3895 1184 3964 ἱερατικοῦ
1202 3899 1328 3962 είσι,
1351 3899 1568 3962 τούτους
1587 3919 1687 3953 κα-

181 3997 200 4027 ι
244 3979 569 4047 θαιρεῖσοαι,
601 3981 676 4042 ὡς
703 3982 860 4047 ὄντας
885 3988 1246 4057 κατακρίτους
1268 3991 1373 4042 ἀπὸ
1394 3991 1486 4043 τοῦ
1512 3992 1686 4044 Πατέ-

179 4089 197 4120 ι
241 4072 466 4138 poemati.
495 4072 586 4124 τοῦ
621 4074 773 4146 Υίοῦ,
794 4078 1000 4130 καὶτοῦ
1027 4080 1182 4144 ἁγίου
1217 4081 1550 4150 Πνεὺματος,
1592 4085 1685 4137 καὶ

182 4182 201 4212 ι
240 4163 610 4231 τετάχϐωσαν,
645 4166 780 4219 ὅπου
816 4167 844 4218 ὁ
895 4167 1109 4239 σκώληξ
1135 4171 1194 4222 οὐ
1222 4173 1470 4243 τελευτᾷ,
1499 4174 1592 4227 καὶ
1623 4175 1684 4228 τὺ

177 4275 195 4304 ι
248 4254 360 4324 πῦρ
415 4256 473 4308 οὑ
536 4256 853 4311 σϐέννυταιυ
887 4260 967 4312 ὅτι
1018 4264 1082 4331 τῇ
1142 4262 1234 4316 τοῦ
1276 4266 1482 4330 Κυρίου
1531 4269 1680 4337 φωνῇ

177 4369 196 4396 ‹
240 4346 638 4412 ἐναντιοῦνται,
683 4352 748 4418 τῇ
806 4351 1072 4423 λεγούσῃ·
1114 4372 1131 4404 ι
1186 4355 1276 4424 Μὴ
1322 4361 1522 4410 ποιεῖτε
1590 4360 1683 4411 τὸν

175 4457 194 4487 ι
239 4432 390 4491 οἷκον
423 4439 516 4491 τοῦ
551 4441 761 4510 Πατρός
792 4459 892 4510 μου
926 4440 1072 4496 οἷκον
1113 4445 1403 4516 ἐμπορίου.
1442 4465 1460 4500 ι

167 4529 374 4582 ΒΑΛΣ.
405 4531 500 4582 Διὰ
559 4531 658 4601 τὴν
706 4531 816 4583 τῶν
866 4534 1236 4605 εἰκονομάχων
1269 4536 1464 4606 μανίαν
1499 4535 1681 4588 πολλοὶ

69 4620 381 4689 ὀρθόδοξοι
415 4622 478 4672 ὲκ
505 4619 613 4671 τῶν
663 4621 980 4676 ἐπισκοπῶν
1022 4625 1115 4676 καὶ
1165 4625 1272 4677 τῶν
1307 4626 1680 4695 μοναστηρίων

63 4711 285 4769 αὐτῶν
341 4711 606 4779 φυγόντες
636 4711 715 4774 εἰς
742 4713 808 4766 τὰ
836 4713 937 4784 ὅρη
971 4715 1292 4770 κατέλαϐον.
1330 4717 1680 4787 Κατεσχέθη-

65 4824 200 4860 σαν
226 4801 323 4857 οῦν
347 4805 395 4857 ot
431 4807 644 4872 εὐαγεῖς
678 4800 825 4859 οὗτοι
861 4803 1000 4861 οἶκοι
1029 4809 1125 4862 καὶ
1152 4811 1317 4881 ἕτερα
1371 4812 1489 4881 ἱερὰ
1520 4829 1681 4882 φρον-

58 4898 359 4967 τιστήρια
381 4897 529 4966 παρά
556 4914 737 4961 τινων,
771 4899 863 4950 καὶ
889 4900 1133 4966 ἐγένοντο
1160 4901 1403 4971 κοσμικά
1430 4902 1682 4969 καταγώ-

57 5007 214 5058 για.
252 4990 344 5040 Διὸ
367 4991 458 5041 καὶ
482 4989 689 5058 ὥρισαν
721 4992 768 5042 οἱ
805 4992 1049 5060 Πατέρες
1074 4994 1519 5064 ἀποκαταστῆναι
1540 4996 1681 5049 αὐτὰ

53 5083 173 5142 εὶς
204 5079 309 5148 τὴν
335 5080 571 5149 ἀρχαίαν
601 5082 939 5136 κατάστασιν
963 5101 976 5114 ·
1013 5086 1138 5147 τοὺς
1166 5086 1221 5138 δὲ
1259 5086 1334 5155 μὴ
1368 5087 1682 5139 εὐπειθοῦν-

51 5191 191 5229 τας
226 5172 370 5241 πρὸς
402 5173 579 5236 τοῦτο,
609 5174 743 5226 ἀλλὰ
767 5177 1160 5246 ἀντεχομένους
1191 5179 1282 5232 τοῦ
1307 5180 1499 5244 κακοῦ,
1525 5181 1681 5250 ἱερω-

54 5267 306 5338 μένους
347 5269 444 5334 μὲν
477 5269 659 5330 ὄντας,
704 5271 1111 5341 καθαιρεῖσθαι,
1155 5273 1372 5337 λαῖκοὺς
1423 5275 1540 5346 aut
1587 5295 1680 5346 μο-

47 5357 322 5425 ναχοὺς,
353 5359 729 5428 ἀφορίζεσθαι.
785 5362 893 5415 Καὶ
918 5361 1088 5415 ταῦτα
1115 5363 1213 5430 μὲν
1262 5365 1680 5436 ἐξεφωνήθησαν

49 5449 236 5516 πρὸς
262 5449 365 5512 τὴν
403 5449 525 5500 τότε
561 5451 920 5505 κατάστασιν.
957 5453 1223 5507 ’Ἑλκυσον
1267 5454 1322 5506 δὲ
1359 5457 1448 5507 τὸν
1479 5457 1679 5510 κανόνα

44 5540 191 5596 καὶ
225 5539 311 5589 είς
339 5540 464 5599 τοῦς
493 5541 821 5608 κατέχοντας
856 5541 977 5611 ἱερὰ
1010 5548 1402 5616 φροντιστήρια
1440 5550 1679 5618 σήμερον

44 5631 440 5707 κοινωθέντα
480 5632 537 5697 ἐξ
559 5633 860 5704 ἐπιδρομῆς
890 5635 1086 5692 ἐθνῶν.
1140 5637 1271 5691 Οὐδέ
1326 5639 1433 5709 γὰρ
1466 5639 1679 5710 ἔχουσιν

44 5725 280 5780 εἰπεῖν
314 5724 389 5794 μὴ
431 5727 559 5795 παρ’
597 5725 776 5780 αὐτῶν
823 5727 1161 5800 τολμηθῆναι
1199 5730 1260 5784 τὸ
1308 5732 1498 5796 κακὸν,
1555 5734 1683 5787 xiv-

165 5884 216 5914 “
257 5879 420 5937 Joan.
458 5899 530 5950 ιι,
571 5885 651 5940 16.

1801 2165 1818 2196 ι
1862 2145 2070 2209 fecerit,
2104 2144 2430 2213 expellatur.
2474 2162 2492 2194 ι

1863 2235 2224 2288 Ecclesiarum
2259 2235 2420 2299 bona,
2457 2245 2508 2288 et
2545 2235 2844 2304 praesertim
2880 2235 3102 2303 praedia.
3135 2233 3358 2287 alienari

1793 2342 1898 2380 non
1935 2327 2151 2379 debent.
2183 2326 2532 2394 Quaacunque
2565 2333 2743 2378 autem
2799 2326 3092 2380 immobilia
3148 2325 3360 2377 inutilia

1791 2429 1938 2483 sunt,
1971 2427 2023 2471 et
2054 2419 2309 2471 damnum
2340 2417 2584 2471 ecclesiae
2612 2417 2881 2478 afferunt,
2916 2433 3021 2470 non
3054 2416 3155 2469 loci
3195 2414 3364 2483 magi-

1792 2509 2052 2563 stratibus
2083 2551 2096 2574 ,
2151 2507 2244 2561 sed
2288 2509 2502 2561 clericis
2545 2519 2636 2561 aut
2697 2509 2951 2578 agricolis
3004 2508 3357 2561 locabuntur.

1790 2602 1891 2666 Qui
1922 2609 2100 2652 autem
2155 2600 2366 2651 decreta
2423 2601 2832 2668 transgreditur,
2872 2600 2914 2651 si
2966 2598 3183 2665 quidem
3242 2597 3356 2664 epi-

1793 2707 1993 2760 sc0pus
2021 2699 2122 2756 est,
2153 2691 2473 2743 exturbetur
2497 2691 2776 2760 episcopio
2806 2707 2818 2742 :
2849 2692 2930 2742 sin
2963 2697 3140 2740 autem
3172 2702 3360 2739 mona-

1789 2781 1936 2834 sterii
1969 2781 2276 2850 prmfectus,
2311 2782 2660 2845 monasterio,
2701 2789 2754 2832 ut
2782 2780 2873 2848 qui
2905 2779 3043 2832 male
3083 2777 3354 2846 dissipant

1790 2891 1909 2946 qua:
1947 2891 2051 2928 non
2083 2889 2504 2944 congregavere.

2354 3047 2579 3102 CANON
2636 3045 2775 3099 χιιι.

1795 3248 1814 3282 ι
1852 3229 2119 3296 Quoniam
2152 3238 2374 3299 propter
2422 3243 2539 3281 eam
2579 3240 2696 3293 qua?
2732 3225 2869 3276 facta
2905 3231 2987 3277 est
3019 3224 3086 3275 oh
3138 3231 3354 3292 peccata

1863 3340 1880 3372 ι
1921 3330 2104 3375 nostra
2153 3321 2204 3373 in
2252 3320 2494 3373 ecclesiis
2537 3315 2922 3376 calamitatem,
2995 3325 3358 3368 sacrosancta:

1867 3434 1884 3464 ι
1926 3413 2169 3483 quaedam
2221 3413 2362 3466 aedes
2415 3427 2442 3464 a
2494 3409 2817 3479 quibusdam
2883 3408 3016 3460 viris
3079 3417 3345 3473 correpue

1870 3527 1888 3559 ι
1935 3515 2081 3571 sunt,
2115 3513 2167 3558 et
2201 3504 2468 3571 cpiscopia
2500 3509 2553 3555 et
2586 3500 2935 3561 monasteria,
2965 3507 3014 3551 et
3040 3498 3354 3551 communia

1863 3621 1880 3651 ‹
1923 3599 2061 3653 facta
2097 3595 2440 3657 diversoria;
2494 3594 2576 3655 si,
2615 3593 2703 3660 qui
2756 3606 2817 3644 ca
2866 3589 3084 3659 quidem
3128 3597 3353 3653 tenent,

1863 3711 1880 3742 ι
1922 3693 2112 3744 volunt
2143 3688 2391 3750 reddere,
2423 3695 2478 3739 ut
2507 3684 2560 3736 in
2599 3682 2894 3751 pristinum
2949 3689 3151 3735 statum
3192 3681 3358 3733 resti-

1866 3802 1884 3833 ι
1924 3790 2167 3842 tuantur,
2203 3781 2337 3833 bene
2364 3786 2414 3831 et
2454 3774 2672 3845 pulchre
2706 3773 2906 3826 habet:
2945 3773 3030 3825 sin
3065 3771 3262 3830 minus,
3310 3769 3353 3823 si

1867 3894 1882 3925 ι
1926 3875 2035 3927 sint
2061 3872 2275 3941 quidem
2316 3866 2670 3921 sacerdotalis
2700 3863 2954 3930 catalogi.
3002 3877 3098 3915 eos
3150 3861 3347 3930 deponi

1865 3987 1883 4019 ι
1920 3966 2170 4033 jubemus
2197 3980 2211 4026 ;
2242 3962 2325 4016 sin
2363 3972 2491 4011 vero
2522 3955 2771 4009 monachi
2816 3955 2899 4008 vel
2958 3952 3124 4014 laici,
3172 3965 3360 4036 segre-

1863 4079 1880 4110 (
1917 4058 2050 4127 gari,
2085 4062 2140 4108 ut
2169 4054 2262 4122 qui
2295 4068 2322 4105 a
2354 4052 2531 4112 Patre,
2555 4057 2606 4101 et
2635 4047 2792 4112 Filio,
2832 4052 2885 4099 et
2923 4043 3124 4113 Spiritu
3162 4050 3356 4096 sancto

1867 4169 1882 4199 ι
1919 4143 2259 4201 condemnati
2294 4143 2422 4202 sint,
2445 4146 2498 4192 et
2531 4139 2858 4205 deputentur
2884 4133 2972 4187 ubi
3013 4133 3216 4184 vermis
3246 4142 3353 4182 non

1859 4261 1877 4292 ι
1918 4240 2166 4296 moritur,
2197 4248 2298 4286 nec
2328 4231 2466 4296 ignis
2508 4227 2900 4295 exstinguitur;
2943 4224 3067 4293 quia
3103 4222 3218 4276 voci
3256 4220 3353 4273 Do-

1856 4351 1875 4378 σ
1928 4328 2056 4381 11ὶίΠὶ
2091 4325 2473 4387 adversantur,
2508 4336 2627 4388 quae
2661 4320 2823 4371 dicit:
2862 4337 2879 4367 ι
2918 4315 2994 4369 Ne
3046 4314 3208 4369 facite
3257 4314 3355 4366 do-

1857 4442 1874 4475 ι
1920 4435 2063 4473 mum
2102 4417 2277 4471 Patris
2311 4416 2413 4468 mei
2453 4415 2671 4467 domum
2707 4410 3090 4479 negotiationis
3119 4409 3165 4439 δι
3195 4441 3214 4462 ι
3257 4426 3276 4458 ι

1850 4512 2040 4567 BALS.
2073 4508 2301 4577 Propter
2331 4505 2676 4560 inimicorum
2707 4502 3003 4572 imaginum
3059 4499 3350 4563 insaniam,

1782 4605 1935 4661 multi
1967 4600 2257 4658 orthodoxi
2288 4613 2354 4653 ex
2383 4595 2498 4651 suis
2527 4593 2934 4664 episcopalibus
2983 4597 3036 4645 et
3078 4597 3353 4643 monaste-

1780 4698 1876 4751 riis
1909 4695 2176 4765 fugientes
2208 4698 2420 4743 montes
2451 4694 2884 4755 occupaverunt.
2911 4683 3190 4751 Correptae
3219 4689 3347 4733 sunt

1713 4781 1757 4836 Ῑ)
1785 4805 1914 4859 ergo
1954 4791 2320 4841 sacrosanctae
2351 4783 2467 4836 istae
2500 4777 2642 4833 aedes
2691 4793 2720 4830 a
2756 4777 3086 4847 quibusdam
3116 4816 3132 4840 ,
3161 4783 3216 4829 et
3245 4773 3348 4826 alia

1783 4894 1937 4936 sacra
1975 4878 2288 4933 divinorum
2325 4871 2766 4927 meditandorqu
2802 4870 2916 4922 loca
2943 4911 2955 4930 ,
2985 4875 3038 4922 et
3071 4865 3347 4922 saecularia

1781 4974 1922 5029 facta
1955 4969 2287 5024 habitacula.
2315 4965 2679 5032 Quamobrem
2713 4963 2897 5016 Patres
2922 4961 3345 5022 constituerunt,

1783 5076 1843 5120 ut
1876 5081 1939 5121 ea
1970 5064 2022 5118 in
2054 5062 2334 5130 antiquum
2387 5058 2545 5128 313
2595 5066 2793 5110 statum
2840 5057 3195 5108 restituantur
3241 5068 3256 5105 :
3311 5053 3348 5105 li

1783 5169 1959 5212 autem
1993 5156 2086 5225 qui
2123 5169 2230 5208 non
2259 5151 2540 5213 obediunt,
2576 5148 2668 5202 sed
2701 5148 2753 5201 in
2810 5146 2949 5200 malo
3003 5146 3301 5213 persistunt
3328 5181 3345 5206 ,

1783 5255 1828 5308 si
1857 5251 1966 5306 sint
2001 5246 2217 5318 quidem
2247 5242 2420 5298 sacris
2451 5239 2678 5306 initiati,
2716 5238 3052 5308 deponantur
3078 5255 3090 5288 :
3115 5239 3194 5290 sin
3221 5252 3351 5290 vero

1781 5345 1907 5399 laici
1944 5341 2028 5394 vel
2065 5336 2364 5400 monachi,
2419 5339 2794 5402 segregentur.
2842 5331 2907 5383 Et
2957 5330 3071 5383 haac
3125 5329 3345 5397 quidem

1782 5437 1925 5491 dicta
1958 5445 2081 5488 sunt
2120 5430 2183 5483 ad
2217 5443 2360 5491 eam,
2391 5440 2511 5495 qua:
2542 5432 2669 5477 tunc
2699 5423 2802 5475 fuit
2827 5461 2841 5483 ,
2875 5436 3055 5475 rerum
3089 5421 3348 5474 constitu-

1782 5530 2004 5583 tionem.
2037 5519 2274 5576 Extende
2305 5526 2484 5571 autem
2517 5529 2779 5568 canonem
2813 5514 2972 5567 etiam
3012 5512 3077 5565 ad
3106 5527 3222 5577 eos,
3252 5510 3344 5581 qui

1781 5621 1943 5677 hodie
1971 5630 2158 5672 sacras
2205 5612 2346 5667 :edes
2391 5617 2614 5673 tenent,
2649 5623 2714 5662 ex
2747 5607 2982 5677 gentium
3037 5605 3352 5659 incursione

1779 5711 2095 5785 profanatas
2124 5715 2177 5765 et
2205 5716 2521 5761 communes
2548 5698 2791 5756 eﬂectas.
2829 5698 3012 5769 Neque
3043 5698 3185 5753 enim
3223 5710 3348 5767 pos-
