4166 6438
163 417 270 480 957

1170 418 1248 476 IN
1277 420 1444 478 CAN.
1477 417 1621 478 Xlll
1654 419 1862 478 CONC.
1885 422 1988 480 νιί
2024 422 2383 484 (ECUMEN.

3305 425 3411 487 958

165 530 304 600 μηδὲ
359 529 569 599 βασιλεῖ
602 532 679 602 τῷ
706 533 1038 603 φιλοχρίστῳ
1057 533 1360 601 δεχθεῖσαν,
1390 537 1572 588 ratio):
1604 535 1734 601 φαί-

1849 543 1896 585 et
1949 536 2199 588 exitium.
2235 535 2638 591 Conﬁrmantcs
2678 549 2860 591 autem
2894 549 2948 593 et
2992 541 3416 596 corroborantes

163 637 319 672 νεται
341 622 438 673 καὶ
494 621 656 684 αὐτὸς
712 621 1054 691 δωρούμενος
1088 623 1430 690 μοναστήρια
1459 622 1608 690 παρὰ
1641 622 1742 691 τὴν

162 709 370 778 ταύτης
397 712 571 780 ἰσχὺν,
603 713 696 766 καὶ
721 713 944 780 προσέτι
1002 715 1264 778 φανεῖσαν
1313 711 1408 762 ἀπ’
1438 709 1617 762 αὐτῶν
1637 711 1746 762 τῶν

161 805 508 872 πραγμάτων
562 806 622 857 οὐ
682 806 820 875 πρὸς
867 805 1138 875 ὠφέλειαν
1179 804 1288 858 τῶν
1338 804 1741 872 μοναστηρίων,

163 898 303 950 ἀλλὰ
346 899 484 967 πρὸς
523 898 729 952 τέλειον
759 899 978 970 ὄλεθρον
1022 899 1117 953 καὶ
1153 897 1480 967 ἀφανισμόν.
1525 895 1743 949 Ἐπιῦε-

160 988 450 1052 δαιοῦντες
497 991 556 1044 δὲ
598 993 694 1044 καὶ
732 991 1124 1060 ἐπικυροῦντες
1155 990 1215 1043 τὸ
1243 990 1474 1044 παλαιὸν
1504 990 1596 1042 καὶ
1628 1007 1747 1042 και-

160 1083 258 1133 νὸν
314 1082 596 1147 λυσιτελὲς
654 1083 773 1146 ἔθος
824 1084 931 1137 τῶν
990 1083 1277 1155 μακαρίων
1325 1083 1418 1136 καὶ
1472 1081 1745 1152 θεοφόρων

165 1175 435 1244 Ῐιατέ-ρων
493 1176 692 1245 ἡμῶν,
753 1177 1012 1247 ὁρίζομεν
1095 1176 1343 1244 γίνεσθαι
1398 1176 1604 1246 δωρεὰς
1654 1178 1746 1226 καὶ

163 1265 439 1328 ἐπιδόσεις
469 1268 767 1330 ἀκωλύτως
793 1270 884 1320 ἐπὶ
911 1269 1165 1322 συστάσει
1202 1269 1294 1321 καὶ
1327 1267 1608 1336 βελτιώσει
1638 1266 1744 1317 τῶν

163 1358 553 1428 ἐπιδιδομένων
586 1361 679 1412 καὶ
729 1360 1092 1430 δωρουμένων
1144 1358 1592 1431 φροντιστηρίων.
1648 1359 1744 1409 Ἐ-

163 1451 283 1514 δοξε
319 1453 382 1518 δὴ
424 1452 492 1504 τὰ
533 1453 644 1506 τῶν
690 1453 969 1524 ῥηθέντων
1012 1452 1252 1507 κανόνων
1299 1451 1533 1518 ὀφείλειν
1575 1453 1746 1521 ἐρμη-

165 1543 423 1597 νεύεσθαι
470 1545 614 1598 κατὰ
670 1545 761 1598 τὸν
812 1545 1056 1615 παρόντα
1089 1545 1277 1613 τόμον,
1308 1545 1402 1598 καὶ
1452 1545 1551 1607 τὰς
1608 1546 1745 1614 πρὸς

162 1638 469 1702 κοσμικοὺς
523 1636 818 1705 γινομένας
889 1635 1102 1704 δωρεὰς
1165 1635 1272 1688 τῶν
1346 1636 1742 1703 μοναστηρίων,

160 1727 345 1793 πολλῷ
395 1728 450 1779 δέ
497 1727 661 1780 πλέον
684 1730 783 1792 τὰς
817 1729 1088 1791 ἐπιδόσεις
1119 1729 1262 1798 ἔχειν
1293 1727 1352 1780 τὸ
1408 1729 1740 1798 ἀπαρεγχεί-

159 1837 348 1889 ρητον.
405 1821 496 1874 Διὸ
556 1823 648 1876 καὶ
697 1823 857 1893 μέχρι
902 1822 995 1875 τοῦ
1043 1822 1138 1875 νῦν
1162 1822 1461 1884 ἀκωλύθως
1519 1822 1741 1874 τοιαῦτα

156 1913 427 1976 γίνονται.
483 1914 564 1966 Τὰ
609 1908 667 1965 ἐν
708 1918 772 1983 τῇ
823 1916 1079 1985 ἐξηγήσει
1117 1915 1211 1967 τοῦ
1275 1916 1542 1983 παρόντος
1583 1916 1742 1967 κανό-

157 2022 251 2065 νος
315 2007 429 2070 (55)
481 2007 847 2075 γεγραμμένα
918 2007 1050 2078 παρ’
1110 2006 1266 2077 ἡμῶν
1323 2008 1617 2076 ἀρκέσουσι
1666 2009 1744 2076 τῷ

159 2097 480 2168 βουλομένῳ
539 2101 620 2159 είς
672 2100 731 2151 τὸ
795 2100 868 2169 μὴ
927 2100 1217 2169 προσέχειν
1273 2102 1384 2161 τοῖς
1448 2099 1600 2168 παρὰ
1655 2101 1742 2152 τοῦ

159 2191 508 2260 πατριάρχου
579 2191 790 2243 ἐκείνου
866 2192 1196 2260 Ἀντιοχείας
1257 2189 1424 2259 κυροῠ
1495 2190 1742 2242 Ἰωάννου

157 2287 449 2352 γραφεῖσι,
486 2287 648 2354 χάριν
697 2284 790 2338 τοῦ
823 2285 897 2354 μὴ
933 2284 1171 2336 δίδοσθαι
1221 2284 1535 2353 προσώποις
1573 2302 1738 2345 μοναα

1846 628 2127 694 antiquam
2149 638 2202 682 et
2228 644 2421 682 novam
2447 631 2632 686 utilem
2657 633 3105 688 consuetudinem
3127 633 3413 688 beatorum

1847 731 1894 774 et
1944 721 2250 776 divinrum
2307 720 2529 776 Patrum
2576 733 2912 788 nostrorum.
2955 727 3247 782 statuimus
3299 726 3417 784 fieri

1846 813 2169 867 donatimics
2191 824 2243 868 et
2269 815 2584 869 traditiones
2607 816 2747 869 citra
2776 816 2938 869 ullam
2965 819 3411 886 prohibitionem,

1847 906 1912 960 ad
1941 907 2392 963 constitutionem
2423 922 2478 962 et
2503 909 2956 974 meliorationem,
2986 925 3104 978 qua:
3123 911 3323 965 dantur
3347 927 3413 965 ac

1846 996 2142 1059 dOnantur.
2184 1001 2659 1054 monasteriorum.
2694 1001 2878 1056 Visum
2907 1010 2992 1056 est
3024 1001 3206 1072 itaque
3232 1003 3412 1056 dictos

1847 1103 2085 1144 canones
2118 1090 2317 1144 debere
2346 1093 2543 1160 exponi
2578 1093 2877 1146 secundum
2907 1104 3231 1162 pra-sentem
3261 1095 3412 1148 deci-

1849 1180 2082 1243 sionem,
2119 1190 2173 1234 et
2202 1196 2323 1249 quze
2374 1181 2509 1234 ﬁunt
2539 1182 2900 1237 saecularibus
2957 1184 3412 1237 monasteriorum

1847 1272 2192 1332 donationes.
2239 1274 2408 1326 multo
2463 1284 2641 1329 autem
2701 1274 2872 1345 magis
2919 1276 3261 1338 traditiones,
3305 1290 3410 1328 non

1849 1379 2006 1430 posse
2056 1365 2393 1421 labefactari.
2448 1366 2816 1431 Quamobrem
2868 1381 2932 1420 ea
2983 1368 3266 1437 hucusque
3295 1368 3414 1422 sine

1851 1459 2236 1526 impedimento
2267 1468 2576 1513 servantur.
2617 1461 2747 1525 Qua:
2786 1477 2814 1512 a
2849 1460 3008 1513 nobis
3043 1460 3094 1511 in
3129 1462 3414 1528 praesentis

1847 1552 2073 1605 canonis
2097 1553 2437 1619 expositione
2469 1551 2667 1621 scripta
2698 1563 2848 1612 sunt.
2879 1554 2928 1606 ei
2978 1554 3068 1621 qui
3105 1552 3227 1606 velit
3270 1554 3416 1606 sulli-

1849 1643 2018 1706 cient,
2048 1654 2105 1697 ut
2140 1644 2276 1698 sciat
2302 1654 2533 1699 mentem
2569 1661 2675 1698 non
2711 1645 3068 1699 adhibendam
3100 1646 3186 1711 iis,
3215 1661 3333 1714 qua:
3348 1645 3416 1700 ab

1858 1734 1949 1786 illo
1986 1737 2290 1805 patriarcha
2323 1739 2665 1792 Antiocheno
2701 1736 2921 1791 domino
2949 1737 3159 1792 Joanne
3207 1739 3414 1806 scripta

1849 1838 1997 1889 sunt,
2030 1829 2097 1883 de
2149 1845 2256 1883 non
2307 1829 2587 1884 elocnndis
2645 1831 2992 1884 monasteriis
3053 1831 3418 1893 hominibus.

1847 1936 2072 1990 quaeque
2108 1923 2207 1974 hoc.
2239 1939 2376 1989 opus
2408 1921 2738 1990 impietatem
2770 1923 3080 1976 nominaut.
3104 1921 3269 1993 314
3299 1923 3421 1974 0m-

1846 2012 1976 2064 nino
2015 2011 2158 2065 enim
2197 2012 2282 2066 his
2325 2011 2656 2080 praeferenda
2689 2027 2750 2064 ea
2783 2050 2797 2072 ,
2834 2026 2955 2079 quae
3001 2027 3029 2064 a
3067 2011 3420 2065 sanctissimo

1847 2105 2139 2158 universali
2172 2105 2484 2172 patriarcha
2532 2105 2753 2159 domino
2799 2105 2988 2174 Sergio
3021 2105 3162 2158 facta
3190 2112 3275 2157 est
3318 2103 3420 2156 de-

1845 2197 2002 2259 cisio,
2033 2212 2153 2265 quae
2178 2195 2394 2264 quidem
2435 2196 2841 2264 interpretatur,
2876 2197 3152 2264 quomodo
3183 2208 3422 2248 canones

1840 2302 1962 2339 cum
2003 2288 2250 2356 synodali
2280 2303 2552 2341 consensu
2588 2288 2809 2356 intelligi
2838 2288 3059 2340 debent.

156 2380 381 2449 στήρια,
434 2379 527 2430 καὶ
561 2379 886 2446 ὀνομάζουσι
922 2377 981 2428 τὸ
1036 2377 1194 2446 ἔργον
1244 2376 1402 2429 τοῦτο
1478 2377 1752 2430 ἀσέϐειαν.
1790 2377 2014 2442 Πάντως
2075 2381 2182 2451 γὰρ
2241 2385 2646 2449 κατακρατὴσει
2672 2379 2880 2434 τούτων
2903 2383 2929 2434 ὁ
2959 2381 3110 2452 παρᾶ
3128 2377 3222 2432 τοῦ
3253 2380 3425 2448 ἀγιω.

155 2472 327 2524 τάτου
370 2472 710 2542 πατριάρχου
740 2472 1123 2542 οἱκουμενικοῦ
1152 2473 1322 2542 κυροῦ
1363 2473 1585 2542 Σεργίου
1623 2472 1865 2541 γεγονὼς
1894 2475 2076 2546 τόμος,
2130 2474 2449 2547 ἑρμηνεύων
2517 2475 2635 2534 πῶς
2703 2475 2978 2544 ὀφείλουσι
3037 2474 3277 2528 νοεῖσθαι
3349 2477 3421 2528 τὰ

156 2566 273 2619 τῶν
300 2567 543 2617 κανόνων
572 2563 710 2633 μετὰ
745 2565 1029 2631 συνοδικῆς
1055 2563 1444 2633 συμπράξεως.

236 2660 481 2712 ΖΩΝΑΡ.
529 2659 617 2710 Ἐν
650 2659 730 2728 τῷ
765 2657 942 2729 καιρῷ
971 2661 1070 2727 τῆς
1095 2658 1361 2726 αίρέσεως
1386 2659 1494 2709 τῶν
1522 2658 1741 2708 Εἱκονο-

160 2752 357 2818 μάχων
389 2750 500 2818 (54)
525 2749 696 2802 πολλὰ
721 2749 993 2819 ἐτολμήθη
1004 2767 1099 2801 σαν
1124 2750 1262 2802 κατὰ
1284 2747 1394 2800 τῶν
1419 2747 1736 2818 ὀρθοδόξων.

159 2846 337 2897 Πλέον
369 2845 424 2897 δὲ
457 2845 565 2898 τῶν
620 2844 797 2898 ἄλλων
853 2844 903 2896 οί
956 2843 1242 2922 ἱερωμένοι
1277 2841 1370 2894 καὶ
1403 2840 1453 2892 οἱ
1517 2842 1744 2911 μοναχοὶ

159 2937 532 3006 ἐδιώχθησαν,
583 2936 660 2999 ὡς
707 2936 800 2988 καὶ
835 2935 934 2998 τὰς
987 2935 1288 3004 ἐκκλησίας
1315 2933 1499 2987 αὐτῶν
1530 2934 1626 2986 κα)⁵
1673 2934 1743 2987 τὰ

165 3033 518 3101 μοναστήρια
553 3031 680 3090 τοὺς
720 3028 974 3091 πλείονας
1025 3028 1347 3082 καταλιπεῖν
1375 3028 1468 3079 καὶ
1522 3029 1742 3094 φυγεῖν.

182 3127 444 3194 Ἐρήμων
485 3126 664 3177 τοίνυν
688 3125 798 3176 τῶν
833 3123 1144 3194 ἐκκλησιῶν
1175 3120 1402 3174 καὶτῶν
1428 3120 1608 3189 μονῶν
1649 3137 1746 3171 κα-

157 3217 659 3286 ταλιμπανομένων
696 3217 948 3285 κατεῖχόν
981 3232 1124 3276 τινες
1157 3214 1254 3267 καί¹
1302 3211 1596 3282 ᾠκειοῦντο
1647 3211 1746 3262 αὑ-

160 3311 290 3374 τὰς,
325 3311 417 3362 καὶ
441 3312 521 3371 είς
559 3309 801 3377 κοσμικὰ
832 3308 1152 3378 μετεποίουν
1188 3304 1530 3371 καταγώγια.
1570 3303 1741 3373 Φησ¹ιν

159 3401 258 3455 οὖν
291 3401 418 3469 περὶ
447 3401 553 3452 τῶν
587 3399 843 3453 τοιούτων
872 3401 900 3452 ό
934 3397 1113 3451 κανὼν
1151 3399 1256 3462 ὅτι,
1295 3397 1345 3449 εί
1377 3397 1475 3465 μὲν
1507 3399 1555 3448 οἰ
1584 3395 1742 3464 ἔχον-
1772 3375 1814 3436 C

156 3511 253 3552 τες
281 3493 452 3544 ταῦτα
491 3491 769 3560 βούλονται
801 3489 1093 3544 ἀποδοῦναι
1120 3490 1279 3552 αὐτὰ,
1330 3491 1418 3541 ἵνα.
1461 3489 1742 3540 ἀποκατα-

161 3587 393 3647 στὼσιν,
447 3580 532 3636 οἷα
584 3585 851 3652 πρότερον
878 3577 1040 3651 ἦσαν,
1094 3581 1262 3650 ῆγουν
1293 3580 1597 3631 ἐπισκοπαὶ
1650 3579 1744 3631 καὶ

166 3677 533 3745 μοναστήρια.
581 3675 758 3736 καλῶς
782 3675 848 3726 ἂν
896 3673 1033 3742 ἔχοι,
1079 3674 1201 3725 ἀντὶ
1250 3672 1342 3724 τοῦ
1377 3673 1558 3733 καλῶς
1583 3675 1743 3741 ποιή-

167 3788 396 3824 σουσινο
441 3775 490 3822 εἰ
520 3773 575 3823 δὲ
616 3772 936 3839 ἀντέχονται
976 3769 1203 3829 τούτων,
1236 3772 1283 3822 εί
1337 3771 1434 3837 μὲν
1477 3770 1743 3838 ἱερατικοί

165 3868 300 3928 εἱσι,
335 3863 816 3933 καθαιρείσθωσαν
843 3877 857 3891 ⁶
896 3863 943 3914 εἰ
974 3861 1027 3913 δὲ
1058 3862 1336 3932 μοναχοὶῆ
1369 3861 1571 3923 λαῖκοὶ,
1609 3863 1743 3930 ἀφο-

167 3961 534 4027 ριζέσθωσαν,
584 3958 659 4019 ὡς
716 3957 824 4010 ἀπὸ
852 3958 949 4026 τῆς
993 3955 1153 4022 ἁγίας
1202 3955 1424 4023 Τριάδος
1465 3953 1552 4007 διὰ
1588 3954 1746 4006 τοῦτο

165 4050 658 4119 κατακεκριμένοι.

162 4233 395 4289 ΑΡΙΣΤ.
446 4250 464 4283 r
512 4233 578 4283 Οἱ
609 4230 972 4292 κοινώσαντες
1023 4231 1350 4282 ἐπισκοπεῖα
1400 4230 1433 4299 ἢ
1473 4226 1745 4297 μοναστὴρ

248 4349 267 4378 ι
323 4345 444 4398 ρια,
481 4327 527 4378 εί
583 4326 657 4394 μὴ
714 4325 1143 4377 ἁποκαθισταῖεν
1191 4325 1344 4395 παρὰ
1372 4323 1653 4390 ὲπισκόπῳ
1708 4324 1740 4393 ἦ

244 4444 262 4473 ε
315 4422 605 4491 ἡγουμένῳ
660 4419 894 4488 πρᾶγμα
942 4419 1043 4488 τῆς
1083 4418 1392 4486 ἐπισκοπῆς
1440 4416 1472 4486 ἢ
1514 4415 1605 4468 τοῦ
1647 4434 1743 4485 μο-

248 4538 265 4567 ι
318 4515 631 4584 ναστηρῐου,
665 4515 869 4581 ἄκυρον
922 4511 1062 4563 ἔστω
1085 4527 1099 4542 ·
1141 4512 1234 4563 καὶ
1260 4511 1308 4562 οί
1352 4509 1620 4578 ίερατικοὶ
1645 4511 1743 4576 μὲν

251 4632 266 4656 ι
323 4610 475 4671 ὅντες
515 4607 1015 4676 καθαιρείσθωσανο
1066 4604 1241 4656 λαῖκο)⁹
1291 4603 1349 4656 δὲ
1401 4603 1434 4673 ἢ
1496 4603 1737 4675 μοναχοὶ,

252 4724 269 4752 ι
319 4701 782 4772 ἀφοριζέσθωσαν.
833 4717 851 4751 ι

1917 2655 2164 2711 ZONAR.
2196 2656 2316 2722 Quo
2359 2647 2601 2724 tempore
2650 2655 3136 2710 lconomacborum
3194 2659 3418 2713 haeresis

1850 2750 2222 2817 grassabatur,
2250 2748 2416 2801 multa
2445 2756 2636 2800 contra
2686 2747 3022 2800 orthodoxos
3076 2748 3283 2802 nefarie
3330 2765 3424 2815 pa—

1852 2853 1988 2895 trata
2016 2851 2162 2897 sunt».
2201 2841 2306 2894 Sed
2337 2839 2579 2894 omnium
2627 2840 2859 2892 maxime
2907 2839 3081 2894 sacris
3130 2839 3328 2895 initiati
3361 2857 3425 2896 ac

1852 2931 2102 2985 monachi
2133 2931 2489 2990 vexabantur.
2519 2938 2577 2983 ut
2599 2931 2763 2983 etiam
2796 2929 3045 2984 ecclesiis
3075 2933 3192 2984 suis
3219 2946 3281 2986 ac
3307 2947 3422 2984 mo.

1853 3023 2108 3076 uasteriis
2144 3023 2369 3088 relictis,
2408 3022 2650 3091 plerique
2677 3022 3007 3093 aufugerim.
3047 3021 3297 3077 Desertas
3326 3023 3426 3092 igio

1853 3127 1942 3168 tur
1979 3114 2333 3169 ecclesiarqu
2365 3129 2428 3168 ac
2464 3115 2921 3168 monasteriorum
2954 3113 3242 3177 stationes,
3276 3128 3421 3166 non-

1853 3207 1986 3261 nulli
2037 3206 2418 3276 occupabant.
2476 3220 2777 3275 earumque
2831 3206 2934 3258 sibi
3009 3203 3417 3274 possessionem

1851 3300 2005 3368 quasi
2039 3299 2311 3368 propriam
2351 3307 2691 3366 arrogantes.
2717 3297 2935 3350 addicta
2959 3295 3204 3366 prol'auis
3234 3297 3423 3349 usibus

1853 3393 2050 3445 ibidem
2085 3391 2358 3445 domicilia
2400 3390 2763 3444 collocabant.
2795 3390 2868 3442 De
2901 3389 3212 3458 bnjusmodi
3260 3389 3423 3456 igitur

1853 3483 2163 3537 hominibus
2194 3499 2368 3537 canon
2395 3524 2424 3548 ,.
2459 3485 2503 3536 si
2552 3483 2792 3553 quidem,
2844 3483 3043 3552 inquit,
3081 3485 3171 3551 qui
3206 3483 3318 3536 haec
3348 3493 3426 3537 te-

1851 3587 2002 3630 nent.
2034 3592 2120 3638 ea.
2155 3586 2212 3630 ut
2244 3578 2309 3631 ad
2343 3580 2554 3646 priores
2581 3618 2595 3642 ,
2640 3577 2754 3631 sive
2806 3577 3196 3646 episcOpalium
3228 3577 3423 3631 mdium

1850 3670 1964 3724 sive
1998 3675 2478 3736 monasteriorum,
2530 3687 2663 3724 usus
2693 3671 2875 3724 denuo
2906 3668 3414 3730 accommodentur,

1852 3767 1990 3819 haud
2021 3780 2240 3837 gravate
2275 3767 2502 3820 reddant
2532 3807 2547 3830 .
2594 3770 2729 3822 bene
2761 3767 3005 3826 habebit.
3039 3767 3142 3820 hoc
3173 3778 3255 3821 est
3285 3767 3426 3821 bene

1849 3856 2050 3912 facient
2086 3875 2100 3910 :
2142 3859 2224 3912 sin
2256 3875 2316 3913 ea
2351 3858 2456 3912 sibi
2496 3859 2777 3913 vindicare
2808 3858 3167 3912 nihilominus
3199 3866 3424 3912 conten-

1849 3949 1979 4003 dant
2014 3953 2188 4006 sacris
2222 3952 2415 4005 initiati
2452 3952 2669 4018 quidem
2698 3992 2712 4014 .
2747 3951 3126 4020 deponantur;
3160 3949 3414 4003 menachi

1848 4059 1978 4098 vero
2013 4053 2104 4097 aut
2140 4045 2284 4107 laici,
2319 4053 2523 4099 sancta:
2548 4045 2750 4114 quippe
2776 4042 3065 4098 Trinitatis
3099 4041 3418 4112 prmjudicio

1849 4136 1918 4188 ob
1954 4135 2007 4190 id
2049 4136 2391 4206 facinusjam
2430 4136 2776 4190 condemnati
2835 4143 3214 4204 segregeutur.

1847 4229 2071 4285 ARIST.
2111 4249 2129 4280 ι
2176 4229 2276 4295 Qui
2311 4231 2583 4299 episcopia
2613 4239 2706 4282 aut
2737 4225 3066 4281 monasteria
3098 4222 3416 4278 communia

1927 4343 1942 4373 ι
1982 4321 2209 4384 faciunt,
2253 4321 2352 4376 nisi
2383 4322 2525 4390 quod
2549 4320 2614 4373 ad
2638 4319 3010 4390 episcopatum
3045 4316 3307 4383 pertinet.
3333 4323 3429 4368 aut

1924 4435 1941 4465 ‹
1979 4415 2368 4469 monasterium
2394 4414 2650 4481 episcOpo
2685 4421 2778 4464 aut
2804 4409 3124 4464 monasterii
3166 4406 3428 4476 praefecto

1915 4526 1932 4557 ι
1975 4507 2339 4568 restituerint,
2378 4505 2594 4558 irritum
2661 4505 2769 4567 sit;
2819 4510 2872 4555 et
2922 4501 2967 4555 si
3002 4499 3174 4554 sacris
3208 4498 3427 4568 quidem

1925 4617 1942 4649 ι
1987 4598 2181 4652 initiati
2211 4596 2431 4658 fuerint,
2461 4598 2835 4665 deponantur;
2858 4591 2942 4645 sin
2977 4598 3156 4644 autem
3187 4588 3315 4642 laici
3347 4597 3433 4660 vet

1918 4712 1935 4743 ι
1979 4691 2256 4751 monachi.
2286 4697 2664 4759 segregentur.
2703 4707 2719 4737 ι

243 4797 310 4849 El
350 4758 440 4847 {af
476 4758 584 4847 τῶν
647 4793 957 4861 ἐκκλησιῶν
1023 4790 1329 4860 πράγματα
1406 4787 1744 4854 ἁνεκποίητα

1929 4784 1983 4838 Si
2021 4782 2379 4838 ecclesiarum
2411 4783 2552 4834 bona
2581 4778 2806 4831 alienari
2841 4792 2949 4831 non
2986 4775 3223 4840 debent,
3261 4774 3431 4827 multo

170 4886 322 4942 εἶναι
347 4887 641 4954 ὀφείλουσι·
672 4885 852 4954 πολλῷ
887 4883 1089 4952 μᾶλλον
1119 4883 1177 4934 οὐ
1201 4882 1282 4934 δεῖ
1311 4881 1628 4934 κοινοῦσθαι
1650 4880 1746 4941 τὰς

167 4979 477 5049 ἐκκλησίας
502 4978 694 5039 αὐτὰς,
725 4978 820 5030 καὶ
849 4976 918 5028 τὰ
947 4974 1304 5045 μοναστήρια,
1347 4974 1444 5026 καὶ
1483 4973 1637 5025 κοινὰ
1663 4972 1745 5039 γί-

166 5073 366 5126 νεσθαι
402 5073 747 5140 καταγώγια.
781 5071 843 5122 Οἱ
882 5068 977 5122 οὖν
1001 5069 1416 5137 διακατέχοντες
1461 5066 1663 5129 ταῦτα,
1697 5068 1746 5117 εί

164 5170 234 5222 οὐ
269 5168 550 5236 βούλονται
580 5168 659 5228 εἰς
687 5165 747 5217 τὸ
796 5165 1025 5234 ἀρχαῖον
1057 5160 1508 5229 ἀποκαταστῆσαι
1541 5159 1744 5227 σχῆμα,

1857 4879 2030 4948 magis
2073 4879 2221 4943 ipsas
2249 4875 2512 4929 ecclesias
2535 4882 2589 4926 et
2625 4870 2956 4925 monasteria
3000 4867 3274 4937 profanari
3324 4883 3430 4921 non

1853 4977 2067 5039 oportet
2096 4977 2147 5021 et
2174 4966 2487 5020 counnunia
2519 4964 2632 5017 fieri
2664 4961 2986 5016 diversoria.
3017 4957 3094 5012 Illi
3123 4959 3308 5028 itaque
3334 4957 3428 5026 qui

1856 5081 1915 5118 ea
1955 5063 2274 5132 possident.
2325 5069 2378 5113 et
2431 5061 2496 5112 ad
2548 5055 2836 5126 pristinum
2878 5061 3080 5110 statum
3138 5051 3430 5106 restituere

1859 5157 2051 5211 nolunt
2087 5153 2131 5209 si
2166 5169 2197 5208 e
2240 5151 2489 5222 catalogo
2520 5149 2738 5220 quidem
2789 5143 3115 5203 sacerdotali
3154 5144 3261 5198 sint
3287 5181 3304 5208 ,
3334 5142 3431 5198 de-

1419 5277 1609 5339 Guill.
1642 5273 1974 5352 Beveregii
2013 5278 2200 5335 noue.

248 5393 361 5457 (53)
403 5390 479 5443 Τὰ
510 5391 579 5443 ἐν
632 5389 918 5457 ἐξηγήσει
950 5386 1058 5440 τοῦ
1103 5386 1402 5457 παρόντος
1458 5383 1739 5457 κανόνος.

170 5465 216 5517 ll
240 5454 301 5512 ne
334 5477 505 5526 usque
541 5460 607 5513 ad
631 5454 806 5512 tinem
841 5459 1002 5522 hujus
1034 5454 1504 5526 interpretationis
1539 5469 1602 5526 es
1639 5468 1741 5506 ms.

169 5524 474 5588 Bodleiano
508 5531 915 5598 supplevimus;
950 5529 1039 5580 ubi
1068 5527 1341 5598 tameuiis
1369 5525 1525 5586 ἑτέρα
1568 5524 1743 5598 ἐρμη-

168 5605 296 5657 νεία
348 5597 664 5670 pneligitui',
729 5616 793 5653 ac
862 5601 907 5653 Si
967 5598 1184 5649 alterum
1257 5597 1739 5670 interpretationem

167 5663 582 5730 conStituereIit
642 5688 657 5724 :
725 5686 912 5723 verum
977 5684 1076 5721 nec
1134 5671 1187 5719 in
1239 5667 1429 5718 codice
1477 5663 1742 5717 Amerba-

169 5746 399 5798 chiauo.
446 5759 543 5794 nec
580 5742 686 5794 alio
726 5741 923 5808 quovis
978 5748 1171 5805 pneter
1236 5735 1588 5808 Bodleiauum
1642 5748 1764 5805 ex-q

169 5823 342 5870 stunt.
374 5810 473 5864 Ubi
503 5813 664 5865 etiam
696 5803 920 5878 insuper
941 5803 1283 5866 observetur.
1319 5805 1479 5858 verba
1510 5803 1596 5878 illa
1630 5820 1736 5878 πα-

171 5886 329 5940 λαιὸν
365 5883 454 5937 καὶ
484 5882 668 5934 καινὸν
714 5874 992 5943 λυσιτελὲς
1031 5879 1170 5943 ἔθος,
1210 5894 1331 5945 quae
1362 5885 1483 5930 octo
1515 5874 1737 5929 circiter

1851 5379 2013 5432 lineis
2043 5386 2171 5432 ante
2194 5376 2306 5428 haec
2329 5379 2653 5433 occurrunt.
2683 5369 2738 5422 in
2770 5366 2962 5422 codice
2985 5359 3430 5433 At_iicrl)acliiaqti

1846 5430 2177 5516 rectitis'legi
2210 5444 2444 5516 παλαιὸν
2475 5443 2569 5516 καὶ
2601 5430 2790 5516 καλὸν.
2821 5431 3102 5516 λυσιτελὲς
3142 5430 3314 5516 ﬁt)”;
3362 5430 3428 5483 Et

1849 5499 2182 5573 'sié'eii'aiﬁ
2240 5513 2450 5568 Joanne
2498 5509 2831 5566 Leunclavio
2865 5506 2920 5560 in
2959 5501 3081 5554 Jur.
3139 5499 3427 5554 Gr.-Rom.

1857 5605 1982 5658 pag.
2020 5588 2150 5650 τοι,
2187 5587 2465 5655 leguntur.
2560 5652 2570 5658 _
2794 5650 2806 5658 l
2912 5645 3023 5658 nn
3121 5642 3156 5658 ν

1917 5641 2723 5724 (⁷5417Τιῦνυεὶκονομὰχων.
2791 5650 2846 5704 lu
2907 5642 3158 5724 Gall-audi
3229 5641 3425 5724 codice

1844 5710 2040 5796 legitur
2071 5710 2179 5781 τῶν
2212 5726 2406 5792 ἀθέωνι
2432 5710 2839 5792 ειὲονῐὶμάχων.
2907 5717 3186 5796 ίςκμξρηιρι
3224 5710 3426 5796 νιςρηο-

1843 5789 2657 5854 ιηὶιεΙιοτιιηι.Αιηυτὺὲιοιιίςιιιυε
2690 5789 2890 5849 nostra:
2933 5789 3150 5843 lectioni
3213 5789 3424 5851 astipu-

1843 5873 2003 5926 latur.
