4166 6438
690 440 798 505 959
1949 448 2052 508 ΤΠ
2064 447 2230 509 EOD.

2353 445 2679 507 LLSAMON
3840 438 3947 505 960

692 563 968 625 ponentur
1006 569 1021 606 :
1055 553 1141 609 sin
1166 569 1297 610 vero
1321 554 1445 610 laici
1467 554 1550 611 vel
1582 557 1856 624 monachi,
1893 562 2256 631 segregabun-

2357 578 2451 633 τοῦ
2476 579 2573 645 μὲν
2592 575 2871 649 ἱερατικοῦ
2895 574 3191 644 καταλόγου
3206 575 3382 639 ὄντες,
3413 573 3939 645 καθαιρεθήσονται·

691 658 782 705 tur
806 668 819 713 ;
847 656 906 703 ut
932 647 1154 703 domum
1180 647 1273 703 Dei
1301 647 1524 705 domum
1555 652 1942 720 negotiationis
1969 655 2251 713 facientes.

2360 675 2488 729 είδὲ
2515 647 2697 727 λαῖκοὶ
2732 672 2766 741 ἢ
2804 672 3033 741 μοναχοι⁸
3092 670 3482 739 τυγχάνουσιν,
3538 668 3946 739 ἀφορισθήσον-

2360 783 2470 828 ται,
2491 765 2566 830 ώς
2594 765 2683 818 τὸν
2709 760 2859 817 οἷκον
2878 762 2973 816 τοῦ
2996 762 3133 817 Θεοῦ
3162 760 3315 817 οἷκον
3343 762 3610 834 ἐμπορίου
3636 762 3947 824 ποιοῦντες.

1272 834 1503 892 CANON
1541 835 1682 893 XIV.

2936 857 3204 913 ,ΚΑΝΩΝ
3241 857 3345 911 1Δ’.

696 942 717 976 ι
754 924 909 990 Quod
945 925 1077 981 ordo
1099 925 1152 981 in
1173 930 1321 982 omni
1346 928 1654 986 sacerdotio
1670 932 1935 990 custodiri
1975 933 2153 1001 debet,
2176 948 2259 992 est

772 1040 791 1069 ι
829 1019 1081 1073 omnibus
1104 1020 1453 1075 manifestum
1499 1041 1514 1077 :
1552 1034 1604 1078 ct
1648 1025 1933 1081 sacerdotii
1957 1031 2259 1095 promotio«

769 1132 786 1163 ι
832 1128 926 1167 nes
956 1123 1144 1167 exacte
1202 1130 1422 1169 servare
1482 1116 1590 1170 Deo
1617 1129 1829 1189 gratum
1859 1130 1960 1176 est.
1991 1122 2259 1189 Quoniam

773 1223 790 1253 ι
830 1220 961 1273 ergo
1018 1206 1267 1259 videmus
1320 1210 1608 1265 nonnullos
1638 1227 1665 1264 a
1698 1213 1882 1281 pueris
1912 1215 2041 1269 clcri
2076 1226 2260 1273 tonsu-

771 1309 791 1341 ι
833 1308 944 1345 ram
975 1292 1324 1362 accipientes,
1360 1298 1595 1351 nondum
1635 1312 1858 1370 accepta
1885 1305 2261 1377 episcoporum

770 1401 789 1431 σ
828 1398 1083 1437 manuum
1134 1385 1503 1454 impositione,
1551 1399 1604 1444 et
1638 1394 1690 1447 in
1736 1382 2158 1468 congregatiOne
2208 1403 2262 1456 in

774 1491 792 1521 ι
832 1483 1085 1540 suggestu
1130 1477 1388 1544 legentes,
1427 1491 1481 1531 et
1516 1482 1565 1533 id
1604 1496 1705 1534 non
1740 1488 2005 1543 canonice
2059 1489 2265 1545 facien-

768 1584 785 1613 ς
828 1574 948 1629 tes;
988 1583 1081 1635 per
1117 1579 1433 1635 praesentem
1466 1588 1753 1639 cauonem,
1798 1594 1863 1631 ne
1899 1579 1999 1633 hoe
2031 1580 2143 1647 ﬁat,
2174 1587 2267 1648 ju-

769 1674 787 1706 ι
828 1657 1019 1712 bemus
1054 1679 1065 1713 :
1106 1661 1268 1728 idque
1305 1663 1481 1729 ipsum
1532 1669 1695 1721 etiam
1734 1669 1783 1721 in
1823 1674 2112 1730 monachis
2149 1691 2268 1730 ser-

774 1767 791 1799 ι
836 1751 972 1803 vari.
1026 1750 1272 1809 Lectoris
1322 1765 1504 1810 autem
1557 1776 1813 1815 manuum
1866 1764 2265 1834 impositionem

766 1858 786 1892 ι
826 1842 952 1895 licet
980 1844 1031 1896 in
1055 1847 1277 1914 proprio
1303 1851 1636 1904 monasterio
1659 1854 1820 1907 etiam
1848 1858 1947 1916 soli
1972 1860 2266 1930 unicuique

770 1951 789 1982 ι
829 1935 1089 2001 ργιεῐεειο
1138 1937 1358 2005 facere;
1414 1942 1457 1995 si
1505 1941 1571 1996 ad
1626 1945 1747 2010 ejus
1789 1946 2162 2015 praal‘ecluram
2198 1956 2265 2009 ab

767 2042 785 2074 ι
826 2028 1081 2097 episcopo
1117 2045 1372 2084 manuum
1411 2033 1687 2102 impositio
1720 2038 1806 2093 liat
1844 2042 1946 2110 ipsi
1985 2045 2265 2111 praefecto.

776 2134 795 2167 ι
835 2119 927 2185 qui
961 2119 1169 2174 scilicet
1198 2132 1251 2176 et
1284 2124 1400 2192 ipse
1453 2136 1539 2182 est
1570 2132 1878 2202 presbyter.
1926 2135 2184 2194 Similiter
2212 2149 2267 2195 et

771 2226 789 2259 ι
827 2224 891 2263 ex
951 2212 1176 2282 antiqua
1243 2220 1636 2280 consuetudine
1685 2226 2107 2297 chorepisc0pos
2154 2234 2264 2303 epi-

768 2317 788 2350 ι
826 2306 977 2371 scopi
1011 2306 1280 2372 permissu
1320 2321 1530 2377 oportet
1556 2330 1649 2381 per
1675 2331 1928 2372 manuum
1968 2321 2271 2392 impositio-

765 2413 785 2446 ι
825 2411 944 2450 nem
976 2397 1208 2454 lectores
1236 2416 1443 2457 creare.
1483 2424 1500 2456 ι

765 2485 963 2545 BALS.
1006 2492 1153 2547 Ordo
1196 2497 1377 2549 omnia
1429 2499 1673 2554 continet
1706 2504 1954 2559 coelestia
1998 2517 2052 2560 et
2098 2517 2272 2564 terre-

692 2584 828 2635 stria
862 2598 877 2637 :
908 2584 1078 2637 multo
1109 2587 1281 2657 magis
1308 2600 1511 2653 autem,
1540 2594 1583 2647 si
1621 2593 1797 2651 bonus
1835 2599 1971 2652 ordo
2003 2601 2053 2654 in
2084 2618 2271 2657 sacer-

692 2664 915 2728 dotibus
952 2688 1225 2747 versetur,
1258 2682 1309 2735 id
1346 2682 1510 2736 Deum
1546 2686 1778 2759 mitigat.
1817 2690 2085 2757 Quoniam
2118 2714 2267 2769 ergo,

2368 966 2389 997 ι
2439 948 2566 1001 Ὀτι
2598 947 2749 1014 τάξις
2779 948 3201 1019 ἐμπολιτεύεται
3228 950 3287 1001 ἐν
3319 950 3586 1023 ἱερωσύνῃ
3616 952 3802 1022 πάσῃ,
3834 952 3951 1021 ἀρί-

2444 1059 2463 1092 ι
2506 1041 2666 1108 δηλόν
2693 1042 2833 1107 ἐστι,
2863 1041 2960 1096 καὶ
2996 1041 3058 1094 τὸ
3097 1042 3195 1095 σὺν
3225 1042 3488 1114 ἀκριϐείᾳ
3516 1045 3813 1113 διατηρεῖν
3856 1045 3949 1108 τὰς

2438 1152 2457 1185 ι
2504 1134 2599 1199 τῆς
2622 1133 2925 1201 ἱερωσύνης
2945 1136 3291 1203 ἐγχειρήσεις
3312 1135 3429 1204 Θεῷ
3457 1137 3783 1203 εὐάρεστον.
3802 1139 3954 1190 Ἐπὶ

2445 1244 2463 1276 ι
2510 1225 2602 1279 οὖν
2632 1224 2853 1296 ὁρῶμεν
2874 1226 3027 1289 ἐκτὸς
3049 1227 3391 1297 χειροθεσίας
3422 1230 3681 1298 νηπιόθεν
3698 1231 3807 1298 τὴν
3833 1249 3957 1283 κου.

2442 1338 2461 1369 ι
2509 1321 2611 1389 ρὰν
2626 1317 2721 1372 τοῦ
2739 1321 2942 1391 κλήρου
2963 1320 3345 1385 λαμϐάνοντάς
3362 1339 3533 1385 τινας,
3553 1323 3728 1391 μήπω
3747 1323 3810 1376 δὲ
3830 1324 3955 1392 παρ’

2444 1431 2461 1463 ι
2507 1412 2822 1466 ἐπισκόπων
2839 1412 3182 1483 χειροθεσίαν
3216 1413 3501 1477 λαϐόντας,
3541 1416 3638 1467 καὶ
3684 1416 3958 1480 άνιιγινώ⁴

2439 1519 2459 1553 ι
2504 1504 2814 1566 σκοντας-ἐν
2834 1505 2897 1573 τῇ
2921 1503 3137 1569 συνάξει
3159 1504 3247 1557 ἐπ’
3278 1504 3553 1574 ἄμϐωνος,
3571 1506 3957 1566 ﬁxam-limo);

2447 1608 2465 1641 ι
2511 1591 2567 1643 δὲ
2595 1590 2755 1644 τοῦτο
2782 1589 3094 1655 ποιοῦντας,
3119 1593 3491 1662 ἐπιτρέπομεν
3532 1595 3642 1647 ἀπὸ
3679 1594 3781 1647 τοῦ
3822 1613 3957 1664 παρ·

2442 1701 2459 1733 ι
2506 1682 2659 1743 ὄντος
2726 1683 2887 1736 τοῦτο
2921 1684 2994 1753 μὴ
3029 1684 3281 1751 γίνεσθαι
3306 1702 3320 1718 ο
3361 1685 3423 1738 τὸ
3475 1686 3607 1738 αὐτδ
3641 1688 3701 1739 δὲ
3756 1687 3962 1753 φυλάτ-

2449 1792 2467 1825 t
2514 1774 2703 1828 τεσθαι
2757 1776 2855 1828 καὶ
2887 1776 3116 1829 ἐπὶτῶν
3146 1779 3419 1847 μοναχῶν.
3464 1780 3858 1848 Ἀναγνώστου
3908 1782 3959 1833 δὲ

2300 1904 2340 1957 Β
2452 1885 2471 1918 ι
2518 1868 2868 1937 χειροθεσίαν
2917 1870 3077 1923 eam
3107 1872 3258 1923 ἐστιν
3322 1872 3381 1923 ἐν
3423 1873 3538 1943 ίδίῳ
3597 1876 3961 1944 μοναστηρῖῳ

2447 1979 2465 2011 ι
2513 1961 2607 2014 καὶ
2631 1961 2782 2031 μόνῳ
2808 1962 3026 2033 ἑκάστῳ
3055 1963 3352 2033 ἡγουμένῳ
3386 1967 3582 2023 ποιεῖν,
3614 1966 3667 2016 εί
3704 1966 3864 2035 αὐτῷ
3890 1968 3961 2035 τῷ

2454 2071 2472 2105 ι
2521 2055 2813 2125 ἡγουμένῳ
2847 2056 3079 2124 ἐπετέθη
3104 2057 3416 2126 χειροθεσία
3459 2058 3613 2125 παρὰ
3646 2058 3962 2113 ἐπισκόπου

2451 2162 2470 2197 ι
2517 2145 2658 2214 πρὸς
2680 2145 2977 2215 προεδρίαν
3023 2148 3354 2216 ἡγουμένου.
3389 2149 3636 2216 δηλονότι
3675 2149 3843 2211 δντος
3870 2152 3963 2203 αύ-

2447 2255 2466 2288 ι
2514 2235 2613 2289 τοῦ
2664 2238 3063 2308 πρεσϐυτέρου.
3120 2239 3402 2302 Ὡσαύτως
3463 2243 3561 2293 καὶ
3612 2240 3677 2293 τὸ
3730 2245 3965 2311 ἀρχαῖον

2444 2347 2464 2383 ι
2512 2328 2636 2391 ἔθος
2679 2330 2807 2392 τοὺς
2837 2332 3301 2400 χωρεπισκόπους
3337 2332 3460 2386 κατ’
3516 2334 3839 2404 ἐπιτροπὴν
3872 2335 3964 2387 τοῦ

2443 2437 2463 2472 ι
2510 2421 2816 2474 ἐπισκόπου
2875 2421 2953 2474 δεῖ
3010 2423 3460 2492 προχειρίζεσθαι
3501 2424 3892 2490 ἀναγνώστας.
3942 2445 3961 2475 ι

2441 2514 2642 2568 ΒΑΛΣ.
2683 2513 2852 2578 Τάξις
2906 2516 3117 2586 συνέχει
3172 2517 3357 2572 πάντα
3386 2517 3457 2572 τὰ
3483 2519 3718 2589 οὐράνια
3762 2520 3866 2571 καί
3898 2522 3967 2572 τὰ

2371 2607 2596 2675 ἐπίγεια
2622 2623 2638 2637 °
2664 2607 2846 2677 πολλῷ
2875 2609 2933 2663 δὲ
2967 2610 3132 2663 πλέον
3155 2611 3216 2664 τὸ
3240 2611 3342 2679 τῆς
3372 2610 3628 2676 εὐταξίας
3673 2612 3851 2665 καλὸν
3887 2615 3965 2675 είς

2370 2702 2501 2763 τοὺς
2565 2702 2987 2771 ίερουργοῦντας
3044 2703 3466 2774 πολιτευόμενον
3518 2705 3829 2775 θεραπεύει
3878 2708 3966 2759 τὸν

694 2766 951 2834 inquiunt
975 2771 1151 2825 sancti
1186 2773 1403 2840 Patres,
1434 2776 1682 2835 videmus
1710 2785 2002 2841 nonnullos
2029 2803 2057 2842 a
2087 2766 2265 2859 pueris

2372 2794 2528 2849 Θεόν.
2570 2766 2731 2848 Ἐπεὶ.
2764 2766 2901 2860 ὀῦν,
2935 2798 3101 2866 φασὶν
3135 2797 3187 2849 οἱ
3222 2766 3370 2866 ἆγιοι
3418 2766 3688 2869 Πατέρες,
3738 2801 3966 2869 ὁρῶμέν

696 2859 869 2928 nigris
902 2863 1150 2919 vestibus
1181 2864 1428 2929 inclutos,
1464 2880 1722 2942 tanquam
1758 2874 1865 2932 Deo
1896 2892 2265 2952 consecratos,

2372 2906 2526 2951 τινας
2587 2890 2854 2958 νηπιόθεν
2903 2892 3501 2961 μελανειμονήσαντας,
3561 2892 3639 2956 ὡς
3701 2893 3781 2963 τῷ
3846 2893 3971 2961 Θεῷ

695 2959 1041 3025 tonsuraque
1077 2972 1184 3011 non
1222 2974 1315 3027 per
1342 2962 1586 3034 episcopi
1620 2968 1704 3021 sui
1748 2984 2004 3025 manuum
2042 2974 2265 3045 imposi-

2381 2982 2816 3051 ἀφιερωθέντας,
2850 2983 2945 3036 καὶ
2991 2982 3200 3050 κουράν
3222 2959 3553 3052 δεξαμένους
3604 2986 3680 3055 μὴ
3715 2959 3811 3039 διὰ
3846 2959 3965 3055 χειξ

695 3042 901 3099 ιίοιιειη
952 3058 1230 3119 suscepta,
1291 3054 1555 3112 audentes
1608 3068 1816 3127 autem,
1865 3042 2151 3133 postquam
2205 3068 2265 3122 ad

2377 3042 2633 3145 ροθεσίας
2666 3072 2761 3126 τοῦ
2780 3042 2789 3044 ⁷
2806 3042 3077 3144 ἐγχωρίου
3098 3042 3110 3050 ¹
3135 3042 3468 3139 ἐπισκόπου,
3518 3042 3881 3145 τολμώνταςκ
3905 3078 3964 3130 δὲ

695 3145 910 3193 aetatem
948 3145 1317 3211 pervenerint,
1345 3147 1558 3206 divinas
1586 3150 1897 3223 Scripturas
1928 3157 1980 3211 in
2013 3170 2265 3228 suggestu

2382 3168 2518 3234 μετὰ
2570 3167 2636 3220 τὸ
2660 3168 3085 3238 ἐνηλικιωθῆναι
3119 3170 3209 3222 ἐπ’
3255 3170 3516 3240 ἆμόωνος
3548 3171 3967 3240 ἀναγινώσκειν

695 3244 808 3283 non
843 3235 1105 3291 canonice
1134 3237 1344 3307 legere:
1373 3243 1669 3299 statuimus
1690 3262 1757 3301 ne
1788 3247 1890 3303 hoc
1911 3249 2019 3315 liae,
2050 3260 2107 3304 ut
2129 3255 2265 3322 quod

2377 3260 2475 3323 τάς
2536 3258 2689 3323 Θείας
2743 3235 3428 3330 Γραφάςνάκανονίστως·
3491 3235 3834 3330 θεσπίξομεν
3888 3261 3966 3332 μὴ

696 3322 768 3377 sit
803 3325 1225 3385 inortlinationis
1249 3346 1435 3394 causa.
1466 3351 1565 3391 nec
1594 3338 1718 3407 quis
1748 3340 1929 3395 divina
1960 3343 2265 3413 Scripturas

2374 3352 2628 3421 γίνεσθαι
2659 3322 2841 3414 τοῦτο.
2875 3322 2959 3416 is;
2992 3353 3283 3425 παραίτιον
3329 3354 3579 3419 ἀταξίας,
3614 3355 3752 3424 μηδέ
3780 3356 3973 3418 ἄλλως

696 3416 857 3470 aliter
882 3419 933 3473 in
963 3432 1225 3491 suggestu
1259 3424 1424 3496 legat,
1460 3444 1622 3497 quam
1655 3432 1699 3486 si
1733 3441 1970 3489 tonsurae
1992 3437 2265 3495 characte-

2373 3416 2771 3513 άναγινώσκειν
2792 3444 2877 3498 ἐπ’
2908 3416 3163 3515 ἄμϐωνος
3188 3446 3289 3509 τὰς
3318 3416 3470 3509 θείας
3531 3416 3759 3517 Γραςράς
3812 3416 3966 3512 τινα,

698 3525 813 3565 rem
849 3517 1121 3585 acceperit
1146 3533 1243 3587 per
1268 3523 1631 3591 episcopalem
1668 3543 1928 3582 manuum
1969 3530 2265 3600 impositio-

2375 3536 2423 3588 εἰ
2496 3535 2573 3607 μὴ
2635 3534 2777 3607 λάϐῃ
2837 3536 3111 3608 σφραγῖδα
3172 3539 3522 3608 ἐπικουρίδος
3579 3539 3667 3593 διά
3717 3542 3974 3611 χειροθε-

698 3617 847 3659 nem.
887 3604 999 3660 Hoc
1033 3608 1213 3678 ipsum
1250 3601 1436 3667 auten?
1456 3616 1620 3668 etiam
1655 3617 1708 3671 in
1739 3621 2019 3677 monachis
2049 3638 2265 3678 servan-

2376 3601 2508 3689 σίας.
2560 3601 2955 3693 ἐπισκοπικῆς,
2998 3601 3072 3681 τὸ
3138 3628 3274 3682 αὐτὸ
3324 3601 3390 3682 δὲ·
3457 3601 3830 3699 φυλάττεσθαί
3876 3636 3974 3686 καὶ

699 3695 849 3750 dum.
913 3697 1176 3764 Quoniam
1244 3715 1466 3770 autem,
1534 3718 1592 3762 ut
1652 3722 2078 3770 consentaneum
2145 3726 2265 3783 est,

2374 3718 2467 3771 ἐπὶ
2497 3720 2767 3789 μοναχών.
2795 3717 2920 3774 Ὀτι
2948 3720 3028 3785 δέ,
3058 3721 3133 3780 ώς
3165 3720 3363 3788 ἔοικεν,
3396 3695 3660 3791 ἐνομίσθη
3687 3722 3964 3794 δυσχερὲς

700 3787 806 3843 hoc
885 3793 1164 3849 monachis
1233 3786 1448 3853 dillicile
1516 3799 1839 3871 videbatur,
1903 3807 1996 3875 qui
2060 3824 2265 3867 eremos

2377 3806 2516 3865 εἶναι
2549 3810 2709 3864 τοῦτο
2740 3814 2853 3875 τοῖς
2909 3816 3169 3883 μοναχοίς
3202 3813 3303 3877 τὰς
3348 3814 3595 3884 ἐρήμους
3626 3816 3966 3869 κατοικοῦσι

703 3892 763 3935 ιιι
835 3883 1120 3952 plurimum
1186 3888 1449 3958 habitant,
1517 3902 1572 3948 et
1645 3909 1749 3950 non
1818 3910 2046 3967 possunt
2112 3904 2265 3957 urbes

2378 3904 2519 3956 κατὰ
2552 3903 2711 3968 πολὺ,
2751 3906 2848 3957 καὶ
2885 3904 2960 3975 μὴ
3006 3904 3332 3972 δυναμένοις
3376 3883 3477 3968 τάς
3509 3905 3698 3969 πόλεις
3731 3909 3972 3975 περιέρ-

705 3973 881 4038 obire,
928 3992 1026 4031 nec
1070 3977 1355 4051 episcopos
1398 3984 1559 4040 facile
1608 3986 1790 4054 adire;
1830 4005 2147 4047 concessum
2195 4006 2265 4049 est

2380 3994 2597 4064 χεσθαι,
2639 3997 2734 4049 καὶ
2778 3973 2893 4058 τοῖς
2925 3973 3255 4060 ἐπισκόποις
3299 3998 3656 4067 ἐντυγχάνειν
3690 3998 3974 4068 εὐχερῶς,

704 4082 896 4121 eorum
955 4070 1247 4141 praefectis,
1299 4086 1391 4144 qui
1442 4078 1511 4132 ab
1575 4080 1846 4152 episcopis
1904 4086 2265 4143 characterem

2381 4088 2605 4158 ἐνεδόθη
2647 4080 2762 4153 τοῖς
2816 4089 3149 4159 ἡγουμένοις
3198 4092 3311 4153 τοῖς
3362 4092 3757 4161 σφραγισθεῖσι
3809 4094 3980 4163 παρὰ

706 4176 991 4232 accepere,
1019 4166 1345 4237 presbyteris
1402 4172 1619 4240 quidem
1668 4178 1977 4232 necessario
2010 4180 2265 4236 exsisteni

2378 4180 2490 4233 τῶν
2521 4180 2863 4244 ἐπισκόπων,
2926 4180 3326 4251 πρεσϐυτέροις
3360 4176 3514 4235 οὖσιν
3570 4182 3631 4246 ἐξ
3684 4182 3979 4253 ἀνάγκης,

705 4254 874 4319 tibus,
923 4260 1223 4317 monachos
1274 4262 1506 4321 lectores
1565 4266 1619 4321 in
1676 4271 1897 4338 pr0prio
1942 4275 2265 4329 monasterir

2382 4274 2739 4340 ἀναγνώστας
2799 4276 2974 4327 ποιεῖν
3042 4274 3316 4346 μοναχοὺς
3368 4276 3426 4327 ἐν
3479 4274 3557 4342 τῷ
3624 4275 3744 4345 ίδίῳ
3800 4294 3980 4345 μονα-

709 4345 910 4413 facere,
967 4362 1025 4407 ut
1084 4354 1183 4421 ipsi
1219 4358 1357 4412 citra
1403 4359 1568 4414 ullum
1624 4361 2073 4432 impedimentum
2118 4368 2265 4439 315

2385 4367 2615 4438 στηρίῳ,
2648 4368 2734 4436 ἐφ’
2758 4360 2803 4435 ᾧ
2846 4365 3143 4430 ἀκωλύτως
3190 4365 3588 4435 ἀναγινώσκειν
3620 4367 3851 4433 τούτους
3887 4371 3985 4424 ἐπὶ

704 4441 921 4497 divinas
982 4445 1034 4499 in
1093 4459 1346 4519 suggestu
1442 4452 1755 4523 Scripturas
1842 4456 2042 4525 legant.
2100 4459 2265 4515 ‘Simi-

2385 4459 2638 4527 ἄμϐωνος
2698 4459 2797 4522 τὰς
2855 4460 3004 4523 θείας
3070 4459 3107 4511 Γ
3112 4461 3314 4531 ραφάς.
3385 4460 3663 4524 Ὡσαύτως
3752 4463 3980 4535 ἐνεδόθη

707 4533 832 4589 liter
859 4536 1020 4591 etiam
1048 4541 1451 4614 chorepiscopis
1484 4561 1804 4601 concessum
1837 4559 1938 4614 est,
1978 4562 2036 4604 ut
2064 4552 2265 4621 episco.

2387 4552 2482 4604 καὶ
2542 4554 2655 4615 τοῖς
2715 4551 3157 4623 χωρεπισκόποις
3218 4551 3574 4618 ἀναγνώστας
3626 4556 3981 4624 προχειρίζε-

708 4628 815 4697 pali
848 4631 1117 4698 permissu
1158 4633 1389 4691 lectores
1423 4654 1517 4708 per
1561 4655 1818 4695 manumn
1870 4643 2265 4713 impositioncm

2353 4647 2355 4661 ’
2388 4642 2511 4696 σθαι
2548 4642 2670 4697 κατ’
2733 4644 3039 4712 ἐπιτροπὴν
3092 4645 3481 4715 ἐπισκοπικήν.
3519 4646 3627 4698 Καὶ
3661 4648 3688 4698 ὁ
3747 4649 3848 4716 μὲν
3882 4666 3983 4701 κα-

706 4721 1065 4777 eonstituant.
1097 4726 1270 4795 Atque
1316 4728 1429 4783 haec
1461 4731 1680 4799 quidem
1738 4748 1937 4788 canon.
1983 4735 2056 4788 Ex
2087 4752 2150 4790 eo
2178 4754 2265 4793 au-

2379 4738 2484 4791 νὼν
2547 4738 2741 4793 ταῦτα.
2798 4738 3035 4792 Δέλυται
3084 4737 3142 4790 δὲ
3186 4738 3297 4790 ἀπὸ
3349 4738 3541 4792 τούτου
3595 4742 3819 4809 μεγάλη
3889 4744 3981 4796 εκ.

702 4817 815 4861 ιειιι
849 4810 1025 4866 soluta
1074 4823 1159 4868 est
1194 4832 1387 4885 magna
1427 4819 1684 4875 instantia
1715 4837 1904 4878 eorum
1936 4826 2029 4895 qui
2063 4827 2265 4894 dicuntl

2382 4848 2572 4894 στασις
2601 4831 2709 4884 τῶν
2754 4830 3023 4899 λεγόντων
3058 4829 3135 4900 μὴ
3193 4825 3335 4882 εἶναι
3385 4831 3685 4901 κληρικοὺς
3720 4834 3853 4897 τοὺς
3888 4837 3981 4906 μό-

707 4917 816 4956 non
845 4918 965 4959 esse
995 4907 1224 4963 clericos
1248 4925 1363 4975 eos,
1388 4912 1479 4981 qui
1508 4914 1652 4969 solas
1680 4915 1880 4973 habent
1909 4927 2162 4975 tonsuras
2186 4937 2265 4991 pet

2383 4940 2477 4985 νας
2508 4922 2861 4990 ἐπικουρίδας
2901 4923 3129 4991 ἔχοντας
3156 4922 3242 4975 διὰ
3270 4922 3619 4993 χειροθεσίας
3651 4925 3979 4996 ἀρχιερατι-

708 4998 969 5052 antistitis
1011 5016 1270 5056 manuum
1308 5004 1709 5074 impositionem
1738 5050 1752 5073 ,
1789 5021 1841 5064 et
1876 5014 2114 5067 nomlum
2148 5025 2265 5068 sunt

2384 5014 2510 5082 κῆς,
2542 5014 2637 5067 καὶ⁸
2669 5032 2838 5084 μητω
2881 5012 3254 5082 καταχθέντας
3304 5016 3366 5067 ὲν
3409 5014 3619 5085 κλήρῳ,
3650 5015 3802 5068 ὥστε
3834 5020 3979 5088 ἔχειν

712 5088 766 5142 in
799 5090 932 5145 cleri
966 5092 1212 5149 ordinem
1260 5096 1415 5151 relati
1455 5116 1468 5151 :
1501 5110 1555 5153 et
1586 5100 1707 5155 ideo
1739 5117 1898 5171 posse
1950 5104 2071 5159 illos
2116 5105 2265 5160 laicoi

2385 5107 2479 5159 ἐπὶ
2520 5106 2704 5169 ἁδείας
2743 5106 2938 5168 αὐτοὺς
2972 5104 3557 5175 μετασχηματίζεσθαι
3597 5109 3680 5169 είς
3728 5108 3977 5175 λαῖκούς.

708 5196 832 5235 rum
883 5182 1127 5239 habitum
1178 5189 1545 5259 amictumque
1571 5193 1841 5261 accipere.
1891 5196 2090 5265 Aperte
2140 5199 2264 5251 enin

2392 5201 2732 5271 Παρίσταται
2780 5199 2890 5269 γάρ
2942 5198 3219 5271 άριδὴλως
3267 5198 3366 5264 ὡς,
3411 5198 3578 5267 ἡνίκα
3631 5217 3717 5263 τις
3768 5203 3980 5267 δέξεται

709 5276 1039 5342 ostenditur,
1087 5279 1232 5347 quod
1286 5282 1506 5352 quando
1561 5284 1684 5352 quis
1735 5296 1973 5341 tonsnrze
2024 5304 2265 5344 manuun

2393 5291 2736 5363 χειροθεσίαν
2787 5289 3140 5359 ἐπικουρίδος
3198 5288 3351 5359 παρὰ
3393 5288 3725 5358 ἀρχιερέως,
3782 5296 3981 5346 αὐτίκα

715 5366 1118 5437 impositioncm
1152 5374 1456 5443 susceperit
1474 5375 1543 5431 ab
1568 5377 1833 5443 antistite,
1860 5380 1906 5435 is
1934 5390 2017 5434 est
2044 5383 2257 5450 protinn

2395 5382 2660 5452 κληρικός
2682 5382 2854 5446 ἐστιν,
2889 5380 2965 5443 ώς
3002 5380 3419 5449 ἐκχωρούμενος
3450 5380 3866 5448 ἀναγινώσκειν
3896 5388 3984 5439 ἐπὶ

724 5460 984 5529 clericus;
1015 5471 1075 5516 ut
1104 5464 1191 5517 cui
1245 5466 1410 5520 etiam
1464 5468 1517 5522 in
1565 5480 1818 5539 suggestu
1858 5472 2035 5541 legere
2065 5476 2135 5528 sit
2172 5491 2265 5543 per

2395 5475 2671 5543 άμϐωνος.
2717 5475 2874 5543 Ἐμοὶ
2919 5472 2975 5524 δὲ
3006 5471 3158 5525 δοκεῖ
3201 5472 3284 5524 ὅτι
3318 5472 3411 5524 καὶ
3448 5473 3476 5525 ό
3504 5471 3697 5536 ἁπλῶς
3730 5477 3987 5543 μεὶανεε.

718 5557 967 5610 missum.
999 5555 1126 5610 Mihi
1159 5568 1338 5614 autem
1373 5560 1603 5627 videtur,
1636 5563 1779 5633 quod
1807 5563 1899 5631 qui
1932 5565 2095 5619 etiam
2124 5565 2260 5637 nigri

2401 5559 2641 5631 μονήσας
2694 5561 2981 5625 ὲπισκόπῳ
3022 5557 3115 5610 τοῦ
3154 5555 3510 5627 κληρωθῆναι
3562 5574 3984 5631 μετασχηματι.

720 5646 1041 5716 simpliciter
1069 5650 1312 5706 vestibus
1351 5651 1514 5707 fuerit
1562 5653 1784 5709 indutus
1816 5656 1886 5709 ah
1918 5656 2196 5727 episcopo,
2233 5674 2263 5711 ιι

2401 5653 2594 5721 σθῆναι
2632 5650 2696 5703 ού
2728 5649 2981 5713 δύναται,
3011 5648 3085 5710 ὡς
3120 5647 3456 5717 προθέμενος
3491 5649 3879 5719 άφιερωθῆναι
3911 5652 3985 5723 τῷ

722 5738 956 5795 clericus
982 5743 1153 5807 lieret,
1177 5753 1437 5798 amictum
1463 5746 1700 5815 amplius
1722 5756 1934 5802 mutare
1957 5762 2065 5802 non
2098 5756 2265 5818 potest

2400 5742 2521 5815 Θεῷ
2552 5759 2566 5774 ο
2598 5740 2897 5795 κάντεῦθεν
2932 5740 3009 5811 μὴ
3038 5739 3238 5810 ἰσχύων
3262 5740 3362 5810 τὴν
3404 5738 3541 5809 πρὸς
3577 5740 3716 5794 Θεὸν
3751 5742 3985 5817 ὑπόσχε-

722 5830 904 5899 utqui
954 5829 1061 5887 Deo
1087 5848 1146 5889 se
1177 5848 1499 5892 consecrare
1532 5840 1900 5909 proposuerit;
1946 5850 2000 5896 et
2028 5841 2151 5895 ideo
2201 5859 2265 5897 ne

2406 5856 2490 5892 σιν
2534 5837 2819 5907 ἀθετῆσαι,
2862 5836 2956 5889 καὶ
3007 5833 3275 5904 ἐμπαῖξαι
3306 5833 3367 5887 τὸ
3408 5834 3566 5901 ἆγιον
3593 5835 3785 5906 σχῆμα
3844 5836 3985 5891 κατὰ

730 5936 887 5981 suam
916 5921 1026 5979 Deo
1060 5924 1505 5997 pollicitationem
1539 5929 1871 5998 rescindere,
1906 5946 2004 5989 nec
2048 5940 2265 5989 sanetur

2407 5930 2737 6003 σκηνικούς·
2769 5930 2907 6000 ὅπερ
2948 5927 3040 5982 καὶ
3084 5926 3213 5999 περὶ
3266 5924 3378 5981 τῶν
3426 5925 3683 6017 μοναχῶν
3716 5928 3982 5995 πολλάκις

2304 3246 2345 3307 C
