4166 6438
267 422 368 486 961

1264 427 1343 488 ΙΝ
1383 426 1548 488 CAN.
1593 426 1724 487 XIV
1761 423 1970 484 CONC.
2012 425 2119 485 VII
2148 425 2498 485 (ECUMEN'.

3385 430 3490 492 962

265 543 423 595 εἷπον
449 557 462 570 ·
495 541 616 603 τοὺς
645 541 701 595 δέ
737 543 872 609 μετά
932 543 1223 615 Τρισαγίου
1255 546 1827 614 μελανειμονήσαντας

1932 545 2174 595 habitum
2220 545 2555 596 scenicorum
2595 546 2762 597 instar
2806 545 3064 597 ludilicari
3097 545 3259 612 [ιοδδὶι
3291 562 3306 608 ;
3342 550 3483 612 quod

264 633 628 693 ἀδιαστίκτως
654 631 796 698 λέγω
822 633 893 702 μὴ
926 633 1183 687 δύνασθαι
1220 632 1823 703 μετασχηματίζεσθαι.

263 725 373 776 Τοῦ
428 725 483 776 δέ
522 725 745 786 κανόνος
779 725 1031 788 λέγοντος
1084 727 1171 778 ἐπ’
1219 728 1397 787 ἀδείας
1455 726 1598 789 ἐχειν
1654 725 1830 777 πάντα

261 817 676 886 καθηγούμενον
699 819 1096 884 σφραγισθέντα
1123 820 1274 886 παρὰ
1307 820 1625 888 ἀρχιερέως,
1647 819 1830 886 δηλον-

259 908 348 960 ότι
385 909 510 962 ὄντα
573 910 742 977 ἱερέα.
775 909 1119 976 ἀναγνώστας
1153 914 1323 963 ποιεῖν
1381 911 1646 979 μοναχοὺς
1677 910 1828 970 ἐντὸς

259 1003 363 1066 τῆς
409 1001 620 1062 οἰκείας
663 1002 829 1070 μονῆς
877 1003 971 1054 καὶ
1005 1005 1195 1071 μόνης,
1243 1003 1516 1073 ἐζήτησάν
1565 1019 1729 1064 τινες,
1778 1002 1826 1054 εί

260 1094 478 1158 ἐφεῖται
511 1093 657 1158 αὐτῷ
687 1094 804 1162 ἃμα
857 1095 933 1163 τῷ
993 1096 1396 1164 σφραγισθῆναι
1440 1095 1596 1147 τοῦτο
1639 1097 1824 1157 ποιεῖν,

260 1187 360 1236 καὶ
390 1185 509 1252 δίχα
544 1187 713 1254 ῥητῆς
737 1186 1036 1255 ἐπιτροπῆς
1065 1188 1160 1239 τοῦ
1184 1187 1483 1258 ἀρχιερέως
1509 1203 1526 1253 ;
1552 1186 1658 1240 Καί
1684 1203 1825 1249 τινες

260 1277 364 1344 μὲν
422 1273 576 1330 εἷπον
626 1279 1011 1332 ἐπακολουθεῖν
1071 1280 1362 1348 σιωπηρῶς
1415 1281 1508 1332 καὶ
1562 1279 1717 1331 τοῦτο
1760 1281 1824 1348 τῇ

259 1371 574 1441 χειροθεσίᾳ
600 1374 698 1440 τῆς
737 1372 1124 1441 ἡγουμενείας,
1176 1371 1250 1434 ὡς
1291 1369 1386 1423 τοῦ
1415 1372 1636 1432 κανόνος
1666 1370 1825 1422 πλέον

259 1477 312 1510 τι
371 1461 446 1530 μὴ
484 1463 936 1531 προστιθεμένου,
976 1463 1246 1532 χρώμενοι
1273 1462 1465 1530 καὶτῷ
1505 1460 1582 1513 κδ’
1642 1462 1825 1514 κανόνι

257 1552 360 1618 τῆς
393 1556 450 1606 ἐν
474 1554 762 1624 Λαοδικείᾳ
787 1555 1007 1606 συνόδου
1038 1557 1117 1618 είς
1151 1555 1517 1624 συγκρότησιν
1545 1553 1639 1606 τοῦ
1668 1553 1824 1621 λόγου

258 1643 462 1696 αὐτῶν.
484 1645 795 1698 Ἀντέθεντο
820 1647 876 1698 δὲ
906 1647 995 1699 καὶ
1025 1646 1201 1715 ἐτεροι
1235 1645 1333 1709 ώς,
1365 1646 1487 1697 ἐπεὶ⁷
1512 1646 1605 1697 καὶ
1633 1646 1661 1698 ό
1697 1645 1827 1697 ἀνα-

259 1735 508 1804 γνώστης
543 1738 802 1804 κληρικὸς
831 1740 1000 1798 ἐστιν,
1053 1737 1259 1803 ὀφείλει
1306 1735 1364 1800 ἐξ
1409 1736 1652 1806 ἀνάγκης
1689 1735 1824 1803 μετὰ

258 1825 603 1893 χειροθεσίας
647 1828 954 1880 ἐπισκόπου
984 1827 1016 1896 ἢ
1046 1828 1346 1898 ἐπιτροπῆς
1390 1826 1552 1880 αὐτοῦ
1594 1826 1826 1894 σφραγί-

1936 650 2074 701 εαιρε
2103 644 2260 686 etiam
2294 634 2360 686 de
2390 636 2666 688 monachis
2695 637 2797 687 dixi
2832 653 2845 690 :
2874 653 2966 687 eos
2998 646 3198 698 autem,
3233 642 3321 704 qui
3358 656 3480 692 cum

1936 727 2158 795 trisagio
2197 726 2364 794 nigiis
2397 727 2636 779 vestibus
2691 727 2860 780 induti
2903 728 3122 791 fuerint,
3175 729 3485 786 indistincte

1935 818 2056 872 dico
2091 819 2331 870 habitum
2366 828 2571 871 mutare
2599 834 2704 872 non
2739 835 2915 888 posse.
2939 820 3073 872 Cum
3099 831 3278 874 autem
3312 838 3487 876 canon

1933 909 2094 975 dicat,
2128 910 2285 964 licere
2322 911 2492 964 cuivis
2509 911 2815 964 monasterii
2842 911 3114 980 praefecto,
3145 914 3235 981 qui
3257 917 3322 966 ab
3346 916 3487 968 anti-

1939 1003 2066 1057 stite
2097 1003 2464 1058 characterem
2509 1003 2792 1072 acceperit,
2833 1006 3084 1059 sacerdos
3133 1007 3341 1058 scilicet
3374 1020 3498 1089 mo;

1934 1095 2140 1149 nachos
2170 1095 2396 1149 lectores
2427 1094 2604 1149 facere
2626 1096 2762 1150 intra
2796 1097 3181 1150 monasterium
3211 1107 3263 1150 et
3290 1098 3489 1163 solum;

1933 1187 2299 1254 quaesiverunt
2345 1187 2610 1253 nonnulli,
2663 1202 2730 1240 an
2789 1188 2859 1240 sit
2905 1190 2952 1240 ei
3012 1190 3336 1257 permissum
3386 1191 3490 1243 hoc

1933 1275 2128 1340 facere,
2158 1294 2278 1333 cum
2305 1279 2535 1348 primum
2579 1279 2946 1334 characterem
2973 1281 3294 1350 susceperit,
3326 1281 3487 1335 etiam

1933 1369 2050 1423 sine
2093 1384 2346 1438 expressa
2397 1370 2654 1424 antistitis
2713 1371 3112 1440 permissione?
3142 1371 3203 1424 Et
3235 1373 3490 1425 dixerunt

1932 1458 2146 1526 quidem
2196 1459 2462 1526 nonnulli,
2499 1460 2830 1529 praefectum
2875 1477 3130 1518 manuum
3189 1463 3489 1532 impositio-

1931 1563 2052 1601 nem
2079 1549 2179 1603 hoc
2207 1566 2421 1619 quoque
2453 1552 2611 1606 tacite
2636 1553 2917 1622 consequi,
2953 1563 3136 1621 utpote
3164 1567 3284 1606 cum
3313 1569 3486 1606 canon

1931 1639 2064 1693 nihil
2105 1641 2243 1695 ultra
2277 1641 2495 1711 adjiciat
2529 1653 2779 1698 :utentes
2806 1654 2860 1697 et
2914 1659 3123 1699 canone
3176 1643 3247 1697 ει
3295 1647 3486 1715 synodi

1931 1729 2247 1787 Laodicenas
2275 1734 2340 1788 ad
2381 1735 2433 1789 id
2467 1736 2610 1804 quod
2653 1735 2841 1790 dicunt
2886 1735 3334 1789 conﬁrmandum.
3384 1733 3488 1788 Alii

1931 1834 2108 1876 autem
2155 1835 2343 1879 contra
2391 1828 2752 1895 opponebant,
2802 1827 2946 1895 quod
3000 1825 3255 1894 quoniam
3319 1826 3488 1880 lector

259 1918 450 1980 ζεσθαι
482 1935 495 1949 ο
530 1918 652 1982 ὅθεν
687 1922 782 1972 καὶ
813 1923 840 1973 ό
881 1919 1294 1989 καθηγούμενος
1327 1920 1448 1972 τότε
1475 1919 1823 1986 ἀναγνώστου

1929 1929 2148 1982 quoque
2175 1923 2258 1968 est
2290 1915 2544 1981 clericus,
2572 1917 2732 1970 debet
2763 1919 3074 1971 necessario
3101 1933 3220 1971 cum
3249 1917 3486 1987 episcopi

256 2006 602 2073 χειροθεσίαν
629 2010 843 2077 ποιήσει
908 2010 965 2061 ἐν
1010 2009 1086 2076 τῷ
1143 2010 1256 2079 ίδίῳ
1306 2009 1667 2078 μοναστηρῖῳ,
1699 2010 1827 2060 ὅταν

259 2095 356 2147 καὶ
387 2095 543 2148 τοῦτο
571 2099 719 2165 τιαρά
768 2099 861 2152 τοῦ
917 2100 1048 2152 ίδίου
1103 2101 1402 2168 ἀρχιερέως
1438 2101 1731 2168 ἐπιτραπῇ.
1765 2099 1827 2150 Εἰ

259 2188 338 2258 μὴ
372 2190 477 2257 γὰρ
509 2189 665 2242 τοῦτο
702 2191 946 2259 εἴπωμεν
977 2191 1342 2260 δικαιώσομεν
1369 2190 1428 2254 ἐξ
1461 2193 1705 2258 ἀνάγκης
1733 2191 1828 2242 αὑ-

255 2279 351 2330 τὸν
403 2281 655 2348 δέχεσθαι
709 2284 875 2352 χωρὶς
929 2285 1234 2352 ἐπιτροπῆς
1286 2281 1679 2350 ἀρχιερατικῆς
1734 2283 1827 2334 καὶ

255 2373 383 2432 τοὺς
409 2372 700 2441 λογισμοὺς
728 2375 836 2427 τῶν
866 2374 1119 2443 μοναχῶν
1143 2376 1306 2428 αὑτοῦ
1335 2376 1427 2426 καὶ
1448 2374 1670 2442 ἐτέρων,
1694 2377 1827 2444 ὅπερ

264 2465 556 2520 ἀδύνατον.
595 2468 794 2530 Μόνοις
822 2470 930 2540 γὰρ
961 2471 1070 2530 τοῖς
1120 2469 1435 2538 ἀρχιερεῦσι
1464 2471 1553 2520 καὶ
1584 2469 1695 2528 τοῖς
1733 2470 1826 2518 ἐκ-

261 2559 563 2627 χωρηθεῖσι
595 2563 743 2629 παρὰ
772 2562 978 2613 τούτων
1043 2560 1277 2631 ἱερεῦσιν
1307 2560 1662 2628 ἐφιλοτιμήθη
1694 2561 1827 2612 ἄνωο

258 2648 353 2700 θεν
391 2649 451 2701 τὸ
493 2651 712 2719 δεσμεῖν
743 2654 834 2704 καὶ
858 2653 1029 2706 λύειν.
1068 2652 1189 2704 Τῶν
1225 2651 1280 2704 δὲ
1326 2651 1616 2703 ἀντιθέτων
1651 2652 1826 2702 εἰπόν-

253 2759 367 2795 των
393 2742 491 2805 ώς,
528 2745 573 2796 εί
609 2747 768 2814 χρεία
793 2747 909 2798 ἐστὶ
945 2745 1022 2814 τῷ
1067 2746 1463 2814 καθηγουμένιρ
1494 2745 1630 2814 πρὸς
1671 2744 1826 2797 τοῦιο

256 2837 354 2887 καὶ
401 2836 573 2903 ίδικῆς
613 2838 914 2906 ἐπιτροπῆς
949 2837 1042 2890 τοῦ
1069 2837 1339 2908 ἐγχωρίου
1373 2837 1698 2900 ἐπισκόπου,
1746 2838 1823 2900 είς

254 2928 316 2979 τὸ
343 2927 507 2997 μηδὲν
542 2930 785 2999 καταντᾷ
812 2931 870 2982 τὸ
899 2929 1048 2998 παρὰ
1078 2929 1170 2982 τοῦ
1196 2929 1418 2990 κανόνος
1450 2926 1830 2996 meacum-

255 3020 348 3072 θέν
374 3021 451 3089 τῷ
483 3022 904 3092 καθηγουμένῳ,
937 3025 1191 3074 ἀντεῖπον
1223 3022 1422 3073 ἐκεῖνοι
1448 3020 1530 3072 ὅτι
1562 3020 1658 3071 καὶ⁵
1684 3017 1826 3070 οὕτω

257 3111 405 3179 μέγα
424 3113 629 3166 δίκαιον
658 3114 868 3167 δέδοται
898 3114 975 3183 τῷ
1007 3112 1425 3184 καθηγουμένῳ.
1456 3110 1698 3181 Μηδενδς
1721 3111 1826 3179 γὰρ

257 3203 448 3271 ἱερέως
487 3203 792 3274 δυναμένου
828 3205 1178 3273 ἀναγνώστου
1240 3203 1580 3275 χειροθεσίαν
1631 3206 1823 3266 ποιεῖν,

255 3293 360 3345 κᾶν
389 3297 667 3366 ἐπιτραπῇ
698 3295 858 3349 τοῦτο
915 3296 1068 3364 παρὰ
1115 3296 1439 3368 ἀρχιερέως,
1487 3295 1537 3346 οἱ
1573 3293 1826 3364 ῥηθέντες

250 3387 666 3456 καθηγούμενοι
695 3388 815 3441 καθ’
860 3389 1091 3460 ὁρισμὸν
1128 3387 1513 3458 ἀρχιερατικὸν
1561 3387 1716 3439 τοῦτο
1746 3386 1828 3438 ἐν-

255 3483 577 3550 εργήσουσι,
608 3482 741 3552 ὅπερ
786 3482 904 3534 ἐστὶ
954 3481 1298 3551 φιλοτίμημα
1343 3481 1532 3533 ίδικόν.
1591 3479 1744 3549 Ἐμοὶ
1771 3478 1827 3532 δὲ

253 3576 606 3626 κατανοεῖται
632 3572 996 3635 ἀδιαατίκτως
1027 3572 1308 3642 ἐνδοθῆναι
1343 3571 1498 3626 τοῦτο
1527 3575 1638 3636 τοῖς
1665 3573 1829 3641 ήγου·

253 3666 446 3736 μένοις
482 3665 634 3734 παρά
661 3664 756 3718 τοῦ
785 3665 1030 3728 κανόνος.
1073 3666 1195 3718 Ἐτι
1227 3664 1556 3734 ἀμφισολίας
1605 3664 1829 3730 γενομέ-

252 3776 355 3828 νης
385 3760 512 3828 περὶ
548 3758 643 3812 τοῦ
691 3760 737 3812 εί
785 3759 1024 3827 γίνονται
1064 3758 1360 3827 ἡγούμενοι
1413 3758 1640 3826 ἀνίεροι,
1676 3749 1828 3808 εἶπόν

249 3867 403 3914 τινες
461 3852 557 3916 ὡς,
615 3851 740 3904 ἐπεὶ
795 3852 937 3905 κατά
988 3850 1316 3920 δοκιμασίαν
1372 3849 1465 3902 τοῦ
1529 3849 1826 3902 ἐπισκόπου

255 3946 675 4016 σφραγίζονται,
728 3946 946 4009 πάντως
989 3944 1297 4009 ἐπιλέξεται
1330 3945 1356 3995 ό
1390 3943 1684 4004 ἐπίσκοπος
1740 3942 1828 3994 τὸν

254 4039 651 4102 εὐδοκιμοῦντα
700 4037 836 4108 πρὸς
893 4036 1138 4107 ἰατρείαν
1184 4035 1391 4105 ψυχῶν,
1456 4034 1558 4087 κᾶν
1614 4034 1827 4103 ἀνίερός

253 4135 406 4186 ἐστιν
432 4148 446 4162 ο
495 4131 554 4183 οὐ
595 4131 702 4200 μὴν
747 4123 842 4183 τὸν
879 4127 1327 4200 χειροτονηθέντα
1361 4128 1456 4179 καὶ⁵
1504 4126 1578 4196 μὴ
1622 4126 1829 4178 εὐδοκι-

257 4223 464 4293 μοῦντα
497 4239 511 4254 ο
541 4222 731 4292 ὥσπερ
757 4222 877 4276 οὐδὲ
902 4223 931 4274 ό
955 4220 1124 4274 νοσῶν
1160 4218 1487 4290 σωματικῶς
1523 4218 1612 4272 ἵνα
1643 4217 1828 4270 ἐπιλέ-

253 4321 416 4385 ξηται
446 4316 537 4369 τὸν
589 4315 724 4384 πρὸς
775 4314 1074 4385 θεραπείαν
1129 4312 1544 4382 ἀνεπιστήμονα
1601 4309 1729 4380 περὶ
1763 4309 1828 4363 τὰ

257 4409 503 4480 ίατρικά,
539 4407 629 4462 διὰ
676 4407 737 4460 τὸ
794 4405 1093 4476 ἀρχιατρὺν
1145 4405 1308 4459 αὑτὸν
1359 4402 1826 4474 χειροτονηθῆναι,

252 4506 354 4557 καὶ
407 4498 746 4571 παραδράμῃ
806 4497 900 4550 τὸν
957 4496 1131 4560 δεξιὸν
1188 4495 1282 4549 καὶ
1335 4495 1706 4563 ἐπιστήμονα,
1755 4494 1830 4554 ώς

1929 2020 2184 2058 manuum
2211 2004 2552 2074 impositione
2583 2008 2660 2061 vel
2680 2008 2795 2077 ejus
2826 2008 3181 2077 permissione
3204 2008 3489 2063 characte-

1928 2112 2040 2150 rem
2075 2098 2385 2166 suscipere;
2421 2099 2561 2152 unde
2589 2107 2641 2152 et
2674 2101 2986 2155 monasterii
3037 2099 3324 2170 praefectus
3355 2111 3486 2156 tunc

1929 2187 2144 2241 lectoris
2182 2189 2575 2243 ordinationem
2630 2191 2682 2244 in
2737 2206 2838 2245 suo
2894 2193 3224 2247 monasterio
3283 2193 3485 2258 faciet,

1927 2279 2144 2348 quando
2189 2280 2290 2336 hoc
2333 2296 2360 2333 a
2393 2283 2609 2351 proprio
2640 2283 2898 2353 episcopo
2922 2286 2967 2338 ei
3007 2288 3329 2354 permissum
3369 2288 3488 2340 fue-

1926 2371 2016 2425 rit.
2059 2371 2169 2426 Nisi
2201 2372 2343 2426 enim
2382 2373 2484 2429 hoc
2536 2374 2836 2430 dixerimus
2863 2417 2876 2440 ,
2921 2393 3042 2429 cum
3099 2394 3313 2448 quoque
3370 2380 3488 2434 sine

1926 2466 2221 2536 epiSCOpali
2281 2468 2640 2536 permissione
2699 2471 3090 2524 monachorum
3148 2487 3372 2526 suorum
3430 2483 3484 2526 et

1926 2559 2155 2613 aliorum
2190 2557 2562 2614 confessiones
2609 2562 2797 2615 audire
2849 2578 3062 2632 aequum
3120 2565 3487 2630 censebimus,

1925 2647 2070 2716 quod
2123 2647 2235 2702 fieri
2289 2663 2396 2702 non
2450 2658 2642 2718 potest.
2682 2648 2824 2704 Solis
2860 2651 3000 2704 enim
3035 2653 3388 2719 antistitibus,
3433 2667 3490 2709 et

1926 2741 2127 2808 quibus
2168 2740 2234 2795 ab
2283 2741 2415 2809 ipsis
2457 2741 2781 2810 permissum
2833 2741 3013 2807 fuerit,
3070 2745 3443 2800 sacerdotibus
3472 2786 3487 2809 ,

1926 2849 2164 2902 superne
2197 2848 2516 2889 concessum
2550 2845 2632 2889 est
2662 2835 2831 2903 ligare
2863 2843 2916 2890 et
2946 2837 3174 2894 solvere.
3217 2836 3350 2892 Cum
3389 2855 3490 2892 au-

1927 2937 2032 2981 tem
2060 2928 2298 2983 dixerint
2333 2929 2650 2993 adversarii,
2683 2929 2827 2999 quod
2864 2930 2906 2983 si
2943 2931 3258 2984 monasterii
3289 2933 3483 2998 praefe-

1925 3027 2010 3073 cto
2039 3035 2176 3089 opus
2205 3030 2290 3075 est
2317 3019 2537 3090 speciali
2563 3035 2778 3090 quoque
2803 3021 2946 3076 illius
2975 3021 3212 3090 regionis
3243 3022 3487 3090 ερίεοε.›ιιί

1925 3114 2300 3180 permissione.
2331 3114 2393 3167 ad
2429 3113 2560 3167 nihil
2598 3113 2735 3166 redit
2763 3115 2905 3183 quod
2936 3112 3191 3184 praefecto
3221 3127 3250 3167 a
3284 3131 3491 3168 canone

1927 3219 2244 3260 concessum
2271 3214 2353 3260 est
2382 3222 2395 3258 :
2434 3205 2508 3259 illi
2536 3213 2724 3259 contra
2758 3205 3036 3267 dixerunt,
3073 3205 3214 3274 quod
3254 3205 3335 3260 sic
3358 3221 3492 3274 quo-

1926 3312 2031 3366 que
2070 3312 2319 3368 maguum
2349 3298 2437 3366 jus
2460 3296 2618 3350 datur
2659 3294 2932 3365 prafecto.
2960 3295 3093 3349 Cum
3126 3296 3268 3349 enim
3309 3296 3491 3349 nullus

1929 3389 2184 3442 sacerdos
2235 3389 2406 3457 possit
2459 3387 2716 3442 lectorem
2766 3389 3038 3447 ordinare,
3075 3383 3286 3438 etiamsi
3321 3385 3369 3438 ei
3421 3385 3492 3438 ab

1927 3478 2171 3532 antistite
2203 3478 2306 3531 hoc
2342 3479 2666 3547 permissum
2701 3476 2881 3537 fuerit,
2918 3474 3212 3543 supradicti
3250 3473 3490 3544 praefecti

1927 3568 2188 3623 antistitis
2217 3568 2438 3623 decreto
2470 3569 2570 3621 hoc
2605 3566 2825 3630 facient,
2863 3565 3004 3636 quod
3034 3573 3117 3620 est
3147 3565 3362 3634 quidem
3394 3565 3493 3618 do-

1929 3677 2056 3715 num
2106 3662 2357 3728 Speciale.
2392 3661 2500 3730 Ego
2529 3674 2656 3713 vero
2705 3659 2942 3727 intelligo
2979 3657 3080 3711 hoc
3115 3657 3491 3711 .monasterio-

1931 3769 2050 3807 rum
2105 3751 2374 3822 praefectis
2433 3751 2752 3806 indistincte
2813 3767 2842 3803 a
2903 3764 3112 3803 canone
3165 3763 3488 3804 concessum

1927 3861 2070 3902 esse.
2103 3843 2369 3900 Praeterea
2401 3859 2525 3898 cum
2571 3844 2935 3906 dubitaretur,
2983 3858 3049 3896 an
3103 3843 3490 3897 monachorum

1927 3936 2165 4007 praefecti
2197 3936 2351 3997 fiunt,
2376 3936 2467 4004 qui
2493 3935 2664 3990 sacris
2693 3951 2801 3989 nou
2836 3943 2964 3990 sunt
2993 3933 3208 3999 initiati;
3239 3933 3493 3988 dicebant

1928 4027 2169 4097 quidam,
2203 4025 2348 4096 quod
2395 4025 2654 4096 quoniam
2696 4041 2761 4080 ex
2803 4024 3046 4094 episcopi
3091 4024 3494 4078 examinatione

1927 4121 2301 4175 characterem
2353 4119 2699 4189 suscipiunt,
2735 4117 2886 4170 illum
2935 4117 3159 4172 omnino
3208 4118 3495 4186 cpiscopus

1928 4211 2109 4282 eliget,
2138 4211 2230 4281 qui
2281 4211 2348 4266 ad
2393 4211 2699 4266 animarum
2757 4209 2983 4262 salutem
3032 4219 3117 4263 est
3176 4207 3495 4276 probatior,

1927 4301 2138 4355 etiamsi
2176 4315 2285 4354 non
2328 4310 2413 4355 est
2449 4299 2622 4354 sacris
2655 4299 2922 4364 initiatus;
2958 4314 3062 4352 non
3113 4308 3294 4352 autem
3324 4313 3446 4350 eum
3475 4334 3492 4360 ,

1928 4395 2020 4463 qui
2072 4392 2354 4447 ordinatus
2399 4400 2501 4454 est,
2554 4390 2646 4445 sed
2706 4404 2814 4444 non
2862 4396 2946 4443 est
2995 4388 3132 4444 satis
3191 4398 3492 4457 spectatus.

1928 4482 2392 4550 Quemadmodum
2443 4495 2544 4535 nec
2597 4481 2663 4546 is,
2696 4480 2788 4548 qui
2840 4486 3066 4549 aegrotat
3105 4479 3486 4548 corporaliter,

256 4569 674 4666 ἁχειροτόνητον
700 4608 714 4622 ο
741 4590 822 4643 ὃτι
859 4588 996 4659 μηδέ
1031 4590 1063 4657 ὴ
1110 4585 1436 4658 χειροτονία,
1462 4585 1577 4638 ἀλλ’
1608 4586 1641 4654 ὴ
1673 4585 1828 4656 ἀκρι-

1934 4575 2216 4631 medicina:
2260 4574 2396 4627 artis
2432 4570 2742 4642 imperitum
2774 4570 2840 4624 ad
2888 4571 3212 4624 medendum
3262 4569 3497 4639 eligerit,

255 4691 360 4758 6ὴς
406 4686 688 4755 ἐπιστήμη
723 4684 822 4754 τὴν
866 4681 1168 4752 θεραπείαν
1210 4680 1443 4733 δίδωσιν.
1499 4679 1719 4749 Ἕτεροι
1773 4678 1830 4731 δὲ

255 4782 545 4837 ἀντέθεντο
598 4779 692 4843 ὡς,
747 4775 840 4829 τοῦ
893 4775 1117 4837 κανόνος
1169 4771 1539 4843 διοριζομένου
1590 4771 1830 4832 ἐκείνους

257 4875 404 4944 ἔχειν
451 4871 606 4925 τοῦτο
651 4870 711 4923 τό
742 4869 969 4933 δίκαιον,
1017 4866 1142 4927 τοὺς
1185 4863 1621 4934 σφραγισθέντας
1663 4865 1829 4932 ἡγουο

261 4967 456 5036 μένους
516 4960 668 5030 παρά
728 4959 1083 5019 ἐπισκόπων,
1133 4955 1373 5025 δηλονότι
1423 4953 1581 5016 ὄντας
1644 4955 1831 5023 ἱερεῖς,

257 5062 619 5125 ἀναφαινεται
654 5054 728 5124 μὴ
762 5049 1159 5122 σφραγίζεσθαι
1188 5045 1510 5118 ἡγούμενον,
1541 5048 1588 5098 εἰ
1632 5047 1706 5116 μὴ
1738 5044 1834 5098 καὶ

262 5149 446 5220 ἱερεύς
476 5151 623 5201 ἐστιν
648 5163 664 5178 ·
698 5147 838 5214 ὅπερ
887 5142 1014 5212 ἐμοὶ
1067 5139 1207 5203 τέως
1258 5142 1317 5194 οὑ
1358 5140 1526 5194 δοκεῖ.
1558 5137 1692 5193 Οὐδὲ
1725 5136 1832 5207 γὰρ

259 5245 352 5296 διὰ
401 5244 500 5313 τὴν
530 5238 894 5310 ὴγουμενείαν
937 5234 1242 5306 προσετέθη
1290 5234 1442 5302 παρά
1494 5232 1604 5284 τῶν
1661 5231 1833 5299 ἁγίων

261 5331 523 5401 Πατέρων
560 5331 620 5382 τὸ
645 5324 783 5381 εἶναι
812 5328 1028 5387 πάντως
1072 5321 1242 5394 ’ἱερεῖς
1297 5324 1423 5385 τοὺς
1473 5321 1832 5392 ἡγουμένους,

259 5423 399 5477 ἀλλὰ
419 5421 506 5474 διὰ
533 5420 632 5489 τὴν
657 5419 752 5471 τοῦ
787 5415 1135 5484 ἀναγνώστου
1171 5412 1462 5482 σφραγῖδα,
1501 5412 1576 5474 ὡς
1605 5409 1832 5463 δυνατοῦ

264 5515 344 5586 μὴ
375 5515 524 5575 όντος
565 5511 717 5581 παρά
763 5511 980 5578 ἀνιέρου
1023 5505 1432 5575 καθηγουμένου
1483 5502 1834 5572 ἀναγνώστην

261 5602 688 5676 σφραγισθῆναι.
752 5600 912 5668 Λέγω
966 5596 1058 5650 οὖν
1109 5595 1219 5651 ἀπό
1286 5611 1346 5647 τε
1410 5595 1504 5648 τοῦ
1567 5593 1834 5664 παρόντος

261 5698 488 5759 κανόνος
529 5696 624 5748 κα)⁵
663 5693 773 5747 ἀπὸ
812 5691 904 5744 τοῦ
959 5688 1021 5744 ιθ⁹
1060 5689 1235 5750 καλῶς
1264 5686 1708 5759 προχειρίζεσθαι
1739 5687 1834 5741 καὶ

260 5792 514 5860 ἀνιέρους
548 5783 995 5856 καθηγουμένους
1030 5797 1044 5812 ⁸
1079 5782 1161 5834 ὃτι
1213 5781 1306 5833 καὶ
1357 5772 1616 5847 γυναῖκες
1666 5778 1832 5846 ὴγουο

265 5882 571 5938 αειεεύουσι.
609 5880 715 5935 Κολ
737 5877 924 5949 ὥσπερ
955 5876 1158 5929 ἐκεῖναι
1187 5871 1307 5926 οὕτε
1334 5870 1622 5940 λογισμοὺς
1644 5869 1835 5926 ἀναδέ-

1933 4681 1998 4720 eo
2024 4663 2166 4734 quod
2204 4661 2472 4717 archialer
2502 4675 2599 4714 seu
2644 4659 2980 4714 medicorum
3014 4660 3269 4728 princeps
3308 4659 3380 4712 sit
3412 4675 3495 4714 or.

1934 4758 2189 4822 dinatus;
2227 4755 2485 4810 scientem
2517 4765 2645 4807 vero
2676 4759 2731 4806 et
2761 4753 2995 4822 peritum
3047 4753 3454 4821 praetermiserit
3483 4788 3496 4814 ._

1936 4850 2110 4920 utqui
2148 4864 2254 4902 non
2288 4845 2356 4902 sit
2392 4844 2674 4900 ordinatus
2706 4860 2719 4896 :
2749 4843 3002 4914 quoniam
3049 4859 3154 4898 non
3200 4844 3493 4907 ordinatio,

1935 4942 2028 4997 sed
2061 4939 2297 5011 perfecta
2330 4937 2559 4994 scientia
2591 4939 2684 4991 dat
2714 4934 3000 4990 medelam.
3028 4935 3132 4989 Alii
3160 4947 3338 4989 autem
3375 4951 3495 4992 con-

1936 5045 2016 5089 tra
2050 5032 2411 5104 opponebam,
2440 5030 2585 5101 quod
2613 5044 2737 5084 cum
2770 5043 2944 5083 canon
2970 5027 3227 5084 decernat
3256 5029 3373 5085 illos
3399 5029 3494 5085 hoc

1929 5126 2021 5198 jus
2059 5126 2256 5181 habere
2295 5122 2744 5179 monasteriorum
2790 5121 3098 5191 praefectos.
3133 5123 3223 5191 qui
3259 5123 3326 5176 ab
3366 5124 3492 5192 epi-

1934 5220 2116 5290 scopis
2143 5221 2513 5274 characterem
2559 5215 2886 5286 acceperiut,
2920 5215 3235 5269 sacerdotes
3267 5215 3494 5280 Scilicet,

1937 5322 2160 5384 apparet
2217 5312 2588 5366 characterem
2661 5308 2992 5380 prafectura:
3050 5323 3157 5361 non
3222 5308 3492 5376 suscipert

1935 5405 2250 5478 praefectum
2273 5444 2287 5466 ,
2323 5404 2428 5458 nisi
2489 5404 2558 5458 sit
2587 5402 2844 5458 sacerdos
2882 5419 2896 5454 :
2931 5399 3076 5470 quod
3114 5415 3221 5453 non
3257 5399 3383 5452 mihi
3419 5402 3486 5453 vi-

1936 5501 2113 5553 detur.
2143 5495 2260 5550 Non
2306 5495 2450 5549 enim
2511 5503 2730 5565 preptcr
2783 5493 3155 5562 pnefecturam
3204 5506 3232 5544 a
3295 5494 3492 5546 sanctis

1936 5587 2187 5644 Patribus
2220 5586 2463 5642 additqu
2503 5594 2627 5650 est,
2661 5594 2719 5638 ut
2749 5584 2858 5640 sint
2901 5583 3122 5638 omnino
3159 5582 3492 5637 sacerdotes.

1937 5684 2028 5753 qui
2057 5668 2402 5736 monaSteriis
2431 5690 2700 5750 pra‘sunt;
2728 5677 2821 5734 sed
2853 5684 3070 5748 pr0pter
3101 5675 3323 5730 lectoris
3348 5675 3490 5729 ordi-

1937 5775 2236 5839 nationem,
2280 5786 2474 5842 nempe
2503 5785 2625 5825 cum
2658 5770 2820 5826 lector
2846 5768 3086 5824 ordinari
3116 5782 3222 5821 non
3258 5767 3430 5837 possit
3469 5781 3494 5819 ε

1938 5863 2253 5924 monasterii
2302 5863 2578 5934 praefecto,
2614 5861 2707 5933 qui
2762 5876 2868 5920 non
2923 5861 2995 5920 sit
3039 5859 3317 5919 sacerdos.
3371 5858 3495 5912 Ilico
