4166 6438
771 392 884 461 θαι

2006 401 2278 459 'I‘HEUU.
2337 406 2427 458 ΒΑ
2441 408 2723 466 ιδΑΜυΝ

3929 422 4020 480 9ῦί

771 519 902 572 ergo
933 518 998 558 ex
1029 505 1275 572 praesenti
1307 518 1517 558 canone
1543 513 1594 557 et
1623 519 1686 558 ex
1716 505 1781 560 l9
1802 518 1946 561 recte
1975 510 2039 561 ad
2071 516 2327 578 pradectu

2457 535 2666 586 χονται,
2702 519 2846 607 κοῦτε
2898 521 3253 590 ἀναγνώστας
3312 523 3546 588 ποιοῦσι,
3581 524 3755 585 οὕτως
3799 526 3920 579 οὐδὲ
3970 529 4016 580 οι

775 611 890 651 ram
921 596 1143 667 provehi
1168 596 1329 649 etiam
1359 611 1482 662 eos,
1509 598 1600 666 qui
1632 613 1739 652 non
1767 608 1894 652 sunt
1924 602 2098 655 sacris
2122 603 2336 668 initiati;

768 688 1028 756 quoniam
1063 686 1278 740 femina:
1306 703 1523 756 quoque
1560 689 1911 745 monasteriis
1948 695 2336 761 praeficiuntur.

771 780 833 856 Et
865 780 1004 833 sicut
1044 779 1146 834 illae
1172 793 1272 832 nec
1299 788 1646 848 peccatorum
1683 782 2052 839 confessiones
2085 787 2335 849 audiunt,

767 874 932 944 316
991 891 1090 929 nec
1141 876 1374 930 lectores
1425 875 1633 930 faciunt
1669 891 1684 929 :
1716 877 1794 931 sic
1842 893 1943 934 nec
1992 883 2236 936 monachi
2287 893 2339 936 et

767 969 1028 1034 praefecti,
1061 969 1152 1038 qui
1187 985 1290 1023 non
1325 981 1448 1024 sunt
1477 970 1808 1039 sacerdotes,
1839 972 1940 1026 hoc
1989 971 2222 1038 facient;
2271 992 2338 1031 eo

765 1057 907 1126 Quod
948 1073 1046 1112 nec
1077 1060 1186 1125 apti
1219 1059 1433 1126 quidem
1467 1068 1615 1119 sunt.
1664 1069 1721 1113 ut
1771 1062 2039 1130 ejusmodi
2093 1067 2168 1118 rei
2216 1081 2340 1133 per-

766 1150 1081 1204 missionem
1113 1151 1181 1205 ab
1205 1152 1459 1221 episcopo
1485 1153 1776 1222 acripiant.
1811 1155 1949 1221 Quid
1975 1159 2181 1212 autem?
2201 1159 2335 1212 Cum

769 1241 1059 1297 Justiniani
1100 1241 1320 1300 Novella
1353 1248 1517 1309 dicat,
1547 1258 1603 1299 ut
1637 1263 1778 1316 saape
1809 1249 2067 1311 diximus,
2094 1267 2198 1304 non
2224 1252 2333 1304 fieri

764 1337 1038 1389 lectorcm'
1062 1338 1374 1406 quempiam
1397 1379 1411 1402 ,
1450 1340 1549 1393 nisi
1586 1342 1657 1391 sit
1691 1341 1991 1394 octodecim
2025 1357 2198 1398 annos
2232 1359 2331 1397 na-

764 1441 869 1488 tus,
927 1431 969 1482 si
1011 1431 1132 1496 quis
1169 1431 1350 1485 infans
1399 1432 1477 1484 vel
1519 1449 1649 1496 puer
1684 1433 1900 1486 lectoris
1931 1437 2330 1490 ordinationem

761 1518 829 1570 ab
869 1519 1112 1571 antistite
1157 1523 1480 1588 susceperit,
1531 1537 1666 1574 cane
1710 1532 2000 1579 contentus
2058 1530 2203 1593 erit;
2267 1542 2331 1581 an

762 1623 882 1680 post
912 1623 1162 1666 octavum
1219 1613 1489 1667 decimum
1547 1631 1744 1669 annum
1806 1617 1913 1672 alio
1969 1620 2035 1672 ab
2091 1622 2335 1676 antistite

764 1706 1082 1759 charactere
1115 1721 1252 1774 opus
1285 1706 1537 1759 habebit?
1568 1707 1800 1762 Solutio.
1835 1710 1889 1763 Si
1925 1713 2106 1768 datu.n
2161 1714 2324 1768 fuerit

759 1813 882 1850 eum
922 1813 1110 1852 rursus
1148 1812 1366 1867 qnaque
1401 1800 1768 1855 characterem
1805 1805 2054 1873 accipere
2080 1849 2094 1870 ,
2144 1818 2332 1876 utpote

763 1890 907 1957 quod
965 1891 1174 1958 primus
1214 1890 1501 1945 character
1545 1910 1651 1945 non
1702 1897 1872 1962 possit
1919 1900 2239 1959 consistere.
2285 1904 2331 1956 ei

762 1982 942 2033 lICt‘ilil
968 1987 1093 2043 ante’
1114 1983 1433 2048 secundum,
1465 1985 1515 2036 iu
1545 1986 1739 2039 Iaicum
1763 1989 2166 2057 transformari,
2190 1998 2332 2063 quod

757 2082 841 2126 cst
869 2073 1191 2133 absurdum.
1229 2073 1292 2126 Et
1324 2076 1443 2128 ideo
1476 2076 1547 2137 ei,
1573 2079 1663 2140 qui
1701 2095 1727 2127 a
1769 2081 1999 2146 pueritia
2045 2084 2331 2141 characte-

759 2181 871 2217 rem
899 2166 1134 2233 accepit,
1164 2166 1415 2230 sufficiet,
1451 2178 1507 2220 ut
1539 2169 1672 2221 mihi
1707 2169 1942 2237 videtur,
1979 2175 2182 2241 primus
2203 2181 2332 2233 cha-

760 2264 942 2309 racter
982 2257 1049 2308 ab
1077 2257 1320 2310 antistite
1352 2267 1662 2327 susceptus,
1698 2271 1750 2313 et
1785 2273 2070 2330 reputatus
2103 2268 2331 2334 perinde

760 2363 822 2400 ac
852 2349 896 2401 si
933 2357 1053 2417 post
1085 2359 1336 2403 octavum
1373 2351 1642 2405 decimum
1695 2367 1896 2407 annum
1939 2357 2005 2408 ab
2047 2373 2111 2411 eo
2158 2359 2333 2416 factus

755 2449 904 2493 esset
944 2457 958 2492 :
996 2452 1046 2501 et
1077 2457 1141 2495 eo
1181 2443 1352 2511 magis
1379 2483 1394 2506 ,
1430 2444 1576 2512 quod
1629 2460 1739 2499 nou
1790 2446 2065 2502 invenitur
2113 2467 2288 2507 canon
2316 2496 2330 2518 ,

2455 611 2664 682 ἀνίεροι
2702 613 2928 681 μοναχοὶ
2951 610 3044 666 καὶ
3080 613 3481 684 καθηγούμενοι
3502 617 3752 670 τοιοῦτόν
3781 635 3836 669 τι
3874 621 4015 688 ἆνερ-

2442 706 2695 774 γήσθυσι,
2742 706 2830 759 διὰ
2855 707 2916 757 τὸ
2948 706 3082 776 μηδὲ
3111 707 3414 774 πεφυκέναι
3445 708 3696 760 τοιούτου
3727 709 3876 770 τινὸς
3901 711 4015 763 ἐπι-

2440 799 2648 867 τροπὴν
2683 799 2868 851 λαδεῖν
2917 800 3116 862 αὐτοὺς
3161 802 3226 852 ἐκ
3271 799 3365 852 τοῦ
3421 801 3752 853 ἐπισκόπου.
3806 803 3873 853 Τί
3921 803 4012 867 δές

2439 891 2538 959 τῆς
2577 892 3014 943 ’ῐουστινιανείου
3066 891 3312 963 Νεαρᾶς,
3360 892 3436 956 ὼς
3461 892 3731 964 ,πολλάκις
3770 895 4012 962 εἴπομεν,

2439 983 2724 1052 λεγούσης,
2777 986 2852 1054 μὴ
2904 983 3151 1052 γίνεσθαί
3210 1003 3331 1037 τινα
3391 985 3775 1054 ἀναγνώστην,
3840 993 3889 1039 εἰ
3946 990 4011 1059 μὴ

2438 1076 2952 1146 όκτωκαιδεκαετής
2988 1079 3160 1142 ἐστιν,
3194 1077 3292 1130 ὲάν
3319 1095 3401 1140 τις
3439 1079 3631 1148 νήπιος
3673 1078 3753 1131 ὢν
3800 1079 4013 1150 δέξηται

2440 1171 2786 1240 χειροθεσίαν
2836 1169 3190 1237 ἀναγνώστου
3232 1170 3340 1224 ἀπὸ
3377 1173 3704 1241 ἀρχιερέως,
3741 1174 4010 1241 ἀρκεσθή-

2441 1281 2594 1316 σεται
2649 1264 2843 1335 ταύτῃ,
2898 1265 2929 1334 ἦ
2983 1264 3124 1334 μετά
3174 1265 3266 1317 τὸν
3297 1266 3773 1318 ὀκτωκαιδέκατον
3831 1267 4013 1336 χρόνον

2438 1360 2632 1428 ἐτέρας
2699 1361 2996 1428 σφραγῖδος
3050 1359 3446 1429 ἀρχιερατικῆς
3503 1358 3776 1430 δεηθείη;
3830 1360 4010 1421 Λύσις.

2439 1451 2500 1503 Εἰ
2558 1451 2685 1519 δοθῇ
2736 1449 3136 1516 σφραγίζεσθαι
3174 1449 3268 1500 καὶ
3318 1444 3473 1510 αὖθις
3521 1448 3738 1513 τοῦτον,
3801 1451 3880 1511 ὡς
3919 1451 4012 1516 τῆς

2436 1546 2662 1614 πρώτης
2717 1542 3013 1612 σφραγῖδος
3065 1541 3237 1612 οὔσης
3303 1542 3678 1595 ἀνυποστάτου
3709 1583 3725 1605 ,
3772 1543 3890 1608 ἕξει
3935 1545 4012 1595 ἐπ’

2436 1639 2619 1700 ἀδείας
2653 1638 2758 1707 πρὸ
2800 1639 2900 1706 τῆς
2931 1637 3189 1704 δευτέρας
3233 1636 3840 1705 μετασχηματίζεσθαι,
3885 1637 4012 1706 ὅπερ

2437 1733 2662 1786 ἄτοπον.
2690 1732 2781 1783 Διὸ
2815 1732 2910 1783 καὶ
2951 1729 3179 1799 ἀρκέσει
3205 1729 3282 1797 τῷ
3315 1728 3571 1796 νηπιόθεν
3600 1729 4012 1798 σφραγισθέπι,

2437 1829 2512 1887 ὡς
2541 1827 2666 1894 ἐμοὶ
2696 1823 2863 1887 δοκεῖ,
2891 1826 2923 1893 ἡ
2953 1822 3142 1893 πρώτη
3173 1823 3411 1892 σφραγὶς
3441 1821 3547 1873 ὑπὸ
3582 1821 3674 1872 τοῦ
3711 1822 4014 1890 ἀρχιερέως

2440 1919 2728 1988 δεχομένη,
2757 1918 2849 1969 καὶ
2872 1915 3199 1983 λογιζομένη
3231 1912 3419 1983 ὥσπερ
3461 1915 3510 1964 εί
3550 1914 3692 1982 μετά
3719 1914 3814 1964 τὸν
3845 1914 4013 1964 ὀκτω-

2441 2013 2763 2065 καιδέκατον
2785 2010 2978 2078 χρόνον
3012 2008 3206 2074 γέγονε
3232 2007 3364 2076 παρ’
3399 2006 3563 2058 αὑτοῦ
3595 2018 3608 2031 ·
3652 2007 3745 2059 καὶ
3785 2006 4011 2074 μᾶλλον,

2437 2107 2563 2158 ἐπεὶ
2587 2105 2706 2157 οὐδὲ
2732 2101 2912 2155 κανὼν
2945 2101 3260 2169 εὑρίσκεται
3281 2098 3455 2165 λέγων
3480 2098 4010 2168 προκριματίζεσθαι

2436 2198 2526 2249 τὸν
2555 2195 2660 2265 πρὸ
2689 2192 2784 2246 τοῦ
2842 2190 3084 2244 τοιούτου
3139 2190 3334 2259 χρόνου
3391 2188 3628 2240 λαϐόντα
3659 2189 4011 2257 χειροθεσίαν

2436 2286 2808 2355 ἀναγνώστου.
2845 2283 2981 2352 Περὶ
3020 2282 3202 2349 μέντοι
3247 2279 3357 2331 τῶν
3400 2281 3713 2349 προνομίων
3744 2280 3844 2332 τοῦ
3875 2299 4012 2349 χωρ-

2436 2380 2741 2433 επισκόπου
2772 2374 3046 2445 ἀνάγνωθι
3077 2373 3169 2426 τὸν
3200 2371 3231 2424 ι’
3254 2372 3455 2424 κανόνα
3479 2373 3578 2441 τῆς
3608 2375 3666 2424 ἐν
3709 2373 4012 2444 Ἀντιοχείᾳ

2436 2472 2676 2527 συνόδου.

755 2556 848 2625 qui
880 2557 1025 2609 dicat
1055 2573 1179 2613 eum
1213 2557 1397 2626 aliquo
1431 2559 1751 2627 prtejudicw
1778 2560 1939 2627 afﬁci,
1972 2565 2064 2633 qui
2108 2577 2233 2623 ante
2258 2571 2311 2626 id
2353 2581 2566 2640 tempus
2591 2561 2808 2620 lectoris
2826 2560 3072 2616 ordinem
3126 2558 3447 2628 susceperit.
3504 2558 3576 2613 De
3631 2560 4008 2630 chorepiscopi

753 2658 934 2703 autem
989 2647 1283 2718 privilegiis
1339 2648 1451 2720 lege
1501 2666 1760 2705 canonem
1814 2655 1880 2708 l0
1917 2656 2170 2713 Antioch.
2229 2667 2443 2732 synodi.

826 2740 1078 2796 ZONAR.
1140 2741 1369 2808 Quidam
1440 2744 1588 2797 nulla
1643 2761 1908 2801 manuum
1974 2751 2326 2820 impositione

753 2838 920 2890 creati
949 2837 1198 2895 lectores.
1233 2836 1337 2891 hoc
1366 2845 1448 2890 est
1488 2837 1634 2891 nulla
1668 2850 1820 2892 certa
1852 2841 2229 2911 designatione
2257 2847 2325 2902 ad

756 2927 807 2980 id
844 2943 1044 3005 munus
1071 2927 1250 2990 electi,
1286 2929 1337 2981 iu
1375 2930 1738 2983 conventibus
1769 2945 1798 2983 e
1841 2945 2094 3001 Suggestu
2144 2953 2331 2992 saeros

753 3019 922 3072 libros
956 3020 1223 3089 legebant.
1256 3021 1306 3074 Id
1343 3036 1474 3089 ergo
1511 3022 1596 3078 hic
1619 3037 1796 3074 canon
1828 3021 1942 3076 ﬁeri
1985 3035 2151 3092 vetat,
2189 3045 2324 3096 quo-

756 3113 900 3164 niam
943 3114 994 3165 in
1034 3108 1208 3177 omni,
1247 3112 1446 3180 inquit,
1485 3114 1791 3167 sacerdotio
1817 3116 2026 3171 ordinis
2056 3119 2324 3181 rationem

755 3201 1057 3256 habendam
1102 3218 1243 3266 esse,
1280 3203 1438 3273 plane
1462 3193 1697 3268 clarum,
1731 3206 1835 3260 hoc
1877 3217 1987 3272 est,
2018 3209 2174 3264 valde
2211 3226 2328 3265 ma-

757 3295 1016 3350 nifestum
1051 3303 1106 3349 et
1151 3304 1398 3364 apertum
1448 3305 1554 3351 est.
1586 3297 1688 3362 Qui
1739 3313 1870 3352 vero
1920 3316 2019 3354 nec
2067 3316 2326 3357 manuum

757 3388 1099 3456 impositione
1131 3387 1473 3457 designatus,
1505 3404 1602 3443 uec
1640 3390 1695 3442 in
1731 3389 1995 3446 lectorum
2031 3394 2215 3448 album
2245 3412 2330 3450 re-

755 3479 897 3533 latus
928 3479 1036 3544 sit;
1080 3479 1257 3549 qualis
1314 3480 1529 3534 illorum
1577 3491 1660 3536 est
1714 3482 1874 3547 ratio,
1914 3485 2005 3554 qui
2041 3500 2072 3539 a
2122 3489 2327 3543 teneris

755 3571 867 3624 Deo
902 3571 1173 3640 sepositi,
1207 3571 1338 3625 nihil
1369 3572 1513 3625 aliud
1549 3588 1712 3642 quam
1747 3589 2006 3630 coronam
2050 3579 2104 3632 in
2139 3581 2319 3650 capite

752 3670 1001 3731 gestant;
1033 3662 1103 3716 ab
1145 3678 1210 3717 eo
1252 3664 1489 3716 divinam
1549 3662 1889 3734 Scripturam
1949 3670 2016 3723 de
2069 3684 2325 3742 suggestu

758 3756 957 3824 pepulo
1003 3755 1368 3826 pronuntiari,
1421 3757 1669 3826 quaedam
1720 3757 1931 3814 ordinis
1987 3766 2328 3830 perturbatio

757 3856 861 3900 est.
897 3847 953 3900 Id
991 3847 1157 3917 igitur
1187 3863 1252 3902 ne
1281 3847 1372 3901 fiat
1410 3848 1461 3901 in
1498 3859 1773 3917 posterum
1809 3849 2078 3918 decernit;
2110 3856 2329 3910 eadem-

753 3956 861 4006 que
899 3939 1288 3994 constitutione
1341 3943 1641 3995 monachos
1668 3957 1888 4012 quoque
1921 3948 2091 3999 teneri
2147 3947 2324 4021 jubet.

758 4031 822 4083 Et
876 4046 1002 4084 vero
1051 4031 1330 4094 lectorem,
1398 4031 1595 4100 inquit,
1665 4049 1924 4087 manuum
1981 4037 2330 4105 impositione

755 4138 968 4187 creare,
998 4124 1051 4177 in
1097 4139 1197 4178 suo
1243 4123 1530 4179 duntaxat.
1563 4127 1916 4190 monasterio,
1966 4129 2011 4182 si
2051 4132 2212 4187 modo
2262 4135 2329 4188 ab

754 4215 1011 4286 episcopo
1035 4215 1364 4284 praefectura:
1385 4217 1757 4272 characterem
1789 4221 2018 4288 accepit,
2046 4231 2102 4276 et
2130 4238 2318 4278 sacer-

760 4306 915 4360 dotio
976 4306 1222 4362 initiatus
1267 4305 1455 4374 fuerit,
1501 4308 1633 4378 ipset
1668 4311 1987 4367 monasterii
2042 4315 2330 4384 praefectus

758 4409 951 4467 potest.
979 4398 1367 4468 ChorepiscOpi
1401 4414 1621 4469 quoque
1638 4402 1781 4469 ejus,
1807 4404 1896 4456 cui
1933 4406 2328 4474 subjiciuntur,

2508 2752 2754 2808 ΖΩΝΑΡ.
2781 2749 2956 2808 Τινὲς,
2991 2747 3064 2816 μὴ
3087 2745 3335 2816 τυχόντες
3368 2744 3704 2814 χειροθεσίας
3733 2744 3856 2813 ἦτοι
3888 2761 4018 2811 προ-

2436 2847 2582 2918 χειρί
2590 2860 2722 2905 σεως
2747 2839 3095 2907 ἀναγνώστου
3123 2842 3180 2891 ἐν
3204 2839 3325 2897 ταῖς
3348 2838 3651 2900 συνάξεσιν,
3683 2837 3938 2895 ἀνιόντες
3962 2838 4017 2888 ἐν

2433 2941 2646 3010 ἀμδωνι
2670 2935 3112 3002 ὑπανεγίνωσκον
3141 2933 3242 2992 τὰς
3274 2929 3486 2997 βίϐλους
3503 2930 3601 2990 τὰς
3633 2929 3804 2996 ἱεράς.
3847 2929 4019 2980 Τοῦτο

2435 3029 2531 3086 οὖν
2562 3029 2763 3084 κωλύει
2789 3027 3035 3096 γίνεσθαι
3073 3029 3100 3079 ὁ
3122 3021 3317 3094 παρὼν
3341 3021 3543 3083 κανὼν,
3576 3021 3754 3087 λέγων
3783 3024 3868 3074 ὅτι
3905 3022 4020 3089 ἀρί-

2435 3125 2595 3197 δηλόν
2614 3127 2783 3188 ἐστιν,
2807 3121 2930 3173 ἀντὶ
2953 3119 3047 3172 τοῦ
3079 3119 3220 3172 πάνυ
3247 3116 3482 3187 φανερὸν
3503 3118 3594 3167 καὶ⁵
3620 3115 3919 3184 πρόδηλον,
3942 3117 4019 3168 ὅτι

2433 3218 2589 3283 τάξις
2648 3217 2706 3268 ὲν
2754 3215 3027 3284 ἱερωσύνῃ
3086 3213 3239 3283 πάσῃ
3295 3208 3654 3264 πολιτεύεται.
3717 3207 3792 3260 Τὸ
3838 3207 3901 3261 δὲ
3936 3209 4018 3260 τὸν

2437 3310 2511 3380 μὴ
2562 3311 2798 3379 τυχόντα
2856 3306 3220 3377 χειροθεσίας,
3286 3303 3425 3374 μηδὲ
3469 3306 3581 3364 τοῖς
3634 3301 4018 3370 ἀναγνώσταις

2431 3400 2889 3470 συντεταγμένον,
2927 3393 3029 3452 οἷοί
3081 3400 3222 3450 εἰσιν
3246 3398 3383 3458 ὅσοι,
3445 3395 3706 3464 νηπιόθεν
3764 3395 3848 3464 τῷ
3906 3393 4020 3460 Θεῷ

2428 3495 2566 3565 τάχα
2581 3491 2991 3564 ἀφορισθέντες,
3015 3491 3218 3561 κουρὰν
3244 3489 3405 3560 μόνον
3428 3488 3584 3556 ἔσχον
3605 3489 3696 3540 ἐπὶ
3720 3489 3822 3556 τῆς
3856 3507 4018 3560 κορυ-

2430 3586 2534 3655 φῆς
2572 3584 2666 3639 καὶ
2702 3585 2868 3636 πλέον
2901 3584 3075 3646 οὐδὲν,
3102 3585 3189 3634 ἐπ’
3218 3582 3471 3652 ἄμϐωνος
3504 3584 3920 3650 ἀναγινώσκειν
3948 3585 4018 3652 τῷ

2431 3679 2545 3749 λαῷ
2566 3681 2634 3730 τὰ
2669 3677 2766 3746 τῆς
2800 3676 3161 3729 θεοπνεύστου
3195 3676 3418 3746 Γραφῆς
3448 3675 3680 3740 ἀταξίας
3708 3675 3857 3728 ἐστί.
3905 3677 4017 3728 Κω-

2429 3771 2548 3823 λύει
2581 3769 2672 3822 οὖν
2713 3769 2911 3840 μηκέτι
2950 3769 3112 3821 τοῦτο
3136 3767 3384 3835 γίνεσθαι
3416 3785 3430 3797 ·
3464 3767 3527 3819 τὸ
3555 3767 3688 3820 αὐτὸ
3716 3767 3778 3820 δὲ
3806 3770 3906 3820 καὶ
3932 3770 4015 3818 ἐπὶ

2435 3861 2705 3930 μοναχῶν.
2749 3858 3123 3928 Ἀναγνώστου
3157 3861 3214 3912 δὲ
3258 3859 3624 3930 χειροθεσίαν,
3657 3861 3820 3925 φησὶ,
3857 3861 4015 3911 δύνα-

2429 3971 2520 4006 ται
2551 3955 2646 4006 καὶ
2679 3953 2989 4023 ἡγούμενος
3021 3955 3199 4007 ποιεῖν
3233 3953 3290 4004 ἐν
3324 3952 3472 4021 μόνῳ
3505 3952 3582 4020 τῷ
3615 3953 3811 4020 οἰκείῳ
3853 3971 4015 4021 μοναο

2433 4045 2660 4115 στηρὲῳ,
2693 4047 2743 4098 εἰ
2773 4045 3045 4115 σφραγῖδα
3073 4045 3186 4113 ἔχει
3212 4043 3516 4113 ἀρχιερέως
3544 4044 3641 4096 καὶ
3668 4044 3855 4112 ίερεύς
3886 4047 4014 4096 ἐστι.

2431 4137 2541 4190 Καὶ
2574 4139 2624 4188 οἱ
2647 4136 3056 4205 χωρεπίςκοποι
3082 4136 3139 4188 δὲ
3173 4133 3292 4204 μετ’
3327 4135 3633 4203 ἐπιτροπῆς
3665 4133 3765 4186 τοῦ
3792 4135 4015 4186 ἐπισκό-

2433 4246 2560 4293 που,
2597 4228 2689 4297 ὑφ’
2732 4228 2791 4280 δν
2827 4227 3065 4292 τελοῦσι,
3102 4227 3362 4281 δύνανται
3389 4225 3754 4293 ἀναγνώστας
3777 4227 4016 4295 χειροθε-

2431 4322 2565 4373 τεῖν.
2597 4318 2756 4374 Κατά
2779 4317 2837 4372 δὲ
2859 4318 2960 4371 τὸν
2988 4319 3213 4372 δέκατον
3255 4319 3457 4371 κανόνα
3491 4317 3588 4386 τῆς
3617 4320 3676 4369 ἐν
3715 4318 4014 4387 Ἀντιοχείᾳ

2435 4413 2653 4464 συνόδου
2690 4414 2739 4463 oi
2776 4412 3188 4481 χωρεπίσκοποι
3221 4412 3317 4463 καὶ
3344 4409 3737 4472 ὑποδιακόνους
3780 4410 3991 4479 χειροθε

754 4491 997 4559 episcopi
1046 4491 1406 4560 pet-missione
1437 4491 1670 4548 lectores
1696 4532 1711 4554 ,
1751 4495 1882 4561 quin
1913 4497 2079 4551 etiam
2127 4513 2193 4553 ex
2228 4501 2327 4555 de-

2435 4505 2583 4557 τοῦσι
2612 4504 2707 4556 καὶ
2733 4505 3061 4575 ὲφορκιστάς
3092 4505 3230 4576 (55).

756 4593 908 4644 creto
937 4580 1162 4635 canonis
1191 4580 1383 4634 decimi
1417 4581 1608 4650 synodi
1644 4585 1992 4640 Antiochena:
2025 4628 2039 4651 ,
2068 4590 2328 4659 hypodia-

760 4692 930 4731 conos
961 4693 1181 4748 quoque
1212 4687 1265 4731 et
1299 4678 1604 4732 exorcistas
1631 4682 1850 4734 creandi
1878 4683 1968 4751 jus
1999 4685 2220 4740 habent.

758 4771 986 4825 ARIS'I‘.
1062 4790 1080 4821 ι
1134 4769 1264 4823 Sine
1323 4785 1579 4822 manuum
1664 4773 1900 4839 episcopi
1985 4776 2332 4844 impositionc

835 4887 851 4914 ι
895 4879 1052 4917 nemo
1106 4867 1170 4916 de
1222 4873 1474 4931 suggesm
1537 4862 1695 4930 leget.
1739 4862 1850 4918 Hoc
1878 4875 1931 4918 et
1960 4870 2009 4918 in
2047 4871 2328 4925 intortaelns

828 4979 846 5007 ι
889 4957 1285 5029 observabitur.
1337 4953 1646 5007 Monasterii
1696 4970 1824 5008 vero
1885 4957 2190 5024 pragfectus,
2241 4963 2326 5015 c-ui

828 5074 843 5097 ι
885 5050 1173 5118 episcopus
1205 5063 1399 5100 manus
1441 5046 1719 5114 imposuit;
1767 5047 1818 5100 in
1849 5063 1949 5102 suo
1995 5052 2110 5104 solo
2140 5068 2331 5106 mona-

825 5165 840 5192 ι
886 5145 1049 5197 sterio
1073 5137 1650 5195 lectorem’ordiuabit.
1695 5138 2132 5212 Cborepisc0pus
2162 5149 2324 5200 etiam

837 5259 852 5288 ι
901 5251 1150 5292 -ectorem
1184 5237 1412 5290 creabit.
1453 5255 1470 5286 ι

827 5356 977 5411 Licet
1004 5368 1283 5411 tonsuram
1319 5359 1513 5411 habeat
1537 5360 1804 5429 quispiam
1833 5358 2243 5423 sacerdotalem,
2280 5361 2323 5413 si

759 5467 864 5503 nun
897 5460 951 5503 rt
980 5450 1048 5503 ab
1073 5451 1327 5518 episcopo
1366 5467 1620 5504 manuum
1662 5451 2062 5519 impositioueu.
2099 5454 2326 5518 recepit,

2447 4770 2665 4824 ΑΡΙΣΤ.
2702 4787 2722 4820 ι
2775 4770 2962 4832 Ἐιτὸς
3016 4769 3356 4839 χειροθεσίας
3389 4768 3698 4820 ἐπισκόπου
3730 4769 3839 4820 οὐκ
3894 4769 4010 4819 ἀνα-

2512 4885 2528 4914 ι
2578 4863 2845 4934 γνώσεταί
2873 4880 2954 4924 τις
2982 4863 3069 4914 ἐπ’
3098 4861 3349 4931 ἀμϐωνος
3374 4875 3389 4891 ⁸
3420 4863 3697 4930 κρατήσει
3733 4862 3899 4913 τοῦτο
3925 4865 4010 4912 καὶ

2514 4977 2530 5007 ι
2583 4961 2674 5009 ἐπὶ
2707 4957 2982 5026 μωαχῶν.
3017 4955 3351 5025 Ἠγούμενος
3381 4954 3460 5018 δὲ,
3489 4953 3849 5022 χειροθεσίαν
3887 4953 4008 5020 ἔχων

2516 5069 2532 5099 ι
2583 5050 2884 5102 ἐπισκόπου
2914 5051 2971 5100 ἐν
3006 5049 3151 5118 μόνῳ
3182 5047 3259 5116 τῷ
3294 5048 3408 5117 ίδὲφ
3446 5046 3813 5116 μοναστηρίῳ
3845 5062 4008 5114 χειρο-

2516 5163 2533 5194 ι
2581 5144 2798 5214 θετήσει
2823 5144 3198 5212 ἀναγνώστην.
3224 5138 3639 5211 Προχειρίζεται
3658 5140 4008 5207 ἀναγνώστην

2514 5257 2530 5287 ι
2580 5242 2671 5290 καὶ
2700 5239 3131 5307 χωρεπίσκοπος.
3175 5255 3194 5287 ι

2506 5329 2623 5382 Κάν
2668 5330 2870 5399 κουράν
2917 5346 3000 5391 τις
3036 5328 3313 5396 ἱερατικὴν
3354 5326 3471 5397 ἔχῃ,
3521 5327 3569 5377 εἰ
3631 5327 3708 5392 μὴ
3759 5326 3860 5376 καὶ
3891 5319 4004 5390 παρ’

2438 5425 2743 5475 ἐπισκόπου
2769 5422 3107 5493 χειροθεσίαν
3137 5421 3373 5484 δέξεται,
3409 5422 3507 5472 οὐκ
3546 5422 3932 5485 ἀναγνώσεται
3959 5419 4006 5467 ἐν

1969 5547 2163 5606 Guill.
2197 5545 2524 5624 Beveregii
2574 5551 2762 5605 notas.

830 5648 942 5718 (55)
978 5647 1392 5718 Χειροθετσῦσι
1429 5647 1529 5718 καί
1559 5649 1944 5716 ἐφορκιστάς.
2016 5649 2070 5700 In
2100 5646 2327 5718 Supple-

762 5717 946 5773 mento
978 5719 1043 5771 ad
1069 5717 1391 5771 Parisiensis
1447 5717 1673 5772 Zonara:
1725 5719 2043 5778 editionem.
2092 5735 2154 5772 ex
2183 5717 2192 5718 ί
2218 5721 2326 5771 alio

766 5793 948 5844 tit-scio
982 5805 1092 5859 quo
1115 5791 1325 5845 codice.
1357 5800 1476 5857 post
1507 5793 1620 5844 haec
1666 5791 1855 5842 ultima
1896 5791 2015 5855 ejus
2074 5792 2124 5841 in
2179 5790 2325 5842 hunc

765 5879 1028 5916 curionem
1058 5865 1243 5919 verba,
1267 5862 1492 5923 dieitur,
1521 5862 1621 5919 καί
1643 5860 1922 5929 εἰρηνικὰς
1940 5860 2176 5912 διδόασιν
2212 5863 2326 5910 επι-

763 5931 955 5996 στολὰς
997 5932 1135 5984 κατά
1189 5931 1278 5984 τὸν
1349 5932 1588 5985 κανόναο
1637 5931 1787 6001 ζήτει
1849 5934 1945 6002 τῆς
1990 5937 2042 5993 ς’
2104 5933 2322 5984 συνόδου

2437 5648 2636 5699 κανόνα
2668 5651 2734 5714 ιγ’
2762 5645 2889 5713 περὶ
2913 5644 3006 5697 τοῦ
3055 5646 3166 5697 ἄνω
3193 5643 3509 5709 κεφαλαξου,
3558 5650 3602 5691 et
3657 5641 3864 5714 (illum
3891 5656 4007 5705 qna-

2435 5735 2531 5786 qne
2560 5716 2809 5786 paciﬁca;
2829 5716 2987 5784 juxta
3021 5730 3271 5767 canonem
3305 5715 3616 5786 concedunt.
3655 5713 3854 5786 Qurrre
3890 5727 4005 5786 syri:

2435 5780 2522 5841 odi
2560 5780 2722 5841 sexto:
2757 5780 3006 5844 canonem
3060 5787 3144 5848 15,
3195 5793 3258 5837 de
3291 5785 3459 5848 capite
3511 5797 3671 5847 supra
3709 5781 3876 5833 «iam.
3908 5780 4004 5834 bed

2435 5862 2547 5914 lucc
2574 5877 2626 5911 ιιι
2660 5860 2847 5912 codice
2885 5859 3326 5912 Amerbacbiauo
3362 5870 3468 5908 non
3504 5854 3786 5922 leguntur.
