4166 6438
176 430 266 490 3ῦὸ

1135 429 1213 488 IN
1253 427 1416 488 CAN.
1449 429 1546 488 XV
1587 429 1796 492 CONC.
1844 432 1953 492 VII
1986 435 2338 497 (ECUMEN.

3284 446 3387 507 966

181 554 229 616 τῇ
254 545 452 611 συνάξει
485 546 572 596 ἐπ’
602 543 854 614 ἆμίωνος
887 545 982 606 τὰς
1018 543 1167 612 ἱερὰς
1200 543 1291 594 τοι]
1325 542 1459 594 Θεοῦ
1487 541 1724 611 βίϐλους.

1829 549 1881 600 in
1919 563 2187 604 conventu
2223 567 2408 608 sacros
2441 554 2532 608 Dei
2565 554 2733 609 lihros
2756 572 2784 610 c
2808 567 3058 627 suggestu
3092 575 3200 614 non
3226 561 3384 629 leget.

183 639 433 700 Ὡσαύτως
487 638 610 690 οὐδὲ
672 637 904 706 μοναχὸς
960 636 1119 686 τοῦτο
1187 637 1426 704 ποιήσει.
1483 637 1607 696 Τοῖς
1665 636 1720 687 ίὲ

175 732 483 800 ἡγουμένοις,
519 729 906 798 πρεσϐυτέροις
934 727 1072 792 οὖσι,
1110 727 1201 779 καὶ
1233 728 1380 797 παρά
1421 728 1721 779 ἐπισκόπου

169 824 250 876 διὰ
278 824 605 894 χειροθεσίας
664 822 832 876 αὑτοῦ
890 823 988 892 τὴν
1046 822 1385 892 προστασίαν
1415 820 1517 888 τῆς
1557 821 1722 890 μονῆς

169 919 589 986 ἁναδεξαμένοις,
642 916 796 970 ἄδεια
843 916 1045 968 δίδοται
1102 916 1431 984 χειροθετείν
1478 913 1722 979 ἀναγνώ-

172 1028 291 1079 στην
332 1013 385 1062 ἐν
441 1009 586 1078 μόνῳ
636 1009 715 1077 τῷ
754 1009 866 1076 ἰδίῳ
893 1007 1258 1076 μοναστηρίῳ.
1315 1005 1472 1056 Ἀλλὰ
1530 1004 1625 1055 καὶ
1674 1005 1722 1055 οἰ

169 1100 561 1165 χωρεπίσκοποι
591 1097 948 1164 ἀναγνώστας
996 1096 1472 1165 χειροτοτήσουσιν
1506 1113 1520 1125 ·
1561 1094 1632 1155 ὡς
1666 1084 1739 1146 δὲί

166 1191 194 1241 ὁ
222 1190 428 1250 δέκατος
456 1190 638 1242 κανὼν
671 1190 768 1259 τῆς
797 1191 854 1240 ὲν
909 1188 1212 1257 Ἀντιοχείᾳ
1238 1187 1458 1239 συνόδου
1490 1187 1721 1254 διαλαμ-

165 1283 326 1345 ϐάνει,
351 1285 444 1334 καὶ
469 1283 857 1339 ὑποδιακόνους
900 1282 992 1335 καὶ
1027 1282 1353 1351 ὲφορκιστὰς
1411 1276 1556 1332 οὗτοι
1587 1280 1724 1332 καθ·

173 1377 376 1430 ιστώσιν
408 1392 422 1405 ·
455 1377 503 1426 εἰ
553 1379 646 1427 καί
707 1377 734 1427 ὁ
790 1375 959 1444 μέγας
1002 1374 1278 1435 Βασίλειος
1341 1375 1402 1424 οὐ
1456 1376 1725 1442 συγχωρεῖ

164 1471 331 1531 αὐτοῖς
381 1468 511 1521 ἄνευ
537 1467 761 1537 γνώμης
797 1468 962 1520 αὑτοῦ
1002 1469 1082 1529 εἰς
1114 1467 1574 1537 ἐκκλησιαστικὴν
1624 1467 1726 1516 ὑπο

166 1565 385 1631 ηρεσίαν
419 1563 538 1613 τινὰ
569 1561 1002 1630 παραδέχεσθαι,
1033 1559 1122 1611 διὰ
1151 1561 1210 1612 τὸ
1234 1556 1723 1626 καταφρονητικῶς

163 1657 346 1719 αὐτοὺς
369 1657 462 1708 καὶ
493 1657 754 1726 ῥαθύμως
781 1657 909 1724 περὶ
936 1654 1035 1726 τὴν
1055 1654 1314 1724 ὲπιλογὴν
1341 1653 1448 1706 τῶν
1467 1651 1724 1705 τοιούτων

158 1751 499 1805 διατίθεσθαι.

359 1832 404 1847 ’“
753 1845 1124 1899 ΚΑΝΩΝΙΕἏ

166 1964 184 1991 ι
234 1941 500 2010 Κληρικδς
537 1941 642 1992 ἀπὸ
679 1940 772 1991 τοῦ
811 1940 1077 2010 παρόντος
1110 1938 1182 2008 μὴ
1215 1939 1637 1991 καταταττέσθω
1665 1942 1722 1991 ἐν

232 2052 248 2080 ε
294 2032 440 2083 δυσὶν
493 2030 808 2100 ἐκκλησίαις
845 2043 860 2058 ·
908 2032 1179 2098 ἐμπορίας
1224 2029 1349 2097 ’γὰρ
1381 2030 1473 2080 καὶ
1504 2031 1724 2098 αἰσχρο-
1766 2059 1773 2080 ι

231 2143 249 2174 ι
297 2124 544 2190 κερδείας
591 2123 722 2175 ίδιον
764 2121 943 2180 τοῦτο.
990 2121 1084 2172 καὶ
1114 2120 1395 2191 ἀλλότριον
1425 2123 1721 2190 ἐκκλησια-

230 2237 247 2267 ι
297 2217 488 2280 στικῆς
545 2213 858 2283 συνηθείας.
922 2212 1267 2282 Ἦκούσαμεν
1299 2213 1407 2282 γὰρ
1439 2213 1498 2275 ἐξ
1552 2212 1721 2279 αὐτῆς

231 2329 250 2361 ι
297 2308 580 2379 Κυριακῆς
640 2308 827 2376 φωνῆς
883 2308 966 2358 ὅτι
1018 2326 1035 2357 ι
1073 2307 1148 2359 Οὐ
1204 2306 1424 2358 δύναταί
1469 2323 1551 2368 τις
1601 2305 1721 2357 δυσί

231 2421 250 2454 ι
297 2401 505 2472 κυρίοις
533 2400 808 2453 δουλεύειν
842 2414 854 2427 ·
887 2399 920 2469 ἢ
957 2401 1065 2466 γὰρ
1093 2397 1183 2450 τὸν
1212 2399 1307 2450 ἕνα
1344 2397 1587 2469 μισήσει,
1627 2399 1722 2450 καὶ

234 2515 253 2547 ε
300 2496 388 2548 τὸν
415 2495 606 2563 ἓτερον
632 2493 932 2562 ἀγαπήσει,
958 2491 990 2559 ἥ
1027 2491 1120 2543 τοῦ
1151 2490 1266 2563 ἐνὸς
1296 2490 1601 2554 ἀνθέξεται,
1631 2491 1722 2540 καὶ

232 2607 250 2640 ι
297 2588 388 2641 τοῦ
464 2586 653 2656 ἐτέρου
723 2585 1148 2655 καταφρονήσει.
1186 2601 1206 2633 ι
1271 2582 1541 2644 Ἕκαστος
1607 2580 1720 2640 οὖν,

228 2705 244 2735 ι
293 2685 428 2738 κατὰ
463 2682 560 2751 τὴν
586 2680 952 2748 ἀποστολικην
997 2675 1201 2748 φωνὴν,
1235 2677 1291 2728 ἐν
1321 2672 1364 2744 ᾧ
1405 2674 1631 2745 ἐκλήθη,
1666 2676 1722 2726 ἐν

225 2797 245 2829 ι
289 2777 460 2844 τούτῳ
488 2774 694 2842 ὀφείλει
732 2773 937 2841 μένειν,
969 2771 1066 2823 καὶ
1116 2768 1499 2839 προσεδρεύειν
1534 2769 1590 2820 ὲν
1625 2767 1723 2836 μιᾷ.

232 2890 252 2922 ι
297 2869 581 2938 ἐκκλησίᾳ.
613 2867 694 2918 Τὰ
726 2865 834 2932 γὰρ
885 2863 953 2916 δι’
977 2861 1430 2935 αἰσχροκέρδειαν
1459 2860 1722 2930 γινόμενα

223 2985 242 3015 ι
288 2964 376 3014 ἐπὶ
416 2960 526 3012 τῶν
560 2957 1030 3024 ἐκκλησιαστικὼν
1077 2941 1422 3024 πραγμάτιον
1468 2953 1724 3023 ἀλλότρια

226 3070 246 3101 ε
291 3049 385 3102 10-3
440 3046 574 3099 Θεοῦ
638 3046 1035 3115 καθεστήκασι.
1105 3046 1252 3112 Πρὸς
1307 3044 1406 3112 τὴν
1453 3043 1547 3095 τοῦ
1605 3042 1722 3112 βίου

223 3161 242 3190 ο
288 3140 480 3192 τούτου
523 3138 714 3206 χρείαν
745 3133 1163 3203 ἐπιτηδεύματά
1205 3135 1311 3186 εἰσι
1339 3133 1573 3201 διάφορα
1603 3147 1616 3160 ·
1665 3132 1723 3196 ὲξ

221 3253 239 3282 σ
290 3231 473 3284 αὐτῶν
517 3227 630 3293 οὖν,
681 3230 732 3279 εἴ
783 3245 865 3289 τις
914 3226 1175 3295 βούλοιτο,
1218 3227 1288 3278 τὰ
1339 3227 1576 3295 χρειώδη
1625 3223 1719 3277 τοῦ
1749 3250 1791 3307 c

229 3347 245 3376 ι
294 3323 546 3392 σώματος
573 3319 903 3388 ποριζέσθω.
938 3319 1080 3387 Ἔφη
1132 3317 1240 3387 γὰρ
1275 3318 1302 3368 ὁ
1358 3315 1676 3376 Ἀπόστολος
1703 3330 1718 3345 ο

222 3437 241 3468 ε
294 3418 426 3477 Ταῖς
458 3415 670 3485 χρείαις
733 3429 856 3480 μου,
906 3411 998 3462 καὶ
1049 3412 1162 3470 τοῖς
1213 3404 1332 3461 οὖσι
1385 3407 1503 3478 μετ’
1565 3407 1721 3478 ἐμοῦ,

225 3530 243 3560 c
292 3507 648 3576 ὑπηρέτησαν
679 3505 731 3556 αἱ
764 3505 945 3572 χεῖρες
994 3496 1173 3555 αὗται.
1216 3519 1234 3552 ι
1284 3501 1393 3553 Καὶ
1421 3501 1590 3552 ταῦτα
1627 3501 1724 3570 μὲν

227 3621 245 3652 ι
291 3603 347 3651 ἐν
381 3598 557 3668 ταύτῃ
588 3599 654 3665 τῇ
684 3595 1037 3664 θεοφυλάκτῳ
1079 3593 1234 3645 πόλει
1271 3610 1282 3622 ·
1317 3595 1374 3645 ὲν
1404 3592 1458 3644 δὲ
1488 3594 1595 3654 τοῖς
1621 3593 1725 3657 ἔξω

225 3713 244 3744 ‹
292 3689 514 3762 χωρίοις
541 3689 631 3740 διὰ
662 3688 758 3756 τὴν
791 3687 1029 3755 ἔλλειψιν
1065 3686 1176 3762 τῷν
1205 3686 1510 3756 ἀνθρώπων
1544 3703 1724 3754 παρα-

223 3743 243 3835 ᾇ
294 3743 596 3852 χωρείσθω.
633 3799 652 3831 ι
716 3743 728 3756 '
951 3743 962 3755 Ι
1109 3743 1134 3798 ἦ

219 3879 420 3930 ΒΛΛΣ.
460 3876 642 3943 Σαφής
669 3875 815 3924 ἐστιν
856 3875 883 3924 ὁ
919 3871 1119 3926 κανών.
1152 3872 1455 3941 Διορίζεται
1511 3874 1618 3943 γὰρ
1651 3874 1725 3941 μὴ

134 3966 591 4023 κατατάττεσθαί
619 3981 740 4016 τινα
771 3962 1031 4032 κληρικὺν
1057 3962 1137 4024 εἰς
1172 3962 1264 4014 δύο
1292 3963 1615 4032 ἐκκλησίας,
1639 3962 1726 4014 διὰ

129 4069 202 4119 τὸ
234 4060 562 4116 εἶναιτοῦτο
593 4055 1039 4126 αἰσχροκέρδειαν
1070 4055 1166 4106 καὶ
1207 4055 1498 4124 ἐμπορίαν.
1541 4054 1626 4115 Ὠς
1668 4053 1727 4106 δέ

131 4173 295 4216 τινος
331 4151 599 4212 εἰπόντος,
626 4149 736 4200 Καὶ
767 4140 933 4197 πόθεν
971 4145 1040 4195 τὰ
1067 4143 1199 4213 πρὸς
1224 4144 1535 4212 ζωάρκειαν
1575 4143 1728 4207 ’ἐξουο

135 4267 232 4300 σιν
263 4248 313 4298 οἰ
344 4242 596 4312 κληρικοὶ
627 4238 891 4298 ἀνενδεῶς
918 4252 931 4300 ;
984 4231 1137 4287 εἷπον
1166 4237 1214 4286 οἱ
1273 4237 1514 4305 Πατέρες
1560 4236 1728 4288 πολλὰ

131 4336 292 4390 εἶναι
321 4337 417 4388 καὶ
444 4335 678 4401 διάφορα
706 4329 1142 4397 ἐπιτηδεύματα,
1174 4326 1438 4396 ἐλεύθερα
1470 4327 1562 4379 καὶ
1589 4327 1726 4379 dx:-

127 4431 442 4496 τάγνωστα
462 4441 473 4453 ·
513 4426 605 4476 καὶ
636 4421 1046 4490 ποριζέσθωσαν
1080 4418 1147 4470 δι’
1177 4417 1355 4469 αὐτῶν
1381 4418 1447 4470 τὰ
1472 4418 1725 4488 χρειώδη.

135 4522 488 4590 Παρήγαγον
516 4517 572 4568 δὲ
627 4515 719 4566 καὶ
769 4514 993 4582 χρήσεις
1032 4513 1192 4580 χάριν
1237 4508 1428 4562 τούτου
1474 4512 1580 4563 ἀπὸ
1622 4511 1728 4563 τῶν

136 4614 420 4681 Πρὰξεων
444 4610 555 4660 τῶν
594 4607 908 4658 ἀποστόλων
945 4604 1039 4655 καὶ⁸
1068 4603 1444 4690 εὐαγγεὶδξκάς.
1480 4604 1571 4664 Εἰς
1604 4603 1729 4672 μέν-

131 4722 228 4755 τοι
272 4704 376 4761 τὰς
409 4699 512 4762 ἔξω
542 4698 637 4765 τῆς
691 4694 1086 4764 βασιλευούσης
1117 4695 1223 4746 τῶν
1278 4693 1487 4745 πόλεων
1523 4694 1725 4765 χώρας,

123 4794 276 4848 ἔνθα
306 4792 484 4859 λεῖψις
503 4786 803 4856 ἀνθρώπων
835 4785 1049 4837 εἰδότων
1074 4785 1375 4855 γράμματά
1404 4785 1544 4849 ἐστι,
1586 4803 1732 4857 παρ-

127 4890 446 4958 εχώρησαν
469 4883 560 4935 καὶ
589 4881 669 4941 εἰς
697 4876 789 4930 δύο
818 4876 1113 4945 ἐκκλησίας
1147 4875 1576 4928 κατατάττεσθαί
1610 4894 1728 4929 τινα

123 4979 442 5050 κληρικόν.
476 4974 692 5027 Γίνεται
728 4971 785 5024 δὲ
816 4971 1055 5038 σήμερον
1084 4968 1144 5020 τὸ
1176 4968 1462 5022 ἀνάπαλιν.
1506 4970 1595 5023 Ἐν
1620 4971 1727 5040 γὰρ

119 5080 265 5135 ταῖς
302 5073 414 5137 ἔξω
443 5068 645 5138 χώραις
685 5067 772 5118 διὰ
831 5063 929 5133 τὴν
959 5061 1240 5132 βασιλικὴν
1276 5062 1593 5126 ὲξκουσείαν
1617 5064 1726 5115 τῶν

118 5164 350 5232 ἱερέων
388 5160 606 5218 πλείους
636 5156 775 5208 εἰσιν
797 5142 844 5206 οἳ
877 5153 1130 5223 κληρικοὶ
1172 5154 1324 5223 παρὰ
1355 5156 1476 5216 ταῖς
1521 5155 1725 5226 ἐκκλη-

118 5259 321 5316 σίαις,
356 5254 449 5305 καὶ
479 5251 566 5302 διὰ
593 5247 749 5300 τοῦτο
781 5245 956 5307 οὐδεὶς
986 5245 1379 5299 κατατάττεται
1402 5248 1482 5306 εἰς
1508 5247 1600 5300 δύο
1631 5253 1725 5299 ὲκ-

120 5346 414 5416 κλησίας.
457 5344 543 5395 Ἐν
567 5343 623 5393 δὲ
657 5343 722 5410 τῇ
758 5337 1116 5409 βασιλευούσῃ
1143 5339 1252 5393 τῶν
1296 5341 1503 5393 πόλεων
1534 5341 1593 5393 ού
1630 5342 1725 5410 μό-

116 5457 231 5493 νον
263 5440 355 5498 εἰς
387 5434 480 5487 δύο
505 5433 821 5500 ἐκκλησίας,
848 5431 980 5484 ἀλλὰ
1013 5432 1106 5484 καὶ
1131 5433 1209 5494 εἰς
1247 5434 1398 5500 τρεῖς
1428 5434 1476 5484 οἰ
1508 5433 1723 5495 πλείους

111 5529 606 5586 κατατάττονται.
661 5525 752 5588 Ὠς
808 5525 948 5578 ἔοικε
990 5523 1066 5587 δὲ,
1110 5524 1589 5595 κατεφρονήθησαν
1656 5526 1725 5578 τὰ

117 5624 242 5677 τοῦ
284 5623 556 5692 παρόντος
586 5621 835 5682 κανόνος,
888 5618 976 5668 διὰ
1011 5617 1070 5669 τὸ
1113 5619 1186 5688 μὴ
1244 5617 1567 5682 κολάζεσθαι
1601 5619 1730 5680 τοὺς

119 5719 358 5772 τούτου
393 5714 835 5786 καταφρονητάς,
866 5712 1008 5783 ἢδιὰ
1034 5714 1094 5765 τὸ
1144 5713 1347 5778 πλῆθος
1382 5714 1492 5771 τῶν
1526 5714 1749 5784 ﬁnxi-1;...

223 5927 279 5958 ⁸⁸
317 5925 509 5981 Matth.
542 5923 720 5985 “.44.
801 5922 845 5954 “
883 5924 1000 5977 Act.
1047 5938 1135 5982 xx,
1181 5923 1268 5976 54.

1797 639 2094 722 ’Sitnilitcr
2131 654 2313 697 autem
2348 660 2445 698 nec
2476 649 2776 700 monachus
2803 649 2903 703 hoc
2949 649 3126 705 faciet.
3167 655 3236 705 At
3271 669 3387 706 mo-

1826 736 2190 788 nasteriorum
2248 737 2558 805 pratlcctis,
2606 742 2649 793 si
2699 745 3000 809 presbyteri
3041 743 3171 808 sint,
3213 757 3268 800 et
3319 748 3391 799 ah

1822 825 2078 895 episcopo
2105 843 2201 896 per
2223 843 2478 880 manuum
2504 832 2622 898 ejus
2654 832 3057 902 impositionem
3085 839 3391 892 mansionis

1823 931 2008 970 curam
2056 927 2404 987 acceperunt,
2441 935 2635 977 manus
2669 924 2722 977 iu
2775 927 3028 979 lectorem
3075 928 3388 999 imponendi

1826 1011 1878 1062 in
1913 1025 2010 1064 suo
2040 1013 2156 1064 solo
2193 1017 2522 1099 monasterio
2547 1025 2784 1083 potestas
2811 1017 2988 1072 datur.
3023 1018 3125 1074 Sed
3149 1031 3202 1076 et
3232 1024 3391 1076 chor-

1823 1101 2061 1171 episcopi
2107 1102 2340 1158 lectores
2393 1106 2769 1161 ordinabunt:
2814 1120 2872 1163 ut
2907 1119 3087 1164 autem
3145 1113 3388 1167 deciums

1825 1195 2014 1262 synodi
2075 1194 2427 1250 Antioclteuae
2485 1192 2924 1266 canon‘statuit,
2982 1204 3387 1273 hypodiaconos

1823 1287 1984 1338 etiam
2015 1296 2069 1340 et
2099 1287 2397 1341 cxorcistas
2431 1287 2504 1340 illi
2530 1294 2886 1344 constituunt.
2914 1293 3132 1346 Etiamsi
3161 1293 3392 1348 Basilius

1827 1393 2056 1447 magnus
2085 1379 2184 1433 hoc
2212 1382 2292 1434 eis
2339 1396 2446 1434 non
2499 1385 2767 1449 concedit,
2795 1387 2913 1440 sine
2942 1387 3060 1454 ejus
3090 1390 3392 1454 voluntate,

1826 1471 1890 1521 ad
1926 1470 2356 1524 ecclesiasticum
2405 1471 2765 1528 ministerium
2817 1479 3125 1546 quempiam
3179 1481 3393 1534 admit-

1827 1573 1974 1626 tere;
2005 1565 2130 1631 quia
2159 1566 2232 1618 illi
2275 1569 2626 1638 contemptim
2677 1578 2730 1622 et
2775 1573 3072 1627 oscitanter
3113 1573 3167 1626 in
3203 1574 3392 1629 talium

1826 1659 2093 1711 electione
2128 1673 2188 1712 se
2219 1671 2431 1726 gerunt.
2792 1658 2793 1661 “
3187 1673 3194 1680 ’

2405 1841 2632 1895 CANUN
2693 1842 2810 1897 XV.

1837 1950 1854 1982 ι
1903 1932 2143 1986 Clericus
2169 1933 2236 1986 ab
2265 1934 2366 1987 hoc
2395 1937 2650 2003 deinceps
2682 1947 2927 2006 tempore
2961 1941 3012 1991 in
3050 1941 3265 1994 duabus
3299 1957 3391 1995 ec-

1903 2043 1920 2074 (
1957 2024 2139 2079 clesiis
2170 2042 2275 2080 non
2314 2028 2609 2083 collocetur
2653 2043 2668 2082 :
2716 2033 3096 2100 negotiationis
3143 2035 3287 2087 enim
3338 2043 3395 2088 et

1899 2135 1920 2168 ι
1959 2117 2134 2184 turpis
2165 2117 2299 2172 lucri
2341 2123 2622 2190 proprium
2653 2132 2737 2178 est
2762 2165 2776 2188 ,
2809 2132 2862 2178 et
2900 2132 2968 2178 ab
3023 2127 3393 2184 ecclesiastica

1901 2230 1921 2262 ς
1961 2214 2355 2269 consuetudine
2405 2216 2666 2270 alienum.
2716 2219 2796 2271 Ab
2832 2219 2945 2288 ipsa
2997 2221 3141 2274 enim
3177 2223 3392 2276 Domini

1901 2323 1919 2354 ι
1970 2320 2102 2372 γοῳ
2139 2308 2468 2372 audivimus,
2507 2327 2525 2359 ι
2565 2325 2672 2363 non
2724 2325 2882 2378 posse
2910 2313 3220 2382 quempiam
3260 2315 3398 2369 duo-

1902 2411 1920 2445 ι
1957 2394 2059 2448 bus
2083 2394 2318 2450 dominis
2345 2399 2595 2452 servire;
2632 2400 2714 2452 vel
2749 2399 2892 2454 enim
2929 2418 3094 2456 unum
3130 2403 3257 2458 odio
3293 2405 3396 2456 ha-

1903 2504 1921 2538 t
1966 2488 2132 2552 bebit,
2166 2499 2218 2542 et
2245 2489 2474 2553 alterum
2509 2490 2726 2560 diliget;
2765 2493 2842 2545 vel
2877 2511 3041 2546 ttnuut
3095 2500 3393 2564 amplecte-

1902 2596 1921 2629 ι
1962 2586 2068 2643 tur,
2095 2589 2147 2633 et
2177 2581 2404 2635 alterum
2441 2583 2674 2652 negliget
2703 2584 2768 2635 °'.
2809 2584 3194 2684 lkpusquisque
3240 2602 3392 2656 ergo,

1903 2689 1922 2721 ι
1964 2673 2270 2726 secundum
2309 2673 2513 2727 dictum
2543 2673 2900 2743 aposwlicuih
2928 2715 2944 2739 ,
2977 2678 3032 2732 in
3077 2693 3162 2740 eo,
3197 2679 3252 2733 in
3287 2695 3399 2748 quo

1903 2783 1921 2815 ι
1969 2773 2196 2820 vocatus
2239 2776 2360 2829 est,
2405 2768 2570 2835 debet
2621 2783 2862 2832 manere,
2913 2777 2965 2822 et
3001 2771 3052 2822 in
3085 2769 3246 2841 317
3287 2789 3394 2826 una

1902 2872 1920 2906 ι
1959 2858 2184 2911 ecclesia
2227 2849 2492 2913 assidere.
2522 2859 2652 2925 Quae
2683 2862 2827 2915 enim
2863 2872 3081 2931 proptet
3114 2874 3270 2934 turpe
3299 2866 3385 2919 lu-

1903 2965 1922 2998 ε
1962 2963 2112 3001 crum
2150 2950 2288 3004 ﬁunt
2317 2952 2368 3005 in
2394 2952 2785 3008 ecclesiasticis
2834 2955 3090 3024 negotiis.
3125 2972 3187 3010 ea
3222 2973 3252 3011 a
3281 2957 3396 3012 Deo

1904 3056 1922 3090 ι
1961 3050 2090 3093 sunt
2122 3043 2320 3098 aliena.
2350 3045 2428 3097 Ad
2477 3044 2639 3113 hujus
2678 3055 2856 3100 autem
2904 3047 3026 3101 vita:
3061 3064 3218 3103 usum
3269 3061 3398 3105 sunt

1902 3149 1920 3182 ι
1963 3132 2171 3188 diversa
2210 3135 2390 3189 studia
2421 3152 2435 3189 :
2475 3153 2541 3191 ex
2578 3138 2646 3191 iis
2681 3153 2831 3206 ergo,
2867 3141 2910 3192 si
2949 3142 3075 3208 quis
3131 3143 3297 3208 velit,
3333 3161 3395 3198 ea

1903 3240 1920 3271 ι
1958 3239 2079 3291 qua:
2104 3235 2230 3278 sunt
2251 3227 2464 3295 corpori
2480 3228 2541 3280 ad
2574 3244 2729 3282 usum
2762 3231 3070 3284 necessaria
3099 3245 3394 3303 comparet.

1904 3333 1921 3366 ι
1967 3317 2108 3371 Dixit
2138 3320 2281 3372 enim
2314 3319 2625 3386 Apostolus;
2665 3340 2683 3372 ι
2715 3323 2904 3376 usibus
2935 3327 3088 3388 meis,
3119 3338 3172 3378 et
3201 3326 3269 3380 iis
3304 3330 3396 3398 qui

1903 3427 1920 3459 ι
1961 3425 2172 3464 mecum
2203 3423 2348 3476 sunt,
2391 3429 2584 3469 manus
2619 3418 2733 3468 istae
2762 3421 3249 3474 subministrarunt
3275 3423 3341 3473 “.
3372 3440 3392 3471 ι

1906 3521 1923 3553 ι
1968 3502 2030 3555 Ει
2066 3504 2178 3557 haec
2206 3506 2422 3572 quidem
2457 3509 2511 3560 in
2549 3509 2650 3562 hac
2699 3526 2726 3562 ιι
2777 3510 2884 3564 Deo
2911 3514 3285 3566 conservanda
3320 3512 3400 3566 ci-

1904 3615 1921 3647 ‹
1963 3596 2123 3650 \itate
2153 3614 2167 3650 :
2203 3598 2253 3651 in
2289 3600 2354 3652 iis
2388 3610 2566 3653 autem
2597 3617 2719 3670 quae
2747 3614 2897 3657 extra
2921 3615 3048 3658 sunt
3077 3605 3210 3662 locis
3263 3619 3395 3675 pro-

1902 3709 1920 3740 σ
1961 3703 2075 3756 pter
2105 3691 2385 3744 hominum
2416 3692 2652 3762 inopiam
2688 3693 3054 3765 indulgeatur.
3086 3715 3102 3748 ι

1763 1911 1800 1961 Β

1815 3425 1841 3468 δ

1899 3867 2089 3921 BALS.
2119 3867 2449 3937 Perspicuus
2479 3877 2562 3924 est
2593 3884 2789 3924 canon.
2840 3869 3047 3925 Statuit
3106 3874 3275 3939 enim,
3328 3890 3398 3928 ue

1827 3962 1953 4029 quis
1984 3961 2218 4015 clericus
2247 3961 2301 4015 in
2321 3961 2536 4016 duabus
2567 3965 2812 4017 ecclesiis
2839 3966 3227 4032 constituatur,
3250 3967 3398 4035 quod

1830 4053 1881 4106 id
1915 4054 1987 4106 sit
2026 4064 2184 4122 turpe
2217 4054 2427 4106 lucrutn
2465 4063 2522 4108 et
2554 4053 2876 4122 negotiatio.
2927 4055 3164 4110 Perinde
3211 4067 3394 4112 autem

1828 4161 1892 4200 ac
1922 4153 1964 4201 si
1996 4148 2230 4200 dixisset
2261 4148 2570 4215 quispiam;
2619 4148 2683 4200 Et
2725 4149 2869 4200 unde
2902 4149 3090 4202 clerici
3133 4165 3218 4213 ea,
3272 4166 3396 4218 qua:

1830 4240 1895 4291 ad
1933 4240 2134 4292 victum
2174 4239 2475 4304 sulliciunt,
2526 4240 2667 4291 citra
2703 4241 2869 4292 ullam
2908 4240 3264 4308 indigentiam
3297 4239 3397 4292 ha-

1833 4332 2073 4385 bebunt?
2110 4331 2368 4384 dixerunt
2415 4330 2624 4393 Patres,
2675 4332 2843 4383 multa
2902 4313 3025 4384 esSe
3072 4312 3124 4385 εἶ
3177 4331 3393 4385 diversa

1843 4425 2043 4489 studia,
2075 4425 2242 4478 libera
2278 4435 2333 4478 et
2377 4440 2485 4479 non
2538 4425 2846 4478 damnanda
2876 4443 2890 4478 :
2923 4434 2978 4479 et
3030 4441 3124 4495 per
3159 4441 3222 4480 ea
3277 4442 3402 4496 qua:

1835 4519 1938 4571 sibi
1974 4528 2100 4571 sunt
2131 4517 2197 4570 ad
2233 4517 2434 4570 victum
2472 4519 2782 4571 necessaria
2809 4517 3116 4586 acquirant.
3147 4516 3401 4571 Adduxe-

1763 4591 1806 4644 θ
1838 4618 1966 4664 runt
2000 4618 2179 4662 autem
2229 4609 2394 4677 hujus
2443 4609 2519 4662 rei
2556 4609 2733 4677 gratia
2787 4611 2949 4664 etiam
3000 4595 3300 4665 sententias
3331 4626 3400 4664 ex

1836 4701 2066 4755 Actibus
2101 4703 2475 4770 apostolorum
2507 4711 2561 4755 et
2591 4716 2659 4756 ex
2687 4701 3018 4772 Evangeliis.
3067 4701 3126 4756 ιη
3160 4703 3402 4772 regioni-

1835 4797 1935 4848 bus
1967 4802 2174 4857 autem,
2209 4808 2327 4861 qua:
2363 4803 2493 4847 sunt
2524 4802 2674 4847 extra
2709 4794 2951 4860 reginam
2996 4793 3214 4846 urbium
3239 4835 3253 4858 ,
3301 4796 3396 4848 ubi

1829 4896 1912 4939 est
1934 4886 2111 4954 inopia
2150 4886 2429 4938 hominum
2463 4887 2552 4954 qui
2583 4886 2764 4938 sciunt
2799 4884 3032 4949 litteras,
3066 4885 3394 4954 permissum

1831 4985 1915 5030 est
1958 4989 2017 5028 ut
2049 4975 2251 5042 aliquis
2284 4976 2517 5029 clericus
2555 4977 2607 5027 in
2640 4974 2856 5030 duabus
2892 4976 3138 5030 ecclesiis
3178 4979 3390 5031 consti-

1831 5076 2036 5120 tuatur.
2074 5065 2159 5119 Fit
2193 5076 2375 5122 autem
2405 5067 2566 5121 hodie
2598 5076 2813 5121 contra.
2860 5069 2914 5121 In
2972 5069 3213 5123 externis
3245 5069 3390 5123 enim

1831 5160 2166 5229 regionibus,
2206 5171 2426 5228 propter
2481 5159 2816 5226 imperialem
2849 5161 3191 5214 sacerdotum
3227 5176 3393 5215 excu-

1830 5253 2113 5314 sationem,
2173 5251 2357 5305 clerici
2422 5261 2551 5305 sunt
2612 5252 2796 5321 plures
2848 5253 3120 5313 ecclesiis,
3168 5261 3223 5306 et
3271 5255 3393 5307 Ideo

1829 5346 2010 5400 nullus
2037 5344 2092 5398 in
2133 5344 2626 5398 duabus‘ecclesiis
2679 5345 3057 5399 constituitur.
3111 5343 3167 5397 In
3203 5345 3389 5415 regina

1832 5451 2010 5494 autem
2047 5439 2285 5500 urbium,
2323 5453 2432 5491 non
2471 5439 2649 5492 solum
2698 5440 2752 5490 in
2788 5437 3024 5502 duabus,
3079 5437 3174 5491 sed
3227 5436 3388 5488 etiam

1847 5534 1900 5584 in
1933 5531 2107 5584 tribus
2153 5531 2403 5584 ccclesiis
2443 5529 2688 5599 plerique
2725 5530 3158 5584 constituuntur.
3197 5524 3267 5580 Ut
3308 5535 3394 5580 est

1830 5631 2006 5674 autem
2069 5620 2386 5685 verisimile,
2454 5636 2691 5688 praesens
2750 5635 2926 5674 canon
2989 5617 3255 5689 neglectui
3307 5626 3393 5670 est

1831 5713 2050 5770 habitus
2096 5731 2161 5769 eo
2203 5697 2343 5784 quod
2384 5728 2494 5767 non
2541 5713 2840 5782 puniantur
2878 5713 2996 5781 ejus
3049 5718 3395 5780 contctnptoo
