4166 6438
737 442 846 506 967

2006 436 2281 500 THEOD.
2316 431 2710 496 BALSAMON

3903 421 4000 486 968

742 568 873 618 res;
928 552 1011 608 vel
1068 558 1293 623 propter
1338 549 1698 605 ecc.esiarum
1761 548 2191 614 multitudinem,
2240 548 2323 601 vel

2437 544 2565 597 σιῶν
2592 543 2689 597 καὶ
2722 540 2818 613 τὴν
2866 538 3228 610 στενοχωρίαν
3256 536 3367 590 τῶν
3424 534 3875 605 ἁξιολοτωτέρων
3918 541 4006 586 καὶ

744 652 1031 715 propterea
1067 643 1211 713 quod
1262 641 1357 713 qui
1407 641 1555 712 digni
1592 652 1741 703 sunt,
1793 655 1900 694 una
1962 654 2087 694 cum
2147 641 2314 693 rebus

750 737 906 807 ipsis,
937 737 990 790 in
1033 749 1322 809 augusmm
1355 733 1623 789 contracti
1659 742 1808 788 sunt.
1856 734 1957 800 Qui
1996 744 2181 787 autent
2234 733 2319 786 (ii--

697 852 705 860 ί
747 840 881 883 cunt
921 846 1185 885 canonem
1219 838 1457 883 tractare
1488 827 1556 881 de
1596 828 1683 891 iis,
1715 828 1806 897 qui
1848 828 1900 881 iii
1938 827 2170 880 duarum
2224 840 2320 878 ur-

746 925 897 978 bium
931 925 1110 977 cleros
1147 922 1337 977 referri
1373 922 1587 983 volunt,
1625 922 1765 974 male
1796 919 2007 974 dicunt.
2037 920 2141 973 Alii
2173 918 2319 974 enim

745 1030 991 1069 canones
1024 1015 1126 1067 boc
1164 1013 1645 1068 vehementissime
1678 1012 1938 1082 puniunt.

832 1106 1086 1162 ZONAR.
1150 1108 1412 1161 Eumdem
1472 1105 1685 1159 duabus
1743 1106 1992 1158 ecclesiis
2051 1105 2315 1158 clericum

747 1216 925 1253 canon
975 1200 1173 1253 ascribi
1225 1204 1392 1261 vetat,
1461 1199 1636 1266 turpis
1691 1196 1831 1249 lucri
1885 1196 2201 1250 aviditatem
2259 1210 2323 1250 ac

748 1294 1179 1363 negotiationem
1245 1291 1298 1345 id
1360 1290 1666 1359 appellans.
1723 1288 1894 1343 Nemo
1945 1291 2091 1343 enim
2142 1298 2325 1359 potest

749 1389 964 1441 duobus
1000 1384 1238 1439 dominis
1287 1386 1514 1447 servire,
1566 1392 1622 1437 et
1675 1382 2079 1451 unusquisque,
2125 1388 2219 1447 ait,
2266 1392 2326 1436 ut

760 1488 947 1533 monet
973 1476 1291 1547 Apostolus,
1330 1475 1515 1544 inquo
1547 1476 1739 1529 ordine
1764 1483 1988 1528 vocatus
2018 1482 2120 1538 est,
2153 1469 2327 1528 irt‘illo

749 1579 1069 1639 permaneat
1108 1588 1120 1622 :
1155 1569 1207 1621 itt
1244 1567 1405 1636 cujus
1437 1570 1601 1637 igitur
1631 1566 1875 1621 ecclesiae
1907 1567 2114 1620 elerum
2146 1567 2323 1636 primo

748 1664 981 1730 quisque
1034 1662 1314 1715 sublectus
1373 1670 1479 1724 εει,
1549 1660 1603 1713 ἱη
1659 1673 1723 1712 ea
1774 1659 2068 1712 stationem
2122 1659 2328 1712 habere

750 1764 1014 1825 perpetuo
1042 1752 1217 1821 jubet.
1251 1753 1544 1806 Abduc-unt
1574 1750 1845 1822 siquidem
1878 1766 2104 1821 prorsus
2134 1769 2160 1803 a
2191 1749 2327 1817 Deo,

751 1860 1093 1914 quarcunque
1128 1845 1181 1897 in
1237 1845 1634 1900 ecclesiasticis
1684 1846 1846 1899 rebus
1889 1845 2125 1900 sordida:
2177 1846 2328 1899 utili-

2420 637 2531 690 τῶν
2570 634 2936 705 πραγμάτων.
2974 634 3039 684 Οί
3098 632 3155 685 δὲ
3189 631 3435 697 λέγοντες
3494 629 3587 682 τὸν
3641 629 3851 681 κανόνα
3900 626 4005 695 (56)

2422 728 2808 797 διαλαμϐάνειν
2846 723 3116 795 περὶτῶν
3166 723 3509 793 βουλομένων
3560 724 3643 784 εἰς
3686 721 3786 772 δύο
3830 722 4006 780 πόλεις

2422 820 2862 875 κατατάττεσθαι
2891 820 3146 887 κλήρους,
3195 818 3381 876 κακῶς
3419 816 3664 883 λέγουσι.
3703 813 3884 866 Τοῦτο
3911 816 4007 882 γὰρ

2422 916 2603 986 ἕτεροι
2633 915 2882 982 διάφοροι
2908 913 3132 974 κανόνες
3156 914 3297 982 μετὰ
3326 908 3695 979 σφοδρότητος
3721 909 4003 961 ἐκόλασαν.

2494 1094 2739 1148 ΖΩΝΔΡ.
2770 1091 2843 1143 Τὸ
2876 1092 2932 1142 ἐν
2961 1090 3057 1144 δύο
3087 1089 3412 1159 ἐκκλησίαις
3464 1087 3769 1142 τάττεσθαι
3829 1087 4005 1156 κληρι-

2432 1187 2529 1239 κὸν
2567 1186 2658 1238 τὸν
2699 1184 2863 1237 αὐτὸν
2901 1181 3284 1253 ἁπαγορεύειό
3313 1180 3515 1244 κανὼν,
3550 1180 4007 1249 αἰσχροκέρδειαν

2427 1279 2590 1331 τοῦτο
2640 1277 2824 1331 καλῶν
2860 1278 2956 1330 καὶ
3018 1276 3310 1345 ἐμπορίαν.
3373 1274 3564 1336 Οὐδεὶς
3622 1272 3740 1341 γὰρ
3796 1271 4009 1324 δύναται

2424 1370 2549 1423 δυσὶ
2596 1371 2809 1440 κυρίοις
2847 1368 3140 1430 δουλεύειν,
3208 1367 3301 1419 καὶ
3367 1366 3616 1428 ἕκαστος,
3657 1364 3826 1435 φησὶ,
3882 1368 4010 1418 κατὰ

2425 1460 2516 1513 τὸν
2562 1459 2916 1524 ’Λπόστολον,
2959 1461 3018 1511 ἐν
3130 1457 3336 1528 ἐκλήθη
3363 1459 3532 1523 τάξει,
3591 1459 3652 1509 ἐν
3706 1457 3886 1525 ταύτῃ
3920 1475 4009 1525 με·

2432 1554 2589 1617 νέτω,
2615 1555 2710 1607 καὶ
2754 1552 3144 1622 προσεδρεύειν
3180 1551 3393 1604 κελεύει
3442 1555 3508 1621 τῇ
3566 1551 3862 1621 ἐκκλησία,
3898 1544 4011 1621 ivi;

2428 1648 2489 1712 ἐξ
2513 1648 2688 1718 ἀρχῆς
2738 1647 3049 1717 ἐκληρώθη.
3093 1646 3233 1713 Ὀσα
3282 1646 3390 1716 γὰρ
3440 1645 3510 1699 δι’
3557 1645 4011 1715 αἰσχροκέρδειαν

2428 1740 2666 1809 γίνονται
2705 1738 2937 1792 ἐπὶτῶν
2970 1738 3470 1815 ἐκκλησιαστικῶν,
3515 1737 3873 1806 ἁλλοτριοῦσι
3918 1737 4009 1788 τοῦ

2429 1831 2589 1887 Θεοῦ.
2618 1833 2691 1885 Τὸ
2722 1832 2779 1885 δέ
2838 1835 2895 1886 ἐν
2943 1833 3038 1886 δύο
3098 1831 3420 1902 ἐκκλησίαις
3458 1831 3753 1887 τάττεσθαι
3798 1833 4012 1892 πάντως

756 1941 886 1992 tatis
911 1938 1215 2007 citpiditate
1249 1945 1539 2007 geruntur.
1566 1937 1719 2002 Quod
1755 1953 1883 1991 vero
1913 1937 2128 1993 duabus
2154 1938 2326 1993 eccle-

2437 1926 2520 1979 διὰ
2558 1925 2620 1976 τὸ
2647 1926 3039 1996 ἀμφοτέρωθεν
3077 1925 3379 1995 λαμϐάνειν
3423 1926 3711 1995 σιτηρέσια
3782 1925 4013 1991 γίνεται.

751 2035 848 2087 siis
879 2032 1154 2100 quispiam
1226 2030 1556 2095 aseribatur,
1592 2047 1819 2100 prorsus
1851 2046 1917 2085 ex
1952 2046 2021 2084 eo
2056 2031 2134 2093 lit,
2177 2042 2231 2084 nt
2258 2046 2322 2086 ex

754 2136 987 2195 utraque
1018 2126 1279 2179 videlicet
1336 2125 1657 2179 demensum
1690 2130 1951 2198 accipiat,
1996 2144 2106 2199 quo
2148 2130 2200 2182 in
2240 2130 2325 2184 lu-

750 2221 894 2273 cello
928 2221 1210 2289 turpitudo
1272 2219 1437 2273 inest.
1482 2217 1620 2273 Hinc
1672 2222 1837 2275 veluti
1884 2222 2165 2291 obiicienti
2200 2224 2317 2277 cui-

752 2312 937 2380 piam;
972 2310 1088 2378 Qua
1120 2312 1333 2365 ratione
1366 2310 1529 2379 igitur
1555 2314 1720 2364 vitam
1756 2314 1952 2367 Clerici
1990 2315 2325 2379 tolerabunt,

756 2408 801 2457 si
842 2404 1047 2465 minus,
1084 2417 1247 2471 quam
1308 2400 1442 2469 ipsis
1503 2400 1733 2454 suiliciat
1764 2442 1779 2465 ,
1831 2405 1899 2457 ab
1946 2419 2052 2458 una
2093 2404 2326 2458 ecclesia

752 2493 1178 2565 suppeditetur?
1211 2494 1479 2548 Auctores
1514 2497 1741 2549 canonis
1772 2495 1989 2551 diversa
2016 2497 2326 2551 stmliorum

752 2602 956 2658 genera
989 2601 1113 2640 esse
1144 2587 1498 2655 respondent,
1532 2588 1734 2655 quibus
1768 2602 1831 2641 ea
1860 2604 1983 2657 qua:
2024 2590 2089 2641 ad
2123 2590 2324 2643 victum

754 2684 1029 2749 pertinent
1054 2688 1463 2749 comparentur.
1495 2677 1672 2732 Unum
1700 2679 1865 2747 igitur
1890 2695 1957 2733 ex
1983 2680 2051 2735 iis
2083 2680 2328 2749 aliquod.

751 2776 916 2842 cujus
967 2786 1069 2843 ope
1122 2770 1225 2824 sibi
1285 2770 1596 2825 necessaria
1650 2770 2024 2836 conquirant,
2078 2771 2330 2841 amplecti

758 2863 980 2923 debere,
1041 2875 1266 2930 remque
1329 2858 1634 2928 apostolico
1696 2856 1920 2911 oraculo
1977 2856 2327 2919 conitrmaut,

753 2952 989 3017 dicente,
1033 2950 1229 3005 Manus
1286 2966 1413 3005 mete
1448 2950 1829 3003 ministrarum
1884 2949 2067 3003 usibus
2099 2951 2245 3010 meis,
2283 2962 2330 3003 et

753 3048 821 3100 iis
856 3048 1178 3115 qni-mecum
1209 3054 1354 3110 sunt,
1383 3059 1443 3098 ut
1475 3048 1527 3099 in
1555 3044 1706 3099 Actis
1734 3044 1983 3099 habetur.
2017 3043 2193 3113 Atque
2218 3045 2331 3098 bare

754 3140 997 3208 quidem,
1034 3137 1313 3207 inquiunt,
1345 3136 1397 3190 in
1427 3136 1529 3191 hac
1574 3150 1770 3205 magna
1804 3150 1866 3189 ac
1891 3136 2081 3205 regina
2114 3136 2328 3191 urbium

755 3233 996 3296 civitate,
1046 3239 1267 3301 propter
1303 3229 1588 3283 hominum
1624 3242 1745 3298 qua:
1777 3228 1830 3282 in
1862 3242 1924 3284 ea
1968 3239 2053 3284 est
2087 3230 2333 3284 multitu-

755 3322 963 3388 dinem,
1010 3321 1084 3375 ita
1133 3320 1340 3376 servari
1392 3320 1673 3389 jubemus.
1714 3319 1910 3375 Verum
1954 3329 2110 3374 extra
2156 3320 2326 3385 illam,

2431 2017 2571 2087 ὅπερ
2596 2016 2825 2085 κέρδους
2848 2015 3077 2087 αἰσχροῦ
3106 2020 3280 2070 ἐστιν.
3322 2017 3531 2085 Ὠσπερ
3569 2016 3625 2067 δέ
3666 2030 3815 2077 τινος
3839 2015 4016 2066 ἀντει-

2430 2110 2626 2172 πόντος
2654 2109 2763 2173 ὂτι,
2801 2110 2908 2161 Καὶ
2934 2111 3053 2171 πῶς
3076 2110 3334 2180 ζήσονται
3376 2110 3425 2163 οἱ
3465 2109 3909 2179 κεκληρωμένοι,
3946 2107 4019 2175 μὴ

2432 2206 2772 2276 ἀρκούμενοι
2804 2208 2918 2270 τοῖς
2942 2207 3247 2275 διδομένοις
3292 2207 3478 2268 αὐτοῖς
3512 2209 3576 2259 ἐκ
3618 2209 3716 2278 τῆς
3757 2208 3895 2274 μιᾶς
3936 2204 4021 2254 ἐκ·

2434 2299 2701 2366 κλησίας;
2742 2298 3113 2351 ἀντιτιθέασιν
3170 2300 3219 2351 οἱ
3251 2300 3474 2369 ποιηταὶ
3524 2296 3620 2350 τοῦ
3658 2298 3895 2358 κανόνος
3940 2296 4018 2345 ὃτι

2429 2391 2660 2463 διάφορά
2676 2392 2817 2444 εἰσιν
2839 2390 3249 2461 ἐπιτηδεύματα
3271 2392 3407 2461 πρὸς
3424 2392 3523 2459 τὴν
3544 2390 3640 2443 τοῦ
3659 2390 3775 2459 βίου
3802 2392 4019 2459 χρείαν,

2431 2487 2528 2538 καὶ
2549 2486 2613 2537 ἐκ
2633 2486 2838 2538 τούτων
2859 2486 2979 2538 τινὰ
3005 2486 3481 2555 μετερχέσθωσαν,
3506 2486 3613 2546 ἵνα,
3633 2478 3710 2538 ὧν
3728 2486 4021 2554 χρῄζουσι,

2430 2578 2522 2631 διὰ
2554 2577 2761 2630 τούτων
2795 2576 2965 2630 ταῦτα
2991 2578 3345 2647 πορίζωνται,
3384 2580 3480 2632 καὶ
3531 2580 3593 2631 ὲκ
3631 2579 3726 2631 τοῦ
3786 2580 4027 2631 ἀποστό-

2432 2668 2526 2722 λου
2567 2672 2763 2740 χρῆσιν
2806 2670 3169 2741 παράγουσιν,
3215 2674 3286 2724 Al
3334 2671 3528 2739 χεῖρές
3555 2690 3696 2739 μου.
3748 2672 4025 2735 εἰπόντος.

2433 2764 2831 2830 ὑπηρέτησαν
2859 2762 2992 2829 ταῖς
3028 2766 3256 2833 χρείαις
3277 2782 3396 2834 μου
3425 2765 3525 2817 καὶ
3575 2764 3700 2831 τοῖς
3728 2759 3879 2818 οὖσι
3901 2764 4027 2834 μετ’

2433 2857 2603 2925 ἐμοῦ,
2638 2858 2712 2920 ὡς
2765 2860 2822 2910 ἐν
2852 2861 2976 2921 ταῖς
3027 2859 3271 2929 Πράξεσι
3327 2858 3666 2927 γέγραπται.
3703 2858 3903 2911 Ταῦτα
3950 2860 4028 2919 δὲ,

2434 2952 2593 3018 φασὶ,
2623 2938 2855 3018 λέγομεν
2902 2952 3153 3019 γίνεσθαι
3200 2954 3257 3005 ἐν
3295 2951 3470 3024 ταύτῃ
3534 2955 3601 3022 τῇ
3656 2951 4032 3023 βασιλεσαοᾶσῃ

2436 3042 2591 3095 πόλει
2627 3043 2739 3109 (57)
2778 3044 2866 3096 διὰ
2890 3044 2992 3115 τὴν
3031 3044 3436 3114 πολυπληθειαν
3467 3045 3577 3098 τῶν
3610 3047 3667 3098 ἐν
3716 3047 3890 3115 αὐτῇ.
3942 3045 4031 3096 Ἕν

2434 3134 2491 3187 δὲ
2522 3136 2644 3197 ταῖς
2686 3134 2791 3201 ἔξω
2822 3134 3051 3208 χώραις,
3085 3136 3213 3189 ἔνθα
3244 3136 3482 3206 ἔλλειψις
3534 3135 3851 3202 ἀνθρώπων
3892 3138 4031 3197 ἐστὶ,

2438 3226 2880 3299 παραχωρείσθω
2915 3227 2976 3280 τὸ
3002 3227 3101 3281 ἕνα
3144 3229 3199 3280 ἐν
3241 3227 3338 3281 δύο
3377 3227 3699 3298 ἐκκλησίαις
3751 3229 4033 3281 inarari:-

2434 3320 2647 3377 τεσθαι.

753 3418 952 3487 quibus
984 3418 1037 3470 in
1076 3416 1211 3471 locis
1246 3416 1527 3469 hominum
1563 3416 1787 3486 petmria
1816 3425 1921 3479 est,
1956 3431 2124 3470 unum
2171 3416 2401 3471 duarutn
2468 3417 2825 3471 ecclesiarum
2895 3416 3203 3473 ministerio
3272 3415 3534 3473 clericum
3598 3415 3782 3471 addici
3867 3417 4033 3471 licere

755 3510 1123 3566 decernimus.

754 3600 990 3658 ARIST.
1030 3619 1048 3653 ι
1080 3600 1331 3656 Clericus
1355 3602 1408 3655 in
1439 3601 1654 3655 duabus
1680 3593 1937 3658 ecclesiis
1969 3604 2023 3657 in
2049 3614 2330 3674 posterum

2437 3597 2648 3652 ΑΡΙΣΤ.
2696 3615 2714 3649 ι
2765 3598 3036 3669 Κληρικὸς
3069 3600 3127 3651 ἐν
3182 3598 3333 3652 δυσὶν
3397 3598 3717 3669 ἐκκλησίαις
3755 3602 3819 3654 τδ
3848 3602 4032 3654 λοιπὸν

839 3715 857 3748 ι
897 3695 1377 3766 Constantinopoli
1413 3711 1478 3749 ne
1503 3696 1914 3751 constituatur:
1954 3709 2009 3751 at
2034 3709 2188 3751 extra
2214 3712 2333 3750 eam

848 3810 865 3841 ι
909 3796 1133 3859 propter
1165 3788 1446 3842 hominum
1482 3788 1769 3857 penuriam
1803 3790 2173 3858 permittatur.
2218 3806 2238 3840 ι

840 3966 965 4022 Non
996 3977 1166 4037 potest
1202 3969 1466 4037 quispiam
1494 3967 1700 4021 duobus
1730 3967 1926 4022 servire
1956 3968 2186 4022 dominis
2217 3984 2236 4023 :
2262 3968 2339 4023 vel

759 4063 900 4116 enim
933 4077 1092 4115 unum
1128 4062 1248 4115 odio
1275 4061 1504 4125 habebit,
1552 4062 1854 4117 secundum
1893 4062 2101 4117 dictum
2156 4062 2341 4116 Domi-

768 4157 974 4218 nicum,
1009 4164 1059 4208 et
1088 4156 1318 4207 alterum
1352 4155 1577 4223 diliget;
1627 4156 1716 4209 vui
1774 4171 1936 4207 unum
1972 4155 2339 4224 amplectetur,

762 4258 813 4300 et
865 4248 1096 4301 alterum
1151 4258 1465 4301 contemnet.
1518 4247 1789 4311 Quocirca
1844 4263 1930 4311 ea,
1969 4264 2090 4318 qua
2123 4260 2341 4319 propter

767 4348 927 4406 turpe
980 4338 1192 4391 lucrum
1253 4339 1306 4391 in
1354 4337 1756 4392 ecclesiasticis
1790 4338 2232 4412 negotiispﬁunt,
2286 4348 2343 4392 ut

768 4430 880 4482 Deo
912 4430 1115 4495 aliena,
1150 4428 1264 4482 haec
1297 4429 1541 4499 synodus
1576 4430 1755 4497 rejicit
1787 4447 1800 4483 :
1835 4438 1889 4485 et
1924 4445 2029 4484 non
2078 4432 2343 4497 permittit

765 4521 1269 4591 Constantinopoli,
1305 4522 1473 4591 318
1509 4522 1599 4576 ubi
1634 4534 1718 4577 est
1751 4524 2047 4577 multitudo
2080 4524 2341 4579 sacerdo-

771 4625 910 4680 tum,
935 4630 1105 4668 unum
1138 4612 1401 4667 clericum
1434 4616 1484 4666 in
1518 4614 1733 4669 duabus
1767 4615 2017 4670 ccclesiis
2045 4617 2339 4682 constitui;

771 4710 864 4761 sed
901 4708 955 4759 in
989 4721 1094 4759 una
1137 4706 1420 4760 assiduum
1477 4722 1600 4761 esse
1630 4708 1883 4762 ecclesia.
1928 4707 1983 4762 Si
2042 4719 2221 4763 autem
2275 4712 2341 4764 ad

775 4802 904 4854 vita:
951 4800 1334 4854 necessitatem
1386 4815 1494 4854 non
1533 4799 1804 4855 sufﬁciant
1839 4818 1960 4871 qua:
2014 4804 2062 4857 ei
2117 4803 2341 4868 dantur,

774 4892 937 4943 talem
968 4890 1118 4945 aliud
1152 4890 1394 4944 studium
1428 4906 1701 4961 quterere,
1756 4903 1808 4947 et
1838 4909 1904 4947 ex
1940 4908 2006 4947 eo
2045 4910 2165 4964 quae
2216 4906 2344 4949 sunt

2514 3708 2531 3740 ι
2589 3690 2664 3758 μὴ
2704 3690 3125 3742 κατατοττέσθω
3154 3691 3214 3742 ἐν
3262 3691 3849 3745 Κωνσταντινουπόλει
3878 3710 3893 3723 ·
3933 3694 4033 3759 ἔξω

2514 3801 2532 3833 ι
2579 3783 2633 3835 δὲ
2668 3784 2870 3851 ταύτης
2896 3782 3335 3853 παραχωρείσθω
3356 3783 3445 3838 διὰ
3464 3786 3574 3838 ’τῶν
3598 3786 3696 3839 ἀνθ
3705 3787 3919 3855 ρώπων
3940 3788 4031 3854 τὴν

2518 3896 2536 3929 ι
2587 3878 2842 3948 ἐὶλειψιν.
2884 3897 2901 3929 ι
3050 3872 3053 3873 ν

2505 3970 2586 4022 Οὺ
2621 3968 2875 4022 δύναταί
2900 3987 2991 4035 τις
3024 3966 3166 4022 δυσί
3204 3969 3437 4037 κυρίοις
3458 3969 3789 4024 δουλεύειν
3809 3989 3823 4001 ·
3856 3972 3896 4039 ἧ
3928 3975 4029 4040 γὰρ

2439 4058 2545 4112 τὸν
2570 4058 2679 4111 ἕνα
2728 4057 3000 4128 μισήσει,
3035 4057 3177 4113 κατὰ
3210 4060 3308 4128 τὴν
3348 4060 3637 4129 Κυριακὴν
3670 4060 3866 4131 φωνὴν
3891 4104 3907 4125 ,
3940 4061 4034 4113 και

2440 4153 2548 4205 τόν
2572 4152 2781 4219 ἕτερον
2808 4154 3145 4221 ἀγαπήσειο
3181 4155 3218 4222 ἢ
3250 4152 3358 4207 τοῦ
3390 4154 3530 4217 ἐνὸς
3553 4154 3905 4219 ἀνθέξεται,
3938 4158 4030 4209 καὶ

2441 4246 2551 4299 τοῦ
2595 4244 2800 4313 ἐτέρου
2834 4245 3303 4314 καταφρονήσει.
3344 4248 3443 4298 Διὰ
3479 4246 3641 4299 τοῦτο
3694 4248 3799 4298 καὶ
3855 4249 3926 4299 τα
3972 4248 4031 4297 δι’

2446 4337 2892 4407 αἰσχροκέρδειαν
2943 4338 3038 4390 ἐπὶ
3098 4337 3207 4390 τῶν
3256 4338 3735 4408 ἐκκλησιαστικῶν
3774 4343 4036 4411 πραγμά-

2446 4449 2553 4483 των
2590 4432 2873 4500 γινόμενα,
2938 4432 3013 4494 ὡς
3053 4432 3309 4503 ἀλλότρια
3343 4432 3503 4496 Θεοῦ,
3537 4434 3569 4503 ὴ
3614 4435 3841 4495 σύνοδος
3894 4436 4032 4500 αὕτη

2449 4526 2750 4581 ἀποϐάλλει
2783 4542 2795 4555 ·
2821 4525 2917 4577 καὶ
2942 4527 3003 4578 οὐ
3031 4530 3307 4596 συγχωρεῖ
3336 4528 3392 4580 ἐν
3425 4528 4031 4591 Κωνοταντινουπῶει,

2445 4618 2575 4674 ἔνθα
2611 4618 2811 4686 πλῆθος
2841 4619 3153 4688 ἱερωμένων
3185 4622 3354 4687 ἐστὶν,
3388 4623 3447 4672 ἐν
3490 4620 3647 4673 δυσὶν
3704 4624 4030 4693 ἐκκλησίαις

2445 4714 2542 4764 ’ἐνα
2572 4710 2832 4781 κληρικδν
2868 4710 3331 4774 κατατάττεσθαι,
3368 4710 3505 4764 ἀλλὰ
3557 4714 3620 4764 ἐν
3696 4716 3805 4784 μιᾷ
3870 4732 4032 4785 προτ-

2448 4804 2693 4873 εδρεύειν
2726 4804 3015 4874 ἐκκλησίᾳ.
3052 4804 3114 4856 Ei
3148 4803 3203 4856 δὲ
3235 4805 3333 4856 οὐκ
3364 4805 3619 4873 ἀρκεῖται
3645 4808 3789 4874 πρὸς
3820 4810 3917 4876 τὴν
3946 4806 4032 4859 το]

2452 4896 2569 4963 βίου
2626 4897 2818 4966 χρείαν
2857 4900 2968 4956 τοῖς
3024 4895 3323 4964 διδομένοις
3376 4897 3546 4965 αὐτῷ,
3591 4899 3952 4968 ἐπιτήδευμά
3988 4918 4031 4950 τι

773 4982 993 5050 corpori
1052 4981 1367 5035 necessaria
1417 4995 1762 5051 comparare.
1817 4982 2079 5037 decernit.
2136 4983 2213 5037 lta
2264 4987 2331 5039 fe-

2452 4985 2640 5055 ἓτερον
2673 4984 3034 5056 μετέρχεσθαι
3080 4985 3170 5038 τὸν
3205 4985 3446 5038 τοιοῦτον
3478 4986 3811 5055 διορίζεται,
3848 4992 3942 5043 καὶ
3982 4992 4030 5052 ἐξ

773 5074 849 5127 cit
886 5073 1206 5142 Apostolus,
1267 5081 1327 5126 ut
1358 5072 1474 5141 ipse
1502 5073 1681 5138 dicit;
1718 5070 1801 5127 Ea
1843 5074 2031 5143 quibus
2058 5076 2186 5129 mihi
2216 5094 2345 5147 opus

770 5176 885 5218 erat
915 5173 966 5217 et
1006 5165 1072 5217 iis
1099 5165 1188 5235 qui
1220 5180 1420 5218 mecum
1454 5173 1598 5231 sunt,
1636 5166 1717 5220 ha:
1747 5181 1936 5220 manus
1972 5167 2345 5224 subministra-

772 5264 917 5306 I'Uttl.

1367 5434 1594 5491 CANUN
1636 5436 1774 5492 XVI.

776 5542 797 5576 ι
840 5523 1033 5580 Omnis
1067 5525 1223 5579 luxus
1259 5536 1312 5580 et
1348 5538 1584 5583 ornatus
1613 5544 1915 5600 corporeus
1946 5542 2027 5587 est
2082 5548 2111 5587 a
2156 5548 2340 5589 sacer-

2455 5078 2620 5132 αὑτοῦ
2649 5076 2974 5147 ποριςτθαι
2995 5079 3062 5130 τὰ
3092 5076 3325 5146 χρειώδη
3355 5077 3447 5129 τοῦ
3474 5077 3756 5147 σώματος-
3796 5082 3905 5133 Καὶ
3933 5098 4032 5147 γιρ

2456 5170 2627 5233 οὕτως
2667 5169 2840 5221 ἐποίει
2905 5171 2997 5221 καὶ
3041 5170 3069 5220 ὁ
3107 5169 3459 5235 ’Λπόστολος,
3513 5172 3586 5233 ὡς
3647 5174 3818 5237 αὐτὸς
3856 5174 4031 5240 λὲζεμ·

2462 5262 2596 5329 Ταῖς
2632 5263 2858 5331 χρείαις
2874 5280 2993 5330 μου
3023 5263 3121 5316 καί
3149 5262 3275 5327 τοῖς
3299 5258 3446 5318 οὖσι
3481 5266 3615 5335 μετ’
3636 5266 3792 5336 ἐμοῦ
3823 5268 4032 5336 ὑπηίέ-

2457 5369 2656 5421 τησαν
2681 5356 2741 5407 αἱ
2778 5355 2975 5423 χεῖρες
2999 5350 3194 5410 αὗται.

3048 5448 3288 5502 ΚΑΝΩΝ
3323 5451 3442 5518 ις’.

2461 5557 2480 5591 ι
2526 5540 2683 5593 Πᾶσα
2718 5538 2949 5609 βλακεία
2983 5542 3076 5593 καὶ
3107 5541 3377 5613 κόσμησις
3412 5546 3707 5617 σωματικὴ
3752 5546 4030 5620 ἀλλότριαι

1977 5646 2166 5709 Guill.
2202 5650 2523 5731 Beveregii
2578 5661 2763 5715 noue.

849 5747 960 5817 (56)
1000 5749 1062 5800 Ol
1097 5747 1167 5799 δὲ
1192 5746 1485 5826 ,λέποκτες
1518 5751 1627 5805 τὸν
1657 5770 1910 5811 κανονα.
1938 5751 2063 5809 Haec
2096 5772 2267 5826 usque
2293 5761 2359 5811 ad

776 5818 935 5891 finem
969 5836 1031 5872 ex
1061 5835 1163 5873 ms.
1196 5819 1494 5889 Bodleiano
1524 5826 1869 5881 restituimus
1898 5841 1913 5891 ;
1950 5828 2043 5881 sed
2083 5830 2135 5880 itt
2167 5818 2361 5883 Anter-

783 5890 1052 5944 baclnano
1085 5906 1193 5946 non
1226 5900 1464 5947 exstant.

2538 5761 2649 5836 (57)
2695 5763 2798 5836 Ἐκ
2828 5763 3011 5830 ταύτῃ
3042 5759 3114 5829 τῇ
3138 5762 3566 5836 ,βασιλευούσῃ
3624 5773 3829 5826 πόλει.
3860 5770 4032 5827 Codex

2470 5831 2937 5909 Amerbacltianus
2966 5836 3113 5909 legit,
3172 5835 3231 5884 ἐν
3300 5836 3472 5908 ταύτῃ
3521 5831 3898 5909 μεγαλοπόλει
3949 5844 4034 5895 ut

2470 5902 2855 5975 βασιλευούσῃ,
2892 5909 2944 5958 in
2975 5908 3071 5958 huc
3098 5918 3286 5973 magna
3320 5902 3845 5979 ιιτοέὶίίηιρεήαιι.
