  <div class='ocr_page' id='page_1' title='image "/cluster/home/n/w/nwhite01/storage/ocr_20150623/137/nnc1.0046979786/514.png"; bbox 0 0 4166 6438; ppageno 0'>
   <div class='ocr_carea' id='block_1_1' title="bbox 164 454 259 514">
    <p class='ocr_par' dir='ltr' id='par_1_1' title="bbox 164 454 259 514">
     <span class='ocr_line' id='line_1_1' title="bbox 164 454 259 514; baseline -0.042 0"><span class='ocrx_word' id='word_1_1' title='bbox 164 454 259 514; x_wconf 71' lang='lat'><strong>969</strong></span> 
     </span>
    </p>
   </div>
   <div class='ocr_carea' id='block_1_2' title="bbox 229 639 1707 711">
    <p class='ocr_par' dir='ltr' id='par_1_2' title="bbox 229 639 1707 711">
     <span class='ocr_line' id='line_1_2' title="bbox 229 639 1707 711; baseline -0.006 -11"><span class='ocrx_word' id='word_1_2' title='bbox 229 672 245 700; x_wconf 73' lang='grc' dir='ltr'><strong>ι</strong></span> <span class='ocrx_word' id='word_1_3' title='bbox 295 652 425 711; x_wconf 72' lang='grc' dir='ltr'>Τοὺς</span> <span class='ocrx_word' id='word_1_4' title='bbox 475 647 567 700; x_wconf 77' lang='grc' dir='ltr'>οὖν</span> <span class='ocrx_word' id='word_1_5' title='bbox 631 648 858 705; x_wconf 79' lang='grc' dir='ltr'>ἑαυτοὺς</span> <span class='ocrx_word' id='word_1_6' title='bbox 909 643 1245 709; x_wconf 76' lang='grc' dir='ltr'>κοσμοῦντας</span> <span class='ocrx_word' id='word_1_7' title='bbox 1301 643 1627 700; x_wconf 68' lang='grc' dir='ltr'><strong>ἐπισκόπους</strong></span> <span class='ocrx_word' id='word_1_8' title='bbox 1676 639 1707 708; x_wconf 85' lang='grc' dir='ltr'><strong>ἥ</strong></span> 
     </span>
    </p>
   </div>
   <div class='ocr_carea' id='block_1_3' title="bbox 233 734 1709 813">
    <p class='ocr_par' dir='ltr' id='par_1_3' title="bbox 233 734 1709 813">
     <span class='ocr_line' id='line_1_3' title="bbox 233 734 1709 813; baseline -0.011 -17"><span class='ocrx_word' id='word_1_9' title='bbox 233 768 249 796; x_wconf 76' lang='grc' dir='ltr'><strong>ι</strong></span> <span class='ocrx_word' id='word_1_10' title='bbox 295 744 584 813; x_wconf 80' lang='grc' dir='ltr'>κληρικοὺς</span> <span class='ocrx_word' id='word_1_11' title='bbox 612 743 676 794; x_wconf 86' lang='grc' dir='ltr'>δι’</span> <span class='ocrx_word' id='word_1_12' title='bbox 695 741 939 808; x_wconf 76' lang='grc' dir='ltr'>ἐσθήτων</span> <span class='ocrx_word' id='word_1_13' title='bbox 967 738 1236 807; x_wconf 79' lang='grc' dir='ltr'><strong>λαμπρῶν</strong></span> <span class='ocrx_word' id='word_1_14' title='bbox 1266 736 1361 786; x_wconf 78' lang='grc' dir='ltr'><strong>καὶ</strong></span> <span class='ocrx_word' id='word_1_15' title='bbox 1392 734 1709 802; x_wconf 69' lang='grc' dir='ltr'>προφανῶν,</span> 
     </span>
    </p>
   </div>
   <div class='ocr_carea' id='block_1_4' title="bbox 239 826 1708 902">
    <p class='ocr_par' dir='ltr' id='par_1_4' title="bbox 239 826 1708 902">
     <span class='ocr_line' id='line_1_4' title="bbox 239 826 1708 902; baseline -0.01 -12"><span class='ocrx_word' id='word_1_16' title='bbox 239 858 256 891; x_wconf 76' lang='grc' dir='ltr'><strong>ι</strong></span> <span class='ocrx_word' id='word_1_17' title='bbox 301 837 521 895; x_wconf 83' lang='grc' dir='ltr'><strong>τούτους</strong></span> <span class='ocrx_word' id='word_1_18' title='bbox 586 831 938 902; x_wconf 79' lang='grc' dir='ltr'><strong>διορθοῦσθαι</strong></span> <span class='ocrx_word' id='word_1_19' title='bbox 1003 831 1142 899; x_wconf 85' lang='grc' dir='ltr'>χρή·</span> <span class='ocrx_word' id='word_1_20' title='bbox 1187 829 1235 879; x_wconf 83' lang='grc' dir='ltr'><strong>εί</strong></span> <span class='ocrx_word' id='word_1_21' title='bbox 1267 827 1320 879; x_wconf 89' lang='grc' dir='ltr'>δὲ</span> <span class='ocrx_word' id='word_1_22' title='bbox 1375 826 1708 894; x_wconf 81' lang='grc' dir='ltr'>ὲπιμένοιεν,</span> 
     </span>
    </p>
   </div>
   <div class='ocr_carea' id='block_1_5' title="bbox 232 915 1711 995">
    <p class='ocr_par' dir='ltr' id='par_1_5' title="bbox 232 915 1711 995">
     <span class='ocr_line' id='line_1_5' title="bbox 232 915 1711 995; baseline -0.01 -13"><span class='ocrx_word' id='word_1_23' title='bbox 232 950 250 982; x_wconf 72' lang='grc' dir='ltr'><strong>ι</strong></span> <span class='ocrx_word' id='word_1_24' title='bbox 292 927 548 995; x_wconf 78' lang='grc' dir='ltr'><strong>ἐπιτιμίῳ</strong></span> <span class='ocrx_word' id='word_1_25' title='bbox 588 921 1014 992; x_wconf 84' lang='grc' dir='ltr'>παραδίδοσθαι·</span> <span class='ocrx_word' id='word_1_26' title='bbox 1048 919 1311 979; x_wconf 85' lang='grc' dir='ltr'>ὡσαύτως</span> <span class='ocrx_word' id='word_1_27' title='bbox 1345 915 1440 969; x_wconf 77' lang='grc' dir='ltr'>καὶ</span> <span class='ocrx_word' id='word_1_28' title='bbox 1479 917 1605 977; x_wconf 81' lang='grc' dir='ltr'>τοὺς</span> <span class='ocrx_word' id='word_1_29' title='bbox 1642 917 1711 967; x_wconf 70' lang='grc' dir='ltr'>τὰ</span> 
     </span>
    </p>
   </div>
   <div class='ocr_carea' id='block_1_6' title="bbox 234 1009 1712 1089">
    <p class='ocr_par' dir='ltr' id='par_1_6' title="bbox 234 1009 1712 1089">
     <span class='ocr_line' id='line_1_6' title="bbox 234 1009 1712 1089; baseline -0.01 -15"><span class='ocrx_word' id='word_1_30' title='bbox 234 1044 250 1074; x_wconf 75' lang='grc' dir='ltr'><strong>ι</strong></span> <span class='ocrx_word' id='word_1_31' title='bbox 300 1021 445 1089; x_wconf 84' lang='grc' dir='ltr'><strong>μύρα</strong></span> <span class='ocrx_word' id='word_1_32' title='bbox 476 1017 820 1088; x_wconf 84' lang='grc' dir='ltr'>χριομένους.</span> <span class='ocrx_word' id='word_1_33' title='bbox 867 1013 1020 1065; x_wconf 72' lang='grc' dir='ltr'>Ἐπεὶ</span> <span class='ocrx_word' id='word_1_34' title='bbox 1058 1011 1113 1063; x_wconf 86' lang='grc' dir='ltr'>δὲ</span> <span class='ocrx_word' id='word_1_35' title='bbox 1168 1011 1291 1076; x_wconf 71' lang='grc' dir='ltr'><strong>ῥίζα</strong></span> <span class='ocrx_word' id='word_1_36' title='bbox 1333 1009 1557 1076; x_wconf 77' lang='grc' dir='ltr'><strong>πικρίας</strong></span> <span class='ocrx_word' id='word_1_37' title='bbox 1599 1009 1712 1089; x_wconf 74' lang='grc' dir='ltr'>ᾄνω</span> 
     </span>
    </p>
   </div>
   <div class='ocr_carea' id='block_1_7' title="bbox 233 1085 1708 1182">
    <p class='ocr_par' dir='ltr' id='par_1_7' title="bbox 233 1085 1708 1182">
     <span class='ocr_line' id='line_1_7' title="bbox 233 1085 1708 1182; baseline -0.01 -18"><span class='ocrx_word' id='word_1_38' title='bbox 233 1135 248 1164; x_wconf 77' lang='grc' dir='ltr'><strong>ι</strong></span> <span class='ocrx_word' id='word_1_39' title='bbox 293 1085 742 1182; x_wconf 25' lang='grc' dir='ltr'>σύόυσαημίασμα</span> <span class='ocrx_word' id='word_1_40' title='bbox 777 1107 969 1173; x_wconf 87' lang='grc' dir='ltr'>γέγονε</span> <span class='ocrx_word' id='word_1_41' title='bbox 996 1107 1059 1173; x_wconf 81' lang='grc' dir='ltr'>τῇ</span> <span class='ocrx_word' id='word_1_42' title='bbox 1089 1102 1346 1168; x_wconf 80' lang='grc' dir='ltr'>καθολικῇ</span> <span class='ocrx_word' id='word_1_43' title='bbox 1392 1085 1708 1169; x_wconf 74' lang='grc' dir='ltr'>Ἐκκλησία,</span> 
     </span>
    </p>
   </div>
   <div class='ocr_carea' id='block_1_8' title="bbox 232 1191 1711 1273">
    <p class='ocr_par' dir='ltr' id='par_1_8' title="bbox 232 1191 1711 1273">
     <span class='ocr_line' id='line_1_8' title="bbox 232 1191 1711 1273; baseline -0.008 -19"><span class='ocrx_word' id='word_1_44' title='bbox 232 1225 246 1254; x_wconf 79' lang='grc' dir='ltr'><strong>ι</strong></span> <span class='ocrx_word' id='word_1_45' title='bbox 293 1205 452 1273; x_wconf 82' lang='grc' dir='ltr'>ἡτῶν</span> <span class='ocrx_word' id='word_1_46' title='bbox 485 1195 1104 1270; x_wconf 81' lang='grc' dir='ltr'>Χριστιανοκατηγόρων</span> <span class='ocrx_word' id='word_1_47' title='bbox 1127 1195 1358 1260; x_wconf 82' lang='grc' dir='ltr'>αἵρεσις,</span> <span class='ocrx_word' id='word_1_48' title='bbox 1393 1193 1488 1245; x_wconf 78' lang='grc' dir='ltr'>καὶ</span> <span class='ocrx_word' id='word_1_49' title='bbox 1512 1194 1558 1244; x_wconf 89' lang='grc' dir='ltr'>οἱ</span> <span class='ocrx_word' id='word_1_50' title='bbox 1577 1191 1711 1244; x_wconf 75' lang='grc' dir='ltr'>ταύ-</span> 
     </span>
    </p>
   </div>
   <div class='ocr_carea' id='block_1_9' title="bbox 230 1285 1708 1364">
    <p class='ocr_par' dir='ltr' id='par_1_9' title="bbox 230 1285 1708 1364">
     <span class='ocr_line' id='line_1_9' title="bbox 230 1285 1708 1364; baseline -0.008 -17"><span class='ocrx_word' id='word_1_51' title='bbox 230 1315 246 1346; x_wconf 77' lang='grc' dir='ltr'><strong>ι</strong></span> <span class='ocrx_word' id='word_1_52' title='bbox 291 1312 388 1364; x_wconf 74' lang='grc' dir='ltr'>την</span> <span class='ocrx_word' id='word_1_53' title='bbox 419 1294 722 1361; x_wconf 80' lang='grc' dir='ltr'>δεξάμενοι,</span> <span class='ocrx_word' id='word_1_54' title='bbox 763 1291 823 1342; x_wconf 85' lang='grc' dir='ltr'><strong>οὐ</strong></span> <span class='ocrx_word' id='word_1_55' title='bbox 858 1290 1020 1359; x_wconf 88' lang='grc' dir='ltr'>μόνον</span> <span class='ocrx_word' id='word_1_56' title='bbox 1049 1288 1147 1345; x_wconf 79' lang='grc' dir='ltr'>τὰς</span> <span class='ocrx_word' id='word_1_57' title='bbox 1183 1285 1455 1347; x_wconf 72' lang='grc' dir='ltr'>εἰκονικας</span> <span class='ocrx_word' id='word_1_58' title='bbox 1495 1285 1708 1346; x_wconf 75' lang='grc' dir='ltr'>ἀναζωο</span> 
     </span>
    </p>
   </div>
   <div class='ocr_carea' id='block_1_10' title="bbox 231 1376 1706 1454">
    <p class='ocr_par' dir='ltr' id='par_1_10' title="bbox 231 1376 1706 1454">
     <span class='ocr_line' id='line_1_10' title="bbox 231 1376 1706 1454; baseline -0.006 -19"><span class='ocrx_word' id='word_1_59' title='bbox 231 1405 244 1435; x_wconf 78' lang='grc' dir='ltr'><strong>ι</strong></span> <span class='ocrx_word' id='word_1_60' title='bbox 292 1385 592 1454; x_wconf 66' lang='grc' dir='ltr'>γραψήσεις</span> <span class='ocrx_word' id='word_1_61' title='bbox 641 1381 1011 1446; x_wconf 81' lang='grc' dir='ltr'>ἐϐδελύξαντο,</span> <span class='ocrx_word' id='word_1_62' title='bbox 1046 1377 1182 1430; x_wconf 77' lang='grc' dir='ltr'>ἀλλὰ</span> <span class='ocrx_word' id='word_1_63' title='bbox 1208 1378 1300 1429; x_wconf 79' lang='grc' dir='ltr'><strong>καὶ</strong></span> <span class='ocrx_word' id='word_1_64' title='bbox 1334 1379 1511 1429; x_wconf 83' lang='grc' dir='ltr'>πᾶσαν</span> <span class='ocrx_word' id='word_1_65' title='bbox 1550 1376 1706 1427; x_wconf 83' lang='grc' dir='ltr'>εὐλά-</span> 
     </span>
    </p>
   </div>
   <div class='ocr_carea' id='block_1_11' title="bbox 232 1466 1712 1535">
    <p class='ocr_par' dir='ltr' id='par_1_11' title="bbox 232 1466 1712 1535">
     <span class='ocr_line' id='line_1_11' title="bbox 232 1466 1712 1535; baseline -0.005 -11"><span class='ocrx_word' id='word_1_66' title='bbox 232 1491 249 1523; x_wconf 85' lang='grc'><strong>‹</strong></span> <span class='ocrx_word' id='word_1_67' title='bbox 295 1473 447 1524; x_wconf 86' lang='grc' dir='ltr'>ϐειαν</span> <span class='ocrx_word' id='word_1_68' title='bbox 505 1472 814 1533; x_wconf 82' lang='grc' dir='ltr'>ἀπώσαντο,</span> <span class='ocrx_word' id='word_1_69' title='bbox 885 1469 1010 1530; x_wconf 76' lang='grc' dir='ltr'>τοὺς</span> <span class='ocrx_word' id='word_1_70' title='bbox 1069 1466 1281 1535; x_wconf 82' lang='grc' dir='ltr'>σεμνῶς</span> <span class='ocrx_word' id='word_1_71' title='bbox 1321 1467 1416 1517; x_wconf 69' lang='grc' dir='ltr'><strong>καὶ</strong></span> <span class='ocrx_word' id='word_1_72' title='bbox 1475 1466 1712 1528; x_wconf 78' lang='grc' dir='ltr'>εὐσεϐῶς</span> 
     </span>
    </p>
   </div>
   <div class='ocr_carea' id='block_1_12' title="bbox 233 1558 1711 1635">
    <p class='ocr_par' dir='ltr' id='par_1_12' title="bbox 233 1558 1711 1635">
     <span class='ocr_line' id='line_1_12' title="bbox 233 1558 1711 1635; baseline -0.003 -20"><span class='ocrx_word' id='word_1_73' title='bbox 233 1584 248 1615; x_wconf 74' lang='grc' dir='ltr'><strong>ι</strong></span> <span class='ocrx_word' id='word_1_74' title='bbox 296 1565 546 1635; x_wconf 83' lang='grc' dir='ltr'>βιοῦντας</span> <span class='ocrx_word' id='word_1_75' title='bbox 578 1561 1026 1632; x_wconf 80' lang='grc' dir='ltr'>προσοχθίζοντες</span> <span class='ocrx_word' id='word_1_76' title='bbox 1052 1576 1065 1590; x_wconf 88' lang='grc'><strong>·</strong></span> <span class='ocrx_word' id='word_1_77' title='bbox 1099 1561 1199 1612; x_wconf 83' lang='grc' dir='ltr'>καὶ</span> <span class='ocrx_word' id='word_1_78' title='bbox 1233 1558 1591 1627; x_wconf 83' lang='grc' dir='ltr'><strong>πεπλήρωται</strong></span> <span class='ocrx_word' id='word_1_79' title='bbox 1623 1558 1711 1611; x_wconf 77' lang='grc' dir='ltr'>ἐπ’</span> 
     </span>
    </p>
   </div>
   <div class='ocr_carea' id='block_1_13' title="bbox 233 1648 1712 1722">
    <p class='ocr_par' dir='ltr' id='par_1_13' title="bbox 233 1648 1712 1722">
     <span class='ocr_line' id='line_1_13' title="bbox 233 1648 1712 1722; baseline -0.006 -15"><span class='ocrx_word' id='word_1_80' title='bbox 233 1675 251 1707; x_wconf 74' lang='grc' dir='ltr'>ι</span> <span class='ocrx_word' id='word_1_81' title='bbox 294 1657 474 1717; x_wconf 83' lang='grc' dir='ltr'>αὐτοῖς</span> <span class='ocrx_word' id='word_1_82' title='bbox 496 1655 555 1707; x_wconf 86' lang='grc' dir='ltr'><strong>τὸ</strong></span> <span class='ocrx_word' id='word_1_83' title='bbox 582 1653 983 1722; x_wconf 58' lang='grc' dir='ltr'>γεγραμμένον</span> <span class='ocrx_word' id='word_1_84' title='bbox 1014 1669 1032 1699; x_wconf 74' lang='grc' dir='ltr'>ι</span> <span class='ocrx_word' id='word_1_85' title='bbox 1065 1650 1350 1717; x_wconf 83' lang='grc' dir='ltr'><strong>Βδέλυγμα</strong></span> <span class='ocrx_word' id='word_1_86' title='bbox 1372 1648 1712 1719; x_wconf 79' lang='grc' dir='ltr'><strong>ἁμαρτωλῶν</strong></span> 
     </span>
    </p>
   </div>
   <div class='ocr_carea' id='block_1_14' title="bbox 228 1741 1715 1814">
    <p class='ocr_par' dir='ltr' id='par_1_14' title="bbox 228 1741 1715 1814">
     <span class='ocr_line' id='line_1_14' title="bbox 228 1741 1715 1814; baseline -0.005 -16"><span class='ocrx_word' id='word_1_87' title='bbox 228 1770 242 1798; x_wconf 75' lang='grc' dir='ltr'><strong>ι</strong></span> <span class='ocrx_word' id='word_1_88' title='bbox 292 1749 622 1802; x_wconf 74' lang='grc' dir='ltr'>οεοσέ6εια.»</span> <span class='ocrx_word' id='word_1_89' title='bbox 652 1748 712 1799; x_wconf 80' lang='grc' dir='ltr'><strong>Εἰ</strong></span> <span class='ocrx_word' id='word_1_90' title='bbox 733 1745 996 1814; x_wconf 85' lang='grc' dir='ltr'>εὑρεθῶσι</span> <span class='ocrx_word' id='word_1_91' title='bbox 1020 1745 1196 1796; x_wconf 78' lang='grc' dir='ltr'>τοίνυν</span> <span class='ocrx_word' id='word_1_92' title='bbox 1219 1741 1360 1804; x_wconf 79' lang='grc' dir='ltr'>τινὲς</span> <span class='ocrx_word' id='word_1_93' title='bbox 1385 1741 1715 1809; x_wconf 78' lang='grc' dir='ltr'>ἐγγελῶντες</span> 
     </span>
    </p>
   </div>
   <div class='ocr_carea' id='block_1_15' title="bbox 229 1836 1716 1911">
    <p class='ocr_par' dir='ltr' id='par_1_15' title="bbox 229 1836 1716 1911">
     <span class='ocr_line' id='line_1_15' title="bbox 229 1836 1716 1911; baseline -0.007 -16"><span class='ocrx_word' id='word_1_94' title='bbox 229 1864 246 1895; x_wconf 85' lang='grc'><strong><em>‹</em></strong></span> <span class='ocrx_word' id='word_1_95' title='bbox 293 1846 400 1905; x_wconf 86' lang='grc' dir='ltr'>τοῖς</span> <span class='ocrx_word' id='word_1_96' title='bbox 422 1843 522 1911; x_wconf 79' lang='grc' dir='ltr'>τὴν</span> <span class='ocrx_word' id='word_1_97' title='bbox 551 1841 742 1908; x_wconf 77' lang='grc' dir='ltr'>εὐτελῆ</span> <span class='ocrx_word' id='word_1_98' title='bbox 780 1840 873 1891; x_wconf 80' lang='grc' dir='ltr'>καὶ</span> <span class='ocrx_word' id='word_1_99' title='bbox 906 1837 1111 1906; x_wconf 83' lang='grc' dir='ltr'>σεμνὴν</span> <span class='ocrx_word' id='word_1_100' title='bbox 1150 1836 1423 1904; x_wconf 78' lang='grc' dir='ltr'>ἀμφίασιν</span> <span class='ocrx_word' id='word_1_101' title='bbox 1471 1851 1716 1903; x_wconf 82' lang='grc' dir='ltr'>περικει-</span> 
     </span>
    </p>
   </div>
   <div class='ocr_carea' id='block_1_16' title="bbox 233 1928 1710 2005">
    <p class='ocr_par' dir='ltr' id='par_1_16' title="bbox 233 1928 1710 2005">
     <span class='ocr_line' id='line_1_16' title="bbox 233 1928 1710 2005; baseline -0.006 -16"><span class='ocrx_word' id='word_1_102' title='bbox 233 1959 244 1979; x_wconf 72' lang='lat'><strong>-&#39;</strong></span> <span class='ocrx_word' id='word_1_103' title='bbox 297 1939 498 2005; x_wconf 86' lang='grc' dir='ltr'>μένοις,</span> <span class='ocrx_word' id='word_1_104' title='bbox 531 1933 600 1986; x_wconf 84' lang='grc' dir='ltr'>δι’</span> <span class='ocrx_word' id='word_1_105' title='bbox 623 1931 904 2000; x_wconf 76' lang='grc' dir='ltr'>ἐπιτιμίου</span> <span class='ocrx_word' id='word_1_106' title='bbox 955 1928 1411 1999; x_wconf 81' lang='grc' dir='ltr'>διορθούσθωσαν.</span> <span class='ocrx_word' id='word_1_107' title='bbox 1473 1929 1567 1980; x_wconf 87' lang='grc' dir='ltr'>Ἐκ</span> <span class='ocrx_word' id='word_1_108' title='bbox 1600 1930 1710 1996; x_wconf 82' lang='grc' dir='ltr'>γὰρ</span> 
     </span>
    </p>
   </div>
   <div class='ocr_carea' id='block_1_17' title="bbox 231 2019 1713 2096">
    <p class='ocr_par' dir='ltr' id='par_1_17' title="bbox 231 2019 1713 2096">
     <span class='ocr_line' id='line_1_17' title="bbox 231 2019 1713 2096; baseline -0.005 -17"><span class='ocrx_word' id='word_1_109' title='bbox 231 2057 236 2063; x_wconf 84' lang='lat'><strong><em>~</em></strong></span> <span class='ocrx_word' id='word_1_110' title='bbox 293 2028 400 2079; x_wconf 83' lang='grc' dir='ltr'><strong>τῶν</strong></span> <span class='ocrx_word' id='word_1_111' title='bbox 430 2027 637 2081; x_wconf 83' lang='grc' dir='ltr'>ἄνωθεν</span> <span class='ocrx_word' id='word_1_112' title='bbox 686 2027 895 2096; x_wconf 88' lang='grc' dir='ltr'>χρόνων</span> <span class='ocrx_word' id='word_1_113' title='bbox 940 2024 1047 2084; x_wconf 80' lang='grc' dir='ltr'><strong>πᾶς</strong></span> <span class='ocrx_word' id='word_1_114' title='bbox 1091 2022 1364 2090; x_wconf 79' lang='grc' dir='ltr'>ίερατικδς</span> <span class='ocrx_word' id='word_1_115' title='bbox 1401 2019 1540 2089; x_wconf 72' lang='grc' dir='ltr'>ἀνὴρ</span> <span class='ocrx_word' id='word_1_116' title='bbox 1572 2020 1713 2087; x_wconf 85' lang='grc' dir='ltr'><strong>μετὰ</strong></span> 
     </span>
    </p>
   </div>
   <div class='ocr_carea' id='block_1_18' title="bbox 234 2110 1708 2186">
    <p class='ocr_par' dir='ltr' id='par_1_18' title="bbox 234 2110 1708 2186">
     <span class='ocr_line' id='line_1_18' title="bbox 234 2110 1708 2186; baseline -0.002 -20"><span class='ocrx_word' id='word_1_117' title='bbox 234 2136 249 2166; x_wconf 73' lang='grc' dir='ltr'><strong>ι</strong></span> <span class='ocrx_word' id='word_1_118' title='bbox 300 2117 524 2186; x_wconf 86' lang='grc' dir='ltr'>μετρίας</span> <span class='ocrx_word' id='word_1_119' title='bbox 571 2117 663 2169; x_wconf 71' lang='grc' dir='ltr'><strong>καὶ</strong></span> <span class='ocrx_word' id='word_1_120' title='bbox 699 2115 905 2184; x_wconf 77' lang='grc' dir='ltr'>σεμνῆς</span> <span class='ocrx_word' id='word_1_121' title='bbox 958 2111 1282 2181; x_wconf 82' lang='grc' dir='ltr'>ἁμφιὰσεως</span> <span class='ocrx_word' id='word_1_122' title='bbox 1343 2110 1708 2163; x_wconf 78' lang='grc' dir='ltr'>ἐπολιτεύετο.</span> 
     </span>
    </p>
   </div>
   <div class='ocr_carea' id='block_1_19' title="bbox 229 2201 1712 2278">
    <p class='ocr_par' dir='ltr' id='par_1_19' title="bbox 229 2201 1712 2278">
     <span class='ocr_line' id='line_1_19' title="bbox 229 2201 1712 2278; baseline -0.003 -20"><span class='ocrx_word' id='word_1_123' title='bbox 229 2229 246 2258; x_wconf 74' lang='grc' dir='ltr'><strong>ι</strong></span> <span class='ocrx_word' id='word_1_124' title='bbox 295 2210 404 2261; x_wconf 80' lang='grc' dir='ltr'><strong>Πᾶν</strong></span> <span class='ocrx_word' id='word_1_125' title='bbox 430 2209 537 2278; x_wconf 78' lang='grc' dir='ltr'>γὰρ</span> <span class='ocrx_word' id='word_1_126' title='bbox 560 2208 586 2259; x_wconf 79' lang='grc' dir='ltr'>ὃ</span> <span class='ocrx_word' id='word_1_127' title='bbox 614 2207 689 2276; x_wconf 80' lang='grc' dir='ltr'>μὴ</span> <span class='ocrx_word' id='word_1_128' title='bbox 711 2205 796 2258; x_wconf 77' lang='grc' dir='ltr'>διὰ</span> <span class='ocrx_word' id='word_1_129' title='bbox 819 2204 1026 2274; x_wconf 85' lang='grc' dir='ltr'>χρείαν,</span> <span class='ocrx_word' id='word_1_130' title='bbox 1053 2202 1188 2255; x_wconf 77' lang='grc' dir='ltr'>ἀλλὰ</span> <span class='ocrx_word' id='word_1_131' title='bbox 1217 2203 1304 2255; x_wconf 84' lang='grc' dir='ltr'>διὰ</span> <span class='ocrx_word' id='word_1_132' title='bbox 1327 2201 1712 2270; x_wconf 76' lang='grc' dir='ltr'>καλλωπισμὲν</span> 
     </span>
    </p>
   </div>
   <div class='ocr_carea' id='block_1_20' title="bbox 231 2295 1707 2372">
    <p class='ocr_par' dir='ltr' id='par_1_20' title="bbox 231 2295 1707 2372">
     <span class='ocr_line' id='line_1_20' title="bbox 231 2295 1707 2372; baseline -0.005 -18"><span class='ocrx_word' id='word_1_133' title='bbox 231 2321 250 2353; x_wconf 73' lang='grc' dir='ltr'><strong>ι</strong></span> <span class='ocrx_word' id='word_1_134' title='bbox 296 2302 806 2372; x_wconf 73' lang='grc' dir='ltr'>παραλαμϐάνεται,</span> <span class='ocrx_word' id='word_1_135' title='bbox 841 2298 1174 2368; x_wconf 83' lang='grc' dir='ltr'>περπερείας</span> <span class='ocrx_word' id='word_1_136' title='bbox 1201 2297 1313 2366; x_wconf 71' lang='grc' dir='ltr'>ἔχει</span> <span class='ocrx_word' id='word_1_137' title='bbox 1351 2295 1707 2366; x_wconf 80' lang='grc' dir='ltr'>κατηγορίαν,</span> 
     </span>
    </p>
   </div>
   <div class='ocr_carea' id='block_1_21' title="bbox 229 2388 1711 2465">
    <p class='ocr_par' dir='ltr' id='par_1_21' title="bbox 229 2388 1711 2465">
     <span class='ocr_line' id='line_1_21' title="bbox 229 2388 1711 2465; baseline -0.005 -17"><span class='ocrx_word' id='word_1_138' title='bbox 229 2418 246 2447; x_wconf 76' lang='grc' dir='ltr'>ί</span> <span class='ocrx_word' id='word_1_139' title='bbox 294 2399 364 2455; x_wconf 85' lang='grc' dir='ltr'>ὡς</span> <span class='ocrx_word' id='word_1_140' title='bbox 399 2397 428 2448; x_wconf 84' lang='grc' dir='ltr'><strong>δ</strong></span> <span class='ocrx_word' id='word_1_141' title='bbox 458 2396 629 2465; x_wconf 80' lang='grc' dir='ltr'>μέγας</span> <span class='ocrx_word' id='word_1_142' title='bbox 659 2394 761 2463; x_wconf 79' lang='grc' dir='ltr'><strong>ἔφη</strong></span> <span class='ocrx_word' id='word_1_143' title='bbox 793 2391 1092 2453; x_wconf 86' lang='grc' dir='ltr'>Βασίλειος.</span> <span class='ocrx_word' id='word_1_144' title='bbox 1142 2389 1286 2442; x_wconf 80' lang='grc' dir='ltr'>Ἀλλ’</span> <span class='ocrx_word' id='word_1_145' title='bbox 1313 2388 1432 2441; x_wconf 81' lang='grc' dir='ltr'>οὐδὲ</span> <span class='ocrx_word' id='word_1_146' title='bbox 1456 2390 1518 2441; x_wconf 85' lang='grc' dir='ltr'>ὲκ</span> <span class='ocrx_word' id='word_1_147' title='bbox 1551 2405 1711 2460; x_wconf 80' lang='grc' dir='ltr'>σηρι-</span> 
     </span>
    </p>
   </div>
   <div class='ocr_carea' id='block_1_22' title="bbox 229 2481 1713 2556">
    <p class='ocr_par' dir='ltr' id='par_1_22' title="bbox 229 2481 1713 2556">
     <span class='ocr_line' id='line_1_22' title="bbox 229 2481 1713 2556; baseline -0.004 -17"><span class='ocrx_word' id='word_1_148' title='bbox 229 2509 244 2539; x_wconf 73' lang='grc' dir='ltr'><strong>ι</strong></span> <span class='ocrx_word' id='word_1_149' title='bbox 294 2488 404 2541; x_wconf 87' lang='grc' dir='ltr'><strong>κῶν</strong></span> <span class='ocrx_word' id='word_1_150' title='bbox 433 2487 765 2556; x_wconf 79' lang='grc' dir='ltr'>ὑφασμάτων</span> <span class='ocrx_word' id='word_1_151' title='bbox 797 2483 1224 2552; x_wconf 84' lang='grc' dir='ltr'>πεποικιλμένην</span> <span class='ocrx_word' id='word_1_152' title='bbox 1278 2481 1480 2552; x_wconf 75' lang='grc' dir='ltr'>ἐσθῆτα</span> <span class='ocrx_word' id='word_1_153' title='bbox 1538 2481 1713 2534; x_wconf 78' lang='grc' dir='ltr'>ἐνεδέ-</span> 
     </span>
    </p>
   </div>
   <div class='ocr_carea' id='block_1_23' title="bbox 233 2575 1711 2648">
    <p class='ocr_par' dir='ltr' id='par_1_23' title="bbox 233 2575 1711 2648">
     <span class='ocr_line' id='line_1_23' title="bbox 233 2575 1711 2648; baseline -0.003 -17"><span class='ocrx_word' id='word_1_154' title='bbox 233 2603 249 2631; x_wconf 74' lang='grc' dir='ltr'><strong>ι</strong></span> <span class='ocrx_word' id='word_1_155' title='bbox 295 2583 418 2634; x_wconf 87' lang='grc' dir='ltr'>δυτὸ</span> <span class='ocrx_word' id='word_1_156' title='bbox 452 2599 555 2647; x_wconf 88' lang='grc' dir='ltr'>τις,</span> <span class='ocrx_word' id='word_1_157' title='bbox 588 2581 705 2633; x_wconf 76' lang='grc' dir='ltr'>οὐδὲ</span> <span class='ocrx_word' id='word_1_158' title='bbox 740 2577 1127 2648; x_wconf 75' lang='grc' dir='ltr'>προσετίθεσαν</span> <span class='ocrx_word' id='word_1_159' title='bbox 1157 2577 1450 2647; x_wconf 81' lang='grc' dir='ltr'>ἑτερόχροα</span> <span class='ocrx_word' id='word_1_160' title='bbox 1484 2575 1711 2645; x_wconf 80' lang='grc' dir='ltr'>ἐπιϐλήο</span> 
     </span>
    </p>
   </div>
   <div class='ocr_carea' id='block_1_24' title="bbox 232 2669 1714 2746">
    <p class='ocr_par' dir='ltr' id='par_1_24' title="bbox 232 2669 1714 2746">
     <span class='ocr_line' id='line_1_24' title="bbox 232 2669 1714 2746; baseline -0.005 -18"><span class='ocrx_word' id='word_1_161' title='bbox 232 2699 248 2728; x_wconf 72' lang='grc' dir='ltr'><strong>ι</strong></span> <span class='ocrx_word' id='word_1_162' title='bbox 300 2693 442 2746; x_wconf 88' lang='grc' dir='ltr'>ματα</span> <span class='ocrx_word' id='word_1_163' title='bbox 476 2677 533 2726; x_wconf 82' lang='grc' dir='ltr'><strong>ἐν</strong></span> <span class='ocrx_word' id='word_1_164' title='bbox 569 2676 679 2736; x_wconf 87' lang='grc' dir='ltr'>τοῖς</span> <span class='ocrx_word' id='word_1_165' title='bbox 715 2675 904 2742; x_wconf 80' lang='grc' dir='ltr'>ἄκροις</span> <span class='ocrx_word' id='word_1_166' title='bbox 953 2669 1064 2723; x_wconf 87' lang='grc' dir='ltr'><strong>τῶν</strong></span> <span class='ocrx_word' id='word_1_167' title='bbox 1103 2669 1361 2738; x_wconf 79' lang='grc' dir='ltr'>ἱματίων.</span> <span class='ocrx_word' id='word_1_168' title='bbox 1436 2669 1714 2720; x_wconf 83' lang='grc' dir='ltr'>Ἤκουσαν</span> 
     </span>
    </p>
   </div>
   <div class='ocr_carea' id='block_1_25' title="bbox 232 2760 1716 2838">
    <p class='ocr_par' dir='ltr' id='par_1_25' title="bbox 232 2760 1716 2838">
     <span class='ocr_line' id='line_1_25' title="bbox 232 2760 1716 2838; baseline -0.005 -19"><span class='ocrx_word' id='word_1_169' title='bbox 232 2790 246 2819; x_wconf 78' lang='lat' dir='ltr'><strong>r</strong></span> <span class='ocrx_word' id='word_1_170' title='bbox 295 2772 403 2838; x_wconf 74' lang='grc' dir='ltr'><strong>γαρ</strong></span> <span class='ocrx_word' id='word_1_171' title='bbox 462 2770 526 2819; x_wconf 80' lang='grc' dir='ltr'>ἐκ</span> <span class='ocrx_word' id='word_1_172' title='bbox 577 2767 675 2835; x_wconf 82' lang='grc' dir='ltr'>τῆς</span> <span class='ocrx_word' id='word_1_173' title='bbox 717 2764 1045 2833; x_wconf 77' lang='grc' dir='ltr'>θεοφθόγγου</span> <span class='ocrx_word' id='word_1_174' title='bbox 1084 2761 1357 2830; x_wconf 83' lang='grc' dir='ltr'>γλώσσης,</span> <span class='ocrx_word' id='word_1_175' title='bbox 1383 2761 1463 2813; x_wconf 80' lang='grc' dir='ltr'>ὅτι</span> <span class='ocrx_word' id='word_1_176' title='bbox 1528 2763 1589 2813; x_wconf 83' lang='lat' dir='ltr'><em>Ol</em></span> <span class='ocrx_word' id='word_1_177' title='bbox 1644 2760 1716 2812; x_wconf 82' lang='grc' dir='ltr'>τιί</span> 
     </span>
    </p>
   </div>
   <div class='ocr_carea' id='block_1_26' title="bbox 233 2852 1717 2928">
    <p class='ocr_par' dir='ltr' id='par_1_26' title="bbox 233 2852 1717 2928">
     <span class='ocr_line' id='line_1_26' title="bbox 233 2852 1717 2928; baseline -0.005 -17"><span class='ocrx_word' id='word_1_178' title='bbox 233 2881 250 2911; x_wconf 89' lang='grc'><em>‹</em></span> <span class='ocrx_word' id='word_1_179' title='bbox 297 2858 532 2928; x_wconf 76' lang='grc' dir='ltr'>μαλακὰ</span> <span class='ocrx_word' id='word_1_180' title='bbox 561 2858 889 2927; x_wconf 65' lang='grc' dir='ltr'>φοροῦντες</span> <span class='ocrx_word' id='word_1_181' title='bbox 917 2856 987 2908; x_wconf 79' lang='grc' dir='ltr'><strong>ἐν</strong></span> <span class='ocrx_word' id='word_1_182' title='bbox 1020 2853 1144 2920; x_wconf 87' lang='grc' dir='ltr'>τοῖς</span> <span class='ocrx_word' id='word_1_183' title='bbox 1176 2853 1366 2918; x_wconf 82' lang='grc' dir='ltr'>οἴκοις</span> <span class='ocrx_word' id='word_1_184' title='bbox 1396 2852 1515 2905; x_wconf 82' lang='grc' dir='ltr'>τῶν</span> <span class='ocrx_word' id='word_1_185' title='bbox 1537 2852 1717 2916; x_wconf 82' lang='grc' dir='ltr'>,βασι-</span> 
     </span>
    </p>
   </div>
   <div class='ocr_carea' id='block_1_27' title="bbox 229 2952 744 3003">
    <p class='ocr_par' dir='ltr' id='par_1_27' title="bbox 229 2952 744 3003">
     <span class='ocr_line' id='line_1_27' title="bbox 229 2952 744 3003; baseline -0.006 -3"><span class='ocrx_word' id='word_1_186' title='bbox 229 2970 246 3000; x_wconf 81' lang='grc'><strong>‹</strong></span> <span class='ocrx_word' id='word_1_187' title='bbox 291 2953 470 3003; x_wconf 73' lang='grc' dir='ltr'>λείων</span> <span class='ocrx_word' id='word_1_188' title='bbox 501 2952 679 3002; x_wconf 76' lang='grc' dir='ltr'>εἰσίν.</span> <span class='ocrx_word' id='word_1_189' title='bbox 727 2965 744 2997; x_wconf 77' lang='grc' dir='ltr'><strong>ι</strong></span> 
     </span>
    </p>
   </div>
   <div class='ocr_carea' id='block_1_28' title="bbox 222 3034 1715 3107">
    <p class='ocr_par' dir='ltr' id='par_1_28' title="bbox 222 3034 1715 3107">
     <span class='ocr_line' id='line_1_28' title="bbox 222 3034 1715 3107; baseline -0.005 -16"><span class='ocrx_word' id='word_1_190' title='bbox 222 3041 419 3092; x_wconf 86' lang='grc' dir='ltr'><strong>ΒΑΛΣ.</strong></span> <span class='ocrx_word' id='word_1_191' title='bbox 481 3038 605 3089; x_wconf 88' lang='grc' dir='ltr'><strong>Τῶν</strong></span> <span class='ocrx_word' id='word_1_192' title='bbox 641 3035 1028 3107; x_wconf 85' lang='grc' dir='ltr'>Είκονομὰχων</span> <span class='ocrx_word' id='word_1_193' title='bbox 1061 3034 1474 3105; x_wconf 87' lang='grc' dir='ltr'>μεταϐαλόντων</span> <span class='ocrx_word' id='word_1_194' title='bbox 1533 3034 1715 3085; x_wconf 79' lang='grc' dir='ltr'>πᾶσαν</span> 
     </span>
    </p>
   </div>
   <div class='ocr_carea' id='block_1_29' title="bbox 145 3123 1715 3198">
    <p class='ocr_par' dir='ltr' id='par_1_29' title="bbox 145 3123 1715 3198">
     <span class='ocr_line' id='line_1_29' title="bbox 145 3123 1715 3198; baseline -0.003 -18"><span class='ocrx_word' id='word_1_195' title='bbox 145 3130 612 3198; x_wconf 81' lang='grc' dir='ltr'>ὲκκλησιαστικὴν</span> <span class='ocrx_word' id='word_1_196' title='bbox 637 3129 971 3182; x_wconf 81' lang='grc' dir='ltr'>κατάστασιν</span> <span class='ocrx_word' id='word_1_197' title='bbox 996 3128 1089 3179; x_wconf 77' lang='grc' dir='ltr'><strong>καὶ</strong></span> <span class='ocrx_word' id='word_1_198' title='bbox 1112 3125 1399 3178; x_wconf 74' lang='grc' dir='ltr'>εὐλάϐειαν</span> <span class='ocrx_word' id='word_1_199' title='bbox 1423 3123 1558 3193; x_wconf 81' lang='grc' dir='ltr'>πρὸς</span> <span class='ocrx_word' id='word_1_200' title='bbox 1582 3125 1715 3176; x_wconf 83' lang='grc' dir='ltr'>ἀκα-</span> 
     </span>
    </p>
   </div>
   <div class='ocr_carea' id='block_1_30' title="bbox 144 3215 1716 3281">
    <p class='ocr_par' dir='ltr' id='par_1_30' title="bbox 144 3215 1716 3281">
     <span class='ocr_line' id='line_1_30' title="bbox 144 3215 1716 3281; baseline -0.004 -10"><span class='ocrx_word' id='word_1_201' title='bbox 144 3219 454 3272; x_wconf 83' lang='grc' dir='ltr'>ταστασίαν</span> <span class='ocrx_word' id='word_1_202' title='bbox 512 3220 603 3270; x_wconf 84' lang='grc' dir='ltr'><strong>καὶ</strong></span> <span class='ocrx_word' id='word_1_203' title='bbox 654 3217 1024 3281; x_wconf 78' lang='grc' dir='ltr'>ἁνευλάϐειαν,</span> <span class='ocrx_word' id='word_1_204' title='bbox 1060 3215 1134 3277; x_wconf 87' lang='grc' dir='ltr'>ὡς</span> <span class='ocrx_word' id='word_1_205' title='bbox 1171 3216 1279 3266; x_wconf 87' lang='grc' dir='ltr'><strong>τῶν</strong></span> <span class='ocrx_word' id='word_1_206' title='bbox 1323 3216 1505 3276; x_wconf 80' lang='grc' dir='ltr'>αὐτοῖς</span> <span class='ocrx_word' id='word_1_207' title='bbox 1542 3230 1716 3281; x_wconf 82' lang='grc' dir='ltr'>προσ-</span> 
     </span>
    </p>
   </div>
   <div class='ocr_carea' id='block_1_31' title="bbox 146 3307 1719 3382">
    <p class='ocr_par' dir='ltr' id='par_1_31' title="bbox 146 3307 1719 3382">
     <span class='ocr_line' id='line_1_31' title="bbox 146 3307 1719 3382; baseline -0.003 -20"><span class='ocrx_word' id='word_1_208' title='bbox 146 3310 466 3382; x_wconf 82' lang='grc' dir='ltr'>ερχομένων</span> <span class='ocrx_word' id='word_1_209' title='bbox 491 3311 767 3380; x_wconf 81' lang='grc' dir='ltr'>κληρικῶν</span> <span class='ocrx_word' id='word_1_210' title='bbox 796 3310 890 3363; x_wconf 70' lang='grc' dir='ltr'><strong>καὶ</strong></span> <span class='ocrx_word' id='word_1_211' title='bbox 916 3309 1234 3362; x_wconf 80' lang='grc' dir='ltr'>ἐπισκόπων</span> <span class='ocrx_word' id='word_1_212' title='bbox 1291 3307 1606 3367; x_wconf 78' lang='grc' dir='ltr'>ἁνευλαϐῶς</span> <span class='ocrx_word' id='word_1_213' title='bbox 1627 3307 1719 3358; x_wconf 53' lang='grc' dir='ltr'><strong>καὶ¹</strong></span> 
     </span>
    </p>
   </div>
   <div class='ocr_carea' id='block_1_32' title="bbox 147 3397 1719 3472">
    <p class='ocr_par' dir='ltr' id='par_1_32' title="bbox 147 3397 1719 3472">
     <span class='ocr_line' id='line_1_32' title="bbox 147 3397 1719 3472; baseline -0.005 -16"><span class='ocrx_word' id='word_1_214' title='bbox 147 3402 465 3470; x_wconf 72' lang='grc' dir='ltr'>ἀδιαφόρως</span> <span class='ocrx_word' id='word_1_215' title='bbox 532 3402 952 3472; x_wconf 81' lang='grc' dir='ltr'>ὲκχωρηθέντων</span> <span class='ocrx_word' id='word_1_216' title='bbox 1004 3398 1408 3462; x_wconf 82' lang='grc' dir='ltr'>πολιτεύεσθαι,</span> <span class='ocrx_word' id='word_1_217' title='bbox 1472 3397 1558 3450; x_wconf 83' lang='grc' dir='ltr'>ἵνα</span> <span class='ocrx_word' id='word_1_218' title='bbox 1608 3399 1719 3458; x_wconf 81' lang='grc' dir='ltr'>τοῖς</span> 
     </span>
    </p>
   </div>
   <div class='ocr_carea' id='block_1_33' title="bbox 150 3489 1718 3563">
    <p class='ocr_par' dir='ltr' id='par_1_33' title="bbox 150 3489 1718 3563">
     <span class='ocr_line' id='line_1_33' title="bbox 150 3489 1718 3563; baseline -0.002 -17"><span class='ocrx_word' id='word_1_219' title='bbox 150 3493 463 3563; x_wconf 71' lang='grc' dir='ltr'>θελήμασιν</span> <span class='ocrx_word' id='word_1_220' title='bbox 491 3494 668 3545; x_wconf 76' lang='grc' dir='ltr'>αὐτῶν</span> <span class='ocrx_word' id='word_1_221' title='bbox 703 3495 992 3556; x_wconf 85' lang='grc' dir='ltr'>ύπείκωσι,</span> <span class='ocrx_word' id='word_1_222' title='bbox 1032 3491 1124 3544; x_wconf 69' lang='grc' dir='ltr'><strong>καὶ</strong></span> <span class='ocrx_word' id='word_1_223' title='bbox 1161 3489 1249 3542; x_wconf 73' lang='grc' dir='ltr'>διὰ</span> <span class='ocrx_word' id='word_1_224' title='bbox 1297 3489 1454 3542; x_wconf 83' lang='grc' dir='ltr'>τοῦτο</span> <span class='ocrx_word' id='word_1_225' title='bbox 1490 3491 1584 3542; x_wconf 79' lang='grc' dir='ltr'><strong>καὶ</strong></span> <span class='ocrx_word' id='word_1_226' title='bbox 1620 3491 1718 3558; x_wconf 75' lang='grc' dir='ltr'>τῆς</span> 
     </span>
    </p>
   </div>
   <div class='ocr_carea' id='block_1_34' title="bbox 151 3581 1714 3653">
    <p class='ocr_par' dir='ltr' id='par_1_34' title="bbox 151 3581 1714 3653">
     <span class='ocr_line' id='line_1_34' title="bbox 151 3581 1714 3653; baseline -0.002 -18"><span class='ocrx_word' id='word_1_227' title='bbox 151 3584 443 3653; x_wconf 71' lang='grc' dir='ltr'>ἱερατικῆς</span> <span class='ocrx_word' id='word_1_228' title='bbox 477 3584 794 3652; x_wconf 81' lang='grc' dir='ltr'>ὲνδυμενίας</span> <span class='ocrx_word' id='word_1_229' title='bbox 824 3582 958 3652; x_wconf 81' lang='grc' dir='ltr'>πρὸς</span> <span class='ocrx_word' id='word_1_230' title='bbox 1007 3583 1064 3634; x_wconf 74' lang='grc' dir='ltr'>τὸ</span> <span class='ocrx_word' id='word_1_231' title='bbox 1101 3581 1502 3650; x_wconf 82' lang='grc' dir='ltr'>βλακικώτερον</span> <span class='ocrx_word' id='word_1_232' title='bbox 1551 3599 1714 3650; x_wconf 82' lang='grc' dir='ltr'>μετα-</span> 
     </span>
    </p>
   </div>
   <div class='ocr_carea' id='block_1_35' title="bbox 146 3677 1719 3746">
    <p class='ocr_par' dir='ltr' id='par_1_35' title="bbox 146 3677 1719 3746">
     <span class='ocr_line' id='line_1_35' title="bbox 146 3677 1719 3746; baseline 0 -18"><span class='ocrx_word' id='word_1_233' title='bbox 146 3677 448 3746; x_wconf 73' lang='grc' dir='ltr'>ϐληθεὲσης</span> <span class='ocrx_word' id='word_1_234' title='bbox 488 3683 581 3729; x_wconf 70' lang='grc' dir='ltr'>καὶ</span> <span class='ocrx_word' id='word_1_235' title='bbox 610 3677 1012 3746; x_wconf 71' lang='grc' dir='ltr'>κοσμιώτερονο</span> <span class='ocrx_word' id='word_1_236' title='bbox 1047 3677 1370 3744; x_wconf 83' lang='grc' dir='ltr'>διωρίσαντο</span> <span class='ocrx_word' id='word_1_237' title='bbox 1400 3678 1446 3728; x_wconf 90' lang='grc' dir='ltr'><strong>οί</strong></span> <span class='ocrx_word' id='word_1_238' title='bbox 1483 3677 1719 3745; x_wconf 84' lang='grc' dir='ltr'>Πατέρες</span> 
     </span>
    </p>
   </div>
   <div class='ocr_carea' id='block_1_36' title="bbox 143 3767 1725 3837">
    <p class='ocr_par' dir='ltr' id='par_1_36' title="bbox 143 3767 1725 3837">
     <span class='ocr_line' id='line_1_36' title="bbox 143 3767 1725 3837; baseline 0 -17"><span class='ocrx_word' id='word_1_239' title='bbox 143 3769 518 3837; x_wconf 77' lang='grc' dir='ltr'>ἐπιτιμᾶσθαι</span> <span class='ocrx_word' id='word_1_240' title='bbox 553 3768 678 3831; x_wconf 75' lang='grc' dir='ltr'>τοὺς</span> <span class='ocrx_word' id='word_1_241' title='bbox 720 3767 1157 3831; x_wconf 79' lang='grc' dir='ltr'>καλλωπίζοντας</span> <span class='ocrx_word' id='word_1_242' title='bbox 1199 3768 1422 3830; x_wconf 73' lang='grc' dir='ltr'>ἑαυτοὺς</span> <span class='ocrx_word' id='word_1_243' title='bbox 1456 3768 1725 3821; x_wconf 72' lang='grc' dir='ltr'>διὰένδυ-</span> 
     </span>
    </p>
   </div>
   <div class='ocr_carea' id='block_1_37' title="bbox 151 3855 1721 3928">
    <p class='ocr_par' dir='ltr' id='par_1_37' title="bbox 151 3855 1721 3928">
     <span class='ocr_line' id='line_1_37' title="bbox 151 3855 1721 3928; baseline 0 -19"><span class='ocrx_word' id='word_1_244' title='bbox 151 3858 351 3927; x_wconf 84' lang='grc' dir='ltr'>μενίας</span> <span class='ocrx_word' id='word_1_245' title='bbox 387 3859 665 3928; x_wconf 78' lang='grc' dir='ltr'>λαμπρᾶς,</span> <span class='ocrx_word' id='word_1_246' title='bbox 698 3858 790 3910; x_wconf 70' lang='grc' dir='ltr'><strong>καὶ</strong></span> <span class='ocrx_word' id='word_1_247' title='bbox 815 3859 888 3926; x_wconf 84' lang='grc' dir='ltr'>μὴ</span> <span class='ocrx_word' id='word_1_248' title='bbox 915 3856 1327 3926; x_wconf 83' lang='grc' dir='ltr'>διορθουμένους</span> <span class='ocrx_word' id='word_1_249' title='bbox 1352 3855 1488 3924; x_wconf 82' lang='grc' dir='ltr'>μετὰ</span> <span class='ocrx_word' id='word_1_250' title='bbox 1511 3873 1721 3926; x_wconf 81' lang='grc' dir='ltr'>παραγ-</span> 
     </span>
    </p>
   </div>
   <div class='ocr_carea' id='block_1_38' title="bbox 147 3949 1722 4019">
    <p class='ocr_par' dir='ltr' id='par_1_38' title="bbox 147 3949 1722 4019">
     <span class='ocr_line' id='line_1_38' title="bbox 147 3949 1722 4019; baseline -0.001 -15"><span class='ocrx_word' id='word_1_251' title='bbox 147 3953 346 4019; x_wconf 86' lang='grc' dir='ltr'>γελίαν</span> <span class='ocrx_word' id='word_1_252' title='bbox 372 3968 384 3982; x_wconf 88' lang='grc'><strong>·</strong></span> <span class='ocrx_word' id='word_1_253' title='bbox 409 3953 662 4014; x_wconf 79' lang='grc' dir='ltr'>ὡσαύτως</span> <span class='ocrx_word' id='word_1_254' title='bbox 692 3951 1018 4014; x_wconf 74' lang='grc' dir='ltr'>κολάζεσθαι</span> <span class='ocrx_word' id='word_1_255' title='bbox 1041 3949 1135 4003; x_wconf 85' lang='grc' dir='ltr'><strong>καὶ</strong></span> <span class='ocrx_word' id='word_1_256' title='bbox 1166 3951 1287 4012; x_wconf 82' lang='grc' dir='ltr'>τοὺς</span> <span class='ocrx_word' id='word_1_257' title='bbox 1313 3949 1381 4001; x_wconf 69' lang='grc' dir='ltr'>τὰ</span> <span class='ocrx_word' id='word_1_258' title='bbox 1403 3950 1548 4019; x_wconf 83' lang='grc' dir='ltr'>μύρα</span> <span class='ocrx_word' id='word_1_259' title='bbox 1575 3966 1722 4018; x_wconf 88' lang='grc' dir='ltr'>χριο-</span> 
     </span>
    </p>
   </div>
   <div class='ocr_carea' id='block_1_39' title="bbox 150 4041 1722 4112">
    <p class='ocr_par' dir='ltr' id='par_1_39' title="bbox 150 4041 1722 4112">
     <span class='ocr_line' id='line_1_39' title="bbox 150 4041 1722 4112; baseline -0.003 -17"><span class='ocrx_word' id='word_1_260' title='bbox 150 4045 374 4112; x_wconf 86' lang='grc' dir='ltr'>μένους.</span> <span class='ocrx_word' id='word_1_261' title='bbox 431 4043 582 4094; x_wconf 72' lang='grc' dir='ltr'>Ἐπεὶ</span> <span class='ocrx_word' id='word_1_262' title='bbox 611 4043 664 4094; x_wconf 83' lang='grc' dir='ltr'><strong>δὲ</strong></span> <span class='ocrx_word' id='word_1_263' title='bbox 703 4045 752 4095; x_wconf 83' lang='grc' dir='ltr'>οἱ</span> <span class='ocrx_word' id='word_1_264' title='bbox 809 4043 961 4095; x_wconf 73' lang='grc' dir='ltr'>αὐτοὶ</span> <span class='ocrx_word' id='word_1_265' title='bbox 993 4042 1259 4112; x_wconf 78' lang='grc' dir='ltr'>αίρετικοὶ</span> <span class='ocrx_word' id='word_1_266' title='bbox 1323 4041 1456 4111; x_wconf 84' lang='grc' dir='ltr'>πρὸς</span> <span class='ocrx_word' id='word_1_267' title='bbox 1511 4041 1722 4105; x_wconf 82' lang='grc' dir='ltr'>τούτοις</span> 
     </span>
    </p>
   </div>
   <div class='ocr_carea' id='block_1_40' title="bbox 147 4133 1724 4204">
    <p class='ocr_par' dir='ltr' id='par_1_40' title="bbox 147 4133 1724 4204">
     <span class='ocr_line' id='line_1_40' title="bbox 147 4133 1724 4204; baseline -0.002 -17"><span class='ocrx_word' id='word_1_268' title='bbox 147 4136 470 4202; x_wconf 75' lang='grc' dir='ltr'>κατεγέλων</span> <span class='ocrx_word' id='word_1_269' title='bbox 499 4135 605 4186; x_wconf 90' lang='grc' dir='ltr'><strong>τῶν</strong></span> <span class='ocrx_word' id='word_1_270' title='bbox 649 4135 908 4203; x_wconf 78' lang='grc' dir='ltr'>βιούντων</span> <span class='ocrx_word' id='word_1_271' title='bbox 947 4135 1084 4204; x_wconf 74' lang='grc' dir='ltr'>μετὰ</span> <span class='ocrx_word' id='word_1_272' title='bbox 1125 4134 1454 4202; x_wconf 84' lang='grc' dir='ltr'>σεμνότητος</span> <span class='ocrx_word' id='word_1_273' title='bbox 1508 4135 1601 4185; x_wconf 68' lang='grc' dir='ltr'>καὶ</span> <span class='ocrx_word' id='word_1_274' title='bbox 1635 4133 1724 4184; x_wconf 85' lang='grc' dir='ltr'>εύ-</span> 
     </span>
    </p>
   </div>
   <div class='ocr_carea' id='block_1_41' title="bbox 149 4223 1723 4295">
    <p class='ocr_par' dir='ltr' id='par_1_41' title="bbox 149 4223 1723 4295">
     <span class='ocr_line' id='line_1_41' title="bbox 149 4223 1723 4295; baseline -0.001 -18"><span class='ocrx_word' id='word_1_275' title='bbox 149 4226 406 4290; x_wconf 84' lang='grc' dir='ltr'>λαϐείας,</span> <span class='ocrx_word' id='word_1_276' title='bbox 441 4226 533 4278; x_wconf 70' lang='grc' dir='ltr'>καὶ</span> <span class='ocrx_word' id='word_1_277' title='bbox 568 4226 830 4295; x_wconf 80' lang='grc' dir='ltr'>ἐνδύμασι</span> <span class='ocrx_word' id='word_1_278' title='bbox 878 4225 1172 4295; x_wconf 78' lang='grc' dir='ltr'>χρωμένων</span> <span class='ocrx_word' id='word_1_279' title='bbox 1205 4223 1602 4294; x_wconf 82' lang='grc' dir='ltr'>εὐτελεστέροις</span> <span class='ocrx_word' id='word_1_280' title='bbox 1635 4223 1723 4276; x_wconf 84' lang='grc' dir='ltr'>διὰ</span> 
     </span>
    </p>
   </div>
   <div class='ocr_carea' id='block_1_42' title="bbox 146 4315 1722 4388">
    <p class='ocr_par' dir='ltr' id='par_1_42' title="bbox 146 4315 1722 4388">
     <span class='ocr_line' id='line_1_42' title="bbox 146 4315 1722 4388; baseline -0.003 -18"><span class='ocrx_word' id='word_1_281' title='bbox 146 4318 522 4371; x_wconf 65' lang='grc' dir='ltr'><strong>ταπείνωσιν⁸</strong></span> <span class='ocrx_word' id='word_1_282' title='bbox 556 4317 759 4388; x_wconf 80' lang='grc' dir='ltr'>ὥρισαν</span> <span class='ocrx_word' id='word_1_283' title='bbox 799 4318 846 4370; x_wconf 78' lang='lat' dir='ltr'><strong>oi</strong></span> <span class='ocrx_word' id='word_1_284' title='bbox 883 4318 1016 4369; x_wconf 84' lang='grc' dir='ltr'>θεῖοι</span> <span class='ocrx_word' id='word_1_285' title='bbox 1059 4315 1302 4384; x_wconf 80' lang='grc' dir='ltr'>Πατέρες</span> <span class='ocrx_word' id='word_1_286' title='bbox 1329 4315 1452 4376; x_wconf 79' lang='grc' dir='ltr'>τοὺς</span> <span class='ocrx_word' id='word_1_287' title='bbox 1479 4315 1722 4368; x_wconf 80' lang='grc' dir='ltr'>τοιοῦτόν</span> 
     </span>
    </p>
   </div>
   <div class='ocr_carea' id='block_1_43' title="bbox 146 4407 1723 4478">
    <p class='ocr_par' dir='ltr' id='par_1_43' title="bbox 146 4407 1723 4478">
     <span class='ocr_line' id='line_1_43' title="bbox 146 4407 1723 4478; baseline -0.003 -16"><span class='ocrx_word' id='word_1_288' title='bbox 146 4430 206 4462; x_wconf 68' lang='grc' dir='ltr'>’τι</span> <span class='ocrx_word' id='word_1_289' title='bbox 245 4409 536 4473; x_wconf 81' lang='grc' dir='ltr'>ποιοῦντας</span> <span class='ocrx_word' id='word_1_290' title='bbox 565 4411 634 4462; x_wconf 59' lang='grc' dir='ltr'>διῗ</span> <span class='ocrx_word' id='word_1_291' title='bbox 663 4410 952 4478; x_wconf 79' lang='grc' dir='ltr'>ἐπιτιμίων</span> <span class='ocrx_word' id='word_1_292' title='bbox 976 4407 1340 4478; x_wconf 84' lang='grc' dir='ltr'>διορθοῦσθαι·</span> <span class='ocrx_word' id='word_1_293' title='bbox 1371 4408 1516 4471; x_wconf 88' lang='grc' dir='ltr'>Ὂτι,</span> <span class='ocrx_word' id='word_1_294' title='bbox 1541 4410 1723 4475; x_wconf 65' lang='grc' dir='ltr'>φασῖν,</span> 
     </span>
    </p>
   </div>
   <div class='ocr_carea' id='block_1_44' title="bbox 147 4499 1728 4572">
    <p class='ocr_par' dir='ltr' id='par_1_44' title="bbox 147 4499 1728 4572">
     <span class='ocr_line' id='line_1_44' title="bbox 147 4499 1728 4572; baseline -0.004 -16"><span class='ocrx_word' id='word_1_295' title='bbox 147 4506 204 4556; x_wconf 75' lang='grc' dir='ltr'>οἱ</span> <span class='ocrx_word' id='word_1_296' title='bbox 239 4506 407 4572; x_wconf 78' lang='grc' dir='ltr'>ἱερεῖς</span> <span class='ocrx_word' id='word_1_297' title='bbox 439 4505 658 4555; x_wconf 79' lang='grc' dir='ltr'>ἀείποτε</span> <span class='ocrx_word' id='word_1_298' title='bbox 695 4502 830 4570; x_wconf 74' lang='grc' dir='ltr'>μετὰ</span> <span class='ocrx_word' id='word_1_299' title='bbox 866 4501 1090 4570; x_wconf 80' lang='grc' dir='ltr'>μετρίας</span> <span class='ocrx_word' id='word_1_300' title='bbox 1136 4500 1231 4552; x_wconf 74' lang='grc' dir='ltr'>καὶ</span> <span class='ocrx_word' id='word_1_301' title='bbox 1292 4499 1494 4568; x_wconf 80' lang='grc' dir='ltr'>σεμνῆς</span> <span class='ocrx_word' id='word_1_302' title='bbox 1528 4499 1728 4565; x_wconf 83' lang='grc' dir='ltr'>διαγω-</span> 
     </span>
    </p>
   </div>
   <div class='ocr_carea' id='block_1_45' title="bbox 1162 437 2410 499">
    <p class='ocr_par' dir='ltr' id='par_1_45' title="bbox 1162 437 2410 499">
     <span class='ocr_line' id='line_1_45' title="bbox 1162 437 2410 499; baseline -0.004 0"><span class='ocrx_word' id='word_1_303' title='bbox 1162 441 1242 499; x_wconf 77' lang='lat' dir='ltr'><strong>IN</strong></span> <span class='ocrx_word' id='word_1_304' title='bbox 1282 441 1446 499; x_wconf 61' lang='grc' dir='ltr'>αλλ’.</span> <span class='ocrx_word' id='word_1_305' title='bbox 1483 438 1608 496; x_wconf 79' lang='lat' dir='ltr'><strong>XVI</strong></span> <span class='ocrx_word' id='word_1_306' title='bbox 1660 437 1866 494; x_wconf 70' lang='lat' dir='ltr'><strong>CONC.</strong></span> <span class='ocrx_word' id='word_1_307' title='bbox 1917 439 2016 498; x_wconf 70' lang='grc' dir='ltr'>νει</span> <span class='ocrx_word' id='word_1_308' title='bbox 2057 439 2410 497; x_wconf 69' lang='lat' dir='ltr'><strong>(ECUMEN.</strong></span> 
     </span>
    </p>
   </div>
   <div class='ocr_carea' id='block_1_46' title="bbox 239 552 1780 626">
    <p class='ocr_par' dir='ltr' id='par_1_46' title="bbox 239 552 1780 626">
     <span class='ocr_line' id='line_1_46' title="bbox 239 552 1780 626; baseline -0.008 -14"><span class='ocrx_word' id='word_1_309' title='bbox 239 581 255 612; x_wconf 88' lang='grc'><strong><em>‹</em></strong></span> <span class='ocrx_word' id='word_1_310' title='bbox 300 562 401 612; x_wconf 84' lang='grc' dir='ltr'>είσι</span> <span class='ocrx_word' id='word_1_311' title='bbox 456 558 553 626; x_wconf 79' lang='grc' dir='ltr'>τῆς</span> <span class='ocrx_word' id='word_1_312' title='bbox 594 557 870 625; x_wconf 65' lang='grc' dir='ltr'>ἱερατικῆς</span> <span class='ocrx_word' id='word_1_313' title='bbox 918 552 1121 616; x_wconf 78' lang='grc' dir='ltr'>τάξεως</span> <span class='ocrx_word' id='word_1_314' title='bbox 1153 555 1246 604; x_wconf 60' lang='grc' dir='ltr'><strong>καὶ⁹</strong></span> <span class='ocrx_word' id='word_1_315' title='bbox 1301 553 1702 607; x_wconf 70' lang='grc' dir='ltr'>καταστάσεως.</span> <span class='ocrx_word' id='word_1_316' title='bbox 1744 562 1780 602; x_wconf 76' lang='grc' dir='ltr'>Λ</span> 
     </span>
    </p>
   </div>
   <div class='ocr_carea' id='block_1_47' title="bbox 3270 437 3368 494">
    <p class='ocr_par' dir='ltr' id='par_1_47' title="bbox 3270 437 3368 494">
     <span class='ocr_line' id='line_1_47' title="bbox 3270 437 3368 494; baseline -0.02 0"><span class='ocrx_word' id='word_1_317' title='bbox 3270 437 3368 494; x_wconf 79' lang='grc' dir='ltr'>9Ἶθ</span> 
     </span>
    </p>
   </div>
   <div class='ocr_carea' id='block_1_48' title="bbox 1896 534 3372 617">
    <p class='ocr_par' dir='ltr' id='par_1_48' title="bbox 1896 534 3372 617">
     <span class='ocr_line' id='line_1_48' title="bbox 1896 534 3372 617; baseline -0.001 -17"><span class='ocrx_word' id='word_1_318' title='bbox 1896 568 1912 591; x_wconf 83' lang='grc'><em>‹</em></span> <span class='ocrx_word' id='word_1_319' title='bbox 1953 553 2119 603; x_wconf 86' lang='lat' dir='ltr'><strong>dotali</strong></span> <span class='ocrx_word' id='word_1_320' title='bbox 2153 552 2344 602; x_wconf 84' lang='lat' dir='ltr'><strong>ordine</strong></span> <span class='ocrx_word' id='word_1_321' title='bbox 2384 567 2436 602; x_wconf 74' lang='grc' dir='ltr'>«ιι</span> <span class='ocrx_word' id='word_1_322' title='bbox 2469 562 2612 605; x_wconf 85' lang='lat' dir='ltr'><strong>statu</strong></span> <span class='ocrx_word' id='word_1_323' title='bbox 2653 553 2882 603; x_wconf 78' lang='lat' dir='ltr'><strong>alienus.</strong></span> <span class='ocrx_word' id='word_1_324' title='bbox 2919 534 3372 617; x_wconf 72' lang='lat' dir='ltr'><strong>EpiSCOposcrgo</strong></span> 
     </span>
    </p>
   </div>
   <div class='ocr_carea' id='block_1_49' title="bbox 1896 640 3371 712">
    <p class='ocr_par' dir='ltr' id='par_1_49' title="bbox 1896 640 3371 712">
     <span class='ocr_line' id='line_1_49' title="bbox 1896 640 3371 712; baseline -0.002 -20"><span class='ocrx_word' id='word_1_325' title='bbox 1896 661 1911 692; x_wconf 86' lang='grc'>‹</span> <span class='ocrx_word' id='word_1_326' title='bbox 1955 646 2034 696; x_wconf 87' lang='lat' dir='ltr'><strong>vel</strong></span> <span class='ocrx_word' id='word_1_327' title='bbox 2083 644 2335 707; x_wconf 71' lang='lat' dir='ltr'><strong>(-luriros,</strong></span> <span class='ocrx_word' id='word_1_328' title='bbox 2384 647 2476 712; x_wconf 89' lang='lat' dir='ltr'><strong>qui</strong></span> <span class='ocrx_word' id='word_1_329' title='bbox 2531 659 2590 694; x_wconf 79' lang='lat' dir='ltr'><strong>se</strong></span> <span class='ocrx_word' id='word_1_330' title='bbox 2637 642 2936 708; x_wconf 75' lang='lat' dir='ltr'><strong>splendidis</strong></span> <span class='ocrx_word' id='word_1_331' title='bbox 2967 652 3021 695; x_wconf 79' lang='lat' dir='ltr'><strong>et.</strong></span> <span class='ocrx_word' id='word_1_332' title='bbox 3063 640 3371 702; x_wconf 68' lang='lat' dir='ltr'><strong>insignibus</strong></span> 
     </span>
    </p>
   </div>
   <div class='ocr_carea' id='block_1_50' title="bbox 1895 731 3372 804">
    <p class='ocr_par' dir='ltr' id='par_1_50' title="bbox 1895 731 3372 804">
     <span class='ocr_line' id='line_1_50' title="bbox 1895 731 3372 804; baseline -0.001 -20"><span class='ocrx_word' id='word_1_333' title='bbox 1895 755 1911 784; x_wconf 72' lang='grc' dir='ltr'><strong>ι</strong></span> <span class='ocrx_word' id='word_1_334' title='bbox 1951 736 2198 787; x_wconf 84' lang='lat' dir='ltr'><strong>vestibus</strong></span> <span class='ocrx_word' id='word_1_335' title='bbox 2231 748 2523 798; x_wconf 79' lang='lat' dir='ltr'><strong>exornant.</strong></span> <span class='ocrx_word' id='word_1_336' title='bbox 2570 752 2628 789; x_wconf 88' lang='lat' dir='ltr'><strong>se</strong></span> <span class='ocrx_word' id='word_1_337' title='bbox 2675 737 2950 804; x_wconf 71' lang='lat' dir='ltr'><strong>corrigere</strong></span> <span class='ocrx_word' id='word_1_338' title='bbox 3002 742 3250 802; x_wconf 85' lang='lat' dir='ltr'><strong>oportet;</strong></span> <span class='ocrx_word' id='word_1_339' title='bbox 3290 731 3372 784; x_wconf 88' lang='lat' dir='ltr'><strong>sin</strong></span> 
     </span>
    </p>
   </div>
   <div class='ocr_carea' id='block_1_51' title="bbox 1895 825 3378 899">
    <p class='ocr_par' dir='ltr' id='par_1_51' title="bbox 1895 825 3378 899">
     <span class='ocr_line' id='line_1_51' title="bbox 1895 825 3378 899; baseline -0.001 -21"><span class='ocrx_word' id='word_1_340' title='bbox 1895 846 1912 878; x_wconf 74' lang='grc' dir='ltr'><strong>ι</strong></span> <span class='ocrx_word' id='word_1_341' title='bbox 1949 839 2128 882; x_wconf 80' lang='lat' dir='ltr'><strong>autem</strong></span> <span class='ocrx_word' id='word_1_342' title='bbox 2161 838 2536 899; x_wconf 76' lang='lat' dir='ltr'><strong>permaneant,</strong></span> <span class='ocrx_word' id='word_1_343' title='bbox 2575 829 2752 898; x_wconf 81' lang='lat' dir='ltr'><strong>poenis</strong></span> <span class='ocrx_word' id='word_1_344' title='bbox 2802 829 3042 880; x_wconf 74' lang='lat' dir='ltr'><strong>coerceri</strong></span> <span class='ocrx_word' id='word_1_345' title='bbox 3072 843 3086 879; x_wconf 89' lang='lat'><strong>:</strong></span> <span class='ocrx_word' id='word_1_346' title='bbox 3125 825 3378 880; x_wconf 82' lang='lat' dir='ltr'><strong>similiter</strong></span> 
     </span>
    </p>
   </div>
   <div class='ocr_carea' id='block_1_52' title="bbox 1892 916 3374 988">
    <p class='ocr_par' dir='ltr' id='par_1_52' title="bbox 1892 916 3374 988">
     <span class='ocr_line' id='line_1_52' title="bbox 1892 916 3374 988; baseline -0.003 -15"><span class='ocrx_word' id='word_1_347' title='bbox 1892 937 1907 967; x_wconf 71' lang='grc' dir='ltr'><strong>ε</strong></span> <span class='ocrx_word' id='word_1_348' title='bbox 1952 930 2003 973; x_wconf 90' lang='lat' dir='ltr'><strong>et</strong></span> <span class='ocrx_word' id='word_1_349' title='bbox 2036 936 2152 984; x_wconf 83' lang='lat' dir='ltr'><strong>eos,</strong></span> <span class='ocrx_word' id='word_1_350' title='bbox 2186 920 2278 988; x_wconf 85' lang='lat' dir='ltr'><strong>qui</strong></span> <span class='ocrx_word' id='word_1_351' title='bbox 2311 931 2439 973; x_wconf 89' lang='lat' dir='ltr'><strong>sunt</strong></span> <span class='ocrx_word' id='word_1_352' title='bbox 2478 919 2782 988; x_wconf 79' lang='lat' dir='ltr'><strong>unguentis</strong></span> <span class='ocrx_word' id='word_1_353' title='bbox 2814 917 3061 971; x_wconf 73' lang='lat' dir='ltr'><strong>delibuti.</strong></span> <span class='ocrx_word' id='word_1_354' title='bbox 3107 916 3374 982; x_wconf 81' lang='lat' dir='ltr'><strong>Quoniam</strong></span> 
     </span>
    </p>
   </div>
   <div class='ocr_carea' id='block_1_53' title="bbox 1909 1009 3371 1079">
    <p class='ocr_par' dir='ltr' id='par_1_53' title="bbox 1909 1009 3371 1079">
     <span class='ocr_line' id='line_1_53' title="bbox 1909 1009 3371 1079; baseline 0.002 -18"><span class='ocrx_word' id='word_1_355' title='bbox 1909 1032 1925 1061; x_wconf 77' lang='grc' dir='ltr'><strong>ι</strong></span> <span class='ocrx_word' id='word_1_356' title='bbox 1960 1021 2140 1066; x_wconf 83' lang='lat' dir='ltr'><strong>autem</strong></span> <span class='ocrx_word' id='word_1_357' title='bbox 2201 1013 2350 1066; x_wconf 76' lang='lat' dir='ltr'><strong>radix</strong></span> <span class='ocrx_word' id='word_1_358' title='bbox 2423 1013 2733 1066; x_wconf 73' lang='lat' dir='ltr'><strong>acerbitatis</strong></span> <span class='ocrx_word' id='word_1_359' title='bbox 2783 1025 3002 1066; x_wconf 87' lang='lat' dir='ltr'><strong>sursum</strong></span> <span class='ocrx_word' id='word_1_360' title='bbox 3057 1009 3371 1079; x_wconf 87' lang='lat' dir='ltr'><strong>pullulans.</strong></span> 
     </span>
    </p>
   </div>
   <div class='ocr_carea' id='block_1_54' title="bbox 1892 1102 3378 1175">
    <p class='ocr_par' dir='ltr' id='par_1_54' title="bbox 1892 1102 3378 1175">
     <span class='ocr_line' id='line_1_54' title="bbox 1892 1102 3378 1175; baseline -0.003 -17"><span class='ocrx_word' id='word_1_361' title='bbox 1892 1125 1906 1151; x_wconf 79' lang='grc' dir='ltr'><strong>ι</strong></span> <span class='ocrx_word' id='word_1_362' title='bbox 1950 1105 2242 1158; x_wconf 70' lang='lat' dir='ltr'><strong>Catholicae</strong></span> <span class='ocrx_word' id='word_1_363' title='bbox 2277 1103 2530 1158; x_wconf 70' lang='lat' dir='ltr'><strong>Ecclesia:</strong></span> <span class='ocrx_word' id='word_1_364' title='bbox 2564 1105 2667 1156; x_wconf 80' lang='lat' dir='ltr'><strong>fuit</strong></span> <span class='ocrx_word' id='word_1_365' title='bbox 2697 1105 3197 1175; x_wconf 82' lang='lat' dir='ltr'><strong>inquinamentum,</strong></span> <span class='ocrx_word' id='word_1_366' title='bbox 3223 1102 3378 1157; x_wconf 88' lang='lat' dir='ltr'><strong>Chri-</strong></span> 
     </span>
    </p>
   </div>
   <div class='ocr_carea' id='block_1_55' title="bbox 1895 1195 3373 1263">
    <p class='ocr_par' dir='ltr' id='par_1_55' title="bbox 1895 1195 3373 1263">
     <span class='ocr_line' id='line_1_55' title="bbox 1895 1195 3373 1263; baseline 0.001 -18"><span class='ocrx_word' id='word_1_367' title='bbox 1895 1216 1910 1245; x_wconf 78' lang='grc' dir='ltr'><strong>ι</strong></span> <span class='ocrx_word' id='word_1_368' title='bbox 1955 1201 2162 1250; x_wconf 87' lang='lat' dir='ltr'><strong>stiauos</strong></span> <span class='ocrx_word' id='word_1_369' title='bbox 2191 1198 2395 1251; x_wconf 78' lang='lat' dir='ltr'><strong>scilicet</strong></span> <span class='ocrx_word' id='word_1_370' title='bbox 2447 1198 2824 1250; x_wconf 82' lang='lat' dir='ltr'><strong>accusantium</strong></span> <span class='ocrx_word' id='word_1_371' title='bbox 2879 1195 3136 1260; x_wconf 69' lang='lat' dir='ltr'><strong>haeresis;</strong></span> <span class='ocrx_word' id='word_1_372' title='bbox 3188 1204 3243 1248; x_wconf 90' lang='lat' dir='ltr'><strong>et</strong></span> <span class='ocrx_word' id='word_1_373' title='bbox 3280 1195 3373 1263; x_wconf 89' lang='lat' dir='ltr'><strong>qui</strong></span> 
     </span>
    </p>
   </div>
   <div class='ocr_carea' id='block_1_56' title="bbox 1893 1287 3379 1357">
    <p class='ocr_par' dir='ltr' id='par_1_56' title="bbox 1893 1287 3379 1357">
     <span class='ocr_line' id='line_1_56' title="bbox 1893 1287 3379 1357; baseline -0.002 -15"><span class='ocrx_word' id='word_1_374' title='bbox 1893 1307 1908 1336; x_wconf 76' lang='grc' dir='ltr'>ι</span> <span class='ocrx_word' id='word_1_375' title='bbox 1954 1305 2072 1342; x_wconf 83' lang='lat' dir='ltr'><strong>eam</strong></span> <span class='ocrx_word' id='word_1_376' title='bbox 2111 1299 2486 1357; x_wconf 83' lang='lat' dir='ltr'><strong>susceperunt,</strong></span> <span class='ocrx_word' id='word_1_377' title='bbox 2520 1305 2626 1342; x_wconf 91' lang='lat' dir='ltr'><strong>non</strong></span> <span class='ocrx_word' id='word_1_378' title='bbox 2665 1288 2838 1342; x_wconf 86' lang='lat' dir='ltr'><strong>solum</strong></span> <span class='ocrx_word' id='word_1_379' title='bbox 2875 1290 3170 1357; x_wconf 85' lang='lat' dir='ltr'><strong>imaginum</strong></span> <span class='ocrx_word' id='word_1_380' title='bbox 3199 1287 3379 1356; x_wconf 80' lang='lat' dir='ltr'><strong>pictu-</strong></span> 
     </span>
    </p>
   </div>
   <div class='ocr_carea' id='block_1_57' title="bbox 1893 1377 3375 1447">
    <p class='ocr_par' dir='ltr' id='par_1_57' title="bbox 1893 1377 3375 1447">
     <span class='ocr_line' id='line_1_57' title="bbox 1893 1377 3375 1447; baseline -0.001 -17"><span class='ocrx_word' id='word_1_381' title='bbox 1893 1400 1911 1430; x_wconf 84' lang='grc'><strong><em>‹</em></strong></span> <span class='ocrx_word' id='word_1_382' title='bbox 1951 1396 2040 1434; x_wconf 87' lang='lat' dir='ltr'><strong>ras</strong></span> <span class='ocrx_word' id='word_1_383' title='bbox 2070 1381 2300 1434; x_wconf 87' lang='lat' dir='ltr'><strong>aversati</strong></span> <span class='ocrx_word' id='word_1_384' title='bbox 2337 1392 2486 1443; x_wconf 91' lang='lat' dir='ltr'><strong>sunt,</strong></span> <span class='ocrx_word' id='word_1_385' title='bbox 2519 1381 2613 1436; x_wconf 86' lang='lat' dir='ltr'><strong>sed</strong></span> <span class='ocrx_word' id='word_1_386' title='bbox 2642 1396 2858 1433; x_wconf 90' lang='lat' dir='ltr'><strong>omnem</strong></span> <span class='ocrx_word' id='word_1_387' title='bbox 2914 1381 3072 1433; x_wconf 85' lang='lat' dir='ltr'><strong>etiam</strong></span> <span class='ocrx_word' id='word_1_388' title='bbox 3115 1377 3375 1447; x_wconf 66' lang='lat' dir='ltr'><strong>pietatem</strong></span> 
     </span>
    </p>
   </div>
   <div class='ocr_carea' id='block_1_58' title="bbox 1894 1471 3375 1541">
    <p class='ocr_par' dir='ltr' id='par_1_58' title="bbox 1894 1471 3375 1541">
     <span class='ocr_line' id='line_1_58' title="bbox 1894 1471 3375 1541; baseline -0.002 -18"><span class='ocrx_word' id='word_1_389' title='bbox 1894 1491 1911 1523; x_wconf 84' lang='grc'><strong><em>‹</em></strong></span> <span class='ocrx_word' id='word_1_390' title='bbox 1948 1487 2012 1526; x_wconf 88' lang='lat' dir='ltr'><strong>ac</strong></span> <span class='ocrx_word' id='word_1_391' title='bbox 2050 1473 2364 1541; x_wconf 81' lang='lat' dir='ltr'><strong>religionem</strong></span> <span class='ocrx_word' id='word_1_392' title='bbox 2397 1482 2773 1534; x_wconf 78' lang='lat' dir='ltr'><strong>extruserunt,</strong></span> <span class='ocrx_word' id='word_1_393' title='bbox 2806 1487 2927 1534; x_wconf 89' lang='lat' dir='ltr'><strong>eos,</strong></span> <span class='ocrx_word' id='word_1_394' title='bbox 2964 1472 3054 1538; x_wconf 90' lang='lat' dir='ltr'><strong>qui</strong></span> <span class='ocrx_word' id='word_1_395' title='bbox 3086 1471 3171 1540; x_wconf 88' lang='lat' dir='ltr'><strong>pie</strong></span> <span class='ocrx_word' id='word_1_396' title='bbox 3198 1483 3251 1525; x_wconf 89' lang='lat' dir='ltr'><strong>et</strong></span> <span class='ocrx_word' id='word_1_397' title='bbox 3275 1472 3375 1521; x_wconf 83' lang='lat' dir='ltr'><strong>ho-</strong></span> 
     </span>
    </p>
   </div>
   <div class='ocr_carea' id='block_1_59' title="bbox 1895 1563 3376 1630">
    <p class='ocr_par' dir='ltr' id='par_1_59' title="bbox 1895 1563 3376 1630">
     <span class='ocr_line' id='line_1_59' title="bbox 1895 1563 3376 1630; baseline 0 -14"><span class='ocrx_word' id='word_1_398' title='bbox 1895 1583 1913 1616; x_wconf 77' lang='grc'><strong>(</strong></span> <span class='ocrx_word' id='word_1_399' title='bbox 1955 1577 2113 1619; x_wconf 86' lang='lat' dir='ltr'><strong>ueste</strong></span> <span class='ocrx_word' id='word_1_400' title='bbox 2145 1565 2351 1628; x_wconf 83' lang='lat' dir='ltr'><strong>vivunt,</strong></span> <span class='ocrx_word' id='word_1_401' title='bbox 2389 1564 2516 1618; x_wconf 84' lang='lat' dir='ltr'><strong>odio</strong></span> <span class='ocrx_word' id='word_1_402' title='bbox 2548 1565 2845 1630; x_wconf 68' lang='lat' dir='ltr'><strong>habentes;</strong></span> <span class='ocrx_word' id='word_1_403' title='bbox 2884 1576 2936 1619; x_wconf 89' lang='lat' dir='ltr'><strong>ct</strong></span> <span class='ocrx_word' id='word_1_404' title='bbox 2976 1564 3029 1616; x_wconf 92' lang='lat' dir='ltr'><strong>in</strong></span> <span class='ocrx_word' id='word_1_405' title='bbox 3078 1564 3147 1617; x_wconf 85' lang='lat' dir='ltr'><strong>iis</strong></span> <span class='ocrx_word' id='word_1_406' title='bbox 3187 1563 3376 1630; x_wconf 89' lang='lat' dir='ltr'><strong>imple-</strong></span> 
     </span>
    </p>
   </div>
   <div class='ocr_carea' id='block_1_60' title="bbox 1896 1656 3379 1727">
    <p class='ocr_par' dir='ltr' id='par_1_60' title="bbox 1896 1656 3379 1727">
     <span class='ocr_line' id='line_1_60' title="bbox 1896 1656 3379 1727; baseline -0.001 -18"><span class='ocrx_word' id='word_1_407' title='bbox 1896 1677 1914 1709; x_wconf 86' lang='grc'><em>‹</em></span> <span class='ocrx_word' id='word_1_408' title='bbox 1955 1667 2070 1712; x_wconf 91' lang='lat' dir='ltr'><strong>tum</strong></span> <span class='ocrx_word' id='word_1_409' title='bbox 2107 1658 2206 1711; x_wconf 82' lang='lat' dir='ltr'><strong>fuit</strong></span> <span class='ocrx_word' id='word_1_410' title='bbox 2239 1658 2383 1727; x_wconf 82' lang='lat' dir='ltr'><strong>quod</strong></span> <span class='ocrx_word' id='word_1_411' title='bbox 2418 1658 2682 1725; x_wconf 83' lang='lat' dir='ltr'><strong>scriptum</strong></span> <span class='ocrx_word' id='word_1_412' title='bbox 2711 1671 2833 1711; x_wconf 66' lang='lat' dir='ltr'><strong>esu</strong></span> <span class='ocrx_word' id='word_1_413' title='bbox 2869 1656 3217 1711; x_wconf 83' lang='lat' dir='ltr'><strong>Abominatio</strong></span> <span class='ocrx_word' id='word_1_414' title='bbox 3255 1671 3379 1724; x_wconf 89' lang='lat' dir='ltr'><strong>pec-</strong></span> 
     </span>
    </p>
   </div>
   <div class='ocr_carea' id='block_1_61' title="bbox 1896 1749 3376 1822">
    <p class='ocr_par' dir='ltr' id='par_1_61' title="bbox 1896 1749 3376 1822">
     <span class='ocr_line' id='line_1_61' title="bbox 1896 1749 3376 1822; baseline -0.001 -21"><span class='ocrx_word' id='word_1_415' title='bbox 1896 1771 1913 1801; x_wconf 74' lang='grc' dir='ltr'><strong>ι</strong></span> <span class='ocrx_word' id='word_1_416' title='bbox 1954 1753 2127 1805; x_wconf 87' lang='lat' dir='ltr'><strong>calori</strong></span> <span class='ocrx_word' id='word_1_417' title='bbox 2160 1753 2351 1822; x_wconf 83' lang='lat' dir='ltr'><strong>religio</strong></span> <span class='ocrx_word' id='word_1_418' title='bbox 2381 1762 2430 1804; x_wconf 80' lang='lat' dir='ltr'><strong>rt</strong></span> <span class='ocrx_word' id='word_1_419' title='bbox 2466 1766 2626 1805; x_wconf 82' lang='lat' dir='ltr'><strong>verus</strong></span> <span class='ocrx_word' id='word_1_420' title='bbox 2673 1750 2764 1803; x_wconf 89' lang='lat' dir='ltr'><strong>Dei</strong></span> <span class='ocrx_word' id='word_1_421' title='bbox 2812 1751 3014 1805; x_wconf 90' lang='lat' dir='ltr'><strong>cultus.</strong></span> <span class='ocrx_word' id='word_1_422' title='bbox 3070 1749 3125 1803; x_wconf 93' lang='lat' dir='ltr'><strong>Si</strong></span> <span class='ocrx_word' id='word_1_423' title='bbox 3168 1749 3376 1803; x_wconf 79' lang='lat' dir='ltr'><strong>inventi</strong></span> 
     </span>
    </p>
   </div>
   <div class='ocr_carea' id='block_1_62' title="bbox 1898 1843 3377 1915">
    <p class='ocr_par' dir='ltr' id='par_1_62' title="bbox 1898 1843 3377 1915">
     <span class='ocr_line' id='line_1_62' title="bbox 1898 1843 3377 1915; baseline 0 -20"><span class='ocrx_word' id='word_1_424' title='bbox 1898 1866 1914 1895; x_wconf 71' lang='grc' dir='ltr'><strong>ε</strong></span> <span class='ocrx_word' id='word_1_425' title='bbox 1958 1846 2140 1915; x_wconf 85' lang='lat' dir='ltr'><strong>itaque</strong></span> <span class='ocrx_word' id='word_1_426' title='bbox 2173 1846 2377 1899; x_wconf 81' lang='lat' dir='ltr'><strong>fuerint</strong></span> <span class='ocrx_word' id='word_1_427' title='bbox 2412 1845 2656 1899; x_wconf 88' lang='lat' dir='ltr'><strong>nonnulli</strong></span> <span class='ocrx_word' id='word_1_428' title='bbox 2695 1860 2789 1899; x_wconf 86' lang='lat' dir='ltr'><strong>eos</strong></span> <span class='ocrx_word' id='word_1_429' title='bbox 2821 1843 3133 1908; x_wconf 87' lang='lat' dir='ltr'><strong>irridentes,</strong></span> <span class='ocrx_word' id='word_1_430' title='bbox 3161 1845 3251 1913; x_wconf 87' lang='lat' dir='ltr'><strong>qui</strong></span> <span class='ocrx_word' id='word_1_431' title='bbox 3297 1843 3377 1896; x_wconf 88' lang='lat' dir='ltr'><strong>vi-</strong></span> 
     </span>
    </p>
   </div>
   <div class='ocr_carea' id='block_1_63' title="bbox 1897 1937 3375 2005">
    <p class='ocr_par' dir='ltr' id='par_1_63' title="bbox 1897 1937 3375 2005">
     <span class='ocr_line' id='line_1_63' title="bbox 1897 1937 3375 2005; baseline 0.001 -18"><span class='ocrx_word' id='word_1_432' title='bbox 1897 1958 1914 1987; x_wconf 79' lang='grc' dir='ltr'><strong>ι</strong></span> <span class='ocrx_word' id='word_1_433' title='bbox 1953 1939 2053 1992; x_wconf 90' lang='lat' dir='ltr'><strong>lem</strong></span> <span class='ocrx_word' id='word_1_434' title='bbox 2083 1951 2138 1993; x_wconf 91' lang='lat' dir='ltr'><strong>et</strong></span> <span class='ocrx_word' id='word_1_435' title='bbox 2162 1939 2464 1992; x_wconf 84' lang='lat' dir='ltr'><strong>modestum</strong></span> <span class='ocrx_word' id='word_1_436' title='bbox 2498 1938 2758 1991; x_wconf 84' lang='lat' dir='ltr'><strong>a‘mietum</strong></span> <span class='ocrx_word' id='word_1_437' title='bbox 2815 1937 2990 1991; x_wconf 89' lang='lat' dir='ltr'><strong>induti</strong></span> <span class='ocrx_word' id='word_1_438' title='bbox 3022 1945 3168 2000; x_wconf 90' lang='lat' dir='ltr'><strong>sunt,</strong></span> <span class='ocrx_word' id='word_1_439' title='bbox 3217 1951 3375 2005; x_wconf 64' lang='lat' dir='ltr'><strong>poena</strong></span> 
     </span>
    </p>
   </div>
   <div class='ocr_carea' id='block_1_64' title="bbox 1893 2029 3381 2102">
    <p class='ocr_par' dir='ltr' id='par_1_64' title="bbox 1893 2029 3381 2102">
     <span class='ocr_line' id='line_1_64' title="bbox 1893 2029 3381 2102; baseline -0.003 -20"><span class='ocrx_word' id='word_1_440' title='bbox 1893 2050 1910 2082; x_wconf 75' lang='grc' dir='ltr'><strong>ι</strong></span> <span class='ocrx_word' id='word_1_441' title='bbox 1947 2033 2318 2102; x_wconf 81' lang='lat' dir='ltr'><strong>corrigantur.</strong></span> <span class='ocrx_word' id='word_1_442' title='bbox 2354 2030 2396 2082; x_wconf 88' lang='lat' dir='ltr'><strong>A</strong></span> <span class='ocrx_word' id='word_1_443' title='bbox 2428 2030 2806 2098; x_wconf 91' lang='lat' dir='ltr'><strong>superioribus</strong></span> <span class='ocrx_word' id='word_1_444' title='bbox 2836 2029 2978 2083; x_wconf 91' lang='lat' dir='ltr'><strong>enim</strong></span> <span class='ocrx_word' id='word_1_445' title='bbox 3042 2043 3215 2096; x_wconf 92' lang='lat' dir='ltr'><strong>usque</strong></span> <span class='ocrx_word' id='word_1_446' title='bbox 3246 2035 3381 2080; x_wconf 88' lang='lat' dir='ltr'><strong>tem-</strong></span> 
     </span>
    </p>
   </div>
   <div class='ocr_carea' id='block_1_65' title="bbox 1889 2119 3380 2190">
    <p class='ocr_par' dir='ltr' id='par_1_65' title="bbox 1889 2119 3380 2190">
     <span class='ocr_line' id='line_1_65' title="bbox 1889 2119 3380 2190; baseline -0.001 -17"><span class='ocrx_word' id='word_1_447' title='bbox 1889 2143 1906 2173; x_wconf 70' lang='grc' dir='ltr'><strong>ι</strong></span> <span class='ocrx_word' id='word_1_448' title='bbox 1948 2122 2175 2190; x_wconf 87' lang='lat' dir='ltr'><strong>poribus</strong></span> <span class='ocrx_word' id='word_1_449' title='bbox 2236 2122 2416 2174; x_wconf 90' lang='lat' dir='ltr'><strong>omnis</strong></span> <span class='ocrx_word' id='word_1_450' title='bbox 2470 2121 2555 2174; x_wconf 89' lang='lat' dir='ltr'><strong>vir</strong></span> <span class='ocrx_word' id='word_1_451' title='bbox 2604 2129 2852 2175; x_wconf 88' lang='lat' dir='ltr'><strong>sacratus</strong></span> <span class='ocrx_word' id='word_1_452' title='bbox 2915 2135 3038 2173; x_wconf 91' lang='lat' dir='ltr'><strong>cum</strong></span> <span class='ocrx_word' id='word_1_453' title='bbox 3101 2119 3380 2172; x_wconf 79' lang='lat' dir='ltr'><strong>moderato</strong></span> 
     </span>
    </p>
   </div>
   <div class='ocr_carea' id='block_1_66' title="bbox 1896 2208 3378 2278">
    <p class='ocr_par' dir='ltr' id='par_1_66' title="bbox 1896 2208 3378 2278">
     <span class='ocr_line' id='line_1_66' title="bbox 1896 2208 3378 2278; baseline -0.002 -14"><span class='ocrx_word' id='word_1_454' title='bbox 1896 2232 1912 2263; x_wconf 80' lang='grc' dir='ltr'><strong>ι</strong></span> <span class='ocrx_word' id='word_1_455' title='bbox 1951 2221 1999 2265; x_wconf 91' lang='lat' dir='ltr'><strong>et</strong></span> <span class='ocrx_word' id='word_1_456' title='bbox 2053 2212 2284 2266; x_wconf 90' lang='lat' dir='ltr'><strong>honesto</strong></span> <span class='ocrx_word' id='word_1_457' title='bbox 2335 2212 2656 2266; x_wconf 90' lang='lat' dir='ltr'><strong>indumenlo</strong></span> <span class='ocrx_word' id='word_1_458' title='bbox 2703 2211 3048 2266; x_wconf 74' lang='lat' dir='ltr'><strong>versabatur.</strong></span> <span class='ocrx_word' id='word_1_459' title='bbox 3105 2208 3378 2278; x_wconf 85' lang='lat' dir='ltr'><strong>Quidquid</strong></span> 
     </span>
    </p>
   </div>
   <div class='ocr_carea' id='block_1_67' title="bbox 1895 2301 3383 2372">
    <p class='ocr_par' dir='ltr' id='par_1_67' title="bbox 1895 2301 3383 2372">
     <span class='ocr_line' id='line_1_67' title="bbox 1895 2301 3383 2372; baseline -0.001 -18"><span class='ocrx_word' id='word_1_460' title='bbox 1895 2321 1912 2354; x_wconf 73' lang='grc' dir='ltr'><strong>ι</strong></span> <span class='ocrx_word' id='word_1_461' title='bbox 1957 2303 2122 2365; x_wconf 90' lang='lat' dir='ltr'><strong>enim,</strong></span> <span class='ocrx_word' id='word_1_462' title='bbox 2158 2318 2266 2356; x_wconf 92' lang='lat' dir='ltr'><strong>non</strong></span> <span class='ocrx_word' id='word_1_463' title='bbox 2301 2311 2524 2372; x_wconf 86' lang='lat' dir='ltr'><strong>propter</strong></span> <span class='ocrx_word' id='word_1_464' title='bbox 2555 2317 2737 2366; x_wconf 91' lang='lat' dir='ltr'><strong>usum,</strong></span> <span class='ocrx_word' id='word_1_465' title='bbox 2767 2301 3192 2356; x_wconf 87' lang='lat' dir='ltr'><strong>ostentatorium</strong></span> <span class='ocrx_word' id='word_1_466' title='bbox 3221 2315 3383 2354; x_wconf 85' lang='lat' dir='ltr'><strong>orna-</strong></span> 
     </span>
    </p>
   </div>
   <div class='ocr_carea' id='block_1_68' title="bbox 1895 2392 3383 2462">
    <p class='ocr_par' dir='ltr' id='par_1_68' title="bbox 1895 2392 3383 2462">
     <span class='ocr_line' id='line_1_68' title="bbox 1895 2392 3383 2462; baseline 0 -16"><span class='ocrx_word' id='word_1_467' title='bbox 1895 2414 1911 2446; x_wconf 77' lang='grc' dir='ltr'><strong>ι</strong></span> <span class='ocrx_word' id='word_1_468' title='bbox 1951 2405 2064 2449; x_wconf 90' lang='lat' dir='ltr'><strong>tum</strong></span> <span class='ocrx_word' id='word_1_469' title='bbox 2103 2396 2422 2461; x_wconf 87' lang='lat' dir='ltr'><strong>assumitur,</strong></span> <span class='ocrx_word' id='word_1_470' title='bbox 2457 2395 2509 2448; x_wconf 92' lang='lat' dir='ltr'><strong>in</strong></span> <span class='ocrx_word' id='word_1_471' title='bbox 2559 2394 2719 2448; x_wconf 78' lang='lat' dir='ltr'><strong>luxus</strong></span> <span class='ocrx_word' id='word_1_472' title='bbox 2773 2392 3256 2462; x_wconf 85' lang='lat' dir='ltr'><strong>reprehensionem</strong></span> <span class='ocrx_word' id='word_1_473' title='bbox 3300 2393 3383 2446; x_wconf 47' lang='lat' dir='ltr'><strong>inn</strong></span> 
     </span>
    </p>
   </div>
   <div class='ocr_carea' id='block_1_69' title="bbox 1897 2485 3381 2556">
    <p class='ocr_par' dir='ltr' id='par_1_69' title="bbox 1897 2485 3381 2556">
     <span class='ocr_line' id='line_1_69' title="bbox 1897 2485 3381 2556; baseline 0 -17"><span class='ocrx_word' id='word_1_474' title='bbox 1897 2506 1915 2538; x_wconf 72' lang='grc' dir='ltr'><strong>ι</strong></span> <span class='ocrx_word' id='word_1_475' title='bbox 1949 2488 2141 2551; x_wconf 91' lang='lat' dir='ltr'><strong>currit,</strong></span> <span class='ocrx_word' id='word_1_476' title='bbox 2201 2497 2260 2542; x_wconf 91' lang='lat' dir='ltr'><strong>ut</strong></span> <span class='ocrx_word' id='word_1_477' title='bbox 2311 2487 2386 2540; x_wconf 85' lang='lat' dir='ltr'><strong>ait</strong></span> <span class='ocrx_word' id='word_1_478' title='bbox 2437 2501 2663 2556; x_wconf 79' lang='lat' dir='ltr'><strong>magnus</strong></span> <span class='ocrx_word' id='word_1_479' title='bbox 2716 2485 2970 2542; x_wconf 79' lang='lat' dir='ltr'><strong>Basilius.</strong></span> <span class='ocrx_word' id='word_1_480' title='bbox 3026 2485 3130 2540; x_wconf 87' lang='lat' dir='ltr'><strong>Sed</strong></span> <span class='ocrx_word' id='word_1_481' title='bbox 3169 2499 3268 2539; x_wconf 91' lang='lat' dir='ltr'><strong>nec</strong></span> <span class='ocrx_word' id='word_1_482' title='bbox 3315 2501 3381 2540; x_wconf 75' lang='lat' dir='ltr'><strong>ex</strong></span> 
     </span>
    </p>
   </div>
   <div class='ocr_carea' id='block_1_70' title="bbox 1899 2579 3383 2647">
    <p class='ocr_par' dir='ltr' id='par_1_70' title="bbox 1899 2579 3383 2647">
     <span class='ocr_line' id='line_1_70' title="bbox 1899 2579 3383 2647; baseline 0.001 -17"><span class='ocrx_word' id='word_1_483' title='bbox 1899 2601 1915 2630; x_wconf 84' lang='grc'>‹</span> <span class='ocrx_word' id='word_1_484' title='bbox 1954 2580 2149 2635; x_wconf 89' lang='lat' dir='ltr'><strong>sericis</strong></span> <span class='ocrx_word' id='word_1_485' title='bbox 2201 2579 2437 2634; x_wconf 82' lang='lat' dir='ltr'><strong>textoris</strong></span> <span class='ocrx_word' id='word_1_486' title='bbox 2492 2579 2758 2633; x_wconf 88' lang='lat' dir='ltr'><strong>variatum</strong></span> <span class='ocrx_word' id='word_1_487' title='bbox 2814 2581 2936 2647; x_wconf 90' lang='lat' dir='ltr'><strong>quis</strong></span> <span class='ocrx_word' id='word_1_488' title='bbox 2994 2579 3383 2634; x_wconf 84' lang='lat' dir='ltr'><strong>vestimentum</strong></span> 
     </span>
    </p>
   </div>
   <div class='ocr_carea' id='block_1_71' title="bbox 1903 2668 3386 2738">
    <p class='ocr_par' dir='ltr' id='par_1_71' title="bbox 1903 2668 3386 2738">
     <span class='ocr_line' id='line_1_71' title="bbox 1903 2668 3386 2738; baseline -0.001 -14"><span class='ocrx_word' id='word_1_489' title='bbox 1903 2692 1920 2724; x_wconf 68' lang='grc' dir='ltr'><strong>ι</strong></span> <span class='ocrx_word' id='word_1_490' title='bbox 1964 2672 2243 2725; x_wconf 82' lang='lat' dir='ltr'><strong>habebat:</strong></span> <span class='ocrx_word' id='word_1_491' title='bbox 2297 2683 2473 2738; x_wconf 77' lang='lat' dir='ltr'><strong>neque</strong></span> <span class='ocrx_word' id='word_1_492' title='bbox 2527 2671 2576 2722; x_wconf 93' lang='lat' dir='ltr'><strong>in</strong></span> <span class='ocrx_word' id='word_1_493' title='bbox 2631 2670 3076 2724; x_wconf 77' lang='lat' dir='ltr'><strong>vestimentorum</strong></span> <span class='ocrx_word' id='word_1_494' title='bbox 3155 2668 3386 2722; x_wconf 80' lang='lat' dir='ltr'><strong>ﬁmbriis</strong></span> 
     </span>
    </p>
   </div>
   <div class='ocr_carea' id='block_1_72' title="bbox 1902 2759 3384 2831">
    <p class='ocr_par' dir='ltr' id='par_1_72' title="bbox 1902 2759 3384 2831">
     <span class='ocr_line' id='line_1_72' title="bbox 1902 2759 3384 2831; baseline -0.002 -16"><span class='ocrx_word' id='word_1_495' title='bbox 1902 2784 1918 2815; x_wconf 73' lang='grc' dir='ltr'><strong>ι</strong></span> <span class='ocrx_word' id='word_1_496' title='bbox 1965 2763 2178 2831; x_wconf 86' lang='lat' dir='ltr'><strong>adjecta</strong></span> <span class='ocrx_word' id='word_1_497' title='bbox 2211 2769 2369 2815; x_wconf 90' lang='lat' dir='ltr'><strong>erant</strong></span> <span class='ocrx_word' id='word_1_498' title='bbox 2402 2762 2565 2814; x_wconf 84' lang='lat' dir='ltr'><strong>alieni</strong></span> <span class='ocrx_word' id='word_1_499' title='bbox 2620 2761 2824 2816; x_wconf 87' lang='lat' dir='ltr'><strong>coloris</strong></span> <span class='ocrx_word' id='word_1_500' title='bbox 2861 2761 3259 2814; x_wconf 83' lang='lat' dir='ltr'><strong>additamenta.</strong></span> <span class='ocrx_word' id='word_1_501' title='bbox 3309 2759 3384 2813; x_wconf 78' lang='lat' dir='ltr'><strong>Ex</strong></span> 
     </span>
    </p>
   </div>
   <div class='ocr_carea' id='block_1_73' title="bbox 1900 2850 3384 2923">
    <p class='ocr_par' dir='ltr' id='par_1_73' title="bbox 1900 2850 3384 2923">
     <span class='ocr_line' id='line_1_73' title="bbox 1900 2850 3384 2923; baseline -0.002 -16"><span class='ocrx_word' id='word_1_502' title='bbox 1900 2876 1918 2907; x_wconf 72' lang='grc' dir='ltr'><strong>ι</strong></span> <span class='ocrx_word' id='word_1_503' title='bbox 1955 2855 2139 2909; x_wconf 88' lang='lat' dir='ltr'><strong>divina</strong></span> <span class='ocrx_word' id='word_1_504' title='bbox 2192 2855 2336 2909; x_wconf 89' lang='lat' dir='ltr'><strong>enim</strong></span> <span class='ocrx_word' id='word_1_505' title='bbox 2403 2853 2586 2923; x_wconf 76' lang='lat' dir='ltr'><strong>lingua</strong></span> <span class='ocrx_word' id='word_1_506' title='bbox 2638 2853 2933 2906; x_wconf 88' lang='lat' dir='ltr'><strong>audierunt</strong></span> <span class='ocrx_word' id='word_1_507' title='bbox 2980 2853 3146 2921; x_wconf 89' lang='lat' dir='ltr'><strong>quod,</strong></span> <span class='ocrx_word' id='word_1_508' title='bbox 3216 2873 3232 2903; x_wconf 76' lang='grc' dir='ltr'><strong>ι</strong></span> <span class='ocrx_word' id='word_1_509' title='bbox 3281 2850 3384 2918; x_wconf 93' lang='lat' dir='ltr'><strong>Qui</strong></span> 
     </span>
    </p>
   </div>
   <div class='ocr_carea' id='block_1_74' title="bbox 1904 2946 3381 3014">
    <p class='ocr_par' dir='ltr' id='par_1_74' title="bbox 1904 2946 3381 3014">
     <span class='ocr_line' id='line_1_74' title="bbox 1904 2946 3381 3014; baseline -0.002 -16"><span class='ocrx_word' id='word_1_510' title='bbox 1904 2967 1924 2998; x_wconf 74' lang='grc' dir='ltr'><strong>ι</strong></span> <span class='ocrx_word' id='word_1_511' title='bbox 1963 2948 2216 3000; x_wconf 88' lang='lat' dir='ltr'><strong>mollibus</strong></span> <span class='ocrx_word' id='word_1_512' title='bbox 2246 2948 2573 3005; x_wconf 83' lang='lat' dir='ltr'><strong>vcstiuntur,</strong></span> <span class='ocrx_word' id='word_1_513' title='bbox 2610 2947 2662 3000; x_wconf 92' lang='lat' dir='ltr'><strong>in</strong></span> <span class='ocrx_word' id='word_1_514' title='bbox 2693 2946 2900 2999; x_wconf 69' lang='lat' dir='ltr'><strong>aedibus</strong></span> <span class='ocrx_word' id='word_1_515' title='bbox 2935 2960 3120 3014; x_wconf 80' lang='lat' dir='ltr'><strong>regum</strong></span> <span class='ocrx_word' id='word_1_516' title='bbox 3150 2946 3381 2998; x_wconf 70' lang='lat' dir='ltr'><strong>sunt&quot;.i</strong></span> 
     </span>
    </p>
   </div>
   <div class='ocr_carea' id='block_1_75' title="bbox 1895 3035 3386 3092">
    <p class='ocr_par' dir='ltr' id='par_1_75' title="bbox 1895 3035 3386 3092">
     <span class='ocr_line' id='line_1_75' title="bbox 1895 3035 3386 3092; baseline -0.002 -1"><span class='ocrx_word' id='word_1_517' title='bbox 1895 3037 2088 3092; x_wconf 76' lang='lat' dir='ltr'><strong>BALS.</strong></span> <span class='ocrx_word' id='word_1_518' title='bbox 2127 3036 2263 3091; x_wconf 83' lang='lat' dir='ltr'><strong>Cum</strong></span> <span class='ocrx_word' id='word_1_519' title='bbox 2295 3035 2643 3091; x_wconf 84' lang='lat' dir='ltr'><strong>Iconomacbi</strong></span> <span class='ocrx_word' id='word_1_520' title='bbox 2700 3051 2913 3090; x_wconf 90' lang='lat' dir='ltr'><strong>omnem</strong></span> <span class='ocrx_word' id='word_1_521' title='bbox 2963 3036 3386 3090; x_wconf 83' lang='lat' dir='ltr'><strong>ecclesiasticam</strong></span> 
     </span>
    </p>
   </div>
   <div class='ocr_carea' id='block_1_76' title="bbox 1824 3127 3386 3199">
    <p class='ocr_par' dir='ltr' id='par_1_76' title="bbox 1824 3127 3386 3199">
     <span class='ocr_line' id='line_1_76' title="bbox 1824 3127 3386 3199; baseline -0.004 -12"><span class='ocrx_word' id='word_1_522' title='bbox 1824 3131 2274 3187; x_wconf 86' lang='lat' dir='ltr'><strong>constitutionem</strong></span> <span class='ocrx_word' id='word_1_523' title='bbox 2305 3137 2358 3182; x_wconf 93' lang='lat' dir='ltr'><strong>et</strong></span> <span class='ocrx_word' id='word_1_524' title='bbox 2392 3129 2648 3199; x_wconf 80' lang='lat' dir='ltr'><strong>pietatem</strong></span> <span class='ocrx_word' id='word_1_525' title='bbox 2686 3128 2740 3181; x_wconf 93' lang='lat' dir='ltr'><strong>in</strong></span> <span class='ocrx_word' id='word_1_526' title='bbox 2773 3127 3150 3182; x_wconf 80' lang='lat' dir='ltr'><strong>confusionem</strong></span> <span class='ocrx_word' id='word_1_527' title='bbox 3192 3135 3248 3182; x_wconf 87' lang='lat' dir='ltr'><strong>et</strong></span> <span class='ocrx_word' id='word_1_528' title='bbox 3281 3129 3386 3181; x_wconf 86' lang='lat' dir='ltr'><strong>im-</strong></span> 
     </span>
    </p>
   </div>
   <div class='ocr_carea' id='block_1_77' title="bbox 1745 3219 3384 3318">
    <p class='ocr_par' dir='ltr' id='par_1_77' title="bbox 1745 3219 3384 3318">
     <span class='ocr_line' id='line_1_77' title="bbox 1745 3219 3384 3318; baseline -0.004 -40"><span class='ocrx_word' id='word_1_529' title='bbox 1745 3259 1791 3318; x_wconf 71' lang='lat' dir='ltr'><strong>c</strong></span> <span class='ocrx_word' id='word_1_530' title='bbox 1825 3227 2079 3296; x_wconf 88' lang='lat' dir='ltr'><strong>pietatem</strong></span> <span class='ocrx_word' id='word_1_531' title='bbox 2109 3230 2440 3284; x_wconf 85' lang='lat' dir='ltr'><strong>mutassent,</strong></span> <span class='ocrx_word' id='word_1_532' title='bbox 2469 3228 2659 3289; x_wconf 89' lang='lat' dir='ltr'><strong>utpote</strong></span> <span class='ocrx_word' id='word_1_533' title='bbox 2713 3219 2928 3274; x_wconf 78' lang='lat' dir='ltr'><strong>clericis</strong></span> <span class='ocrx_word' id='word_1_534' title='bbox 2984 3228 3037 3272; x_wconf 86' lang='lat' dir='ltr'><strong>et</strong></span> <span class='ocrx_word' id='word_1_535' title='bbox 3085 3221 3384 3289; x_wconf 82' lang='lat' dir='ltr'><strong>episcopis,</strong></span> 
     </span>
    </p>
   </div>
   <div class='ocr_carea' id='block_1_78' title="bbox 1833 3309 3388 3386">
    <p class='ocr_par' dir='ltr' id='par_1_78' title="bbox 1833 3309 3388 3386">
     <span class='ocr_line' id='line_1_78' title="bbox 1833 3309 3388 3386; baseline -0.004 -17"><span class='ocrx_word' id='word_1_536' title='bbox 1833 3318 1922 3386; x_wconf 89' lang='lat' dir='ltr'><strong>qui</strong></span> <span class='ocrx_word' id='word_1_537' title='bbox 1951 3315 2016 3369; x_wconf 91' lang='lat' dir='ltr'><strong>ad</strong></span> <span class='ocrx_word' id='word_1_538' title='bbox 2049 3329 2145 3367; x_wconf 89' lang='lat' dir='ltr'><strong>eos</strong></span> <span class='ocrx_word' id='word_1_539' title='bbox 2177 3311 2532 3376; x_wconf 88' lang='lat' dir='ltr'><strong>accedebant,</strong></span> <span class='ocrx_word' id='word_1_540' title='bbox 2567 3309 2730 3379; x_wconf 88' lang='lat' dir='ltr'><strong>impie</strong></span> <span class='ocrx_word' id='word_1_541' title='bbox 2762 3321 2816 3363; x_wconf 89' lang='lat' dir='ltr'><strong>et</strong></span> <span class='ocrx_word' id='word_1_542' title='bbox 2848 3318 3054 3364; x_wconf 84' lang='lat' dir='ltr'><strong>temere</strong></span> <span class='ocrx_word' id='word_1_543' title='bbox 3101 3312 3265 3363; x_wconf 86' lang='lat' dir='ltr'><strong>vitam</strong></span> <span class='ocrx_word' id='word_1_544' title='bbox 3304 3312 3388 3364; x_wconf 89' lang='lat' dir='ltr'><strong>in-</strong></span> 
     </span>
    </p>
   </div>
   <div class='ocr_carea' id='block_1_79' title="bbox 1827 3403 3391 3476">
    <p class='ocr_par' dir='ltr' id='par_1_79' title="bbox 1827 3403 3391 3476">
     <span class='ocr_line' id='line_1_79' title="bbox 1827 3403 3391 3476; baseline -0.006 -11"><span class='ocrx_word' id='word_1_545' title='bbox 1827 3410 2051 3465; x_wconf 87' lang='lat' dir='ltr'><strong>stituere</strong></span> <span class='ocrx_word' id='word_1_546' title='bbox 2085 3406 2392 3476; x_wconf 85' lang='lat' dir='ltr'><strong>permissis,</strong></span> <span class='ocrx_word' id='word_1_547' title='bbox 2449 3414 2508 3457; x_wconf 92' lang='lat' dir='ltr'><strong>ut</strong></span> <span class='ocrx_word' id='word_1_548' title='bbox 2551 3417 2740 3456; x_wconf 88' lang='lat' dir='ltr'><strong>eorum</strong></span> <span class='ocrx_word' id='word_1_549' title='bbox 2789 3403 3056 3455; x_wconf 83' lang='lat' dir='ltr'><strong>voluntati</strong></span> <span class='ocrx_word' id='word_1_550' title='bbox 3121 3403 3391 3471; x_wconf 88' lang='lat' dir='ltr'><strong>obseque-</strong></span> 
     </span>
    </p>
   </div>
   <div class='ocr_carea' id='block_1_80' title="bbox 1827 3493 3388 3565">
    <p class='ocr_par' dir='ltr' id='par_1_80' title="bbox 1827 3493 3388 3565">
     <span class='ocr_line' id='line_1_80' title="bbox 1827 3493 3388 3565; baseline -0.006 -10"><span class='ocrx_word' id='word_1_551' title='bbox 1827 3509 2054 3563; x_wconf 88' lang='lat' dir='ltr'><strong>rentur;</strong></span> <span class='ocrx_word' id='word_1_552' title='bbox 2091 3509 2146 3552; x_wconf 90' lang='lat' dir='ltr'><strong>et</strong></span> <span class='ocrx_word' id='word_1_553' title='bbox 2176 3499 2300 3552; x_wconf 89' lang='lat' dir='ltr'><strong>ideo</strong></span> <span class='ocrx_word' id='word_1_554' title='bbox 2357 3495 2697 3550; x_wconf 85' lang='lat' dir='ltr'><strong>sacerdotale</strong></span> <span class='ocrx_word' id='word_1_555' title='bbox 2743 3510 2960 3565; x_wconf 85' lang='lat' dir='ltr'><strong>quoque</strong></span> <span class='ocrx_word' id='word_1_556' title='bbox 3009 3493 3388 3548; x_wconf 88' lang='lat' dir='ltr'><strong>indumentum</strong></span> 
     </span>
    </p>
   </div>
   <div class='ocr_carea' id='block_1_81' title="bbox 1827 3587 3390 3661">
    <p class='ocr_par' dir='ltr' id='par_1_81' title="bbox 1827 3587 3390 3661">
     <span class='ocr_line' id='line_1_81' title="bbox 1827 3587 3390 3661; baseline -0.007 -12"><span class='ocrx_word' id='word_1_557' title='bbox 1827 3595 1894 3649; x_wconf 86' lang='lat' dir='ltr'><strong>ad</strong></span> <span class='ocrx_word' id='word_1_558' title='bbox 1930 3594 1982 3647; x_wconf 91' lang='lat' dir='ltr'><strong>id</strong></span> <span class='ocrx_word' id='word_1_559' title='bbox 2013 3593 2157 3661; x_wconf 90' lang='lat' dir='ltr'><strong>quod</strong></span> <span class='ocrx_word' id='word_1_560' title='bbox 2191 3591 2314 3660; x_wconf 85' lang='lat' dir='ltr'><strong>plus</strong></span> <span class='ocrx_word' id='word_1_561' title='bbox 2361 3589 2523 3642; x_wconf 85' lang='lat' dir='ltr'><strong>habet</strong></span> <span class='ocrx_word' id='word_1_562' title='bbox 2561 3587 2726 3641; x_wconf 81' lang='lat' dir='ltr'><strong>luxus</strong></span> <span class='ocrx_word' id='word_1_563' title='bbox 2772 3594 2827 3642; x_wconf 90' lang='lat' dir='ltr'><strong>et</strong></span> <span class='ocrx_word' id='word_1_564' title='bbox 2876 3593 3102 3640; x_wconf 88' lang='lat' dir='ltr'><strong>ornatus</strong></span> <span class='ocrx_word' id='word_1_565' title='bbox 3132 3597 3390 3641; x_wconf 89' lang='lat' dir='ltr'><strong>mutatum</strong></span> 
     </span>
    </p>
   </div>
   <div class='ocr_carea' id='block_1_82' title="bbox 1826 3681 3396 3749">
    <p class='ocr_par' dir='ltr' id='par_1_82' title="bbox 1826 3681 3396 3749">
     <span class='ocr_line' id='line_1_82' title="bbox 1826 3681 3396 3749; baseline -0.006 -7"><span class='ocrx_word' id='word_1_566' title='bbox 1826 3698 1968 3742; x_wconf 91' lang='lat' dir='ltr'><strong>esset</strong></span> <span class='ocrx_word' id='word_1_567' title='bbox 2003 3705 2018 3742; x_wconf 90' lang='lat'>:</span> <span class='ocrx_word' id='word_1_568' title='bbox 2049 3691 2357 3742; x_wconf 87' lang='lat' dir='ltr'><strong>statuerunt</strong></span> <span class='ocrx_word' id='word_1_569' title='bbox 2411 3681 2583 3736; x_wconf 83' lang='lat' dir='ltr'><strong>divini</strong></span> <span class='ocrx_word' id='word_1_570' title='bbox 2633 3684 2846 3744; x_wconf 86' lang='lat' dir='ltr'><strong>Patres,</strong></span> <span class='ocrx_word' id='word_1_571' title='bbox 2874 3694 2971 3735; x_wconf 87' lang='lat' dir='ltr'><strong>eos</strong></span> <span class='ocrx_word' id='word_1_572' title='bbox 3007 3681 3184 3745; x_wconf 86' lang='lat' dir='ltr'><strong>puniri</strong></span> <span class='ocrx_word' id='word_1_573' title='bbox 3221 3681 3311 3749; x_wconf 87' lang='lat' dir='ltr'><strong>qui</strong></span> <span class='ocrx_word' id='word_1_574' title='bbox 3338 3696 3396 3733; x_wconf 90' lang='lat' dir='ltr'><strong>sc</strong></span> 
     </span>
    </p>
   </div>
   <div class='ocr_carea' id='block_1_83' title="bbox 1828 3771 3391 3849">
    <p class='ocr_par' dir='ltr' id='par_1_83' title="bbox 1828 3771 3391 3849">
     <span class='ocr_line' id='line_1_83' title="bbox 1828 3771 3391 3849; baseline -0.007 -15"><span class='ocrx_word' id='word_1_575' title='bbox 1828 3777 2112 3849; x_wconf 79' lang='lat' dir='ltr'><strong>Splendida</strong></span> <span class='ocrx_word' id='word_1_576' title='bbox 2155 3786 2310 3831; x_wconf 77' lang='lat' dir='ltr'><strong>veste</strong></span> <span class='ocrx_word' id='word_1_577' title='bbox 2335 3781 2631 3835; x_wconf 79' lang='lat' dir='ltr'><strong>exornant,</strong></span> <span class='ocrx_word' id='word_1_578' title='bbox 2666 3782 2720 3826; x_wconf 90' lang='lat' dir='ltr'><strong>et</strong></span> <span class='ocrx_word' id='word_1_579' title='bbox 2759 3780 2880 3842; x_wconf 86' lang='lat' dir='ltr'><strong>post</strong></span> <span class='ocrx_word' id='word_1_580' title='bbox 2913 3771 3391 3826; x_wconf 90' lang='lat' dir='ltr'><strong>denuntiationem</strong></span> 
     </span>
    </p>
   </div>
   <div class='ocr_carea' id='block_1_84' title="bbox 1829 3865 3392 3940">
    <p class='ocr_par' dir='ltr' id='par_1_84' title="bbox 1829 3865 3392 3940">
     <span class='ocr_line' id='line_1_84' title="bbox 1829 3865 3392 3940; baseline -0.006 -15"><span class='ocrx_word' id='word_1_581' title='bbox 1829 3886 1938 3925; x_wconf 90' lang='lat' dir='ltr'><strong>non</strong></span> <span class='ocrx_word' id='word_1_582' title='bbox 1978 3871 2354 3940; x_wconf 77' lang='lat' dir='ltr'><strong>corriguntur,</strong></span> <span class='ocrx_word' id='word_1_583' title='bbox 2389 3877 2443 3921; x_wconf 91' lang='lat' dir='ltr'><strong>et</strong></span> <span class='ocrx_word' id='word_1_584' title='bbox 2487 3865 2739 3920; x_wconf 89' lang='lat' dir='ltr'><strong>similiter</strong></span> <span class='ocrx_word' id='word_1_585' title='bbox 2788 3865 2970 3933; x_wconf 90' lang='lat' dir='ltr'><strong>puniri</strong></span> <span class='ocrx_word' id='word_1_586' title='bbox 3005 3878 3100 3917; x_wconf 91' lang='lat' dir='ltr'><strong>eos</strong></span> <span class='ocrx_word' id='word_1_587' title='bbox 3144 3865 3234 3932; x_wconf 90' lang='lat' dir='ltr'><strong>qui</strong></span> <span class='ocrx_word' id='word_1_588' title='bbox 3288 3880 3392 3916; x_wconf 90' lang='lat' dir='ltr'><strong>un-</strong></span> 
     </span>
    </p>
   </div>
   <div class='ocr_carea' id='block_1_85' title="bbox 1829 3956 3394 4035">
    <p class='ocr_par' dir='ltr' id='par_1_85' title="bbox 1829 3956 3394 4035">
     <span class='ocr_line' id='line_1_85' title="bbox 1829 3956 3394 4035; baseline -0.007 -18"><span class='ocrx_word' id='word_1_589' title='bbox 1829 3963 2047 4035; x_wconf 86' lang='lat' dir='ltr'><strong>guentis</strong></span> <span class='ocrx_word' id='word_1_590' title='bbox 2077 3961 2303 4017; x_wconf 88' lang='lat' dir='ltr'><strong>delibuti</strong></span> <span class='ocrx_word' id='word_1_591' title='bbox 2332 3967 2487 4016; x_wconf 86' lang='lat' dir='ltr'><strong>sunt.</strong></span> <span class='ocrx_word' id='word_1_592' title='bbox 2526 3957 2794 4024; x_wconf 86' lang='lat' dir='ltr'><strong>Quoniam</strong></span> <span class='ocrx_word' id='word_1_593' title='bbox 2835 3965 3015 4011; x_wconf 88' lang='lat' dir='ltr'><strong>autem</strong></span> <span class='ocrx_word' id='word_1_594' title='bbox 3058 3956 3111 4008; x_wconf 92' lang='lat' dir='ltr'><strong>hi</strong></span> <span class='ocrx_word' id='word_1_595' title='bbox 3140 3966 3394 4024; x_wconf 73' lang='grc' dir='ltr'>ρτεειρτυιι</span> 
     </span>
    </p>
   </div>
   <div class='ocr_carea' id='block_1_86' title="bbox 1835 4048 3390 4119">
    <p class='ocr_par' dir='ltr' id='par_1_86' title="bbox 1835 4048 3390 4119">
     <span class='ocr_line' id='line_1_86' title="bbox 1835 4048 3390 4119; baseline -0.008 -10"><span class='ocrx_word' id='word_1_596' title='bbox 1835 4053 2071 4109; x_wconf 69' lang='lat' dir='ltr'><strong>haeretici</strong></span> <span class='ocrx_word' id='word_1_597' title='bbox 2109 4053 2408 4106; x_wconf 87' lang='lat' dir='ltr'><strong>irridebant</strong></span> <span class='ocrx_word' id='word_1_598' title='bbox 2438 4065 2554 4112; x_wconf 92' lang='lat' dir='ltr'><strong>eos,</strong></span> <span class='ocrx_word' id='word_1_599' title='bbox 2589 4050 2680 4119; x_wconf 91' lang='lat' dir='ltr'><strong>qui</strong></span> <span class='ocrx_word' id='word_1_600' title='bbox 2729 4050 2817 4119; x_wconf 89' lang='lat' dir='ltr'><strong>pie</strong></span> <span class='ocrx_word' id='word_1_601' title='bbox 2868 4055 2922 4101; x_wconf 87' lang='lat' dir='ltr'><strong>et</strong></span> <span class='ocrx_word' id='word_1_602' title='bbox 2962 4048 3192 4102; x_wconf 88' lang='lat' dir='ltr'><strong>honeste</strong></span> <span class='ocrx_word' id='word_1_603' title='bbox 3242 4049 3390 4101; x_wconf 64' lang='lat' dir='ltr'><strong>vive-</strong></span> 
     </span>
    </p>
   </div>
   <div class='ocr_carea' id='block_1_87' title="bbox 1833 4140 3398 4214">
    <p class='ocr_par' dir='ltr' id='par_1_87' title="bbox 1833 4140 3398 4214">
     <span class='ocr_line' id='line_1_87' title="bbox 1833 4140 3398 4214; baseline -0.009 -9"><span class='ocrx_word' id='word_1_604' title='bbox 1833 4150 2072 4214; x_wconf 60' lang='lat' dir='ltr'><strong>bant,,et</strong></span> <span class='ocrx_word' id='word_1_605' title='bbox 2106 4145 2392 4199; x_wconf 85' lang='lat' dir='ltr'><strong>vilioribus</strong></span> <span class='ocrx_word' id='word_1_606' title='bbox 2433 4143 2730 4196; x_wconf 86' lang='lat' dir='ltr'><strong>utebantur</strong></span> <span class='ocrx_word' id='word_1_607' title='bbox 2761 4141 3002 4194; x_wconf 88' lang='lat' dir='ltr'><strong>vestibus</strong></span> <span class='ocrx_word' id='word_1_608' title='bbox 3032 4148 3252 4209; x_wconf 82' lang='lat' dir='ltr'><strong>propter</strong></span> <span class='ocrx_word' id='word_1_609' title='bbox 3293 4140 3398 4193; x_wconf 85' lang='lat' dir='ltr'><strong>hu-</strong></span> 
     </span>
    </p>
   </div>
   <div class='ocr_carea' id='block_1_88' title="bbox 1835 4229 3400 4297">
    <p class='ocr_par' dir='ltr' id='par_1_88' title="bbox 1835 4229 3400 4297">
     <span class='ocr_line' id='line_1_88' title="bbox 1835 4229 3400 4297; baseline -0.008 -3"><span class='ocrx_word' id='word_1_610' title='bbox 1835 4240 2118 4294; x_wconf 88' lang='lat' dir='ltr'><strong>militatem</strong></span> <span class='ocrx_word' id='word_1_611' title='bbox 2156 4254 2168 4290; x_wconf 91' lang='lat'><strong>:</strong></span> <span class='ocrx_word' id='word_1_612' title='bbox 2201 4241 2518 4292; x_wconf 89' lang='lat' dir='ltr'><strong>statuerunt</strong></span> <span class='ocrx_word' id='word_1_613' title='bbox 2559 4232 2731 4287; x_wconf 87' lang='lat' dir='ltr'><strong>sancti</strong></span> <span class='ocrx_word' id='word_1_614' title='bbox 2784 4229 2975 4286; x_wconf 86' lang='lat' dir='ltr'><strong>Patres</strong></span> <span class='ocrx_word' id='word_1_615' title='bbox 3017 4245 3135 4292; x_wconf 90' lang='lat' dir='ltr'><strong>eos,</strong></span> <span class='ocrx_word' id='word_1_616' title='bbox 3168 4230 3258 4297; x_wconf 83' lang='lat' dir='ltr'><strong>qui</strong></span> <span class='ocrx_word' id='word_1_617' title='bbox 3293 4234 3400 4282; x_wconf 87' lang='lat' dir='ltr'><strong>tale</strong></span> 
     </span>
    </p>
   </div>
   <div class='ocr_carea' id='block_1_89' title="bbox 1834 4321 3399 4400">
    <p class='ocr_par' dir='ltr' id='par_1_89' title="bbox 1834 4321 3399 4400">
     <span class='ocr_line' id='line_1_89' title="bbox 1834 4321 3399 4400; baseline -0.011 -15"><span class='ocrx_word' id='word_1_618' title='bbox 1834 4331 1961 4400; x_wconf 87' lang='lat' dir='ltr'><strong>quid</strong></span> <span class='ocrx_word' id='word_1_619' title='bbox 1998 4329 2226 4392; x_wconf 79' lang='lat' dir='ltr'><strong>faciunt,</strong></span> <span class='ocrx_word' id='word_1_620' title='bbox 2256 4343 2352 4396; x_wconf 86' lang='lat' dir='ltr'><strong>per</strong></span> <span class='ocrx_word' id='word_1_621' title='bbox 2385 4340 2578 4395; x_wconf 72' lang='lat' dir='ltr'><strong>poenas</strong></span> <span class='ocrx_word' id='word_1_622' title='bbox 2603 4322 2828 4390; x_wconf 79' lang='lat' dir='ltr'><strong>corrigi.</strong></span> <span class='ocrx_word' id='word_1_623' title='bbox 2871 4321 3198 4375; x_wconf 87' lang='lat' dir='ltr'><strong>Sacerdotes</strong></span> <span class='ocrx_word' id='word_1_624' title='bbox 3229 4321 3399 4383; x_wconf 81' lang='lat' dir='ltr'><strong>enim,</strong></span> 
     </span>
    </p>
   </div>
   <div class='ocr_carea' id='block_1_90' title="bbox 1834 4409 3398 4492">
    <p class='ocr_par' dir='ltr' id='par_1_90' title="bbox 1834 4409 3398 4492">
     <span class='ocr_line' id='line_1_90' title="bbox 1834 4409 3398 4492; baseline -0.012 -15"><span class='ocrx_word' id='word_1_625' title='bbox 1834 4421 2110 4492; x_wconf 86' lang='lat' dir='ltr'><strong>inquiunt,</strong></span> <span class='ocrx_word' id='word_1_626' title='bbox 2142 4431 2358 4486; x_wconf 87' lang='lat' dir='ltr'><strong>semper</strong></span> <span class='ocrx_word' id='word_1_627' title='bbox 2388 4415 2515 4468; x_wconf 88' lang='lat' dir='ltr'><strong>olim</strong></span> <span class='ocrx_word' id='word_1_628' title='bbox 2568 4412 2808 4466; x_wconf 89' lang='lat' dir='ltr'><strong>modeste</strong></span> <span class='ocrx_word' id='word_1_629' title='bbox 2863 4423 2917 4464; x_wconf 92' lang='lat' dir='ltr'><strong>et</strong></span> <span class='ocrx_word' id='word_1_630' title='bbox 2972 4412 3201 4463; x_wconf 89' lang='lat' dir='ltr'><strong>honeste</strong></span> <span class='ocrx_word' id='word_1_631' title='bbox 3236 4409 3398 4462; x_wconf 85' lang='lat' dir='ltr'><strong>vitam</strong></span> 
     </span>
    </p>
   </div>
   <div class='ocr_carea' id='block_1_91' title="bbox 1834 4509 3400 4581">
    <p class='ocr_par' dir='ltr' id='par_1_91' title="bbox 1834 4509 3400 4581">
     <span class='ocr_line' id='line_1_91' title="bbox 1834 4509 3400 4581; baseline -0.012 -9"><span class='ocrx_word' id='word_1_632' title='bbox 1834 4517 2192 4573; x_wconf 86' lang='lat' dir='ltr'><strong>instituebant</strong></span> <span class='ocrx_word' id='word_1_633' title='bbox 2245 4514 2320 4581; x_wconf 89' lang='lat' dir='ltr'><strong>(et</strong></span> <span class='ocrx_word' id='word_1_634' title='bbox 2376 4509 2800 4579; x_wconf 88' lang='lat' dir='ltr'><strong>splendidiorem</strong></span> <span class='ocrx_word' id='word_1_635' title='bbox 2861 4515 3087 4566; x_wconf 80' lang='lat' dir='ltr'><strong>vestem,</strong></span> <span class='ocrx_word' id='word_1_636' title='bbox 3126 4521 3246 4572; x_wconf 64' lang='lat' dir='ltr'><strong>qua:</strong></span> <span class='ocrx_word' id='word_1_637' title='bbox 3296 4523 3400 4557; x_wconf 90' lang='lat' dir='ltr'><strong>non</strong></span> 
     </span>
    </p>
   </div>
   <div class='ocr_carea' id='block_1_92' title="bbox 149 4588 1725 4680">
    <p class='ocr_par' dir='ltr' id='par_1_92' title="bbox 149 4588 1725 4665">
     <span class='ocr_line' id='line_1_92' title="bbox 149 4588 1725 4665; baseline -0.004 -17"><span class='ocrx_word' id='word_1_638' title='bbox 149 4599 264 4665; x_wconf 76' lang='grc' dir='ltr'><strong>γῆς</strong></span> <span class='ocrx_word' id='word_1_639' title='bbox 305 4595 678 4648; x_wconf 80' lang='grc' dir='ltr'>ἐπολιτεύοντο</span> <span class='ocrx_word' id='word_1_640' title='bbox 715 4593 831 4664; x_wconf 77' lang='grc' dir='ltr'>(καὶ</span> <span class='ocrx_word' id='word_1_641' title='bbox 854 4592 944 4643; x_wconf 75' lang='grc' dir='ltr'><strong>τὸν</strong></span> <span class='ocrx_word' id='word_1_642' title='bbox 989 4591 1062 4659; x_wconf 81' lang='grc' dir='ltr'>μὴ</span> <span class='ocrx_word' id='word_1_643' title='bbox 1085 4590 1171 4641; x_wconf 75' lang='grc' dir='ltr'>διὰ</span> <span class='ocrx_word' id='word_1_644' title='bbox 1200 4590 1384 4659; x_wconf 77' lang='grc' dir='ltr'>χρείαν</span> <span class='ocrx_word' id='word_1_645' title='bbox 1412 4589 1505 4642; x_wconf 89' lang='grc' dir='ltr'><strong>τοῦ</strong></span> <span class='ocrx_word' id='word_1_646' title='bbox 1543 4588 1725 4657; x_wconf 84' lang='grc' dir='ltr'>σώμα-</span> 
     </span>
    </p>
   </div>
   <div class='ocr_carea' id='block_1_93' title="bbox 1828 4588 3404 4680">
    <p class='ocr_par' dir='ltr' id='par_1_93' title="bbox 1837 4597 3404 4680">
     <span class='ocr_line' id='line_1_93' title="bbox 1837 4597 3404 4680; baseline -0.013 -17"><span class='ocrx_word' id='word_1_647' title='bbox 1837 4618 2054 4680; x_wconf 87' lang='lat' dir='ltr'><strong>propter</strong></span> <span class='ocrx_word' id='word_1_648' title='bbox 2086 4623 2241 4660; x_wconf 88' lang='lat' dir='ltr'><strong>usum</strong></span> <span class='ocrx_word' id='word_1_649' title='bbox 2275 4603 2522 4672; x_wconf 75' lang='lat' dir='ltr'><strong>corporis</strong></span> <span class='ocrx_word' id='word_1_650' title='bbox 2551 4602 2808 4660; x_wconf 89' lang='lat' dir='ltr'><strong>sumitur,</strong></span> <span class='ocrx_word' id='word_1_651' title='bbox 2836 4599 3257 4666; x_wconf 71' lang='lat' dir='ltr'><strong>ostentatimiem</strong></span> <span class='ocrx_word' id='word_1_652' title='bbox 3289 4597 3404 4648; x_wconf 65' lang='lat' dir='ltr'><strong>sive</strong></span> 
     </span>
    </p>
   </div>
   <div class='ocr_carea' id='block_1_94' title="bbox 148 4682 1730 4755">
    <p class='ocr_par' dir='ltr' id='par_1_94' title="bbox 148 4682 1730 4755">
     <span class='ocr_line' id='line_1_94' title="bbox 148 4682 1730 4755; baseline -0.004 -16"><span class='ocrx_word' id='word_1_653' title='bbox 148 4707 253 4750; x_wconf 83' lang='grc' dir='ltr'><strong>τος</strong></span> <span class='ocrx_word' id='word_1_654' title='bbox 315 4687 695 4755; x_wconf 75' lang='grc' dir='ltr'>λαμπρότερον</span> <span class='ocrx_word' id='word_1_655' title='bbox 775 4684 1068 4753; x_wconf 82' lang='grc' dir='ltr'>ἱματισμὸν</span> <span class='ocrx_word' id='word_1_656' title='bbox 1125 4682 1492 4753; x_wconf 87' lang='grc' dir='ltr'>περπερείαν,</span> <span class='ocrx_word' id='word_1_657' title='bbox 1563 4682 1730 4750; x_wconf 70' lang='grc' dir='ltr'>ἤγουν</span> 
     </span>
    </p>
   </div>
   <div class='ocr_carea' id='block_1_95' title="bbox 154 4771 1732 4850">
    <p class='ocr_par' dir='ltr' id='par_1_95' title="bbox 154 4771 1732 4850">
     <span class='ocr_line' id='line_1_95' title="bbox 154 4771 1732 4850; baseline -0.006 -19"><span class='ocrx_word' id='word_1_658' title='bbox 154 4781 450 4850; x_wconf 73' lang='grc' dir='ltr'>βλακείαν,</span> <span class='ocrx_word' id='word_1_659' title='bbox 493 4778 773 4847; x_wconf 75' lang='grc' dir='ltr'>ὠνόμαζεν</span> <span class='ocrx_word' id='word_1_660' title='bbox 822 4779 848 4828; x_wconf 89' lang='grc' dir='ltr'>ὁ</span> <span class='ocrx_word' id='word_1_661' title='bbox 897 4777 1069 4844; x_wconf 82' lang='grc' dir='ltr'>μέγας</span> <span class='ocrx_word' id='word_1_662' title='bbox 1109 4773 1432 4837; x_wconf 83' lang='grc' dir='ltr'>Βασίλειος),</span> <span class='ocrx_word' id='word_1_663' title='bbox 1463 4772 1574 4824; x_wconf 75' lang='grc' dir='ltr'>ἀλλ’</span> <span class='ocrx_word' id='word_1_664' title='bbox 1614 4771 1732 4824; x_wconf 70' lang='grc' dir='ltr'>οὐδὲ</span> 
     </span>
    </p>
   </div>
   <div class='ocr_carea' id='block_1_96' title="bbox 147 4867 1733 4940">
    <p class='ocr_par' dir='ltr' id='par_1_96' title="bbox 147 4867 1733 4940">
     <span class='ocr_line' id='line_1_96' title="bbox 147 4867 1733 4940; baseline -0.006 -14"><span class='ocrx_word' id='word_1_665' title='bbox 147 4873 372 4938; x_wconf 70' lang='grc' dir='ltr'>ἐσθῆτα</span> <span class='ocrx_word' id='word_1_666' title='bbox 423 4873 673 4940; x_wconf 80' lang='grc' dir='ltr'>σηρικὴν,</span> <span class='ocrx_word' id='word_1_667' title='bbox 717 4871 880 4940; x_wconf 72' lang='grc' dir='ltr'>ἤγουν</span> <span class='ocrx_word' id='word_1_668' title='bbox 931 4867 1231 4937; x_wconf 79' lang='grc' dir='ltr'>μεταξατὴν</span> <span class='ocrx_word' id='word_1_669' title='bbox 1285 4867 1473 4934; x_wconf 78' lang='grc' dir='ltr'>(σῆρες</span> <span class='ocrx_word' id='word_1_670' title='bbox 1524 4867 1632 4934; x_wconf 77' lang='grc' dir='ltr'>γὰρ</span> <span class='ocrx_word' id='word_1_671' title='bbox 1686 4867 1733 4917; x_wconf 77' lang='grc' dir='ltr'>οἱ</span> 
     </span>
    </p>
   </div>
   <div class='ocr_carea' id='block_1_97' title="bbox 157 4955 1735 5033">
    <p class='ocr_par' dir='ltr' id='par_1_97' title="bbox 157 4955 1735 5033">
     <span class='ocr_line' id='line_1_97' title="bbox 157 4955 1735 5033; baseline -0.006 -14"><span class='ocrx_word' id='word_1_672' title='bbox 157 4967 504 5033; x_wconf 44' lang='grc' dir='ltr'>σκώλτμξ),</span> <span class='ocrx_word' id='word_1_673' title='bbox 551 4963 855 5016; x_wconf 65' lang='grc' dir='ltr'>ἐνεδιδυντο</span> <span class='ocrx_word' id='word_1_674' title='bbox 911 4961 1178 5029; x_wconf 85' lang='grc' dir='ltr'>ἱερατικο“ι</span> <span class='ocrx_word' id='word_1_675' title='bbox 1210 4959 1423 5026; x_wconf 85' lang='grc' dir='ltr'>ἄνδρες,</span> <span class='ocrx_word' id='word_1_676' title='bbox 1450 4955 1576 5009; x_wconf 77' lang='grc' dir='ltr'>οὔτε</span> <span class='ocrx_word' id='word_1_677' title='bbox 1615 4958 1735 5009; x_wconf 78' lang='grc' dir='ltr'>τινὰ</span> 
     </span>
    </p>
   </div>
   <div class='ocr_carea' id='block_1_98' title="bbox 150 5052 1733 5128">
    <p class='ocr_par' dir='ltr' id='par_1_98' title="bbox 150 5052 1733 5128">
     <span class='ocr_line' id='line_1_98' title="bbox 150 5052 1733 5128; baseline -0.008 -16"><span class='ocrx_word' id='word_1_678' title='bbox 150 5061 460 5128; x_wconf 81' lang='grc' dir='ltr'>ἑτερόχροα</span> <span class='ocrx_word' id='word_1_679' title='bbox 501 5056 850 5122; x_wconf 49' lang='lat' dir='ltr'><strong>maximam</strong></span> <span class='ocrx_word' id='word_1_680' title='bbox 892 5053 1282 5123; x_wconf 85' lang='grc' dir='ltr'>προσετίθεσαν</span> <span class='ocrx_word' id='word_1_681' title='bbox 1309 5053 1365 5102; x_wconf 77' lang='grc' dir='ltr'>ὲν</span> <span class='ocrx_word' id='word_1_682' title='bbox 1394 5055 1504 5112; x_wconf 79' lang='grc' dir='ltr'>τοῖς</span> <span class='ocrx_word' id='word_1_683' title='bbox 1547 5052 1733 5119; x_wconf 79' lang='grc' dir='ltr'>ἄκροις</span> 
     </span>
    </p>
   </div>
   <div class='ocr_carea' id='block_1_99' title="bbox 147 5139 1729 5216">
    <p class='ocr_par' dir='ltr' id='par_1_99' title="bbox 147 5139 1729 5216">
     <span class='ocr_line' id='line_1_99' title="bbox 147 5139 1729 5216; baseline -0.008 -15"><span class='ocrx_word' id='word_1_684' title='bbox 147 5153 273 5201; x_wconf 55' lang='grc' dir='ltr'>’τῶν</span> <span class='ocrx_word' id='word_1_685' title='bbox 306 5148 539 5216; x_wconf 77' lang='grc' dir='ltr'>ἱματίων</span> <span class='ocrx_word' id='word_1_686' title='bbox 567 5145 768 5208; x_wconf 83' lang='grc' dir='ltr'>αὐτῶν,</span> <span class='ocrx_word' id='word_1_687' title='bbox 825 5145 994 5213; x_wconf 73' lang='grc' dir='ltr'>ἤγουν</span> <span class='ocrx_word' id='word_1_688' title='bbox 1038 5141 1309 5212; x_wconf 86' lang='grc' dir='ltr'>μαργέλια</span> <span class='ocrx_word' id='word_1_689' title='bbox 1340 5156 1354 5170; x_wconf 87' lang='grc'><strong>·</strong></span> <span class='ocrx_word' id='word_1_690' title='bbox 1399 5140 1495 5192; x_wconf 63' lang='grc' dir='ltr'><strong>κοιλ¹</strong></span> <span class='ocrx_word' id='word_1_691' title='bbox 1537 5139 1729 5207; x_wconf 72' lang='grc' dir='ltr'>ἐφεξῆς</span> 
     </span>
    </p>
   </div>
   <div class='ocr_carea' id='block_1_100' title="bbox 149 5231 1733 5310">
    <p class='ocr_par' dir='ltr' id='par_1_100' title="bbox 149 5231 1733 5310">
     <span class='ocr_line' id='line_1_100' title="bbox 149 5231 1733 5310; baseline -0.009 -15"><span class='ocrx_word' id='word_1_692' title='bbox 149 5242 489 5310; x_wconf 64' lang='grc' dir='ltr'>ἐπιφέρουσι</span> <span class='ocrx_word' id='word_1_693' title='bbox 535 5239 597 5290; x_wconf 78' lang='grc' dir='ltr'><strong>τὸ</strong></span> <span class='ocrx_word' id='word_1_694' title='bbox 637 5235 995 5304; x_wconf 76' lang='grc' dir='ltr'>εύαγγελικὸν</span> <span class='ocrx_word' id='word_1_695' title='bbox 1052 5235 1234 5304; x_wconf 77' lang='grc' dir='ltr'>ῥητόν.</span> <span class='ocrx_word' id='word_1_696' title='bbox 1304 5231 1602 5298; x_wconf 81' lang='grc' dir='ltr'>’Λνάγνωθι</span> <span class='ocrx_word' id='word_1_697' title='bbox 1639 5231 1733 5282; x_wconf 80' lang='grc' dir='ltr'><strong>καὶ</strong></span> 
     </span>
    </p>
   </div>
   <div class='ocr_carea' id='block_1_101' title="bbox 145 5322 1728 5398">
    <p class='ocr_par' dir='ltr' id='par_1_101' title="bbox 145 5322 1728 5398">
     <span class='ocr_line' id='line_1_101' title="bbox 145 5322 1728 5398; baseline -0.009 -10"><span class='ocrx_word' id='word_1_698' title='bbox 145 5338 258 5388; x_wconf 67' lang='grc' dir='ltr'><strong>τὸν</strong></span> <span class='ocrx_word' id='word_1_699' title='bbox 321 5331 402 5396; x_wconf 74' lang='grc' dir='ltr'><strong>κζ’</strong></span> <span class='ocrx_word' id='word_1_700' title='bbox 454 5331 651 5383; x_wconf 82' lang='grc' dir='ltr'>κανόνα</span> <span class='ocrx_word' id='word_1_701' title='bbox 714 5329 812 5398; x_wconf 82' lang='grc' dir='ltr'>τῆς</span> <span class='ocrx_word' id='word_1_702' title='bbox 855 5334 907 5391; x_wconf 80' lang='grc' dir='ltr'>ς’</span> <span class='ocrx_word' id='word_1_703' title='bbox 976 5327 1213 5378; x_wconf 84' lang='grc' dir='ltr'>συνόδου.</span> <span class='ocrx_word' id='word_1_704' title='bbox 1258 5325 1608 5392; x_wconf 80' lang='grc' dir='ltr'>Αίτιωμένων</span> <span class='ocrx_word' id='word_1_705' title='bbox 1672 5322 1728 5374; x_wconf 72' lang='grc' dir='ltr'>δὲ</span> 
     </span>
    </p>
   </div>
   <div class='ocr_carea' id='block_1_102' title="bbox 146 5414 1734 5494">
    <p class='ocr_par' dir='ltr' id='par_1_102' title="bbox 146 5414 1734 5494">
     <span class='ocr_line' id='line_1_102' title="bbox 146 5414 1734 5494; baseline -0.016 -14"><span class='ocrx_word' id='word_1_706' title='bbox 146 5430 274 5481; x_wconf 78' lang='grc' dir='ltr'><strong>τῶν</strong></span> <span class='ocrx_word' id='word_1_707' title='bbox 312 5421 862 5494; x_wconf 79' lang='grc' dir='ltr'>λαμπρειμονούντων</span> <span class='ocrx_word' id='word_1_708' title='bbox 901 5419 1180 5488; x_wconf 80' lang='grc' dir='ltr'>κληρικῶν</span> <span class='ocrx_word' id='word_1_709' title='bbox 1211 5418 1296 5468; x_wconf 76' lang='grc' dir='ltr'>διὰ</span> <span class='ocrx_word' id='word_1_710' title='bbox 1322 5419 1555 5486; x_wconf 71' lang='grc' dir='ltr'>ἱματίων</span> <span class='ocrx_word' id='word_1_711' title='bbox 1585 5414 1734 5483; x_wconf 69' lang='grc' dir='ltr'>λεγο-</span> 
     </span>
    </p>
   </div>
   <div class='ocr_carea' id='block_1_103' title="bbox 151 5507 1729 5592">
    <p class='ocr_par' dir='ltr' id='par_1_103' title="bbox 151 5507 1729 5592">
     <span class='ocr_line' id='line_1_103' title="bbox 151 5507 1729 5592; baseline -0.009 -19"><span class='ocrx_word' id='word_1_712' title='bbox 151 5522 351 5592; x_wconf 79' lang='grc' dir='ltr'>μένων</span> <span class='ocrx_word' id='word_1_713' title='bbox 385 5518 654 5586; x_wconf 79' lang='grc' dir='ltr'>ὲξαμίτων</span> <span class='ocrx_word' id='word_1_714' title='bbox 683 5518 912 5584; x_wconf 82' lang='grc' dir='ltr'>ἐχόντων</span> <span class='ocrx_word' id='word_1_715' title='bbox 951 5516 1010 5565; x_wconf 73' lang='grc' dir='ltr'><strong>οὐ</strong></span> <span class='ocrx_word' id='word_1_716' title='bbox 1048 5513 1207 5580; x_wconf 90' lang='grc' dir='ltr'>μόνον</span> <span class='ocrx_word' id='word_1_717' title='bbox 1257 5511 1551 5580; x_wconf 78' lang='grc' dir='ltr'>ἑτερόχροα</span> <span class='ocrx_word' id='word_1_718' title='bbox 1581 5507 1729 5561; x_wconf 64' lang='grc' dir='ltr'>ἀντίι</span> 
     </span>
    </p>
   </div>
   <div class='ocr_carea' id='block_1_104' title="bbox 153 5605 1733 5681">
    <p class='ocr_par' dir='ltr' id='par_1_104' title="bbox 153 5605 1733 5681">
     <span class='ocr_line' id='line_1_104' title="bbox 153 5605 1733 5681; baseline -0.008 -15"><span class='ocrx_word' id='word_1_719' title='bbox 153 5635 199 5666; x_wconf 84' lang='grc' dir='ltr'><strong>π</strong></span> <span class='ocrx_word' id='word_1_720' title='bbox 220 5633 338 5678; x_wconf 85' lang='grc' dir='ltr'>..να,</span> <span class='ocrx_word' id='word_1_721' title='bbox 369 5614 501 5666; x_wconf 71' lang='grc' dir='ltr'>ἀλλὰ</span> <span class='ocrx_word' id='word_1_722' title='bbox 534 5613 623 5664; x_wconf 78' lang='grc' dir='ltr'><strong>καὶ</strong></span> <span class='ocrx_word' id='word_1_723' title='bbox 651 5611 1022 5681; x_wconf 75' lang='grc' dir='ltr'>χρυσόπαστα,</span> <span class='ocrx_word' id='word_1_724' title='bbox 1050 5610 1185 5677; x_wconf 58' lang='grc' dir='ltr'>πρὶς</span> <span class='ocrx_word' id='word_1_725' title='bbox 1219 5607 1274 5658; x_wconf 80' lang='grc' dir='ltr'>δὲ</span> <span class='ocrx_word' id='word_1_726' title='bbox 1303 5606 1393 5658; x_wconf 72' lang='grc' dir='ltr'>καὶ</span> <span class='ocrx_word' id='word_1_727' title='bbox 1425 5605 1733 5674; x_wconf 81' lang='grc' dir='ltr'>γράμματα</span> 
     </span>
    </p>
   </div>
   <div class='ocr_carea' id='block_1_105' title="bbox 155 5697 1736 5776">
    <p class='ocr_par' dir='ltr' id='par_1_105' title="bbox 155 5697 1736 5776">
     <span class='ocr_line' id='line_1_105' title="bbox 155 5697 1736 5776; baseline -0.009 -15"><span class='ocrx_word' id='word_1_728' title='bbox 155 5709 441 5774; x_wconf 70' lang='grc' dir='ltr'>πολυτελῆ</span> <span class='ocrx_word' id='word_1_729' title='bbox 474 5708 674 5776; x_wconf 80' lang='grc' dir='ltr'>χρυσᾶ.</span> <span class='ocrx_word' id='word_1_730' title='bbox 706 5700 856 5756; x_wconf 73' lang='grc' dir='ltr'>εἶπόν</span> <span class='ocrx_word' id='word_1_731' title='bbox 885 5720 1028 5764; x_wconf 90' lang='grc' dir='ltr'>τινες</span> <span class='ocrx_word' id='word_1_732' title='bbox 1055 5704 1144 5753; x_wconf 79' lang='grc' dir='ltr'><strong>τὸν</strong></span> <span class='ocrx_word' id='word_1_733' title='bbox 1176 5701 1373 5752; x_wconf 85' lang='grc' dir='ltr'>κανόνα</span> <span class='ocrx_word' id='word_1_734' title='bbox 1410 5697 1736 5766; x_wconf 72' lang='grc' dir='ltr'>ἐκφωνηθῆ·</span> 
     </span>
    </p>
   </div>
   <div class='ocr_carea' id='block_1_106' title="bbox 150 5792 1736 5867">
    <p class='ocr_par' dir='ltr' id='par_1_106' title="bbox 150 5792 1736 5867">
     <span class='ocr_line' id='line_1_106' title="bbox 150 5792 1736 5867; baseline -0.008 -13"><span class='ocrx_word' id='word_1_735' title='bbox 150 5819 252 5854; x_wconf 71' lang='grc' dir='ltr'><strong>ναι</strong></span> <span class='ocrx_word' id='word_1_736' title='bbox 289 5800 379 5850; x_wconf 78' lang='grc' dir='ltr'><strong>διὰ</strong></span> <span class='ocrx_word' id='word_1_737' title='bbox 405 5801 502 5867; x_wconf 79' lang='grc' dir='ltr'>τὴν</span> <span class='ocrx_word' id='word_1_738' title='bbox 537 5799 655 5850; x_wconf 71' lang='grc' dir='ltr'>τότε</span> <span class='ocrx_word' id='word_1_739' title='bbox 695 5795 862 5850; x_wconf 66' lang='grc' dir='ltr'>οὖσαν</span> <span class='ocrx_word' id='word_1_740' title='bbox 897 5795 1122 5858; x_wconf 78' lang='grc' dir='ltr'>ἀταξίαν</span> <span class='ocrx_word' id='word_1_741' title='bbox 1158 5795 1238 5855; x_wconf 86' lang='grc' dir='ltr'><strong>είς</strong></span> <span class='ocrx_word' id='word_1_742' title='bbox 1269 5795 1368 5854; x_wconf 71' lang='grc' dir='ltr'><strong>τὰς</strong></span> <span class='ocrx_word' id='word_1_743' title='bbox 1413 5792 1736 5860; x_wconf 77' lang='grc' dir='ltr'>ἐκκλησίας,</span> 
     </span>
    </p>
   </div>
   <div class='ocr_carea' id='block_1_107' title="bbox 237 5890 699 5953">
    <p class='ocr_par' dir='ltr' id='par_1_107' title="bbox 237 5890 699 5953">
     <span class='ocr_line' id='line_1_107' title="bbox 237 5890 699 5953; baseline -0.009 -8"><span class='ocrx_word' id='word_1_744' title='bbox 237 5893 281 5922; x_wconf 67' lang='grc'><strong>⁵⁷</strong></span> <span class='ocrx_word' id='word_1_745' title='bbox 312 5890 508 5945; x_wconf 80' lang='lat' dir='ltr'><strong>Matth.</strong></span> <span class='ocrx_word' id='word_1_746' title='bbox 544 5907 623 5953; x_wconf 77' lang='grc' dir='ltr'>ιι,</span> <span class='ocrx_word' id='word_1_747' title='bbox 667 5890 699 5942; x_wconf 84' lang='lat'><strong>8</strong></span> 
     </span>
    </p>
   </div>
   <div class='ocr_carea' id='block_1_108' title="bbox 495 5981 1328 6048">
    <p class='ocr_par' dir='ltr' id='par_1_108' title="bbox 495 5981 1328 6048">
     <span class='ocr_line' id='line_1_108' title="bbox 495 5981 1328 6048; baseline -0.006 -1"><span class='ocrx_word' id='word_1_748' title='bbox 495 5989 762 6048; x_wconf 75' lang='lat' dir='ltr'><strong>PATBOL.</strong></span> <span class='ocrx_word' id='word_1_749' title='bbox 810 5987 927 6046; x_wconf 79' lang='lat' dir='ltr'><strong>Gtt.</strong></span> <span class='ocrx_word' id='word_1_750' title='bbox 958 5981 1328 6047; x_wconf 72' lang='lat' dir='ltr'><strong>CXXXVII.</strong></span> 
     </span>
    </p>
   </div>
   <div class='ocr_carea' id='block_1_109' title="bbox 1833 4689 3399 4768">
    <p class='ocr_par' dir='ltr' id='par_1_109' title="bbox 1833 4689 3399 4768">
     <span class='ocr_line' id='line_1_109' title="bbox 1833 4689 3399 4768; baseline -0.011 -11"><span class='ocrx_word' id='word_1_751' title='bbox 1833 4705 2019 4757; x_wconf 78' lang='lat' dir='ltr'><strong>luxum</strong></span> <span class='ocrx_word' id='word_1_752' title='bbox 2055 4714 2289 4768; x_wconf 81' lang='lat' dir='ltr'><strong>magnus</strong></span> <span class='ocrx_word' id='word_1_753' title='bbox 2314 4696 2526 4749; x_wconf 88' lang='lat' dir='ltr'><strong>vocavit</strong></span> <span class='ocrx_word' id='word_1_754' title='bbox 2559 4693 2845 4757; x_wconf 83' lang='lat' dir='ltr'><strong>Basilius),</strong></span> <span class='ocrx_word' id='word_1_755' title='bbox 2876 4692 2968 4745; x_wconf 84' lang='lat' dir='ltr'><strong>sed</strong></span> <span class='ocrx_word' id='word_1_756' title='bbox 3015 4706 3189 4758; x_wconf 67' lang='lat' dir='ltr'><strong>nisque</strong></span> <span class='ocrx_word' id='word_1_757' title='bbox 3226 4689 3399 4741; x_wconf 49' lang='lat' dir='ltr'><strong>serica</strong></span> 
     </span>
    </p>
   </div>
   <div class='ocr_carea' id='block_1_110' title="bbox 1841 4779 3401 4855">
    <p class='ocr_par' dir='ltr' id='par_1_110' title="bbox 1841 4779 3401 4855">
     <span class='ocr_line' id='line_1_110' title="bbox 1841 4779 3401 4855; baseline -0.012 -7"><span class='ocrx_word' id='word_1_758' title='bbox 1841 4802 2008 4855; x_wconf 78' lang='lat' dir='ltr'><strong>veste,</strong></span> <span class='ocrx_word' id='word_1_759' title='bbox 2039 4803 2306 4843; x_wconf 77' lang='lat' dir='ltr'><strong>metaxata</strong></span> <span class='ocrx_word' id='word_1_760' title='bbox 2339 4788 2556 4841; x_wconf 91' lang='lat' dir='ltr'><strong>scilicet</strong></span> <span class='ocrx_word' id='word_1_761' title='bbox 2587 4787 2758 4854; x_wconf 80' lang='lat' dir='ltr'><strong>(seres</strong></span> <span class='ocrx_word' id='word_1_762' title='bbox 2807 4784 2950 4835; x_wconf 86' lang='lat' dir='ltr'><strong>enim</strong></span> <span class='ocrx_word' id='word_1_763' title='bbox 2998 4796 3210 4834; x_wconf 78' lang='lat' dir='ltr'><strong>vermes</strong></span> <span class='ocrx_word' id='word_1_764' title='bbox 3253 4779 3401 4843; x_wconf 87' lang='lat' dir='ltr'><strong>sunt)</strong></span> 
     </span>
    </p>
   </div>
   <div class='ocr_carea' id='block_1_111' title="bbox 1838 4872 3399 4944">
    <p class='ocr_par' dir='ltr' id='par_1_111' title="bbox 1838 4872 3399 4944">
     <span class='ocr_line' id='line_1_111' title="bbox 1838 4872 3399 4944; baseline -0.013 -8"><span class='ocrx_word' id='word_1_765' title='bbox 1838 4882 2208 4944; x_wconf 76' lang='lat' dir='ltr'><strong>induebamur</strong></span> <span class='ocrx_word' id='word_1_766' title='bbox 2247 4877 2350 4931; x_wconf 88' lang='lat' dir='ltr'><strong>viri</strong></span> <span class='ocrx_word' id='word_1_767' title='bbox 2383 4875 2775 4936; x_wconf 86' lang='lat' dir='ltr'><strong>sacerdotales,</strong></span> <span class='ocrx_word' id='word_1_768' title='bbox 2811 4887 2989 4940; x_wconf 87' lang='lat' dir='ltr'><strong>neque</strong></span> <span class='ocrx_word' id='word_1_769' title='bbox 3039 4873 3145 4924; x_wconf 85' lang='lat' dir='ltr'><strong>alia</strong></span> <span class='ocrx_word' id='word_1_770' title='bbox 3200 4872 3399 4923; x_wconf 74' lang='lat' dir='ltr'><strong>diversi</strong></span> 
     </span>
    </p>
   </div>
   <div class='ocr_carea' id='block_1_112' title="bbox 1843 4962 3402 5032">
    <p class='ocr_par' dir='ltr' id='par_1_112' title="bbox 1843 4962 3402 5032">
     <span class='ocr_line' id='line_1_112' title="bbox 1843 4962 3402 5032; baseline -0.011 -4"><span class='ocrx_word' id='word_1_771' title='bbox 1843 4974 2042 5028; x_wconf 85' lang='lat' dir='ltr'><strong>coloris</strong></span> <span class='ocrx_word' id='word_1_772' title='bbox 2072 4973 2449 5025; x_wconf 86' lang='lat' dir='ltr'><strong>additamenta</strong></span> <span class='ocrx_word' id='word_1_773' title='bbox 2484 4968 2715 5021; x_wconf 89' lang='lat' dir='ltr'><strong>vestium</strong></span> <span class='ocrx_word' id='word_1_774' title='bbox 2756 4966 2997 5032; x_wconf 84' lang='lat' dir='ltr'><strong>ipsarum</strong></span> <span class='ocrx_word' id='word_1_775' title='bbox 3028 4963 3259 5015; x_wconf 85' lang='lat' dir='ltr'><strong>timbriis</strong></span> <span class='ocrx_word' id='word_1_776' title='bbox 3306 4962 3402 5012; x_wconf 84' lang='lat' dir='ltr'><strong>ad-</strong></span> 
     </span>
    </p>
   </div>
   <div class='ocr_carea' id='block_1_113' title="bbox 1831 5057 3404 5136">
    <p class='ocr_par' dir='ltr' id='par_1_113' title="bbox 1831 5057 3404 5136">
     <span class='ocr_line' id='line_1_113' title="bbox 1831 5057 3404 5136; baseline -0.011 -16"><span class='ocrx_word' id='word_1_777' title='bbox 1831 5068 2117 5136; x_wconf 86' lang='lat' dir='ltr'><strong>jiciebant,</strong></span> <span class='ocrx_word' id='word_1_778' title='bbox 2161 5066 2366 5119; x_wconf 78' lang='lat' dir='ltr'><strong>scilicet</strong></span> <span class='ocrx_word' id='word_1_779' title='bbox 2395 5063 2628 5125; x_wconf 88' lang='lat' dir='ltr'><strong>limbus;</strong></span> <span class='ocrx_word' id='word_1_780' title='bbox 2659 5068 2713 5113; x_wconf 89' lang='lat' dir='ltr'><strong>et</strong></span> <span class='ocrx_word' id='word_1_781' title='bbox 2740 5057 2937 5111; x_wconf 89' lang='lat' dir='ltr'><strong>deinde</strong></span> <span class='ocrx_word' id='word_1_782' title='bbox 2985 5057 3190 5108; x_wconf 87' lang='lat' dir='ltr'><strong>dictum</strong></span> <span class='ocrx_word' id='word_1_783' title='bbox 3240 5070 3404 5105; x_wconf 83' lang='lat' dir='ltr'><strong>evan-</strong></span> 
     </span>
    </p>
   </div>
   <div class='ocr_carea' id='block_1_114' title="bbox 1837 5147 3400 5229">
    <p class='ocr_par' dir='ltr' id='par_1_114' title="bbox 1837 5147 3400 5229">
     <span class='ocr_line' id='line_1_114' title="bbox 1837 5147 3400 5229; baseline -0.012 -17"><span class='ocrx_word' id='word_1_784' title='bbox 1837 5158 2072 5229; x_wconf 78' lang='lat' dir='ltr'><strong>gelicum</strong></span> <span class='ocrx_word' id='word_1_785' title='bbox 2115 5157 2400 5226; x_wconf 87' lang='lat' dir='ltr'><strong>adjiciunt.</strong></span> <span class='ocrx_word' id='word_1_786' title='bbox 2449 5153 2593 5221; x_wconf 82' lang='lat' dir='ltr'><strong>Lege</strong></span> <span class='ocrx_word' id='word_1_787' title='bbox 2647 5160 2702 5205; x_wconf 90' lang='lat' dir='ltr'><strong>et</strong></span> <span class='ocrx_word' id='word_1_788' title='bbox 2760 5164 3022 5202; x_wconf 78' lang='lat' dir='ltr'><strong>cauonem</strong></span> <span class='ocrx_word' id='word_1_789' title='bbox 3073 5148 3162 5211; x_wconf 74' lang='lat'><strong>27,</strong></span> <span class='ocrx_word' id='word_1_790' title='bbox 3209 5147 3400 5215; x_wconf 86' lang='lat' dir='ltr'><strong>synodi</strong></span> 
     </span>
    </p>
   </div>
   <div class='ocr_carea' id='block_1_115' title="bbox 1834 5239 3402 5312">
    <p class='ocr_par' dir='ltr' id='par_1_115' title="bbox 1834 5239 3402 5312">
     <span class='ocr_line' id='line_1_115' title="bbox 1834 5239 3402 5312; baseline -0.012 -7"><span class='ocrx_word' id='word_1_791' title='bbox 1834 5260 2020 5312; x_wconf 68' lang='lat' dir='ltr'><strong>sextae,</strong></span> <span class='ocrx_word' id='word_1_792' title='bbox 2053 5250 2190 5303; x_wconf 88' lang='lat' dir='ltr'><strong>Cum</strong></span> <span class='ocrx_word' id='word_1_793' title='bbox 2258 5259 2439 5301; x_wconf 90' lang='lat' dir='ltr'><strong>autem</strong></span> <span class='ocrx_word' id='word_1_794' title='bbox 2493 5253 2887 5299; x_wconf 85' lang='lat' dir='ltr'><strong>accusarentnr</strong></span> <span class='ocrx_word' id='word_1_795' title='bbox 2943 5240 3161 5309; x_wconf 81' lang='lat' dir='ltr'><strong>quidem</strong></span> <span class='ocrx_word' id='word_1_796' title='bbox 3222 5239 3402 5290; x_wconf 79' lang='lat' dir='ltr'><strong>(&#39;Ielit&#39;i</strong></span> 
     </span>
    </p>
   </div>
   <div class='ocr_carea' id='block_1_116' title="bbox 1838 5335 3403 5414">
    <p class='ocr_par' dir='ltr' id='par_1_116' title="bbox 1838 5335 3403 5414">
     <span class='ocr_line' id='line_1_116' title="bbox 1838 5335 3403 5414; baseline -0.014 -13"><span class='ocrx_word' id='word_1_797' title='bbox 1838 5344 2122 5414; x_wconf 83' lang='lat' dir='ltr'><strong>Splendide</strong></span> <span class='ocrx_word' id='word_1_798' title='bbox 2157 5343 2356 5404; x_wconf 87' lang='lat' dir='ltr'><strong>induti,</strong></span> <span class='ocrx_word' id='word_1_799' title='bbox 2389 5341 2480 5408; x_wconf 86' lang='lat' dir='ltr'><strong>qui</strong></span> <span class='ocrx_word' id='word_1_800' title='bbox 2519 5347 2699 5390; x_wconf 84' lang='lat' dir='ltr'><strong>vestes</strong></span> <span class='ocrx_word' id='word_1_801' title='bbox 2734 5335 2989 5390; x_wconf 88' lang='lat' dir='ltr'><strong>samitlos</strong></span> <span class='ocrx_word' id='word_1_802' title='bbox 3021 5337 3195 5385; x_wconf 87' lang='lat' dir='ltr'><strong>dictas</strong></span> <span class='ocrx_word' id='word_1_803' title='bbox 3221 5347 3403 5396; x_wconf 72' lang='lat' dir='ltr'><strong>gesm-</strong></span> 
     </span>
    </p>
   </div>
   <div class='ocr_carea' id='block_1_117' title="bbox 1840 5429 3406 5505">
    <p class='ocr_par' dir='ltr' id='par_1_117' title="bbox 1840 5429 3406 5505">
     <span class='ocr_line' id='line_1_117' title="bbox 1840 5429 3406 5505; baseline -0.012 -14"><span class='ocrx_word' id='word_1_804' title='bbox 1840 5440 1992 5498; x_wconf 89' lang='lat' dir='ltr'><strong>bant,</strong></span> <span class='ocrx_word' id='word_1_805' title='bbox 2027 5452 2148 5505; x_wconf 69' lang='lat' dir='ltr'><strong>qua:</strong></span> <span class='ocrx_word' id='word_1_806' title='bbox 2181 5451 2286 5488; x_wconf 90' lang='lat' dir='ltr'><strong>non</strong></span> <span class='ocrx_word' id='word_1_807' title='bbox 2325 5434 2502 5486; x_wconf 89' lang='lat' dir='ltr'><strong>solum</strong></span> <span class='ocrx_word' id='word_1_808' title='bbox 2561 5429 2765 5484; x_wconf 79' lang='lat' dir='ltr'><strong>diversi</strong></span> <span class='ocrx_word' id='word_1_809' title='bbox 2821 5429 3019 5480; x_wconf 90' lang='lat' dir='ltr'><strong>coloris</strong></span> <span class='ocrx_word' id='word_1_810' title='bbox 3068 5435 3406 5492; x_wconf 79' lang='lat' dir='ltr'><strong>antepannas</strong></span> 
     </span>
    </p>
   </div>
   <div class='ocr_carea' id='block_1_118' title="bbox 1838 5516 3403 5588">
    <p class='ocr_par' dir='ltr' id='par_1_118' title="bbox 1838 5516 3403 5588">
     <span class='ocr_line' id='line_1_118' title="bbox 1838 5516 3403 5588; baseline -0.013 -4"><span class='ocrx_word' id='word_1_811' title='bbox 1838 5546 1933 5584; x_wconf 86' lang='lat' dir='ltr'><strong>seu</strong></span> <span class='ocrx_word' id='word_1_812' title='bbox 1964 5528 2211 5580; x_wconf 83' lang='lat' dir='ltr'><strong>ﬁmbrias</strong></span> <span class='ocrx_word' id='word_1_813' title='bbox 2264 5527 2558 5588; x_wconf 80' lang='lat' dir='ltr'><strong>habebant,</strong></span> <span class='ocrx_word' id='word_1_814' title='bbox 2614 5523 2706 5575; x_wconf 78' lang='lat' dir='ltr'><strong>sed</strong></span> <span class='ocrx_word' id='word_1_815' title='bbox 2750 5523 2909 5573; x_wconf 89' lang='lat' dir='ltr'><strong>etiam</strong></span> <span class='ocrx_word' id='word_1_816' title='bbox 2974 5533 3109 5572; x_wconf 88' lang='lat' dir='ltr'><strong>auro</strong></span> <span class='ocrx_word' id='word_1_817' title='bbox 3172 5516 3403 5573; x_wconf 75' lang='lat' dir='ltr'><strong>intexta,</strong></span> 
     </span>
    </p>
   </div>
   <div class='ocr_carea' id='block_1_119' title="bbox 1843 5606 3404 5687">
    <p class='ocr_par' dir='ltr' id='par_1_119' title="bbox 1843 5606 3404 5687">
     <span class='ocr_line' id='line_1_119' title="bbox 1843 5606 3404 5687; baseline -0.01 -19"><span class='ocrx_word' id='word_1_818' title='bbox 1843 5630 2100 5687; x_wconf 73' lang='lat' dir='ltr'><strong>przetcrea</strong></span> <span class='ocrx_word' id='word_1_819' title='bbox 2139 5625 2342 5679; x_wconf 86' lang='lat' dir='ltr'><strong>autem,</strong></span> <span class='ocrx_word' id='word_1_820' title='bbox 2407 5625 2459 5665; x_wconf 85' lang='lat' dir='ltr'><strong>ct</strong></span> <span class='ocrx_word' id='word_1_821' title='bbox 2515 5621 2863 5680; x_wconf 83' lang='lat' dir='ltr'><strong>sumptuosas</strong></span> <span class='ocrx_word' id='word_1_822' title='bbox 2919 5622 3115 5661; x_wconf 87' lang='lat' dir='ltr'><strong>aureas</strong></span> <span class='ocrx_word' id='word_1_823' title='bbox 3161 5606 3404 5664; x_wconf 86' lang='lat' dir='ltr'><strong>litteras;</strong></span> 
     </span>
    </p>
   </div>
   <div class='ocr_carea' id='block_1_120' title="bbox 1843 5703 3410 5777">
    <p class='ocr_par' dir='ltr' id='par_1_120' title="bbox 1843 5703 3410 5777">
     <span class='ocr_line' id='line_1_120' title="bbox 1843 5703 3410 5777; baseline -0.013 -14"><span class='ocrx_word' id='word_1_824' title='bbox 1843 5711 2092 5764; x_wconf 85' lang='lat' dir='ltr'><strong>dicebant</strong></span> <span class='ocrx_word' id='word_1_825' title='bbox 2122 5707 2383 5777; x_wconf 86' lang='lat' dir='ltr'><strong>quidam,</strong></span> <span class='ocrx_word' id='word_1_826' title='bbox 2428 5704 2636 5758; x_wconf 87' lang='lat' dir='ltr'><strong>edi-tum</strong></span> <span class='ocrx_word' id='word_1_827' title='bbox 2691 5718 2815 5756; x_wconf 82' lang='lat' dir='ltr'><strong>esse</strong></span> <span class='ocrx_word' id='word_1_828' title='bbox 2866 5714 3131 5753; x_wconf 81' lang='lat' dir='ltr'><strong>cntionem</strong></span> <span class='ocrx_word' id='word_1_829' title='bbox 3189 5703 3410 5764; x_wconf 83' lang='lat' dir='ltr'><strong>propter</strong></span> 
     </span>
    </p>
   </div>
   <div class='ocr_carea' id='block_1_121' title="bbox 1851 5788 3408 5875">
    <p class='ocr_par' dir='ltr' id='par_1_121' title="bbox 1851 5788 3408 5875">
     <span class='ocr_line' id='line_1_121' title="bbox 1851 5788 3408 5875; baseline -0.015 -13"><span class='ocrx_word' id='word_1_830' title='bbox 1851 5823 1968 5863; x_wconf 83' lang='lat' dir='ltr'><strong>eam</strong></span> <span class='ocrx_word' id='word_1_831' title='bbox 2030 5820 2150 5875; x_wconf 76' lang='lat' dir='ltr'><strong>qua:</strong></span> <span class='ocrx_word' id='word_1_832' title='bbox 2185 5813 2312 5856; x_wconf 86' lang='lat' dir='ltr'><strong>tunc</strong></span> <span class='ocrx_word' id='word_1_833' title='bbox 2345 5810 2460 5856; x_wconf 85' lang='lat' dir='ltr'><strong>erat</strong></span> <span class='ocrx_word' id='word_1_834' title='bbox 2501 5801 2554 5854; x_wconf 90' lang='lat' dir='ltr'><strong>in</strong></span> <span class='ocrx_word' id='word_1_835' title='bbox 2591 5797 2857 5860; x_wconf 82' lang='lat' dir='ltr'><strong>ccclesiis,</strong></span> <span class='ocrx_word' id='word_1_836' title='bbox 2895 5808 3072 5850; x_wconf 85' lang='lat' dir='ltr'><strong>rerum</strong></span> <span class='ocrx_word' id='word_1_837' title='bbox 3125 5788 3408 5845; x_wconf 80' lang='lat' dir='ltr'><strong>confusio-</strong></span> 
     </span>
    </p>
   </div>
   <div class='ocr_carea' id='block_1_122' title="bbox 3035 5957 3100 6016">
    <p class='ocr_par' dir='ltr' id='par_1_122' title="bbox 3035 5957 3100 6016">
     <span class='ocr_line' id='line_1_122' title="bbox 3035 5957 3100 6016; baseline 0 0"><span class='ocrx_word' id='word_1_838' title='bbox 3035 5957 3100 6016; x_wconf 84' lang='lat'><strong>31</strong></span> 
     </span>
    </p>
   </div>
  </div>
