4166 6438
742 436 839 495 9η

1973 428 2250 486 THEOD.
2301 422 2700 483 BALSAMON

3862 421 3971 483 $372

732 568 880 615 nem,
914 564 967 606 et
1023 558 1248 607 multam
1280 553 1604 607 clericorum
1656 566 1683 603 a
1747 549 1947 619 pietate
2004 546 2293 601 alienatio-

2403 543 2491 593 καὶ
2521 544 2622 611 τὴν
2650 542 2851 611 πολλὴν
2881 542 3236 595 ἀνευλάϐειαν
3288 543 3395 593 τῶν
3430 541 3737 610 κληρικῶν,
3795 545 3967 608 σήμε-

732 660 855 698 uem
885 663 900 710 ;
936 648 1097 699 hodie
1124 657 1303 700 autent
1358 662 1467 699 non
1519 646 1718 698 habere
1765 644 1943 696 locum
1996 654 2289 701 canouetu,

733 740 1174 806 qttandoquidcm
1197 739 1287 793 Dei
1323 741 1494 806 gratia
1528 736 1771 790 absoluta
1801 744 1884 789 est
1918 733 2292 788 ecclesiastica

702 833 1057 893 consdtutio
1111 844 1163 887 et
1220 834 1417 902 pietas,
1472 844 1526 885 et
1576 829 1644 883 ad
1677 829 1769 882 Dei
1802 830 2064 882 honorem
2105 825 2292 880 clerici

735 941 859 977 cum
898 926 1145 979 vestibus
1183 922 1655 995 splendidioribus
1709 930 2037 975 versantur:
2071 917 2295 973 audive-

733 1026 861 1069 runt
894 1028 1075 1071 autem
1115 1033 1174 1072 se
1207 1036 1313 1072 non
1347 1025 1494 1071 recte
1536 1013 1740 1069 dicere.
1783 1013 1878 1067 Est
1932 1013 2078 1067 enim
2116 1028 2293 1065 canon

733 1111 1107 1175 universalis;
1140 1122 1192 1165 et
1222 1126 1341 1179 qua:
1373 1111 1426 1163 iu
1467 1124 1533 1163 eo
1569 1109 1772 1176 scripta
1818 1114 1948 1159 sunt
1984 1105 2186 1159 debent
2240 1106 2294 1159 in

731 1203 930 1255 sarcula
962 1204 1283 1257 saeculorum
1332 1201 1617 1257 observari
1666 1207 1719 1253 et
1773 1199 1884 1253 vim
1941 1213 2096 1253 suam
2151 1199 2296 1253 obti-

734 1310 863 1349 nere
893 1310 907 1348 :
945 1298 1037 1364 qui
1067 1311 1196 1349 vero
1227 1309 1423 1365 praeter
1454 1310 1576 1350 eum
1605 1294 1770 1347 vitant
1803 1292 2122 1356 instituunt,
2151 1303 2297 1349 recte

735 1389 1055 1456 punientur,
1089 1388 1196 1442 nisi
1231 1390 1604 1457 corrigantur.

801 1478 965 1548 319
985 1477 1238 1534 ZONAlt.
1272 1480 1347 1532 De
1386 1478 1663 1531 hominum
1694 1478 1784 1547 qui
1820 1494 1979 1535 sacro
1994 1480 2171 1535 ordini
2204 1480 2296 1533 ad-

729 1571 920 1638 scripti
946 1581 1074 1625 sunt
1100 1571 1451 1636 indumentis,
1471 1569 1900 1640 synndiquoque
1930 1580 2099 1626 sextae
2129 1586 2296 1625 cano-

732 1679 799 1716 ne
814 1665 883 1718 27
916 1663 1261 1718 decernitur:
1286 1663 1380 1717 sed
1420 1677 1545 1716 cum
1580 1663 1718 1716 ritus
1751 1663 2153 1718 ecclesiasticos
2193 1663 2300 1718 leo-

734 1756 982 1810 nomaehi
1011 1754 1447 1824 perturbassent,
1471 1754 1677 1807 idcirco
1707 1753 1775 1808 de
1800 1754 1992 1808 eadem
2017 1756 2128 1808 haec
2150 1770 2288 1823 qun-

732 1866 838 1915 que
865 1849 1105 1920 synodus
1128 1847 1349 1903 decreto
1374 1846 1675 1901 cavendum
1704 1845 2057 1901 existimavit.
2086 1846 2144 1901 Si
2173 1848 2295 1917 quis

732 1957 862 2012 ergo
893 1942 1186 2010 episcopus
1232 1948 1326 1992 aut
1368 1938 1604 1994 clericus
1654 1938 1951 2008 pretiosam
1986 1948 2187 1994 vestem
2228 1942 2293 1995 ad

735 2046 990 2089 ornatum
1030 2034 1351 2100 cultumque
1398 2031 1642 2101 corporis
1697 2031 2024 2096 adhibuerit,
2056 2043 2149 2087 aut
2193 2048 2297 2085 un-

732 2134 930 2195 guento
946 2123 1220 2201 delibutus
1243 2120 1427 2184 fuerit,
1450 2121 1681 2189 primum
1700 2118 1978 2173 admoneri
2002 2118 2293 2184 hominem,

732 2228 870 2280 tum,
929 2216 974 2271 si
1031 2216 1360 2285 perstiterit,
1398 2214 1577 2283 poenis
1610 2228 1829 2281 quosne
1858 2212 1913 2266 in
1954 2227 2079 2266 eum
2119 2212 2299 2265 anim-

733 2311 941 2365 adverti
987 2308 1161 2377 jubet.
1196 2307 1463 2372 Quoniam
1510 2321 1660 2367 vero,
1714 2306 1908 2373 inquit,
1958 2304 2296 2359 Christianu-

736 2412 1124 2457 aceusatorum
1153 2399 1399 2461 haeresis,
1428 2397 1633 2467 quique
1678 2398 1768 2449 illa
1808 2396 2157 2459 tenebantur,
2188 2411 2298 2449 non

739 2494 898 2548 modo
962 2492 1140 2547 sacris
1209 2490 1542 2559 imaginibus
1594 2488 1794 2543 bellum
1867 2487 2149 2551 indixere,
2206 2489 2300 2543 sed

733 2588 900 2642 totius
936 2599 1156 2656 quoque
1210 2583 1479 2653 religiosae
1534 2580 1814 2635 modestia:
1845 2594 2070 2649 prorsus
2121 2580 2301 2646 obliti,

730 2696 854 2743 eos,
906 2692 1140 2748 quorum
1187 2677 1434 2731 moribus
1494 2688 1558 2728 ac
1598 2674 1725 2729 vita:
1782 2672 2020 2743 gravitas
2074 2672 2299 2736 inesset,

735 2774 967 2828 nderant
994 2777 1049 2825 et
1073 2768 1509 2823 adversabantur
1546 2784 1560 2820 :
1605 2766 1650 2821 si
1677 2764 1922 2819 demisso
1956 2778 2019 2819 ac
2054 2763 2302 2820 modesto

736 2872 935 2918 ornatu
982 2862 1206 2915 indutos
1247 2858 1499 2913 homines
1549 2856 1783 2911 irridere
1822 2857 2143 2925 deprehensi
2188 2856 2302 2912 fue-

736 2954 867 3014 rint,
925 2948 1282 3005 correctionis
1335 2964 1468 3017 ergo
1506 2946 1813 3018 puniendos
1861 2962 1983 3001 esse
2036 2948 2299 3001 decernit.

733 3043 867 3097 Nam
904 3044 990 3097 vel
1023 3058 1051 3095 a
1085 3042 1259 3109 prima
1304 3039 1629 3108 antiquitate
1662 3038 1773 3093 Deo
1810 3040 2011 3094 sacrati
2054 3039 2302 3096 homines

736 3136 787 3187 iu
816 3132 966 3186 omni
1005 3132 1147 3184 victu
1179 3130 1439 3199 cultuque
1474 3129 1741 3184 moderati
1779 3138 1834 3183 et
1866 3143 2081 3197 graves,
2125 3130 2305 3199 inquit

2399 636 2489 703 ρόν
2526 652 2585 685 τε
2623 635 2697 705 μὴ
2752 634 2897 704 ἔχειν
2943 635 3128 704 χώραν
3154 635 3220 685 τὰ
3279 633 3372 686 τοῦ
3433 636 3679 694 κανόνος,
3715 635 3806 684 ὅτε
3835 634 3969 684 Θεοῦ

2394 730 2577 798 χάριτι
2620 730 2767 784 πᾶσά
2806 732 2959 782 ἐστιν
3012 730 3441 798 ἐκκλησιαστικὴ
3489 728 3837 789 κατάστασις
3876 731 3971 779 καὶ

2393 821 2674 886 εὐλάϐεια,
2710 821 2804 874 καὶ
2838 822 2977 892 πρὸς
3000 823 3168 891 τιμὴν
3217 821 3353 874 Θεοῦ
3411 822 3462 873 οἱ
3517 820 3786 887 κληρικοὶ
3831 824 3963 886 μετα

2397 916 2626 985 ἱματίων
2650 916 3046 987 λαμπροτέρων
3072 915 3465 968 πολιτεύονται.
3490 916 3782 967 Ἤκουσαν
3812 913 3871 964 δὲ
3898 914 3967 980 μὴ

2397 1008 2577 1071 καλῶς
2612 1009 2815 1076 λέγειν.
2862 1010 3169 1069 Καθολικὸς
3202 1010 3312 1078 γάρ
3370 1010 3520 1061 ἐστιν
3552 1009 3580 1059 ὁ
3633 1008 3846 1069 κανὼν,
3881 1009 3969 1057 καὶ

2397 1105 2476 1164 εἰς
2512 1103 2602 1155 τὸν
2627 1103 2798 1155 αἰῶνα
2824 1104 2931 1156 τῶν
2955 1102 3171 1156 αἰώνων
3218 1104 3285 1156 τὰ
3341 1104 3399 1155 ἐν
3430 1100 3579 1171 αὐτῷ
3607 1103 3842 1170 κρατεῖν
3882 1100 3968 1148 καὶ

2398 1194 2641 1261 ἐνεργεῖν
2667 1194 2974 1261 ὀφείλουσιν
3002 1210 3016 1226 ⁸
3059 1196 3108 1247 οἱ
3139 1195 3369 1263 δὲπαρά
3395 1193 3583 1247 τοῦτον
3613 1192 3971 1258 πολιτεπμε-

2397 1298 2480 1333 νοι
2516 1282 2700 1345 καλῶς
2730 1286 3247 1357 ἐπιτιμηθήσονται,
3289 1288 3337 1337 εἱ
3367 1286 3441 1355 μὴ
3465 1284 3869 1356 διορθωθῶσιν.

2470 1470 2709 1526 ΖΩΝΑΡ.
2740 1470 2849 1524 Καὶ
2875 1471 2903 1523 ὁ
2934 1470 3174 1532 εἱκοστὺς
3196 1469 3424 1537 ἕϐδομος
3454 1467 3634 1520 κανὼν
3665 1466 3773 1537 τῆς
3812 1468 3971 1533 ἕκτης

2401 1563 2621 1615 συνόδου
2662 1562 2792 1632 περὶ
2835 1562 3163 1631 ἀμφιάσεως
3227 1563 3508 1632 ἱερατικῆς
3579 1560 3967 1613 διατάττεταγ

2399 1654 2535 1706 ἀλλά
2572 1654 2681 1707 τῶν
2718 1654 3093 1721 εἰκονομάχων
3125 1655 3473 1723 συγχεάντων
3506 1653 3575 1705 τὰ
3632 1652 3736 1720 ἔθη
3778 1652 3850 1704 τὰ
3883 1652 3972 1702 ἐκ-

2399 1740 2934 1815 κλησιαστικά,ἦλθε
2959 1744 3054 1797 καὶ
3080 1745 3114 1814 ή
3138 1746 3388 1813 παροῦσα
3466 1741 3684 1805 σύνοδος
3752 1744 3838 1806 εἰς
3880 1742 3973 1809 τὴν

2402 1837 2529 1907 περὶ
2550 1836 2742 1890 τούτου
2771 1837 3147 1907 θεσμοθεσίαν.
3185 1839 3295 1893 Καὶ
3324 1837 3537 1890 κελεύει
3577 1838 3711 1899 τοὺς
3746 1837 3974 1897 ἑαυτοὺς

2398 1928 2837 1994 καλλωπίζοντας
2859 1930 2946 1984 διὰ
2976 1930 3244 2000 λαμπρῶν
3291 1930 3521 1998 ἱματίων
3572 1930 3911 1991 ἐπισκόπους
3939 1931 3973 2000 ἢ

2399 2018 2699 2087 κληρικοὺς
2734 2019 3104 2090 διορθοῦσθαι,
3135 2022 3168 2091 ἥ
3201 2022 3559 2091 ἐπιμένοντας
3586 2021 3971 2090 ἐπιτιμᾶσθαι,

2400 2110 2602 2177 ὁμοίως
2631 2113 2726 2165 καὶ
2782 2114 2908 2175 τοὺς
2936 2113 3003 2166 τὰ
3057 2112 3206 2183 μύρα
3271 2114 3614 2183 χριομένους.
3683 2114 3843 2166 Ἐπεὶ
3899 2115 3972 2169 δὲ.

2400 2202 2588 2270 φησιν,
2629 2203 2791 2269 ἡτῶν
2830 2204 3459 2275 Χριστιανοκατηγόρων
3517 2207 3760 2277 αἵρεσις,
3812 2209 3907 2259 καὶ
3931 2208 3976 2257 οἱ

2398 2294 2603 2365 ταύτην
2658 2297 2963 2367 δεξάμενοι,
3023 2299 3117 2351 καὶ
3154 2299 3254 2363 τὰς
3300 2302 3497 2363 ππτάς
3552 2301 3770 2361 εἰκόνας
3826 2298 3974 2352 ἐϐδε-

2400 2387 2650 2453 λύξαντο,
2706 2390 2996 2443 ἀπώσαντο
3046 2390 3101 2443 δέ
3152 2394 3246 2444 καὶ
3295 2394 3476 2446 πᾶσαν
3532 2393 3851 2457 εὐλάϐειαν,
3894 2415 3978 2465 μι-

2402 2478 2623 2541 σοῦντες
2655 2482 2750 2534 καὶ
2771 2483 3243 2553 ἀποστρεφόμενοι
3268 2485 3397 2547 τοὺς
3443 2486 3657 2555 σεμνῶς
3723 2486 3979 2556 βιοῦντας

2402 2574 2451 2625 εἱ
2490 2574 2789 2641 εὑρεθῶσιν
2849 2576 3185 2645 ἐγγελῶντες
3214 2580 3326 2642 τοῖς
3398 2574 3589 2649 εὐτελῆ
3651 2581 3747 2633 καὶ
3804 2584 3980 2650 σεμνά

2403 2666 2802 2736 ἐνδεδυμένοις,
2867 2669 3339 2737 ἐπιτιμάσθωσαν,
3434 2672 3521 2724 ἵνα
3582 2672 3979 2742 διορθωθῶσιν.

2416 2761 2509 2813 Ἐκ
2546 2762 2655 2833 γὰρ
2684 2763 2795 2816 τῶν
2829 2764 3072 2833 ἀρχαίων
3096 2766 3327 2836 χρόνων,
3370 2768 3536 2835 φησιν
3566 2769 3597 2837 ἡ
3642 2769 3893 2830 σύνοδος,
3934 2771 3982 2821 οἱ

2406 2855 2671 2923 ἱερατικοὶ
2698 2855 2889 2926 ἄνδρες
2928 2859 3163 2926 μετρίως
3196 2851 3289 2911 καὶ
3324 2860 3535 2927 σεμνῶς
3575 2861 3981 2914 ἐπολιτεύοντο.

2404 2941 2535 2999 Εἶτα
2558 2949 2652 3001 καὶ
2689 2948 2780 3000 τὸν
2826 2949 2999 3017 μέγαν
3062 2950 3337 3003 Βασίλειον
3366 2953 3445 3014 εἰς
3479 2958 3790 3025 μαρτυρίαν
3837 2976 3983 3028 πειρ-

2404 3042 2549 3104 άγει,
2602 3040 2977 3110 ἐρμηνεύοντα
3000 3041 3193 3094 τίέστι
3228 3045 3531 3115 περπερεία
3556 3062 3570 3077 ’
3608 3049 3667 3109 ὃς
3705 3066 3883 3116 φησιν
3908 3053 3987 3103 ὅτι

2406 3132 2547 3194 πᾶν,
2578 3129 2605 3181 ὃ
2637 3130 2711 3199 μὴ
2736 3131 2825 3182 διὰ
2847 3132 3059 3201 χρείαν,
3092 3133 3229 3187 ἀλλὰ
3271 3135 3363 3187 διὰ
3422 3136 3820 3207 καλλωπισμὸν
3879 3159 3989 3194 πι-

730 3224 999 3294 syuodus,
1038 3222 1323 3276 exstitere.
1363 3220 1568 3275 Deinde
1610 3221 1791 3291 magni
1836 3236 2057 3290 quoque
2089 3221 2298 3287 Basilii,

2410 3220 2839 3291 ραλαμϐἀνεται,
2865 3225 3201 3293 περπερείας
3236 3226 3349 3295 ἔχει
3379 3231 3732 3299 κατηγορίαν.
3757 3234 3903 3286 Οὔτε
3934 3237 3987 3289 δὲ

733 3315 863 3385 quid
900 3314 1207 3383 περπερεία
1257 3314 1328 3368 sit
1374 3312 1727 3383 explicantis,
1782 3316 2154 3369 testimonium
2207 3317 2302 3370 ad-

734 3405 905 3459 ducit.
928 3402 1377 3471 Quotiescunque
1397 3405 1540 3457 enim
1568 3402 1870 3471 quidpiam,
1893 3419 2002 3457 non
2029 3408 2094 3458 ad
2119 3420 2298 3468 usum,
2316 3418 2338 3434 ν

735 3498 829 3551 sed
872 3497 937 3550 ad
985 3504 1239 3550 ornatum
1287 3496 1666 3547 tantummodo
1699 3510 1762 3549 ac
1792 3495 2118 3565 elegantiam
2154 3498 2296 3550 aditi-

733 3589 890 3650 heas,
937 3588 991 3641 in
1027 3589 1245 3651 vitium,
1294 3587 1489 3654 inquit,
1535 3586 1681 3655 quod
1726 3588 2031 3658 περπερεία
2076 3590 2299 3654 dicitur,

756 3695 1011 3734 ncurras.
1042 3677 1232 3747 Neque
1263 3694 1391 3733 vero
1426 3679 1672 3734 vestibus
1698 3694 1766 3734 ex
1800 3689 2018 3734 metaxa
2052 3683 2302 3751 variega—

735 3776 805 3827 tis
871 3776 1024 3837 (sunt
1074 3782 1255 3825 autent
1314 3771 1420 3824 illa:
1453 3772 1681 3836 seriem,
1737 3787 1767 3825 a
1825 3773 2042 3827 scribus
2100 3774 2305 3844 quippe

2409 3313 2473 3364 ἐκ
2510 3313 2751 3383 μετὰξης
2779 3314 3013 3380 ἐσθῆτας
3050 3319 3477 3388 πεποικιλμένας
3533 3316 3719 3389 (αὗται
3791 3329 3908 3395 γὰρ
3934 3333 3986 3379 αἱ

2412 3404 2658 3472 σηρικαὶ,
2691 3405 2766 3466 ὼς
2794 3405 2881 3457 διὰ
2919 3408 3100 3475 σηρῶν
3138 3411 3417 3478 γινόμεναι
3452 3428 3467 3443 ο
3530 3414 3698 3483 σῆρες
3775 3420 3893 3487 γὰρ
3942 3423 3989 3471 οξ

2411 3494 2692 3564 σκώληκες
2750 3497 3019 3565 λέγονται)
3070 3502 3117 3551 οἱ
3152 3502 3414 3569 ἱερατικοὶ
3446 3506 3613 3558 πάλαι
3646 3509 3987 3573 ἐνεδέδυντο,

2408 3585 2613 3656 λέγειή
2670 3587 2884 3650 σύνοδος
2909 3607 2923 3619 ·
2951 3590 3075 3643 οὕτε
3115 3592 3235 3646 τινὰ
3270 3594 3563 3666 ἑτερόχροα
3626 3600 3987 3669 ἐπιϐλήματσ

2410 3680 2801 3747 προσετίθεσαν
2835 3683 3028 3745 ἐντοῖς
3062 3683 3253 3754 ἄκροις
3310 3688 3421 3740 τῶν
3479 3691 3713 3758 ἱματίων
3780 3697 3985 3747 αὐτῶν.

2416 3774 2523 3824 Kal.
2572 3772 2699 3843 ἐξῆς
2731 3775 2985 3845 ἐπιφέρει
3018 3777 3080 3829 τὸ
3106 3778 3463 3848 εὐαγγελικδν
3492 3786 3684 3854 ῥητόν.

733 3879 945 3925 metaxa
1008 3868 1334 3935 coniicitur,
1399 3883 1554 3923 seres
1602 3884 1766 3939 porro
1812 3884 2026 3925 vermes
2091 3873 2313 3941 quidam
2372 3871 2653 3941 dicuntur)
2704 3872 2798 3941 qui
2845 3872 2897 3925 in
2945 3888 3164 3927 sacrum
3212 3877 3460 3931 ordinem
3540 3884 3781 3949 cooptati
3870 3885 3988 3936 rue-

727 3977 876 4029 rant,
914 3965 1372 4035 inquitsynndus,
1405 3964 1644 4034 antiquis
1680 3968 2015 4034 temporibus
2044 3968 2373 4032 utebantur;
2426 3983 2599 4036 neque
2655 3968 2762 4021 illis
2827 3969 3053 4023 colorati
3122 3974 3285 4040 panni
3375 3976 3751 4031 additamenta
3823 3981 3985 4034 indu-

734 4070 1039 4113 mentorum
1092 4057 1323 4111 fimbriis
1369 4073 1595 4112 assuere
1642 4073 1759 4111 mos
1817 4067 1957 4113 erat.
1990 4058 2125 4125 Qum
2172 4076 2298 4113 mox
2337 4060 2651 4126 evangelica
2687 4062 2958 4114 sententia
2992 4063 3341 4119 clauduntur.

735 4151 959 4206 ARlS’l‘.
1015 4170 1032 4202 ι
1077 4150 1327 4221 Episcopi
1378 4152 1460 4207 vel
1516 4154 1701 4208 clerici
1756 4156 2057 4224 splendidis
2106 4171 2166 4210 se
2218 4156 2302 4210 in-

814 4264 831 4295 ι
871 4244 1096 4298 duentes
1122 4244 1390 4309 vestibus,
1423 4245 1507 4298 vel
1536 4248 1827 4315 unguentis
1856 4247 2105 4309 delibuti,
2131 4249 2304 4301 corri-

815 4356 833 4389 ι
871 4346 1087 4404 gantur.
1125 4336 1486 4392 Persislentes
1504 4348 1684 4392 autem
1712 4318 2065 4408 puniantur.»
2089 4338 2303 4407 Perspi-

809 4447 959 4484 cuus.

1294 4541 1522 4598 LANON
1579 4540 1741 4597 XVII.

814 4766 834 4799 ι
876 4750 969 4818 qui
1020 4751 1291 4818 imperare
1334 4751 1663 4811 desiderent,
1697 4757 1751 4802 et
1796 4765 1988 4818 parere
2021 4760 2311 4815 recusent,

813 4859 831 4889 ε
868 4842 1119 4895 oratoria
1174 4841 1443 4895 mdificare
1486 4841 1899 4910 aggrediuntur,
1939 4856 2062 4895 cum
2111 4856 2173 4896 ea
2198 4858 2309 4897 non

817 4953 835 4984 ι
876 4936 1117 4988 habeant
1167 4950 1287 5003 quae
1338 4934 1405 4988 ad
1465 4933 1852 5004 perfectionem
1904 4935 2200 5002 pertinent.
2252 4934 2311 4989 Si

816 5046 833 5075 ι
874 5026 998 5093 quis
1025 5027 1184 5094 igitur
1216 5029 1317 5080 hoc
1352 5026 1532 5080 facere
1586 5041 1875 5096 aggressus
1904 5024 2087 5091 fuerit,
2120 5028 2308 5096 prohi-

818 5136 837 5167 ‹
886 5117 1076 5170 beatur
1105 5120 1171 5171 ab
1196 5119 1315 5187 ejus
1345 5118 1451 5171 loci
1483 5118 1781 5187 episcOpo:
1818 5117 1865 5174 si
1897 5118 2095 5173 habeat
2125 5129 2307 5176 autem

820 5225 836 5257 ι
880 5222 999 5275 quae
1031 5208 1094 5261 ad
1140 5208 1529 5278 perfectionem
1579 5208 1876 5269 sulIiciuut,
1919 5209 1986 5263 ab
2028 5210 2149 5280 ipso
2177 5211 2312 5266 deli-

822 5318 840 5351 ι
882 5301 1066 5352 herata
1101 5301 1166 5353 ad
1197 5301 1362 5353 finem
1389 5301 1752 5354 deducantur.
1790 5301 1935 5355 Idem
1982 5312 2161 5359 autem
2195 5321 2311 5360 ser-

822 5410 839 5441 ‹
880 5400 1037 5444 vetur
1069 5393 1119 5444 in
1159 5392 1311 5447 laicis
1343 5404 1396 5447 et
1419 5394 1656 5447 clericis.
1691 5412 1709 5445 ›
1920 5383 1927 5389 ’

824 5480 1017 5535 BALS.
1042 5481 1251 5535 Rursus
1276 5499 1496 5553 quoque
1516 5485 1689 5538 sancti
1714 5483 1925 5551 Patres,
1950 5501 2070 5540 cum
2094 5487 2316 5541 omnino

752 5589 859 5625 nan
914 5575 1117 5628 ferrent
1145 5575 1331 5646 gloriae
1362 5576 1719 5647 cupiditatem
1762 5577 1904 5633 inter
1950 5594 2044 5633 eos
2084 5583 2317 5650 versari,

2341 4588 2388 4647 ι)

749 4676 764 4706 ι
794 4655 1034 4722 Quidam
1068 4658 1360 4723 monachi,
1412 4658 1526 4712 suis
1592 4658 1943 4711 monasteriis
1986 4658 2217 4723 relictis,
2256 4670 2313 4714 ut

2411 4155 2632 4208 ΑΡΙΣΤ.
2670 4174 2689 4207 ι
2738 4157 3139 4229 Ἐπίσκοποι,ῆ
3192 4160 3467 4232 κληρικοὶ,
3507 4164 3795 4236 λαμπραῖς
3862 4173 3987 4226 rw.-

2485 4264 2505 4298 ι
2554 4248 2682 4310 τοὺς
2720 4248 3058 4317 κοσμοῦντες
3092 4252 3338 4321 ἐσθῆσιν,
3402 4256 3436 4325 ἢ
3481 4257 3634 4327 μύρα
3680 4264 3987 4331 χρεόμενοι,

2485 4355 2503 4389 ι
2543 4338 2996 4408 διορθούσθωσαν·
3028 4344 3375 4414 ἐπιμένοντες
3401 4348 3985 4423 δέἐπιτιμάσθωσαν.»

2482 4430 2709 4499 Σαφής.

2973 4552 3215 4606 ΚΑΝΩΝ
3245 4556 3344 4608 1Ζ’.

2421 4682 2439 4716 ι
2476 4664 2632 4728 Τινὲς
2665 4664 2772 4719 τῶν
2847 4667 3096 4737 μοναχῶν
3166 4670 3564 4736 καταλιπόντες
3633 4675 3708 4728 τὰ
3783 4679 3989 4733 ἑαυτῶν

2491 4774 2511 4808 ι
2561 4760 2917 4828 μοναστήρια,
2954 4761 3235 4831 ἐφιέμενοι
3258 4764 3350 4817 τοῦ
3378 4765 3593 4835 ἄρχειν,
3630 4770 3732 4822 καὶ
3771 4773 3835 4825 τὸ
3892 4776 3986 4827 ὑπ·-

2492 4866 2511 4899 ι
2547 4849 2766 4903 ἀκούειν
2794 4851 3242 4922 ἁπαναινόμενοι,
3266 4856 3573 4927 ἐγχειροῦσι
3630 4862 3847 4927 κτίζειν
3903 4867 3988 4918 εὖ·

2494 4958 2512 4993 ι
2558 4944 2813 5012 κτηρίους
2844 4943 3131 5010 οἴκους,τά
3187 4948 3325 5018 πρὸς
3356 4951 3714 5021 ἀπαρτισμὸν
3748 4960 3827 5027 μὴ
3852 4958 3988 5026 ἕχον-

2484 5050 2503 5083 (
2548 5048 2661 5095 τες.
2684 5033 2752 5084 Εἴ
2767 5051 2851 5096 τις
2880 5033 3146 5089 οὖντοῦτο
3170 5036 3509 5108 ἐπιχειρήσει
3534 5044 3735 5105 ποιεῖν,
3760 5072 3771 5079 -
3793 5046 3989 5096 κωλυέ-

2496 5142 2514 5175 ι
2555 5124 2665 5177 σθω
2693 5125 2799 5177 ὑπὸ
2820 5125 2915 5178 τοῦ
2940 5127 3080 5180 κατά
3105 5127 3197 5180 τὸν
3225 5129 3391 5183 τόπον
3423 5131 3735 5185 ἐπισκόπου
3769 5136 3916 5203 (38)·
3945 5137 3987 5187 εί

2497 5233 2515 5266 ι
2549 5215 2605 5267 δέ
2624 5216 2693 5269 τὰ
2748 5217 2882 5286 πρὸς
2906 5219 3255 5289 ἀπαρτισμὸν
3322 5222 3434 5293 ἔχει
3476 5224 3543 5276 τά
3591 5224 3987 5295 βεϐουλευμένα

2494 5327 2512 5359 ι
2552 5308 2717 5378 αὐτῷ,
2770 5312 2850 5372 είς
2878 5312 3047 5383 πέρας
3082 5314 3419 5381 ἀγέσθωσαν.
3440 5316 3511 5369 Τὸ
3532 5319 3665 5371 αὐτὸ
3699 5321 3762 5373 δὲ
3798 5324 3988 5389 φυλατ-

2497 5399 2672 5452 τέσθω
2699 5401 2791 5453 καὶ
2825 5402 2918 5453 ἐπὶ
2948 5402 3149 5456 λαῖκῶν
3172 5407 3263 5458 καὶ
3293 5406 3587 5477 κληρικῶν.

2495 5492 2693 5547 ΒΑΛΣ.
2729 5494 2841 5547 Καὶ
2876 5496 3037 5549 πάλιν
3064 5497 3113 5549 οἱ
3136 5498 3278 5565 ἆγιοι
3331 5501 3590 5571 Πατέρες,
3668 5505 3749 5571 μὴ
3804 5507 3981 5573 ἀνεχέ..

2426 5604 2574 5655 μενοι
2603 5588 2740 5649 ὅλως
2764 5589 3236 5660 παρρησιάζεσθαι
3268 5593 3329 5645 τὸ
3355 5593 3453 5663 τῆς
3476 5595 3787 5662 φιλοδοξίας
3828 5600 3986 5661 πάθος

1968 5674 2157 5735 Guill.
2190 5677 2515 5757 Beveregii
2558 5690 2747 5742 notae.

827 5771 938 5837 (58)
981 5770 1092 5822 Τοῦ
1124 5772 1271 5824 κατὰ
1303 5775 1491 5826 τόπον
1518 5775 1875 5831 ἐπισκόπου.
1905 5774 2089 5831 Codex
2120 5779 2310 5831 Amer-

754 5840 1056 5895 bachiauus
1091 5845 1236 5908 legit,
1275 5846 1412 5896 κατά
1445 5845 1647 5909 χώραν.
1704 5845 1764 5899 Ul
1798 5856 1848 5901 cl
1883 5862 2006 5901 mox
2051 5863 2146 5903 ι)ιό
2200 5848 2311 5911 ἔχει

2418 5783 2487 5861 τὰ
2531 5782 3046 5861 βεϐουλευμένα-ω
3112 5785 3413 5861 ΔῬέη-ἱεὶεηδί
3473 5787 3715 5844 editione
3773 5790 3982 5861 legitur.

2421 5851 2532 5914 ἔχει
2564 5853 2657 5904 καὶ
2690 5854 2756 5905 τὰ
2791 5854 3213 5918 βεϐουλευμένα.
