4166 6438
303 400 375 459 ’Ῑ3
1230 400 1309 458 1N
1352 404 1511 461 (IAN.
1551 405 1714 463 XV”
1753 406 1817 464 C(

1918 410 1965 468 Ξ.
2004 412 2113 469 \"ll
2155 413 2501 472 (ECUMEN.

3395 427 3495 485 974

265 529 349 589 είς
370 527 496 586 τοὺς
517 525 961 591 πολιτευομένους
993 533 1132 579 κατα
1170 529 1319 588 ﬁetu,
1355 532 1673 599 διωρίσαντο
1711 536 1817 596 τοὺς

1935 521 2026 584 qui
2082 525 2380 574 secundum
2443 523 2607 576 Dt'um
2653 527 2839 578 αιἰι-οιε
2892 530 3249 594 constituunt,
3281 541 3494 588 3km"!-

267 617 776 686 καταλιμπάνοντας
831 621 1094 685 μοναχοὺς
1145 620 1210 670 τὰ
1263 621 1439 671 οίκεῖα
1492 625 1829 692 μοναστὴρια

264 707 356 758 διὰ
386 706 744 776 φιλοδοξίανῆ
777 708 1160 771 ἁνυποταξίαν,
1201 711 1294 760 καὶ
1324 711 1704 781 ἐγχειροῦντας
1734 718 1829 784 μὲν

262 796 471 857 κτίζειν
492 797 810 864 εὐκτηρίους
837 799 1037 863 οἴκους,
1061 799 1133 866 μὴ
1169 799 1388 866 ἔχοντας
1419 801 1475 853 δὲ
1500 805 1829 872 αὐτάρκειαν

263 887 402 952 πρὸς
425 887 790 955 ἀπαρτισμὸν,
826 889 1129 940 κωλύεσθαι
1161 893 1311 958 παρὰ
1335 894 1428 944 τοῦ
1463 896 1602 946 κατὰ
1643 896 1827 965 χώραν

261 978 585 1038 ἐπισκόπου,
622 978 808 1048 ὥσπερ
832 983 1246 1048 συγκροτεῑσθαι
1295 987 1418 1047 τοὺς
1471 988 1692 1056 ἔχοντας
1734 992 1828 1043 ἀνι

258 1070 575 1132 επ.δεῶς.Τὸ
610 1073 740 1124 αὐτὸ
789 1075 844 1124 δὲ
889 1074 1127 1139 γίνεσθαι
1182 1080 1273 1130 καὶ
1324 1079 1415 1130 ἐπὶ
1473 1081 1673 1135 λαῖκῶν
1733 1085 1826 1136 καὶ

258 1160 561 1229 κληρικῶν.
632 1164 703 1214 Σὺ
763 1163 820 1214 δὲ
871 1165 918 1215 εξ
987 1166 1159 1228 Θέλεις
1217 1167 1410 1225 μαθεῖν
1487 1171 1822 1241 πλατύτερον

258 1252 377 1314 πῶς
412 1257 503 1306 καὶ
536 1258 686 1324 παρὰ
713 1257 870 1308 τίνων
903 1259 1254 1322 κτίζονταιτὰ
1282 1264 1642 1331 μοναστήρια,
1672 1265 1822 1330 ζήτει

256 1357 382 1407 κερ.
417 1343 464 1394 α’
524 1345 614 1394 τοῦ
675 1351 723 1397 α’
779 1347 953 1398 τίτλον
990 1347 1082 1399 τοῦ
1117 1349 1160 1400 δ’
1209 1348 1414 1417 βιϐλίου
1456 1353 1565 1404 τῶν
1609 1354 1824 1405 Βασιλι⁴

259 1434 395 1494 κῶν,
453 1436 588 1500 ὅπερ
639 1438 755 1488 ἐστὶ
808 1438 974 1507 μέρος
1034 1439 1135 1508 τῆς
1193 1438 1314 1509 ρκγ¹
1394 1443 1819 1496 Ίουστινιανείου

255 1527 480 1590 νεαρᾶς,
538 1529 628 1578 καὶ
675 1529 734 1579 τὸ
782 1530 899 1580 ὅλον
972 1529 1018 1581 α’
1068 1548 1190 1599 κειρ.
1236 1531 1330 1583 τοῦ
1382 1530 1450 1585 ια’
1502 1535 1677 1585 τίτλον
1727 1534 1819 1586 τοῦ

254 1617 527 1685 παρόντες
562 1620 961 1687 συντάγματος,
999 1623 1093 1673 καὶ
1122 1622 1189 1673 τὰ
1237 1625 1293 1674 ὲν
1323 1625 1469 1694 αὑτῷ
1502 1644 1513 1654 ·
1554 1627 1818 1691 ὡσαύτως

252 1708 350 1756 καὶ
380 1707 469 1759 τὸν
521 1713 567 1759 α’
601 1709 798 1761 κανόνα
828 1710 923 1779 τῆς
956 1711 1116 1778 ἁγίας
1145 1714 1239 1764 καὶ
1269 1715 1514 1784 μεγάλης
1545 1715 1592 1768 α’
1622 1722 1715 1770 καὶ

254 1797 479 1848 συνόδου
511 1799 611 1867 τῆς
661 1803 718 1853 ἐν
773 1800 850 1870 τῷ
899 1802 1009 1869 ναῷ
1049 1803 1157 1854 τῶν
1226 1805 1424 1871 Ἀγίων
1480 1808 1817 1862 Ἀποστόλων

257 1889 553 1956 συστάσης,
593 1891 684 1943 καὶ
713 1891 888 1962 μάθῃς
919 1893 1096 1946 πάντα
1128 1896 1194 1947 τὰ
1225 1897 1352 1965 περὶ
1397 1898 1816 1970 τῆς-οἰκοδομῆς

250 1977 364 2029 τῶν
397 1983 801 2053 μοναστηρίων.
826 1985 899 2036 Τὸ
930 1985 1112 2052 μέντοι
1138 1989 1508 2059 προκομισθὲν
1531 1994 1685 2062 παρὰ
1713 1994 1819 2046 τῶν

255 2073 426 2138 ἁγίων
461 2074 740 2141 Πατέρων,
772 2077 845 2145 μὴ
890 2077 1282 2147 ὲξακουὸμενον
1323 2082 1418 2134 καὶ
1467 2083 1560 2136 ἐπὶ
1612 2084 1818 2140 λαῖκῶν

252 2165 352 2217 καὶ
380 2166 680 2234 κληρικῶν,
713 2168 948 2221 ἔκλαϐοὖ
976 2171 1057 2231 εἰς
1111 2172 1307 2240 μόνους
1352 2174 1478 2238 τοὺς
1528 2177 1816 2248 μοναχούς.

251 2257 329 2309 τὸ
353 2257 407 2310 δὲ
436 2258 741 2312 κωλύεσθαι
788 2261 914 2322 τοὺς
963 2261 1250 2326 κτίζοντας
1299 2269 1672 2338 μοναστήρια,
1723 2270 1820 2322 καὶ

255 2349 335 2419 μὴ
365 2349 583 2418 ἔχοντας
611 2351 886 2420 ἀρκοῦσαν
919 2353 1169 2423 δαπάνην
1205 2355 1436 2408 ἕλκυσον
1469 2358 1548 2422 είς
1585 2361 1814 2426 πάντας,

250 2443 419 2509 ἤγουν
451 2442 529 2502 είς
573 2441 812 2506 λαῖιιοίις,
855 2444 1173 2514 κληρικοίις,
1215 2448 1550 2512 ἐπισκόπους
1576 2490 1589 2514 ,
1648 2468 1817 2521 μονα-

249 2531 384 2598 χοὶις
414 2535 508 2583 καὶ
539 2532 782 2595 λοιπούς.
828 2533 1126 2602 Ἐρωτήσει
1172 2535 1229 2588 δέ
1274 2555 1377 2599 τις,
1425 2540 1533 2592 Καὶ
1561 2543 1679 2605 πῶς
1717 2543 1816 2613 τὴν

249 2621 502 2690 δαπάνην
554 2624 993 2694 ἀπαιτηθήσεται
1033 2627 1061 2677 ὁ
1092 2626 1261 2678 θέλων
1308 2628 1493 2683 κτίσαι
1545 2637 1819 2705 μοναστή-

250 2730 406 2782 ριονς
433 2708 579 2782 τΑρα
609 2715 836 2784 χρυσίου
864 2717 1037 2770 πολλὰ
1059 2735 1186 2794 τινα⁴
1206 2719 1445 2774 τάλαντα
1486 2721 1517 2792 ἢ
1561 2727 1820 2795 μετρίους

249 2806 573 2874 στατῆραςς
621 2807 834 2871 Λύσις.
892 2808 1058 2860 Οὐδὲν
1133 2809 1193 2874 ἐξ
1233 2811 1452 2880 ἀμφοῖν.
1517 2814 1655 2868 Οὔτε
1711 2819 1819 2888 γὰρ

250 2896 624 2962 ἀναγκάζεταί
658 2916 741 2961 τις
765 2904 1139 2970 προσαγαγεῖν
1169 2902 1246 2973 τῷ
1273 2905 1391 2976 Θεῷ
1418 2909 1818 2982 μεγαλοπρεπῆ

250 2987 350 3037 καὶ
382 2987 538 3049 ἀξίαν
568 2993 964 3062 προσαγωγὴν,
993 2993 1116 3046 οὔτε
1144 3000 1565 3068 μικροπρεποῦς
1589 3005 1818 3073 χρυσίου

251 3081 574 3148 κερμάτιον,
634 3083 708 3152 μὴ
749 3085 952 3154 ἀρκοῦν
1000 3088 1082 3149 είς
1128 3088 1156 3140 ὃ
1208 3091 1476 3161 προέθετο
1522 3096 1819 3166 προφέρων

1939 621 2087 672 rtmt,
2133 619 2190 662 ut
2225 614 2473 666 monachi
2500 653 2512 674 ,
2557 617 2647 681 qui
2692 628 2906 682 propter
2938 619 3119 683 gloria:
3146 623 3492 689 copiditatcm

1939 711 2035 749 sua
2096 707 2428 756 monasteria
2483 705 2838 772 relinquunt.
2903 711 2984 761 vel
3056 713 3216 764 etiam
3279 725 3496 781 prOptcr

1938 774 2383 854 inobedientiam,
2425 803 2474 846 ct
2501 799 2737 848 oratoria
2767 798 2986 865 quidem
3009 801 3279 857 mdillcare
3305 820 3498 874 aggre-

1936 877 2181 943 diuntur,
2216 900 2320 936 non
2359 885 2556 941 habent
2592 900 2771 943 autem
2800 907 2917 958 qua:
2950 893 3016 944 ad
3048 895 3165 957 ejus
3202 898 3494 963 perfectio-

1936 985 2058 1023 nem
2110 975 2402 1037 sniliciunt,
2475 980 2866 1046 prohibeantur
2927 985 2994 1037 ab
3059 987 3202 1041 illius
3254 991 3493 1057 regionis

1934 1063 2210 1133 episcOpo,
2256 1078 2314 1118 nt
2351 1070 2442 1136 qui
2494 1088 2554 1121 ea
2603 1073 2930 1128 constituere
2973 1075 3154 1130 minus
3196 1075 3490 1134 sull‘tc’iunt.

1936 1153 2048 1209 Hoc
2084 1157 2261 1222 ipsam
2302 1172 2482 1214 autem
2518 1165 2680 1216 etiam
2721 1166 2833 1217 ﬁeri
2886 1166 2940 1218 in
2995 1167 3148 1223 laicis
3188 1179 3240 1222 et
3278 1173 3493 1225 clericis

1932 1245 2239 1304 decrevere.
2292 1250 2345 1305 Si
2387 1253 2547 1306 latins
2593 1265 2775 1308 autem
2825 1259 2969 1313 scire
3006 1263 3163 1327 velis,
3217 1265 3490 1332 quomodo

1930 1346 1982 1390 ct
2009 1354 2037 1390 a
2064 1341 2261 1404 quibus
2291 1343 2632 1398 aediﬁcantur
2663 1351 2989 1404 monasteria
3017 1393 3031 1417 ,
3068 1370 3252 1422 qurere
3285 1372 3404 1425 cap.
3439 1360 3489 1418 l,

1932 1431 2013 1483 tit.
2058 1432 2108 1493 1,
2143 1433 2235 1486 lib.
2281 1450 2333 1486 ιν
2373 1433 2591 1493 Basilic.
2627 1455 2746 1506 qure
2783 1443 2998 1506 quidem
3043 1455 3124 1499 est
3188 1463 3312 1514 pars
3388 1449 3488 1500 125

1927 1519 2215 1577 Justianini
2243 1524 2493 1590 Novellie,
2517 1540 2566 1583 et
2589 1539 2755 1584 totum
2775 1548 2894 1600 cap.
2918 1535 3067 1596 Ltit.
3096 1537 3180 1598 ll,
3208 1542 3490 1606 prwsentis

1927 1619 2125 1684 operis,
2147 1626 2199 1669 et
2228 1634 2346 1686 qua:
2379 1630 2503 1673 sunt
2529 1623 2580 1675 in
2609 1639 2710 1687 eo;
2746 1626 2993 1678 similiter
3021 1637 3072 1679 et
3095 1642 3212 1681 can.
3244 1631 3264 1682 1
3294 1637 3492 1686 saneta:

1926 1717 1979 1759 et
2007 1722 2209 1776 magna:
2245 1712 2436 1778 prima:
2475 1724 2523 1767 ct
2551 1719 2806 1770 secundae
2845 1721 3034 1788 synodi
3071 1723 3262 1788 qnwin
3290 1728 3487 1793 templo

1929 1797 2253 1852 Sanctorum
2282 1801 2676 1872 Apostolorum
2704 1821 3030 1875 congregata
3054 1821 3135 1865 est
3171 1830 3184 1865 ε
3221 1824 3274 1866 et
3304 1816 3487 1870 disces

1918 1891 2100 1943 omnia
2134 1907 2253 1959 qua:
2284 1897 2347 1946 ad
2389 1899 2844 1951 monasteriorum
2868 1901 3286 1957 :ediflcationem
3315 1908 3484 1973 perti.

1922 1989 2073 2033 nent.
2106 1980 2260 2046 Quod
2308 1994 2487 2038 autem
2538 2002 2568 2040 a
2605 1990 2812 2044 sanctis
2840 1989 3093 2046 Patribus
3130 1996 3180 2046 in
3219 1999 3485 2062 prooemio

1921 2069 2128 2124 dictum
2167 2083 2271 2137 est,
2299 2075 2352 2128 in
2397 2076 2554 2130 laicis
2587 2081 2750 2132 etiam
2787 2089 2842 2135 et
2867 2084 3085 2138 clericis
3117 2102 3222 2139 non
3262 2089 3487 2142 exaudi-

1924 2171 2060 2224 tum,
2084 2163 2150 2217 de
2178 2166 2310 2220 solis
2329 2169 2613 2221 monachis
2637 2171 2839 2239 accipe.
2857 2171 3138 2227 Prohiberi
3163 2189 3341 2230 autem
3368 2197 3485 2246 eos,

1903 2252 2012 2320 ‘qui
2056 2255 2383 2308 monasteria
2430 2256 2732 2320 aedificant,
2793 2271 2846 2313 et
2897 2273 3172 2329 sumptum
3219 2267 3485 2321 sutlit-icn-

1919 2349 2027 2396 tem
2059 2358 2169 2397 non
2206 2345 2429 2411 habent,
2463 2347 2530 2400 ad
2553 2364 2741 2404 omnes
2773 2353 2978 2407 scilicet
3018 2356 3206 2420 laicos,
3227 2360 3481 2423 clericos,

1920 2433 2235 2504 episcopos,
2269 2439 2567 2494 monachos
2597 2450 2651 2494 et
2679 2443 2917 2512 reliquos
2949 2451 3199 2501 extende.
3237 2451 3480 2519 Rogare-

1920 2525 1989 2578 rit
2038 2536 2217 2580 autem
2275 2530 2569 2598 quispiam,
2629 2533 2690 2586 Et
2727 2547 2966 2603 quantus
3018 2553 3268 2609 sumptus
3306 2546 3373 2598 ab
3419 2564 3484 2599 eo

1918 2614 2185 2682 exigetur,
2212 2618 2306 2685 qni
2328 2620 2456 2670 velit
2478 2623 2871 2675 monasterium
2898 2629 3219 2682 exstruere?
3248 2630 3482 2684 Multane

1919 2709 2038 2760 auri
2068 2709 2293 2773 talenta,
2317 2726 2382 2762 an
2407 2723 2637 2766 stateres
2669 2715 2908 2783 aliquot?
2949 2716 3175 2774 Salutio.
3196 2720 3478 2782 Neutruln,

1919 2799 2038 2853 Non
2069 2801 2212 2854 enim
2244 2810 2469 2870 cogetur
2501 2805 2772 2874 quispiam
2819 2810 3164 2876 magniﬁcam
3205 2823 3259 2865 et
3305 2820 3480 2884 magni

1920 2892 2078 2961 pretii
2133 2891 2242 2947 Deo
2283 2893 2481 2949 oﬂ'crre
2530 2897 2889 2964 oblationem,
2939 2918 3037 2957 nec
3082 2906 3347 2961 minutnla
3386 2912 3481 2963 alt-

1921 2991 2053 3051 qnot
2098 2983 2218 3036 auri
2266 2985 2621 3050 numismata,
2677 2988 2742 3041 ad
2776 3004 2836 3042 ea
2882 3006 3001 3059 qum
3046 2999 3331 3063 proposuit
3373 3015 3478 3052 non

1919 3073 2296 3130 suﬂicientiam
2330 3075 2562 3155 aﬂ'erens
2606 3081 2949 3136 exaudietur.
2987 3083 3090 3139 Sed
3133 3090 3258 3151 quia
3288 3107 3481 3146 mona-

249 3173 760 3242 εἰσακουσθήσεται.
842 3177 983 3229 Ἀλλ’
1043 3181 1167 3232 ἐπεὶ
1240 3182 1299 3234 τὸ
1367 3183 1654 3254 ἐλάχιστον
1715 3189 1817 3242 ὑπὸ

1924 3171 2150 3223 steritnn
2181 3185 2210 3223 a
2243 3171 2421 3227 tribus
2458 3174 2523 3226 ad
2553 3174 2839 3228 minimum
2881 3181 3160 3234 monachis
3192 3187 3482 3240 constitui-

252 3264 442 3334 τριῶν’
469 3268 722 3337 μοναχῶν
766 3269 1084 3325 συνίσταται
1140 3277 1525 3345 μοναστήριον,
1569 3281 1817 3349 ἀναγκα-

251 3353 516 3424 σθήσεται
584 3359 612 3408 ὁ
667 3359 847 3411 κτίσαι
927 3360 1135 3428 μέλλων
1204 3370 1569 3432 προσαγαγεῖν
1635 3369 1683 3420 εί
1742 3370 1817 3438 μὴ

246 3446 494 3511 πλείονα,
526 3448 662 3510 τέως
688 3449 746 3500 δὲ
778 3450 847 3501 τὰ
877 3450 1151 3519 ἀρκοῦντα
1189 3454 1268 3515 εἰς
1314 3455 1662 3524 ἀπαρτισμὸν
1687 3459 1816 3512 ναοῦ

246 3534 347 3587 καὶ
392 3535 706 3606 οἰκονομίαν
757 3537 926 3591 αὑτοῦ
980 3541 1074 3592 καὶ
1134 3543 1302 3612 τριῶν
1351 3544 1619 3612 μοναχῶν.
1678 3548 1832 3617 Φησὶ.

245 3626 418 3695 γὰρὴ
451 3623 512 3678 ιδ’
542 3628 709 3697 νεαρὰ
745 3628 840 3680 τοῦ
889 3630 1155 3699 βασιλέως
1218 3633 1408 3704 κυρίου
1452 3635 1679 3700 Λέοντος
1721 3640 1815 3692 τοῦ

246 3719 546 3785 Φιλοσόφου
606 3722 745 3788 μετὰ
797 3722 860 3774 τὸ
911 3724 1196 3793 προοίμιον
1245 3726 1454 3780 ταῦτα·
1487 3730 1672 3797 Φαμὲν
1722 3727 1817 3784 οὖν

245 3806 348 3873 ὡς,
383 3810 505 3860 ἐπεὶ
537 3810 599 3862 τὸ
626 3810 770 3863 θεῖον
819 3812 993 3882 ἰπῆγε
1039 3813 1212 3884 στόμα
1236 3831 1252 3846 ·
1297 3817 1492 3871 Ὅπου
1532 3820 1649 3872 εἰσὶ
1706 3823 1817 3876 δύο

246 3897 288 3966 ἣ
337 3899 492 3966 τρεῖς
548 3901 918 3970 συνηγμένοι
968 3903 1041 3956 ἐν·
1088 3901 1166 3969 τῷ
1232 3906 1478 3976 ὀνόματί
1501 3926 1644 3978 μου,
1693 3911 1822 3972 ἐκεῖ

248 3991 367 4058 ειμι
399 3990 656 4060 ἐνμέσῳ
700 3993 920 4058 αὐτῶν,
965 3995 1164 4066 χρῆναι
1201 3997 1263 4050 τὸ
1305 3999 1588 4068 ἐλάχιστον
1638 4005 1815 4072 τρισὶν

250 4078 519 4149 ἐπαρκεῖν
547 4082 607 4133 τὺ
658 4087 1028 4155 μοναστηρίου
1071 4089 1268 4158 κλῆσιν
1307 4090 1676 4160 ὑποδυόμενον
1721 4093 1814 4160 ἔρ·

247 4185 370 4236 γον,
408 4162 776 4241 δηλονότικαὶ
805 4174 914 4228 τῶν
953 4177 1128 4231 ἄλλων
1165 4179 1325 4249 ἱερῶν
1351 4182 1668 4251 κειμηλίων,
1718 4185 1815 4239 ὅσα

246 4278 308 4313 τε
341 4263 477 4332 πρὸς
502 4265 783 4332 ἁγιστείαν
813 4268 907 4321 καὶ
935 4268 1243 4338 δοξολογίαν
1268 4273 1491 4343 ὁρῶσιν,
1535 4271 1814 4348 ὑπαρχού-

249 4369 354 4420 σης
381 4355 484 4424 τῆς
510 4351 789 4426 εὐπορίας.
816 4359 909 4430 Τῷ
942 4361 1044 4431 μὲν
1090 4361 1185 4415 οὖν
1217 4364 1352 4434 πρὸς
1383 4366 1675 4433 ἀνιέρωσιν
1713 4387 1813 4439 μο-

248 4447 547 4516 ναστηρίου
608 4449 887 4504 ἀκώλυτον
935 4454 1112 4518 ἕξοντι
1169 4455 1269 4525 τὴν
1321 4457 1686 4530 ἐπιχείρησιν,
1733 4463 1815 4525 εἰς

1922 3267 2031 3323 tur,
2057 3271 2303 3332 cogetur,
2326 3263 2420 3333 qui
2444 3265 2556 3317 vult
2580 3265 2873 3332 aedificare,
2906 3268 3097 3324 alferre
3117 3272 3279 3343 320
3307 3276 3351 3329 si
3376 3294 3481 3331 non

1919 3351 2098 3418 plura,
2161 3368 2225 3406 ea
2270 3355 2489 3422 quidem
2530 3367 2677 3410 certe
2709 3373 2827 3426 quae
2884 3359 3157 3416 sufﬁciunt
3201 3367 3266 3417 ad
3300 3370 3483 3439 templi

1923 3441 2329 3510 perfectionem,
2396 3463 2658 3517 suamque
2722 3461 2776 3503 et
2856 3451 3016 3505 trium
3088 3460 3478 3514 monachorum

1921 3534 2311 3592 habitationem
2341 3547 2394 3593 et
2423 3541 2814 3608 provisionem.
2871 3545 3006 3598 Dicit
3031 3550 3172 3602 enim
3206 3553 3268 3604 M
3312 3553 3479 3624 impe-

1921 3625 2120 3680 ratoris
2181 3628 2385 3682 domini
2452 3629 2652 3687 Leonis
2718 3633 3035 3706 Philosophi
3088 3638 3307 3696 Novella
3362 3656 3484 3714 pos:

1918 3721 2242 3786 prooemium
2293 3721 2439 3777 haec:
2487 3722 2730 3780 Dicimus
2787 3729 2966 3798 itaque
3019 3733 3163 3801 quod
3225 3740 3479 3804 qtmniam

1919 3810 2105 3865 divino
2152 3826 2249 3866 ore
2278 3813 2487 3868 dictum
2519 3826 2622 3882 est,
2668 3817 2768 3871 Ubi
2805 3831 2925 3873 sunt
2965 3823 3070 3875 duo
3103 3829 3182 3876 vel
3223 3838 3328 3880 tres
3359 3846 3482 3882 con-

1917 3906 2119 3972 gregati
2151 3904 2204 3956 in
2225 3908 2433 3960 nomine
2481 3925 2614 3973 meo,
2648 3910 2758 3963 illic
2785 3928 2901 3966 sum
2931 3915 2984 3966 in
3012 3916 3181 3969 medio
3214 3935 3392 3993 eorum
3416 3924 3482 3986 ⁸⁸,

1918 4009 2132 4067 oportet
2168 4000 2343 4056 tribus
2390 4003 2456 4056 ad
2508 4005 2793 4060 minimum
2841 4008 3086 4064 sullicere
3127 4028 3284 4083 Opus,
3338 4021 3478 4085 quod

1919 4093 2239 4146 monasterii
2272 4093 2423 4148 subit
2456 4096 2875 4164 appellationem
2905 4139 2921 4164 ,
2973 4109 3028 4156 et
3071 4103 3304 4160 aliorum
3335 4110 3480 4162 scili-

1918 4192 2004 4239 cet
2033 4185 2395 4255 pretiosorum
2426 4187 2941 4259 instrumentorum,
2973 4210 3096 4262 quae
3125 4197 3190 4250 ad
3232 4213 3477 4254 ceremo—

1917 4278 2038 4332 nias
2068 4276 2272 4346 Deique
2303 4279 2510 4332 cultum
2550 4289 2603 4334 et
2633 4283 2876 4338 nominis
2895 4285 3315 4342 celebrationem
3361 4307 3482 4359 ρι-τ-

1917 4369 2112 4432 tinent,
2147 4384 2255 4422 non
2281 4368 2473 4425 deesse
2509 4371 2844 4428 facultatem.
2879 4375 3014 4429 Eum
3058 4393 3204 4446 ergo,
3237 4381 3327 4448 qni
3363 4397 3480 4434 mo-

1918 4461 2216 4516 nasterium
2264 4476 2590 4517 consecrare
2639 4465 2767 4518 velit
2808 4468 3024 4536 aggredi
3057 4469 3193 4523 citra
3229 4472 3478 4540 prohibi-

245 4537 505 4591 τοσοῦτον
535 4540 719 4611 δεήσει
767 4544 828 4596 τὸ
861 4545 1146 4616 ἐλάχιστον
1183 4547 1244 4600 τὸ
1293 4550 1587 4620 ἀφιέρωμα
1631 4571 1814 4606 συντε-

1918 4552 2144 4616 tionem,
2176 4568 2244 4606 eo
2284 4569 2456 4623 usque
2499 4555 2571 4607 ad
2617 4556 2899 4610 minimum
2933 4537 3319 4628 oportebit—ad
3359 4566 3480 4626 ejus

247 4626 386 4681 λεῖν.
429 4629 555 4682 Ὀτι
586 4631 643 4683 δὲ
669 4634 718 4684 oi
770 4634 1038 4699 πλεῖστοι,
1074 4637 1211 4707 πρὸς
1249 4639 1348 4710 τὴν
1402 4643 1657 4711 τοιαύτην
1698 4645 1820 4696 ἐπι-

248 4719 502 4790 χείρησιν
536 4723 763 4787 ἑαυτοὺς
786 4726 1144 4792 ιπιδιδόντις,
1183 4731 1356 4782 ἐνίοτε
1395 4732 1570 4786 ὀπίσω
1616 4733 1814 4806 βουλῆς

245 4812 667 4878 ἀπολείπονται,
699 4817 1070 4887 προλαϐόντος
1112 4820 1209 4873 τοῦ
1265 4823 1521 4892 θανάτου,
1569 4829 1664 4878 καὶ
1716 4829 1814 4898 τῆς

246 4904 306 4954 ἑν
337 4903 646 4974 ἀνθρώποις
675 4908 873 4971 αὐτοὺς
900 4915 1348 4985 συναναστροφῆς
1371 4915 1811 4986 ὲξαφανίζοντος,

243 4996 423 5048 ἐκεῖνο
468 4997 598 5068 ἡμῖν
651 4998 963 5063 θεσπίζεται
1014 5003 1090 5064 ὡς
1121 5044 1133 5065 ,
1187 5005 1570 5071 διατυπώσεως
1618 5009 1817 5080 προελ-

244 5085 470 5157 θούσης,
513 5090 584 5143 τὰ
624 5091 683 5143 ἐν
713 5094 848 5163 αὐτῇ
882 5095 1222 5167 διορισθέντα
1258 5097 1411 5152 ἔσται
1444 5103 1540 5168 τῆς
1575 5101 1806 5172 Ἐκκλη-

246 5182 390 5243 σίας.
425 5183 486 5234 Εἰ
515 5182 594 5248 δὲ,
623 5184 782 5237 ὁποῖα
822 5187 995 5240 πολλὰ
1024 5189 1181 5258 φέρει
1213 5191 1273 5241 τὸ
1298 5190 1513 5261 ἄδηλον,
1557 5193 1662 5264 πρὸ
1712 5197 1814 5264 τῆς

242 5273 356 5325 τῶν
409 5274 629 5328 οίκείων
685 5278 1062 5349 ἀναρπασθείη
1111 5281 1538 5348 διατυπώσεως,
1601 5288 1810 5339 παίδων

244 5365 348 5434 μὲν
377 5367 620 5420 ὑπόντων
643 5369 768 5440 ἄχρι
799 5372 991 5441 τριῶν,
1025 5387 1290 5443 τέταρτον
1322 5376 1486 5445 μέρος
1508 5376 1608 5444 τῆς
1638 5379 1814 5449 ὺπάρ-

240 5459 379 5522 ξεως
404 5457 748 5512 οἰκειώσεται
778 5462 811 5529 ἡ
840 5464 975 5531 μονή
1017 5477 1030 5493 ⁸
1082 5464 1343 5516 ἐπέκεινα
1384 5465 1439 5516 δὲ
1471 5465 1566 5517 τοῦ
1617 5468 1803 5535 τρίτου

238 5549 478 5621 ἀριθμοῦ
503 5553 782 5625 προϊόντος
812 5553 906 5607 τοῦ
940 5554 1040 5626 τῆς
1069 5557 1233 5626 γονῆς
1277 5556 1541 5623 πλήθους,
1597 5576 1807 5626 συγκα-

235 5643 524 5707 ταλέξεται
553 5646 614 5699 τὸ
670 5649 1033 5718 μοναστήριον
1069 5652 1183 5710 τοῖς
1220 5652 1402 5712 παισὶ,
1451 5651 1546 5702 καὶ
1593 5650 1663 5702 τὰ
1716 5652 1809 5703 ἴσα

235 5734 452 5812 τούτων
517 5737 730 5808 ἑκάστῳ
784 5739 1011 5810 λήψεται
1056 5741 1120 5794 ἐκ
1156 5741 1339 5810 πάσης
1365 5743 1704 5810 περιουσίας,
1738 5740 1805 5814 ἧς

315 5829 362 5862 ⁸⁸
391 5831 581 5887 Matth.
615 5848 772 5902 xvnt,
807 5832 899 5887 20.

1919 4647 2389 4700 consecrationem
2439 4648 2774 4717 impendere.
2815 4649 3084 4716 Quoniam
3131 4665 3309 4709 autem
3363 4659 3482 4726 plu-

1917 4733 2064 4800 rimi,
2099 4735 2190 4805 qui
2223 4752 2280 4791 se
2309 4737 2402 4790 tali
2447 4738 2526 4792 rei
2583 4741 2965 4809 aggrediundae
3002 4742 3281 4808 dedidere,
3339 4762 3472 4801 non-

1916 4841 2197 4897 nunquam
2241 4839 2428 4899 postea
2461 4830 2691 4885 consilio
2733 4831 3090 4899 frustrantur,
3124 4845 3301 4890 morte
3341 4853 3478 4906 pra:-

1915 4916 2188 4980 veniente,
2240 4925 2294 4970 et
2325 4931 2511 4972 eorum
2551 4919 2690 4974 inter
2724 4920 2970 4975 homines
3005 4926 3476 4980 conversationem

1915 5007 2159 5070 tollente,
2207 5007 2340 5062 illud
2379 5026 2405 5060 ιι
2450 5010 2605 5064 nobis
2637 5011 2982 5077 decernitur;
3021 5013 3163 5083 quod
3209 5015 3254 5069 si
3307 5024 3473 5070 testa-

1917 5107 2164 5153 mentum
2215 5102 2588 5170 praecesserit,
2645 5120 2766 5173 qua:
2813 5105 2867 5157 in
2915 5121 2980 5160 eo
3027 5106 3287 5175 disposita
3329 5119 3477 5168 sunt,

1915 5201 2079 5246 erunt
2151 5192 2464 5247 Ecclesiae:
2535 5193 2620 5247 sin
2685 5204 2870 5249 antetn
2939 5197 3246 5264 eujusmodi
3311 5200 3478 5252 multa

1915 5297 2100 5336 rerum
2155 5283 2311 5338 affert
2351 5285 2698 5346 ineertitudo,
2750 5297 2877 5340 ante
2945 5288 3146 5342 factum
3191 5291 3257 5345 de
3316 5293 3482 5345 rebus

1918 5375 2033 5430 suis
2066 5385 2449 5431 testamentum
2491 5395 2520 5431 e
2560 5379 2737 5431 medio
2782 5381 3034 5434 sublatus
3071 5382 3252 5443 fuerit,
3287 5386 3331 5434 si
3369 5385 3478 5435 sint

1920 5467 2139 5535 quidem
2198 5477 2308 5520 tres
2367 5468 2570 5531 liberi,
2623 5478 2872 5536 quartam
2947 5471 3215 5524 bonorum
3272 5483 3478 5540 partem

1916 5559 2019 5612 sibi
2074 5557 2367 5612 vindicabit
2439 5561 2884 5614 monasterium:
2945 5562 3030 5615 sin
3099 5575 3279 5614 autem
3341 5562 3476 5615 ultu-.t

1919 5652 2138 5703 tertium
2204 5664 2489 5702 numerum
2551 5650 2722 5716 prolis
2773 5653 3101 5716 processerit
3169 5650 3475 5707 multitudo,

1917 5743 2305 5799 monasterium
2365 5759 2470 5798 una
2525 5759 2649 5798 cum
2707 5745 2895 5799 liberis
2952 5746 3364 5803 numerabitur.
3425 5757 3481 5800 et
