4166 6438
703 444 835 505 975

2005 425 2277 484 ΤΗΕΗΙ),
2319 419 2714 478 BALSAMON

3838 413 3942 473 916

709 558 1084 630 unusquisque
1132 565 1319 606 corum
1351 549 1611 617 mqualem
1641 554 1846 608 partem
1885 542 2116 609 accipiet
2149 544 2267 591 uni-

2394 562 2468 625 ιύχ
2522 558 2756 609 ἅπτεται
2825 555 2960 622 χρέα
3012 553 3105 602 τοῦ
3162 551 3507 620 τεθνηκότος.
3558 549 3825 610 Ἀπαιδος
3883 550 3939 598 δὲ

706 664 986 704 versarunt
1009 643 1350 701 facultatum,
1371 655 1505 708 quas
1523 636 1765 690 defuncti
1785 635 1963 687 debita
1985 648 2090 684 non
2109 631 2272 681 attin-

656 779 674 804 ,ς
709 753 864 811 gnnt.
900 740 957 792 Si
981 745 1161 790 autem
1194 735 1394 786 liberos
1436 745 1542 782 non
1570 729 1765 780 habeat
1792 726 1884 793 qui
1927 723 2037 776 vita
2077 735 2267 775 exces-

670 846 681 910 ;
707 840 778 892 sit
799 875 814 899 ,
853 833 945 887 sed
988 828 1206 894 irelictis
1232 823 1548 895 parentibus
1587 817 1904 877 decesserit,
1932 815 2000 868 iis
2023 804 2147 882 quae
2171 813 2270 864 lia-

672 905 682 937 i
711 931 800 984 bet
831 924 1079 980 bifariam
1105 918 1316 980 divisis,
1341 916 1508 967 altera
1533 911 1747 980 quidem
1785 923 1910 975 pars
1931 905 2272 974 parentibus,

711 1022 878 1074 altera
923 1028 1050 1069 vero
1111 1007 1445 1064 monasterio
1477 1004 1741 1057 tradetur.
1775 1001 1831 1052 Si
1889 1006 2068 1050 autem
2102 998 2266 1048 luere-

712 1113 874 1166 dibus
908 1100 1326 1161 ascendentibus
1361 1097 1655 1151 destitutus
1687 1091 1870 1155 fuerit,
1921 1103 2017 1142 eos
2066 1095 2274 1147 autem,

711 1205 804 1274 qui
877 1216 970 1270 per
1036 1191 1458 1250 transversalem
1518 1187 1717 1240 lineam
1775 1199 1899 1238 eum
1951 1181 2274 1248 attingunt,

711 1270 892 1349 clerus
921 1287 1240 1362 admiserit:
1280 1283 1382 1350 ipsi
1411 1279 1652 1349 quidem,
1679 1276 1997 1344 quicunque
2050 1270 2274 1332 iuerint,

713 1391 928 1443 tertiam
987 1391 1196 1452 partem
1245 1373 1633 1445 possidebunt,
1689 1368 1807 1422 dua:
1858 1373 2038 1419 autem
2094 1371 2277 1432 partes

714 1479 970 1535 Ecclesia:
983 1473 1259 1527 accedent.
1281 1467 1345 1520 Et
1363 1469 1474 1519 haec
1503 1463 1721 1532 quidem
1757 1461 1821 1511 de
1847 1459 1914 1512 iis
1938 1457 2030 1526 qui
2090 1469 2277 1508 mona—

715 1574 880 1630 steria
916 1567 1207 1622 :edilicant.
1254 1558 1609 1627 Interrogatio
1647 1570 1664 1618 ;
1708 1552 1764 1605 Si
1813 1550 1936 1619 quis
1966 1557 2145 1602 autem
2177 1546 2279 1599 do-

716 1685 863 1723 mum
915 1660 1212 1717 oratoriam
1245 1696 1260 1719 ,
1328 1667 1436 1706 non
1514 1645 1908 1701 monasterium
1939 1683 1956 1704 ,
2012 1639 2280 1694 aediﬁcare

714 1758 965 1818 voluerit,
1000 1762 1276 1807 tantamne
1308 1755 1368 1798 ut
1403 1740 1600 1809 aﬂ‘erat
1637 1739 1968 1805 impensam,
1999 1730 2150 1800 abieo
2188 1743 2282 1797 po-

2376 649 2714 716 ὑπάρχοντος
2745 646 2841 698 τοῦ
2876 645 2965 695 τὸν
2999 645 3113 711 βίον
3145 641 3537 703 ἀπολιπόντος,
3577 642 3671 691 ἐπὶ
3723 639 3942 705 γονεῦσι

2373 742 2430 793 δὲ
2495 741 2768 805 λιπόντος,
2817 739 2940 807 διχῆ
2975 726 3083 790 τῶν
3118 738 3430 805 προσόντων
3461 734 3876 800 διαιρουμένων,
3908 734 3939 800 ἠ

2377 832 2479 900 μὲν
2506 832 2747 898 γονεῦσι,
2780 833 2812 900 ἡ
2843 831 2888 882 δ’
2910 831 3073 898 ἑτέρα
3095 827 3354 899 μοῖρατῷ
3382 827 3734 895 μοναστηρίῳ
3763 843 3940 893 παρα-

2377 925 2723 993 σχεθήσεται.
2756 923 2818 976 Εἰ
2844 921 2888 974 δ’
2917 923 3123 994 ἔρημος
3144 922 3230 989 εἴη
3265 920 3622 988 κληρονόμων
3659 919 3944 980 ἀνιόντων,

2375 1018 2501 1078 τοὺς
2526 1021 2588 1068 ἐκ
2619 1016 2850 1081 πλαγίου
2874 1015 2929 1067 δὲ
2953 1014 3220 1074 εἰσιόντας
3237 1013 3264 1062 ὁ
3282 1012 3483 1081 κλῆρος
3504 1010 3796 1080 προσίεται
3819 1027 3831 1036 ·
3857 1012 3945 1060 αὶ-

2376 1111 2460 1161 το¹ι
2485 1109 2603 1177 μὲν,
2622 1109 2735 1160 ὅσοι
2765 1108 2829 1159 ἂν
2854 1106 2946 1160 καὶ
2965 1101 3065 1158 ὦσι
3093 1146 3106 1165 ,
3127 1103 3188 1156 τὸ
3208 1105 3386 1173 τρίτον
3407 1103 3569 1171 μέρος
3591 1101 3950 1168 διανεμήεον-

2377 1219 2487 1265 ται,
2522 1204 2580 1252 τὶ
2611 1201 2859 1268 δίμοιρον
2894 1200 2950 1250 δὲ
2983 1198 3333 1267 προχωρήσει
3362 1199 3424 1263 τῇ
3468 1194 3796 1264 Ἐκκλησία.
3843 1193 3949 1243 Καὶ

2377 1295 2551 1347 ταῦτα
2588 1295 2684 1363 μὲν
2715 1295 2792 1355 εἰς
2814 1294 2935 1352 τοὺς
2965 1292 3247 1354 κτίζοντας
3302 1289 3659 1356 μοναστήρια.
3699 1287 3950 1352 Ἐρώτηο

2379 1403 2498 1451 σις.
2542 1387 2603 1438 Εἰ
2647 1386 2701 1436 δέ
2747 1403 2829 1447 τις
2872 1383 3158 1451 εὐκτήριον
3196 1379 3365 1444 οἷκον,
3402 1379 3520 1449 οὐχὶ
3563 1382 3948 1446 μοναστήριον,

2381 1479 2600 1546 θελήσει
2648 1477 2855 1540 κτίσαι,
2930 1473 3200 1540 τοσαύτην
3261 1473 3508 1540 δαπάνην
3571 1469 3950 1537 προσαγαγεῖν

2380 1569 2845 1638 ἀπαιῖηθήσεται;
2881 1567 3093 1629 Λύσις.
3148 1563 3434 1631 Οὐδαμῶς.
3469 1563 3603 1630 Περὶ
3640 1563 3755 1627 γὰρ
3792 1576 3952 1626 μονα-

2384 1665 2622 1732 στηρίων
2697 1660 2872 1712 ταῦτα
2933 1655 3372 1724 νενομοθέτηται.
3440 1653 3952 1720 Ἀναγκασθήσεται

2383 1757 2476 1809 οῦν
2510 1758 2536 1806 ὁ
2567 1753 2751 1806 κτίσαι
2783 1750 2996 1820 μέλλων
3027 1749 3423 1818 προσαγαγεῖν,
3456 1749 3600 1800 κατά
3623 1743 3955 1813 δοκιμασίαν

713 1845 1045 1907 stulabitur?
1084 1840 1289 1895 Salutio
1321 1850 1340 1887 :
1386 1835 1760 1902 Nequaquam.
1817 1825 1941 1879 llaec
2014 1824 2158 1876 enim
2220 1821 2282 1873 de

2394 1846 2479 1898 τοῦ
2514 1843 2839 1903 ἐπισκόπου,
2875 1841 2934 1891 τὸ
2957 1841 3184 1910 ἀρκοῦν.
3221 1841 3440 1891 Τούτων
3486 1838 3664 1896 οῦτως
3695 1836 3953 1903 ἐχόντων,

717 1943 852 1998 solis
894 1932 1248 1991 monasteriis
1295 1928 1402 1980 lata
1433 1931 1578 1978 sunt.
1623 1918 1721 1986 Qui
1765 1926 1849 1971 est
1883 1930 2012 1983 ergo
2044 1913 2280 1965 aedifica-

717 2046 876 2088 turus
927 2029 1124 2084 oﬂerre
1187 2029 1411 2091 cogetur
1458 2017 1604 2085 quod
1634 2012 1766 2068 satis
1803 2017 1906 2069 est,
1935 2023 1999 2062 ex
2042 2003 2282 2074 episcopi

717 2122 1152 2182 examinatione.
1188 2114 1284 2169 His
1329 2111 1560 2179 ergoita
1599 2122 1659 2161 se
1701 2102 2055 2161 habentibus,
2099 2099 2150 2150 in
2193 2111 2286 2148 nr-

721 2220 869 2275 bium
908 2212 1126 2285 quidem
1165 2206 1349 2276 regina
1393 2202 1463 2255 ab
1492 2214 1578 2262 eo,
1613 2198 1704 2265 qui
1748 2194 1908 2248 statis
1947 2187 2285 2259 temporibus

718 2322 801 2368 cst
845 2282 1262 2372 chartOphylax,
1307 2294 1488 2350 crucis
1527 2291 1650 2343 ﬁxio
1683 2297 1834 2340 extra
1867 2285 2056 2338 urbem
2093 2282 2284 2345 alicui,

721 2401 980 2471 templum
1038 2393 1278 2450 excitare
1333 2383 1535 2440 volenti
1582 2397 1690 2434 non
1740 2381 1925 2440 datur,
1976 2374 2081 2428 nisi
2127 2373 2285 2440 juxta

720 2464 958 2566 primum
1001 2498 1267 2542 canonem
1335 2478 1523 2548 primae
1571 2481 1624 2528 et
1680 2469 1931 2526 secundae
1982 2464 2174 2537 synodi
2232 2465 2287 2516 in

725 2557 947 2655 scriptis
1000 2575 1335 2649 deposuerit,
1407 2585 1470 2625 se
1530 2566 1716 2625 omnia
1758 2561 2009 2620 attulisse
2055 2575 2178 2629 quae
2220 2557 2290 2610 ad

718 2652 855 2750 eius
887 2675 1277 2748 perfectionem
1329 2664 1628 2735 pertinent,
1678 2665 1738 2712 ut
1788 2655 2043 2725 superius
2079 2652 2289 2705 dictum

719 2781 849 2835 cst,
886 2743 939 2823 et
961 2782 1022 2820 ea
1049 2761 1356 2819 minutatim
1398 2750 1802 2811 confirmaverit
1829 2748 1881 2802 in
1918 2743 2293 2803 ecclesiastico

730 2858 1020 2917 codice.ln
1048 2852 1293 2911 externis
1320 2858 1499 2901 autem
1536 2841 1947 2913 regionibus.ut
1998 2837 2128 2889 mihi
2170 2835 2293 2904 qui-

721 2959 849 3012 dem
867 2953 1101 3019 videtur.
1120 2943 1254 3001 nihil
1299 2935 1570 3010 ejusmodi
1612 2931 1911 2990 subtilitate
1927 2928 2292 2998 ,disquiritur;

729 3049 825 3104 sed
852 3048 981 3100 licet
1015 3039 1166 3098 omni
1198 3032 1400 3092 volenti
1425 3032 1632 3097 absque
1651 3025 1760 3078 ulla
1783 3021 2028 3077 molestia
2057 3021 2294 3073 oratoria

731 3138 1024 3193 a-diiicare.
1080 3131 1221 3197 Quin
1255 3137 1308 3182 et
1345 3125 1432 3178 hic
1455 3124 1619 3175 etiam
1677 3115 1832 3171 multi
1874 3114 2085 3182 absque
2120 3110 2297 3164 scien-

734 3192 807 3286 tia
843 3192 1281 3300 episcopiwmulta
1298 3217 1504 3273 audent
1527 3211 1819 3284 ejusmodi.
1842 3206 1984 3274 Quia
2008 3214 2188 3259 autem
2209 3218 2298 3258 so-
2326 3192 2370 3251 C

725 3325 836 3377 lius
857 3319 1042 3387 templi
1068 3320 1322 3382 suntptus
1344 3305 1587 3363 meminit
1611 3300 1825 3364 canon',
1845 3305 2094 3366 sumptus
2118 3305 2295 3348 autem

733 3415 976 3476 nomine,
1009 3406 1192 3464 omnia
1220 3417 1346 3474 qua:
1386 3407 1518 3456 sunt
1563 3392 1900 3450 monasterio
1925 3391 2076 3443 utilia
2116 3396 2170 3440 et
2207 3387 2298 3448 iis,

732 3508 823 3576 qui
877 3505 933 3558 in
976 3502 1094 3570 ipso
1127 3503 1478 3555 exercentur,
1526 3483 2102 3556 comprehenduntur:
2130 3478 2299 3533 debes

740 3611 799 3655 tu
832 3606 1114 3666 sumptum
1151 3603 1368 3658 quoque
1407 3585 1486 3638 sic
1521 3581 1791 3650 accipere.

806 3661 1063 3746 ΖΟΝᾸΒ.
1098 3685 1141 3738 Δ
1191 3677 1475 3736 monachis
1513 3669 1844 3729 monasteria
1881 3661 2202 3721 exaediﬁcari
2235 3677 2304 3715 ne

739 3789 918 3848 iiceat,
963 3784 1051 3837 hic
1085 3792 1260 3833 canon
1284 3772 1563 3829 decernit:
1598 3768 1667 3820 ab
1701 3762 2004 3832 imperandi
2033 3757 2302 3828 siquidem

740 3880 925 3937 studio
958 3871 1298 3945 parendique
1343 3863 1686 3934 impatientia
1718 3859 1970 3914 homines
1999 3855 2052 3908 in
2082 3852 2132 3907 id
2173 3866 2307 3904 cen-

738 3974 925 4028 silium
961 3943 1166 4036 impelli
1195 3962 1368 4031 dicit.
1393 3957 1532 4013 Cum
1563 3955 1707 4008 enim
1755 3951 1898 4014 illos,
1931 3947 2131 4016 inquit,
2170 3943 2306 4000 obe-

743 4063 962 4118 dientize
1010 4057 1226 4112 tmdiutn
1279 4051 1460 4121 cepit,
1524 4044 1940 4101 mdiﬁcationem
1987 4038 2306 4092 moliuntur.

747 4158 869 4213 Mox
919 4167 1042 4208 eum
1099 4149 1167 4203 ad
1217 4140 1610 4215 perﬁciendum
1645 4121 1935 4191 facultates
1961 4147 2069 4185 non
2109 4142 2311 4197 suppe-

747 4258 904 4309 tant.
962 4257 1127 4312 opera
1192 4236 1445 4291 inchoata
1507 4231 1849 4298 relinquunt.
1924 4223 1980 4277 Id
2035 4237 2104 4276 ne
2149 4220 2311 4283 .ﬁat,

747 4338 984 4411 episcopi
1038 4331 1219 4388 studio
1264 4325 1447 4384 curari
1509 4324 1684 4393 jubet.
1713 4319 1868 4386 Quod
1904 4317 1950 4371 si
1977 4315 2063 4369 cui
2102 4320 2312 4366 tantum

750 4402 1000 4501 suppetat
1051 4426 1106 4480 in
1151 4431 1450 4490 sumptum,
1486 4423 1750 4486 quantum
1777 4412 1929 4480 operi
1983 4402 2316 4461 absolvenda

751 4498 887 4580 satis
913 4535 1037 4575 esse
1071 4516 1272 4590 possit,
1305 4513 1376 4565 ab
1410 4525 1480 4564 eo
1508 4507 1723 4575 eogiata
1756 4501 1940 4573 perﬁci
1974 4498 2110 4552 nihil
2150 4501 2315 4550 vetat.

757 4612 1013 4668 Eamdem
1063 4583 1228 4677 porro
1279 4599 1727 4656 constitutionem
1773 4593 1840 4646 ad
1892 4589 2120 4645 clericos
2162 4593 2220 4640 et
2254 4583 2321 4638 ad

755 4707 924 4760 laieos
964 4700 1169 4770 pariter
1195 4693 1415 4750 extendi
1458 4691 1663 4760 placet.

757 4794 990 4853 ARIST.
1031 4809 1050 4843 t
1076 4790 1183 4855 Qui
1235 4784 1623 4841 monasterium
1657 4785 1943 4833 exstruere
1972 4773 2086 4827 vult
2109 4812 2124 4838 ,
2157 4771 2200 4824 si
2231 4773 2329 4824 lia-

834 4909 854 4943 ‹
896 4891 1016 4943 beat
1039 4881 1256 4954 quidem
1296 4877 1498 4949 quibus
1543 4873 1824 4944 perﬁciat,
1871 4882 2010 4938 Opus
2043 4862 2332 4936 aggredia-

833 5001 852 5034 ι
891 4992 1002 5043 tur,
1042 4985 1096 5031 et
1122 4972 1189 5027 ad
1230 4972 1390 5025 tinem
1424 4967 1568 5024 istud
1601 4964 1885 5036 perducat.
1922 4959 2019 5014 Sin
2049 4957 2253 5016 minus,
2297 4968 2328 5005 a

837 5094 855 5126 ι
907 5076 1008 5129 loci
1043 5077 1302 5135 episcOpo
1341 5057 1716 5129 prohibeatur.
1752 5049 1898 5107 Idem
1931 5046 2072 5104 etde
2099 5043 2252 5099 laicis
2279 5050 2332 5096 et

893 5159 1177 5219 monachis
1201 5155 1359 5208 valet.
1394 5168 1411 5200 ι

1226 5327 1384 5399 321
1428 5319 1681 5388 cauos,
1708 5315 1900 5373 xvnt.

773 5454 790 5483 ι
841 5433 968 5486 Sine
1004 5419 1309 5482 oti‘ensione
1351 5428 1467 5478 este
1509 5416 1676 5473 etiam
1710 5413 1778 5468 iis
1810 5411 1901 5482 qui
1930 5420 2085 5465 extra
2114 5419 2246 5464 sunt
2266 5411 2335 5476 τ’,

843 5545 859 5576 ι
905 5523 1080 5591 inquit
1109 5516 1329 5572 divinus
1360 5509 1659 5584 Apostolus
1690 5523 1706 5562 :
1749 5505 2015 5560 mulieres
2048 5512 2232 5560 autem
2281 5505 2332 5561 in

845 5716 889 5746 “
922 5710 941 5764 l
971 5708 1098 5763 Cor.
1135 5721 1188 5768 Χ,
1222 5703 1311 5756 5'2.

849 5882 962 5946 (59)
995 5875 1463 5945 Σταυροπήτιον.
1499 5871 1633 5928 Vide
1666 5869 1952 5927 Suicerum
1987 5869 2086 5925 sub
2114 5886 2265 5926 voce.

2383 1943 2443 1992 ὲν
2467 1939 2563 2007 μὲν
2581 1940 2645 2006 τῇ
2672 1933 3032 2003 βασιλευούσῃ
3048 1933 3156 1984 τῶν
3180 1932 3390 1984 πόλεων
3421 1930 3596 1990 ἄλλως
3641 1945 3782 1980 σ-ταυ
3794 1929 3958 1996 poni;-

2385 2049 2503 2100 γιον
2535 2031 2648 2099 (59)
2681 2028 2834 2097 παρὰ
2868 2025 2958 2078 τοῦ
2993 2025 3133 2077 κατά
3164 2022 3392 2092 καιροὺς
3429 2019 3857 2090 χαρτοφύλακος
3899 2018 3957 2069 οὺ

2383 2123 2586 2176 δίδοταί
2616 2138 2725 2173 τινι
2760 2119 2866 2183 ἔξω
2896 2119 2993 2186 τῆς
3026 2117 3234 2176 πόλεως
3278 2115 3481 2180 ταύτης
3520 2113 3815 2179 ἀνεγεῖραι
3873 2109 3960 2160 θέ-

2382 2215 2535 2266 λοντι
2566 2211 2711 2273 ναὸν,
2746 2212 2793 2262 εί
2816 2209 2894 2280 μὴ
2942 2209 3084 2259 κατὰ
3120 2205 3211 2258 τὸν
3241 2205 3290 2256 α’
3339 2206 3540 2256 κανόνα
3577 2202 3678 2270 τῆς
3737 2201 3962 2270 πρώτης

2391 2305 2484 2357 καί
2511 2303 2768 2370 δευτέρας
2798 2299 3018 2351 συνόδου
3051 2295 3356 2366 κατάθηται
3383 2294 3761 2363 δι’ίὲγγραφῆς
3789 2309 3965 2360 προσο

2390 2398 2634 2465 ενεγκεῖν
2666 2417 2680 2437 ι
2706 2394 2887 2446 πάντα
2936 2393 3005 2445 τὰ
3060 2390 3198 2460 πρὸς
3241 2378 3589 2458 ἀπαρτισμὸν
3623 2386 3848 2448 τούτου,
3894 2385 3965 2443 ὡς

2393 2492 2636 2560 εἴρηται,
2683 2491 2780 2542 καὶ
2829 2487 3102 2558 βεδαιώσῃ
3155 2486 3300 2538 αύτά
3348 2485 3489 2536 κατά
3534 2483 3734 2534 λεπτὸν
3785 2483 3848 2532 ὲν
3891 2479 3966 2546 τῷ

2392 2580 2835 2654 ἐκκλησιαστικῷ
2882 2580 3072 2632 κώδικι
3113 2596 3127 2610 ·
3161 2579 3219 2630 ὲν
3271 2576 3328 2629 δὲ
3392 2578 3511 2637 ταῖς
3571 2573 3676 2636 ἔξω
3727 2574 3964 2642 χώραις,

2392 2677 2467 2738 ὡς
2496 2677 2624 2744 ἐμοὶ
2663 2675 2832 2737 δοκεῖ,
2877 2671 3035 2724 οὐδέν
3073 2688 3128 2722 τι
3177 2668 3422 2722 τοιοῦτον
3457 2665 3913 2735 ἀκριϐολογιῐται
3953 2680 3967 2692 ·

2395 2767 2533 2821 ἀλλά
2558 2766 2724 2817 παντὶ
2742 2763 2820 2832 τῷ
2843 2762 3156 2832 βουλομένῳ
3191 2761 3405 2826 ἐφεῖται
3453 2756 3972 2824 ἀπολυπραγμονή-

2395 2877 2502 2923 τως
2530 2858 2739 2920 κτίζειν
2770 2855 3064 2924 εύκτήρια.
3132 2851 3242 2906 Καὶ
3294 2849 3529 2903 ἐνταῦθα
3555 2848 3612 2900 δὲ
3638 2851 3688 2900 ot
3746 2847 3975 2907 πλείους

2395 2955 2566 3024 χωρὶς
2583 2953 2843 3020 είδήνσεως
2865 2948 3231 3015 ὲπισκοπικῆς
3253 2943 3422 2996 πολλά
3445 2942 3687 3010 τολμῶσι
3713 2940 3974 2992 τοιαῦτα.

2412 3045 2570 3099 Ἐπεὶ
2598 3046 2658 3098 δὲ
2682 3043 2851 3113 μόνης
2881 3041 3128 3106 δαπάνης
3153 3036 3250 3089 τοῦ
3265 3036 3410 3090 ’ναοῦ
3433 3035 3682 3105 ἐμνήσθη
3707 3036 3734 3085 ὁ
3762 3032 3975 3092 ιθανὼν,

2399 3140 2479 3210 τῷ
2507 3139 2730 3206 ὀνόματι
2751 3135 2811 3188 δὲ
2848 3134 2947 3204 τῆς
2986 3132 3232 3198 δαπάνης
3275 3131 3456 3183 πάντα
3498 3127 3566 3202 τὰ
3611 3124 3852 3196 χρειώδη
3902 3126 3979 3192 τῷ

2408 3230 2761 3305 μοναστηρίῳ
2793 3229 2895 3280 καὶ
2925 3227 3040 3287 τοῖς
3070 3223 3433 3292 ἀσκουμένοις
3459 3222 3522 3273 ὲν
3563 3219 3718 3285 αὐτῷ
3753 3235 3981 3287 συμπε-

2407 3321 2851 3393 ριλαμϐάνονται,
2888 3314 3127 3385 ὀφείλεις
3158 3315 3254 3367 καὶ
3306 3312 3370 3365 σὺ
3415 3309 3586 3374 οὕτως
3635 3309 3981 3362 ὲκλαῦέσθαι

2403 3414 2504 3483 τὴν
2533 3412 2804 3479 δαπάνην.

2487 3653 2727 3711 ΖΩΝΑΡ.
2762 3651 2981 3706 Κωλύει
3009 3652 3037 3703 ὁ
3069 3646 3254 3703 κανὼν
3285 3649 3346 3699 τὸ
3381 3644 3530 3715 παρά
3562 3643 3824 3714 μοναχῶν
3855 3642 3977 3694 κτί-

2411 3750 2602 3816 ζεσθαι
2656 3747 3022 3818 μοναστήρια,
3070 3741 3367 3811 φιλαρχίας
3404 3739 3577 3804 λέγων
3622 3731 3763 3788 εἶναι
3826 3736 3987 3788 τοῦτο

2413 3840 2510 3901 καὶ
2535 3842 2925 3906 ἀνυποταξίας.
2977 3837 3432 3904 Ἀπαναινόμενοι
3467 3833 3600 3900 γὰρ,
3627 3831 3791 3898 φησι,
3826 3845 3988 3881 τουτο

2414 3936 2563 3988 ἐστιν
2621 3934 2946 4002 ἀρνούμενοι
2990 3929 3088 3997 τὴν
3139 3927 3384 3993 ὑπακοὴν
3411 3965 3425 3988 ,
3465 3921 3818 3992 ἐπιχειροῦσι
3879 3922 3990 3973 κτί-

2410 4032 2548 4094 ζειν.
2573 4029 2686 4081 Καὶ
2709 4026 2785 4097 μὴ
2814 4023 3169 4092 εὐποροῦντες
3201 4020 3500 4088 ἀπαρτίσαι
3527 4018 3663 4068 αὑτά
3715 4016 3895 4068 κατ-αλ
3911 4033 3993 4083 ιμ-

2420 4124 2680 4175 πάνουσιν
2712 4116 2900 4186 ἀτελῆ.
2937 4112 3110 4165 Τοῦτο
3158 4109 3462 4164 κωλύεσθαι
3518 4108 3670 4175 παρὰ
3697 4107 3808 4156 τῶν
3872 4110 3990 4157 ἑπι-

2422 4214 2645 4267 σκόπων
2677 4209 2874 4281 ὁρίζει.
2913 4207 2976 4259 Εἰ
3020 4205 3077 4257 δὲ
3129 4203 3241 4273 ἔχει
3302 4200 3584 4272 ἀρκοῦσαν
3634 4198 3894 4264 δαπάνην
3922 4201 3995 4258 εἰς

2420 4308 2481 4359 τὸ
2512 4307 2743 4373 ποιῆσαι
2769 4301 2976 4354 τέλειον
3031 4297 3215 4366 ἔργον,
3266 4293 3294 4346 ὃ
3338 4291 3700 4345 ὶδουλεύσατο
3739 4289 3994 4357 γινέσθω.

2423 4399 2499 4453 Τὸ
2529 4397 2662 4451 αὐτὸ
2700 4395 2757 4447 δὲ
2815 4390 3115 4462 διορίζεται
3164 4388 3392 4457 κρατεῖν
3429 4385 3522 4437 καὶ
3578 4381 3674 4434 ἐπὶ
3711 4382 3995 4451 κληρικῶν

2426 4493 2524 4548 καὶ
2552 4487 2783 4544 λαὶκῶν.

2430 4758 2653 4816 ΔΡΙΣΤ.
2721 4772 2740 4806 t
2783 4752 2844 4806 Ὀ
2897 4748 3220 4820 βουλόμενος
3280 4745 3464 4797 κτίσαι
3525 4744 3921 4813 μοναστήριον,
3959 4743 3999 4792 εξ

2507 4869 2527 4903 ‹
2575 4850 2677 4918 μὲν
2732 4845 2867 4914 ἔχοι·
2902 4840 2972 4895 τὰ
3021 4839 3156 4908 πρὸς
3209 4833 3583 4906 ἀπαρτισμὸν,
3614 4834 3876 4904 ἀρχέσθω
3907 4833 3990 4884 τε.)

2511 4963 2531 4996 ι
2574 4942 2760 5011 ἔργου,
2796 4936 2891 4988 καὶ
2923 4934 3004 4995 εις
3034 4931 3211 4999 πέρας
3237 4926 3456 4996 ἀγέσθω
3477 4925 3650 4978 ’τοῦτο
3681 4941 3697 4956 ο
3734 4929 3785 4977 εἰ
3814 4925 3873 4976 δὲ
3910 4927 3995 4993 μὴ.

2513 5057 2531 5088 ι
2577 5029 2871 5088 κωλυέσθω
2919 5024 3076 5094 παρὰ
3121 5021 3218 5075 τοῦ
3266 5021 3408 5074 κατὰ
3459 5016 3647 5090 χώραν
3701 5019 4000 5070 ἐπισκόπει

2515 5147 2534 5180 ι
2579 5124 2775 5180 τούτου
2803 5116 3141 5190 κρατοῦντος
3170 5114 3268 5168 καὶ
3292 5113 3385 5166 ἐπὶ
3431 5110 3640 5164 λαῑκῶν
3686 5111 3793 5162 καὶ
3844 5127 4000 5179 μονα-

2518 5242 2536 5274 (
2583 5219 2714 5292 χῶν.
2763 5234 2780 5267 ι

2946 5356 2953 5363 ,
3014 5302 3256 5359 ΚΔΝΩΝ
3309 5297 3412 5354 ΙΗ’.

2453 5429 2470 5461 ι
2527 5404 2898 5473 ’Δπρόσκοποι
2936 5396 3156 5467 γίνεσθε
3191 5393 3285 5448 καὶ
3327 5393 3439 5455 τοῖς
3493 5388 3722 5454 ἔξωθεν,
3780 5390 3944 5460 φησιν
3983 5390 4007 5438 ό

2523 5521 2542 5553 ι
2591 5499 2732 5558 θεῖος
2778 5489 3105 5551 Ἀπόστολος
3168 5503 3180 5517 ·
3238 5486 3296 5540 τὸ
3338 5484 3398 5539 δὲ
3442 5485 3713 5552 γυναῖκας
3758 5483 4004 5536 ινδιαιτᾶ-
