4166 6438
242 432 340 489 9T7

307 665 322 693 ‹
378 646 807 715 προσκόμματος
871 651 1062 705 αἴτιον,
1122 652 1187 704 Ei
1235 671 1317 715 τις
1377 650 1472 708 οὖν
1516 655 1710 723 δούλην
1763 658 1795 726 ἢ

307 755 322 783 ι
376 735 667 806 ἐλευθέραν
692 738 748 791 ὲν
774 737 853 809 τῷ
879 741 1214 811 ὲπισκοπείῳ
1269 743 1549 813 κτώμενος
1611 762 1799 816 φωρα-

304 846 322 875 ι
374 828 513 893 θείη,
569 828 601 898 ἢ
652 832 711 881 ἐν
752 832 1104 903 μοναστηρίῳ
1155 834 1292 905 πρὸς
1342 836 1797 909 ὲγχείρησινλδια-

303 937 322 968 ι
372 921 559 977 κονίας
589 924 755 984 τινὸς,
785 925 1129 994 ὲπιτιμάσθω
1152 945 1164 957 ·
1194 929 1468 998 ἐπιμένων
1492 931 1570 994 δὲ,
1596 935 1793 986 καθαιο

301 1032 318 1060 ‹
372 1014 594 1080 ρείσηω.
639 1017 700 1068 Εἰ
727 1017 782 1068 δὲ
816 1020 910 1070 καὶ
939 1018 1089 1090 τύχοι
1122 1022 1179 1073 ὲν
1215 1025 1565 1091 προαστείοις
1606 1029 1794 1093 γυναῖ-

299 1126 315 1149 ο
365 1126 467 1169 κας
512 1104 674 1175 εἶναι,
708 1113 802 1165 καὶ
836 1111 1054 1182 θελήσαι
1087 1114 1388 1179 ἐπίσκοπος
1419 1117 1451 1186 ἢ
1487 1118 1792 1189 ἡγούμενος

299 1221 314 1250 ι
372 1203 596 1270 πορείαν
624 1205 683 1256 ἐν
713 1209 827 1264 τοῖς
878 1208 1055 1261 ἐκεῖσε
1107 1209 1465 1279 ποιήσασθαι,
1522 1215 1792 1283 παρόντος

297 1315 314 1342 ‹
363 1296 724 1367 ἐπισκόπουῆ
759 1299 1083 1368 ἡγουμένου,
1128 1302 1251 1370 μηδ’
1294 1302 1430 1366 ὅλως
1474 1306 1791 1374 ἐγχείρησιν

295 1408 309 1433 ι
360 1386 642 1449 διακονίας
674 1390 948 1443 ποιεῖσθαι
1001 1392 1126 1446 κατ’
1171 1395 1379 1447 ἐκεῖνον
1453 1397 1548 1449 τὸν
1596 1399 1791 1467 καιρλν

294 1495 311 1523 σ
363 1478 524 1546 γυνὴ,
568 1478 687 1532 ἀλλ’
719 1481 973 1545 ίδιαζέτω
1007 1486 1067 1537 ἐν
1114 1486 1288 1556 ἑτέρῳ
1322 1487 1489 1556 τόπῳ,
1538 1489 1644 1551 ἕως
1722 1489 1788 1542 ἂν

293 1586 310 1615 ι
353 1569 452 1637 τὴν
477 1570 898 1643 ὲπαναχὼρησιν
929 1576 1227 1646 ποιήσηται
1264 1579 1291 1630 6
1323 1577 1652 1644 ἐπίσκοπος,
1698 1580 1788 1633 διὰ

293 1679 309 1706 σ
343 1662 401 1713 τὸ
430 1662 824 1735 ἀνεπίληπτον.
874 1686 893 1717 ι

286 1751 481 1807 ΒΑΛΣ.
519 1754 820 1825 Μαθόντες,
851 1760 927 1822 ὡς
958 1761 1155 1827 ἔοικεν,
1212 1766 1263 1816 ol
1328 1764 1473 1831 ἅγιοι
1538 1766 1783 1837 Πατὲρες

206 1842 408 1902 ὄτιείς
438 1848 770 1902 ὲπισκοπεῖα
832 1852 928 1906 καὶ
980 1856 1062 1916 εἰς
1134 1858 1474 1927 μοναστήρια
1531 1860 1783 1926 διάγουσι

207 1939 494 2002 γυναῖκες,
532 1934 688 1993 εἷπον
721 1942 816 2005 ὡς,
852 1945 976 1997 ἐπεὶ
1005 1948 1033 1999 6
1080 1946 1252 2016 μέγας
1287 1949 1586 2013 ἀπόστολος
1634 1954 1781 2006 Παῦι

208 2028 302 2080 lo:
336 2030 475 2098 πρὸς
506 2032 835 2099 Κορινθίους
880 2039 1213 2091 ἐπιστέλλων
1240 2040 1531 2110 διωρίσατο
1576 2046 1782 2111 ἀπροσ-

205 2123 415 2183 κόπους
468 2118 606 2179 εἶναι
644 2129 833 2195 ἡμᾶς,
882 2130 954 2197 μὴ
1012 2132 1195 2200 μόνοις
1238 2138 1351 2194 τοῖς
1409 2136 1581 2199 ἐντος,
1646 2137 1779 2191 ἀλλὰ

206 2216 437 2275 καὶτοῖς
468 2216 687 2281 ἔξωθεν,
720 2220 889 2290 ἤγουν
914 2223 987 2291 μὴ
1017 2225 1199 2291 μόνοις
1236 2229 1346 2290 τοῖς
1382 2232 1614 2292 πιστοῖς,
1640 2231 1777 2285 ἀλλά

205 2309 303 2357 καὶ
332 2312 441 2369 τοῖς
471 2311 718 2374 ἀπέστοις
753 2331 768 2345 ·
792 2314 853 2366 τὸ
889 2316 943 2367 δὲ
980 2319 1288 2386 συνδιάγειν
1323 2324 1459 2391 μετὰ
1486 2327 1767 2388 γυναικῶν

206 2400 544 2463 ἐπισκόπους
570 2403 601 2473 ἢ
630 2404 969 2474 ἡγουμένους
1011 2411 1069 2461 ἐν
1098 2414 1450 2485 μοναστηρίῳ
1483 2416 1515 2487 ἢ
1556 2418 1615 2471 ἐν
1651 2421 1775 2470 ἐτει-

203 2493 449 2561 σκοπείῳ
509 2497 711 2559 παντός
769 2500 887 2553 ἐστι
946 2502 1377 2573 προσκόμματος
1441 2508 1634 2573 αἴτιον,
1683 2511 1777 2562 καὶ

202 2576 441 2645 λοιδορία
482 2580 541 2634 οὐ
579 2586 815 2654 τυχοῦσα
849 2588 950 2656 τῆς
999 2591 1465 2664 ἑκκλησιαστικῆς
1493 2600 1774 2653 καταστά-

202 2684 339 2729 τεως
364 2688 379 2703 ο
432 2671 743 2739 ὀφείλουσιν
790 2680 1149 2747 ἐπιτιμᾶσθαι
1180 2686 1228 2736 οί
1267 2687 1507 2740 τοιοῦτόν
1529 2708 1577 2741 τι
1620 2692 1776 2760 ποιή-

202 2775 409 2823 σοντες,
447 2766 796 2832 ἐπιμένοντες
844 2772 898 2823 δὲ
945 2775 1344 2844 καθαιρεῖσθαι.
1395 2780 1482 2843 Ὠς
1537 2783 1592 2834 δέ
1624 2801 1770 2845 τινος

196 2851 445 2918 εἰπόντος
498 2856 814 2929 ἀδιάκριτον
862 2860 1091 2919 εἶναιτὸ
1149 2870 1471 2935 κολάζεσθαι
1528 2878 1773 2943 τούτους,

198 2943 556 3015 ὁπωσδήποτε
614 2953 753 3019 μετὰ
785 2958 1063 3020 γυναικῶν
1089 2962 1579 3032 συνδιαιτωμένους
1606 2975 1772 3038 (συμ-

201 3034 381 3090 ϐαίνει
412 3040 520 3108 γάρ
542 3059 665 3097 τινα
699 3044 759 3109 ἐξ
784 3048 966 3100 αὐτῶν
1010 3053 1151 3105 κατά
1200 3055 1430 3122 πάροδον
1470 3061 1771 3115 καταλῦσαι

198 3129 283 3188 είς
324 3131 647 3197 προάστειόν
692 3153 743 3189 τι
790 3142 1055 3206 γυναῖκας
1084 3144 1228 3211 ἔχον,
1260 3148 1353 3200 καὶ
1393 3151 1453 3201 οὐ
1492 3150 1713 3207 δύναται
1743 3157 1771 3206 6

1186 445 1265 503 ΙΝ
1305 445 1473 505 CAN-
1510 444 1706 505 XVIII
1751 443 1969 506 CONC.
2007 449 2115 508 VII
2153 452 2504 517 (ECUMEN.

310 575 323 596 ι
381 550 503 603 σθαι
542 549 597 599 ὲν
630 554 1001 617 ἐπιοκοπείοις
1058 558 1091 627 ἢ
1150 561 1540 630 μοναστηρίοις
1593 558 1877 626 παντδςΔ

3364 472 3463 531 9⁸18

1982 580 2000 611 ‹
2047 564 2341 633 episcopiis
2379 568 2457 619 vel
2502 570 2846 623 monasteriis
2881 575 3113 639 versari,
3168 585 3250 628 est
3291 595 3467 629 mums

1980 671 1998 702 ι
2042 654 2363 709 υσειιςίωιὶε
2416 673 2604 711 causa.
2655 659 2713 712 Si
2762 664 2884 730 quis
2929 680 3059 728 ergo
3089 666 3345 718 ancillam
3390 671 3469 721 vel

1978 765 1995 795 ι
2046 748 2270 801 liberam
2335 751 2389 802 iu
2441 753 2720 822 episcopio
2762 756 3043 822 possidere
3091 760 3467 825 deprehensus

1977 858 1993 889 ι
2038 839 2224 903 fuerit,
2257 841 2340 893 vel
2375 842 2426 894 iu
2468 846 2823 909 monasterio,
2869 847 2933 900 ad
2965 850 3326 902 tttittisteriutu
3363 852 3462 904 ali-

1975 949 1992 980 ι
2030 930 2174 998 quod
2226 934 2570 996 obeundum,
2602 939 3031 1005 reprehemlatur
3075 958 3088 991 :
3147 942 3229 994 sin
3286 936 3497 995 autem'

1976 1044 1991 1073 ι
2039 1038 2365 1094 perseveret,
2422 1028 2748 1097 deponatur.
2784 1026 2851 1085 Si
2874 1048 3002 1087 vero
3040 1034 3285 1086 etiamin
3335 1038 3466 1089 sish-

1972 1132 1991 1165 ι
2040 1118 2210 1171 urbiis
2238 1121 2492 1174 mulieres
2514 1137 2637 1176 esse
2671 1124 2979 1192 contigerit,
3018 1137 3071 1177 et
3097 1127 3322 1179 voluerit
3355 1130 3463 1194 epi-

1975 1228 1990 1257 ‹
2034 1225 2266 1279 scopus,
2313 1214 2397 1265 vel
2458 1216 2779 1268 monasterii
2832 1218 3121 1283 praefectus
3174 1220 3304 1273 illuc
3370 1224 3469 1272 ue:-

1971 1318 2003 1349 σ·
2033 1303 2212 1357 facere
2254 1306 2514 1372 praesenti
2564 1308 2825 1376 episcopo
2854 1312 2933 1361 vel
2974 1314 3291 1365 monasterii
3328 1330 3468 1379 pne-

1972 1412 1990 1443 ι
2032 1394 2198 1455 lecto.
2235 1397 2436 1448 mulier
2463 1412 2527 1449 eo
2561 1408 2808 1467 tempore
2838 1402 2988 1454 nullo
3019 1405 3177 1456 mmlo
3216 1405 3467 1455 ministe-

1969 1503 1987 1534 ι
2037 1486 2175 1538 rium
2199 1488 2393 1549 obeat;
2448 1490 2540 1542 sed
2592 1491 2699 1541 alio
2731 1494 2782 1545 iu
2818 1494 2941 1546 loco
2985 1511 3233 1547 seorsum
3282 1498 3464 1564 degat,

1972 1595 1989 1627 ι
2028 1578 2208 1633 donec
2239 1583 2536 1634 recesserit
2577 1586 2869 1653 episcopus
2904 1604 2917 1652 ;
2970 1598 3027 1640 ut
3073 1590 3249 1642 munis
3284 1607 3465 1658 repro-

1962 1688 1981 1718 ‹
2028 1671 2308 1726 bensiouis
2338 1676 2556 1729 occasio
2580 1677 2804 1731 vitetur.
2840 1698 2859 1730 ι

1978 1758 2167 1816 BALS.
2215 1761 2351 1817 Cum
2398 1765 2819 1833 inteliexisseut,
2876 1780 2936 1824 ut
2986 1771 3226 1838 videtur,
3284 1777 3462 1829 saucii

1891 1850 2109 1915 Patres,
2142 1855 2289 1921 quod
2327 1858 2691 1929 inepiscopiis
2724 1870 2778 1913 et
2813 1864 3166 1918 monasteriis
3209 1868 3461 1920 mulieres

1885 1957 2196 2013 versantur,
2239 1950 2520 2008 dixerunt.
2568 1953 2711 2018 quod
2749 1956 3009 2021 quoniam
3051 1972 3283 2025 magnus
3326 1976 3456 2027 apo-

1882 2040 2057 2093 stolus
2106 2040 2309 2096 Paulus
2353 2043 2419 2095 ad
2465 2043 2785 2098 Corinthios
2820 2046 3069 2099 scribens
3103 2050 3321 2110 statuit,
3356 2066 3459 2102 nos.

1883 2132 2005 2185 sine
2049 2131 2353 2187 oﬂ‘ensione
2400 2149 2525 2188 esse
2558 2135 2798 2201 debere,
2860 2152 2969 2189 non
3017 2141 3194 2191 solum
3242 2142 3310 2194 iis
3366 2144 3455 2210 qui

1880 2226 2049 2283 intus.
2084 2226 2178 2281 sed
2214 2225 2282 2280 iis
2310 2228 2473 2282 etiam
2501 2228 2594 2297 qui
2619 2241 2772 2283 extra
2801 2240 2954 2297 sunt,
2988 2233 3199 2285 scilicet
3226 2252 3330 2286 non
3368 2253 3455 2287 so-

1881 2316 1991 2368 lum
2042 2316 2331 2383 ﬁdelibus,
2382 2321 2476 2373 sed
2518 2329 2573 2374 et
2618 2321 2969 2389 inﬁdelibus;
3022 2326 3311 2393 episcopos
3355 2342 3457 2379 au--

1881 2416 1987 2460 tem
2046 2409 2128 2463 vel
2182 2411 2499 2465 monasterii
2543 2412 2829 2479 praefectos
2888 2430 3011 2468 cum
3063 2416 3284 2471 feminis
3336 2435 3458 2473 ver-

1880 2500 2014 2562 sari,
2044 2501 2097 2554 in
2130 2502 2468 2556 monasterio
2497 2504 2580 2557 vel
2612 2504 2663 2556 in
2698 2505 3002 2574 episcopio.
3042 2519 3125 2562 est
3164 2511 3342 2563 omnis
3375 2512 3454 2561 of—

1880 2590 2145 2646 fensionis
2191 2607 2360 2646 causa
2398 2601 2453 2647 et
2495 2611 2603 2648 non
2642 2597 2866 2662 vulgare
2900 2598 3161 2665 probrum
3194 2602 3458 2654 ecclesia-

1878 2683 2028 2736 stica:
2056 2685 2513 2751 constitutionis;
2549 2688 2774 2750 debent,
2814 2691 2904 2756 qui
2938 2690 3045 2742 tale
3081 2691 3209 2755 quid
3258 2692 3453 2744 facturi

1876 2786 2025 2838 sunt,
2062 2778 2243 2845 puniri
2275 2794 2290 2829 :
2324 2779 2409 2832 sin
2446 2786 2627 2832 autem
2674 2789 3042 2847 perseverent,
3067 2781 3287 2851 deponi.
3324 2785 3456 2837 Per-

1877 2868 2004 2922 inde
2038 2876 2217 2922 autem
2272 2885 2339 2924 ac
2376 2869 2420 2925 si
2446 2869 2922 2941 dixissetaliquis,
2971 2888 3000 2926 a
3050 2884 3197 2928 recto
3241 2876 3449 2930 discer-

1878 2959 2039 3014 nendi
2071 2960 2282 3030 judicio
2320 2975 2442 3015 esse
2480 2962 2756 3027 alienum,
2806 2970 2864 3016 ut
2899 2965 3199 3033 puniantur
3245 2967 3303 3028 ii.
3357 2969 3449 3037 qui

1874 3055 2369 3124 quomodocunque
2411 3068 2537 3108 cum
2586 3057 2905 3112 mulieribus
2956 3068 3246 3113 versantur
3291 3068 3451 3128 (con-

1874 3144 2037 3214 tingit
2075 3148 2221 3200 enim
2279 3157 2337 3201 ut
2370 3148 2571 3218 aliquis
2606 3164 2796 3202 eorum
2836 3150 2888 3204 in
2936 3152 3172 3206 transitu
3211 3151 3449 3207 divertat

193 3219 494 3283 ἐπίσκοπος
546 3223 647 3293 τὴν
671 3229 812 3296 μετὰ
861 3232 1065 3285 τούτων
1118 3236 1392 3309 διαγωγὴν
1442 3241 1766 3313 ἀποπέμψαν-

1876 3238 1928 3290 in
1959 3240 2302 3305 suburbano,
2338 3241 2392 3295 in
2421 3258 2529 3311 quo
2559 3251 2689 3296 sunt
2731 3243 3013 3305 mulieres.
3047 3253 3100 3297 et
3128 3260 3237 3299 non
3270 3254 3449 3315 potest

192 3313 368 3381 σθαι),
388 3315 614 3384 ὥρισαν,
632 3322 681 3374 εί
707 3324 883 3394 συμῧῇ
910 3326 1088 3394 τοῦτο,
1116 3331 1236 3399 μηδ’
1258 3332 1394 3395 ὅλως
1416 3334 1650 3405 ὁρῶντος
1671 3341 1767 3393 τοῦ

191 3406 497 3459 ἐπισκόπου
526 3410 557 3478 ἥ
588 3411 681 3465 τοῦ
712 3415 1014 3484 ἡγουμένου
1049 3421 1317 3474 διακονεῖν
1341 3428 1438 3489 τὰς
1472 3433 1756 3497 γυναῖκας,

192 3494 313 3546 ἀλλ’
340 3497 397 3547 ὲν
424 3502 575 3568 τόπῳ
616 3503 791 3589 ἑτέρῳ
843 3506 1051 3571 ταύτας
1086 3510 1391 3582 ἀναχωρεῖν
1422 3517 1515 3570 καὶ
1554 3494 1766 3589 ήσυχᾶξ

191 3585 311 3647 ζειν
360 3586 476 3641 ἔστ’
532 3591 600 3645 ἂν
631 3587 778 3648 οὗτοι
830 3598 1271 3671 ἀποχωρήσωσι·
1306 3607 1405 3672 τὴν
1445 3608 1501 3660 δὲ
1558 3613 1766 3665 τούτων

190 3678 472 3734 διακονίαν
495 3685 739 3750 γίνεσθαι
769 3690 985 3754 πάντως
1017 3694 1169 3763 παρὰ
1200 3697 1429 3767 ἀνδρῶν.
1468 3700 1624 3755 Οὕτω
1655 3704 1764 3777 γὰρ

192 3771 256 3821 τὸ
282 3775 647 3844 ἀνεπίληπτον
680 3781 798 3848 ἦτοι
828 3783 1255 3841 ἀσκανδάλιστον
1285 3790 1372 3842 ἐπ’
1411 3792 1595 3855 αὐτοῖς
1641 3812 1767 3848 συν-

192 3867 484 3939 τηρηθείη.
516 3867 664 3942 Ἆρα
712 3874 790 3937 δὲ,
830 3876 924 3929 ἐὰν
959 3877 1017 3941 ἐξ
1072 3880 1483 3954 ἀντιδιαστολῆς
1535 3887 1591 3939 ἐν
1636 3890 1760 3941 ἑπι-

194 3963 437 4030 σκοπείῳ
472 3963 503 4032 ἢ
536 3969 883 4039 μοναττηρίῳ
917 3968 991 4040 μὴ
1025 3972 1352 4042 συνδιάγωσι
1399 3994 1539 4046 μετα
1567 3998 1764 4046 γυναι-

188 4054 332 4115 κῶν,
362 4054 479 4106 ἀλλ’
505 4058 563 4108 ἐν
599 4058 760 4129 ἑτέρᾳ
785 4062 1061 4131 κατοικία,
1096 4071 1759 4143 συγγνωμονηθήσονται;

188 4148 407 4210 Λύσις.
458 4148 522 4201 Ui
559 4151 658 4214 μὲν
710 4153 954 4216 κανόνες,
989 4156 1172 4221 καθὼς
1205 4160 1466 4225 πολλάκις
1507 4166 1760 4234 εἴπομεν,

188 4238 294 4290 καὶ
317 4239 377 4291 τὸ
411 4240 486 4304 νζ¹
522 4258 648 4309 κεφ.
698 4244 791 4296 τοῦ
837 4252 887 4298 α’
935 4248 1113 4303 τίτλου
1158 4250 1252 4304 τοῦ
1292 4259 1339 4321 γ’
1386 4254 1591 4324 βισλίου
1650 4261 1761 4313 τῶν

188 4332 499 4404 βασιλικῶν
570 4338 1013 4407 ἀπαγορεύουσιν
1085 4343 1385 4413 ἱερωμένον
1434 4350 1558 4403 τινὰ
1619 4354 1760 4421 μετά

187 4425 439 4483 ὑπόπτου
475 4429 735 4494 γυναικὸς
776 4432 1108 4513 συνδιάγειν,
1144 4436 1275 4489 ἄνευ
1316 4440 1546 4511 μητρὸς,
1592 4443 1761 4513 θυγα-

181 4517 339 4585 τρὸς,
373 4518 627 4590 ἀδελφῆς.
662 4526 755 4577 καὶ
806 4525 915 4577 τῶν
929 4511 1145 4580 ’λοιπῶν
1173 4531 1501 4587 ἀνυπόπτων
1542 4538 1759 4605 προσώ-

1872 3333 2345 3387 couversationem
2379 3349 2500 3388 eum
2523 3334 2632 3389 illis
2663 3334 2999 3406 repudiare),
3033 3347 3367 3404 Statuerunt,
3400 3343 3445 3395 si

1872 3424 1975 3477 hoc
2017 3426 2325 3495 contigerit,
2375 3429 2527 3483 nullo
2572 3432 2734 3485 modo
2784 3433 3006 3489 vidente
3048 3434 3307 3504 episcopo
3362 3438 3445 3491 vel

1871 3517 2184 3571 monasterii
2214 3518 2469 3587 prasl‘eeto
2522 3522 2833 3579 ministrare
2878 3526 3161 3591 mulieres,
3211 3528 3306 3582 sed
3354 3543 3447 3584 eas

1869 3609 1923 3662 in
1958 3610 2123 3664 alium
2150 3611 2327 3665 locum
2360 3614 2637 3677 secedere,
2672 3625 2725 3669 et
2761 3620 2812 3671 in
2841 3617 3060 3673 silentio
3087 3619 3305 3689 degere,
3346 3619 3446 3674 do.

1869 3716 1967 3754 uec
2008 3701 2084 3754 illi
2119 3705 2450 3759 recesserint
2478 3723 2492 3771 ;
2521 3707 2671 3761 viros
2698 3718 2879 3763 autem
2924 3712 2989 3763 iis
3016 3715 3241 3765 omnino
3273 3714 3439 3767 mini--

1866 3802 2064 3847 Strare.
2098 3791 2189 3847 Sic
2232 3796 2376 3850 enim
2414 3798 2593 3851 omnis
2628 3802 3076 3867 reprehensionis
3118 3804 3233 3858 sive
3276 3820 3433 3860 scan-

1866 3883 1972 3937 dali
2002 3885 2267 3942 vitabitur
2299 3891 2553 3946 ioccasio.
2586 3889 2844 3962 Nunquid
2894 3906 3076 3949 autem
3114 3908 3439 3966 argumento

1866 3991 1895 4028 a
1921 3979 2197 4034 contrario
2225 3989 2447 4051 sumpto
2471 4021 2486 4047 ,
2527 3983 2572 4037 si
2605 3983 2659 4038 in
2695 3984 2976 4056 episcOpio
3019 3987 3100 4041 vel
3137 3988 3190 4041 iu
3244 4004 3438 4043 mona-

1866 4069 2034 4122 sterio
2077 4085 2202 4125 cum
2255 4074 2583 4131 mulieribus
2622 4092 2731 4130 non
2777 4091 3195 4143 converseutur,
3237 4086 3331 4136 sed
3382 4083 3435 4135 in

1864 4163 1986 4216 aliis
2038 4163 2269 4230 aadibus,
2301 4165 2381 4221 eis
2410 4167 2567 4221 venia
2605 4168 2870 4223 dabitur?
2918 4168 3152 4224 Salutio.
3181 4172 3436 4227 Canones

1864 4254 2106 4320 quidem,
2140 4265 2201 4310 ut
2234 4272 2379 4328 saepe
2403 4258 2661 4324 diximus,
2693 4269 2748 4316 et
2774 4276 2895 4329 cap.
2919 4263 3010 4328 37,
3040 4267 3121 4317 tit.
3156 4265 3214 4323 1.-
3236 4264 3331 4319 lib.
3372 4259 3433 4319 in

1864 4344 2082 4400 Basilic.
2112 4348 2390 4417 prohibet,
2433 4366 2502 4405 ne
2549 4353 2674 4422 quis
2708 4367 2899 4408 eorum
2930 4356 3023 4423 qui
3054 4367 3185 4409 sunt
3218 4370 3283 4409 ex
3327 4372 3431 4412 sa-

1862 4436 2122 4491 cerdotali
2175 4438 2371 4495 ordine
2426 4456 2550 4497 eum
2588 4455 2839 4514 suspecta
2884 4447 3111 4501 muliere
3161 4457 3428 4515 versetur,

1861 4538 2217 4596 praeterquam
2278 4545 2402 4584 cum
2451 4542 2624 4587 matre
2660 4574 2676 4600 ,
2733 4549 2965 4603 sorore,
3020 4537 3128 4590 lilia
3175 4547 3229 4593 et
3302 4541 3432 4594 reli~

184 4627 347 4663 πωνο
377 4613 439 4665 τὸ
486 4614 541 4667 δὲ
591 4613 665 4678 νζ
741 4633 867 4686 κεφ.
922 4620 1109 4684 αὑτοῦ,
1164 4623 1329 4693 μέρος
1377 4626 1436 4679 ὅν
1485 4632 1580 4699 τῆς
1647 4633 1760 4701 ρλζ⁹

1868 4617 1986 4686 quis
2054 4620 2302 4684 Personis
2373 4622 2441 4677 de
2497 4624 2693 4693 quibus
2760 4628 2907 4682 nulla
2974 4632 3183 4683 oriatur
3253 4634 3433 4701 suspi-

198 4704 631 4758 Ἰουστινιανείου
676 4710 898 4778 νεαρᾶς.
950 4709 1099 4778 λέγει
1144 4714 1317 4772 ταῦτα
1350 4718 1531 4787 ῥητῶς
1554 4735 1566 4749 ν
1600 4721 1756 4774 Ἐπί-

183 4812 397 4849 σκοπον
428 4796 486 4850 δὲ
514 4798 780 4868 μηδεμίαν
803 4803 1081 4867 παντελῶς
1115 4809 1346 4873 γυναῖκα
1374 4808 1518 4877 ἔχειν
1548 4812 1578 4881 ἢ
1614 4815 1756 4881 μετά

176 4888 359 4956 αὐτῆς
392 4890 560 4941 οἰκεῖν
590 4892 979 4962 συγχωροῦμεν
1000 4912 1015 4929 ο
1050 4897 1098 4948 εί
1125 4896 1181 4949 δὲ
1204 4899 1547 4972 ἀποδειχθείη
1574 4905 1752 4971 τοῦτο,

174 4981 288 5043 τῆς
334 4983 636 5052 ἐπισκοπῆς
683 4986 1046 5043 ἐκϐαλλέσθω.
1082 4991 1141 5043 Εἰ
1196 4992 1326 5059 γοῦν
1361 4998 1386 5046 6
1419 4996 1604 5060 ἁπλᾶ-ς
1633 5016 1755 5052 συν-

177 5072 350 5124 οικῶν
396 5072 692 5139 ἐπίσκοπος
746 5077 884 5145 μετά
951 5080 1207 5146 γυναικὸς
1237 5084 1565 5151 οἱασδήτινος
1620 5088 1754 5140 καθ·

177 5170 447 5239 αιρεϊται,
495 5166 674 5239 πολλῷ
736 5168 896 5222 πλέον
940 5172 970 5223 6
1026 5173 1084 5224 ὲν
1121 5174 1454 5247 ὲπισκοπείτρ
1511 5178 1752 5233 τοιοῦτόν

176 5278 237 5312 τι
293 5259 526 5327 ποιήσας
573 5259 904 5313 ἀπεντεῦθεν
956 5262 1453 5336 καθαιρεθήσεται,
1513 5272 1587 5333 ὡς
1630 5274 1754 5342 ἐμοὶ

172 5354 350 5416 δοκεῖ,
386 5353 474 5406 διὰ
497 5352 560 5404 τὸ
587 5353 685 5421 τῆς
706 5350 907 5423 νεαρᾶς
926 5356 1288 5412 ἀδιάστικτον.
1321 5362 1394 5414 Τὸ
1438 5364 1620 5432 μέντοι
1691 5367 1752 5419 ιε’

175 5461 312 5510 κεφ.
341 5444 433 5495 τοῦ
460 5451 506 5497 α’
535 5444 716 5498 τίτλου
748 5448 844 5499 τοῦ
894 5444 935 5499 δ’
973 5449 1178 5517 βιϐλίου
1244 5454 1445 5507 κωλύει
1483 5458 1542 5508 οὐ
1592 5460 1753 5529 μόνον

176 5538 243 5589 τὸ
277 5541 601 5605 καταμεῖναι
626 5542 862 5606 γυναῖκα
888 5544 945 5592 ἐν
975 5549 1321 5617 μονασῖηρίῳ
1347 5550 1593 5621 ἀνδρῲιρ,
1628 5552 1659 5622 ἧ
1689 5554 1751 5605 το

173 5629 473 5693 ἀνάπαλιν,
499 5629 633 5682 ἀλλά
664 5633 757 5683 καὶ
784 5632 842 5683 τὸ
866 5632 1000 5694 ὅλως
1029 5637 1292 5690 εἰσελθεῖν
1323 5642 1381 5691 ἐν
1413 5642 1557 5710 αὐτῷ
1591 5645 1751 5712 χάριν

170 5723 520 5791 οἱασδήτινος
557 5724 887 5787 ὑποθέσεως.
933 5728 1243 5797 Σημείωσαι
1272 5727 1365 5784 οὖν
1409 5736 1497 5786 τὸν
1552 5738 1750 5790 κανόνα

169 5817 405 5881 λέγοντα
435 5816 515 5867 ὅτι
545 5816 664 5869 οὐδὲ
690 5817 850 5885 δούλη
893 5819 1013 5870 οὑδὲ
1056 5821 1321 5889 ἐλευθέρα
1366 5825 1565 5889 ὀφείλςι
1618 5844 1749 5877 συν-

168 5910 391 5976 ὃιὰγειν
428 5909 563 5978 μετὰ
592 5910 888 5963 ἐπιῖκόπου
1009 5913 1312 5982 ἡγουμένου
1364 5918 1486 5969 καθ’
1543 5918 1749 5989 οἷοκδ-’π

1862 4710 1966 4763 eio.
2032 4712 2100 4766 57
2157 4724 2340 4769 autem
2396 4715 2518 4786 ejus
2578 4732 2777 4788 caput,
2824 4723 2967 4791 quod
3020 4732 3104 4779 est
3153 4738 3280 4793 pars
3330 4726 3429 4779 157

1857 4800 2148 4858 Justiauini
2173 4805 2431 4872 Novella,
2457 4810 2569 4865 haec
2599 4812 2733 4866 dicit
2763 4829 3026 4883 expresse
3052 4833 3068 4874 :
3096 4816 3427 4887 Episcopum

1860 4905 2039 4949 autem
2074 4898 2277 4953 nullam
2316 4902 2531 4969 penitus
2562 4902 2765 4959 habere
2797 4903 3055 4961 feminam
3088 4908 3174 4963 vel
3206 4923 3329 4962 cum
3361 4924 3425 4964 ea

1858 4985 2106 5042 habitare
2156 4991 2564 5056 permittimus:
2602 4996 2646 5050 si
2696 4996 2799 5051 hoc
2847 5008 3031 5052 autem
3082 5000 3427 5056 demonstra-

1858 5087 1972 5132 tum
2010 5080 2193 5149 fuerit,
2230 5087 2549 5155 episcopatu
2578 5088 2851 5155 ejiciatur.
2902 5090 2959 5146 Si
2991 5108 3159 5163 ergo,
3191 5096 3284 5164 qui
3329 5110 3427 5150 so.

1858 5169 2138 5227 lummodo
2168 5191 2291 5229 eum
2343 5192 2674 5247 quacunque
2725 5182 2951 5238 muliere
2994 5186 3275 5240 cohabitat
3305 5188 3426 5257 cpio

1855 5278 2055 5333 smpus
2107 5266 2445 5336 deponitur:
2495 5272 2671 5326 multo
2701 5275 2871 5344 magis
2913 5277 3008 5346 qui
3051 5278 3157 5331 tale
3200 5280 3330 5347 quid
3370 5282 3424 5335 iu

1856 5358 2134 5426 cpiscopio
2166 5359 2375 5425 fecerit,
2398 5363 2521 5419 i-deo
2550 5365 2881 5434 deponetur,
2938 5379 2996 5424 ut
3029 5372 3159 5427 mihi
3190 5373 3422 5438 videtur,

1856 5454 1983 5520 quia
2017 5451 2237 5508 Now-lla
2264 5455 2582 5514 indistincte
2608 5461 2868 5529 loquitur.
2896 5462 3013 5518 Jam
3040 5481 3168 5521 vero
3190 5483 3309 5534 cap.
3332 5469 3419 5530 15.

1856 5545 1942 5600 tit.
1981 5544 2034 5609 l,
2065 5547 2159 5599 lib.
2199 5564 2272 5611 Iv,
2309 5550 2593 5617 prohibet.
2625 5568 2733 5606 non
2764 5556 2937 5607 solum
2973 5558 3253 5611 mulserem
3307 5577 3423 5613 ma-

1856 5653 1986 5691 nere
2051 5640 2102 5690 iu
2147 5642 2387 5693 virorum
2447 5646 2799 5705 monasterio,
2853 5650 2936 5699 vel
3000 5658 3188 5701 contra
3240 5668 3283 5710 τ,
3327 5653 3420 5708 sed

1856 5732 2019 5783 etiam
2078 5731 2305 5785 omnino
2373 5736 2426 5787 in
2501 5735 2674 5803 ipsmu
2728 5738 2935 5806 ingredi
2994 5756 3319 5811 quacunque
3352 5744 3420 5797 de

1856 5837 2046 5876 causa.
2078 5823 2213 5875 Nota
2248 5840 2381 5893 ergo
2406 5843 2671 5880 cauouem
2705 5832 2797 5897 qui
2833 5830 2966 5884 dicit
2996 5888 2999 5893 π
3055 5835 3202 5901 quod
3250 5850 3416 5895 neque

1856 5915 2050 5969 ancilla
2080 5930 2254 5985 neque
2287 5918 2453 5974 libera
2481 5920 2782 5975 debetcum
2816 5923 3071 5993 episcopo
3112 5925 3190 5981 vel
3226 5941 3383 5979 moua
