4166 6438
105 449 261 521 985

1150 437 1232 495 IN
1255 432 1418 493 CAN.
1446 427 1583 491 XIX
1622 427 1810 487 (ΣΟΝο
1877 431 1984 489 ΠΙ
2020 426 2367 490 (ECUMEN.

3272 413 3376 472 E186

104 562 343 623 ἄλλως
365 560 471 613 άπὸ
500 559 687 627 φήμης
711 551 868 606 τινῶν
891 551 923 620 ἢ
951 548 1042 602 καὶ
1068 548 1186 608 ἐνὸς
1215 545 1442 614 ἀκούσῃ,
1474 545 1592 594 τότε
1618 543 1731 590 εἱσ-

1872 549 1890 588 ι
1953 543 2318 609 patriarcham
2373 540 2627 592 delictum
2684 537 2735 588 in
2794 529 3123 585 monasterio
3175 527 3373 578 l‘aclnm

2737 626 2744 627 ,
2962 625 2990 627 η
3367 608 3373 627 .

111 650 476 710 ελεύσεται,
524 646 598 707 ὡς
647 646 882 712 εἴρηται,
933 639 1027 691 καὶ
1076 639 1355 704 ἐρευνήσει
1402 633 1469 684 τά
1523 627 1726 697 ψυχικὰ

119 738 492 808 σφάλματα,
538 733 638 788 κᾶν
675 736 749 804 μὴ
793 737 820 785 6
870 731 1040 784 εἰπὼν
1084 728 1342 797 βούληται
1397 722 1727 776 ὑπεισελθεῖν

119 832 364 897 ἀγῶνα
422 819 771 892 ἀποδείξεως.
817 825 876 876 '0
923 822 1032 890 γὰρ
1085 817 1406 889 Χριστιανὸς
1445 814 1727 882 ἅνθρωπος

120 925 338 991 χρέος
370 921 505 990 ἔχει,
531 910 659 973 ὅταν
689 930 742 970 τι
779 916 987 985 ἀκούσῃ
1018 913 1310 980 γενόμενον
1337 906 1604 968 ἐναντίον,
1639 905 1729 956 λέ-

122 1028 292 1076 γειν
317 1011 476 1063 τοῦτο
498 1007 576 1078 τῷ
597 1005 759 1074 κοινῷ
787 1001 1140 1072 πνευμάτικῷ
1159 999 1332 1067 Πατρὶ
1347 998 1439 1050 καὶ
1461 996 1724 1066 ἀρχιερεῖ.

131 1105 340 1166 Ἴσως
368 1100 425 1157 δέ
467 1104 529 1156 οὑ
573 1103 647 1172 μὴ
702 1099 947 1170 βούλεται
996 1095 1334 1150 animum
1401 1094 1493 1147 τὸν
1541 1091 1728 1158 ἀγῶνα

122 1191 364 1244 τοῦτον
383 1207 398 1222 ’
429 1189 524 1243 καὶ
569 1189 630 1243 τὸ
660 1184 1165 1252 καταλιμπάνεσθαι
1204 1183 1292 1236 διὰ
1321 1182 1421 1253 τὴν
1473 1181 1728 1248 τοιαύτην

128 1284 359 1337 αἰτίαν
390 1283 460 1337 τά
490 1283 698 1352 ψυχικά
725 1281 1016 1349 σφάλματα
1037 1279 1406 1348 άνεπιτήρητα
1436 1276 1529 1328 καὶ
1553 1274 1730 1343 άδιόρ-

130 1378 347 1439 θωτα,
383 1377 497 1430 ἐστι
522 1376 682 1428 τοῦτο
724 1375 899 1443 πάντη
923 1371 1144 1435 άτοπον,
1181 1369 1405 1441 μηδενὸς
1454 1367 1728 1438 ἐγγράφου

130 1469 500 1536 οἱουδήτινος
528 1466 808 1538 βασιλικοῦ
846 1468 880 1536 ἦ
911 1461 1304 1536 πατριαρχικοῦ
1332 1461 1628 1521 κωλύοντος
1653 1461 1732 1522 είς

133 1559 354 1610 τοῦτο.
381 1557 527 1628 Πλὴν
557 1558 624 1609 τά
663 1559 1001 1626 μοναστήρια
1044 1553 1316 1620 ὀφείλουσι
1362 1550 1731 1620 διατηρετσθαι

141 1650 588 1718 ἁκαινοτόμητα
617 1651 676 1701 ἐν
696 1641 811 1709 ταῖς
831 1646 1077 1715 ἐρεύναις
1100 1643 1207 1696 τῶν
1235 1640 1729 1707 άποστελλομένων,

145 1741 452 1808 μηδεμιᾶς
509 1737 761 1791 ἐντεῦθεν
811 1735 1096 1803 διδομένης
1148 1732 1413 1800 δαπάνης.
1461 1730 1594 1781 Τότε
1625 1727 1732 1797 γὰρ

145 1835 274 1883 καὶ
305 1833 340 1900 ἡ
374 1831 656 1900 διόρθωσις
683 1829 791 1882 τῶν
837 1826 1084 1897 ψυχικῶν
1133 1823 1461 1892 σφαλμάτων
1496 1821 1732 1881 εὐκόλως

147 1929 277 1978 σὺν
306 1925 762 1994 Θεῷ,γενήσεται.
809 1923 931 1975 Ἐπὶ
955 1923 1011 1974 δέ
1065 1939 1126 1988 γε
1162 1922 1272 1980 τοῖς
1326 1919 1444 1972 κατ’
1499 1917 1736 1969 ἐπίδοσιν

147 2018 382 2070 δοθεῖσι
431 2008 816 2085 μοναστηρίοις
876 2015 972 2067 καὶ
1025 2013 1145 2067 κατ’
1184 2010 1498 2080 ἐφορείανῆ
1534 2010 1738 2059 οίκονο-

156 2111 337 2179 μίαν,
377 2109 409 2178 ἢ
467 2108 745 2169 παντελῶς
797 2107 1130 2175 ἐλευθερίαν,
1178 2105 1239 2155 οὐ
1284 2103 1445 2168 μόνον
1501 2099 1569 2151 τὰ
1605 2096 1742 2151 ἄλλα.

150 2198 384 2270 ψυχικὰ
413 2200 703 2268 σφάλματα
732 2197 1070 2268 ἐπιζητήσει,
1095 2193 1231 2249 άλλά
1255 2193 1349 2246 καὶ
1371 2194 1419 2244 εί
1442 2187 1741 2256 κατελύθη-

156 2307 303 2357 σαν,
336 2289 370 2362 ἢ
404 2290 764 2344 καταλύονται
800 2287 1044 2358 μερικῶς
1089 2284 1123 2356 ἢ
1179 2283 1409 2338 καθόλου
1459 2279 1609 2348 παρὰ
1634 2277 1742 2330 τῶν

156 2379 460 2436 λαϐόντων
482 2381 657 2437 ταῦτα
677 2397 692 2413 ο
730 2381 824 2434 καὶ
851 2381 902 2433 εί
951 2380 1174 2449 εὑρήσει
1201 2375 1357 2437 τινάς
1399 2372 1655 2443 μειώσεις
1686 2372 1744 2422 ἐν

159 2473 368 2536 αὐτοῖς
417 2472 728 2542 γινομένας,
773 2469 1182 2537 καταναγκάσει
1221 2467 1344 2525 τοὺς
1372 2462 1544 2516 ταῦτα
1588 2459 1745 2514 κατέ-

159 2581 380 2633 χοντας
401 2563 774 2633 άποκαθιστᾷν
806 2560 1004 2625 ταῦτα,
1054 2556 1238 2620 καθὼς
1273 2553 1610 2627 παρέλαϐον,
1650 2552 1744 2604 καὶ

162 2654 327 2706 κατὰ
349 2652 451 2724 τὴν
481 2651 742 2722 εὐπορίαν
770 2650 864 2704 τοῦ
895 2648 1256 2720 μοναστηρίου
1284 2663 1299 2679 ο
1334 2644 1474 2714 πλὴν
1497 2641 1586 2696 ἐπ’
1606 2641 1746 2694 ὲκεί-

164 2750 298 2809 νοις
330 2747 446 2809 τοῖς
489 2744 681 2806 ἐνδεῶς
716 2744 898 2814 ἔχουσι
953 2742 1087 2812 πρὸς
1119 2739 1220 2810 τὴν
1263 2738 1596 2792 κατάστασιν
1625 2733 1747 2788 καθ’

166 2839 250 2910 ἢν
304 2837 477 2892 ταῦτα
526 2835 863 2906 παρέλαϐον*
905 2835 974 2888 τὰ
1042 2833 1100 2886 δέ
1145 2849 1210 2900 γε
1258 2830 1613 2900 βελτιωθέντα
1654 2823 1749 2878 καὶ

170 2929 592 3000 ἐπαυξηθέντα,
634 2928 816 2991 καλῶς
865 2926 1079 2996 ἔχοντα,
1131 2924 1232 2979 οὐκ
1266 2921 1746 2987 ἐλαττωθήσονται,

169 3021 323 3075 ἀλλὰ
355 2999 610 3089 μένουσιν
649 3021 723 3083 ὡς
754 3020 988 3090 ἔχουσιν.
1022 3020 1083 3071 Οί
1103 3017 1160 3070 δέ
1195 3017 1315 3068 κατ’
1344 3013 1596 3082 ἐφορείαν
1630 2999 1764 3062 καιὲ

173 3115 349 3183 ρικὴν
377 3115 472 3184 καὶ
500 3112 693 3183 ἑτέραν
730 3111 1044 3180 οίχονομίαν
1082 3108 1370 3163 ἐκδοθέντα
1405 3103 1748 3172 κατέχοντες,

1831 633 2157 698 pervenerit,
2198 633 2313 686 sive
2363 630 2561 697 alioqui
2608 644 2673 681 ex
2727 626 2865 678 fama
2925 625 3256 688 aliquorum,
3297 607 3384 666 vel

1827 725 1989 777 etiam
2022 725 2184 778 unius
2213 724 2505 784 audiverit,
2540 732 2690 783 tunc,
2731 728 2782 770 ul
2826 718 3031 769 dictum
3069 721 3172 771 est,
3203 712 3377 777 ingre-

1829 815 2034 877 dietur,
2067 825 2121 868 et
2171 814 2608 883 perscrutabitur
2666 809 2859 862 delicta
2899 806 3112 860 animm.
3166 797 3377 852 etiamsi

1830 907 1877 961 is
1930 907 2021 974 qui
2083 905 2239 968 dixit,
2299 905 2437 958 nolit
2491 903 2674 957 subire
2735 897 2996 967 probandi
3056 891 3380 962 periculum.

1831 997 2003 1051 Homo
2033 999 2176 1052 enim
2207 993 2582 1057 Christianus,
2611 991 2831 1058 quando
2867 986 3066 1056 aliquid
3098 999 3205 1039 non
3235 989 3383 1035 recte

1833 1091 2037 1146 factum
2072 1090 2357 1151 audiverit,
2407 1088 2570 1141 debet
2622 1087 2724 1138 hoc
2759 1083 2937 1135 dicere
2961 1075 3235 1133 communi
3277 1073 3383 1138 spi-

1832 1183 2016 1237 rituali
2046 1181 2197 1236 Patri
2241 1190 2294 1235 et
2329 1179 2585 1234 antistiti.
2624 1164 2882 1230 Fortasse
2913 1177 3093 1224 autem
3136 1182 3244 1223 non
3268 1166 3385 1216 vult

1831 1274 1933 1326 hoc
1952 1272 2134 1326 subire
2163 1270 2496 1340 periculum;
2530 1279 2583 1322 et
2608 1274 2824 1337 propter
2844 1259 3110 1332 ejusmodi
3137 1271 3382 1317 causam,

1834 1365 2029 1420 delicta
2063 1365 2257 1418 anima:
2286 1363 2629 1416 inobservata
2665 1367 2718 1412 et
2749 1359 3057 1409 iucorrecta
3078 1349 3389 1417 relinquere

1835 1465 1915 1510 est
1956 1456 2114 1508 valde
2142 1452 2454 1513 absurdum,
2490 1450 2640 1504 nullo
2671 1458 2998 1517 quocunque
3048 1441 3252 1508 scripto
3282 1439 3389 1490 im-

1836 1547 2114 1619 peratorio
2157 1545 2242 1598 vel
2291 1538 2645 1613 patriarchali
2701 1540 2803 1590 hoc
2862 1535 3213 1605 prohibente.
3282 1527 3388 1582 Sed

1840 1642 2175 1711 monasteria
2202 1638 2420 1707 quidem
2445 1635 2645 1690 debent
2663 1647 2769 1685 non
2795 1631 3044 1682 innovata
3072 1620 3390 1678 conservari

1843 1734 1898 1788 in
1932 1730 2462 1801 perscrutationibus
2497 1741 2683 1780 eorum
2735 1724 2828 1792 qui
2865 1722 3175 1780 mittuntur,
3227 1711 3392 1768 nullis

1847 1827 2043 1880 exinde
2090 1825 2230 1879 datis
2279 1820 2617 1890 sumptibus.
2666 1815 2823 1869 Tunc
2871 1813 3013 1866 enim
3063 1809 3256 1861 anima:
3297 1806 3392 1856 dc-

1842 1919 2096 1972 lictorum
2148 1913 2420 1968 correctio
2466 1911 2646 1971 l'acile,
2685 1910 2730 1962 si
2784 1907 2926 1959 Deus
2971 1902 3140 1961 volet,
3189 1900 3299 1952 ﬁet.
3335 1897 3391 1948 ln

1842 2008 2188 2064 monasteriis
2223 2017 2404 2060 autem
2439 2018 2556 2072 qua:
2588 2001 2652 2054 ad
2690 2000 3106 2057 incrementum,
3149 2003 3202 2045 et
3250 1992 3396 2061 regi—

1842 2118 1966 2156 men
1995 2102 2106 2154 sive
2135 2096 2692 2156 administrationem,
2725 2099 2820 2143 aut
2849 2088 3068 2142 omnino
3092 2087 3393 2138 libertatem

1842 2195 1966 2249 data
2003 2201 2152 2256 sunt,
2188 2206 2295 2244 non
2330 2181 2504 2242 solum
2543 2188 2649 2239 alia
2681 2186 2873 2237 anima!
2902 2182 3098 2236 delicta
3134 2178 3396 2245 inquiret,

1845 2292 1938 2346 sed
1969 2292 2134 2345 etiam
2173 2303 2236 2341 an
2285 2287 2543 2340 dissoluta
2596 2284 2727 2342 sint,
2782 2281 2866 2332 vel
2918 2276 3292 2330 dissolvantur
3344 2273 3396 2322 in

1846 2393 1999 2453 parte
2024 2382 2109 2435 vel
2135 2382 2188 2433 in
2220 2380 2534 2432 universum
2569 2375 2636 2428 ab
2669 2374 2755 2434 iis,
2792 2370 2884 2439 qui
2916 2385 2976 2423 ea
3016 2379 3273 2433 accepere
3302 2380 3319 2416 :
3344 2370 3398 2413 et

1848 2474 1892 2529 si
1925 2471 2165 2526 inveniet
2193 2470 2246 2522 in
2280 2468 2348 2522 iis
2377 2467 2592 2534 aliquas
2628 2463 2743 2516 ﬁeri
2783 2459 3212 2512 imminutiones.
3244 2461 3402 2519 coget

1845 2568 2152 2623 detinentes
2174 2578 2236 2617 ea
2260 2563 2569 2618 restituere,
2601 2551 3054 2627 quemadmodum
3117 2561 3400 2614 accepere,

1848 2670 1902 2716 et
1938 2657 2240 2712 secundum
2272 2650 2589 2708 monasterii
2636 2647 2986 2709 facultatem;
3039 2641 3131 2693 sed
3180 2638 3234 2692 in
3298 2635 3403 2689 illis

1848 2751 2094 2821 quidem,
2145 2747 2238 2814 qui
2293 2752 2515 2812 propter
2568 2739 2806 2821 inopiam
2867 2751 2974 2789 non
3033 2731 3309 2789 suﬁiciunt
3337 2729 3402 2781 ad

1851 2851 2049 2897 statum
2073 2842 2127 2893 in
2147 2853 2255 2908 quo
2279 2850 2341 2889 ea
2375 2847 2633 2902 accepere
2647 2820 2672 2895 ’ς
2704 2844 2825 2900 qum
2857 2835 2983 2880 suut
3009 2837 3188 2878 autem
3213 2820 3405 2876 eﬂecta

1851 2935 2077 2991 meliora
2107 2940 2160 2987 et
2190 2937 2377 2994 aucta,
2412 2942 2535 2982 cum
2565 2931 2715 2978 recte
2743 2937 2804 2976 se
2839 2919 3094 2980 habeant,
3145 2930 3252 2967 non
3309 2913 3409 2964 mi-

1853 3038 2118 3089 nuentur,
2157 3024 2248 3079 sed
2285 3019 2586 3075 manebunt
2632 3023 2691 3069 ut
2722 3029 2780 3069 se
2812 3012 3032 3065 habent.
3073 3006 3175 3072 Qui
3228 3012 3406 3058 autem

1853 3138 1917 3176 ea
1951 3117 2218 3186 detinent,
2259 3130 2379 3185 quae
2413 3118 2541 3167 sunt
2571 3109 2680 3164 illis
2717 3103 2942 3167 tradita,
2974 3110 3034 3155 ut
3069 3098 3308 3168 regimen
3355 3103 3410 3148 et

175 3207 286 3260 καὶ
316 3206 831 3274 καταλυμηνάμενοι
881 3203 1075 3267 ταῦτα,
1117 3202 1165 3254 εἰ
1205 3199 1278 3271 μὴ
1318 3198 1592 3269 βούλονται
1615 3195 1748 3247 ἀπο-

1870 3211 2386 3268 tdministrationem
2453 3205 2518 3258 ad
2578 3211 2793 3269 tempus
2848 3193 3187 3263 suscipiant,
3232 3201 3284 3244 et
3331 3189 3411 3242 eis

175 3299 450 3369 καθιστᾷν
479 3298 650 3352 ταῦτα
675 3299 754 3360 είς
787 3296 816 3350 6
863 3293 1172 3366 παρέλαϐον
1216 3293 1422 3362 σχῆμα,
1455 3291 1541 3342 ἵνα
1586 3289 1753 3355 ἀφαι-

181 3392 414 3459 ρῶνται,
446 3389 520 3460 μὴ
561 3389 926 3457 ὠφελούμενοι
950 3386 1045 3454 ἀφ’
1075 3379 1150 3439 ὦν
1192 3384 1406 3453 ἔχουσιν
1438 3381 1752 3450 ἐγγράφων,

177 3482 523 3553 προθεσμίας
551 3479 830 3550 διδομένης
862 3479 1044 3541 αὐτοῖς
1074 3475 1438 3547 ἁρμοζούσης.
1456 3471 1675 3535 Μεταξὺ
1699 3471 1756 3522 δὲ

178 3575 291 3644 τῆς
315 3571 651 3644 προθεσμίας
685 3570 990 3640 ὀφείλουσιν
1019 3566 1417 3641 ἐπιτηρεῖσθαι,
1453 3567 1502 3619 εί
1532 3563 1754 3634 φροντί-

183 3669 378 3731 ζουσιν
405 3666 588 3736 ἔργοις
622 3662 806 3727 αὐτοῖς
852 3665 982 3730 περὶ
1014 3662 1113 3731 τῆς
1147 3662 1229 3723 είς
1279 3659 1342 3712 τὸ
1389 3655 1757 3736 άρχαῖονὶαὺ-

180 3759 302 3814 τῶν
328 3721 737 3819 καταστάσεως,
764 3721 838 3818 ῶς
892 3721 1220 3824 adﬁxam.
1249 3752 1381 3805 Τότε
1559 3750 1587 3817 ἡ
1625 3721 1757 3816 ἐτρο-

187 3850 397 3921 θεσμία
443 3851 868 3921 φυλαχθήσεται.
905 3852 966 3902 At
1003 3850 1059 3901 δὲ
1098 3847 1392 3913 ἀποταγαὶ,
1447 3843 1568 3897 ἐπεὶ
1607 3841 1757 3909 παρὰ

187 3947 428 4007 κανόνας
454 3943 683 3998 δίᾶονται
705 3946 799 3996 καὶ
836 3943 1228 4012 λαμϐάνονται,
1260 3938 1578 4008 σχολάσουσι
1615 3951 1755 3985 πλιν⁹

188 4038 366 4100 τελῶς
386 4038 494 4092 ἀπὸ
521 4040 615 4092 τοῦ
652 4037 767 4100 νῦν,
804 4040 896 4090 καὶ
923 4039 952 4089 ό
983 4035 1369 4107 εὑρισκόμενος
1398 4029 1691 4100 λαμϐάνων
1720 4029 1754 4097 ἢ

189 4124 393 4196 διδοὺς,
427 4133 475 4185 εἰ
509 4135 610 4202 μέν
650 4134 798 4184 ἐστιν
823 4129 1144 4199 ἡγούμενος,
1176 4129 1262 4180 ἵνα
1296 4127 1624 4192 ἐκδιώκηται
1654 4123 1760 4175 ἀπὸ

189 4227 300 4296 τῆς
329 4227 722 4296 ἠγουμενείαςσ
757 4225 804 4276 εί
843 4222 905 4282 δὲ.
933 4221 1362 4290 χαριστικάριος,
1395 4213 1761 4285 ἐκδιωχθήσε-

190 4335 289 4374 ται
332 4318 440 4372 ἀπὸ
466 4319 566 4386 τῆς
604 4317 793 4386 μονῆς.
835 4314 900 4367 Al
930 4315 985 4366 δὲ
1019 4313 1125 4364 ἀπὸ
1169 4313 1278 4365 τῶν
1308 4307 1762 4381 προσερχομένων

121 4428 128 4435 ·
194 4414 282 4475 είς
318 4413 625 4481 ἀπόκαρσιν
660 4410 947 4476 γινόμεναι
995 4406 1258 4466 ἑκουσίως
1297 4403 1392 4454 καὶ
1451 4402 1593 4452 κατὰ
1629 4397 1764 4466 γνώ-

199 4523 312 4575 μην
341 4506 448 4557 τῶν
499 4504 914 4573 προσφερόντων
945 4500 1286 4571 προσενέξεις
1337 4495 1764 4566 προσδεχθήσον-

194 4617 316 4663 ται,
352 4603 448 4651 καὶ
473 4598 969 4667 ἀπογραφήσονται-
1013 4596 1072 4647 ἐν
1117 4593 1195 4662 τῷ
1221 4592 1421 4663 βρεϐίῳ
1452 4590 1547 4658 τῆς
1575 4589 1762 4658 μονῆς,

197 4695 464 4764 είὸήσεως
491 4691 773 4760 διδομένης
797 4691 923 4758 περὶ
951 4687 1062 4740 τῶν
1089 4686 1553 4756 προσφερομένων
1574 4682 1666 4733 καὶ
1690 4681 1769 4749 τῷ

199 4783 493 4855 ἁγιωτάτῳ
524 4784 859 4854 πατριάρχῃ,
885 4784 987 4834 κᾶν
1013 4782 1062 4833 οί
1083 4780 1147 4832 τά
1188 4781 1523 4847 μοναστήρια
1555 4775 1770 4843 ἔχοντες

198 4878 420 4948 ὕπομνή
429 4889 573 4944 ματα
593 4877 886 4946 κέκτηνται
911 4874 1035 4942 περὶ
1053 4873 1145 4926 τοῦ
1166 4873 1466 4941 λαμϐάνειν
1486 4871 1769 4934 άποταγὰς

202 4973 300 5028 καὶ
328 4971 694 5042 προσενέξεις,
725 4971 822 5023 καὶ
866 4967 1283 5037 ἀποκερδαίνειν
1315 4965 1517 5023 ταύτας
1543 4980 1556 4994 ·
1612 4960 1770 5013 τοῦτο

199 5067 313 5137 γάρ
339 5066 446 5118 ἀπὸ
468 5063 562 5117 τοῦ
605 5062 699 5116 νῦν
725 5062 927 5128 ὀφείλει
957 5060 1234 5130 σχολάσαι,
1269 5058 1362 5111 καὶ
1392 5056 1635 5123 γίνεσθαι
1672 5066 1770 5107 καί

207 5159 316 5221 θὼς
339 5157 542 5212 ἄνωθεν
567 5159 784 5225 εἴρηται
809 5171 824 5185 °
867 5153 1002 5207 ἀλλὰ
1041 5156 1132 5206 καὶ
1158 5154 1214 5206 αἱ
1247 5151 1548 5221 σωζόμεναι
1576 5167 1772 5219 προσε-

205 5257 380 5320 νέξεις
405 5257 503 5308 οὐκ
529 5252 837 5324 ὀφείλουσιν
881 5248 1243 5318 ἐκποιηθῆναι
1284 5250 1350 5318 τῇ
1404 5249 1626 5315 ἀφορμῇ
1660 5246 1770 5297 τῶν

205 5347 639 5418 ὑπομνημάτων.
683 5346 748 5399 Ἡ
777 5345 961 5413 μέντοι
992 5341 1211 5412 φροντὶς
1239 5340 1298 5392 οὐ
1334 5340 1492 5408 μόνον
1533 5338 1643 5390 τῶν
1669 5337 1798 5405 ψυηκ

204 5441 315 5512 χῶν
340 5440 450 5491 τῶν
484 5436 758 5509 μοναχῶν,
789 5433 924 5489 ἀλλὰ
959 5432 1052 5484 καὶ
1091 5430 1270 5483 αὐτῶν
1316 5429 1428 5482 τῶν
1465 5429 1767 5498 κοσμικῶν,

206 5533 288 5601 τῷ
330 5533 615 5599 ἁγιωτάτῳ
651 5527 966 5597 πατριάρχῃ
1000 5524 1306 5576 ἐπίκειται·
1341 5522 1433 5574 καὶ
1471 5522 1597 5573 ὅταν
1645 5522 1770 5573 θεά-

211 5622 372 5691 σηται
403 5639 523 5674 τινα
551 5621 659 5673 τῶν
683 5620 966 5687 κοσμικῶν
986 5616 1227 5685 διψῶντα
1249 5614 1346 5684 τὴν
1362 5612 1567 5665 οἰκείαν
1592 5628 1769 5681 σωτη-

217 5720 358 5786 ρίαν,
401 5717 516 5778 πῶς
560 5715 837 5784 ἐνδέχεται
887 5713 976 5764 ἵνα
1011 5709 1291 5778 κωλύηται
1327 5709 1420 5760 τοῦ
1460 5709 1682 5759 τάσσειν
1712 5706 1769 5757 ἐν

211 5817 276 5880 τῇ
313 5811 447 5880 μονῇ
472 5808 565 5860 ἐπὶ
582 5806 822 5876 ψυχικῆς
855 5805 1126 5874 σωτηρίας
1153 5801 1248 5853 τοῦ
1280 5799 1716 5870 προσερχομένου
1751 5821 1762 5862 ;

217 5904 369 5968 Ἥξει
437 5900 546 5970 γὰρ
597 5899 875 5952 ἀκώλυτον
922 5899 950 5950 ό
994 5895 1294 5964 άγιὼτατος
1336 5889 1671 5959 πατριάρχης
1708 5895 1762 5947 τὸ

1857 3305 2114 3362 damnum
2146 3300 2401 3361 afferunt,
2434 3300 2478 3351 si
2513 3296 2689 3350 nolint
2724 3295 2776 3346 in
2811 3305 2979 3353 -eum,
3039 3299 3147 3356 quo
3195 3297 3413 3349 accepe-

1858 3409 2004 3463 runt,
2043 3406 2242 3451 statum
2276 3409 2334 3447 ea
2366 3393 2677 3450 restituere,
2715 3385 3058 3443 auferantur,
3097 3392 3199 3432 nec
3247 3374 3410 3428 abiis

1857 3508 1978 3562 quae
2007 3492 2204 3544 habent
2233 3486 2452 3553 scriptis
2491 3483 2768 3549 iuventur,
2793 3478 2875 3532 eis
2903 3475 3034 3530 dato
3065 3467 3412 3526 convenienti

1857 3558 1945 3641 die
1987 3572 2280 3654 praefinito.
2309 3580 2517 3631 Interea
2550 3583 2752 3633 autem,
2801 3571 2924 3623 dum
2968 3563 3167 3635 pendet
3223 3558 3412 3613 termi-

1859 3695 1985 3741 nus,
2027 3673 2305 3730 observari
2342 3671 2561 3728 debent,
2606 3682 2672 3719 an
2729 3665 2832 3734 ipsi
2882 3658 3031 3729 operi
3089 3657 3155 3709 de
3194 3652 3414 3705 restitu-

1862 3771 2007 3824 tione
2047 3766 2256 3821 scilicet
2301 3761 2355 3817 in
2422 3761 2690 3827 integrum
2744 3759 2962 3811 vacent,
3023 3756 3080 3800 ut
3134 3755 3414 3799 ostensum

1862 3871 1967 3917 est.
2001 3859 2136 3913 Tum
2169 3857 2312 3910 enim
2342 3855 2502 3908 etiam
2538 3849 2805 3903 terminus
2838 3841 3167 3898 servabitur.
3192 3835 3418 3889 Renun-

1861 3954 2113 4008 tiationes
2148 3960 2352 4009 autem,
2387 3944 2645 4014 quoniam
2699 3948 2893 4007 praeter
2930 3946 3169 3987 canones
3211 3929 3409 3981 dantur

1863 4056 1916 4101 et
1948 4043 2316 4111 accipiuntur,
2348 4021 2810 4091 dehinc'Omniuo
2865 4028 3182 4082 cessabunt,
3219 4005 3271 4072 et
3325 4018 3416 4083 qui

1866 4138 2113 4206 accipere
2155 4133 2235 4186 vel
2269 4131 2402 4184 dare
2446 4128 2703 4180 inventus
2740 4123 2920 4179 fuerit,
2972 4118 3016 4169 si
3079 4116 3146 4168 sit
3203 4110 3419 4178 quidem

1865 4227 2180 4286 monasterii
2217 4224 2536 4293 praefectus,
2575 4232 2638 4271 ex
2689 4213 3009 4282 praefectura
3065 4205 3370 4274 expellatur
3406 4217 3418 4251 :

1868 4325 1951 4379 sin
1990 4330 2171 4375 autem
2201 4311 2636 4387 praabendarius,
2677 4327 2706 4361 e
2740 4303 3070 4358 rnOnasterio
3101 4296 3421 4363 expelletur.

1867 4415 1996 4481 Qum
2027 4419 2206 4465 autem
2239 4409 2306 4459 ab
2339 4407 2427 4469 iis,
2463 4403 2552 4472 qui
2587 4401 2650 4453 ad
2690 4407 2972 4450 tonsuram
3003 4392 3248 4449 veniunt,
3285 4385 3420 4436 ﬁunt

1870 4505 2204 4562 oﬂ'erentitun
2236 4509 2530 4568 Spontanea
2563 4492 2839 4544 voluntate
2873 4485 3198 4539 oblationes,
3237 4476 3413 4528 susci-

1874 4601 2087 4668 pientur
2124 4603 2175 4648 ct
2216 4590 2616 4642 describenlur
2651 4582 2705 4634 in
2765 4575 3036 4632 breviario
3087 4565 3424 4625 monasterii,

1870 4692 1937 4747 de
1965 4691 2030 4743 iis
2058 4697 2178 4756 qum
2207 4683 2514 4738 olleruntur
2540 4678 2704 4731 etiam
2728 4664 3075 4728 sanctissimo
3107 4658 3428 4732 patriarcha:

1869 4777 2384 4851 Cognitionedata;
2415 4769 2634 4826 etiamsi
2667 4761 2995 4820 monasteria
3040 4763 3284 4811 tenentes
3329 4750 3430 4802 do-

1871 4883 2126 4928 cumenta
2159 4844 2494 4921 habeantde
2547 4856 2885 4928 accipiendis
2929 4841 3430 4905 renuntiationihus

1870 4975 1923 5021 et
1947 4960 2338 5019 oblationibus,
2386 4964 2439 5008 et
2486 4955 2554 5008 iis
2603 4944 3012 5004 lucrifaciendis
3069 4957 3084 4993 :
3138 4939 3240 4991 hoc
3285 4932 3428 4987 enim

1870 5062 2089 5113 cessare
2114 5067 2258 5106 nunc
2299 5048 2478 5112 debet,
2512 5055 2564 5098 et
2594 5043 2707 5096 ﬁeri
2742 5031 3205 5107 quemadmodum
3253 5039 3421 5093 supc-

1869 5152 1989 5206 fius
2022 5149 2224 5202 dictum
2257 5139 2498 5205 est;.sed
2535 5138 2696 5190 etiam
2737 5135 2964 5186 servatas
2989 5123 3295 5180 oblationes
3321 5129 3431 5171 n0n

1870 5243 2071 5297 debent
2132 5238 2354 5290 alienari
2419 5235 2686 5300 praetequ
2738 5226 3212 5277 documentorum.
3265 5210 3433 5263 Porro

1871 5346 2054 5390 autem
2092 5345 2200 5384 non
2237 5327 2413 5381 solum
2473 5330 2603 5377 cura
2661 5317 2967 5371 animarum
3013 5307 3434 5363 monachorum,

1873 5425 1967 5483 sed
1994 5426 2240 5493 ipsorum
2271 5419 2436 5472 etiam
2475 5413 2845 5468 szeculariutn.
2879 5401 3148 5459 incumbit
3187 5396 3426 5452 sanctis-

1872 5522 2009 5575 simo
2036 5514 2357 5584 patriarcha:
2392 5527 2405 5560 :
2457 5515 2511 5562 et
2544 5504 2764 5575 quando
2813 5499 3009 5554 viderit
3042 5496 3278 5562 aliquem
3328 5503 3432 5541 5:1:—

1873 5609 2142 5666 cularium
2198 5605 2476 5658 sitientem
2510 5595 2788 5668 propriam
2847 5592 3099 5649 Salutem,
3155 5579 3430 5652 quomodo

1872 5703 2150 5769 continget
2179 5694 2456 5765 prohiberi
2494 5692 2787 5760 quominus
2829 5687 2882 5737 in
2933 5677 3286 5735 monasterio-
3302 5687 3424 5724 eum

1872 5798 2122 5857 collocet,
2147 5793 2212 5843 ad
2244 5791 2478 5842 salutem
2509 5784 2704 5837 animm
2730 5781 2846 5850 ejus
2876 5776 2966 5846 qui
3007 5770 3245 5828 accedit?
3278 5765 3424 5819 Citra

1881 5894 2050 5949 ullum
2088 5888 2229 5942 cnim
2262 5880 2709 5952 impedimentum
2735 5871 3080 5929 sanctissimo
3108 5861 3428 5938 patriarcha:
