4166 6438
133 420 247 481 983

1133 415 1211 474 IN
1252 415 1414 474 CAN.
1458 415 1563 474 XX
1593 415 1802 474 (IONC.
1844 415 1948 471 Vll
1999 412 2350 472 (ECUMEN.

3263 405 3366 465 990

141 546 305 599 μεινῃ
342 529 397 579 ὲν
427 529 503 597 τῷ
573 525 938 595 μοναστηρίῳ,
984 524 1083 576 κᾶν
1118 540 1173 574 τε
1224 524 1436 592 ἐξέλθῃ,
1483 525 1529 576 εἰ
1559 524 1633 592 μὴ
1674 524 1703 589 ἡ

1818 529 2062 588 :rataque
2089 519 2304 579 fuerint,
2334 532 2414 575 ea,
2451 516 2562 569 sive
2594 514 2646 566 in
2680 515 3008 568 monasterio
3040 526 3222 582 poStea
3264 517 3362 565 ista!

136 625 294 678 αἰτία
332 623 430 689 τῆς
471 624 536 674 ἐκ
600 620 768 690 μονῆς
821 616 988 670 αὐτοῦ
1044 617 1445 688 ὑποχωρήσεως
1483 618 1708 686 γένηται

137 719 208 768 ἐκ
244 717 336 770 τοῦ
368 717 500 784 ὴγου
510 713 690 782 μένου.

138 999 372 1052 ΑΡΙΣΤ.
411 1017 429 1047 ι
480 999 537 1050 Ὀ
589 998 678 1050 διὰ
706 999 929 1067 χρυσίου
978 999 1336 1070 προσιέμενος
1387 999 1512 1060 τοὺς
1539 1014 1708 1066 προσ·

231 1111 248 1143 ι
287 1093 464 1154 ιόντας
517 1092 774 1161 ἰερατικῷ
805 1093 1090 1162 πράγματι
1118 1093 1151 1160 ἢ
1186 1094 1407 1161 μονήρει
1440 1093 1558 1162 βίῳ,
1592 1094 1715 1145 ἐπί-

220 1200 241 1234 ι
286 1201 487 1245 σκοπος
524 1184 621 1251 μὲν
658 1183 689 1253 ἢ
733 1182 1056 1252 ἡγούμενος,
1088 1184 1120 1253 ἢ
1163 1183 1298 1246 ὅλως
1326 1183 1599 1254 ίερατικὸς
1618 1183 1715 1247 ὣν,

228 1294 244 1323 ι
288 1276 322 1344 ἦ
366 1275 688 1336 παυσάσθω,
748 1278 780 1342 ἢ
837 1276 1222 1347 καθαιρείσθω.
1271 1277 1586 1345 Ἥγουμένη
1637 1277 1715 1340 δὲ,

229 1387 244 1413 ι
287 1365 655 1428 ἐκδιωκέσθω,
686 1368 780 1418 καὶ
807 1367 1032 1419 διδόσθω
1056 1368 1142 1445 εἰς
1178 1368 1478 1436 ὑποταγήν.
1524 1368 1712 1420 Ὡσαύο

222 1476 332 1520 τως
359 1457 454 1511 καί¹
480 1458 800 1526 ἡγούμενος,
829 1461 856 1512 ό
884 1458 959 1528 μὴ
1000 1460 1202 1529 ἱερεύς.
1236 1459 1314 1512 Τὰ
1343 1460 1401 1512 δὲ
1445 1459 1716 1528 ἀφαιρού-

235 1570 253 1601 ι
293 1568 429 1620 μενα
458 1551 608 1621 παρὰ
649 1551 757 1602 τῶν
794 1552 1144 1621 προσιόντων,
1199 1551 1425 1619 μενέτω,
1459 1551 1562 1604 κᾶν
1593 1553 1716 1603 ἐπι-

222 1662 242 1694 ι
280 1643 512 1710 μένοιεν,
549 1642 651 1696 κᾶν
686 1645 781 1713 μὴ,
811 1645 859 1696 εἰ
893 1644 967 1714 μὴ
999 1645 1144 1697 αἰτία
1180 1645 1265 1712 ετη
1295 1643 1389 1737 ⁴δοῦ
1446 1643 1695 1714 προεστῶ

211 1751 231 1782 ι
272 1750 382 1796 τος.
418 1751 435 1782 ι

222 1914 287 1965 Οἰ
325 1913 687 1977 ἀπαιτοῦντες
713 1916 932 1984 χρυσίον
982 1918 1109 1978 τοὺς
1137 1919 1606 1986 προσερχομένους
1637 1916 1714 1985 τῷ

141 2006 413 2075 ἱερατικῷ
443 2007 732 2075 πράγματι
760 2009 792 2078 ἢ
823 2009 901 2078 τῷ
935 2010 1160 2079 μονήρει
1197 2011 1314 2079 βίῳ,
1354 2012 1464 2063 είτε
1495 2010 1716 2063 ἐπίσκο-

143 2097 424 2161 ποίείσιν,
461 2099 569 2150 είτε
603 2099 917 2168 ἡγούμενοι,
943 2100 1053 2152 είτε
1110 2101 1247 2163 ὅλως
1295 2100 1390 2154 τοῦ
1437 2101 1713 2171 ἱερατικοῦ

142 2190 479 2257 καταλόγου,
513 2191 547 2259 ἢ
597 2191 996 2245 παυσάσθωσαν
1014 2193 1170 2246 τοῦτο
1198 2194 1494 2256 ποιοῦντες,
1521 2195 1552 2264 ἦ
1590 2195 1718 2248 καθ-

143 2279 546 2348 αιρείσθωσανο
579 2281 626 2332 εἰ
655 2281 710 2333 δέ
753 2283 1029 2352 ἡγουμένη
1071 2286 1221 2336 ἐστῖν
1248 2285 1279 2353 ἡ
1309 2283 1464 2337 τοῦτο
1489 2286 1718 2337 ποιοῦσα

141 2373 240 2422 καὶ
274 2372 557 2438 ἁποταγὰς
586 2373 889 2426 ἀπαιτοῦσα
913 2377 1010 2436 τὰς
1040 2377 1133 2428 ἐπὶ
1157 2376 1230 2443 τῷ
1279 2377 1508 2443 μονασαι
1541 2395 1713 2445 προσ-

141 2463 476 2530 ερχομένας,
506 2463 930 2534 ἐκδιωχθήσεται
978 2466 1079 2533 τῆς
1141 2469 1328 2536 μονῆς,
1357 2471 1450 2520 καὶ
1494 2471 1549 2519 ἐν
1602 2469 1717 2520 ἑτέ·

146 2552 231 2619 ρῷ
289 2553 638 2622 μοναστηρίῳ
683 2554 1225 2634 παραδοθήσεταιοείς
1262 2558 1570 2625 ὑποταγὴν·
1624 2560 1715 2611 ἐκο

143 2641 512 2711 διωχθήσεται
563 2643 617 2696 δὲ
648 2645 910 2708 ὡσαύτως
941 2647 1035 2698 καὶ
1063 2649 1090 2700 ό
1136 2647 1210 2716 μὴ
1253 2647 1326 2700 ὢν
1359 2650 1532 2717 ἱερεὺς
1558 2650 1716 2718 ἡγού-

147 2747 339 2799 μενος,
373 2733 467 2784 καὶ
492 2733 590 2802 τὴν
624 2736 681 2786 ἐν
713 2736 884 2804 ἑτέρῳ
927 2739 1272 2807 μοναστηρίῳ
1306 2739 1583 2809 ὑποταγὴν
1613 2741 1717 2792 ὑπ-

144 2822 384 2887 ενέγκοι.
419 2823 507 2891 Τῷ
531 2825 638 2891 γὰρ
676 2825 789 2878 ὄντι
840 2825 976 2894 ίερεί
1009 2826 1251 2897 ἀρκοῦσα
1283 2830 1543 2899 καταδίκη
1573 2832 1720 2884 ἐστὶν

143 2913 178 2979 ἧ
216 2911 704 2983 καθαίρεσις.“’οσα
725 2915 781 2968 δέ
810 2932 954 2979 τινες
984 2918 1261 2984 ἑκουσίως,
1290 2921 1320 2990 ἢ
1352 2922 1491 2992 ὑπὲρ
1513 2923 1723 2975 ἑαυτῶν

148 3002 182 3072 ἢ
228 3004 372 3074 ὑπὲρ
407 3005 513 3056 τῶν
546 3006 690 3060 ἰδίων
737 3009 960 3074 τέκνων,
1001 3013 1398 3080 προσαγάγοιεν
1428 3016 1726 3083 πράγματα

144 3099 216 3164 τῇ
269 3101 428 3168 μονῇ,
449 3099 543 3150 καὶ
569 3099 646 3168 τῷ
675 3099 792 3172 Θεῷ
822 3102 992 3156 ταῦτα
1010 3105 1422 3173 ἀφιερώσουσιν,
1451 3108 1724 3176 όφεί-λουσι

1811 630 1918 682 quo
1954 620 2080 668 sunt
2111 618 2425 664 censecrata
2463 607 2850 676 permanserit.
2907 608 3020 660 sive
3067 624 3130 659 eo
3180 607 3367 659 relicto

1814 702 2162 762 abscesserit,
2197 698 2299 752 nisi
2331 712 2493 766 penes
2523 697 2830 765 praefectum
2857 698 2973 764 ejus
3011 699 3368 752 disi-essionis

1829 797 1983 864 culpa
2021 791 2280 851 resideat.
2320 788 2486 856 repeti
2517 788 2661 841 nulla
2718 787 2926 840 ratione
2967 787 3131 842 licere
3179 790 3368 843 decre-

1818 886 2011 941 vitnus.

1816 978 2035 1033 ARIST.
2081 998 2099 1030 ι
2139 979 2238 1045 Qui
2277 979 2501 1048 pecunia
2555 980 2619 1032 ad
2678 978 3065 1032 sacerdotalem
3119 977 3367 1030 ordinem

1949 1081 2042 1125 aut
2077 1072 2429 1126 monasticam
2459 1073 2776 1125 accedentes
2823 1073 2983 1124 vitam
3027 1070 3284 1132 admittit,
3325 1073 3368 1122 si

1907 1185 1923 1215 ι
1970 1165 2261 1235 episc0pus
2293 1166 2382 1228 sit,
2421 1173 2514 1217 aut
2560 1164 2874 1216 monasterii
2937 1161 3246 1232 praefectus,
3283 1170 3374 1213 aut

1897 1276 1913 1306 ι
1954 1258 2124 1311 sacris
2155 1256 2423 1324 quispiam
2458 1255 2731 1312 initiatus.
2786 1254 2865 1306 vel
2897 1263 3097 1316 cesset,
3153 1254 3232 1306 vel
3287 1252 3377 1304 de-

1900 1367 1916 1397 ι
1959 1358 2210 1416 ponatur.
2245 1347 2554 1400 Monasterii
2591 1360 2718 1398 vero
2743 1343 2990 1412 praelecta
3050 1344 3375 1412 expellatur,

1894 1462 1910 1490 ι
1949 1449 2002 1493 et
2030 1443 2083 1493 in
2111 1439 2506 1506 subiectionem
2545 1439 2806 1492 tradatur.
2845 1436 3113 1492 Similiter
3143 1449 3194 1490 et
3232 1454 3373 1507 prie-

1897 1554 1912 1584 ι
1955 1533 2148 1592 fectus,
2183 1533 2226 1586 si
2283 1548 2388 1584 non
2435 1531 2505 1584 sit
2556 1531 2834 1585 sacerdos.
2891 1530 3022 1594 Qua:
3083 1541 3257 1584 autem
3310 1533 3376 1584 ab

1899 1645 1917 1675 ι
1967 1625 2350 1678 accedentibus
2423 1633 2853 1687 consecrantur,
2913 1632 3205 1685 maneant;
3262 1624 3378 1676 sive

1899 1738 1916 1766 ι
1959 1719 2057 1786 ipsi
2092 1715 2490 1786 permanserint
2526 1715 2639 1769 sive
2671 1729 2817 1776 non;
2862 1714 2965 1767 nisi
2998 1713 3284 1780 praefectus
3306 1717 3377 1769 sit

1903 1835 1919 1864 ι
1961 1817 2009 1866 in
2045 1815 2224 1880 culpa.
2268 1831 2284 1862 ι

1886 1907 1986 1973 Qui
2043 1911 2109 1960 ad
2165 1907 2411 1958 ordinem
2466 1904 2856 1960 sacerdotalem
2912 1911 3004 1956 aut
3054 1903 3214 1956 vitam
3267 1921 3379 1956 mo-

1818 2003 2084 2054 nasticam
2151 1999 2476 2052 accedentes
2527 1995 2813 2066 pecuniam
2870 2006 3204 2064 reposcunt,
3266 1997 3378 2049 sive

1817 2093 2061 2161 episcopi
2097 2092 2230 2153 sint,
2289 2092 2403 2145 sive
2452 2092 2905 2142 monasteriorum
2964 2089 3226 2157 prtefecti,
3286 2100 3378 2141 aut

1817 2185 1925 2237 ullo
1960 2184 2121 2238 modo
2154 2200 2182 2237 e
2213 2183 2535 2237 clericorurn
2567 2196 2814 2245 numero,
2874 2190 2969 2232 aut
3015 2188 3231 2234 cessent
3276 2182 3379 2233 hoc

1817 2274 2017 2342 facere,
2055 2284 2147 2327 aut
2186 2276 2562 2343 deponantur;
2620 2275 2662 2326 si
2698 2274 3006 2328 monasterii
3043 2284 3219 2325 autem
3245 2288 3382 2340 pra-.-

1821 2365 1957 2419 l'et-ia
1988 2369 2058 2419 sit
2091 2369 2213 2430 ista,
2247 2381 2366 2435 quae
2412 2366 2512 2418 hoc
2548 2365 2698 2429 facit,
2732 2375 2784 2419 ct
2814 2367 2882 2417 ab
2917 2365 3006 2428 iis,
3053 2366 3143 2431 qui
3192 2379 3377 2417 mona-

1819 2460 2007 2512 sticam
2034 2474 2192 2526 agere
2225 2460 2387 2511 vitam
2417 2457 2710 2521 accedunt,
2732 2457 3165 2508 reuuntiationes
3186 2455 3375 2521 exigit,

1817 2565 1915 2603 sua
1966 2553 2251 2602 mansione
2300 2550 2625 2616 expelletur.
2690 2558 2741 2600 et
2796 2548 2886 2601 alii
2947 2546 3276 2598 monasterio
3325 2547 3378 2597 in

1819 2641 2211 2709 subjectionem
2267 2643 2529 2694 tradetur.
2583 2641 2781 2693 Eodem
2832 2651 3009 2692 autem
3068 2638 3228 2691 modo
3287 2654 3379 2690 ex-

1821 2735 2046 2803 pelletur
2081 2742 2133 2787 et
2167 2733 2483 2785 monasterii
2515 2732 2828 2800 pra-lectus,
2867 2731 2958 2799 qui
3012 2745 3116 2782 non
3172 2738 3256 2782 est
3296 2747 3378 2782 sa-

1821 2829 2038 2887 cerdos.
2071 2835 2122 2880 et
2149 2827 2544 2895 subjectioncm
2583 2827 2634 2879 in
2683 2826 2788 2877 alio
2840 2825 3176 2877 monasterio
3217 2824 3383 2876 susti-

1826 2922 2072 2985 nebit;ei
2105 2923 2248 2974 enim
2280 2922 2369 2990 qui
2396 2933 2474 2975 est
2496 2921 2774 2983 sacerdos,
2804 2920 3000 2973 sullicit
3027 2918 3383 2985 depositionis

1825 3015 2048 3067 muleta.
2082 3012 2434 3080 Quaecunque
2480 3022 2661 3066 autem
2710 3013 2849 3064 bona
2895 3026 2992 3064 sua
3038 3019 3252 3078 sponte,
3302 3012 3381 3062 vel

1828 3120 1925 3173 pro
1956 3106 2151 3174 seipsis
2178 3107 2259 3158 vel
2310 3121 2407 3174 pro
2463 3105 2654 3157 liberis
2714 3103 2830 3157 suis
2888 3102 3053 3169 aliqui
3116 3101 3382 3154 mansimui

146 3185 328 3238 ταῦτα
368 3188 549 3256 μένειν
576 3189 634 3241 ἐν
660 3189 735 3258 τῷ
770 3193 1135 3262 μοναστηρίῳ,
1173 3196 1310 3246 κατὰ
1347 3196 1444 3266 τὴν
1495 3198 1719 3268 ὑπόσχε-

1829 3196 2085 3259 oll‘erunt,
2126 3206 2176 3249 et
2203 3196 2310 3248 Deo
2356 3203 2698 3258 consecrant,
2749 3192 2836 3246 illa
2890 3191 3089 3244 debent
3147 3192 3197 3242 in
3265 3206 3381 3242 mo-

151 3294 241 3329 σιν
278 3279 596 3342 αὐτῶν,κᾶν
643 3297 702 3332 τε
733 3282 887 3335 αὐτοὶ
916 3284 962 3336 οἰ
986 3286 1351 3352 προσάγοντες
1380 3289 1519 3341 αὑτά
1550 3291 1724 3342 ἐκεῖσε

151 3373 700 3441 προσκαρτερήσωσι,
731 3374 832 3427 κᾶν
880 3392 939 3427 τε
973 3377 1238 3439 ἐξέλθοιεν
1279 3380 1342 3430 ἐκ
1404 3382 1498 3445 τῆς
1528 3381 1721 3449 μονῆς·

149 3464 197 3513 εἰ
241 3463 426 3532 μήπου
454 3464 520 3515 δι’
544 3464 722 3517 αἰτίαν
757 3465 850 3516 τοῦ
883 3468 1222 3535 προεστῶτος
1267 3470 1507 3537 ἐξῆλθον.

770 3556 1007 3611 ΚΑΝΩΝ
1034 3558 1117 3614 κ’.

160 3667 175 3696 ι
235 3646 372 3701 Ἀπὸ
397 3645 491 3699 τοῦ
526 3648 791 3718 παρόντος
826 3651 1082 3720 ὁρίζομεν
1128 3652 1201 3721 μὴ
1235 3655 1476 3719 γίνεσθαι
1503 3655 1727 3709 διπλοῦν

241 3758 260 3791 ι
303 3743 682 3813 μοναστήριον,
743 3743 824 3795 ὅτι
887 3744 1184 3797 σκάνδαλον
1244 3748 1337 3798 καὶ
1396 3747 1728 3820 πρόσκομμα

243 3856 263 3887 ι
303 3841 415 3901 τοῖς
467 3839 679 3902 πολλοῖς
707 3842 914 3908 γίνεται
969 3841 1146 3896 τοῦτο.
1191 3842 1252 3897 Εἰ
1290 3842 1345 3898 δέ
1391 3862 1534 3908 τινες
1591 3847 1730 3915 μετὰ

237 3950 257 3984 ι
301 3933 580 4000 συγγενῶν
631 3936 1022 4004 προαιροῦνται
1069 3939 1466 4003 ἀποτάξασθαι,
1520 3943 1722 4010 καὶτῷ

237 4041 260 4074 ‹
311 4024 537 4091 μονήρει
591 4021 691 4092 βίῳ
736 4024 1181 4085 κατακολουθεῖν.
1215 4029 1338 4088 τοὺς
1376 4029 1476 4094 μὲν
1526 4028 1728 4097 ἄνδρας

239 4132 260 4164 ι
298 4113 379 4166 δεῖ
406 4114 623 4166 ἀπιέναι
652 4115 731 4177 εἰς
781 4115 1025 4184 ἀνδρεῖον
1073 4121 1457 4188 μοναστήριον,
1514 4121 1608 4181 τὰς
1671 4122 1727 4173 δὲ

249 4225 268 4258 ι
305 4210 571 4273 γυναῖκας
595 4209 820 4261 εἰσιέναι
849 4211 908 4260 ἐν
937 4210 1234 4280 γυναικείῳ
1256 4227 1269 4241 ο
1303 4213 1390 4262 ἐπὶ
1425 4212 1595 4282 τούτῳ
1623 4214 1728 4281 γὰρ

243 4321 260 4351 ι
301 4301 676 4370 εὐαρεστεῖται
707 4304 733 4353 ό
765 4301 915 4363 Θεός.
952 4303 1033 4354 Τὰ
1065 4302 1120 4354 δὲ
1151 4305 1279 4356 ὅντα
1335 4304 1438 4366 ἕως
1493 4306 1586 4357 τοῦ
1634 4307 1726 4358 νῦν

245 4411 262 4442 ι
297 4393 460 4444 διπλᾶ
490 4393 861 4462 κρατείτωσαν
899 4394 1040 4446 κατὰ
1070 4396 1159 4446 τὸν
1193 4396 1394 4450 κανόνα
1421 4396 1512 4448 τοῦ
1567 4399 1723 4465 ἁγίου

243 4503 261 4532 ι
307 4484 544 4552 Πατέρος
571 4483 736 4553 ἡμῶν
776 4485 1082 4548 Βασιλείου,
1111 4488 1206 4538 καὶ
1247 4488 1388 4539 κατὰ
1415 4488 1513 4557 τὴν
1538 4489 1723 4541 διατα-

246 4596 263 4625 «
304 4568 408 4646 γὴν
453 4575 618 4628 αὑτοῦ
655 4575 794 4628 οὕτω
824 4576 1319 4632 διατυπούσθωσαν.
1379 4579 1471 4650 Μὴ
1523 4581 1726 4634 διαιτὰ-
1764 4554 1804 4607 D

252 4686 270 4717 ι
315 4665 525 4718 σθωσαν
553 4667 611 4720 ἐν
656 4667 734 4718 ἐνὶ
769 4668 1113 4737 μοναστηρίῳ
1162 4671 1382 4737 ιυοναχοὶ
1436 4671 1529 4722 καὶ
1574 4674 1734 4739 μονά-

247 4776 262 4807 ι
300 4774 481 4825 στριαι
533 4756 758 4826 Μοιχεία
781 4757 888 4827 γὰρ
915 4759 1203 4826 μεσολαϐεῖ
1222 4761 1319 4828 τὴν
1347 4759 1729 4818 συνδιαίτησιν.

251 4867 269 4899 ι
311 4849 403 4918 Μὴ
483 4850 653 4918 ἐχέτω
715 4849 944 4920 μοναχδς
997 4854 1309 4921 παρῤησάν
1363 4853 1497 4921 πρὸς
1569 4858 1728 4921 μονὰ-

247 4961 265 4992 ι
307 4942 584 5012 στριαν,ῆ
624 4944 918 5014 μονὰστρια
947 4945 1081 5014 πρὸς
1108 4947 1337 5013 μοναχὸν
1392 4948 1495 5017 ἰδίᾳ
1542 4965 1732 5018 προσο-

238 5052 256 5083 ι
307 5031 502 5102 μιλεῖν.
533 5033 683 5102 Μηδὲ
715 5034 1049 5098 κοιταζέσθω
1082 5038 1312 5105 μοναχὸς
1345 5039 1400 5088 ἐν
1431 5040 1729 5106 γυναικείῳ

238 5144 255 5174 ι
297 5125 679 5196 μοναστηρίῳο
719 5127 853 5194 μηδὲ
906 5126 1235 5180 συνεσθιέτω
1256 5129 1555 5198 μονὰστρια
1591 5134 1732 5183 κατὰ

247 5237 263 5268 ι
307 5217 504 5286 μόναςο
536 5219 628 5270 καί
656 5219 743 5271 ὅτε
768 5219 835 5271 τὰ
863 5221 1135 5287 ἀναγκαῖα
1164 5219 1258 5270 τοῦ
1309 5219 1424 5288 βῖου
1455 5222 1604 5290 παρὰ
1637 5224 1731 5274 τοῦ

1831 3287 2068 3340 nasterio
2105 3301 2441 3354 permanere,
2497 3285 2651 3352 juxta
2705 3299 2892 3337 corum
2950 3282 3386 3350 promissionem,

1830 3375 1944 3427 sive
1981 3376 2054 3426 illi
2087 3377 2175 3443 qui
2211 3389 2271 3427 ea
2303 3374 2540 3426 oll‘erunt
2574 3373 2642 3425 ibi
2683 3380 3052 3440 permaneant,
3089 3371 3201 3422 sive
3230 3387 3383 3422 tuan-

1829 3467 1982 3520 sione
2013 3476 2208 3520 exeant
2239 3485 2252 3520 :
2289 3467 2390 3521 nisi
2424 3467 2492 3521 ob
2532 3467 2770 3536 praefecti
2798 3465 3013 3532 culpam
3041 3473 3254 3516 exeant.

2418 3560 2644 3614 CANON
2687 3560 2803 3613 XX.

1836 3672 1852 3702 ι
1893 3652 1932 3703 Α
1972 3653 2222 3720 przesenti
2252 3655 2544 3708 statuimus
2575 3671 2682 3708 non
2720 3657 2836 3711 lieri
2870 3657 3065 3727 duplex
3114 3662 3388 3708 monaste-

1907 3763 1924 3795 ι
1968 3746 2134 3808 rium,
2180 3747 2437 3813 quoniam
2486 3750 2587 3802 hoc
2640 3750 2697 3802 lit
2739 3750 2926 3804 multis
2973 3746 3290 3804 scandalum
3337 3754 3390 3797 ct

1904 3857 1920 3887 ι
1964 3839 2216 3894 οίΐυιιείο.
2261 3840 2316 3893 Si
2360 3843 2449 3909 qui
2502 3851 2682 3896 autem
2733 3843 2924 3896 volunt
2969 3857 3089 3896 cum
3148 3839 3391 3907 cognatis

1907 3950 1922 3979 ι
1965 3928 2534 3998 rnundd‘renuntiare,
2556 3945 2608 3988 et
2632 3938 2795 3988 vitam
2819 3936 2974 4003 sequi
3008 3935 3386 3992 monasticam,

1910 4042 1924 4071 ι
1968 4024 2115 4078 viros
2149 4026 2366 4094 quidem
2408 4038 2627 4096 Oportet
2676 4032 2726 4081 in
2774 4030 3014 4082 virorum
3062 4028 3390 4080 monasteria

1907 4134 1922 4164 ι
1965 4116 2268 4179 discedere,
2293 4120 2520 4172 feminas
2554 4130 2733 4174 autem
2771 4122 2976 4189 ingredi
3011 4121 3061 4173 in
3100 4121 3390 4174 mulierum

1905 4227 1922 4258 ι
1968 4212 2290 4265 monasteria
2320 4229 2331 4264 :
2364 4212 2467 4265 hoc
2505 4213 2647 4266 enim
2674 4221 2757 4266 est
2788 4212 2894 4267 Deo
2918 4221 3220 4278 acceptum.
3254 4210 3389 4280 Qua:

1910 4321 1926 4352 ι
1962 4315 2142 4356 autem
2206 4305 2490 4372 hucusque
2531 4306 2767 4372 duplicia
2825 4304 3064 4365 fuerunt,
3106 4314 3393 4357 serventur

1903 4412 1920 4444 ι
1959 4400 2255 4448 secundum
2293 4397 2535 4465 regulam
2589 4396 2762 4448 sancti
2791 4394 2966 4448 Patris
2990 4397 3159 4448 nostri
3185 4394 3392 4450 Basilii.

1905 4505 1922 4534 ι
1960 4494 2011 4539 et
2038 4489 2332 4541 secundum
2367 4488 2482 4555 eius
2510 4487 2950 4541 constitutionem
3005 4488 3084 4540 sic
3110 4487 3392 4539 inStituau-

1909 4601 1926 4631 (
1968 4593 2077 4634 tur.
2114 4583 2168 4634 ill
2209 4599 2313 4635 UllO
2341 4582 2673 4634 monasterio
2706 4597 2770 4633 nc
2817 4588 3102 4633 νοτερηιυι·
3137 4577 3387 4630 lllOﬂﬂCili

1920 4688 1936 4719 ι
1983 4681 2034 4724 et
2071 4673 2367 4724 monachae.
2399 4671 2736 4725 Adulterium
2786 4674 2927 4724 enim
2959 4669 3396 4723 conversationis

1914 4781 1930 4810 ι
1977 4763 2278 4816 interventu
2337 4763 2658 4815 admittitur.
2711 4760 3009 4814 Monachus
3037 4775 3160 4814 cum
3198 4775 3392 4812 mona-

1914 4875 1930 4906 ι
1969 4855 2069 4908 cba
2104 4856 2270 4909 libere
2290 4869 2393 4906 non
2429 4855 2701 4920 loquatur,
2729 4853 2811 4905 vel
2836 4852 3102 4905 tnonaclta
3130 4867 3250 4904 eum
3285 4867 3401 4901 mo—

1913 4965 1931 4997 ι
1971 4947 2149 5001 uacho
2179 4962 2422 5000 seorsum
2471 4943 2867 4999 eonfabuletur.
2920 4944 3082 5014 326
3114 4943 3221 4997 Nec
3240 4944 3400 4997 cubet

1915 5059 1932 5091 ‹
1974 5040 2274 5095 monachus
2335 5041 2386 5092 in
2467 5037 2794 5091 feminarum
2860 5037 3233 5101 monasterio,
3301 5052 3398 5089 nec

1915 5149 1933 5181 ι
1981 5130 2246 5184 tnonaclia
2292 5144 2540 5182 seorsum
2589 5127 2860 5180 comedat.
2917 5127 2980 5179 Et
3028 5127 3246 5195 quando
3281 5142 3401 5192 qua:

1919 5242 1935 5272 ‹
1978 5232 2108 5276 sunt
2142 5222 2265 5275 vitae
2297 5219 2608 5276 necessaria
2641 5235 2668 5272 a
2712 5227 2863 5288 parte
2891 5220 3132 5272 virorum
3185 5219 3250 5270 ad
3309 5235 3396 5270 re-

1365 5333 1555 5392 Guill.
1609 5335 1934 5413 Bevercgii
1984 5343 2174 5395 notae.

248 5430 359 5500 (42)
407 5431 507 5484 Ἐκ
530 5432 634 5486 τοῦ
657 5433 1013 5500 ἡγουμένου.
1044 5434 1114 5485 Ex
1138 5432 1322 5486 eodem
1343 5435 1739 5502 supplemento,

167 5515 294 5572 post
330 5505 441 5554 huic
481 5505 668 5554 ultima
705 5504 870 5571 hujus
924 5504 1393 5572 interpretationis
1427 5506 1612 5568 verba,
1653 5523 1738 5558 Se-

167 5570 392 5639 quentia
447 5572 687 5625 addenda
728 5570 1187 5637 εαιιι,Τοῦτο“οῦν
1214 5573 1328 5623 ἔστι
1390 5573 1641 5641 νοηθῆναι
1673 5580 1736 5629 ἐκ

167 5660 269 5694 του
307 5643 573 5713 παρόντος
599 5643 850 5705 κανόνος,
876 5645 957 5695 ὅτι
981 5644 1330 5697 ἀπαιτεῖσθαι
1356 5643 1446 5694 τὸν
1471 5645 1548 5704 είς
1586 5647 1725 5713 κλῆ-

174 5713 331 5780 ρονῆ
374 5712 453 5764 ei:
491 5713 658 5782 μονὴν
692 5713 982 5783 δεχόμενον
1036 5715 1291 5783 χρήματα
1317 5714 1377 5763 οὐ
1420 5714 1542 5783 χρή.
1580 5715 1638 5765 Εἰ
1674 5712 1729 5766 δὲ

169 5784 380 5854 ἐκεῖνος
413 5781 738 5854 πρίοσαγᾴγῃ
760 5781 901 5854 τινὰ,
938 5783 1011 5854 ὡς
1032 5781 1273 5854 aet:pr
1301 5781 1442 5834 αὐτὰ
1474 5784 1550 5850 τῷ
1585 5787 1726 5854 Θεῷ,

170 5855 199 5905 ὁ
220 5841 392 5904 ταῦτα
413 5841 1023 5922 δέξάμένοξάνεύθυνός
1055 5841 1188 5907 ιὶττί.
1223 5851 1363 5904 Illud
1394 5841 1603 5921 ergoch
1633 5841 1728 5910 ubi

1848 5454 2048 5489 canone
2080 5435 2302 5500 intelligi
2335 5433 2472 5485 licet.
2513 5451 2611 5485 non
2633 5449 2744 5484 esse
2781 5432 3026 5482 nimirum
3052 5429 3115 5481 ab
3143 5447 3220 5491 eo,
3248 5448 3398 5499 quem

1847 5513 1900 5558 tu
1933 5509 2126 5559 clerum
2155 5507 2590 5556 mormsteriumre
2620 5505 2892 5565 admittas,
2922 5517 3150 5566 pecuum.-
3197 5504 3398 5567 aliquid

1841 5578 2172 5645 exigendum.
2211 5579 2273 5626 At
2312 5592 2426 5626 vero
2464 5576 2662 5641 aliqua,
2695 5589 2810 5639 qua?
2845 5574 3162 5645 ipserspoute
3189 5573 3396 5645 θῶνται.

1839 5641 2050 5714 Deoque
2111 5648 2289 5697 dicata
2326 5647 2466 5701 velit,
2508 5649 2550 5694 si
2581 5645 2695 5709 quis
2738 5644 3016 5706 acceperit,
3055 5641 3198 5692 nullo
3255 5644 3303 5693 ul
3341 5645 3391 5692 in

1835 5721 2054 5770 crimine
2116 5733 2228 5769 esse
2279 5715 2649 5783 reponendum.
2687 5714 2788 5764 Sed
2850 5723 3100 5763 neutrum
3138 5729 3201 5764 ex
3243 5714 3392 5765 litsec

1836 5786 2326 5858 SUpplctncntis-in.
2356 5801 2456 5839 IIIS.
2491 5783 2924 5836 Atucrbachiano
2959 5783 3177 5850 legitur.
