  <div class='ocr_page' id='page_1' title='image "/cluster/home/n/w/nwhite01/storage/ocr_20150623/137/nnc1.0046979786/526.png"; bbox 0 0 4166 6438; ppageno 0'>
   <div class='ocr_carea' id='block_1_1' title="bbox 161 426 266 488">
    <p class='ocr_par' dir='ltr' id='par_1_1' title="bbox 161 426 266 488">
     <span class='ocr_line' id='line_1_1' title="bbox 161 426 266 488; baseline 0.019 -3"><span class='ocrx_word' id='word_1_1' title='bbox 161 426 266 488; x_wconf 82' lang='lat'><strong>993</strong></span> 
     </span>
    </p>
   </div>
   <div class='ocr_carea' id='block_1_2' title="bbox 1119 411 2350 478">
    <p class='ocr_par' dir='ltr' id='par_1_2' title="bbox 1119 411 2350 478">
     <span class='ocr_line' id='line_1_2' title="bbox 1119 411 2350 478; baseline -0.009 -1"><span class='ocrx_word' id='word_1_2' title='bbox 1119 421 1197 477; x_wconf 77' lang='grc' dir='ltr'>ΙΝ</span> <span class='ocrx_word' id='word_1_3' title='bbox 1237 417 1400 478; x_wconf 64' lang='lat' dir='ltr'><strong>CAN.</strong></span> <span class='ocrx_word' id='word_1_4' title='bbox 1433 416 1569 475; x_wconf 75' lang='lat' dir='ltr'><strong>XXI</strong></span> <span class='ocrx_word' id='word_1_5' title='bbox 1608 415 1812 473; x_wconf 74' lang='lat' dir='ltr'><strong>CONC.</strong></span> <span class='ocrx_word' id='word_1_6' title='bbox 1857 412 1963 471; x_wconf 85' lang='lat' dir='ltr'><strong>Vll</strong></span> <span class='ocrx_word' id='word_1_7' title='bbox 2004 411 2350 468; x_wconf 70' lang='lat' dir='ltr'><strong>(ECUMEN.</strong></span> 
     </span>
    </p>
   </div>
   <div class='ocr_carea' id='block_1_3' title="bbox 3278 404 3380 464">
    <p class='ocr_par' dir='ltr' id='par_1_3' title="bbox 3278 404 3380 464">
     <span class='ocr_line' id='line_1_3' title="bbox 3278 404 3380 464; baseline -0.02 0"><span class='ocrx_word' id='word_1_8' title='bbox 3278 404 3380 464; x_wconf 60' lang='lat'><strong>996</strong></span> 
     </span>
    </p>
   </div>
   <div class='ocr_carea' id='block_1_4' title="bbox 160 522 1739 601">
    <p class='ocr_par' dir='ltr' id='par_1_4' title="bbox 160 532 1727 601">
     <span class='ocr_line' id='line_1_4' title="bbox 160 532 1727 601; baseline -0.011 -7"><span class='ocrx_word' id='word_1_9' title='bbox 160 541 517 594; x_wconf 74' lang='grc' dir='ltr'>διατυποῦντα</span> <span class='ocrx_word' id='word_1_10' title='bbox 563 537 620 590; x_wconf 72' lang='grc' dir='ltr'>δὲ</span> <span class='ocrx_word' id='word_1_11' title='bbox 660 538 753 589; x_wconf 75' lang='grc' dir='ltr'><strong>καὶ</strong></span> <span class='ocrx_word' id='word_1_12' title='bbox 781 537 849 589; x_wconf 75' lang='grc' dir='ltr'>τὰ</span> <span class='ocrx_word' id='word_1_13' title='bbox 883 533 1010 601; x_wconf 72' lang='grc' dir='ltr'>περὶ</span> <span class='ocrx_word' id='word_1_14' title='bbox 1038 533 1142 584; x_wconf 82' lang='grc' dir='ltr'><strong>τῶν</strong></span> <span class='ocrx_word' id='word_1_15' title='bbox 1165 532 1483 599; x_wconf 66' lang='grc' dir='ltr'>ὀφειλόντων</span> <span class='ocrx_word' id='word_1_16' title='bbox 1516 532 1727 597; x_wconf 76' lang='grc' dir='ltr'>ἱερουρ-</span> 
     </span>
    </p>
   </div>
   <div class='ocr_carea' id='block_1_5' title="bbox 1847 522 3384 601">
    <p class='ocr_par' dir='ltr' id='par_1_5' title="bbox 1847 522 3384 582">
     <span class='ocr_line' id='line_1_5' title="bbox 1847 522 3384 582; baseline -0.003 -5"><span class='ocrx_word' id='word_1_17' title='bbox 1847 525 2026 578; x_wconf 79' lang='lat' dir='ltr'><strong>lebent</strong></span> <span class='ocrx_word' id='word_1_18' title='bbox 2076 522 2386 574; x_wconf 79' lang='lat' dir='ltr'><strong>ministrare</strong></span> <span class='ocrx_word' id='word_1_19' title='bbox 2436 523 2486 573; x_wconf 87' lang='lat' dir='ltr'><strong>in</strong></span> <span class='ocrx_word' id='word_1_20' title='bbox 2516 523 2868 574; x_wconf 71' lang='lat' dir='ltr'><strong>muliebribus</strong></span> <span class='ocrx_word' id='word_1_21' title='bbox 2914 522 3276 582; x_wconf 86' lang='lat' dir='ltr'><strong>monasteriis,</strong></span> <span class='ocrx_word' id='word_1_22' title='bbox 3330 531 3384 572; x_wconf 72' lang='lat' dir='ltr'><strong>et</strong></span> 
     </span>
    </p>
   </div>
   <div class='ocr_carea' id='block_1_6' title="bbox 159 620 1722 701">
    <p class='ocr_par' dir='ltr' id='par_1_6' title="bbox 159 620 1722 701">
     <span class='ocr_line' id='line_1_6' title="bbox 159 620 1722 701; baseline -0.012 -15"><span class='ocrx_word' id='word_1_23' title='bbox 159 639 276 701; x_wconf 86' lang='grc' dir='ltr'>γεῖν</span> <span class='ocrx_word' id='word_1_24' title='bbox 309 637 366 685; x_wconf 81' lang='grc' dir='ltr'><strong>ἐν</strong></span> <span class='ocrx_word' id='word_1_25' title='bbox 394 635 512 692; x_wconf 77' lang='grc' dir='ltr'>ταῖς</span> <span class='ocrx_word' id='word_1_26' title='bbox 542 633 879 698; x_wconf 68' lang='grc' dir='ltr'><strong>γυναικείαις</strong></span> <span class='ocrx_word' id='word_1_27' title='bbox 922 628 1107 694; x_wconf 79' lang='grc' dir='ltr'>μοναίς</span> <span class='ocrx_word' id='word_1_28' title='bbox 1155 625 1248 675; x_wconf 80' lang='grc' dir='ltr'><strong>καὶ</strong></span> <span class='ocrx_word' id='word_1_29' title='bbox 1307 623 1375 674; x_wconf 84' lang='grc' dir='ltr'>τὰ</span> <span class='ocrx_word' id='word_1_30' title='bbox 1427 621 1556 691; x_wconf 79' lang='grc' dir='ltr'>περὶ</span> <span class='ocrx_word' id='word_1_31' title='bbox 1615 620 1722 671; x_wconf 84' lang='grc' dir='ltr'>τῶν</span> 
     </span>
    </p>
   </div>
   <div class='ocr_carea' id='block_1_7' title="bbox 160 715 1546 793">
    <p class='ocr_par' dir='ltr' id='par_1_7' title="bbox 160 715 1546 793">
     <span class='ocr_line' id='line_1_7' title="bbox 160 715 1546 793; baseline -0.009 -16"><span class='ocrx_word' id='word_1_32' title='bbox 160 723 594 793; x_wconf 83' lang='grc' dir='ltr'>ἁποκρισιαρίων</span> <span class='ocrx_word' id='word_1_33' title='bbox 627 720 808 773; x_wconf 77' lang='grc' dir='ltr'>αὐτῶν</span> <span class='ocrx_word' id='word_1_34' title='bbox 837 722 930 771; x_wconf 80' lang='grc' dir='ltr'>καὶ</span> <span class='ocrx_word' id='word_1_35' title='bbox 957 716 1159 770; x_wconf 80' lang='grc' dir='ltr'><strong>λοιπῶν</strong></span> <span class='ocrx_word' id='word_1_36' title='bbox 1191 715 1546 783; x_wconf 84' lang='grc' dir='ltr'>διακονητῶν.</span> 
     </span>
    </p>
   </div>
   <div class='ocr_carea' id='block_1_8' title="bbox 231 804 1722 874">
    <p class='ocr_par' dir='ltr' id='par_1_8' title="bbox 231 804 1722 874">
     <span class='ocr_line' id='line_1_8' title="bbox 231 804 1722 874; baseline -0.009 -5"><span class='ocrx_word' id='word_1_37' title='bbox 231 817 476 869; x_wconf 81' lang='grc' dir='ltr'><strong>ΖΩΝΔΡ.</strong></span> <span class='ocrx_word' id='word_1_38' title='bbox 517 812 728 866; x_wconf 72' lang='grc' dir='ltr'>κωλύει</span> <span class='ocrx_word' id='word_1_39' title='bbox 754 815 782 863; x_wconf 85' lang='grc' dir='ltr'>ὁ</span> <span class='ocrx_word' id='word_1_40' title='bbox 829 809 1008 864; x_wconf 82' lang='grc' dir='ltr'>κανὼν</span> <span class='ocrx_word' id='word_1_41' title='bbox 1037 809 1203 861; x_wconf 78' lang='grc' dir='ltr'>διπλᾶ</span> <span class='ocrx_word' id='word_1_42' title='bbox 1245 804 1491 874; x_wconf 84' lang='grc' dir='ltr'>γίνεσθαι</span> <span class='ocrx_word' id='word_1_43' title='bbox 1555 822 1722 874; x_wconf 87' lang='grc' dir='ltr'>μονα-</span> 
     </span>
    </p>
   </div>
   <div class='ocr_carea' id='block_1_9' title="bbox 165 899 1723 977">
    <p class='ocr_par' dir='ltr' id='par_1_9' title="bbox 165 899 1723 977">
     <span class='ocr_line' id='line_1_9' title="bbox 165 899 1723 977; baseline -0.008 -17"><span class='ocrx_word' id='word_1_44' title='bbox 165 915 383 976; x_wconf 73' lang='grc' dir='ltr'>στὴρια.</span> <span class='ocrx_word' id='word_1_45' title='bbox 420 909 531 977; x_wconf 68' lang='grc' dir='ltr'><strong>Οὐχ</strong></span> <span class='ocrx_word' id='word_1_46' title='bbox 559 905 695 975; x_wconf 80' lang='grc' dir='ltr'>ὁμοῦ</span> <span class='ocrx_word' id='word_1_47' title='bbox 738 905 793 958; x_wconf 75' lang='grc' dir='ltr'>δὲ</span> <span class='ocrx_word' id='word_1_48' title='bbox 838 905 1029 974; x_wconf 83' lang='grc' dir='ltr'>διῆγον</span> <span class='ocrx_word' id='word_1_49' title='bbox 1056 905 1168 963; x_wconf 85' lang='grc' dir='ltr'>τοῖς</span> <span class='ocrx_word' id='word_1_50' title='bbox 1201 901 1495 970; x_wconf 81' lang='grc' dir='ltr'>μονασταῖς</span> <span class='ocrx_word' id='word_1_51' title='bbox 1524 899 1580 951; x_wconf 86' lang='grc' dir='ltr'>αἱ</span> <span class='ocrx_word' id='word_1_52' title='bbox 1627 914 1723 964; x_wconf 84' lang='grc' dir='ltr'>μο-</span> 
     </span>
    </p>
   </div>
   <div class='ocr_carea' id='block_1_10' title="bbox 162 989 1727 1062">
    <p class='ocr_par' dir='ltr' id='par_1_10' title="bbox 162 989 1727 1062">
     <span class='ocr_line' id='line_1_10' title="bbox 162 989 1727 1062; baseline -0.008 -11"><span class='ocrx_word' id='word_1_53' title='bbox 162 1001 508 1061; x_wconf 77' lang='grc' dir='ltr'>νάζουσαιὲν</span> <span class='ocrx_word' id='word_1_54' title='bbox 535 1002 647 1060; x_wconf 84' lang='grc' dir='ltr'>τοῖς</span> <span class='ocrx_word' id='word_1_55' title='bbox 680 996 948 1057; x_wconf 74' lang='grc' dir='ltr'><strong>τοιούτοις</strong></span> <span class='ocrx_word' id='word_1_56' title='bbox 998 992 1419 1062; x_wconf 57' lang='grc' dir='ltr'>μοναστηρίοιςςο</span> <span class='ocrx_word' id='word_1_57' title='bbox 1472 990 1587 1042; x_wconf 82' lang='grc' dir='ltr'>ἀλλ’</span> <span class='ocrx_word' id='word_1_58' title='bbox 1635 989 1727 1055; x_wconf 80' lang='grc' dir='ltr'>ἐγ-</span> 
     </span>
    </p>
   </div>
   <div class='ocr_carea' id='block_1_11' title="bbox 161 1080 1726 1157">
    <p class='ocr_par' dir='ltr' id='par_1_11' title="bbox 161 1080 1726 1157">
     <span class='ocr_line' id='line_1_11' title="bbox 161 1080 1726 1157; baseline -0.006 -15"><span class='ocrx_word' id='word_1_59' title='bbox 161 1108 327 1157; x_wconf 80' lang='grc' dir='ltr'>γιστα</span> <span class='ocrx_word' id='word_1_60' title='bbox 359 1087 643 1157; x_wconf 77' lang='grc' dir='ltr'><strong>κατῴκουν</strong></span> <span class='ocrx_word' id='word_1_61' title='bbox 667 1087 912 1154; x_wconf 82' lang='grc' dir='ltr'>ἀλλήλων</span> <span class='ocrx_word' id='word_1_62' title='bbox 933 1100 948 1116; x_wconf 79' lang='grc' dir='ltr'><strong>ο</strong></span> <span class='ocrx_word' id='word_1_63' title='bbox 985 1085 1124 1137; x_wconf 84' lang='grc' dir='ltr'>ὥστε</span> <span class='ocrx_word' id='word_1_64' title='bbox 1164 1085 1258 1136; x_wconf 78' lang='grc' dir='ltr'>καὶ</span> <span class='ocrx_word' id='word_1_65' title='bbox 1284 1082 1451 1150; x_wconf 75' lang='grc' dir='ltr'>ἄμφω</span> <span class='ocrx_word' id='word_1_66' title='bbox 1479 1080 1726 1150; x_wconf 82' lang='grc' dir='ltr'>ἀλλήλων</span> 
     </span>
    </p>
   </div>
   <div class='ocr_carea' id='block_1_12' title="bbox 162 1158 1730 1245">
    <p class='ocr_par' dir='ltr' id='par_1_12' title="bbox 162 1158 1730 1245">
     <span class='ocr_line' id='line_1_12' title="bbox 162 1158 1730 1245; baseline -0.006 -10"><span class='ocrx_word' id='word_1_67' title='bbox 162 1183 402 1237; x_wconf 77' lang='grc' dir='ltr'>ἀκούειν.</span> <span class='ocrx_word' id='word_1_68' title='bbox 451 1182 623 1234; x_wconf 77' lang='grc' dir='ltr'>Τοῦτο</span> <span class='ocrx_word' id='word_1_69' title='bbox 681 1158 796 1245; x_wconf 59' lang='grc' dir='ltr'>οὖν,</span> <span class='ocrx_word' id='word_1_70' title='bbox 861 1179 1150 1241; x_wconf 78' lang='grc' dir='ltr'>ύποκνίζον</span> <span class='ocrx_word' id='word_1_71' title='bbox 1206 1193 1265 1229; x_wconf 89' lang='grc' dir='ltr'><strong>τε</strong></span> <span class='ocrx_word' id='word_1_72' title='bbox 1307 1179 1388 1238; x_wconf 85' lang='grc' dir='ltr'>εἰς</span> <span class='ocrx_word' id='word_1_73' title='bbox 1435 1175 1730 1244; x_wconf 84' lang='grc' dir='ltr'>λογισμοὺς</span> 
     </span>
    </p>
   </div>
   <div class='ocr_carea' id='block_1_13' title="bbox 163 1265 1729 1341">
    <p class='ocr_par' dir='ltr' id='par_1_13' title="bbox 163 1265 1729 1341">
     <span class='ocr_line' id='line_1_13' title="bbox 163 1265 1729 1341; baseline -0.003 -18"><span class='ocrx_word' id='word_1_74' title='bbox 163 1272 454 1341; x_wconf 84' lang='grc' dir='ltr'>ἐμπαθεῖς,</span> <span class='ocrx_word' id='word_1_75' title='bbox 491 1271 524 1339; x_wconf 83' lang='grc' dir='ltr'>ἢ</span> <span class='ocrx_word' id='word_1_76' title='bbox 575 1273 666 1324; x_wconf 77' lang='grc' dir='ltr'><strong>καὶ</strong></span> <span class='ocrx_word' id='word_1_77' title='bbox 693 1271 771 1332; x_wconf 85' lang='grc' dir='ltr'><strong>είς</strong></span> <span class='ocrx_word' id='word_1_78' title='bbox 800 1271 868 1321; x_wconf 81' lang='grc' dir='ltr'>τὰ</span> <span class='ocrx_word' id='word_1_79' title='bbox 921 1268 1072 1336; x_wconf 75' lang='grc' dir='ltr'>πάθη</span> <span class='ocrx_word' id='word_1_80' title='bbox 1123 1267 1284 1326; x_wconf 78' lang='grc' dir='ltr'>αὐτὰ,</span> <span class='ocrx_word' id='word_1_81' title='bbox 1313 1265 1408 1319; x_wconf 79' lang='grc' dir='ltr'>καὶ</span> <span class='ocrx_word' id='word_1_82' title='bbox 1451 1269 1531 1328; x_wconf 90' lang='grc' dir='ltr'><strong>είς</strong></span> <span class='ocrx_word' id='word_1_83' title='bbox 1566 1266 1729 1318; x_wconf 78' lang='grc' dir='ltr'>σκάν-</span> 
     </span>
    </p>
   </div>
   <div class='ocr_carea' id='block_1_14' title="bbox 161 1358 1727 1428">
    <p class='ocr_par' dir='ltr' id='par_1_14' title="bbox 161 1358 1727 1428">
     <span class='ocr_line' id='line_1_14' title="bbox 161 1358 1727 1428; baseline -0.004 -14"><span class='ocrx_word' id='word_1_84' title='bbox 161 1362 322 1415; x_wconf 84' lang='grc' dir='ltr'>δαλον</span> <span class='ocrx_word' id='word_1_85' title='bbox 350 1363 406 1413; x_wconf 81' lang='grc' dir='ltr'>δὲ</span> <span class='ocrx_word' id='word_1_86' title='bbox 438 1365 550 1422; x_wconf 81' lang='grc' dir='ltr'>τοῖς</span> <span class='ocrx_word' id='word_1_87' title='bbox 585 1360 798 1424; x_wconf 80' lang='grc' dir='ltr'>πολλοῖς</span> <span class='ocrx_word' id='word_1_88' title='bbox 813 1359 1121 1428; x_wconf 84' lang='grc' dir='ltr'>γινόμενον,</span> <span class='ocrx_word' id='word_1_89' title='bbox 1150 1358 1318 1428; x_wconf 73' lang='grc' dir='ltr'>ὁρῶσι</span> <span class='ocrx_word' id='word_1_90' title='bbox 1345 1358 1529 1428; x_wconf 76' lang='grc' dir='ltr'>σχεδὸν</span> <span class='ocrx_word' id='word_1_91' title='bbox 1552 1373 1727 1409; x_wconf 83' lang='grc' dir='ltr'>συνοι-</span> 
     </span>
    </p>
   </div>
   <div class='ocr_carea' id='block_1_15' title="bbox 161 1450 1730 1524">
    <p class='ocr_par' dir='ltr' id='par_1_15' title="bbox 161 1450 1730 1524">
     <span class='ocr_line' id='line_1_15' title="bbox 161 1450 1730 1524; baseline -0.004 -18"><span class='ocrx_word' id='word_1_92' title='bbox 161 1455 366 1514; x_wconf 74' lang='grc' dir='ltr'>κούσας</span> <span class='ocrx_word' id='word_1_93' title='bbox 396 1454 620 1524; x_wconf 70' lang='grc' dir='ltr'>ἀνδράσι</span> <span class='ocrx_word' id='word_1_94' title='bbox 648 1454 935 1521; x_wconf 82' lang='grc' dir='ltr'>γυναῖκας,</span> <span class='ocrx_word' id='word_1_95' title='bbox 964 1452 1051 1505; x_wconf 79' lang='grc' dir='ltr'><strong>διὰ</strong></span> <span class='ocrx_word' id='word_1_96' title='bbox 1084 1451 1184 1518; x_wconf 81' lang='grc' dir='ltr'><strong>τὴν</strong></span> <span class='ocrx_word' id='word_1_97' title='bbox 1211 1451 1353 1503; x_wconf 83' lang='grc' dir='ltr'>πάνυ</span> <span class='ocrx_word' id='word_1_98' title='bbox 1383 1450 1494 1502; x_wconf 84' lang='grc' dir='ltr'><strong>τῶν</strong></span> <span class='ocrx_word' id='word_1_99' title='bbox 1540 1467 1730 1503; x_wconf 83' lang='grc' dir='ltr'>κατοι-</span> 
     </span>
    </p>
   </div>
   <div class='ocr_carea' id='block_1_16' title="bbox 163 1543 1729 1618">
    <p class='ocr_par' dir='ltr' id='par_1_16' title="bbox 163 1543 1729 1618">
     <span class='ocr_line' id='line_1_16' title="bbox 163 1543 1729 1618; baseline -0.005 -16"><span class='ocrx_word' id='word_1_100' title='bbox 163 1552 304 1602; x_wconf 73' lang='grc' dir='ltr'>κιῶν</span> <span class='ocrx_word' id='word_1_101' title='bbox 335 1551 612 1618; x_wconf 76' lang='grc' dir='ltr'><strong>ἑκατέρων</strong></span> <span class='ocrx_word' id='word_1_102' title='bbox 648 1547 945 1616; x_wconf 88' lang='grc' dir='ltr'>ἐγγύτητα,</span> <span class='ocrx_word' id='word_1_103' title='bbox 1006 1543 1308 1611; x_wconf 79' lang='grc' dir='ltr'>ἀποτρέπει</span> <span class='ocrx_word' id='word_1_104' title='bbox 1339 1545 1371 1614; x_wconf 87' lang='grc' dir='ltr'><strong>ή</strong></span> <span class='ocrx_word' id='word_1_105' title='bbox 1406 1544 1623 1604; x_wconf 82' lang='grc' dir='ltr'><strong>σύνοδος</strong></span> <span class='ocrx_word' id='word_1_106' title='bbox 1643 1543 1729 1609; x_wconf 77' lang='grc' dir='ltr'>γί·</span> 
     </span>
    </p>
   </div>
   <div class='ocr_carea' id='block_1_17' title="bbox 163 1635 1734 1708">
    <p class='ocr_par' dir='ltr' id='par_1_17' title="bbox 163 1635 1734 1708">
     <span class='ocr_line' id='line_1_17' title="bbox 163 1635 1734 1708; baseline -0.005 -15"><span class='ocrx_word' id='word_1_107' title='bbox 163 1642 376 1696; x_wconf 82' lang='grc' dir='ltr'>νεσθαι.</span> <span class='ocrx_word' id='word_1_108' title='bbox 412 1641 472 1691; x_wconf 82' lang='grc' dir='ltr'>Εί</span> <span class='ocrx_word' id='word_1_109' title='bbox 502 1640 557 1692; x_wconf 80' lang='grc' dir='ltr'>δέ</span> <span class='ocrx_word' id='word_1_110' title='bbox 591 1656 758 1700; x_wconf 78' lang='grc' dir='ltr'>τινες,</span> <span class='ocrx_word' id='word_1_111' title='bbox 811 1638 963 1708; x_wconf 74' lang='grc' dir='ltr'>φησὶ,</span> <span class='ocrx_word' id='word_1_112' title='bbox 1035 1638 1171 1705; x_wconf 85' lang='grc' dir='ltr'>μετὰ</span> <span class='ocrx_word' id='word_1_113' title='bbox 1228 1635 1504 1703; x_wconf 80' lang='grc' dir='ltr'>συγγενῶν</span> <span class='ocrx_word' id='word_1_114' title='bbox 1541 1652 1734 1702; x_wconf 79' lang='grc' dir='ltr'>προαι-</span> 
     </span>
    </p>
   </div>
   <div class='ocr_carea' id='block_1_18' title="bbox 163 1727 1733 1802">
    <p class='ocr_par' dir='ltr' id='par_1_18' title="bbox 163 1727 1733 1802">
     <span class='ocr_line' id='line_1_18' title="bbox 163 1727 1733 1802; baseline -0.004 -20"><span class='ocrx_word' id='word_1_115' title='bbox 163 1731 390 1802; x_wconf 79' lang='grc' dir='ltr'>ροῦνται</span> <span class='ocrx_word' id='word_1_116' title='bbox 448 1730 846 1794; x_wconf 79' lang='grc' dir='ltr'>ἀποτάξασθαι,</span> <span class='ocrx_word' id='word_1_117' title='bbox 877 1731 924 1780; x_wconf 88' lang='grc' dir='ltr'><strong>οί</strong></span> <span class='ocrx_word' id='word_1_118' title='bbox 972 1729 1071 1798; x_wconf 82' lang='grc' dir='ltr'>μὲν</span> <span class='ocrx_word' id='word_1_119' title='bbox 1133 1727 1324 1797; x_wconf 78' lang='grc' dir='ltr'>ἄνδρες</span> <span class='ocrx_word' id='word_1_120' title='bbox 1380 1729 1459 1790; x_wconf 88' lang='grc' dir='ltr'><strong>είς</strong></span> <span class='ocrx_word' id='word_1_121' title='bbox 1523 1727 1733 1796; x_wconf 81' lang='grc' dir='ltr'>ἀνδρῶν</span> 
     </span>
    </p>
   </div>
   <div class='ocr_carea' id='block_1_19' title="bbox 159 1821 1728 1893">
    <p class='ocr_par' dir='ltr' id='par_1_19' title="bbox 159 1821 1728 1893">
     <span class='ocr_line' id='line_1_19' title="bbox 159 1821 1728 1893; baseline -0.004 -17"><span class='ocrx_word' id='word_1_122' title='bbox 159 1823 589 1893; x_wconf 77' lang='grc' dir='ltr'>ἁπερχὲσθωσαν</span> <span class='ocrx_word' id='word_1_123' title='bbox 631 1823 1008 1891; x_wconf 84' lang='grc' dir='ltr'>μοναστήριον,</span> <span class='ocrx_word' id='word_1_124' title='bbox 1035 1822 1088 1873; x_wconf 79' lang='grc' dir='ltr'>αἱ</span> <span class='ocrx_word' id='word_1_125' title='bbox 1118 1821 1174 1872; x_wconf 80' lang='grc' dir='ltr'>δὲ</span> <span class='ocrx_word' id='word_1_126' title='bbox 1199 1822 1451 1888; x_wconf 79' lang='grc' dir='ltr'>γυναῖκες</span> <span class='ocrx_word' id='word_1_127' title='bbox 1507 1821 1588 1881; x_wconf 87' lang='grc' dir='ltr'><strong>είς</strong></span> <span class='ocrx_word' id='word_1_128' title='bbox 1627 1835 1728 1885; x_wconf 91' lang='grc' dir='ltr'>γυ-</span> 
     </span>
    </p>
   </div>
   <div class='ocr_carea' id='block_1_20' title="bbox 158 1909 1725 1984">
    <p class='ocr_par' dir='ltr' id='par_1_20' title="bbox 158 1909 1725 1984">
     <span class='ocr_line' id='line_1_20' title="bbox 158 1909 1725 1984; baseline -0.006 -13"><span class='ocrx_word' id='word_1_129' title='bbox 158 1919 422 1971; x_wconf 76' lang='grc' dir='ltr'>ναικεῖον.</span> <span class='ocrx_word' id='word_1_130' title='bbox 449 1915 624 1972; x_wconf 82' lang='grc' dir='ltr'>,Οὓτω</span> <span class='ocrx_word' id='word_1_131' title='bbox 659 1915 765 1984; x_wconf 80' lang='grc' dir='ltr'>γὰρ</span> <span class='ocrx_word' id='word_1_132' title='bbox 803 1914 1224 1983; x_wconf 83' lang='grc' dir='ltr'>εὐαρεστεῖταιὸ</span> <span class='ocrx_word' id='word_1_133' title='bbox 1267 1912 1418 1974; x_wconf 81' lang='grc' dir='ltr'>Θεὸς,</span> <span class='ocrx_word' id='word_1_134' title='bbox 1453 1911 1571 1964; x_wconf 73' lang='grc' dir='ltr'>ἀντὶ</span> <span class='ocrx_word' id='word_1_135' title='bbox 1611 1909 1725 1976; x_wconf 76' lang='grc' dir='ltr'>τοῦ,</span> 
     </span>
    </p>
   </div>
   <div class='ocr_carea' id='block_1_21' title="bbox 159 2001 1727 2076">
    <p class='ocr_par' dir='ltr' id='par_1_21' title="bbox 159 2001 1727 2076">
     <span class='ocr_line' id='line_1_21' title="bbox 159 2001 1727 2076; baseline -0.004 -16"><span class='ocrx_word' id='word_1_136' title='bbox 159 2008 340 2069; x_wconf 77' lang='grc' dir='ltr'>οὕτως</span> <span class='ocrx_word' id='word_1_137' title='bbox 379 2007 688 2076; x_wconf 69' lang='grc' dir='ltr'>εὐαρέστως</span> <span class='ocrx_word' id='word_1_138' title='bbox 713 2006 1061 2060; x_wconf 83' lang='grc' dir='ltr'>δουλεύσουσι</span> <span class='ocrx_word' id='word_1_139' title='bbox 1083 2005 1160 2075; x_wconf 85' lang='grc' dir='ltr'><strong>τῷ</strong></span> <span class='ocrx_word' id='word_1_140' title='bbox 1186 2004 1328 2075; x_wconf 77' lang='grc' dir='ltr'>Θεῷ,</span> <span class='ocrx_word' id='word_1_141' title='bbox 1359 2005 1464 2074; x_wconf 73' lang='grc' dir='ltr'>ἰδίᾳ</span> <span class='ocrx_word' id='word_1_142' title='bbox 1502 2001 1727 2069; x_wconf 79' lang='grc' dir='ltr'>ζῶντες,</span> 
     </span>
    </p>
   </div>
   <div class='ocr_carea' id='block_1_22' title="bbox 161 2095 1730 2170">
    <p class='ocr_par' dir='ltr' id='par_1_22' title="bbox 161 2095 1730 2170">
     <span class='ocr_line' id='line_1_22' title="bbox 161 2095 1730 2170; baseline -0.004 -17"><span class='ocrx_word' id='word_1_143' title='bbox 161 2103 264 2154; x_wconf 72' lang='grc' dir='ltr'>καὶ</span> <span class='ocrx_word' id='word_1_144' title='bbox 299 2101 394 2152; x_wconf 82' lang='grc' dir='ltr'><strong>ἀπ’</strong></span> <span class='ocrx_word' id='word_1_145' title='bbox 426 2101 672 2170; x_wconf 74' lang='grc' dir='ltr'>ἀλλήλων</span> <span class='ocrx_word' id='word_1_146' title='bbox 698 2098 1117 2170; x_wconf 79' lang='grc' dir='ltr'><strong>κεχωρισμένοι,</strong></span> <span class='ocrx_word' id='word_1_147' title='bbox 1142 2096 1284 2150; x_wconf 81' lang='grc' dir='ltr'>ὥστε</span> <span class='ocrx_word' id='word_1_148' title='bbox 1304 2095 1560 2166; x_wconf 81' lang='grc' dir='ltr'>ἀλλήλοις</span> <span class='ocrx_word' id='word_1_149' title='bbox 1593 2096 1730 2165; x_wconf 80' lang='grc' dir='ltr'>μήτε</span> 
     </span>
    </p>
   </div>
   <div class='ocr_carea' id='block_1_23' title="bbox 161 2186 1735 2264">
    <p class='ocr_par' dir='ltr' id='par_1_23' title="bbox 161 2186 1735 2264">
     <span class='ocr_line' id='line_1_23' title="bbox 161 2186 1735 2264; baseline -0.005 -18"><span class='ocrx_word' id='word_1_150' title='bbox 161 2195 246 2256; x_wconf 82' lang='grc' dir='ltr'><strong>είς</strong></span> <span class='ocrx_word' id='word_1_151' title='bbox 271 2191 622 2264; x_wconf 69' lang='grc' dir='ltr'>παροξυσμὸν</span> <span class='ocrx_word' id='word_1_152' title='bbox 652 2186 792 2244; x_wconf 74' lang='grc' dir='ltr'>εἷναι</span> <span class='ocrx_word' id='word_1_153' title='bbox 825 2191 1010 2261; x_wconf 84' lang='grc' dir='ltr'>βιοτῆς</span> <span class='ocrx_word' id='word_1_154' title='bbox 1042 2188 1343 2259; x_wconf 81' lang='grc' dir='ltr'>ἐμπαθοῦς,</span> <span class='ocrx_word' id='word_1_155' title='bbox 1375 2190 1512 2257; x_wconf 88' lang='grc' dir='ltr'>μήτε</span> <span class='ocrx_word' id='word_1_156' title='bbox 1552 2187 1735 2248; x_wconf 80' lang='grc' dir='ltr'>ἄλλοις</span> 
     </span>
    </p>
   </div>
   <div class='ocr_carea' id='block_1_24' title="bbox 159 2281 1738 2355">
    <p class='ocr_par' dir='ltr' id='par_1_24' title="bbox 159 2281 1738 2355">
     <span class='ocr_line' id='line_1_24' title="bbox 159 2281 1738 2355; baseline -0.004 -17"><span class='ocrx_word' id='word_1_157' title='bbox 159 2289 246 2349; x_wconf 86' lang='grc' dir='ltr'><strong>είς</strong></span> <span class='ocrx_word' id='word_1_158' title='bbox 282 2285 602 2341; x_wconf 77' lang='grc' dir='ltr'>σκάνδαλον.</span> <span class='ocrx_word' id='word_1_159' title='bbox 650 2284 800 2338; x_wconf 83' lang='grc' dir='ltr'>Ὅσα</span> <span class='ocrx_word' id='word_1_160' title='bbox 833 2283 891 2336; x_wconf 82' lang='grc' dir='ltr'><strong>δέ</strong></span> <span class='ocrx_word' id='word_1_161' title='bbox 926 2284 1026 2355; x_wconf 75' lang='grc' dir='ltr'>ήδη</span> <span class='ocrx_word' id='word_1_162' title='bbox 1081 2286 1338 2351; x_wconf 88' lang='grc' dir='ltr'>γεγόνασι</span> <span class='ocrx_word' id='word_1_163' title='bbox 1366 2281 1529 2335; x_wconf 81' lang='grc' dir='ltr'>διπλᾶ</span> <span class='ocrx_word' id='word_1_164' title='bbox 1576 2297 1738 2349; x_wconf 87' lang='grc' dir='ltr'>μονα-</span> 
     </span>
    </p>
   </div>
   <div class='ocr_carea' id='block_1_25' title="bbox 163 2371 1737 2448">
    <p class='ocr_par' dir='ltr' id='par_1_25' title="bbox 163 2371 1737 2448">
     <span class='ocr_line' id='line_1_25' title="bbox 163 2371 1737 2448; baseline -0.006 -17"><span class='ocrx_word' id='word_1_165' title='bbox 163 2379 393 2448; x_wconf 75' lang='grc' dir='ltr'>στήρια,</span> <span class='ocrx_word' id='word_1_166' title='bbox 458 2378 770 2442; x_wconf 84' lang='grc' dir='ltr'>Ἔστωσαν,</span> <span class='ocrx_word' id='word_1_167' title='bbox 834 2378 990 2446; x_wconf 63' lang='grc' dir='ltr'>φησι,</span> <span class='ocrx_word' id='word_1_168' title='bbox 1075 2376 1168 2426; x_wconf 56' lang='grc' dir='ltr'><strong>καὶ⁹</strong></span> <span class='ocrx_word' id='word_1_169' title='bbox 1237 2371 1737 2441; x_wconf 80' lang='grc' dir='ltr'>οίκονομείσθωσαν</span> 
     </span>
    </p>
   </div>
   <div class='ocr_carea' id='block_1_26' title="bbox 162 2460 1741 2541">
    <p class='ocr_par' dir='ltr' id='par_1_26' title="bbox 162 2460 1741 2541">
     <span class='ocr_line' id='line_1_26' title="bbox 162 2460 1741 2541; baseline -0.004 -18"><span class='ocrx_word' id='word_1_170' title='bbox 162 2471 314 2525; x_wconf 85' lang='grc' dir='ltr'>κατὰ</span> <span class='ocrx_word' id='word_1_171' title='bbox 346 2472 449 2541; x_wconf 80' lang='grc' dir='ltr'>τὴν</span> <span class='ocrx_word' id='word_1_172' title='bbox 462 2470 727 2540; x_wconf 81' lang='grc' dir='ltr'>διαταγὴν</span> <span class='ocrx_word' id='word_1_173' title='bbox 766 2471 862 2524; x_wconf 73' lang='grc' dir='ltr'>καὶ</span> <span class='ocrx_word' id='word_1_174' title='bbox 894 2471 984 2523; x_wconf 74' lang='grc' dir='ltr'><strong>τὸν</strong></span> <span class='ocrx_word' id='word_1_175' title='bbox 1011 2469 1180 2521; x_wconf 87' lang='grc' dir='ltr'>τύπον</span> <span class='ocrx_word' id='word_1_176' title='bbox 1207 2466 1300 2521; x_wconf 82' lang='grc' dir='ltr'>τοῦ</span> <span class='ocrx_word' id='word_1_177' title='bbox 1335 2460 1575 2536; x_wconf 83' lang='grc' dir='ltr'>μεγ’άλου</span> <span class='ocrx_word' id='word_1_178' title='bbox 1636 2466 1741 2517; x_wconf 88' lang='grc' dir='ltr'><strong>Βα-</strong></span> 
     </span>
    </p>
   </div>
   <div class='ocr_carea' id='block_1_27' title="bbox 163 2557 1740 2632">
    <p class='ocr_par' dir='ltr' id='par_1_27' title="bbox 163 2557 1740 2632">
     <span class='ocr_line' id='line_1_27' title="bbox 163 2557 1740 2632; baseline -0.006 -17"><span class='ocrx_word' id='word_1_179' title='bbox 163 2563 396 2629; x_wconf 85' lang='grc' dir='ltr'>σιλείου,</span> <span class='ocrx_word' id='word_1_180' title='bbox 426 2563 522 2616; x_wconf 75' lang='grc' dir='ltr'>καὶ</span> <span class='ocrx_word' id='word_1_181' title='bbox 570 2562 645 2632; x_wconf 85' lang='grc' dir='ltr'><strong>μὴ</strong></span> <span class='ocrx_word' id='word_1_182' title='bbox 697 2560 1098 2615; x_wconf 84' lang='grc' dir='ltr'>διαιτάσθωσαν</span> <span class='ocrx_word' id='word_1_183' title='bbox 1147 2560 1204 2610; x_wconf 83' lang='grc' dir='ltr'><strong>ἐν</strong></span> <span class='ocrx_word' id='word_1_184' title='bbox 1262 2557 1343 2609; x_wconf 68' lang='grc' dir='ltr'>ἐν).</span> <span class='ocrx_word' id='word_1_185' title='bbox 1385 2557 1740 2626; x_wconf 84' lang='grc' dir='ltr'>μοναστηρίῳ</span> 
     </span>
    </p>
   </div>
   <div class='ocr_carea' id='block_1_28' title="bbox 164 2652 1744 2727">
    <p class='ocr_par' dir='ltr' id='par_1_28' title="bbox 164 2652 1744 2727">
     <span class='ocr_line' id='line_1_28' title="bbox 164 2652 1744 2727; baseline -0.004 -18"><span class='ocrx_word' id='word_1_186' title='bbox 164 2656 403 2727; x_wconf 81' lang='grc' dir='ltr'>μοναχοὶ</span> <span class='ocrx_word' id='word_1_187' title='bbox 419 2657 513 2710; x_wconf 78' lang='grc' dir='ltr'>καὶ</span> <span class='ocrx_word' id='word_1_188' title='bbox 542 2657 886 2726; x_wconf 80' lang='grc' dir='ltr'>μονάστριαι.</span> <span class='ocrx_word' id='word_1_189' title='bbox 915 2655 1104 2707; x_wconf 88' lang='grc' dir='ltr'>Δίαιτα</span> <span class='ocrx_word' id='word_1_190' title='bbox 1130 2653 1170 2706; x_wconf 73' lang='grc' dir='ltr'>δ’</span> <span class='ocrx_word' id='word_1_191' title='bbox 1195 2652 1428 2706; x_wconf 83' lang='grc' dir='ltr'>ἐνταῦθα</span> <span class='ocrx_word' id='word_1_192' title='bbox 1449 2653 1509 2704; x_wconf 80' lang='grc' dir='ltr'><strong>οὐ</strong></span> <span class='ocrx_word' id='word_1_193' title='bbox 1538 2655 1596 2703; x_wconf 78' lang='grc' dir='ltr'><strong>τὸ</strong></span> <span class='ocrx_word' id='word_1_194' title='bbox 1622 2668 1744 2703; x_wconf 88' lang='grc' dir='ltr'>συν-</span> 
     </span>
    </p>
   </div>
   <div class='ocr_carea' id='block_1_29' title="bbox 168 2743 1746 2818">
    <p class='ocr_par' dir='ltr' id='par_1_29' title="bbox 168 2743 1746 2818">
     <span class='ocr_line' id='line_1_29' title="bbox 168 2743 1746 2818; baseline -0.004 -18"><span class='ocrx_word' id='word_1_195' title='bbox 168 2747 379 2802; x_wconf 76' lang='grc' dir='ltr'>εσθίειν</span> <span class='ocrx_word' id='word_1_196' title='bbox 414 2747 550 2818; x_wconf 83' lang='grc' dir='ltr'><strong>ὁμθῦ</strong></span> <span class='ocrx_word' id='word_1_197' title='bbox 590 2747 855 2811; x_wconf 85' lang='grc' dir='ltr'>καλεῖται,</span> <span class='ocrx_word' id='word_1_198' title='bbox 901 2745 1058 2814; x_wconf 72' lang='grc' dir='ltr'>ἀλλἰἠ</span> <span class='ocrx_word' id='word_1_199' title='bbox 1093 2745 1210 2815; x_wconf 85' lang='grc' dir='ltr'>μετ’</span> <span class='ocrx_word' id='word_1_200' title='bbox 1240 2744 1484 2812; x_wconf 69' lang='grc' dir='ltr'>ἀλλῆλων</span> <span class='ocrx_word' id='word_1_201' title='bbox 1535 2743 1746 2794; x_wconf 87' lang='grc' dir='ltr'>συνδια-</span> 
     </span>
    </p>
   </div>
   <div class='ocr_carea' id='block_1_30' title="bbox 165 2829 1745 2906">
    <p class='ocr_par' dir='ltr' id='par_1_30' title="bbox 165 2829 1745 2906">
     <span class='ocr_line' id='line_1_30' title="bbox 165 2829 1745 2906; baseline -0.006 -17"><span class='ocrx_word' id='word_1_202' title='bbox 165 2840 332 2905; x_wconf 77' lang='grc' dir='ltr'>γωγὴ</span> <span class='ocrx_word' id='word_1_203' title='bbox 358 2838 451 2889; x_wconf 76' lang='grc' dir='ltr'>καὶ</span> <span class='ocrx_word' id='word_1_204' title='bbox 476 2836 817 2906; x_wconf 77' lang='grc' dir='ltr'>ἀναστροφή.</span> <span class='ocrx_word' id='word_1_205' title='bbox 846 2833 985 2902; x_wconf 65' lang='grc' dir='ltr'>Μιηδ’</span> <span class='ocrx_word' id='word_1_206' title='bbox 1011 2834 1284 2902; x_wconf 81' lang='grc' dir='ltr'>ἐχέτωσαν</span> <span class='ocrx_word' id='word_1_207' title='bbox 1314 2831 1452 2900; x_wconf 68' lang='grc' dir='ltr'>πρὸς</span> <span class='ocrx_word' id='word_1_208' title='bbox 1481 2829 1745 2899; x_wconf 83' lang='grc' dir='ltr'>ἀλλήλους</span> 
     </span>
    </p>
   </div>
   <div class='ocr_carea' id='block_1_31' title="bbox 166 2921 1745 2998">
    <p class='ocr_par' dir='ltr' id='par_1_31' title="bbox 166 2921 1745 2998">
     <span class='ocr_line' id='line_1_31' title="bbox 166 2921 1745 2998; baseline -0.006 -17"><span class='ocrx_word' id='word_1_209' title='bbox 166 2927 494 2998; x_wconf 74' lang='grc' dir='ltr'>παρρησίαν</span> <span class='ocrx_word' id='word_1_210' title='bbox 527 2927 758 2996; x_wconf 85' lang='grc' dir='ltr'>μοναχός</span> <span class='ocrx_word' id='word_1_211' title='bbox 783 2943 844 2978; x_wconf 88' lang='grc' dir='ltr'><strong>τε</strong></span> <span class='ocrx_word' id='word_1_212' title='bbox 865 2927 960 2978; x_wconf 82' lang='grc' dir='ltr'>καὶ</span> <span class='ocrx_word' id='word_1_213' title='bbox 978 2924 1210 2994; x_wconf 83' lang='grc' dir='ltr'>μοναχὴ,</span> <span class='ocrx_word' id='word_1_214' title='bbox 1230 2922 1369 2976; x_wconf 84' lang='grc' dir='ltr'>ὥστε</span> <span class='ocrx_word' id='word_1_215' title='bbox 1393 2922 1629 2974; x_wconf 80' lang='grc' dir='ltr'>συνιέναι</span> <span class='ocrx_word' id='word_1_216' title='bbox 1657 2921 1745 2973; x_wconf 84' lang='grc' dir='ltr'>ὅτε</span> 
     </span>
    </p>
   </div>
   <div class='ocr_carea' id='block_1_32' title="bbox 166 3011 1747 3088">
    <p class='ocr_par' dir='ltr' id='par_1_32' title="bbox 166 3011 1747 3088">
     <span class='ocr_line' id='line_1_32' title="bbox 166 3011 1747 3088; baseline -0.004 -18"><span class='ocrx_word' id='word_1_217' title='bbox 166 3018 464 3088; x_wconf 78' lang='grc' dir='ltr'>βούλοιντο.</span> <span class='ocrx_word' id='word_1_218' title='bbox 482 3018 576 3072; x_wconf 80' lang='grc' dir='ltr'>καὶ</span> <span class='ocrx_word' id='word_1_219' title='bbox 606 3016 854 3088; x_wconf 79' lang='grc' dir='ltr'>ἀλλήλοις</span> <span class='ocrx_word' id='word_1_220' title='bbox 870 3015 1238 3086; x_wconf 79' lang='grc' dir='ltr'>προσομιλεῖν,</span> <span class='ocrx_word' id='word_1_221' title='bbox 1257 3014 1390 3084; x_wconf 84' lang='grc' dir='ltr'>μηδὲ</span> <span class='ocrx_word' id='word_1_222' title='bbox 1415 3011 1747 3075; x_wconf 79' lang='grc' dir='ltr'>κοιταζέσθω</span> 
     </span>
    </p>
   </div>
   <div class='ocr_carea' id='block_1_33' title="bbox 169 3102 1749 3180">
    <p class='ocr_par' dir='ltr' id='par_1_33' title="bbox 169 3102 1749 3180">
     <span class='ocr_line' id='line_1_33' title="bbox 169 3102 1749 3180; baseline -0.005 -18"><span class='ocrx_word' id='word_1_223' title='bbox 169 3109 411 3180; x_wconf 86' lang='grc' dir='ltr'>μοναχδς</span> <span class='ocrx_word' id='word_1_224' title='bbox 432 3111 489 3162; x_wconf 83' lang='grc' dir='ltr'>ἐν</span> <span class='ocrx_word' id='word_1_225' title='bbox 510 3109 806 3178; x_wconf 79' lang='grc' dir='ltr'>γυναικείῳ</span> <span class='ocrx_word' id='word_1_226' title='bbox 851 3108 1217 3178; x_wconf 83' lang='grc' dir='ltr'>μοναστηρίῳ,</span> <span class='ocrx_word' id='word_1_227' title='bbox 1255 3105 1391 3176; x_wconf 82' lang='grc' dir='ltr'><strong>μηδέ</strong></span> <span class='ocrx_word' id='word_1_228' title='bbox 1426 3102 1749 3158; x_wconf 84' lang='grc' dir='ltr'>συνεσθιέτω</span> 
     </span>
    </p>
   </div>
   <div class='ocr_carea' id='block_1_34' title="bbox 1825 613 3240 683">
    <p class='ocr_par' dir='ltr' id='par_1_34' title="bbox 1825 613 3240 683">
     <span class='ocr_line' id='line_1_34' title="bbox 1825 613 3240 683; baseline -0.003 -15"><span class='ocrx_word' id='word_1_229' title='bbox 1825 618 1890 668; x_wconf 89' lang='lat' dir='ltr'><strong>de</strong></span> <span class='ocrx_word' id='word_1_230' title='bbox 1921 617 2161 683; x_wconf 89' lang='lat' dir='ltr'><strong>ipsorum</strong></span> <span class='ocrx_word' id='word_1_231' title='bbox 2205 614 2575 682; x_wconf 84' lang='lat' dir='ltr'><strong>apocrisiariis</strong></span> <span class='ocrx_word' id='word_1_232' title='bbox 2605 627 2658 666; x_wconf 89' lang='lat' dir='ltr'><strong>et</strong></span> <span class='ocrx_word' id='word_1_233' title='bbox 2689 613 2917 680; x_wconf 85' lang='lat' dir='ltr'><strong>reliquis</strong></span> <span class='ocrx_word' id='word_1_234' title='bbox 2950 613 3240 665; x_wconf 79' lang='lat' dir='ltr'><strong>ministris.</strong></span> 
     </span>
    </p>
   </div>
   <div class='ocr_carea' id='block_1_35' title="bbox 1900 791 3380 862">
    <p class='ocr_par' dir='ltr' id='par_1_35' title="bbox 1900 791 3380 862">
     <span class='ocr_line' id='line_1_35' title="bbox 1900 791 3380 862; baseline 0.001 -15"><span class='ocrx_word' id='word_1_235' title='bbox 1900 791 2154 848; x_wconf 77' lang='lat' dir='ltr'><strong>ZONAR.</strong></span> <span class='ocrx_word' id='word_1_236' title='bbox 2202 794 2447 862; x_wconf 87' lang='lat' dir='ltr'><strong>Duplicia</strong></span> <span class='ocrx_word' id='word_1_237' title='bbox 2489 795 2577 848; x_wconf 89' lang='lat' dir='ltr'><strong>hic</strong></span> <span class='ocrx_word' id='word_1_238' title='bbox 2629 809 2806 848; x_wconf 83' lang='lat' dir='ltr'><strong>canon</strong></span> <span class='ocrx_word' id='word_1_239' title='bbox 2864 794 3202 848; x_wconf 84' lang='lat' dir='ltr'><strong>monasteria</strong></span> <span class='ocrx_word' id='word_1_240' title='bbox 3269 795 3380 848; x_wconf 86' lang='lat' dir='ltr'><strong>fieri</strong></span> 
     </span>
    </p>
   </div>
   <div class='ocr_carea' id='block_1_36' title="bbox 1825 887 3381 942">
    <p class='ocr_par' dir='ltr' id='par_1_36' title="bbox 1825 887 3381 942">
     <span class='ocr_line' id='line_1_36' title="bbox 1825 887 3381 942; baseline -0.001 -2"><span class='ocrx_word' id='word_1_241' title='bbox 1825 896 1994 942; x_wconf 89' lang='lat' dir='ltr'><strong>vetat.</strong></span> <span class='ocrx_word' id='word_1_242' title='bbox 2029 887 2086 940; x_wconf 85' lang='lat' dir='ltr'><strong>In</strong></span> <span class='ocrx_word' id='word_1_243' title='bbox 2120 887 2187 941; x_wconf 88' lang='lat' dir='ltr'><strong>iis</strong></span> <span class='ocrx_word' id='word_1_244' title='bbox 2216 895 2397 941; x_wconf 84' lang='lat' dir='ltr'><strong>autem</strong></span> <span class='ocrx_word' id='word_1_245' title='bbox 2433 902 2540 941; x_wconf 94' lang='lat' dir='ltr'><strong>non</strong></span> <span class='ocrx_word' id='word_1_246' title='bbox 2572 902 2695 942; x_wconf 87' lang='lat' dir='ltr'><strong>cum</strong></span> <span class='ocrx_word' id='word_1_247' title='bbox 2735 887 2868 942; x_wconf 84' lang='lat' dir='ltr'><strong>viris</strong></span> <span class='ocrx_word' id='word_1_248' title='bbox 2900 889 3065 942; x_wconf 89' lang='lat' dir='ltr'><strong>simul</strong></span> <span class='ocrx_word' id='word_1_249' title='bbox 3115 889 3168 940; x_wconf 91' lang='lat' dir='ltr'><strong>in</strong></span> <span class='ocrx_word' id='word_1_250' title='bbox 3194 888 3381 942; x_wconf 85' lang='lat' dir='ltr'><strong>eodem</strong></span> 
     </span>
    </p>
   </div>
   <div class='ocr_carea' id='block_1_37' title="bbox 1827 978 3380 1047">
    <p class='ocr_par' dir='ltr' id='par_1_37' title="bbox 1827 978 3380 1047">
     <span class='ocr_line' id='line_1_37' title="bbox 1827 978 3380 1047; baseline -0.001 -13"><span class='ocrx_word' id='word_1_251' title='bbox 1827 978 1949 1034; x_wconf 88' lang='lat' dir='ltr'><strong>loco</strong></span> <span class='ocrx_word' id='word_1_252' title='bbox 2003 978 2219 1034; x_wconf 70' lang='lat' dir='ltr'><strong>femina:</strong></span> <span class='ocrx_word' id='word_1_253' title='bbox 2281 979 2591 1047; x_wconf 87' lang='lat' dir='ltr'><strong>degebant,</strong></span> <span class='ocrx_word' id='word_1_254' title='bbox 2645 980 2736 1033; x_wconf 88' lang='lat' dir='ltr'><strong>sed</strong></span> <span class='ocrx_word' id='word_1_255' title='bbox 2788 979 2858 1033; x_wconf 91' lang='lat' dir='ltr'><strong>ita</strong></span> <span class='ocrx_word' id='word_1_256' title='bbox 2927 981 3272 1047; x_wconf 87' lang='lat' dir='ltr'><strong>propinquo,</strong></span> <span class='ocrx_word' id='word_1_257' title='bbox 3322 995 3380 1032; x_wconf 87' lang='grc' dir='ltr'><strong>ιιι</strong></span> 
     </span>
    </p>
   </div>
   <div class='ocr_carea' id='block_1_38' title="bbox 1827 1070 3378 1140">
    <p class='ocr_par' dir='ltr' id='par_1_38' title="bbox 1827 1070 3378 1140">
     <span class='ocr_line' id='line_1_38' title="bbox 1827 1070 3378 1140; baseline 0.001 -17"><span class='ocrx_word' id='word_1_258' title='bbox 1827 1086 1989 1125; x_wconf 84' lang='lat' dir='ltr'><strong>voces</strong></span> <span class='ocrx_word' id='word_1_259' title='bbox 2019 1070 2205 1125; x_wconf 88' lang='lat' dir='ltr'><strong>audire</strong></span> <span class='ocrx_word' id='word_1_260' title='bbox 2238 1071 2576 1140; x_wconf 89' lang='lat' dir='ltr'><strong>reddereque</strong></span> <span class='ocrx_word' id='word_1_261' title='bbox 2605 1072 2833 1125; x_wconf 79' lang='lat' dir='ltr'><strong>invicem</strong></span> <span class='ocrx_word' id='word_1_262' title='bbox 2876 1074 3093 1140; x_wconf 91' lang='lat' dir='ltr'><strong>utrique</strong></span> <span class='ocrx_word' id='word_1_263' title='bbox 3137 1083 3378 1140; x_wconf 86' lang='lat' dir='ltr'><strong>possent.</strong></span> 
     </span>
    </p>
   </div>
   <div class='ocr_carea' id='block_1_39' title="bbox 1828 1163 3384 1234">
    <p class='ocr_par' dir='ltr' id='par_1_39' title="bbox 1828 1163 3384 1234">
     <span class='ocr_line' id='line_1_39' title="bbox 1828 1163 3384 1234; baseline 0 -18"><span class='ocrx_word' id='word_1_264' title='bbox 1828 1164 1886 1217; x_wconf 89' lang='lat' dir='ltr'><strong>ld</strong></span> <span class='ocrx_word' id='word_1_265' title='bbox 1937 1178 2090 1234; x_wconf 87' lang='lat' dir='ltr'><strong>ergo,</strong></span> <span class='ocrx_word' id='word_1_266' title='bbox 2153 1165 2280 1231; x_wconf 83' lang='lat' dir='ltr'><strong>quia</strong></span> <span class='ocrx_word' id='word_1_267' title='bbox 2333 1163 2590 1217; x_wconf 86' lang='lat' dir='ltr'><strong>nimirum</strong></span> <span class='ocrx_word' id='word_1_268' title='bbox 2646 1179 2710 1217; x_wconf 84' lang='lat' dir='ltr'><strong>ex</strong></span> <span class='ocrx_word' id='word_1_269' title='bbox 2770 1179 2836 1219; x_wconf 93' lang='lat' dir='ltr'><strong>eo</strong></span> <span class='ocrx_word' id='word_1_270' title='bbox 2918 1165 2984 1217; x_wconf 89' lang='lat' dir='ltr'><strong>ad</strong></span> <span class='ocrx_word' id='word_1_271' title='bbox 3026 1165 3384 1232; x_wconf 71' lang='lat' dir='ltr'><strong>cogitationes.</strong></span> 
     </span>
    </p>
   </div>
   <div class='ocr_carea' id='block_1_40' title="bbox 1829 1249 3384 1324">
    <p class='ocr_par' dir='ltr' id='par_1_40' title="bbox 1829 1249 3384 1324">
     <span class='ocr_line' id='line_1_40' title="bbox 1829 1249 3384 1324; baseline 0.001 -16"><span class='ocrx_word' id='word_1_272' title='bbox 1829 1255 2022 1310; x_wconf 91' lang='lat' dir='ltr'><strong>molles</strong></span> <span class='ocrx_word' id='word_1_273' title='bbox 2058 1269 2120 1310; x_wconf 87' lang='lat' dir='ltr'><strong>ac</strong></span> <span class='ocrx_word' id='word_1_274' title='bbox 2155 1265 2389 1316; x_wconf 88' lang='lat' dir='ltr'><strong>teneras,</strong></span> <span class='ocrx_word' id='word_1_275' title='bbox 2421 1264 2517 1308; x_wconf 89' lang='lat' dir='ltr'><strong>aut</strong></span> <span class='ocrx_word' id='word_1_276' title='bbox 2542 1257 2607 1308; x_wconf 93' lang='lat' dir='ltr'><strong>ad</strong></span> <span class='ocrx_word' id='word_1_277' title='bbox 2640 1249 2783 1323; x_wconf 75' lang='lat' dir='ltr'><strong>ipSas</strong></span> <span class='ocrx_word' id='word_1_278' title='bbox 2815 1271 3034 1324; x_wconf 89' lang='lat' dir='ltr'><strong>quoque</strong></span> <span class='ocrx_word' id='word_1_279' title='bbox 3065 1257 3384 1310; x_wconf 78' lang='lat' dir='ltr'><strong>libidinosas</strong></span> 
     </span>
    </p>
   </div>
   <div class='ocr_carea' id='block_1_41' title="bbox 1829 1343 3386 1410">
    <p class='ocr_par' dir='ltr' id='par_1_41' title="bbox 1829 1343 3386 1410">
     <span class='ocr_line' id='line_1_41' title="bbox 1829 1343 3386 1410; baseline -0.001 -11"><span class='ocrx_word' id='word_1_280' title='bbox 1829 1343 2168 1408; x_wconf 72' lang='lat' dir='ltr'><strong>affectiones,</strong></span> <span class='ocrx_word' id='word_1_281' title='bbox 2202 1344 2442 1397; x_wconf 88' lang='lat' dir='ltr'><strong>titillatio</strong></span> <span class='ocrx_word' id='word_1_282' title='bbox 2476 1345 2747 1399; x_wconf 82' lang='lat' dir='ltr'><strong>exsistere</strong></span> <span class='ocrx_word' id='word_1_283' title='bbox 2773 1345 2929 1398; x_wconf 82' lang='lat' dir='ltr'><strong>facile</strong></span> <span class='ocrx_word' id='word_1_284' title='bbox 2975 1355 3175 1410; x_wconf 85' lang='lat' dir='ltr'><strong>posset,</strong></span> <span class='ocrx_word' id='word_1_285' title='bbox 3215 1347 3386 1399; x_wconf 74' lang='lat' dir='ltr'><strong>offun-</strong></span> 
     </span>
    </p>
   </div>
   <div class='ocr_carea' id='block_1_42' title="bbox 1832 1434 3388 1505">
    <p class='ocr_par' dir='ltr' id='par_1_42' title="bbox 1832 1434 3388 1505">
     <span class='ocr_line' id='line_1_42' title="bbox 1832 1434 3388 1505; baseline -0.002 -17"><span class='ocrx_word' id='word_1_286' title='bbox 1832 1434 2152 1502; x_wconf 78' lang='lat' dir='ltr'><strong>sionemque</strong></span> <span class='ocrx_word' id='word_1_287' title='bbox 2181 1434 2369 1488; x_wconf 86' lang='lat' dir='ltr'><strong>multis</strong></span> <span class='ocrx_word' id='word_1_288' title='bbox 2402 1434 2624 1488; x_wconf 83' lang='lat' dir='ltr'><strong>afferret</strong></span> <span class='ocrx_word' id='word_1_289' title='bbox 2659 1436 2750 1486; x_wconf 88' lang='lat' dir='ltr'><strong>illa</strong></span> <span class='ocrx_word' id='word_1_290' title='bbox 2791 1435 3064 1498; x_wconf 78' lang='lat' dir='ltr'><strong>vicinitas,</strong></span> <span class='ocrx_word' id='word_1_291' title='bbox 3099 1453 3218 1504; x_wconf 70' lang='lat' dir='ltr'><strong>qua:</strong></span> <span class='ocrx_word' id='word_1_292' title='bbox 3263 1454 3388 1505; x_wconf 63' lang='lat' dir='ltr'><strong>Spo-</strong></span> 
     </span>
    </p>
   </div>
   <div class='ocr_carea' id='block_1_43' title="bbox 1832 1526 3386 1594">
    <p class='ocr_par' dir='ltr' id='par_1_43' title="bbox 1832 1526 3386 1594">
     <span class='ocr_line' id='line_1_43' title="bbox 1832 1526 3386 1594; baseline 0.002 -16"><span class='ocrx_word' id='word_1_293' title='bbox 1832 1527 1969 1580; x_wconf 90' lang='lat' dir='ltr'><strong>ciem</strong></span> <span class='ocrx_word' id='word_1_294' title='bbox 2015 1526 2070 1579; x_wconf 92' lang='lat' dir='ltr'><strong>in</strong></span> <span class='ocrx_word' id='word_1_295' title='bbox 2142 1527 2332 1580; x_wconf 90' lang='lat' dir='ltr'><strong>eodem</strong></span> <span class='ocrx_word' id='word_1_296' title='bbox 2396 1527 2550 1594; x_wconf 85' lang='lat' dir='ltr'><strong>quasi</strong></span> <span class='ocrx_word' id='word_1_297' title='bbox 2606 1526 2879 1580; x_wconf 84' lang='lat' dir='ltr'><strong>domicilio</strong></span> <span class='ocrx_word' id='word_1_298' title='bbox 2935 1531 3386 1582; x_wconf 89' lang='lat' dir='ltr'><strong>commorantium</strong></span> 
     </span>
    </p>
   </div>
   <div class='ocr_carea' id='block_1_44' title="bbox 1832 1615 3390 1686">
    <p class='ocr_par' dir='ltr' id='par_1_44' title="bbox 1832 1615 3390 1686">
     <span class='ocr_line' id='line_1_44' title="bbox 1832 1615 3390 1686; baseline -0.003 -19"><span class='ocrx_word' id='word_1_299' title='bbox 1832 1615 2071 1676; x_wconf 80' lang='lat' dir='ltr'><strong>virorum</strong></span> <span class='ocrx_word' id='word_1_300' title='bbox 2111 1631 2174 1670; x_wconf 85' lang='lat' dir='ltr'><strong>ac</strong></span> <span class='ocrx_word' id='word_1_301' title='bbox 2202 1615 2490 1668; x_wconf 86' lang='lat' dir='ltr'><strong>mulierum</strong></span> <span class='ocrx_word' id='word_1_302' title='bbox 2520 1615 2821 1678; x_wconf 74' lang='lat' dir='ltr'><strong>exhiberet,</strong></span> <span class='ocrx_word' id='word_1_303' title='bbox 2853 1616 3000 1667; x_wconf 92' lang='lat' dir='ltr'><strong>nullo</strong></span> <span class='ocrx_word' id='word_1_304' title='bbox 3043 1617 3201 1668; x_wconf 88' lang='lat' dir='ltr'><strong>modo</strong></span> <span class='ocrx_word' id='word_1_305' title='bbox 3230 1633 3390 1686; x_wconf 74' lang='lat' dir='ltr'><strong>synn—</strong></span> 
     </span>
    </p>
   </div>
   <div class='ocr_carea' id='block_1_45' title="bbox 1833 1705 3387 1772">
    <p class='ocr_par' dir='ltr' id='par_1_45' title="bbox 1833 1705 3387 1772">
     <span class='ocr_line' id='line_1_45' title="bbox 1833 1705 3387 1772; baseline -0.005 -9"><span class='ocrx_word' id='word_1_306' title='bbox 1833 1708 1935 1763; x_wconf 88' lang='lat' dir='ltr'><strong>dus</strong></span> <span class='ocrx_word' id='word_1_307' title='bbox 1971 1707 2131 1759; x_wconf 86' lang='lat' dir='ltr'><strong>licere</strong></span> <span class='ocrx_word' id='word_1_308' title='bbox 2163 1705 2428 1759; x_wconf 83' lang='lat' dir='ltr'><strong>decernit.</strong></span> <span class='ocrx_word' id='word_1_309' title='bbox 2463 1705 2618 1770; x_wconf 81' lang='lat' dir='ltr'><strong>Quod</strong></span> <span class='ocrx_word' id='word_1_310' title='bbox 2655 1706 2700 1758; x_wconf 88' lang='lat' dir='ltr'><strong>si</strong></span> <span class='ocrx_word' id='word_1_311' title='bbox 2729 1705 2842 1772; x_wconf 84' lang='lat' dir='ltr'><strong>qui,</strong></span> <span class='ocrx_word' id='word_1_312' title='bbox 2882 1705 3075 1772; x_wconf 86' lang='lat' dir='ltr'><strong>inquit,</strong></span> <span class='ocrx_word' id='word_1_313' title='bbox 3113 1721 3215 1759; x_wconf 91' lang='lat' dir='ltr'><strong>uua</strong></span> <span class='ocrx_word' id='word_1_314' title='bbox 3266 1722 3387 1758; x_wconf 88' lang='lat' dir='ltr'><strong>cum</strong></span> 
     </span>
    </p>
   </div>
   <div class='ocr_carea' id='block_1_46' title="bbox 1835 1797 3391 1866">
    <p class='ocr_par' dir='ltr' id='par_1_46' title="bbox 1835 1797 3391 1866">
     <span class='ocr_line' id='line_1_46' title="bbox 1835 1797 3391 1866; baseline -0.002 -15"><span class='ocrx_word' id='word_1_315' title='bbox 1835 1797 2082 1866; x_wconf 82' lang='lat' dir='ltr'><strong>cognatis</strong></span> <span class='ocrx_word' id='word_1_316' title='bbox 2145 1798 2349 1850; x_wconf 91' lang='lat' dir='ltr'><strong>mundo</strong></span> <span class='ocrx_word' id='word_1_317' title='bbox 2401 1797 2712 1850; x_wconf 87' lang='lat' dir='ltr'><strong>renuntiare</strong></span> <span class='ocrx_word' id='word_1_318' title='bbox 2759 1797 3003 1865; x_wconf 86' lang='lat' dir='ltr'><strong>cupiant,</strong></span> <span class='ocrx_word' id='word_1_319' title='bbox 3041 1797 3141 1848; x_wconf 75' lang='lat' dir='ltr'><strong>viri</strong></span> <span class='ocrx_word' id='word_1_320' title='bbox 3173 1799 3391 1864; x_wconf 73' lang='lat' dir='ltr'><strong>quidem</strong></span> 
     </span>
    </p>
   </div>
   <div class='ocr_carea' id='block_1_47' title="bbox 1763 1867 3398 1952">
    <p class='ocr_par' dir='ltr' id='par_1_47' title="bbox 1763 1867 3398 1952">
     <span class='ocr_line' id='line_1_47' title="bbox 1763 1867 3398 1952; baseline -0.001 -9"><span class='ocrx_word' id='word_1_321' title='bbox 1763 1867 1900 1943; x_wconf 76' lang='lat' dir='ltr'><strong>Bad</strong></span> <span class='ocrx_word' id='word_1_322' title='bbox 1933 1893 2195 1952; x_wconf 88' lang='lat' dir='ltr'><strong>virorum,</strong></span> <span class='ocrx_word' id='word_1_323' title='bbox 2231 1890 2491 1944; x_wconf 84' lang='lat' dir='ltr'><strong>mulieres</strong></span> <span class='ocrx_word' id='word_1_324' title='bbox 2545 1900 2723 1942; x_wconf 88' lang='lat' dir='ltr'><strong>autem</strong></span> <span class='ocrx_word' id='word_1_325' title='bbox 2795 1891 2859 1942; x_wconf 87' lang='lat' dir='ltr'><strong>ad</strong></span> <span class='ocrx_word' id='word_1_326' title='bbox 2910 1889 3231 1943; x_wconf 85' lang='lat' dir='ltr'><strong>feminarum</strong></span> <span class='ocrx_word' id='word_1_327' title='bbox 3282 1907 3398 1942; x_wconf 66' lang='lat' dir='ltr'><strong>mr-</strong></span> 
     </span>
    </p>
   </div>
   <div class='ocr_carea' id='block_1_48' title="bbox 1837 1980 3393 2052">
    <p class='ocr_par' dir='ltr' id='par_1_48' title="bbox 1837 1980 3393 2052">
     <span class='ocr_line' id='line_1_48' title="bbox 1837 1980 3393 2052; baseline -0.001 -16"><span class='ocrx_word' id='word_1_328' title='bbox 1837 1983 2075 2036; x_wconf 84' lang='lat' dir='ltr'><strong>nasteria</strong></span> <span class='ocrx_word' id='word_1_329' title='bbox 2105 1998 2160 2036; x_wconf 90' lang='lat' dir='ltr'><strong>se</strong></span> <span class='ocrx_word' id='word_1_330' title='bbox 2182 1982 2486 2036; x_wconf 74' lang='lat' dir='ltr'><strong>conferant.</strong></span> <span class='ocrx_word' id='word_1_331' title='bbox 2512 1980 2600 2035; x_wconf 88' lang='lat' dir='ltr'><strong>Sic</strong></span> <span class='ocrx_word' id='word_1_332' title='bbox 2624 1983 2767 2035; x_wconf 91' lang='lat' dir='ltr'><strong>enim</strong></span> <span class='ocrx_word' id='word_1_333' title='bbox 2797 1981 2908 2034; x_wconf 89' lang='lat' dir='ltr'><strong>Deo</strong></span> <span class='ocrx_word' id='word_1_334' title='bbox 2933 1993 3211 2051; x_wconf 86' lang='lat' dir='ltr'><strong>acceptum</strong></span> <span class='ocrx_word' id='word_1_335' title='bbox 3234 1984 3393 2052; x_wconf 71' lang='lat'><strong>327</strong></span> 
     </span>
    </p>
   </div>
   <div class='ocr_carea' id='block_1_49' title="bbox 1835 2074 3390 2142">
    <p class='ocr_par' dir='ltr' id='par_1_49' title="bbox 1835 2074 3390 2142">
     <span class='ocr_line' id='line_1_49' title="bbox 1835 2074 3390 2142; baseline -0.003 -12"><span class='ocrx_word' id='word_1_336' title='bbox 1835 2085 1939 2137; x_wconf 89' lang='lat' dir='ltr'><strong>est,</strong></span> <span class='ocrx_word' id='word_1_337' title='bbox 1975 2074 2082 2128; x_wconf 87' lang='lat' dir='ltr'><strong>Deo</strong></span> <span class='ocrx_word' id='word_1_338' title='bbox 2108 2075 2190 2128; x_wconf 89' lang='lat' dir='ltr'><strong>sic</strong></span> <span class='ocrx_word' id='word_1_339' title='bbox 2227 2074 2434 2142; x_wconf 85' lang='lat' dir='ltr'><strong>accepti</strong></span> <span class='ocrx_word' id='word_1_340' title='bbox 2469 2074 2730 2138; x_wconf 80' lang='lat' dir='ltr'><strong>servient,</strong></span> <span class='ocrx_word' id='word_1_341' title='bbox 2763 2075 2808 2128; x_wconf 91' lang='lat' dir='ltr'><strong>si</strong></span> <span class='ocrx_word' id='word_1_342' title='bbox 2868 2076 3098 2142; x_wconf 83' lang='lat' dir='ltr'><strong>sejuncli</strong></span> <span class='ocrx_word' id='word_1_343' title='bbox 3162 2076 3390 2128; x_wconf 73' lang='lat' dir='ltr'><strong>invicem</strong></span> 
     </span>
    </p>
   </div>
   <div class='ocr_carea' id='block_1_50' title="bbox 1840 2167 3395 2236">
    <p class='ocr_par' dir='ltr' id='par_1_50' title="bbox 1840 2167 3395 2236">
     <span class='ocr_line' id='line_1_50' title="bbox 1840 2167 3395 2236; baseline 0 -16"><span class='ocrx_word' id='word_1_344' title='bbox 1840 2183 1902 2221; x_wconf 90' lang='lat' dir='ltr'><strong>ac</strong></span> <span class='ocrx_word' id='word_1_345' title='bbox 1935 2167 2094 2221; x_wconf 83' lang='lat' dir='ltr'><strong>divisi</strong></span> <span class='ocrx_word' id='word_1_346' title='bbox 2125 2168 2290 2220; x_wconf 88' lang='lat' dir='ltr'><strong>vitam</strong></span> <span class='ocrx_word' id='word_1_347' title='bbox 2323 2175 2508 2236; x_wconf 90' lang='lat' dir='ltr'><strong>agant,</strong></span> <span class='ocrx_word' id='word_1_348' title='bbox 2528 2182 2626 2219; x_wconf 91' lang='lat' dir='ltr'><strong>nec</strong></span> <span class='ocrx_word' id='word_1_349' title='bbox 2657 2167 2792 2219; x_wconf 88' lang='lat' dir='ltr'><strong>alter</strong></span> <span class='ocrx_word' id='word_1_350' title='bbox 2814 2168 2965 2222; x_wconf 88' lang='lat' dir='ltr'><strong>alteri</strong></span> <span class='ocrx_word' id='word_1_351' title='bbox 2993 2169 3395 2222; x_wconf 86' lang='lat' dir='ltr'><strong>incitamentum</strong></span> 
     </span>
    </p>
   </div>
   <div class='ocr_carea' id='block_1_51' title="bbox 1841 2259 3398 2329">
    <p class='ocr_par' dir='ltr' id='par_1_51' title="bbox 1841 2259 3398 2329">
     <span class='ocr_line' id='line_1_51' title="bbox 1841 2259 3398 2329; baseline 0 -17"><span class='ocrx_word' id='word_1_352' title='bbox 1841 2262 1908 2312; x_wconf 87' lang='lat' dir='ltr'><strong>ad</strong></span> <span class='ocrx_word' id='word_1_353' title='bbox 1960 2260 2268 2324; x_wconf 81' lang='lat' dir='ltr'><strong>libidinem,</strong></span> <span class='ocrx_word' id='word_1_354' title='bbox 2333 2274 2509 2326; x_wconf 90' lang='lat' dir='ltr'><strong>neque</strong></span> <span class='ocrx_word' id='word_1_355' title='bbox 2555 2259 2678 2312; x_wconf 91' lang='lat' dir='ltr'><strong>aliis</strong></span> <span class='ocrx_word' id='word_1_356' title='bbox 2723 2259 3080 2314; x_wconf 77' lang='lat' dir='ltr'><strong>offensionem</strong></span> <span class='ocrx_word' id='word_1_357' title='bbox 3142 2262 3398 2329; x_wconf 74' lang='lat' dir='ltr'><strong>praebeat.</strong></span> 
     </span>
    </p>
   </div>
   <div class='ocr_carea' id='block_1_52' title="bbox 1841 2350 3398 2418">
    <p class='ocr_par' dir='ltr' id='par_1_52' title="bbox 1841 2350 3398 2418">
     <span class='ocr_line' id='line_1_52' title="bbox 1841 2350 3398 2418; baseline 0.002 -13"><span class='ocrx_word' id='word_1_358' title='bbox 1841 2351 1972 2417; x_wconf 67' lang='lat' dir='ltr'><strong>Quae</strong></span> <span class='ocrx_word' id='word_1_359' title='bbox 2000 2360 2178 2404; x_wconf 88' lang='lat' dir='ltr'><strong>autem</strong></span> <span class='ocrx_word' id='word_1_360' title='bbox 2212 2350 2449 2418; x_wconf 89' lang='lat' dir='ltr'><strong>duplicia</strong></span> <span class='ocrx_word' id='word_1_361' title='bbox 2468 2352 2802 2403; x_wconf 82' lang='lat' dir='ltr'><strong>monasteria</strong></span> <span class='ocrx_word' id='word_1_362' title='bbox 2825 2350 2935 2416; x_wconf 79' lang='lat' dir='ltr'><strong>jam</strong></span> <span class='ocrx_word' id='word_1_363' title='bbox 2967 2353 3216 2406; x_wconf 83' lang='lat' dir='ltr'><strong>instituta</strong></span> <span class='ocrx_word' id='word_1_364' title='bbox 3250 2365 3398 2408; x_wconf 75' lang='lat' dir='ltr'><strong>sunt.</strong></span> 
     </span>
    </p>
   </div>
   <div class='ocr_carea' id='block_1_53' title="bbox 1841 2441 3404 2510">
    <p class='ocr_par' dir='ltr' id='par_1_53' title="bbox 1841 2441 3404 2510">
     <span class='ocr_line' id='line_1_53' title="bbox 1841 2441 3404 2510; baseline -0.001 -15"><span class='ocrx_word' id='word_1_365' title='bbox 1841 2451 2120 2506; x_wconf 88' lang='lat' dir='ltr'><strong>maneant,</strong></span> <span class='ocrx_word' id='word_1_366' title='bbox 2153 2442 2350 2510; x_wconf 90' lang='lat' dir='ltr'><strong>inquit,</strong></span> <span class='ocrx_word' id='word_1_367' title='bbox 2384 2456 2447 2494; x_wconf 85' lang='lat' dir='ltr'><strong>ac</strong></span> <span class='ocrx_word' id='word_1_368' title='bbox 2472 2441 2625 2510; x_wconf 77' lang='lat' dir='ltr'><strong>juxta</strong></span> <span class='ocrx_word' id='word_1_369' title='bbox 2655 2443 2834 2510; x_wconf 82' lang='lat' dir='ltr'><strong>magni</strong></span> <span class='ocrx_word' id='word_1_370' title='bbox 2907 2441 3090 2494; x_wconf 83' lang='lat' dir='ltr'><strong>Basilii</strong></span> <span class='ocrx_word' id='word_1_371' title='bbox 3139 2445 3404 2496; x_wconf 85' lang='lat' dir='ltr'><strong>constitu-</strong></span> 
     </span>
    </p>
   </div>
   <div class='ocr_carea' id='block_1_54' title="bbox 1840 2532 3405 2601">
    <p class='ocr_par' dir='ltr' id='par_1_54' title="bbox 1840 2532 3405 2601">
     <span class='ocr_line' id='line_1_54' title="bbox 1840 2532 3405 2601; baseline -0.002 -13"><span class='ocrx_word' id='word_1_372' title='bbox 1840 2535 2050 2589; x_wconf 87' lang='lat' dir='ltr'><strong>tionem</strong></span> <span class='ocrx_word' id='word_1_373' title='bbox 2085 2547 2447 2600; x_wconf 87' lang='lat' dir='ltr'><strong>normamque</strong></span> <span class='ocrx_word' id='word_1_374' title='bbox 2477 2532 2960 2586; x_wconf 87' lang='lat' dir='ltr'><strong>administrentur:</strong></span> <span class='ocrx_word' id='word_1_375' title='bbox 2999 2549 3174 2601; x_wconf 89' lang='lat' dir='ltr'><strong>neque</strong></span> <span class='ocrx_word' id='word_1_376' title='bbox 3202 2535 3256 2587; x_wconf 92' lang='lat' dir='ltr'><strong>in</strong></span> <span class='ocrx_word' id='word_1_377' title='bbox 3296 2551 3405 2586; x_wconf 85' lang='lat' dir='ltr'><strong>uno</strong></span> 
     </span>
    </p>
   </div>
   <div class='ocr_carea' id='block_1_55' title="bbox 1841 2624 3406 2694">
    <p class='ocr_par' dir='ltr' id='par_1_55' title="bbox 1841 2624 3406 2694">
     <span class='ocr_line' id='line_1_55' title="bbox 1841 2624 3406 2694; baseline -0.001 -14"><span class='ocrx_word' id='word_1_378' title='bbox 1841 2625 2176 2680; x_wconf 90' lang='lat' dir='ltr'><strong>monasterio</strong></span> <span class='ocrx_word' id='word_1_379' title='bbox 2234 2625 2487 2677; x_wconf 87' lang='lat' dir='ltr'><strong>monachi</strong></span> <span class='ocrx_word' id='word_1_380' title='bbox 2542 2624 2705 2678; x_wconf 89' lang='lat' dir='ltr'><strong>simul</strong></span> <span class='ocrx_word' id='word_1_381' title='bbox 2763 2634 2817 2678; x_wconf 84' lang='lat' dir='ltr'><strong>et</strong></span> <span class='ocrx_word' id='word_1_382' title='bbox 2873 2626 3149 2680; x_wconf 66' lang='lat' dir='ltr'><strong>monachae</strong></span> <span class='ocrx_word' id='word_1_383' title='bbox 3190 2626 3406 2694; x_wconf 84' lang='lat' dir='ltr'><strong>degan&#39;.</strong></span> 
     </span>
    </p>
   </div>
   <div class='ocr_carea' id='block_1_56' title="bbox 1841 2716 3406 2787">
    <p class='ocr_par' dir='ltr' id='par_1_56' title="bbox 1841 2716 3406 2787">
     <span class='ocr_line' id='line_1_56' title="bbox 1841 2716 3406 2787; baseline 0 -17"><span class='ocrx_word' id='word_1_384' title='bbox 1841 2718 2033 2771; x_wconf 78' lang='grc' dir='ltr'>Δίαιτα</span> <span class='ocrx_word' id='word_1_385' title='bbox 2081 2730 2316 2787; x_wconf 87' lang='lat' dir='ltr'><strong>namque</strong></span> <span class='ocrx_word' id='word_1_386' title='bbox 2369 2716 2474 2770; x_wconf 91' lang='lat' dir='ltr'><strong>hoc</strong></span> <span class='ocrx_word' id='word_1_387' title='bbox 2526 2716 2670 2782; x_wconf 88' lang='lat' dir='ltr'><strong>loco,</strong></span> <span class='ocrx_word' id='word_1_388' title='bbox 2740 2732 2847 2771; x_wconf 91' lang='lat' dir='ltr'><strong>non</strong></span> <span class='ocrx_word' id='word_1_389' title='bbox 2900 2717 3147 2786; x_wconf 84' lang='lat' dir='ltr'><strong>ejusdem</strong></span> <span class='ocrx_word' id='word_1_390' title='bbox 3208 2735 3406 2771; x_wconf 71' lang='lat' dir='ltr'><strong>mensa:</strong></span> 
     </span>
    </p>
   </div>
   <div class='ocr_carea' id='block_1_57' title="bbox 1847 2808 3403 2867">
    <p class='ocr_par' dir='ltr' id='par_1_57' title="bbox 1847 2808 3403 2867">
     <span class='ocr_line' id='line_1_57' title="bbox 1847 2808 3403 2867; baseline 0.001 -5"><span class='ocrx_word' id='word_1_391' title='bbox 1847 2809 2316 2867; x_wconf 88' lang='lat' dir='ltr'><strong>communionem.</strong></span> <span class='ocrx_word' id='word_1_392' title='bbox 2352 2808 2447 2862; x_wconf 91' lang='lat' dir='ltr'><strong>sed</strong></span> <span class='ocrx_word' id='word_1_393' title='bbox 2496 2811 2619 2860; x_wconf 74' lang='lat' dir='ltr'><strong>vita:</strong></span> <span class='ocrx_word' id='word_1_394' title='bbox 2665 2817 2909 2862; x_wconf 89' lang='lat' dir='ltr'><strong>mutuam</strong></span> <span class='ocrx_word' id='word_1_395' title='bbox 2954 2810 3403 2865; x_wconf 88' lang='lat' dir='ltr'><strong>consuetudinem</strong></span> 
     </span>
    </p>
   </div>
   <div class='ocr_carea' id='block_1_58' title="bbox 1845 2898 3403 2970">
    <p class='ocr_par' dir='ltr' id='par_1_58' title="bbox 1845 2898 3403 2970">
     <span class='ocr_line' id='line_1_58' title="bbox 1845 2898 3403 2970; baseline 0.001 -16"><span class='ocrx_word' id='word_1_396' title='bbox 1845 2900 2378 2968; x_wconf 83' lang='lat' dir='ltr'><strong>familiaritatemque</strong></span> <span class='ocrx_word' id='word_1_397' title='bbox 2407 2900 2702 2969; x_wconf 82' lang='lat' dir='ltr'><strong>signiﬁcat.</strong></span> <span class='ocrx_word' id='word_1_398' title='bbox 2739 2898 2924 2970; x_wconf 83' lang='lat' dir='ltr'><strong>Neque</strong></span> <span class='ocrx_word' id='word_1_399' title='bbox 2954 2916 3082 2954; x_wconf 88' lang='lat' dir='ltr'><strong>vero</strong></span> <span class='ocrx_word' id='word_1_400' title='bbox 3111 2916 3174 2954; x_wconf 92' lang='lat' dir='ltr'><strong>ea</strong></span> <span class='ocrx_word' id='word_1_401' title='bbox 3206 2917 3403 2956; x_wconf 89' lang='lat' dir='ltr'><strong>conce-</strong></span> 
     </span>
    </p>
   </div>
   <div class='ocr_carea' id='block_1_59' title="bbox 1848 2990 3409 3057">
    <p class='ocr_par' dir='ltr' id='par_1_59' title="bbox 1848 2990 3409 3057">
     <span class='ocr_line' id='line_1_59' title="bbox 1848 2990 3409 3057; baseline 0 -11"><span class='ocrx_word' id='word_1_402' title='bbox 1848 2993 2008 3046; x_wconf 86' lang='lat' dir='ltr'><strong>datur</strong></span> <span class='ocrx_word' id='word_1_403' title='bbox 2037 2991 2130 3045; x_wconf 91' lang='lat' dir='ltr'><strong>ulli</strong></span> <span class='ocrx_word' id='word_1_404' title='bbox 2160 2990 2428 3045; x_wconf 81' lang='lat' dir='ltr'><strong>monacho</strong></span> <span class='ocrx_word' id='word_1_405' title='bbox 2459 2991 2542 3044; x_wconf 85' lang='lat' dir='ltr'><strong>vel</strong></span> <span class='ocrx_word' id='word_1_406' title='bbox 2575 2992 2854 3044; x_wconf 74' lang='lat' dir='ltr'><strong>monacha:</strong></span> <span class='ocrx_word' id='word_1_407' title='bbox 2894 2992 3135 3057; x_wconf 91' lang='lat' dir='ltr'><strong>licentia,</strong></span> <span class='ocrx_word' id='word_1_408' title='bbox 3162 3001 3218 3046; x_wconf 92' lang='lat' dir='ltr'><strong>ut</strong></span> <span class='ocrx_word' id='word_1_409' title='bbox 3247 2993 3409 3047; x_wconf 90' lang='lat' dir='ltr'><strong>simul</strong></span> 
     </span>
    </p>
   </div>
   <div class='ocr_carea' id='block_1_60' title="bbox 1848 3081 3413 3152">
    <p class='ocr_par' dir='ltr' id='par_1_60' title="bbox 1848 3081 3413 3152">
     <span class='ocr_line' id='line_1_60' title="bbox 1848 3081 3413 3152; baseline -0.003 -13"><span class='ocrx_word' id='word_1_410' title='bbox 1848 3084 2086 3152; x_wconf 89' lang='lat' dir='ltr'><strong>colloqui</strong></span> <span class='ocrx_word' id='word_1_411' title='bbox 2120 3092 2350 3151; x_wconf 80' lang='lat' dir='ltr'><strong>uterque</strong></span> <span class='ocrx_word' id='word_1_412' title='bbox 2376 3081 2746 3151; x_wconf 77' lang='lat' dir='ltr'><strong>congredique</strong></span> <span class='ocrx_word' id='word_1_413' title='bbox 2792 3096 2890 3151; x_wconf 88' lang='lat' dir='ltr'><strong>pro</strong></span> <span class='ocrx_word' id='word_1_414' title='bbox 2922 3082 3151 3136; x_wconf 87' lang='lat' dir='ltr'><strong>arbitrio</strong></span> <span class='ocrx_word' id='word_1_415' title='bbox 3185 3095 3413 3152; x_wconf 82' lang='lat' dir='ltr'><strong>queam,</strong></span> 
     </span>
    </p>
   </div>
   <div class='ocr_carea' id='block_1_61' title="bbox 169 3173 1739 3271">
    <p class='ocr_par' dir='ltr' id='par_1_61' title="bbox 169 3173 1739 3271">
     <span class='ocr_line' id='line_1_61' title="bbox 169 3173 1739 3271; baseline -0.006 -15"><span class='ocrx_word' id='word_1_416' title='bbox 169 3173 489 3271; x_wconf 53' lang='grc' dir='ltr'>καταμόνας</span> <span class='ocrx_word' id='word_1_417' title='bbox 515 3173 1009 3271; x_wconf 45' lang='grc' dir='ltr'>μοναζούσῃοζΔλλὰ</span> <span class='ocrx_word' id='word_1_418' title='bbox 1032 3173 1135 3252; x_wconf 47' lang='lat' dir='ltr'><strong>xiv</strong></span> <span class='ocrx_word' id='word_1_419' title='bbox 1167 3173 1423 3269; x_wconf 51' lang='grc' dir='ltr'>γορηγεῖν</span> <span class='ocrx_word' id='word_1_420' title='bbox 1464 3195 1655 3257; x_wconf 78' lang='grc' dir='ltr'>αὐταῖς</span> <span class='ocrx_word' id='word_1_421' title='bbox 1678 3193 1739 3246; x_wconf 73' lang='grc' dir='ltr'>τὰ</span> 
     </span>
    </p>
   </div>
   <div class='ocr_carea' id='block_1_62' title="bbox 1847 3173 3413 3271">
    <p class='ocr_par' dir='ltr' id='par_1_62' title="bbox 1853 3173 3413 3244">
     <span class='ocr_line' id='line_1_62' title="bbox 1853 3173 3413 3244; baseline -0.001 -16"><span class='ocrx_word' id='word_1_422' title='bbox 1853 3191 2028 3244; x_wconf 90' lang='lat' dir='ltr'><strong>neque</strong></span> <span class='ocrx_word' id='word_1_423' title='bbox 2061 3175 2114 3228; x_wconf 93' lang='lat' dir='ltr'><strong>in</strong></span> <span class='ocrx_word' id='word_1_424' title='bbox 2144 3173 2395 3228; x_wconf 87' lang='lat' dir='ltr'><strong>muliebri</strong></span> <span class='ocrx_word' id='word_1_425' title='bbox 2423 3175 2756 3228; x_wconf 91' lang='lat' dir='ltr'><strong>monasterio</strong></span> <span class='ocrx_word' id='word_1_426' title='bbox 2778 3175 3081 3229; x_wconf 88' lang='lat' dir='ltr'><strong>monachus</strong></span> <span class='ocrx_word' id='word_1_427' title='bbox 3111 3185 3413 3244; x_wconf 89' lang='lat' dir='ltr'><strong>pernoctet,</strong></span> 
     </span>
    </p>
   </div>
   <div class='ocr_carea' id='block_1_63' title="bbox 169 3285 1749 3361">
    <p class='ocr_par' dir='ltr' id='par_1_63' title="bbox 169 3285 1749 3361">
     <span class='ocr_line' id='line_1_63' title="bbox 169 3285 1749 3361; baseline -0.006 -14"><span class='ocrx_word' id='word_1_428' title='bbox 169 3293 451 3359; x_wconf 73' lang='grc' dir='ltr'>ἁναγκαῐα</span> <span class='ocrx_word' id='word_1_429' title='bbox 480 3292 725 3361; x_wconf 68' lang='grc' dir='ltr'>μέλλοιεν</span> <span class='ocrx_word' id='word_1_430' title='bbox 747 3294 808 3345; x_wconf 81' lang='grc' dir='ltr'><strong>ἐκ</strong></span> <span class='ocrx_word' id='word_1_431' title='bbox 832 3294 929 3360; x_wconf 83' lang='grc' dir='ltr'>τῆς</span> <span class='ocrx_word' id='word_1_432' title='bbox 953 3289 1194 3360; x_wconf 74' lang='grc' dir='ltr'>ἀνδρῲας</span> <span class='ocrx_word' id='word_1_433' title='bbox 1230 3288 1420 3358; x_wconf 81' lang='grc' dir='ltr'>μονῆς,</span> <span class='ocrx_word' id='word_1_434' title='bbox 1443 3289 1515 3357; x_wconf 84' lang='grc' dir='ltr'>μὴ</span> <span class='ocrx_word' id='word_1_435' title='bbox 1542 3285 1749 3339; x_wconf 79' lang='grc' dir='ltr'>είσίτω·</span> 
     </span>
    </p>
   </div>
   <div class='ocr_carea' id='block_1_64' title="bbox 173 3377 1747 3454">
    <p class='ocr_par' dir='ltr' id='par_1_64' title="bbox 173 3377 1747 3454">
     <span class='ocr_line' id='line_1_64' title="bbox 173 3377 1747 3454; baseline -0.003 -18"><span class='ocrx_word' id='word_1_436' title='bbox 173 3400 283 3438; x_wconf 73' lang='grc' dir='ltr'><strong>σαν</strong></span> <span class='ocrx_word' id='word_1_437' title='bbox 307 3386 528 3454; x_wconf 75' lang='grc' dir='ltr'>μθναχοὶ</span> <span class='ocrx_word' id='word_1_438' title='bbox 551 3385 701 3449; x_wconf 79' lang='grc' dir='ltr'>ἐντὸς</span> <span class='ocrx_word' id='word_1_439' title='bbox 730 3384 824 3438; x_wconf 79' lang='grc' dir='ltr'>τοῦ</span> <span class='ocrx_word' id='word_1_440' title='bbox 849 3385 1156 3451; x_wconf 84' lang='grc' dir='ltr'>γυναικείου</span> <span class='ocrx_word' id='word_1_441' title='bbox 1191 3398 1427 3451; x_wconf 79' lang='grc' dir='ltr'>μοναστη</span> <span class='ocrx_word' id='word_1_442' title='bbox 1438 3381 1553 3450; x_wconf 89' lang='grc' dir='ltr'>ρίου</span> <span class='ocrx_word' id='word_1_443' title='bbox 1569 3395 1586 3409; x_wconf 89' lang='grc'><strong>·</strong></span> <span class='ocrx_word' id='word_1_444' title='bbox 1611 3377 1747 3431; x_wconf 79' lang='grc' dir='ltr'>ἀλλὰ</span> 
     </span>
    </p>
   </div>
   <div class='ocr_carea' id='block_1_65' title="bbox 178 3469 1743 3546">
    <p class='ocr_par' dir='ltr' id='par_1_65' title="bbox 178 3469 1743 3546">
     <span class='ocr_line' id='line_1_65' title="bbox 178 3469 1743 3546; baseline -0.004 -19"><span class='ocrx_word' id='word_1_445' title='bbox 178 3477 352 3546; x_wconf 81' lang='grc' dir='ltr'>μέχρι</span> <span class='ocrx_word' id='word_1_446' title='bbox 388 3477 486 3545; x_wconf 80' lang='grc' dir='ltr'>τῆς</span> <span class='ocrx_word' id='word_1_447' title='bbox 542 3476 716 3546; x_wconf 84' lang='grc' dir='ltr'>πύλης</span> <span class='ocrx_word' id='word_1_448' title='bbox 753 3476 998 3537; x_wconf 75' lang='grc' dir='ltr'>ἐλθόντες</span> <span class='ocrx_word' id='word_1_449' title='bbox 1046 3473 1503 3545; x_wconf 81' lang='grc' dir='ltr'>προσμενέτωσαν</span> <span class='ocrx_word' id='word_1_450' title='bbox 1547 3470 1673 3535; x_wconf 78' lang='grc' dir='ltr'>ἐξω,</span> <span class='ocrx_word' id='word_1_451' title='bbox 1708 3469 1743 3538; x_wconf 84' lang='grc' dir='ltr'>ὴ</span> 
     </span>
    </p>
   </div>
   <div class='ocr_carea' id='block_1_66' title="bbox 171 3560 1744 3639">
    <p class='ocr_par' dir='ltr' id='par_1_66' title="bbox 171 3560 1744 3639">
     <span class='ocr_line' id='line_1_66' title="bbox 171 3560 1744 3639; baseline -0.006 -19"><span class='ocrx_word' id='word_1_452' title='bbox 171 3564 232 3620; x_wconf 82' lang='grc' dir='ltr'>δὲ</span> <span class='ocrx_word' id='word_1_453' title='bbox 259 3568 580 3636; x_wconf 79' lang='grc' dir='ltr'>προιστῶσα</span> <span class='ocrx_word' id='word_1_454' title='bbox 643 3569 781 3639; x_wconf 80' lang='grc' dir='ltr'>μετὰ</span> <span class='ocrx_word' id='word_1_455' title='bbox 806 3567 1054 3638; x_wconf 81' lang='grc' dir='ltr'>γηραιῶν</span> <span class='ocrx_word' id='word_1_456' title='bbox 1110 3565 1454 3636; x_wconf 75' lang='grc' dir='ltr'>μοναζουσῶν</span> <span class='ocrx_word' id='word_1_457' title='bbox 1516 3560 1744 3614; x_wconf 77' lang='grc' dir='ltr'>ἐλθοῦσα</span> 
     </span>
    </p>
   </div>
   <div class='ocr_carea' id='block_1_67' title="bbox 175 3651 1744 3729">
    <p class='ocr_par' dir='ltr' id='par_1_67' title="bbox 175 3651 1744 3729">
     <span class='ocr_line' id='line_1_67' title="bbox 175 3651 1744 3729; baseline -0.013 -7"><span class='ocrx_word' id='word_1_458' title='bbox 175 3659 323 3728; x_wconf 81' lang='grc' dir='ltr'>πρὸς</span> <span class='ocrx_word' id='word_1_459' title='bbox 346 3658 447 3728; x_wconf 78' lang='grc' dir='ltr'><strong>τὴν</strong></span> <span class='ocrx_word' id='word_1_460' title='bbox 478 3659 651 3728; x_wconf 68' lang='grc' dir='ltr'><strong>⁴ιτιῖολην</strong></span> <span class='ocrx_word' id='word_1_461' title='bbox 691 3660 1020 3729; x_wconf 65' lang='grc' dir='ltr'>Μμὸανέτω</span> <span class='ocrx_word' id='word_1_462' title='bbox 1073 3659 1144 3712; x_wconf 81' lang='grc' dir='ltr'>τὰ</span> <span class='ocrx_word' id='word_1_463' title='bbox 1201 3656 1552 3727; x_wconf 78' lang='grc' dir='ltr'>κομισθέντα.</span> <span class='ocrx_word' id='word_1_464' title='bbox 1576 3654 1638 3706; x_wconf 82' lang='grc' dir='ltr'><strong>Εἰ</strong></span> <span class='ocrx_word' id='word_1_465' title='bbox 1687 3651 1744 3703; x_wconf 84' lang='grc' dir='ltr'>δὲ</span> 
     </span>
    </p>
   </div>
   <div class='ocr_carea' id='block_1_68' title="bbox 175 3744 1748 3821">
    <p class='ocr_par' dir='ltr' id='par_1_68' title="bbox 175 3744 1748 3821">
     <span class='ocr_line' id='line_1_68' title="bbox 175 3744 1748 3821; baseline -0.006 -18"><span class='ocrx_word' id='word_1_466' title='bbox 175 3749 282 3803; x_wconf 79' lang='grc' dir='ltr'>καὶ</span> <span class='ocrx_word' id='word_1_467' title='bbox 313 3751 553 3820; x_wconf 86' lang='grc' dir='ltr'>συγγενῆ</span> <span class='ocrx_word' id='word_1_468' title='bbox 594 3753 806 3806; x_wconf 75' lang='grc' dir='ltr'>οἰκείαν</span> <span class='ocrx_word' id='word_1_469' title='bbox 860 3753 988 3805; x_wconf 79' lang='grc' dir='ltr'>ἰδεῖν</span> <span class='ocrx_word' id='word_1_470' title='bbox 1028 3752 1182 3821; x_wconf 83' lang='grc' dir='ltr'><strong>ζητεῖ</strong></span> <span class='ocrx_word' id='word_1_471' title='bbox 1231 3750 1483 3819; x_wconf 85' lang='grc' dir='ltr'>μοναχδς,</span> <span class='ocrx_word' id='word_1_472' title='bbox 1537 3744 1748 3814; x_wconf 83' lang='grc' dir='ltr'>παρού-</span> 
     </span>
    </p>
   </div>
   <div class='ocr_carea' id='block_1_69' title="bbox 177 3837 1753 3911">
    <p class='ocr_par' dir='ltr' id='par_1_69' title="bbox 177 3837 1753 3911">
     <span class='ocr_line' id='line_1_69' title="bbox 177 3837 1753 3911; baseline -0.015 -7"><span class='ocrx_word' id='word_1_473' title='bbox 177 3857 286 3909; x_wconf 83' lang='grc' dir='ltr'><strong>σης</strong></span> <span class='ocrx_word' id='word_1_474' title='bbox 317 3839 416 3908; x_wconf 73' lang='grc' dir='ltr'><strong>τῆς</strong></span> <span class='ocrx_word' id='word_1_475' title='bbox 448 3842 756 3911; x_wconf 80' lang='grc' dir='ltr'>ἡγουμένης</span> <span class='ocrx_word' id='word_1_476' title='bbox 779 3839 1066 3894; x_wconf 81' lang='grc' dir='ltr'>θεασάσθω</span> <span class='ocrx_word' id='word_1_477' title='bbox 1114 3837 1306 3906; x_wconf 78' lang='grc' dir='ltr'>αὐτὴν,</span> <span class='ocrx_word' id='word_1_478' title='bbox 1332 3837 1427 3888; x_wconf 76' lang='grc' dir='ltr'><strong>καὶ</strong></span> <span class='ocrx_word' id='word_1_479' title='bbox 1487 3847 1753 3902; x_wconf 80' lang='grc' dir='ltr'>προσομι-</span> 
     </span>
    </p>
   </div>
   <div class='ocr_carea' id='block_1_70' title="bbox 177 3925 1656 4001">
    <p class='ocr_par' dir='ltr' id='par_1_70' title="bbox 177 3925 1656 4001">
     <span class='ocr_line' id='line_1_70' title="bbox 177 3925 1656 4001; baseline -0.005 -17"><span class='ocrx_word' id='word_1_480' title='bbox 177 3931 343 3985; x_wconf 75' lang='grc' dir='ltr'>Δείτω</span> <span class='ocrx_word' id='word_1_481' title='bbox 369 3932 437 3985; x_wconf 87' lang='grc' dir='ltr'>δι’</span> <span class='ocrx_word' id='word_1_482' title='bbox 458 3932 650 4001; x_wconf 84' lang='grc' dir='ltr'>ὀλίγων</span> <span class='ocrx_word' id='word_1_483' title='bbox 684 3932 877 4000; x_wconf 86' lang='grc' dir='ltr'>λόγων,</span> <span class='ocrx_word' id='word_1_484' title='bbox 908 3931 1053 3984; x_wconf 81' lang='grc' dir='ltr'>ὥστε</span> <span class='ocrx_word' id='word_1_485' title='bbox 1091 3928 1298 3998; x_wconf 80' lang='grc' dir='ltr'>ταχέως</span> <span class='ocrx_word' id='word_1_486' title='bbox 1334 3925 1656 3995; x_wconf 70' lang='grc' dir='ltr'>ὑποχωρεῖν.</span> 
     </span>
    </p>
   </div>
   <div class='ocr_carea' id='block_1_71' title="bbox 1855 3266 3412 3336">
    <p class='ocr_par' dir='ltr' id='par_1_71' title="bbox 1855 3266 3412 3336">
     <span class='ocr_line' id='line_1_71' title="bbox 1855 3266 3412 3336; baseline -0.001 -15"><span class='ocrx_word' id='word_1_487' title='bbox 1855 3282 2029 3333; x_wconf 90' lang='lat' dir='ltr'><strong>neque</strong></span> <span class='ocrx_word' id='word_1_488' title='bbox 2058 3280 2305 3320; x_wconf 85' lang='lat' dir='ltr'><strong>seorsum</strong></span> <span class='ocrx_word' id='word_1_489' title='bbox 2336 3277 2460 3318; x_wconf 93' lang='lat' dir='ltr'><strong>cum</strong></span> <span class='ocrx_word' id='word_1_490' title='bbox 2497 3266 2718 3318; x_wconf 91' lang='lat' dir='ltr'><strong>moniali</strong></span> <span class='ocrx_word' id='word_1_491' title='bbox 2752 3267 2934 3334; x_wconf 90' lang='lat' dir='ltr'><strong>aliqua</strong></span> <span class='ocrx_word' id='word_1_492' title='bbox 2982 3266 3161 3320; x_wconf 90' lang='lat' dir='ltr'><strong>cibum</strong></span> <span class='ocrx_word' id='word_1_493' title='bbox 3213 3267 3412 3336; x_wconf 80' lang='lat' dir='ltr'><strong>capiat.</strong></span> 
     </span>
    </p>
   </div>
   <div class='ocr_carea' id='block_1_72' title="bbox 1852 3356 3413 3427">
    <p class='ocr_par' dir='ltr' id='par_1_72' title="bbox 1852 3356 3413 3427">
     <span class='ocr_line' id='line_1_72' title="bbox 1852 3356 3413 3427; baseline -0.001 -14"><span class='ocrx_word' id='word_1_494' title='bbox 1852 3356 2055 3413; x_wconf 76' lang='lat' dir='ltr'><strong>Verum</strong></span> <span class='ocrx_word' id='word_1_495' title='bbox 2103 3356 2318 3412; x_wconf 85' lang='lat' dir='ltr'><strong>etiamsi</strong></span> <span class='ocrx_word' id='word_1_496' title='bbox 2373 3357 2701 3427; x_wconf 87' lang='lat' dir='ltr'><strong>quandoque</strong></span> <span class='ocrx_word' id='word_1_497' title='bbox 2742 3358 2808 3410; x_wconf 90' lang='lat' dir='ltr'><strong>ad</strong></span> <span class='ocrx_word' id='word_1_498' title='bbox 2860 3359 3058 3411; x_wconf 87' lang='lat' dir='ltr'><strong>victum</strong></span> <span class='ocrx_word' id='word_1_499' title='bbox 3107 3360 3413 3411; x_wconf 87' lang='lat' dir='ltr'><strong>necessaria</strong></span> 
     </span>
    </p>
   </div>
   <div class='ocr_carea' id='block_1_73' title="bbox 1852 3429 3414 3518">
    <p class='ocr_par' dir='ltr' id='par_1_73' title="bbox 1852 3429 3414 3518">
     <span class='ocr_line' id='line_1_73' title="bbox 1852 3429 3414 3518; baseline -0.001 -14"><span class='ocrx_word' id='word_1_500' title='bbox 1852 3465 1918 3504; x_wconf 86' lang='lat' dir='ltr'><strong>ex</strong></span> <span class='ocrx_word' id='word_1_501' title='bbox 1975 3449 2217 3502; x_wconf 86' lang='lat' dir='ltr'><strong>virorum</strong></span> <span class='ocrx_word' id='word_1_502' title='bbox 2291 3449 2626 3501; x_wconf 89' lang='lat' dir='ltr'><strong>monasterio</strong></span> <span class='ocrx_word' id='word_1_503' title='bbox 2691 3448 3024 3503; x_wconf 80' lang='lat' dir='ltr'><strong>monialibus</strong></span> <span class='ocrx_word' id='word_1_504' title='bbox 3083 3429 3414 3518; x_wconf 71' lang='lat' dir='ltr'><strong>suppeditari</strong></span> 
     </span>
    </p>
   </div>
   <div class='ocr_carea' id='block_1_74' title="bbox 1864 3541 3414 3611">
    <p class='ocr_par' dir='ltr' id='par_1_74' title="bbox 1864 3541 3414 3611">
     <span class='ocr_line' id='line_1_74' title="bbox 1864 3541 3414 3611; baseline -0.003 -13"><span class='ocrx_word' id='word_1_505' title='bbox 1864 3543 2180 3611; x_wconf 80' lang='lat' dir='ltr'><strong>contingat,</strong></span> <span class='ocrx_word' id='word_1_506' title='bbox 2253 3555 2601 3609; x_wconf 87' lang='lat' dir='ltr'><strong>nequaquam</strong></span> <span class='ocrx_word' id='word_1_507' title='bbox 2683 3541 2822 3593; x_wconf 89' lang='lat' dir='ltr'><strong>intra</strong></span> <span class='ocrx_word' id='word_1_508' title='bbox 2883 3551 3032 3610; x_wconf 81' lang='lat' dir='ltr'><strong>septa</strong></span> <span class='ocrx_word' id='word_1_509' title='bbox 3102 3542 3414 3595; x_wconf 82' lang='lat' dir='ltr'><strong>monasterii</strong></span> 
     </span>
    </p>
   </div>
   <div class='ocr_carea' id='block_1_75' title="bbox 1855 3631 3418 3700">
    <p class='ocr_par' dir='ltr' id='par_1_75' title="bbox 1855 3631 3418 3700">
     <span class='ocr_line' id='line_1_75' title="bbox 1855 3631 3418 3700; baseline -0.004 -11"><span class='ocrx_word' id='word_1_510' title='bbox 1855 3633 2142 3689; x_wconf 86' lang='lat' dir='ltr'><strong>muliebris</strong></span> <span class='ocrx_word' id='word_1_511' title='bbox 2176 3632 2429 3686; x_wconf 88' lang='lat' dir='ltr'><strong>monachi</strong></span> <span class='ocrx_word' id='word_1_512' title='bbox 2466 3631 2841 3699; x_wconf 77' lang='lat' dir='ltr'><strong>ingrediantur</strong></span> <span class='ocrx_word' id='word_1_513' title='bbox 2871 3649 2885 3685; x_wconf 91' lang='lat'><strong>:</strong></span> <span class='ocrx_word' id='word_1_514' title='bbox 2934 3632 3027 3685; x_wconf 88' lang='lat' dir='ltr'><strong>sed</strong></span> <span class='ocrx_word' id='word_1_515' title='bbox 3071 3633 3157 3685; x_wconf 90' lang='lat' dir='ltr'><strong>ubi</strong></span> <span class='ocrx_word' id='word_1_516' title='bbox 3192 3635 3256 3685; x_wconf 87' lang='lat' dir='ltr'><strong>ad</strong></span> <span class='ocrx_word' id='word_1_517' title='bbox 3291 3648 3418 3700; x_wconf 82' lang='lat' dir='ltr'><strong>por-</strong></span> 
     </span>
    </p>
   </div>
   <div class='ocr_carea' id='block_1_76' title="bbox 1861 3722 3415 3794">
    <p class='ocr_par' dir='ltr' id='par_1_76' title="bbox 1861 3722 3415 3794">
     <span class='ocr_line' id='line_1_76' title="bbox 1861 3722 3415 3794; baseline -0.004 -14"><span class='ocrx_word' id='word_1_518' title='bbox 1861 3736 1971 3780; x_wconf 85' lang='lat' dir='ltr'><strong>tam</strong></span> <span class='ocrx_word' id='word_1_519' title='bbox 2003 3725 2370 3794; x_wconf 84' lang='lat' dir='ltr'><strong>pervenerint,</strong></span> <span class='ocrx_word' id='word_1_520' title='bbox 2401 3733 2552 3776; x_wconf 82' lang='lat' dir='ltr'><strong>extra</strong></span> <span class='ocrx_word' id='word_1_521' title='bbox 2595 3722 2740 3776; x_wconf 87' lang='lat' dir='ltr'><strong>fores</strong></span> <span class='ocrx_word' id='word_1_522' title='bbox 2778 3724 3114 3788; x_wconf 85' lang='lat' dir='ltr'><strong>consistant;</strong></span> <span class='ocrx_word' id='word_1_523' title='bbox 3168 3724 3415 3792; x_wconf 64' lang='lat' dir='ltr'><strong>praefecta</strong></span> 
     </span>
    </p>
   </div>
   <div class='ocr_carea' id='block_1_77' title="bbox 1859 3815 3415 3882">
    <p class='ocr_par' dir='ltr' id='par_1_77' title="bbox 1859 3815 3415 3882">
     <span class='ocr_line' id='line_1_77' title="bbox 1859 3815 3415 3882; baseline -0.001 -13"><span class='ocrx_word' id='word_1_524' title='bbox 1859 3832 1990 3869; x_wconf 84' lang='lat' dir='ltr'><strong>vero</strong></span> <span class='ocrx_word' id='word_1_525' title='bbox 2068 3830 2298 3879; x_wconf 89' lang='lat' dir='ltr'><strong>earum,</strong></span> <span class='ocrx_word' id='word_1_526' title='bbox 2352 3828 2472 3882; x_wconf 61' lang='lat' dir='ltr'><strong>qua:</strong></span> <span class='ocrx_word' id='word_1_527' title='bbox 2558 3822 2714 3867; x_wconf 65' lang='lat' dir='ltr'><strong>aetate</strong></span> <span class='ocrx_word' id='word_1_528' title='bbox 2791 3815 3158 3882; x_wconf 90' lang='lat' dir='ltr'><strong>provectiores</strong></span> <span class='ocrx_word' id='word_1_529' title='bbox 3243 3827 3415 3876; x_wconf 88' lang='lat' dir='ltr'><strong>sunt,</strong></span> 
     </span>
    </p>
   </div>
   <div class='ocr_carea' id='block_1_78' title="bbox 1859 3906 3419 3976">
    <p class='ocr_par' dir='ltr' id='par_1_78' title="bbox 1859 3906 3419 3976">
     <span class='ocr_line' id='line_1_78' title="bbox 1859 3906 3419 3976; baseline -0.003 -12"><span class='ocrx_word' id='word_1_530' title='bbox 1859 3908 2176 3964; x_wconf 82' lang='lat' dir='ltr'><strong>mouialium</strong></span> <span class='ocrx_word' id='word_1_531' title='bbox 2228 3906 2489 3959; x_wconf 81' lang='lat' dir='ltr'><strong>comitatu</strong></span> <span class='ocrx_word' id='word_1_532' title='bbox 2537 3913 2711 3973; x_wconf 84' lang='lat' dir='ltr'><strong>septa,</strong></span> <span class='ocrx_word' id='word_1_533' title='bbox 2762 3915 2930 3974; x_wconf 66' lang='lat' dir='ltr'><strong>porta:</strong></span> <span class='ocrx_word' id='word_1_534' title='bbox 2977 3908 3419 3976; x_wconf 81' lang='lat' dir='ltr'><strong>appropinquans</strong></span> 
     </span>
    </p>
   </div>
   <div class='ocr_carea' id='block_1_79' title="bbox 178 3998 3416 4096">
    <p class='ocr_par' dir='ltr' id='par_1_79' title="bbox 178 3998 3416 4096">
     <span class='ocr_line' id='line_1_79' title="bbox 178 3998 3416 4096; baseline -0.007 -17"><span class='ocrx_word' id='word_1_535' title='bbox 178 4041 307 4096; x_wconf 65' lang='lat' dir='ltr'><strong>qua:</strong></span> <span class='ocrx_word' id='word_1_536' title='bbox 329 3998 626 4078; x_wconf 79' lang='lat' dir='ltr'><strong>afferuntur</strong></span> <span class='ocrx_word' id='word_1_537' title='bbox 677 3998 925 4092; x_wconf 80' lang='lat' dir='ltr'><strong>accipiat.</strong></span> <span class='ocrx_word' id='word_1_538' title='bbox 969 4023 1026 4074; x_wconf 82' lang='lat' dir='ltr'><strong>Si</strong></span> <span class='ocrx_word' id='word_1_539' title='bbox 1077 4022 1202 4090; x_wconf 85' lang='lat' dir='ltr'><strong>quis</strong></span> <span class='ocrx_word' id='word_1_540' title='bbox 1255 4033 1382 4073; x_wconf 86' lang='lat' dir='ltr'><strong>vero</strong></span> <span class='ocrx_word' id='word_1_541' title='bbox 1426 4016 1587 4071; x_wconf 82' lang='lat' dir='ltr'><strong>etiam</strong></span> <span class='ocrx_word' id='word_1_542' title='bbox 1651 4012 1933 4079; x_wconf 76' lang='lat' dir='ltr'><strong>cognatam</strong></span> <span class='ocrx_word' id='word_1_543' title='bbox 2009 4001 2210 4096; x_wconf 62' lang='lat' dir='ltr'><strong>visere</strong></span> <span class='ocrx_word' id='word_1_544' title='bbox 2269 3998 2568 4052; x_wconf 87' lang='lat' dir='ltr'><strong>monachus</strong></span> <span class='ocrx_word' id='word_1_545' title='bbox 2644 3999 2866 4068; x_wconf 80' lang='lat' dir='ltr'><strong>cupiat,</strong></span> <span class='ocrx_word' id='word_1_546' title='bbox 2956 4008 3220 4067; x_wconf 77' lang='lat' dir='ltr'><strong>praesente</strong></span> <span class='ocrx_word' id='word_1_547' title='bbox 3307 4019 3416 4056; x_wconf 88' lang='lat' dir='ltr'><strong>ino-</strong></span> 
     </span>
    </p>
   </div>
   <div class='ocr_carea' id='block_1_80' title="bbox 181 4091 2637 4183">
    <p class='ocr_par' dir='ltr' id='par_1_80' title="bbox 181 4091 2637 4183">
     <span class='ocr_line' id='line_1_80' title="bbox 181 4091 2637 4183; baseline -0.013 -11"><span class='ocrx_word' id='word_1_548' title='bbox 181 4091 413 4172; x_wconf 75' lang='lat' dir='ltr'><strong>nasterii</strong></span> <span class='ocrx_word' id='word_1_549' title='bbox 473 4113 721 4183; x_wconf 69' lang='lat' dir='ltr'><strong>praetecta</strong></span> <span class='ocrx_word' id='word_1_550' title='bbox 785 4091 840 4170; x_wconf 90' lang='lat' dir='ltr'><strong>id</strong></span> <span class='ocrx_word' id='word_1_551' title='bbox 906 4113 1091 4178; x_wconf 83' lang='lat' dir='ltr'><strong>faciat,</strong></span> <span class='ocrx_word' id='word_1_552' title='bbox 1155 4111 1415 4179; x_wconf 85' lang='lat' dir='ltr'><strong>brevique</strong></span> <span class='ocrx_word' id='word_1_553' title='bbox 1467 4104 1742 4172; x_wconf 87' lang='lat' dir='ltr'><strong>colloquio</strong></span> <span class='ocrx_word' id='word_1_554' title='bbox 1783 4109 1916 4153; x_wconf 87' lang='lat' dir='ltr'><strong>usus</strong></span> <span class='ocrx_word' id='word_1_555' title='bbox 1945 4091 2367 4183; x_wconf 70' lang='lat' dir='ltr'><strong>quamprimum</strong></span> <span class='ocrx_word' id='word_1_556' title='bbox 2397 4094 2637 4183; x_wconf 80' lang='lat' dir='ltr'><strong>recedat.</strong></span> 
     </span>
    </p>
   </div>
   <div class='ocr_carea' id='block_1_81' title="bbox 183 4197 1745 4276">
    <p class='ocr_par' dir='ltr' id='par_1_81' title="bbox 183 4197 1745 4276">
     <span class='ocr_line' id='line_1_81' title="bbox 183 4197 1745 4276; baseline -0.012 -12"><span class='ocrx_word' id='word_1_557' title='bbox 183 4208 409 4264; x_wconf 77' lang='grc' dir='ltr'><strong>ΔΡΙΣΤ.</strong></span> <span class='ocrx_word' id='word_1_558' title='bbox 468 4225 487 4258; x_wconf 80' lang='lat' dir='ltr'><strong>t</strong></span> <span class='ocrx_word' id='word_1_559' title='bbox 531 4207 620 4276; x_wconf 84' lang='grc' dir='ltr'><strong>Μὴ</strong></span> <span class='ocrx_word' id='word_1_560' title='bbox 666 4206 783 4276; x_wconf 75' lang='grc' dir='ltr'>ῆτω</span> <span class='ocrx_word' id='word_1_561' title='bbox 834 4204 994 4261; x_wconf 74' lang='grc' dir='ltr'>διπλᾶ</span> <span class='ocrx_word' id='word_1_562' title='bbox 1041 4203 1393 4273; x_wconf 80' lang='grc' dir='ltr'>μοναστήρια,</span> <span class='ocrx_word' id='word_1_563' title='bbox 1443 4198 1575 4268; x_wconf 83' lang='grc' dir='ltr'>μηδὲ</span> <span class='ocrx_word' id='word_1_564' title='bbox 1608 4197 1745 4247; x_wconf 90' lang='grc' dir='ltr'>διαι-</span> 
     </span>
    </p>
   </div>
   <div class='ocr_carea' id='block_1_82' title="bbox 267 4289 1743 4370">
    <p class='ocr_par' dir='ltr' id='par_1_82' title="bbox 267 4289 1743 4370">
     <span class='ocr_line' id='line_1_82' title="bbox 267 4289 1743 4370; baseline -0.011 -18"><span class='ocrx_word' id='word_1_565' title='bbox 267 4319 287 4352; x_wconf 77' lang='grc' dir='ltr'><strong>ι</strong></span> <span class='ocrx_word' id='word_1_566' title='bbox 334 4299 618 4370; x_wconf 77' lang='grc' dir='ltr'>τάσθωσαν</span> <span class='ocrx_word' id='word_1_567' title='bbox 663 4297 720 4348; x_wconf 78' lang='grc' dir='ltr'>ἐν</span> <span class='ocrx_word' id='word_1_568' title='bbox 780 4294 932 4363; x_wconf 75' lang='grc' dir='ltr'>αὐτῷ</span> <span class='ocrx_word' id='word_1_569' title='bbox 985 4294 1210 4364; x_wconf 78' lang='grc' dir='ltr'>μοναχοὶ</span> <span class='ocrx_word' id='word_1_570' title='bbox 1259 4294 1352 4345; x_wconf 73' lang='grc' dir='ltr'><strong>καὶ</strong></span> <span class='ocrx_word' id='word_1_571' title='bbox 1397 4289 1743 4359; x_wconf 82' lang='grc' dir='ltr'>μονάστριαι,</span> 
     </span>
    </p>
   </div>
   <div class='ocr_carea' id='block_1_83' title="bbox 266 4378 1748 4462">
    <p class='ocr_par' dir='ltr' id='par_1_83' title="bbox 266 4378 1748 4462">
     <span class='ocr_line' id='line_1_83' title="bbox 266 4378 1748 4462; baseline -0.011 -18"><span class='ocrx_word' id='word_1_572' title='bbox 266 4410 288 4444; x_wconf 65' lang='grc' dir='ltr'><strong>ε</strong></span> <span class='ocrx_word' id='word_1_573' title='bbox 334 4391 473 4462; x_wconf 76' lang='grc' dir='ltr'><strong>μηδέ</strong></span> <span class='ocrx_word' id='word_1_574' title='bbox 509 4388 820 4456; x_wconf 77' lang='grc' dir='ltr'>καταμόνας</span> <span class='ocrx_word' id='word_1_575' title='bbox 849 4385 1227 4454; x_wconf 83' lang='grc' dir='ltr'>ὁμιλείτωσαν·</span> <span class='ocrx_word' id='word_1_576' title='bbox 1275 4381 1409 4434; x_wconf 79' lang='grc' dir='ltr'>ἀλλὰ</span> <span class='ocrx_word' id='word_1_577' title='bbox 1461 4380 1556 4433; x_wconf 73' lang='grc' dir='ltr'><strong>καὶ</strong></span> <span class='ocrx_word' id='word_1_578' title='bbox 1608 4378 1659 4430; x_wconf 83' lang='grc' dir='ltr'><strong>εί</strong></span> <span class='ocrx_word' id='word_1_579' title='bbox 1696 4393 1748 4428; x_wconf 84' lang='grc' dir='ltr'><strong>τι</strong></span> 
     </span>
    </p>
   </div>
   <div class='ocr_carea' id='block_1_84' title="bbox 1851 4179 3419 4252">
    <p class='ocr_par' dir='ltr' id='par_1_84' title="bbox 1851 4179 3419 4252">
     <span class='ocr_line' id='line_1_84' title="bbox 1851 4179 3419 4252; baseline -0.003 -11"><span class='ocrx_word' id='word_1_580' title='bbox 1851 4183 2075 4241; x_wconf 77' lang='lat' dir='ltr'><strong>ARIST.</strong></span> <span class='ocrx_word' id='word_1_581' title='bbox 2134 4201 2151 4232; x_wconf 77' lang='grc' dir='ltr'><strong>ι</strong></span> <span class='ocrx_word' id='word_1_582' title='bbox 2216 4179 2458 4250; x_wconf 90' lang='lat' dir='ltr'><strong>Duplicia</strong></span> <span class='ocrx_word' id='word_1_583' title='bbox 2523 4196 2590 4234; x_wconf 90' lang='lat' dir='ltr'><strong>ne</strong></span> <span class='ocrx_word' id='word_1_584' title='bbox 2637 4179 2767 4232; x_wconf 85' lang='lat' dir='ltr'><strong>ﬁant</strong></span> <span class='ocrx_word' id='word_1_585' title='bbox 2809 4181 3180 4245; x_wconf 89' lang='lat' dir='ltr'><strong>monasteria,</strong></span> <span class='ocrx_word' id='word_1_586' title='bbox 3243 4197 3419 4252; x_wconf 85' lang='lat' dir='ltr'><strong>neque</strong></span> 
     </span>
    </p>
   </div>
   <div class='ocr_carea' id='block_1_85' title="bbox 1930 4272 3414 4337">
    <p class='ocr_par' dir='ltr' id='par_1_85' title="bbox 1930 4272 3414 4337">
     <span class='ocr_line' id='line_1_85' title="bbox 1930 4272 3414 4337; baseline 0 -9"><span class='ocrx_word' id='word_1_587' title='bbox 1930 4298 1947 4328; x_wconf 78' lang='grc' dir='ltr'><strong>ι</strong></span> <span class='ocrx_word' id='word_1_588' title='bbox 1985 4274 2234 4330; x_wconf 88' lang='lat' dir='ltr'><strong>monachi</strong></span> <span class='ocrx_word' id='word_1_589' title='bbox 2265 4282 2318 4326; x_wconf 91' lang='lat' dir='ltr'><strong>et</strong></span> <span class='ocrx_word' id='word_1_590' title='bbox 2341 4273 2618 4326; x_wconf 71' lang='lat' dir='ltr'><strong>monachae</strong></span> <span class='ocrx_word' id='word_1_591' title='bbox 2642 4273 2695 4326; x_wconf 90' lang='lat' dir='ltr'><strong>in</strong></span> <span class='ocrx_word' id='word_1_592' title='bbox 2724 4272 2911 4326; x_wconf 91' lang='lat' dir='ltr'><strong>eodem</strong></span> <span class='ocrx_word' id='word_1_593' title='bbox 2944 4274 3277 4337; x_wconf 88' lang='lat' dir='ltr'><strong>cohabitent,</strong></span> <span class='ocrx_word' id='word_1_594' title='bbox 3322 4293 3414 4328; x_wconf 82' lang='lat' dir='ltr'><strong>ne-</strong></span> 
     </span>
    </p>
   </div>
   <div class='ocr_carea' id='block_1_86' title="bbox 1931 4365 3418 4436">
    <p class='ocr_par' dir='ltr' id='par_1_86' title="bbox 1931 4365 3418 4436">
     <span class='ocr_line' id='line_1_86' title="bbox 1931 4365 3418 4436; baseline -0.001 -15"><span class='ocrx_word' id='word_1_595' title='bbox 1931 4388 1949 4421; x_wconf 78' lang='lat' dir='ltr'><strong>t</strong></span> <span class='ocrx_word' id='word_1_596' title='bbox 1982 4383 2087 4436; x_wconf 89' lang='lat' dir='ltr'><strong>que</strong></span> <span class='ocrx_word' id='word_1_597' title='bbox 2118 4367 2344 4422; x_wconf 88' lang='lat' dir='ltr'><strong>seorsim</strong></span> <span class='ocrx_word' id='word_1_598' title='bbox 2377 4365 2799 4418; x_wconf 85' lang='lat' dir='ltr'><strong>confabulemur</strong></span> <span class='ocrx_word' id='word_1_599' title='bbox 2835 4382 2849 4417; x_wconf 91' lang='lat'><strong>:</strong></span> <span class='ocrx_word' id='word_1_600' title='bbox 2897 4366 3194 4433; x_wconf 86' lang='lat' dir='ltr'><strong>quinetiam</strong></span> <span class='ocrx_word' id='word_1_601' title='bbox 3241 4367 3418 4435; x_wconf 89' lang='lat' dir='ltr'><strong>siquid</strong></span> 
     </span>
    </p>
   </div>
   <div class='ocr_carea' id='block_1_87' title="bbox 268 4457 1739 4567">
    <p class='ocr_par' dir='ltr' id='par_1_87' title="bbox 268 4457 1739 4567">
     <span class='ocr_line' id='line_1_87' title="bbox 268 4457 1739 4567; baseline -0.013 -30"><span class='ocrx_word' id='word_1_602' title='bbox 268 4503 287 4537; x_wconf 84' lang='grc'>‹</span> <span class='ocrx_word' id='word_1_603' title='bbox 331 4457 638 4550; x_wconf 77' lang='grc' dir='ltr'>διακομίσει</span> <span class='ocrx_word' id='word_1_604' title='bbox 679 4476 817 4547; x_wconf 77' lang='grc' dir='ltr'>ἀνὴρ</span> <span class='ocrx_word' id='word_1_605' title='bbox 867 4477 1146 4544; x_wconf 81' lang='grc' dir='ltr'>κανονικῇ,</span> <span class='ocrx_word' id='word_1_606' title='bbox 1194 4473 1298 4537; x_wconf 77' lang='grc' dir='ltr'><strong>ἐξω</strong></span> <span class='ocrx_word' id='word_1_607' title='bbox 1341 4471 1514 4541; x_wconf 66' lang='grc' dir='ltr'>μένων</span> <span class='ocrx_word' id='word_1_608' title='bbox 1541 4467 1739 4567; x_wconf 52' lang='grc' dir='ltr'><strong>διδνξτω1</strong></span> 
     </span>
    </p>
   </div>
   <div class='ocr_carea' id='block_1_88' title="bbox 1847 4457 3421 4567">
    <p class='ocr_par' dir='ltr' id='par_1_88' title="bbox 1926 4457 3421 4567">
     <span class='ocr_line' id='line_1_88' title="bbox 1926 4457 3421 4526; baseline -0.003 -13"><span class='ocrx_word' id='word_1_609' title='bbox 1926 4481 1945 4513; x_wconf 84' lang='grc'><strong>‹</strong></span> <span class='ocrx_word' id='word_1_610' title='bbox 1982 4461 2063 4515; x_wconf 88' lang='lat' dir='ltr'><strong>vir</strong></span> <span class='ocrx_word' id='word_1_611' title='bbox 2097 4459 2306 4514; x_wconf 58' lang='lat' dir='ltr'><strong>femine</strong></span> <span class='ocrx_word' id='word_1_612' title='bbox 2334 4457 2566 4526; x_wconf 75' lang='lat' dir='ltr'><strong>regulari</strong></span> <span class='ocrx_word' id='word_1_613' title='bbox 2591 4458 2833 4509; x_wconf 84' lang='lat' dir='ltr'><strong>attulerit</strong></span> <span class='ocrx_word' id='word_1_614' title='bbox 2860 4496 2875 4518; x_wconf 92' lang='lat'><strong>,</strong></span> <span class='ocrx_word' id='word_1_615' title='bbox 2926 4467 3077 4509; x_wconf 83' lang='lat' dir='ltr'><strong>extra</strong></span> <span class='ocrx_word' id='word_1_616' title='bbox 3129 4457 3274 4511; x_wconf 92' lang='lat' dir='ltr'><strong>fores</strong></span> <span class='ocrx_word' id='word_1_617' title='bbox 3323 4475 3421 4512; x_wconf 86' lang='lat' dir='ltr'><strong>ex-</strong></span> 
     </span>
     <span class='ocr_line' id='line_1_89' title="bbox 2081 4547 3344 4567; baseline 0 0"><span class='ocrx_word' id='word_1_618' title='bbox 2081 4566 2084 4567; x_wconf 30' lang='grc' dir='ltr'>ν</span> <span class='ocrx_word' id='word_1_619' title='bbox 2135 4560 2176 4567; x_wconf 28' lang='grc' dir='ltr'><strong>,κ</strong></span> <span class='ocrx_word' id='word_1_620' title='bbox 2542 4556 2580 4567; x_wconf 32' lang='grc' dir='ltr'><strong>Α.</strong></span> <span class='ocrx_word' id='word_1_621' title='bbox 2625 4548 2967 4567; x_wconf 36' lang='lat'><strong>-.___.-_-,-</strong></span> <span class='ocrx_word' id='word_1_622' title='bbox 3003 4547 3344 4567; x_wconf 56' lang='lat' dir='ltr'><strong>___p__.-___</strong></span> 
     </span>
    </p>
   </div>
   <div class='ocr_carea' id='block_1_89' title="bbox 270 4557 1754 4642">
    <p class='ocr_par' dir='ltr' id='par_1_89' title="bbox 270 4557 1754 4642">
     <span class='ocr_line' id='line_1_90' title="bbox 270 4557 1754 4642; baseline -0.012 -14"><span class='ocrx_word' id='word_1_623' title='bbox 270 4595 290 4629; x_wconf 73' lang='grc' dir='ltr'><strong><em>α</em></strong></span> <span class='ocrx_word' id='word_1_624' title='bbox 338 4574 432 4627; x_wconf 65' lang='grc' dir='ltr'><strong>καὶ</strong></span> <span class='ocrx_word' id='word_1_625' title='bbox 461 4574 556 4642; x_wconf 80' lang='grc' dir='ltr'>τὴν</span> <span class='ocrx_word' id='word_1_626' title='bbox 584 4569 820 4638; x_wconf 86' lang='grc' dir='ltr'>συγγενῆ</span> <span class='ocrx_word' id='word_1_627' title='bbox 849 4566 952 4620; x_wconf 83' lang='grc' dir='ltr'>ὑπὸ</span> <span class='ocrx_word' id='word_1_628' title='bbox 995 4564 1295 4636; x_wconf 86' lang='grc' dir='ltr'>παρουσίας</span> <span class='ocrx_word' id='word_1_629' title='bbox 1321 4563 1418 4632; x_wconf 82' lang='grc' dir='ltr'><strong>τῆς</strong></span> <span class='ocrx_word' id='word_1_630' title='bbox 1448 4557 1754 4630; x_wconf 79' lang='grc' dir='ltr'>ἡγουμένης</span> 
     </span>
    </p>
   </div>
   <div class='ocr_carea' id='block_1_90' title="bbox 271 4665 635 4721">
    <p class='ocr_par' dir='ltr' id='par_1_90' title="bbox 271 4665 635 4721">
     <span class='ocr_line' id='line_1_91' title="bbox 271 4665 635 4721; baseline -0.022 0"><span class='ocrx_word' id='word_1_631' title='bbox 271 4688 286 4721; x_wconf 84' lang='lat' dir='ltr'><strong>t</strong></span> <span class='ocrx_word' id='word_1_632' title='bbox 333 4665 565 4719; x_wconf 83' lang='grc' dir='ltr'>Οεὰσθω.</span> <span class='ocrx_word' id='word_1_633' title='bbox 616 4682 635 4713; x_wconf 77' lang='grc' dir='ltr'><strong>ι</strong></span> 
     </span>
    </p>
   </div>
   <div class='ocr_carea' id='block_1_91' title="bbox 268 4742 1754 4823">
    <p class='ocr_par' dir='ltr' id='par_1_91' title="bbox 268 4742 1754 4823">
     <span class='ocr_line' id='line_1_92' title="bbox 268 4742 1754 4823; baseline -0.013 -10"><span class='ocrx_word' id='word_1_634' title='bbox 268 4761 457 4813; x_wconf 68' lang='grc' dir='ltr'>Πᾶσα-θ</span> <span class='ocrx_word' id='word_1_635' title='bbox 509 4754 810 4823; x_wconf 81' lang='grc' dir='ltr'>ἀσφάλειαν</span> <span class='ocrx_word' id='word_1_636' title='bbox 855 4750 1036 4803; x_wconf 74' lang='grc' dir='ltr'>ἔθεντο</span> <span class='ocrx_word' id='word_1_637' title='bbox 1061 4749 1110 4802; x_wconf 83' lang='grc' dir='ltr'><strong>οἱ</strong></span> <span class='ocrx_word' id='word_1_638' title='bbox 1144 4746 1405 4816; x_wconf 80' lang='grc' dir='ltr'>Πατέρες,</span> <span class='ocrx_word' id='word_1_639' title='bbox 1436 4744 1522 4797; x_wconf 76' lang='grc' dir='ltr'>ἵνα</span> <span class='ocrx_word' id='word_1_640' title='bbox 1574 4743 1648 4813; x_wconf 80' lang='grc' dir='ltr'>μὴ</span> <span class='ocrx_word' id='word_1_641' title='bbox 1680 4742 1754 4812; x_wconf 76' lang='grc' dir='ltr'>τῇ</span> 
     </span>
    </p>
   </div>
   <div class='ocr_carea' id='block_1_92' title="bbox 197 4833 1757 4924">
    <p class='ocr_par' dir='ltr' id='par_1_92' title="bbox 197 4833 1757 4924">
     <span class='ocr_line' id='line_1_93' title="bbox 197 4833 1757 4924; baseline -0.013 -19"><span class='ocrx_word' id='word_1_642' title='bbox 197 4851 462 4924; x_wconf 79' lang='grc' dir='ltr'>μοναδικῇ</span> <span class='ocrx_word' id='word_1_643' title='bbox 523 4844 768 4914; x_wconf 81' lang='grc' dir='ltr'>πολιτείᾳ</span> <span class='ocrx_word' id='word_1_644' title='bbox 824 4841 1016 4913; x_wconf 82' lang='grc' dir='ltr'>μῶμός</span> <span class='ocrx_word' id='word_1_645' title='bbox 1067 4855 1173 4909; x_wconf 64' lang='grc' dir='ltr'>ῑτις</span> <span class='ocrx_word' id='word_1_646' title='bbox 1232 4833 1600 4907; x_wconf 79' lang='grc' dir='ltr'>ἐπιτρίὸηται,</span> <span class='ocrx_word' id='word_1_647' title='bbox 1665 4833 1757 4886; x_wconf 80' lang='grc' dir='ltr'>καὶ</span> 
     </span>
    </p>
   </div>
   <div class='ocr_carea' id='block_1_93' title="bbox 196 4925 1762 5016">
    <p class='ocr_par' dir='ltr' id='par_1_93' title="bbox 196 4925 1762 5016">
     <span class='ocr_line' id='line_1_94' title="bbox 196 4925 1762 5016; baseline -0.015 -17"><span class='ocrx_word' id='word_1_648' title='bbox 196 4942 540 5016; x_wconf 78' lang='grc' dir='ltr'>προσέταξαν</span> <span class='ocrx_word' id='word_1_649' title='bbox 588 4937 662 5009; x_wconf 80' lang='grc' dir='ltr'>μὴ</span> <span class='ocrx_word' id='word_1_650' title='bbox 715 4938 773 4988; x_wconf 78' lang='grc' dir='ltr'><strong>ἐν</strong></span> <span class='ocrx_word' id='word_1_651' title='bbox 802 4933 988 5003; x_wconf 86' lang='grc' dir='ltr'>ταυτῷ</span> <span class='ocrx_word' id='word_1_652' title='bbox 1037 4929 1334 4984; x_wconf 87' lang='grc' dir='ltr'>συνεσθίειν</span> <span class='ocrx_word' id='word_1_653' title='bbox 1378 4925 1762 5016; x_wconf 76' lang='grc' dir='ltr'>μοναχοὺςκαὶ</span> 
     </span>
    </p>
   </div>
   <div class='ocr_carea' id='block_1_94' title="bbox 203 5014 1756 5109">
    <p class='ocr_par' dir='ltr' id='par_1_94' title="bbox 203 5014 1756 5109">
     <span class='ocr_line' id='line_1_95' title="bbox 203 5014 1756 5109; baseline -0.015 -20"><span class='ocrx_word' id='word_1_654' title='bbox 203 5014 558 5109; x_wconf 87' lang='grc' dir='ltr'>μοναστρίας,</span> <span class='ocrx_word' id='word_1_655' title='bbox 591 5029 725 5100; x_wconf 76' lang='grc' dir='ltr'>μηδὲ</span> <span class='ocrx_word' id='word_1_656' title='bbox 758 5026 895 5097; x_wconf 73' lang='grc' dir='ltr'>πρὸς</span> <span class='ocrx_word' id='word_1_657' title='bbox 924 5022 1190 5093; x_wconf 85' lang='grc' dir='ltr'>ἀλλήλους</span> <span class='ocrx_word' id='word_1_658' title='bbox 1214 5019 1424 5109; x_wconf 79' lang='grc' dir='ltr'>ὁμιλεῖν</span> <span class='ocrx_word' id='word_1_659' title='bbox 1452 5014 1572 5069; x_wconf 88' lang='grc' dir='ltr'>κατ’</span> <span class='ocrx_word' id='word_1_660' title='bbox 1599 5015 1756 5109; x_wconf 78' lang='grc' dir='ltr'>ἰδίαν·</span> 
     </span>
    </p>
   </div>
   <div class='ocr_carea' id='block_1_95' title="bbox 201 5104 1760 5188">
    <p class='ocr_par' dir='ltr' id='par_1_95' title="bbox 201 5104 1760 5188">
     <span class='ocr_line' id='line_1_96' title="bbox 201 5104 1760 5188; baseline -0.017 -8"><span class='ocrx_word' id='word_1_661' title='bbox 201 5104 338 5181; x_wconf 55' lang='lat' dir='ltr'><strong>sua:</strong></span> <span class='ocrx_word' id='word_1_662' title='bbox 368 5123 468 5176; x_wconf 80' lang='grc' dir='ltr'>κᾶν</span> <span class='ocrx_word' id='word_1_663' title='bbox 502 5118 739 5188; x_wconf 85' lang='grc' dir='ltr'>συγγενῆ</span> <span class='ocrx_word' id='word_1_664' title='bbox 787 5132 910 5168; x_wconf 88' lang='grc' dir='ltr'>τινα</span> <span class='ocrx_word' id='word_1_665' title='bbox 963 5112 1099 5181; x_wconf 82' lang='grc' dir='ltr'>θέλῃ</span> <span class='ocrx_word' id='word_1_666' title='bbox 1150 5107 1446 5162; x_wconf 84' lang='grc' dir='ltr'>θεάσασθαι</span> <span class='ocrx_word' id='word_1_667' title='bbox 1507 5104 1760 5174; x_wconf 82' lang='grc' dir='ltr'>μοναχδς,</span> 
     </span>
    </p>
   </div>
   <div class='ocr_carea' id='block_1_96' title="bbox 203 5193 1766 5287">
    <p class='ocr_par' dir='ltr' id='par_1_96' title="bbox 203 5193 1766 5287">
     <span class='ocr_line' id='line_1_97' title="bbox 203 5193 1766 5287; baseline -0.016 -18"><span class='ocrx_word' id='word_1_668' title='bbox 203 5213 475 5287; x_wconf 73' lang='grc' dir='ltr'>παρουσίᾳ</span> <span class='ocrx_word' id='word_1_669' title='bbox 506 5211 607 5280; x_wconf 83' lang='grc' dir='ltr'>τῆς</span> <span class='ocrx_word' id='word_1_670' title='bbox 632 5206 941 5279; x_wconf 75' lang='grc' dir='ltr'>ἡγουμένης</span> <span class='ocrx_word' id='word_1_671' title='bbox 970 5204 1142 5272; x_wconf 82' lang='grc' dir='ltr'>ταύτῃ</span> <span class='ocrx_word' id='word_1_672' title='bbox 1169 5197 1540 5287; x_wconf 56' lang='grc' dir='ltr'>προσομιλεῖν.</span> <span class='ocrx_word' id='word_1_673' title='bbox 1579 5196 1684 5246; x_wconf 82' lang='grc' dir='ltr'><strong>Καὶ</strong></span> <span class='ocrx_word' id='word_1_674' title='bbox 1713 5193 1766 5246; x_wconf 75' lang='grc' dir='ltr'>εἴ</span> 
     </span>
    </p>
   </div>
   <div class='ocr_carea' id='block_1_97' title="bbox 199 5285 1763 5370">
    <p class='ocr_par' dir='ltr' id='par_1_97' title="bbox 199 5285 1763 5370">
     <span class='ocr_line' id='line_1_98' title="bbox 199 5285 1763 5370; baseline -0.015 -9"><span class='ocrx_word' id='word_1_675' title='bbox 199 5327 256 5361; x_wconf 76' lang='grc' dir='ltr'><strong>τι</strong></span> <span class='ocrx_word' id='word_1_676' title='bbox 282 5285 390 5359; x_wconf 76' lang='grc' dir='ltr'>τῶν</span> <span class='ocrx_word' id='word_1_677' title='bbox 422 5301 733 5370; x_wconf 81' lang='grc' dir='ltr'>ἀναγκαίων</span> <span class='ocrx_word' id='word_1_678' title='bbox 761 5297 854 5350; x_wconf 84' lang='grc' dir='ltr'>τοῦ</span> <span class='ocrx_word' id='word_1_679' title='bbox 885 5294 1000 5365; x_wconf 84' lang='grc' dir='ltr'>βίου</span> <span class='ocrx_word' id='word_1_680' title='bbox 1033 5293 1142 5346; x_wconf 80' lang='grc' dir='ltr'>ἀπὸ</span> <span class='ocrx_word' id='word_1_681' title='bbox 1171 5287 1266 5342; x_wconf 83' lang='grc' dir='ltr'>τοῦ</span> <span class='ocrx_word' id='word_1_682' title='bbox 1315 5285 1557 5358; x_wconf 77' lang='grc' dir='ltr'>ἀνδρῴου</span> <span class='ocrx_word' id='word_1_683' title='bbox 1593 5301 1763 5355; x_wconf 79' lang='grc' dir='ltr'>μονα·</span> 
     </span>
    </p>
   </div>
   <div class='ocr_carea' id='block_1_98' title="bbox 205 5375 1762 5467">
    <p class='ocr_par' dir='ltr' id='par_1_98' title="bbox 205 5375 1762 5467">
     <span class='ocr_line' id='line_1_99' title="bbox 205 5375 1762 5467; baseline -0.015 -18"><span class='ocrx_word' id='word_1_684' title='bbox 205 5400 429 5467; x_wconf 85' lang='grc' dir='ltr'>στηρίου</span> <span class='ocrx_word' id='word_1_685' title='bbox 454 5389 747 5460; x_wconf 83' lang='grc' dir='ltr'>διακομίσῃ</span> <span class='ocrx_word' id='word_1_686' title='bbox 778 5385 916 5456; x_wconf 79' lang='grc' dir='ltr'>πρὸς</span> <span class='ocrx_word' id='word_1_687' title='bbox 945 5385 1039 5445; x_wconf 84' lang='grc' dir='ltr'>τὰς</span> <span class='ocrx_word' id='word_1_688' title='bbox 1079 5378 1422 5452; x_wconf 77' lang='grc' dir='ltr'>μοναζούσας</span> <span class='ocrx_word' id='word_1_689' title='bbox 1450 5380 1476 5430; x_wconf 86' lang='grc' dir='ltr'>ὁ</span> <span class='ocrx_word' id='word_1_690' title='bbox 1506 5375 1762 5446; x_wconf 82' lang='grc' dir='ltr'>μοναχὸς,</span> 
     </span>
    </p>
   </div>
   <div class='ocr_carea' id='block_1_99' title="bbox 203 5467 1692 5555">
    <p class='ocr_par' dir='ltr' id='par_1_99' title="bbox 203 5467 1692 5555">
     <span class='ocr_line' id='line_1_100' title="bbox 203 5467 1692 5555; baseline -0.014 -15"><span class='ocrx_word' id='word_1_691' title='bbox 203 5488 312 5552; x_wconf 70' lang='grc' dir='ltr'>ἔξω</span> <span class='ocrx_word' id='word_1_692' title='bbox 338 5486 435 5555; x_wconf 78' lang='grc' dir='ltr'>τῆς</span> <span class='ocrx_word' id='word_1_693' title='bbox 463 5481 629 5552; x_wconf 77' lang='grc' dir='ltr'>μονῆς</span> <span class='ocrx_word' id='word_1_694' title='bbox 660 5478 869 5533; x_wconf 76' lang='grc' dir='ltr'>ἑστῶτα</span> <span class='ocrx_word' id='word_1_695' title='bbox 897 5475 1092 5528; x_wconf 86' lang='grc' dir='ltr'>διδόναι</span> <span class='ocrx_word' id='word_1_696' title='bbox 1122 5471 1277 5524; x_wconf 84' lang='grc' dir='ltr'>τοῦτο</span> <span class='ocrx_word' id='word_1_697' title='bbox 1301 5472 1366 5539; x_wconf 81' lang='grc' dir='ltr'>τῇ</span> <span class='ocrx_word' id='word_1_698' title='bbox 1394 5467 1692 5538; x_wconf 75' lang='grc' dir='ltr'>ἡγουμένῃ.</span> 
     </span>
    </p>
   </div>
   <div class='ocr_carea' id='block_1_100' title="bbox 806 5565 1214 5623">
    <p class='ocr_par' dir='ltr' id='par_1_100' title="bbox 806 5565 1214 5623">
     <span class='ocr_line' id='line_1_101' title="bbox 806 5565 1214 5623; baseline -0.017 1"><span class='ocrx_word' id='word_1_699' title='bbox 806 5568 1044 5623; x_wconf 71' lang='lat' dir='ltr'><strong>KANQN</strong></span> <span class='ocrx_word' id='word_1_700' title='bbox 1084 5565 1214 5618; x_wconf 63' lang='grc' dir='ltr'><strong>ΚΝ.</strong></span> 
     </span>
    </p>
   </div>
   <div class='ocr_carea' id='block_1_101' title="bbox 215 5653 1767 5738">
    <p class='ocr_par' dir='ltr' id='par_1_101' title="bbox 215 5653 1767 5738">
     <span class='ocr_line' id='line_1_102' title="bbox 215 5653 1767 5738; baseline -0.014 -13"><span class='ocrx_word' id='word_1_701' title='bbox 215 5691 236 5724; x_wconf 73' lang='grc' dir='ltr'>ι</span> <span class='ocrx_word' id='word_1_702' title='bbox 281 5671 356 5725; x_wconf 81' lang='grc' dir='ltr'>οὐ</span> <span class='ocrx_word' id='word_1_703' title='bbox 383 5667 466 5721; x_wconf 82' lang='grc' dir='ltr'><strong>δεῖ</strong></span> <span class='ocrx_word' id='word_1_704' title='bbox 495 5665 728 5738; x_wconf 76' lang='grc' dir='ltr'>μοναχὸν</span> <span class='ocrx_word' id='word_1_705' title='bbox 755 5663 788 5735; x_wconf 77' lang='grc' dir='ltr'>ἢ</span> <span class='ocrx_word' id='word_1_706' title='bbox 823 5661 1152 5730; x_wconf 83' lang='grc' dir='ltr'>μονάστριαν</span> <span class='ocrx_word' id='word_1_707' title='bbox 1185 5654 1621 5725; x_wconf 79' lang='grc' dir='ltr'>καταλιμπάνειν</span> <span class='ocrx_word' id='word_1_708' title='bbox 1670 5653 1767 5722; x_wconf 82' lang='grc' dir='ltr'>τὴν</span> 
     </span>
    </p>
   </div>
   <div class='ocr_carea' id='block_1_102' title="bbox 287 5747 1770 5830">
    <p class='ocr_par' dir='ltr' id='par_1_102' title="bbox 287 5747 1770 5830">
     <span class='ocr_line' id='line_1_103' title="bbox 287 5747 1770 5830; baseline -0.012 -14"><span class='ocrx_word' id='word_1_709' title='bbox 287 5784 305 5816; x_wconf 74' lang='grc' dir='ltr'><strong>ι</strong></span> <span class='ocrx_word' id='word_1_710' title='bbox 351 5761 556 5815; x_wconf 73' lang='grc' dir='ltr'>οἰκείαν</span> <span class='ocrx_word' id='word_1_711' title='bbox 599 5761 782 5830; x_wconf 74' lang='grc' dir='ltr'>μονὴν,</span> <span class='ocrx_word' id='word_1_712' title='bbox 828 5756 923 5808; x_wconf 79' lang='grc' dir='ltr'>καὶ</span> <span class='ocrx_word' id='word_1_713' title='bbox 955 5756 1033 5815; x_wconf 85' lang='grc' dir='ltr'><strong>είς</strong></span> <span class='ocrx_word' id='word_1_714' title='bbox 1089 5751 1280 5822; x_wconf 72' lang='grc' dir='ltr'>ἑτέραν</span> <span class='ocrx_word' id='word_1_715' title='bbox 1321 5747 1691 5818; x_wconf 82' lang='grc' dir='ltr'>ἀπέρχεσθαι’</span> <span class='ocrx_word' id='word_1_716' title='bbox 1722 5749 1770 5799; x_wconf 90' lang='grc' dir='ltr'><strong>εί</strong></span> 
     </span>
    </p>
   </div>
   <div class='ocr_carea' id='block_1_103' title="bbox 291 5841 1772 5923">
    <p class='ocr_par' dir='ltr' id='par_1_103' title="bbox 291 5841 1772 5923">
     <span class='ocr_line' id='line_1_104' title="bbox 291 5841 1772 5923; baseline -0.014 -12"><span class='ocrx_word' id='word_1_717' title='bbox 291 5876 310 5910; x_wconf 76' lang='grc' dir='ltr'><strong>ι</strong></span> <span class='ocrx_word' id='word_1_718' title='bbox 353 5857 409 5911; x_wconf 77' lang='grc' dir='ltr'>δὲ</span> <span class='ocrx_word' id='word_1_719' title='bbox 440 5854 620 5923; x_wconf 75' lang='grc' dir='ltr'>συμϐῇ</span> <span class='ocrx_word' id='word_1_720' title='bbox 641 5850 823 5917; x_wconf 80' lang='grc' dir='ltr'>τοῦτο,</span> <span class='ocrx_word' id='word_1_721' title='bbox 848 5844 1234 5916; x_wconf 78' lang='grc' dir='ltr'>ξενοδοχείσθαι</span> <span class='ocrx_word' id='word_1_722' title='bbox 1259 5841 1420 5898; x_wconf 78' lang='grc' dir='ltr'>αὑτὸν</span> <span class='ocrx_word' id='word_1_723' title='bbox 1445 5841 1772 5909; x_wconf 83' lang='grc' dir='ltr'>ἀναγκαῖον,</span> 
     </span>
    </p>
   </div>
   <div class='ocr_carea' id='block_1_104' title="bbox 1941 4547 3424 4619">
    <p class='ocr_par' dir='ltr' id='par_1_104' title="bbox 1941 4547 3424 4619">
     <span class='ocr_line' id='line_1_105' title="bbox 1941 4547 3424 4619; baseline 0 -17"><span class='ocrx_word' id='word_1_724' title='bbox 1941 4573 1958 4602; x_wconf 73' lang='grc' dir='ltr'><strong>ε</strong></span> <span class='ocrx_word' id='word_1_725' title='bbox 2002 4560 2277 4619; x_wconf 86' lang='lat' dir='ltr'><strong>spectans,</strong></span> <span class='ocrx_word' id='word_1_726' title='bbox 2312 4547 2506 4610; x_wconf 86' lang='lat' dir='ltr'><strong>tradat,</strong></span> <span class='ocrx_word' id='word_1_727' title='bbox 2535 4556 2587 4600; x_wconf 91' lang='lat' dir='ltr'><strong>et</strong></span> <span class='ocrx_word' id='word_1_728' title='bbox 2617 4557 2899 4615; x_wconf 76' lang='lat' dir='ltr'><strong>Cognatam</strong></span> <span class='ocrx_word' id='word_1_729' title='bbox 2921 4548 2974 4602; x_wconf 92' lang='lat' dir='ltr'><strong>in</strong></span> <span class='ocrx_word' id='word_1_730' title='bbox 3000 4547 3264 4616; x_wconf 61' lang='lat' dir='ltr'><strong>praefecte</strong></span> <span class='ocrx_word' id='word_1_731' title='bbox 3287 4564 3424 4615; x_wconf 61' lang='lat' dir='ltr'><strong>prae-</strong></span> 
     </span>
    </p>
   </div>
   <div class='ocr_carea' id='block_1_105' title="bbox 1940 4641 2427 4698">
    <p class='ocr_par' dir='ltr' id='par_1_105' title="bbox 1940 4641 2427 4698">
     <span class='ocr_line' id='line_1_106' title="bbox 1940 4641 2427 4698; baseline -0.01 -2"><span class='ocrx_word' id='word_1_732' title='bbox 1940 4663 1959 4696; x_wconf 82' lang='grc'><em>‹</em></span> <span class='ocrx_word' id='word_1_733' title='bbox 1997 4643 2170 4698; x_wconf 85' lang='lat' dir='ltr'><strong>setttia</strong></span> <span class='ocrx_word' id='word_1_734' title='bbox 2209 4641 2370 4696; x_wconf 79' lang='lat' dir='ltr'><strong>visat.</strong></span> <span class='ocrx_word' id='word_1_735' title='bbox 2409 4658 2427 4691; x_wconf 74' lang='grc' dir='ltr'><strong>ι</strong></span> 
     </span>
    </p>
   </div>
   <div class='ocr_carea' id='block_1_106' title="bbox 1894 4729 3419 4806">
    <p class='ocr_par' dir='ltr' id='par_1_106' title="bbox 1894 4729 3419 4806">
     <span class='ocr_line' id='line_1_107' title="bbox 1894 4729 3419 4806; baseline -0.006 -16"><span class='ocrx_word' id='word_1_736' title='bbox 1894 4735 2154 4806; x_wconf 71' lang='grc' dir='ltr'>,Οιυηεηι</span> <span class='ocrx_word' id='word_1_737' title='bbox 2185 4748 2371 4786; x_wconf 90' lang='lat' dir='ltr'><strong>curam</strong></span> <span class='ocrx_word' id='word_1_738' title='bbox 2409 4731 2775 4785; x_wconf 89' lang='lat' dir='ltr'><strong>adhibuerunt</strong></span> <span class='ocrx_word' id='word_1_739' title='bbox 2802 4729 2992 4784; x_wconf 85' lang='lat' dir='ltr'><strong>Patres</strong></span> <span class='ocrx_word' id='word_1_740' title='bbox 3024 4770 3038 4791; x_wconf 89' lang='lat'><strong>,</strong></span> <span class='ocrx_word' id='word_1_741' title='bbox 3071 4746 3138 4784; x_wconf 90' lang='lat' dir='ltr'><strong>ne</strong></span> <span class='ocrx_word' id='word_1_742' title='bbox 3161 4746 3419 4798; x_wconf 87' lang='lat' dir='ltr'><strong>proorum</strong></span> 
     </span>
    </p>
   </div>
   <div class='ocr_carea' id='block_1_107' title="bbox 1865 4823 3423 4894">
    <p class='ocr_par' dir='ltr' id='par_1_107' title="bbox 1865 4823 3423 4894">
     <span class='ocr_line' id='line_1_108' title="bbox 1865 4823 3423 4894; baseline -0.006 -12"><span class='ocrx_word' id='word_1_743' title='bbox 1865 4826 2082 4894; x_wconf 85' lang='lat' dir='ltr'><strong>aliquod</strong></span> <span class='ocrx_word' id='word_1_744' title='bbox 2111 4825 2232 4877; x_wconf 63' lang='lat' dir='ltr'><strong>vita:</strong></span> <span class='ocrx_word' id='word_1_745' title='bbox 2262 4825 2576 4876; x_wconf 71' lang='lat' dir='ltr'><strong>monasticae</strong></span> <span class='ocrx_word' id='word_1_746' title='bbox 2597 4823 2911 4886; x_wconf 88' lang='lat' dir='ltr'><strong>inferretur,</strong></span> <span class='ocrx_word' id='word_1_747' title='bbox 2940 4830 2992 4876; x_wconf 92' lang='lat' dir='ltr'><strong>et</strong></span> <span class='ocrx_word' id='word_1_748' title='bbox 3019 4823 3341 4878; x_wconf 82' lang='lat' dir='ltr'><strong>mandarunt</strong></span> <span class='ocrx_word' id='word_1_749' title='bbox 3374 4824 3423 4874; x_wconf 90' lang='lat' dir='ltr'><strong>in</strong></span> 
     </span>
    </p>
   </div>
   <div class='ocr_carea' id='block_1_108' title="bbox 1865 4915 3426 4975">
    <p class='ocr_par' dir='ltr' id='par_1_108' title="bbox 1865 4915 3426 4975">
     <span class='ocr_line' id='line_1_109' title="bbox 1865 4915 3426 4975; baseline -0.006 -1"><span class='ocrx_word' id='word_1_750' title='bbox 1865 4919 2050 4975; x_wconf 90' lang='lat' dir='ltr'><strong>eodem</strong></span> <span class='ocrx_word' id='word_1_751' title='bbox 2104 4915 2436 4970; x_wconf 88' lang='lat' dir='ltr'><strong>monasterio</strong></span> <span class='ocrx_word' id='word_1_752' title='bbox 2494 4919 2791 4968; x_wconf 88' lang='lat' dir='ltr'><strong>monachos</strong></span> <span class='ocrx_word' id='word_1_753' title='bbox 2866 4925 2919 4967; x_wconf 85' lang='lat' dir='ltr'><strong>ct</strong></span> <span class='ocrx_word' id='word_1_754' title='bbox 2977 4915 3271 4967; x_wconf 84' lang='lat' dir='ltr'><strong>monachas</strong></span> <span class='ocrx_word' id='word_1_755' title='bbox 3319 4928 3426 4966; x_wconf 90' lang='lat' dir='ltr'><strong>non</strong></span> 
     </span>
    </p>
   </div>
   <div class='ocr_carea' id='block_1_109' title="bbox 1865 5003 3430 5070">
    <p class='ocr_par' dir='ltr' id='par_1_109' title="bbox 1865 5003 3430 5070">
     <span class='ocr_line' id='line_1_110' title="bbox 1865 5003 3430 5070; baseline -0.006 -7"><span class='ocrx_word' id='word_1_756' title='bbox 1865 5007 2138 5070; x_wconf 88' lang='lat' dir='ltr'><strong>convesci,</strong></span> <span class='ocrx_word' id='word_1_757' title='bbox 2166 5019 2265 5059; x_wconf 90' lang='lat' dir='ltr'><strong>nec</strong></span> <span class='ocrx_word' id='word_1_758' title='bbox 2298 5005 2437 5058; x_wconf 83' lang='lat' dir='ltr'><strong>inter</strong></span> <span class='ocrx_word' id='word_1_759' title='bbox 2471 5018 2528 5058; x_wconf 85' lang='lat' dir='ltr'><strong>se</strong></span> <span class='ocrx_word' id='word_1_760' title='bbox 2551 5005 2778 5058; x_wconf 84' lang='lat' dir='ltr'><strong>seorsiin</strong></span> <span class='ocrx_word' id='word_1_761' title='bbox 2808 5003 3146 5058; x_wconf 80' lang='lat' dir='ltr'><strong>confabulari</strong></span> <span class='ocrx_word' id='word_1_762' title='bbox 3179 5046 3192 5067; x_wconf 95' lang='lat'><strong>,</strong></span> <span class='ocrx_word' id='word_1_763' title='bbox 3233 5005 3326 5056; x_wconf 82' lang='lat' dir='ltr'><strong>sed</strong></span> <span class='ocrx_word' id='word_1_764' title='bbox 3376 5011 3430 5054; x_wconf 86' lang='lat' dir='ltr'><strong>et</strong></span> 
     </span>
    </p>
   </div>
   <div class='ocr_carea' id='block_1_110' title="bbox 1865 5088 3430 5166">
    <p class='ocr_par' dir='ltr' id='par_1_110' title="bbox 1865 5088 3430 5166">
     <span class='ocr_line' id='line_1_111' title="bbox 1865 5088 3430 5166; baseline -0.005 -13"><span class='ocrx_word' id='word_1_765' title='bbox 1865 5100 1910 5154; x_wconf 84' lang='lat' dir='ltr'><strong>si</strong></span> <span class='ocrx_word' id='word_1_766' title='bbox 1961 5106 2246 5166; x_wconf 87' lang='lat' dir='ltr'><strong>cognatam</strong></span> <span class='ocrx_word' id='word_1_767' title='bbox 2298 5095 2534 5163; x_wconf 89' lang='lat' dir='ltr'><strong>aliquam</strong></span> <span class='ocrx_word' id='word_1_768' title='bbox 2591 5095 2835 5164; x_wconf 89' lang='lat' dir='ltr'><strong>aspicere</strong></span> <span class='ocrx_word' id='word_1_769' title='bbox 2887 5095 3037 5162; x_wconf 82' lang='lat' dir='ltr'><strong>cupit</strong></span> <span class='ocrx_word' id='word_1_770' title='bbox 3089 5088 3430 5156; x_wconf 85' lang='lat' dir='ltr'><strong>monachus,</strong></span> 
     </span>
    </p>
   </div>
   <div class='ocr_carea' id='block_1_111' title="bbox 1865 5185 3430 5262">
    <p class='ocr_par' dir='ltr' id='par_1_111' title="bbox 1865 5185 3430 5262">
     <span class='ocr_line' id='line_1_112' title="bbox 1865 5185 3430 5262; baseline -0.004 -17"><span class='ocrx_word' id='word_1_771' title='bbox 1865 5191 2148 5262; x_wconf 66' lang='lat' dir='ltr'><strong>prasentia</strong></span> <span class='ocrx_word' id='word_1_772' title='bbox 2177 5189 2442 5257; x_wconf 64' lang='lat' dir='ltr'><strong>praefectze</strong></span> <span class='ocrx_word' id='word_1_773' title='bbox 2475 5203 2597 5240; x_wconf 89' lang='lat' dir='ltr'><strong>cum</strong></span> <span class='ocrx_word' id='word_1_774' title='bbox 2646 5203 2706 5240; x_wconf 92' lang='lat' dir='ltr'><strong>ea</strong></span> <span class='ocrx_word' id='word_1_775' title='bbox 2761 5188 3018 5254; x_wconf 87' lang='lat' dir='ltr'><strong>colloqui.</strong></span> <span class='ocrx_word' id='word_1_776' title='bbox 3074 5185 3137 5240; x_wconf 84' lang='lat' dir='ltr'><strong>Et</strong></span> <span class='ocrx_word' id='word_1_777' title='bbox 3195 5187 3240 5239; x_wconf 84' lang='lat' dir='ltr'><strong>si</strong></span> <span class='ocrx_word' id='word_1_778' title='bbox 3303 5185 3430 5254; x_wconf 89' lang='lat' dir='ltr'><strong>quid</strong></span> 
     </span>
    </p>
   </div>
   <div class='ocr_carea' id='block_1_112' title="bbox 1867 5277 3431 5349">
    <p class='ocr_par' dir='ltr' id='par_1_112' title="bbox 1867 5277 3431 5349">
     <span class='ocr_line' id='line_1_113' title="bbox 1867 5277 3431 5349; baseline -0.008 -11"><span class='ocrx_word' id='word_1_779' title='bbox 1867 5298 2080 5345; x_wconf 90' lang='lat' dir='ltr'><strong>eorum,</strong></span> <span class='ocrx_word' id='word_1_780' title='bbox 2117 5295 2235 5349; x_wconf 70' lang='lat' dir='ltr'><strong>qua:</strong></span> <span class='ocrx_word' id='word_1_781' title='bbox 2269 5279 2389 5332; x_wconf 81' lang='lat' dir='ltr'><strong>vitae</strong></span> <span class='ocrx_word' id='word_1_782' title='bbox 2421 5289 2551 5332; x_wconf 89' lang='lat' dir='ltr'><strong>sunt</strong></span> <span class='ocrx_word' id='word_1_783' title='bbox 2593 5277 2928 5338; x_wconf 89' lang='lat' dir='ltr'><strong>necessaria,</strong></span> <span class='ocrx_word' id='word_1_784' title='bbox 2979 5291 3007 5329; x_wconf 90' lang='lat' dir='ltr'><strong>a</strong></span> <span class='ocrx_word' id='word_1_785' title='bbox 3049 5277 3286 5329; x_wconf 90' lang='lat' dir='ltr'><strong>virormu</strong></span> <span class='ocrx_word' id='word_1_786' title='bbox 3315 5293 3431 5326; x_wconf 86' lang='lat' dir='ltr'><strong>iuo-</strong></span> 
     </span>
    </p>
   </div>
   <div class='ocr_carea' id='block_1_113' title="bbox 1869 5367 3434 5439">
    <p class='ocr_par' dir='ltr' id='par_1_113' title="bbox 1869 5367 3434 5439">
     <span class='ocr_line' id='line_1_114' title="bbox 1869 5367 3434 5439; baseline -0.006 -9"><span class='ocrx_word' id='word_1_787' title='bbox 1869 5375 2110 5430; x_wconf 88' lang='lat' dir='ltr'><strong>nasterio</strong></span> <span class='ocrx_word' id='word_1_788' title='bbox 2167 5372 2233 5426; x_wconf 87' lang='lat' dir='ltr'><strong>ad</strong></span> <span class='ocrx_word' id='word_1_789' title='bbox 2288 5372 2584 5426; x_wconf 85' lang='lat' dir='ltr'><strong>monachas</strong></span> <span class='ocrx_word' id='word_1_790' title='bbox 2641 5371 3036 5439; x_wconf 89' lang='lat' dir='ltr'><strong>transportabit</strong></span> <span class='ocrx_word' id='word_1_791' title='bbox 3090 5367 3434 5431; x_wconf 88' lang='lat' dir='ltr'><strong>monachus,</strong></span> 
     </span>
    </p>
   </div>
   <div class='ocr_carea' id='block_1_114' title="bbox 1872 5459 3285 5530">
    <p class='ocr_par' dir='ltr' id='par_1_114' title="bbox 1872 5459 3285 5530">
     <span class='ocr_line' id='line_1_115' title="bbox 1872 5459 3285 5530; baseline -0.008 -7"><span class='ocrx_word' id='word_1_792' title='bbox 1872 5478 2024 5524; x_wconf 80' lang='lat' dir='ltr'><strong>extra</strong></span> <span class='ocrx_word' id='word_1_793' title='bbox 2055 5465 2392 5519; x_wconf 89' lang='lat' dir='ltr'><strong>mansionem</strong></span> <span class='ocrx_word' id='word_1_794' title='bbox 2431 5473 2583 5517; x_wconf 84' lang='lat' dir='ltr'><strong>stans</strong></span> <span class='ocrx_word' id='word_1_795' title='bbox 2622 5462 2752 5516; x_wconf 92' lang='lat' dir='ltr'><strong>illud</strong></span> <span class='ocrx_word' id='word_1_796' title='bbox 2787 5460 3054 5530; x_wconf 67' lang='lat' dir='ltr'><strong>praelecta:</strong></span> <span class='ocrx_word' id='word_1_797' title='bbox 3089 5459 3285 5512; x_wconf 89' lang='lat' dir='ltr'><strong>tradat.</strong></span> 
     </span>
    </p>
   </div>
   <div class='ocr_carea' id='block_1_115' title="bbox 2434 5554 2844 5611">
    <p class='ocr_par' dir='ltr' id='par_1_115' title="bbox 2434 5554 2844 5611">
     <span class='ocr_line' id='line_1_116' title="bbox 2434 5554 2844 5611; baseline 0 -1"><span class='ocrx_word' id='word_1_798' title='bbox 2434 5555 2662 5611; x_wconf 73' lang='lat' dir='ltr'><strong>UANON</strong></span> <span class='ocrx_word' id='word_1_799' title='bbox 2703 5554 2844 5610; x_wconf 76' lang='lat' dir='ltr'><strong>XXI.</strong></span> 
     </span>
    </p>
   </div>
   <div class='ocr_carea' id='block_1_116' title="bbox 1881 5646 3429 5719">
    <p class='ocr_par' dir='ltr' id='par_1_116' title="bbox 1881 5646 3429 5719">
     <span class='ocr_line' id='line_1_117' title="bbox 1881 5646 3429 5719; baseline -0.008 -13"><span class='ocrx_word' id='word_1_800' title='bbox 1881 5673 1899 5705; x_wconf 70' lang='grc' dir='ltr'><strong>ι</strong></span> <span class='ocrx_word' id='word_1_801' title='bbox 1934 5651 2051 5706; x_wconf 80' lang='lat' dir='ltr'><strong>Non</strong></span> <span class='ocrx_word' id='word_1_802' title='bbox 2084 5658 2296 5719; x_wconf 84' lang='lat' dir='ltr'><strong>oportet</strong></span> <span class='ocrx_word' id='word_1_803' title='bbox 2327 5648 2653 5703; x_wconf 71' lang='lat' dir='ltr'><strong>monacham</strong></span> <span class='ocrx_word' id='word_1_804' title='bbox 2690 5646 2768 5701; x_wconf 85' lang='lat' dir='ltr'><strong>vel</strong></span> <span class='ocrx_word' id='word_1_805' title='bbox 2796 5648 3115 5699; x_wconf 89' lang='lat' dir='ltr'><strong>monacham</strong></span> <span class='ocrx_word' id='word_1_806' title='bbox 3151 5658 3429 5714; x_wconf 86' lang='lat' dir='ltr'><strong>pr0priuui</strong></span> 
     </span>
    </p>
   </div>
   <div class='ocr_carea' id='block_1_117' title="bbox 1952 5737 3435 5813">
    <p class='ocr_par' dir='ltr' id='par_1_117' title="bbox 1952 5737 3435 5813">
     <span class='ocr_line' id='line_1_118' title="bbox 1952 5737 3435 5813; baseline -0.011 -15"><span class='ocrx_word' id='word_1_807' title='bbox 1952 5766 1970 5798; x_wconf 72' lang='grc' dir='ltr'><strong>ι</strong></span> <span class='ocrx_word' id='word_1_808' title='bbox 2008 5746 2312 5813; x_wconf 84' lang='lat' dir='ltr'><strong>relinquere</strong></span> <span class='ocrx_word' id='word_1_809' title='bbox 2333 5741 2740 5806; x_wconf 86' lang='lat' dir='ltr'><strong>monasterium,</strong></span> <span class='ocrx_word' id='word_1_810' title='bbox 2769 5749 2822 5794; x_wconf 91' lang='lat' dir='ltr'><strong>et</strong></span> <span class='ocrx_word' id='word_1_811' title='bbox 2841 5739 2905 5791; x_wconf 87' lang='lat' dir='ltr'><strong>ad</strong></span> <span class='ocrx_word' id='word_1_812' title='bbox 2928 5737 3069 5791; x_wconf 85' lang='lat' dir='ltr'><strong>aliud</strong></span> <span class='ocrx_word' id='word_1_813' title='bbox 3091 5751 3148 5790; x_wconf 87' lang='lat' dir='ltr'><strong>se</strong></span> <span class='ocrx_word' id='word_1_814' title='bbox 3171 5738 3435 5789; x_wconf 76' lang='lat' dir='ltr'><strong>conferre:</strong></span> 
     </span>
    </p>
   </div>
   <div class='ocr_carea' id='block_1_118' title="bbox 1960 5825 3435 5902">
    <p class='ocr_par' dir='ltr' id='par_1_118' title="bbox 1960 5825 3435 5902">
     <span class='ocr_line' id='line_1_119' title="bbox 1960 5825 3435 5902; baseline -0.011 -10"><span class='ocrx_word' id='word_1_815' title='bbox 1960 5861 1976 5892; x_wconf 75' lang='grc' dir='ltr'><strong>ι</strong></span> <span class='ocrx_word' id='word_1_816' title='bbox 2014 5842 2058 5896; x_wconf 88' lang='lat' dir='ltr'><strong>si</strong></span> <span class='ocrx_word' id='word_1_817' title='bbox 2085 5840 2187 5895; x_wconf 86' lang='lat' dir='ltr'><strong>hoc</strong></span> <span class='ocrx_word' id='word_1_818' title='bbox 2214 5849 2392 5894; x_wconf 87' lang='lat' dir='ltr'><strong>autem</strong></span> <span class='ocrx_word' id='word_1_819' title='bbox 2426 5834 2738 5902; x_wconf 77' lang='lat' dir='ltr'><strong>contigerit,</strong></span> <span class='ocrx_word' id='word_1_820' title='bbox 2777 5833 2951 5891; x_wconf 82' lang='lat' dir='ltr'><strong>ipsum</strong></span> <span class='ocrx_word' id='word_1_821' title='bbox 2995 5829 3227 5891; x_wconf 76' lang='lat' dir='ltr'><strong>hospitio</strong></span> <span class='ocrx_word' id='word_1_822' title='bbox 3263 5825 3435 5893; x_wconf 82' lang='lat' dir='ltr'><strong>excipi</strong></span> 
     </span>
    </p>
   </div>
  </div>
