  <div class='ocr_page' id='page_1' title='image "/cluster/home/n/w/nwhite01/storage/ocr_20150623/137/nnc1.0046979786/527.png"; bbox 0 0 4166 6438; ppageno 0'>
   <div class='ocr_carea' id='block_1_1' title="bbox 777 415 890 478">
    <p class='ocr_par' dir='ltr' id='par_1_1' title="bbox 777 415 890 478">
     <span class='ocr_line' id='line_1_1' title="bbox 777 415 890 478; baseline -0.027 0"><span class='ocrx_word' id='word_1_1' title='bbox 777 415 890 478; x_wconf 80' lang='grc'><strong>995</strong></span> 
     </span>
    </p>
   </div>
   <div class='ocr_carea' id='block_1_2' title="bbox 2020 391 2733 456">
    <p class='ocr_par' dir='ltr' id='par_1_2' title="bbox 2020 391 2733 456">
     <span class='ocr_line' id='line_1_2' title="bbox 2020 391 2733 456; baseline -0.011 0"><span class='ocrx_word' id='word_1_2' title='bbox 2020 398 2294 456; x_wconf 82' lang='lat' dir='ltr'><strong>THEOD.</strong></span> <span class='ocrx_word' id='word_1_3' title='bbox 2337 391 2733 454; x_wconf 74' lang='lat' dir='ltr'><strong>BALSAMON</strong></span> 
     </span>
    </p>
   </div>
   <div class='ocr_carea' id='block_1_3' title="bbox 3891 383 3991 442">
    <p class='ocr_par' dir='ltr' id='par_1_3' title="bbox 3891 383 3991 442">
     <span class='ocr_line' id='line_1_3' title="bbox 3891 383 3991 442; baseline 0 -2"><span class='ocrx_word' id='word_1_4' title='bbox 3891 383 3991 442; x_wconf 71' lang='lat'><strong>996</strong></span> 
     </span>
    </p>
   </div>
   <div class='ocr_carea' id='block_1_4' title="bbox 853 495 2349 586">
    <p class='ocr_par' dir='ltr' id='par_1_4' title="bbox 853 513 2320 586">
     <span class='ocr_line' id='line_1_4' title="bbox 853 513 2320 586; baseline -0.008 -8"><span class='ocrx_word' id='word_1_5' title='bbox 853 546 871 578; x_wconf 76' lang='grc' dir='ltr'><strong>ι</strong></span> <span class='ocrx_word' id='word_1_6' title='bbox 905 533 990 580; x_wconf 90' lang='lat' dir='ltr'><strong>est</strong></span> <span class='ocrx_word' id='word_1_7' title='bbox 1022 523 1430 586; x_wconf 83' lang='lat' dir='ltr'><strong>necessarium;</strong></span> <span class='ocrx_word' id='word_1_8' title='bbox 1473 520 1727 577; x_wconf 86' lang='lat' dir='ltr'><strong>sed.sine</strong></span> <span class='ocrx_word' id='word_1_9' title='bbox 1772 521 1964 572; x_wconf 84' lang='lat' dir='ltr'><strong>notitia</strong></span> <span class='ocrx_word' id='word_1_10' title='bbox 2008 513 2320 570; x_wconf 87' lang='lat' dir='ltr'><strong>monasterii</strong></span> 
     </span>
    </p>
   </div>
   <div class='ocr_carea' id='block_1_5' title="bbox 2446 495 3992 586">
    <p class='ocr_par' dir='ltr' id='par_1_5' title="bbox 2503 495 3992 574">
     <span class='ocr_line' id='line_1_5' title="bbox 2503 495 3992 574; baseline -0.009 -18"><span class='ocrx_word' id='word_1_11' title='bbox 2503 523 2522 556; x_wconf 76' lang='grc' dir='ltr'><strong>ι</strong></span> <span class='ocrx_word' id='word_1_12' title='bbox 2573 502 3088 574; x_wconf 76' lang='grc' dir='ltr'>προσλαμϐάνεσθαι</span> <span class='ocrx_word' id='word_1_13' title='bbox 3117 501 3172 552; x_wconf 73' lang='grc' dir='ltr'>δὲ</span> <span class='ocrx_word' id='word_1_14' title='bbox 3200 501 3330 551; x_wconf 72' lang='grc' dir='ltr'>ἀιευ</span> <span class='ocrx_word' id='word_1_15' title='bbox 3375 498 3599 566; x_wconf 77' lang='grc' dir='ltr'>γνώμης</span> <span class='ocrx_word' id='word_1_16' title='bbox 3633 495 3724 547; x_wconf 74' lang='grc' dir='ltr'>τοῦ</span> <span class='ocrx_word' id='word_1_17' title='bbox 3751 496 3992 562; x_wconf 67' lang='grc' dir='ltr'>ἡγουμέρ</span> 
     </span>
    </p>
   </div>
   <div class='ocr_carea' id='block_1_6' title="bbox 852 612 2000 687">
    <p class='ocr_par' dir='ltr' id='par_1_6' title="bbox 852 612 2000 687">
     <span class='ocr_line' id='line_1_6' title="bbox 852 612 2000 687; baseline -0.008 -18"><span class='ocrx_word' id='word_1_18' title='bbox 852 636 872 669; x_wconf 79' lang='lat' dir='ltr'><strong>t</strong></span> <span class='ocrx_word' id='word_1_19' title='bbox 909 614 1152 687; x_wconf 68' lang='lat' dir='ltr'><strong>praefecti</strong></span> <span class='ocrx_word' id='word_1_20' title='bbox 1179 629 1304 668; x_wconf 89' lang='lat' dir='ltr'><strong>eutn</strong></span> <span class='ocrx_word' id='word_1_21' title='bbox 1334 613 1501 682; x_wconf 80' lang='lat' dir='ltr'><strong>recipi</strong></span> <span class='ocrx_word' id='word_1_22' title='bbox 1533 627 1640 665; x_wconf 88' lang='lat' dir='ltr'><strong>non</strong></span> <span class='ocrx_word' id='word_1_23' title='bbox 1669 612 1945 664; x_wconf 78' lang='lat' dir='ltr'><strong>convenit.</strong></span> <span class='ocrx_word' id='word_1_24' title='bbox 1981 626 2000 660; x_wconf 74' lang='grc' dir='ltr'><strong>ι</strong></span> 
     </span>
    </p>
   </div>
   <div class='ocr_carea' id='block_1_7' title="bbox 849 719 2334 802">
    <p class='ocr_par' dir='ltr' id='par_1_7' title="bbox 849 719 2334 802">
     <span class='ocr_line' id='line_1_7' title="bbox 849 719 2334 802; baseline -0.004 -20"><span class='ocrx_word' id='word_1_25' title='bbox 849 728 1042 782; x_wconf 85' lang='lat' dir='ltr'><strong>BALS.</strong></span> <span class='ocrx_word' id='word_1_26' title='bbox 1105 725 1399 795; x_wconf 77' lang='lat' dir='ltr'><strong>Postquam</strong></span> <span class='ocrx_word' id='word_1_27' title='bbox 1449 725 1719 794; x_wconf 78' lang='lat' dir='ltr'><strong>pollicitus</strong></span> <span class='ocrx_word' id='word_1_28' title='bbox 1763 723 1834 777; x_wconf 92' lang='lat' dir='ltr'><strong>sit</strong></span> <span class='ocrx_word' id='word_1_29' title='bbox 1893 722 2090 792; x_wconf 89' lang='lat' dir='ltr'><strong>aliquis</strong></span> <span class='ocrx_word' id='word_1_30' title='bbox 2125 731 2190 802; x_wconf 37' lang='lat' dir='ltr'><strong>et.</strong></span> <span class='ocrx_word' id='word_1_31' title='bbox 2227 719 2334 776; x_wconf 90' lang='lat' dir='ltr'><strong>Deo</strong></span> 
     </span>
    </p>
   </div>
   <div class='ocr_carea' id='block_1_8' title="bbox 773 817 2337 895">
    <p class='ocr_par' dir='ltr' id='par_1_8' title="bbox 773 817 2337 895">
     <span class='ocr_line' id='line_1_8' title="bbox 773 817 2337 895; baseline -0.006 -19"><span class='ocrx_word' id='word_1_32' title='bbox 773 823 1053 895; x_wconf 82' lang='lat' dir='ltr'><strong>professus</strong></span> <span class='ocrx_word' id='word_1_33' title='bbox 1083 837 1143 875; x_wconf 91' lang='lat' dir='ltr'><strong>se</strong></span> <span class='ocrx_word' id='word_1_34' title='bbox 1172 822 1226 874; x_wconf 91' lang='lat' dir='ltr'><strong>in</strong></span> <span class='ocrx_word' id='word_1_35' title='bbox 1257 819 1606 883; x_wconf 90' lang='lat' dir='ltr'><strong>monasterio,</strong></span> <span class='ocrx_word' id='word_1_36' title='bbox 1631 817 1683 870; x_wconf 81' lang='lat' dir='ltr'><strong>in</strong></span> <span class='ocrx_word' id='word_1_37' title='bbox 1714 833 1820 886; x_wconf 89' lang='lat' dir='ltr'><strong>quo</strong></span> <span class='ocrx_word' id='word_1_38' title='bbox 1840 825 2032 871; x_wconf 89' lang='lat' dir='ltr'><strong>tonsus</strong></span> <span class='ocrx_word' id='word_1_39' title='bbox 2053 825 2158 880; x_wconf 91' lang='lat' dir='ltr'><strong>est,</strong></span> <span class='ocrx_word' id='word_1_40' title='bbox 2185 831 2337 892; x_wconf 86' lang='lat' dir='ltr'><strong>man-</strong></span> 
     </span>
    </p>
   </div>
   <div class='ocr_carea' id='block_1_9' title="bbox 777 909 2331 983">
    <p class='ocr_par' dir='ltr' id='par_1_9' title="bbox 777 909 2331 983">
     <span class='ocr_line' id='line_1_9' title="bbox 777 909 2331 983; baseline -0.008 -11"><span class='ocrx_word' id='word_1_41' title='bbox 777 931 998 977; x_wconf 80' lang='lat' dir='ltr'><strong>Surum,</strong></span> <span class='ocrx_word' id='word_1_42' title='bbox 1035 912 1306 981; x_wconf 89' lang='lat' dir='ltr'><strong>quomodo</strong></span> <span class='ocrx_word' id='word_1_43' title='bbox 1327 911 1376 965; x_wconf 89' lang='lat' dir='ltr'><strong>ei</strong></span> <span class='ocrx_word' id='word_1_44' title='bbox 1405 911 1746 980; x_wconf 88' lang='lat' dir='ltr'><strong>permittetur</strong></span> <span class='ocrx_word' id='word_1_45' title='bbox 1770 923 1924 962; x_wconf 92' lang='lat' dir='ltr'><strong>suam</strong></span> <span class='ocrx_word' id='word_1_46' title='bbox 1946 909 2331 983; x_wconf 71' lang='lat' dir='ltr'><strong>professionem</strong></span> 
     </span>
    </p>
   </div>
   <div class='ocr_carea' id='block_1_10' title="bbox 779 999 2337 1067">
    <p class='ocr_par' dir='ltr' id='par_1_10' title="bbox 779 999 2337 1067">
     <span class='ocr_line' id='line_1_10' title="bbox 779 999 2337 1067; baseline -0.006 -6"><span class='ocrx_word' id='word_1_47' title='bbox 779 1011 1051 1061; x_wconf 83' lang='lat' dir='ltr'><strong>infirmare</strong></span> <span class='ocrx_word' id='word_1_48' title='bbox 1077 1043 1090 1067; x_wconf 86' lang='lat'><strong>,</strong></span> <span class='ocrx_word' id='word_1_49' title='bbox 1141 1015 1192 1057; x_wconf 89' lang='lat' dir='ltr'><strong>et</strong></span> <span class='ocrx_word' id='word_1_50' title='bbox 1224 1005 1276 1057; x_wconf 90' lang='lat' dir='ltr'><strong>in</strong></span> <span class='ocrx_word' id='word_1_51' title='bbox 1325 1004 1470 1056; x_wconf 82' lang='lat' dir='ltr'><strong>aliud</strong></span> <span class='ocrx_word' id='word_1_52' title='bbox 1503 1002 1890 1055; x_wconf 82' lang='lat' dir='ltr'><strong>monasterium</strong></span> <span class='ocrx_word' id='word_1_53' title='bbox 1920 1001 2107 1054; x_wconf 88' lang='lat' dir='ltr'><strong>abire?</strong></span> <span class='ocrx_word' id='word_1_54' title='bbox 2137 999 2337 1054; x_wconf 84' lang='lat' dir='ltr'><strong>Statuit</strong></span> 
     </span>
    </p>
   </div>
   <div class='ocr_carea' id='block_1_11' title="bbox 776 1093 2338 1168">
    <p class='ocr_par' dir='ltr' id='par_1_11' title="bbox 776 1093 2338 1168">
     <span class='ocr_line' id='line_1_11' title="bbox 776 1093 2338 1168; baseline -0.004 -16"><span class='ocrx_word' id='word_1_55' title='bbox 776 1115 903 1168; x_wconf 76' lang='lat' dir='ltr'><strong>ergo</strong></span> <span class='ocrx_word' id='word_1_56' title='bbox 927 1113 1127 1160; x_wconf 69' lang='lat' dir='ltr'><strong>canon,</strong></span> <span class='ocrx_word' id='word_1_57' title='bbox 1154 1111 1220 1149; x_wconf 91' lang='lat' dir='ltr'><strong>ne</strong></span> <span class='ocrx_word' id='word_1_58' title='bbox 1245 1097 1546 1149; x_wconf 81' lang='lat' dir='ltr'><strong>monachus</strong></span> <span class='ocrx_word' id='word_1_59' title='bbox 1574 1093 1656 1148; x_wconf 78' lang='lat' dir='ltr'><strong>vel</strong></span> <span class='ocrx_word' id='word_1_60' title='bbox 1681 1094 1942 1146; x_wconf 75' lang='lat' dir='ltr'><strong>monacho</strong></span> <span class='ocrx_word' id='word_1_61' title='bbox 1963 1108 2030 1146; x_wconf 83' lang='lat' dir='ltr'><strong>ex</strong></span> <span class='ocrx_word' id='word_1_62' title='bbox 2084 1107 2183 1146; x_wconf 91' lang='lat' dir='ltr'><strong>suo</strong></span> <span class='ocrx_word' id='word_1_63' title='bbox 2227 1108 2338 1146; x_wconf 92' lang='lat' dir='ltr'><strong>mo-</strong></span> 
     </span>
    </p>
   </div>
   <div class='ocr_carea' id='block_1_12' title="bbox 779 1184 2339 1249">
    <p class='ocr_par' dir='ltr' id='par_1_12' title="bbox 779 1184 2339 1249">
     <span class='ocr_line' id='line_1_12' title="bbox 779 1184 2339 1249; baseline -0.002 -7"><span class='ocrx_word' id='word_1_64' title='bbox 779 1193 1017 1243; x_wconf 74' lang='lat' dir='ltr'><strong>nasterio</strong></span> <span class='ocrx_word' id='word_1_65' title='bbox 1053 1189 1358 1241; x_wconf 77' lang='lat' dir='ltr'><strong>inordinate</strong></span> <span class='ocrx_word' id='word_1_66' title='bbox 1386 1187 1648 1249; x_wconf 89' lang='lat' dir='ltr'><strong>recedat,</strong></span> <span class='ocrx_word' id='word_1_67' title='bbox 1692 1195 1745 1238; x_wconf 88' lang='lat' dir='ltr'><strong>et</strong></span> <span class='ocrx_word' id='word_1_68' title='bbox 1787 1185 1838 1238; x_wconf 93' lang='lat' dir='ltr'><strong>in</strong></span> <span class='ocrx_word' id='word_1_69' title='bbox 1881 1184 2025 1238; x_wconf 88' lang='lat' dir='ltr'><strong>aliud</strong></span> <span class='ocrx_word' id='word_1_70' title='bbox 2069 1195 2339 1239; x_wconf 84' lang='lat' dir='ltr'><strong>monaste-</strong></span> 
     </span>
    </p>
   </div>
   <div class='ocr_carea' id='block_1_13' title="bbox 778 1277 2335 1344">
    <p class='ocr_par' dir='ltr' id='par_1_13' title="bbox 778 1277 2335 1344">
     <span class='ocr_line' id='line_1_13' title="bbox 778 1277 2335 1344; baseline -0.003 -10"><span class='ocrx_word' id='word_1_71' title='bbox 778 1283 914 1334; x_wconf 89' lang='lat' dir='ltr'><strong>rium</strong></span> <span class='ocrx_word' id='word_1_72' title='bbox 946 1297 1002 1334; x_wconf 90' lang='lat' dir='ltr'><strong>sc</strong></span> <span class='ocrx_word' id='word_1_73' title='bbox 1032 1281 1296 1344; x_wconf 87' lang='lat' dir='ltr'><strong>conferat,</strong></span> <span class='ocrx_word' id='word_1_74' title='bbox 1317 1290 1369 1332; x_wconf 91' lang='lat' dir='ltr'><strong>ut</strong></span> <span class='ocrx_word' id='word_1_75' title='bbox 1402 1280 1454 1332; x_wconf 91' lang='lat' dir='ltr'><strong>in</strong></span> <span class='ocrx_word' id='word_1_76' title='bbox 1488 1295 1552 1332; x_wconf 87' lang='lat' dir='ltr'><strong>eo</strong></span> <span class='ocrx_word' id='word_1_77' title='bbox 1579 1277 1894 1331; x_wconf 84' lang='lat' dir='ltr'><strong>collocetur.</strong></span> <span class='ocrx_word' id='word_1_78' title='bbox 1935 1277 1990 1330; x_wconf 88' lang='lat' dir='ltr'><strong>Si</strong></span> <span class='ocrx_word' id='word_1_79' title='bbox 2025 1279 2127 1330; x_wconf 90' lang='lat' dir='ltr'><strong>hoc</strong></span> <span class='ocrx_word' id='word_1_80' title='bbox 2154 1285 2335 1330; x_wconf 87' lang='lat' dir='ltr'><strong>autem</strong></span> 
     </span>
    </p>
   </div>
   <div class='ocr_carea' id='block_1_14' title="bbox 779 1370 2339 1440">
    <p class='ocr_par' dir='ltr' id='par_1_14' title="bbox 779 1370 2339 1440">
     <span class='ocr_line' id='line_1_14' title="bbox 779 1370 2339 1440; baseline -0.001 -15"><span class='ocrx_word' id='word_1_81' title='bbox 779 1383 998 1440; x_wconf 80' lang='lat' dir='ltr'><strong>prapter</strong></span> <span class='ocrx_word' id='word_1_82' title='bbox 1032 1372 1288 1440; x_wconf 84' lang='lat' dir='ltr'><strong>pusillum</strong></span> <span class='ocrx_word' id='word_1_83' title='bbox 1323 1380 1375 1425; x_wconf 92' lang='lat' dir='ltr'><strong>et</strong></span> <span class='ocrx_word' id='word_1_84' title='bbox 1397 1371 1665 1439; x_wconf 88' lang='lat' dir='ltr'><strong>abjectum</strong></span> <span class='ocrx_word' id='word_1_85' title='bbox 1697 1372 1939 1425; x_wconf 88' lang='lat' dir='ltr'><strong>animum</strong></span> <span class='ocrx_word' id='word_1_86' title='bbox 1976 1385 2117 1438; x_wconf 61' lang='lat' dir='ltr'><strong>saepe</strong></span> <span class='ocrx_word' id='word_1_87' title='bbox 2149 1370 2262 1435; x_wconf 87' lang='lat' dir='ltr'><strong>fiat,</strong></span> <span class='ocrx_word' id='word_1_88' title='bbox 2292 1370 2339 1423; x_wconf 91' lang='lat' dir='ltr'><strong>is</strong></span> 
     </span>
    </p>
   </div>
   <div class='ocr_carea' id='block_1_15' title="bbox 776 1464 2341 1534">
    <p class='ocr_par' dir='ltr' id='par_1_15' title="bbox 776 1464 2341 1534">
     <span class='ocr_line' id='line_1_15' title="bbox 776 1464 2341 1534; baseline 0.001 -16"><span class='ocrx_word' id='word_1_89' title='bbox 776 1481 844 1519; x_wconf 90' lang='lat' dir='ltr'><strong>ue</strong></span> <span class='ocrx_word' id='word_1_90' title='bbox 870 1467 935 1517; x_wconf 91' lang='lat' dir='ltr'><strong>ab</strong></span> <span class='ocrx_word' id='word_1_91' title='bbox 964 1482 1028 1520; x_wconf 90' lang='lat' dir='ltr'><strong>eo</strong></span> <span class='ocrx_word' id='word_1_92' title='bbox 1056 1467 1148 1532; x_wconf 88' lang='lat' dir='ltr'><strong>qui</strong></span> <span class='ocrx_word' id='word_1_93' title='bbox 1185 1473 1386 1534; x_wconf 70' lang='lat' dir='ltr'><strong>praeest</strong></span> <span class='ocrx_word' id='word_1_94' title='bbox 1428 1465 1726 1531; x_wconf 88' lang='lat' dir='ltr'><strong>recipiatur</strong></span> <span class='ocrx_word' id='word_1_95' title='bbox 1751 1506 1765 1527; x_wconf 89' lang='lat'><strong>,</strong></span> <span class='ocrx_word' id='word_1_96' title='bbox 1820 1465 1939 1517; x_wconf 82' lang='lat' dir='ltr'><strong>sine</strong></span> <span class='ocrx_word' id='word_1_97' title='bbox 1991 1464 2218 1518; x_wconf 91' lang='lat' dir='ltr'><strong>scientia</strong></span> <span class='ocrx_word' id='word_1_98' title='bbox 2277 1479 2341 1520; x_wconf 85' lang='lat' dir='ltr'><strong>ac</strong></span> 
     </span>
    </p>
   </div>
   <div class='ocr_carea' id='block_1_16' title="bbox 776 1557 2340 1626">
    <p class='ocr_par' dir='ltr' id='par_1_16' title="bbox 776 1557 2340 1626">
     <span class='ocr_line' id='line_1_16' title="bbox 776 1557 2340 1626; baseline 0.001 -17"><span class='ocrx_word' id='word_1_99' title='bbox 776 1559 970 1611; x_wconf 75' lang='lat' dir='ltr'><strong>notitia</strong></span> <span class='ocrx_word' id='word_1_100' title='bbox 996 1557 1137 1625; x_wconf 83' lang='lat' dir='ltr'><strong>ejus,</strong></span> <span class='ocrx_word' id='word_1_101' title='bbox 1167 1559 1258 1626; x_wconf 90' lang='lat' dir='ltr'><strong>qui</strong></span> <span class='ocrx_word' id='word_1_102' title='bbox 1283 1557 1428 1611; x_wconf 88' lang='lat' dir='ltr'><strong>illius</strong></span> <span class='ocrx_word' id='word_1_103' title='bbox 1457 1571 1642 1610; x_wconf 90' lang='lat' dir='ltr'><strong>curam</strong></span> <span class='ocrx_word' id='word_1_104' title='bbox 1673 1557 1833 1624; x_wconf 75' lang='lat' dir='ltr'><strong>gerit,</strong></span> <span class='ocrx_word' id='word_1_105' title='bbox 1867 1557 2178 1610; x_wconf 89' lang='lat' dir='ltr'><strong>monasterii</strong></span> <span class='ocrx_word' id='word_1_106' title='bbox 2204 1571 2340 1626; x_wconf 59' lang='lat' dir='ltr'><strong>pra:—</strong></span> 
     </span>
    </p>
   </div>
   <div class='ocr_carea' id='block_1_17' title="bbox 779 1645 2338 1714">
    <p class='ocr_par' dir='ltr' id='par_1_17' title="bbox 779 1645 2338 1714">
     <span class='ocr_line' id='line_1_17' title="bbox 779 1645 2338 1714; baseline 0 -15"><span class='ocrx_word' id='word_1_107' title='bbox 779 1647 901 1700; x_wconf 60' lang='lat' dir='ltr'><strong>fvcti</strong></span> <span class='ocrx_word' id='word_1_108' title='bbox 933 1688 947 1709; x_wconf 84' lang='lat'><strong>,</strong></span> <span class='ocrx_word' id='word_1_109' title='bbox 1000 1649 1207 1702; x_wconf 87' lang='lat' dir='ltr'><strong>scilicet</strong></span> <span class='ocrx_word' id='word_1_110' title='bbox 1265 1651 1381 1702; x_wconf 89' lang='lat' dir='ltr'><strong>sine</strong></span> <span class='ocrx_word' id='word_1_111' title='bbox 1404 1646 1710 1699; x_wconf 87' lang='lat' dir='ltr'><strong>dimissoria</strong></span> <span class='ocrx_word' id='word_1_112' title='bbox 1769 1646 1888 1712; x_wconf 89' lang='lat' dir='ltr'><strong>ejus</strong></span> <span class='ocrx_word' id='word_1_113' title='bbox 1940 1645 2166 1714; x_wconf 83' lang='lat' dir='ltr'><strong>epistola</strong></span> <span class='ocrx_word' id='word_1_114' title='bbox 2198 1662 2216 1700; x_wconf 91' lang='lat'><strong><em>:</em></strong></span> <span class='ocrx_word' id='word_1_115' title='bbox 2247 1647 2338 1699; x_wconf 91' lang='lat' dir='ltr'><strong>sed</strong></span> 
     </span>
    </p>
   </div>
   <div class='ocr_carea' id='block_1_18' title="bbox 778 1737 2343 1808">
    <p class='ocr_par' dir='ltr' id='par_1_18' title="bbox 778 1737 2343 1808">
     <span class='ocr_line' id='line_1_18' title="bbox 778 1737 2343 1808; baseline -0.002 -17"><span class='ocrx_word' id='word_1_116' title='bbox 778 1741 952 1793; x_wconf 82' lang='lat' dir='ltr'><strong>solum</strong></span> <span class='ocrx_word' id='word_1_117' title='bbox 1009 1739 1244 1808; x_wconf 90' lang='lat' dir='ltr'><strong>hospitio</strong></span> <span class='ocrx_word' id='word_1_118' title='bbox 1266 1739 1604 1805; x_wconf 76' lang='lat' dir='ltr'><strong>excipiatur,</strong></span> <span class='ocrx_word' id='word_1_119' title='bbox 1643 1754 1708 1790; x_wconf 83' lang='lat' dir='ltr'><strong>ne</strong></span> <span class='ocrx_word' id='word_1_120' title='bbox 1756 1737 1823 1791; x_wconf 88' lang='lat' dir='ltr'><strong>ad</strong></span> <span class='ocrx_word' id='word_1_121' title='bbox 1870 1737 2150 1791; x_wconf 66' lang='lat' dir='ltr'><strong>saecularia</strong></span> <span class='ocrx_word' id='word_1_122' title='bbox 2193 1737 2343 1790; x_wconf 84' lang='lat' dir='ltr'><strong>abire</strong></span> 
     </span>
    </p>
   </div>
   <div class='ocr_carea' id='block_1_19' title="bbox 777 1828 2415 1903">
    <p class='ocr_par' dir='ltr' id='par_1_19' title="bbox 777 1828 2415 1903">
     <span class='ocr_line' id='line_1_19' title="bbox 777 1828 2415 1903; baseline 0.001 -24"><span class='ocrx_word' id='word_1_123' title='bbox 777 1839 1005 1898; x_wconf 76' lang='lat' dir='ltr'><strong>cogatur</strong></span> <span class='ocrx_word' id='word_1_124' title='bbox 1051 1837 1106 1884; x_wconf 87' lang='lat' dir='ltr'><strong>et</strong></span> <span class='ocrx_word' id='word_1_125' title='bbox 1136 1846 1258 1884; x_wconf 92' lang='lat' dir='ltr'><strong>cum</strong></span> <span class='ocrx_word' id='word_1_126' title='bbox 1295 1830 1446 1884; x_wconf 86' lang='lat' dir='ltr'><strong>laicis</strong></span> <span class='ocrx_word' id='word_1_127' title='bbox 1473 1835 1638 1882; x_wconf 84' lang='lat' dir='ltr'><strong>vitam</strong></span> <span class='ocrx_word' id='word_1_128' title='bbox 1675 1843 1852 1897; x_wconf 81' lang='lat' dir='ltr'><strong>agere.</strong></span> <span class='ocrx_word' id='word_1_129' title='bbox 1891 1828 2060 1882; x_wconf 90' lang='lat' dir='ltr'><strong>Porro</strong></span> <span class='ocrx_word' id='word_1_130' title='bbox 2111 1843 2342 1899; x_wconf 73' lang='lat' dir='ltr'><strong>magnus</strong></span> <span class='ocrx_word' id='word_1_131' title='bbox 2375 1850 2415 1903; x_wconf 78' lang='grc' dir='ltr'><strong><em>Β</em></strong></span> 
     </span>
    </p>
   </div>
   <div class='ocr_carea' id='block_1_20' title="bbox 781 1921 2341 1989">
    <p class='ocr_par' dir='ltr' id='par_1_20' title="bbox 781 1921 2341 1989">
     <span class='ocr_line' id='line_1_20' title="bbox 781 1921 2341 1989; baseline -0.001 -15"><span class='ocrx_word' id='word_1_132' title='bbox 781 1921 1015 1976; x_wconf 85' lang='lat' dir='ltr'><strong>Basilius</strong></span> <span class='ocrx_word' id='word_1_133' title='bbox 1044 1921 1099 1976; x_wconf 89' lang='lat' dir='ltr'><strong>in</strong></span> <span class='ocrx_word' id='word_1_134' title='bbox 1129 1923 1247 1977; x_wconf 86' lang='lat' dir='ltr'><strong>suis</strong></span> <span class='ocrx_word' id='word_1_135' title='bbox 1277 1922 1529 1977; x_wconf 87' lang='lat' dir='ltr'><strong>asceticis</strong></span> <span class='ocrx_word' id='word_1_136' title='bbox 1562 1922 1830 1989; x_wconf 81' lang='lat' dir='ltr'><strong>capitibus</strong></span> <span class='ocrx_word' id='word_1_137' title='bbox 1866 1922 2057 1975; x_wconf 80' lang='lat' dir='ltr'><strong>statuit</strong></span> <span class='ocrx_word' id='word_1_138' title='bbox 2083 1960 2098 1983; x_wconf 89' lang='lat'><strong>,</strong></span> <span class='ocrx_word' id='word_1_139' title='bbox 2131 1929 2190 1986; x_wconf 89' lang='lat' dir='ltr'><strong>ut</strong></span> <span class='ocrx_word' id='word_1_140' title='bbox 2221 1936 2341 1972; x_wconf 81' lang='lat' dir='ltr'><strong>mo-</strong></span> 
     </span>
    </p>
   </div>
   <div class='ocr_carea' id='block_1_21' title="bbox 780 2007 2342 2080">
    <p class='ocr_par' dir='ltr' id='par_1_21' title="bbox 780 2007 2342 2080">
     <span class='ocr_line' id='line_1_21' title="bbox 780 2007 2342 2080; baseline 0.001 -18"><span class='ocrx_word' id='word_1_141' title='bbox 780 2012 1010 2074; x_wconf 87' lang='lat' dir='ltr'><strong>nachus,</strong></span> <span class='ocrx_word' id='word_1_142' title='bbox 1041 2009 1136 2080; x_wconf 90' lang='lat' dir='ltr'><strong>qui</strong></span> <span class='ocrx_word' id='word_1_143' title='bbox 1167 2012 1352 2064; x_wconf 90' lang='lat' dir='ltr'><strong>animo</strong></span> <span class='ocrx_word' id='word_1_144' title='bbox 1379 2007 1674 2063; x_wconf 76' lang='lat' dir='ltr'><strong>offenditur</strong></span> <span class='ocrx_word' id='word_1_145' title='bbox 1697 2048 1711 2071; x_wconf 91' lang='grc'><strong>,</strong></span> <span class='ocrx_word' id='word_1_146' title='bbox 1743 2008 1963 2062; x_wconf 89' lang='lat' dir='ltr'><strong>recedat</strong></span> <span class='ocrx_word' id='word_1_147' title='bbox 2015 2009 2082 2062; x_wconf 89' lang='lat' dir='ltr'><strong>ab</strong></span> <span class='ocrx_word' id='word_1_148' title='bbox 2135 2024 2234 2073; x_wconf 91' lang='lat' dir='ltr'><strong>eo,</strong></span> <span class='ocrx_word' id='word_1_149' title='bbox 2290 2011 2342 2063; x_wconf 92' lang='lat' dir='ltr'><strong>in</strong></span> 
     </span>
    </p>
   </div>
   <div class='ocr_carea' id='block_1_22' title="bbox 693 2100 2350 2170">
    <p class='ocr_par' dir='ltr' id='par_1_22' title="bbox 693 2100 2350 2170">
     <span class='ocr_line' id='line_1_22' title="bbox 693 2100 2350 2170; baseline 0.001 -19"><span class='ocrx_word' id='word_1_150' title='bbox 693 2150 719 2167; x_wconf 67' lang='grc'><em>,</em></span> <span class='ocrx_word' id='word_1_151' title='bbox 778 2116 885 2168; x_wconf 91' lang='lat' dir='ltr'><strong>quo</strong></span> <span class='ocrx_word' id='word_1_152' title='bbox 909 2111 1099 2156; x_wconf 88' lang='lat' dir='ltr'><strong>tonsus</strong></span> <span class='ocrx_word' id='word_1_153' title='bbox 1132 2110 1238 2166; x_wconf 91' lang='lat' dir='ltr'><strong>est,</strong></span> <span class='ocrx_word' id='word_1_154' title='bbox 1269 2102 1603 2155; x_wconf 87' lang='lat' dir='ltr'><strong>monasterio</strong></span> <span class='ocrx_word' id='word_1_155' title='bbox 1634 2119 1647 2153; x_wconf 88' lang='lat'><strong>:</strong></span> <span class='ocrx_word' id='word_1_156' title='bbox 1680 2109 1732 2152; x_wconf 90' lang='lat' dir='ltr'><strong>et</strong></span> <span class='ocrx_word' id='word_1_157' title='bbox 1780 2101 1885 2151; x_wconf 81' lang='lat' dir='ltr'><strong>hoc</strong></span> <span class='ocrx_word' id='word_1_158' title='bbox 1941 2100 2138 2164; x_wconf 83' lang='lat' dir='ltr'><strong>faciat,</strong></span> <span class='ocrx_word' id='word_1_159' title='bbox 2197 2110 2350 2170; x_wconf 82' lang='lat' dir='ltr'><strong>post-</strong></span> 
     </span>
    </p>
   </div>
   <div class='ocr_carea' id='block_1_23' title="bbox 778 2193 2342 2261">
    <p class='ocr_par' dir='ltr' id='par_1_23' title="bbox 778 2193 2342 2261">
     <span class='ocr_line' id='line_1_23' title="bbox 778 2193 2342 2261; baseline -0.001 -16"><span class='ocrx_word' id='word_1_160' title='bbox 778 2209 940 2261; x_wconf 86' lang='lat' dir='ltr'><strong>quam</strong></span> <span class='ocrx_word' id='word_1_161' title='bbox 963 2193 1277 2247; x_wconf 83' lang='lat' dir='ltr'><strong>monasterii</strong></span> <span class='ocrx_word' id='word_1_162' title='bbox 1303 2193 1555 2260; x_wconf 67' lang='lat' dir='ltr'><strong>praefecto</strong></span> <span class='ocrx_word' id='word_1_163' title='bbox 1577 2194 1626 2245; x_wconf 88' lang='lat' dir='ltr'><strong>id</strong></span> <span class='ocrx_word' id='word_1_164' title='bbox 1649 2194 1811 2246; x_wconf 85' lang='lat' dir='ltr'><strong>semel</strong></span> <span class='ocrx_word' id='word_1_165' title='bbox 1833 2203 1886 2245; x_wconf 92' lang='lat' dir='ltr'><strong>et</strong></span> <span class='ocrx_word' id='word_1_166' title='bbox 1908 2195 2101 2245; x_wconf 89' lang='lat' dir='ltr'><strong>iterum</strong></span> <span class='ocrx_word' id='word_1_167' title='bbox 2125 2193 2342 2251; x_wconf 84' lang='lat' dir='ltr'><strong>dixerit.</strong></span> 
     </span>
    </p>
   </div>
   <div class='ocr_carea' id='block_1_24' title="bbox 778 2282 2343 2353">
    <p class='ocr_par' dir='ltr' id='par_1_24' title="bbox 778 2282 2343 2353">
     <span class='ocr_line' id='line_1_24' title="bbox 778 2282 2343 2353; baseline 0.001 -15"><span class='ocrx_word' id='word_1_168' title='bbox 778 2295 832 2338; x_wconf 90' lang='lat' dir='ltr'><strong>et</strong></span> <span class='ocrx_word' id='word_1_169' title='bbox 858 2285 1016 2336; x_wconf 91' lang='lat' dir='ltr'><strong>etiam</strong></span> <span class='ocrx_word' id='word_1_170' title='bbox 1051 2284 1352 2349; x_wconf 82' lang='lat' dir='ltr'><strong>monachis,</strong></span> <span class='ocrx_word' id='word_1_171' title='bbox 1378 2300 1478 2337; x_wconf 90' lang='lat' dir='ltr'><strong>nec</strong></span> <span class='ocrx_word' id='word_1_172' title='bbox 1508 2287 1709 2336; x_wconf 90' lang='lat' dir='ltr'><strong>malum</strong></span> <span class='ocrx_word' id='word_1_173' title='bbox 1748 2285 2060 2353; x_wconf 78' lang='lat' dir='ltr'><strong>corrigitur.</strong></span> <span class='ocrx_word' id='word_1_174' title='bbox 2116 2282 2343 2351; x_wconf 80' lang='lat' dir='ltr'><strong>Hospitii</strong></span> 
     </span>
    </p>
   </div>
   <div class='ocr_carea' id='block_1_25' title="bbox 781 2374 2346 2442">
    <p class='ocr_par' dir='ltr' id='par_1_25' title="bbox 781 2374 2346 2442">
     <span class='ocr_line' id='line_1_25' title="bbox 781 2374 2346 2442; baseline 0.001 -17"><span class='ocrx_word' id='word_1_175' title='bbox 781 2387 962 2428; x_wconf 86' lang='lat' dir='ltr'><strong>autem</strong></span> <span class='ocrx_word' id='word_1_176' title='bbox 991 2376 1209 2428; x_wconf 84' lang='lat' dir='ltr'><strong>nomine</strong></span> <span class='ocrx_word' id='word_1_177' title='bbox 1239 2390 1305 2428; x_wconf 90' lang='lat' dir='ltr'><strong>ne</strong></span> <span class='ocrx_word' id='word_1_178' title='bbox 1337 2374 1488 2428; x_wconf 80' lang='lat' dir='ltr'><strong>dicas</strong></span> <span class='ocrx_word' id='word_1_179' title='bbox 1525 2376 1847 2428; x_wconf 82' lang='lat' dir='ltr'><strong>inonachum</strong></span> <span class='ocrx_word' id='word_1_180' title='bbox 1876 2416 1890 2439; x_wconf 93' lang='lat'><strong>,</strong></span> <span class='ocrx_word' id='word_1_181' title='bbox 1921 2374 2012 2442; x_wconf 89' lang='lat' dir='ltr'><strong>qui</strong></span> <span class='ocrx_word' id='word_1_182' title='bbox 2068 2375 2192 2427; x_wconf 83' lang='lat' dir='ltr'><strong>alibi</strong></span> <span class='ocrx_word' id='word_1_183' title='bbox 2223 2383 2346 2426; x_wconf 88' lang='lat' dir='ltr'><strong>ton-</strong></span> 
     </span>
    </p>
   </div>
   <div class='ocr_carea' id='block_1_26' title="bbox 781 2465 2344 2531">
    <p class='ocr_par' dir='ltr' id='par_1_26' title="bbox 781 2465 2344 2531">
     <span class='ocr_line' id='line_1_26' title="bbox 781 2465 2344 2531; baseline 0 -13"><span class='ocrx_word' id='word_1_184' title='bbox 781 2482 880 2519; x_wconf 87' lang='lat' dir='ltr'><strong>sus</strong></span> <span class='ocrx_word' id='word_1_185' title='bbox 907 2476 1012 2528; x_wconf 88' lang='lat' dir='ltr'><strong>est,</strong></span> <span class='ocrx_word' id='word_1_186' title='bbox 1036 2467 1122 2518; x_wconf 88' lang='lat' dir='ltr'><strong>diu</strong></span> <span class='ocrx_word' id='word_1_187' title='bbox 1158 2466 1357 2521; x_wconf 84' lang='lat' dir='ltr'><strong>debere</strong></span> <span class='ocrx_word' id='word_1_188' title='bbox 1384 2466 1590 2520; x_wconf 79' lang='lat' dir='ltr'><strong>versari</strong></span> <span class='ocrx_word' id='word_1_189' title='bbox 1647 2465 1700 2518; x_wconf 91' lang='lat' dir='ltr'><strong>in</strong></span> <span class='ocrx_word' id='word_1_190' title='bbox 1757 2467 1931 2519; x_wconf 87' lang='lat' dir='ltr'><strong>alieno</strong></span> <span class='ocrx_word' id='word_1_191' title='bbox 1975 2469 2344 2531; x_wconf 75' lang='lat' dir='ltr'><strong>monasterio;</strong></span> 
     </span>
    </p>
   </div>
   <div class='ocr_carea' id='block_1_27' title="bbox 781 2555 2347 2626">
    <p class='ocr_par' dir='ltr' id='par_1_27' title="bbox 781 2555 2347 2626">
     <span class='ocr_line' id='line_1_27' title="bbox 781 2555 2347 2626; baseline 0 -18"><span class='ocrx_word' id='word_1_192' title='bbox 781 2558 883 2609; x_wconf 78' lang='lat' dir='ltr'><strong>hac</strong></span> <span class='ocrx_word' id='word_1_193' title='bbox 916 2558 1058 2610; x_wconf 88' lang='lat' dir='ltr'><strong>enim</strong></span> <span class='ocrx_word' id='word_1_194' title='bbox 1088 2558 1299 2610; x_wconf 87' lang='lat' dir='ltr'><strong>ratione</strong></span> <span class='ocrx_word' id='word_1_195' title='bbox 1328 2557 1386 2608; x_wconf 85' lang='lat' dir='ltr'><strong>fit</strong></span> <span class='ocrx_word' id='word_1_196' title='bbox 1417 2555 1562 2610; x_wconf 87' lang='lat' dir='ltr'><strong>fraus</strong></span> <span class='ocrx_word' id='word_1_197' title='bbox 1589 2557 1786 2608; x_wconf 90' lang='lat' dir='ltr'><strong>canoui</strong></span> <span class='ocrx_word' id='word_1_198' title='bbox 1815 2573 1830 2613; x_wconf 90' lang='lat'>:</span> <span class='ocrx_word' id='word_1_199' title='bbox 1858 2555 1949 2610; x_wconf 77' lang='lat' dir='ltr'><strong>sed</strong></span> <span class='ocrx_word' id='word_1_200' title='bbox 2000 2557 2188 2626; x_wconf 88' lang='lat' dir='ltr'><strong>paucis</strong></span> <span class='ocrx_word' id='word_1_201' title='bbox 2231 2557 2347 2610; x_wconf 84' lang='lat' dir='ltr'><strong>die-</strong></span> 
     </span>
    </p>
   </div>
   <div class='ocr_carea' id='block_1_28' title="bbox 782 2649 2346 2714">
    <p class='ocr_par' dir='ltr' id='par_1_28' title="bbox 782 2649 2346 2714">
     <span class='ocr_line' id='line_1_28' title="bbox 782 2649 2346 2714; baseline -0.001 -11"><span class='ocrx_word' id='word_1_202' title='bbox 782 2650 902 2703; x_wconf 89' lang='lat' dir='ltr'><strong>bus.</strong></span> <span class='ocrx_word' id='word_1_203' title='bbox 942 2649 1015 2702; x_wconf 85' lang='lat' dir='ltr'><strong>Ne</strong></span> <span class='ocrx_word' id='word_1_204' title='bbox 1048 2649 1261 2702; x_wconf 89' lang='lat' dir='ltr'><strong>mireris</strong></span> <span class='ocrx_word' id='word_1_205' title='bbox 1291 2655 1471 2702; x_wconf 89' lang='lat' dir='ltr'><strong>autem</strong></span> <span class='ocrx_word' id='word_1_206' title='bbox 1504 2687 1518 2712; x_wconf 90' lang='lat'><strong>,</strong></span> <span class='ocrx_word' id='word_1_207' title='bbox 1573 2649 1850 2714; x_wconf 86' lang='lat' dir='ltr'><strong>quomodo</strong></span> <span class='ocrx_word' id='word_1_208' title='bbox 1901 2664 1941 2699; x_wconf 85' lang='lat' dir='ltr'><strong>a-</strong></span> <span class='ocrx_word' id='word_1_209' title='bbox 1983 2663 2189 2701; x_wconf 88' lang='lat' dir='ltr'><strong>canone</strong></span> <span class='ocrx_word' id='word_1_210' title='bbox 2240 2665 2346 2702; x_wconf 90' lang='lat' dir='ltr'><strong>non</strong></span> 
     </span>
    </p>
   </div>
   <div class='ocr_carea' id='block_1_29' title="bbox 782 2737 2346 2807">
    <p class='ocr_par' dir='ltr' id='par_1_29' title="bbox 782 2737 2346 2807">
     <span class='ocr_line' id='line_1_29' title="bbox 782 2737 2346 2807; baseline 0.003 -20"><span class='ocrx_word' id='word_1_211' title='bbox 782 2740 1004 2802; x_wconf 82' lang='lat' dir='ltr'><strong>punitur</strong></span> <span class='ocrx_word' id='word_1_212' title='bbox 1036 2740 1100 2800; x_wconf 90' lang='lat' dir='ltr'><strong>is,</strong></span> <span class='ocrx_word' id='word_1_213' title='bbox 1132 2739 1224 2805; x_wconf 82' lang='lat' dir='ltr'><strong>qui</strong></span> <span class='ocrx_word' id='word_1_214' title='bbox 1263 2754 1386 2790; x_wconf 90' lang='lat' dir='ltr'><strong>eum</strong></span> <span class='ocrx_word' id='word_1_215' title='bbox 1421 2738 1837 2806; x_wconf 74' lang='lat' dir='ltr'><strong>transgreditur.</strong></span> <span class='ocrx_word' id='word_1_216' title='bbox 1867 2737 2007 2807; x_wconf 78' lang='lat' dir='ltr'><strong>Lege</strong></span> <span class='ocrx_word' id='word_1_217' title='bbox 2033 2751 2087 2792; x_wconf 80' lang='lat' dir='ltr'><strong>et</strong></span> <span class='ocrx_word' id='word_1_218' title='bbox 2133 2737 2200 2792; x_wconf 87' lang='lat'><strong>80</strong></span> <span class='ocrx_word' id='word_1_219' title='bbox 2225 2755 2346 2792; x_wconf 80' lang='lat' dir='ltr'><strong>can.</strong></span> 
     </span>
    </p>
   </div>
   <div class='ocr_carea' id='block_1_30' title="bbox 783 2830 2347 2901">
    <p class='ocr_par' dir='ltr' id='par_1_30' title="bbox 783 2830 2347 2901">
     <span class='ocr_line' id='line_1_30' title="bbox 783 2830 2347 2901; baseline 0.001 -17"><span class='ocrx_word' id='word_1_220' title='bbox 783 2846 906 2900; x_wconf 76' lang='lat' dir='ltr'><strong>syn.</strong></span> <span class='ocrx_word' id='word_1_221' title='bbox 941 2830 1155 2895; x_wconf 89' lang='lat' dir='ltr'><strong>Cartb.,</strong></span> <span class='ocrx_word' id='word_1_222' title='bbox 1185 2841 1239 2884; x_wconf 88' lang='lat' dir='ltr'><strong>et</strong></span> <span class='ocrx_word' id='word_1_223' title='bbox 1267 2832 1408 2884; x_wconf 89' lang='lat' dir='ltr'><strong>scies</strong></span> <span class='ocrx_word' id='word_1_224' title='bbox 1429 2831 1701 2899; x_wconf 90' lang='lat' dir='ltr'><strong>quomodo</strong></span> <span class='ocrx_word' id='word_1_225' title='bbox 1730 2831 2050 2900; x_wconf 83' lang='lat' dir='ltr'><strong>puniuntur,</strong></span> <span class='ocrx_word' id='word_1_226' title='bbox 2093 2833 2181 2901; x_wconf 90' lang='lat' dir='ltr'><strong>qui</strong></span> <span class='ocrx_word' id='word_1_227' title='bbox 2218 2832 2347 2886; x_wconf 82' lang='lat' dir='ltr'><strong>alibi</strong></span> 
     </span>
    </p>
   </div>
   <div class='ocr_carea' id='block_1_31' title="bbox 783 2923 1777 2994">
    <p class='ocr_par' dir='ltr' id='par_1_31' title="bbox 783 2923 1777 2994">
     <span class='ocr_line' id='line_1_31' title="bbox 783 2923 1777 2994; baseline 0.004 -21"><span class='ocrx_word' id='word_1_228' title='bbox 783 2923 926 2977; x_wconf 90' lang='lat' dir='ltr'><strong>tonsi</strong></span> <span class='ocrx_word' id='word_1_229' title='bbox 959 2931 1107 2986; x_wconf 84' lang='lat' dir='ltr'><strong>sunt,</strong></span> <span class='ocrx_word' id='word_1_230' title='bbox 1140 2932 1194 2976; x_wconf 90' lang='lat' dir='ltr'><strong>et</strong></span> <span class='ocrx_word' id='word_1_231' title='bbox 1222 2923 1312 2992; x_wconf 92' lang='lat' dir='ltr'><strong>qui</strong></span> <span class='ocrx_word' id='word_1_232' title='bbox 1339 2938 1434 2983; x_wconf 83' lang='lat' dir='ltr'><strong>eos</strong></span> <span class='ocrx_word' id='word_1_233' title='bbox 1465 2923 1777 2994; x_wconf 86' lang='lat' dir='ltr'><strong>suscipiunt</strong></span> 
     </span>
    </p>
   </div>
   <div class='ocr_carea' id='block_1_32' title="bbox 2507 594 3328 661">
    <p class='ocr_par' dir='ltr' id='par_1_32' title="bbox 2507 594 3328 661">
     <span class='ocr_line' id='line_1_32' title="bbox 2507 594 3328 661; baseline -0.012 -11"><span class='ocrx_word' id='word_1_234' title='bbox 2507 615 2526 649; x_wconf 80' lang='grc' dir='ltr'><strong>ι</strong></span> <span class='ocrx_word' id='word_1_235' title='bbox 2569 614 2662 650; x_wconf 90' lang='grc' dir='ltr'><strong>νου</strong></span> <span class='ocrx_word' id='word_1_236' title='bbox 2695 595 2856 649; x_wconf 82' lang='grc' dir='ltr'>αὑτοῦ</span> <span class='ocrx_word' id='word_1_237' title='bbox 2885 595 2946 646; x_wconf 84' lang='grc' dir='ltr'><strong>οὺ</strong></span> <span class='ocrx_word' id='word_1_238' title='bbox 2977 594 3259 661; x_wconf 70' lang='grc' dir='ltr'>προσήκειι</span> <span class='ocrx_word' id='word_1_239' title='bbox 3309 603 3328 640; x_wconf 74' lang='lat' dir='ltr'><strong>t</strong></span> 
     </span>
    </p>
   </div>
   <div class='ocr_carea' id='block_1_33' title="bbox 2503 695 3996 767">
    <p class='ocr_par' dir='ltr' id='par_1_33' title="bbox 2503 695 3996 767">
     <span class='ocr_line' id='line_1_33' title="bbox 2503 695 3996 767; baseline -0.009 -8"><span class='ocrx_word' id='word_1_240' title='bbox 2503 707 2702 760; x_wconf 76' lang='grc' dir='ltr'><strong>ΒΑΛΣ.</strong></span> <span class='ocrx_word' id='word_1_241' title='bbox 2738 705 2892 758; x_wconf 79' lang='grc' dir='ltr'>Μετὰ</span> <span class='ocrx_word' id='word_1_242' title='bbox 2923 703 2984 755; x_wconf 84' lang='grc' dir='ltr'><strong>τὸ</strong></span> <span class='ocrx_word' id='word_1_243' title='bbox 3015 701 3198 755; x_wconf 83' lang='grc' dir='ltr'>δοῦναί</span> <span class='ocrx_word' id='word_1_244' title='bbox 3231 717 3352 752; x_wconf 88' lang='grc' dir='ltr'>τινα</span> <span class='ocrx_word' id='word_1_245' title='bbox 3379 698 3656 767; x_wconf 77' lang='grc' dir='ltr'><strong>συνθήκας</strong></span> <span class='ocrx_word' id='word_1_246' title='bbox 3681 697 3780 750; x_wconf 72' lang='grc' dir='ltr'>καὶ</span> <span class='ocrx_word' id='word_1_247' title='bbox 3807 695 3996 762; x_wconf 71' lang='grc' dir='ltr'>ὁμολο-</span> 
     </span>
    </p>
   </div>
   <div class='ocr_carea' id='block_1_34' title="bbox 2434 785 3996 868">
    <p class='ocr_par' dir='ltr' id='par_1_34' title="bbox 2434 785 3996 868">
     <span class='ocr_line' id='line_1_34' title="bbox 2434 785 3996 868; baseline -0.006 -18"><span class='ocrx_word' id='word_1_248' title='bbox 2434 801 2571 868; x_wconf 80' lang='grc' dir='ltr'>γίας</span> <span class='ocrx_word' id='word_1_249' title='bbox 2592 801 2671 855; x_wconf 81' lang='grc' dir='ltr'><strong>είς</strong></span> <span class='ocrx_word' id='word_1_250' title='bbox 2723 799 2855 850; x_wconf 81' lang='grc' dir='ltr'>Θεὸν</span> <span class='ocrx_word' id='word_1_251' title='bbox 2889 797 3047 865; x_wconf 82' lang='grc' dir='ltr'><strong>χάριν</strong></span> <span class='ocrx_word' id='word_1_252' title='bbox 3078 793 3169 847; x_wconf 74' lang='grc' dir='ltr'>τοῦ</span> <span class='ocrx_word' id='word_1_253' title='bbox 3204 793 3531 862; x_wconf 79' lang='grc' dir='ltr'><strong>προσμένειν</strong></span> <span class='ocrx_word' id='word_1_254' title='bbox 3566 793 3624 842; x_wconf 75' lang='grc' dir='ltr'>ὲν</span> <span class='ocrx_word' id='word_1_255' title='bbox 3680 785 3996 862; x_wconf 76' lang='grc' dir='ltr'>ᾖάπεκάρη</span> 
     </span>
    </p>
   </div>
   <div class='ocr_carea' id='block_1_35' title="bbox 2440 879 3999 960">
    <p class='ocr_par' dir='ltr' id='par_1_35' title="bbox 2440 879 3999 960">
     <span class='ocr_line' id='line_1_35' title="bbox 2440 879 3999 960; baseline -0.008 -18"><span class='ocrx_word' id='word_1_256' title='bbox 2440 894 2596 960; x_wconf 79' lang='grc' dir='ltr'>μονῇ,</span> <span class='ocrx_word' id='word_1_257' title='bbox 2627 889 2746 952; x_wconf 84' lang='grc' dir='ltr'>πῶς</span> <span class='ocrx_word' id='word_1_258' title='bbox 2796 885 3329 957; x_wconf 78' lang='grc' dir='ltr'>παραχωρηθήσεται</span> <span class='ocrx_word' id='word_1_259' title='bbox 3358 882 3457 950; x_wconf 84' lang='grc' dir='ltr'>τὴν</span> <span class='ocrx_word' id='word_1_260' title='bbox 3497 881 3709 933; x_wconf 78' lang='grc' dir='ltr'>οἰκείαν</span> <span class='ocrx_word' id='word_1_261' title='bbox 3738 879 3999 948; x_wconf 73' lang='grc' dir='ltr'><strong>ἀθετῆσαι</strong></span> 
     </span>
    </p>
   </div>
   <div class='ocr_carea' id='block_1_36' title="bbox 2435 973 4005 1050">
    <p class='ocr_par' dir='ltr' id='par_1_36' title="bbox 2435 973 4005 1050">
     <span class='ocr_line' id='line_1_36' title="bbox 2435 973 4005 1050; baseline -0.009 -15"><span class='ocrx_word' id='word_1_262' title='bbox 2435 981 2744 1050; x_wconf 77' lang='grc' dir='ltr'><strong>ὁμολογίαν,</strong></span> <span class='ocrx_word' id='word_1_263' title='bbox 2791 981 2886 1032; x_wconf 73' lang='grc' dir='ltr'>καὶ</span> <span class='ocrx_word' id='word_1_264' title='bbox 2919 982 2998 1040; x_wconf 82' lang='grc' dir='ltr'>εις</span> <span class='ocrx_word' id='word_1_265' title='bbox 3045 980 3244 1046; x_wconf 79' lang='grc' dir='ltr'><strong>ἑτέραν</strong></span> <span class='ocrx_word' id='word_1_266' title='bbox 3277 975 3531 1027; x_wconf 79' lang='grc' dir='ltr'><strong>ἀπελθεῖν</strong></span> <span class='ocrx_word' id='word_1_267' title='bbox 3587 975 3802 1043; x_wconf 74' lang='grc' dir='ltr'>μονήν;</span> <span class='ocrx_word' id='word_1_268' title='bbox 3835 973 4005 1038; x_wconf 52' lang='lat' dir='ltr'><strong>Ampi-</strong></span> 
     </span>
    </p>
   </div>
   <div class='ocr_carea' id='block_1_37' title="bbox 2427 1066 4001 1139">
    <p class='ocr_par' dir='ltr' id='par_1_37' title="bbox 2427 1066 4001 1139">
     <span class='ocr_line' id='line_1_37' title="bbox 2427 1066 4001 1139; baseline -0.009 -12"><span class='ocrx_word' id='word_1_269' title='bbox 2427 1075 2591 1139; x_wconf 64' lang='lat' dir='ltr'><strong>(stat</strong></span> <span class='ocrx_word' id='word_1_270' title='bbox 2623 1068 2715 1125; x_wconf 79' lang='grc' dir='ltr'><strong>οὖν</strong></span> <span class='ocrx_word' id='word_1_271' title='bbox 2755 1073 2784 1122; x_wconf 98' lang='lat'><strong>6</strong></span> <span class='ocrx_word' id='word_1_272' title='bbox 2813 1071 2990 1123; x_wconf 87' lang='grc' dir='ltr'>κανὼν</span> <span class='ocrx_word' id='word_1_273' title='bbox 3026 1072 3162 1139; x_wconf 87' lang='grc' dir='ltr'>μήτε</span> <span class='ocrx_word' id='word_1_274' title='bbox 3207 1066 3442 1137; x_wconf 74' lang='grc' dir='ltr'>μοναχὸν</span> <span class='ocrx_word' id='word_1_275' title='bbox 3488 1067 3625 1135; x_wconf 83' lang='grc' dir='ltr'>μήτε</span> <span class='ocrx_word' id='word_1_276' title='bbox 3671 1067 4001 1133; x_wconf 80' lang='grc' dir='ltr'>μονάστριαν</span> 
     </span>
    </p>
   </div>
   <div class='ocr_carea' id='block_1_38' title="bbox 2438 1155 4003 1230">
    <p class='ocr_par' dir='ltr' id='par_1_38' title="bbox 2438 1155 4003 1230">
     <span class='ocr_line' id='line_1_38' title="bbox 2438 1155 4003 1230; baseline -0.008 -12"><span class='ocrx_word' id='word_1_277' title='bbox 2438 1165 2792 1225; x_wconf 78' lang='grc' dir='ltr'><strong>ἀσυντάκτως</strong></span> <span class='ocrx_word' id='word_1_278' title='bbox 2826 1162 3128 1230; x_wconf 80' lang='grc' dir='ltr'>ἀναχωρεῖν</span> <span class='ocrx_word' id='word_1_279' title='bbox 3175 1159 3283 1212; x_wconf 78' lang='grc' dir='ltr'><strong>ἀπὸ</strong></span> <span class='ocrx_word' id='word_1_280' title='bbox 3315 1159 3413 1226; x_wconf 84' lang='grc' dir='ltr'>τῆς</span> <span class='ocrx_word' id='word_1_281' title='bbox 3453 1158 3662 1219; x_wconf 76' lang='grc' dir='ltr'><strong>οἰκείας</strong></span> <span class='ocrx_word' id='word_1_282' title='bbox 3695 1155 3891 1225; x_wconf 73' lang='grc' dir='ltr'>μονῆς.</span> <span class='ocrx_word' id='word_1_283' title='bbox 3919 1156 4003 1206; x_wconf 74' lang='grc' dir='ltr'><strong>καὶ</strong></span> 
     </span>
    </p>
   </div>
   <div class='ocr_carea' id='block_1_39' title="bbox 2439 1246 4008 1335">
    <p class='ocr_par' dir='ltr' id='par_1_39' title="bbox 2439 1246 4008 1335">
     <span class='ocr_line' id='line_1_39' title="bbox 2439 1246 4008 1335; baseline -0.008 -26"><span class='ocrx_word' id='word_1_284' title='bbox 2439 1259 2520 1318; x_wconf 85' lang='grc' dir='ltr'>εἰς</span> <span class='ocrx_word' id='word_1_285' title='bbox 2543 1256 2730 1325; x_wconf 76' lang='grc' dir='ltr'>ἕτερον</span> <span class='ocrx_word' id='word_1_286' title='bbox 2756 1253 3087 1322; x_wconf 71' lang='grc' dir='ltr'><strong>ἀπέρχεσθαι</strong></span> <span class='ocrx_word' id='word_1_287' title='bbox 3121 1252 3483 1319; x_wconf 76' lang='grc' dir='ltr'>μοναστήριον</span> <span class='ocrx_word' id='word_1_288' title='bbox 3509 1249 3673 1318; x_wconf 82' lang='grc' dir='ltr'>χάριν</span> <span class='ocrx_word' id='word_1_289' title='bbox 3713 1246 3816 1298; x_wconf 76' lang='grc' dir='ltr'>τοῦ</span> <span class='ocrx_word' id='word_1_290' title='bbox 3846 1264 4008 1335; x_wconf 78' lang='grc' dir='ltr'>κατα-</span> 
     </span>
    </p>
   </div>
   <div class='ocr_carea' id='block_1_40' title="bbox 2439 1337 4006 1416">
    <p class='ocr_par' dir='ltr' id='par_1_40' title="bbox 2439 1337 4006 1416">
     <span class='ocr_line' id='line_1_40' title="bbox 2439 1337 4006 1416; baseline -0.009 -16"><span class='ocrx_word' id='word_1_291' title='bbox 2439 1349 2672 1416; x_wconf 74' lang='grc' dir='ltr'>’παγῆναι</span> <span class='ocrx_word' id='word_1_292' title='bbox 2702 1349 2758 1398; x_wconf 85' lang='grc' dir='ltr'>ὲν</span> <span class='ocrx_word' id='word_1_293' title='bbox 2791 1343 2958 1413; x_wconf 81' lang='grc' dir='ltr'>αὐτῷ.</span> <span class='ocrx_word' id='word_1_294' title='bbox 2990 1343 3052 1394; x_wconf 87' lang='grc' dir='ltr'><strong>Εἰ</strong></span> <span class='ocrx_word' id='word_1_295' title='bbox 3081 1341 3138 1394; x_wconf 82' lang='grc' dir='ltr'>δὲ</span> <span class='ocrx_word' id='word_1_296' title='bbox 3185 1340 3441 1401; x_wconf 77' lang='grc' dir='ltr'>πολλάκις</span> <span class='ocrx_word' id='word_1_297' title='bbox 3495 1340 3582 1391; x_wconf 78' lang='grc' dir='ltr'><strong>δια</strong></span> <span class='ocrx_word' id='word_1_298' title='bbox 3633 1337 4006 1407; x_wconf 60' lang='grc' dir='ltr'>μικροψυχία-ι</span> 
     </span>
    </p>
   </div>
   <div class='ocr_carea' id='block_1_41' title="bbox 2440 1428 4010 1505">
    <p class='ocr_par' dir='ltr' id='par_1_41' title="bbox 2440 1428 4010 1505">
     <span class='ocr_line' id='line_1_41' title="bbox 2440 1428 4010 1505; baseline -0.004 -21"><span class='ocrx_word' id='word_1_299' title='bbox 2440 1434 2667 1501; x_wconf 84' lang='grc' dir='ltr'>γένηται</span> <span class='ocrx_word' id='word_1_300' title='bbox 2717 1430 2894 1505; x_wconf 81' lang='grc' dir='ltr'>τοῦτο,</span> <span class='ocrx_word' id='word_1_301' title='bbox 2945 1430 3019 1498; x_wconf 78' lang='grc' dir='ltr'>μὴ</span> <span class='ocrx_word' id='word_1_302' title='bbox 3078 1428 3594 1499; x_wconf 80' lang='grc' dir='ltr'>προσλαμϐάνεσθαι</span> <span class='ocrx_word' id='word_1_303' title='bbox 3639 1428 3812 1480; x_wconf 75' lang='grc' dir='ltr'>αὑτὸν</span> <span class='ocrx_word' id='word_1_304' title='bbox 3867 1433 4010 1493; x_wconf 77' lang='grc' dir='ltr'>παρα</span> 
     </span>
    </p>
   </div>
   <div class='ocr_carea' id='block_1_42' title="bbox 2441 1519 4009 1590">
    <p class='ocr_par' dir='ltr' id='par_1_42' title="bbox 2441 1519 4009 1590">
     <span class='ocr_line' id='line_1_42' title="bbox 2441 1519 4009 1590; baseline -0.003 -15"><span class='ocrx_word' id='word_1_305' title='bbox 2441 1523 2534 1575; x_wconf 82' lang='grc' dir='ltr'>τοῦ</span> <span class='ocrx_word' id='word_1_306' title='bbox 2583 1521 2926 1590; x_wconf 83' lang='grc' dir='ltr'>προεστῶτος</span> <span class='ocrx_word' id='word_1_307' title='bbox 2973 1522 3102 1574; x_wconf 83' lang='grc' dir='ltr'>ἄνευ</span> <span class='ocrx_word' id='word_1_308' title='bbox 3155 1520 3410 1588; x_wconf 74' lang='grc' dir='ltr'>εἰδήσεως</span> <span class='ocrx_word' id='word_1_309' title='bbox 3463 1519 3558 1571; x_wconf 80' lang='grc' dir='ltr'><strong>τοῦ</strong></span> <span class='ocrx_word' id='word_1_310' title='bbox 3604 1519 4009 1588; x_wconf 74' lang='grc' dir='ltr'>κουρεὺσαντος</span> 
     </span>
    </p>
   </div>
   <div class='ocr_carea' id='block_1_43' title="bbox 2442 1607 4013 1681">
    <p class='ocr_par' dir='ltr' id='par_1_43' title="bbox 2442 1607 4013 1681">
     <span class='ocr_line' id='line_1_43' title="bbox 2442 1607 4013 1681; baseline -0.005 -16"><span class='ocrx_word' id='word_1_311' title='bbox 2442 1612 2604 1665; x_wconf 81' lang='grc' dir='ltr'>αὑτὸν</span> <span class='ocrx_word' id='word_1_312' title='bbox 2634 1612 2958 1681; x_wconf 78' lang='grc' dir='ltr'><strong>ἡγουμένου,</strong></span> <span class='ocrx_word' id='word_1_313' title='bbox 3002 1608 3244 1678; x_wconf 82' lang='grc' dir='ltr'>δηλονότι</span> <span class='ocrx_word' id='word_1_314' title='bbox 3293 1607 3460 1678; x_wconf 72' lang='grc' dir='ltr'>χωρὶς</span> <span class='ocrx_word' id='word_1_315' title='bbox 3502 1607 3850 1673; x_wconf 79' lang='grc' dir='ltr'>ἀπολυτικῆς</span> <span class='ocrx_word' id='word_1_316' title='bbox 3883 1623 4013 1674; x_wconf 78' lang='grc' dir='ltr'>γρα-</span> 
     </span>
    </p>
   </div>
   <div class='ocr_carea' id='block_1_44' title="bbox 2445 1696 4012 1770">
    <p class='ocr_par' dir='ltr' id='par_1_44' title="bbox 2445 1696 4012 1770">
     <span class='ocr_line' id='line_1_44' title="bbox 2445 1696 4012 1770; baseline -0.003 -18"><span class='ocrx_word' id='word_1_317' title='bbox 2445 1704 2554 1770; x_wconf 78' lang='grc' dir='ltr'>φῆς</span> <span class='ocrx_word' id='word_1_318' title='bbox 2582 1701 2768 1754; x_wconf 81' lang='grc' dir='ltr'>αὐτοῦ·</span> <span class='ocrx_word' id='word_1_319' title='bbox 2816 1701 2953 1753; x_wconf 89' lang='grc' dir='ltr'><strong>άλλά</strong></span> <span class='ocrx_word' id='word_1_320' title='bbox 3001 1701 3159 1766; x_wconf 85' lang='grc' dir='ltr'>μόνον</span> <span class='ocrx_word' id='word_1_321' title='bbox 3191 1698 3612 1768; x_wconf 60' lang='grc' dir='ltr'>ξενοδοχεὶσθαι·</span> <span class='ocrx_word' id='word_1_322' title='bbox 3645 1698 3734 1750; x_wconf 81' lang='grc' dir='ltr'>ἵνα</span> <span class='ocrx_word' id='word_1_323' title='bbox 3791 1697 3870 1766; x_wconf 74' lang='grc' dir='ltr'>μὴ</span> <span class='ocrx_word' id='word_1_324' title='bbox 3904 1696 4012 1765; x_wconf 76' lang='grc' dir='ltr'>βια-</span> 
     </span>
    </p>
   </div>
   <div class='ocr_carea' id='block_1_45' title="bbox 2447 1789 4008 1860">
    <p class='ocr_par' dir='ltr' id='par_1_45' title="bbox 2447 1789 4008 1860">
     <span class='ocr_line' id='line_1_45' title="bbox 2447 1789 4008 1860; baseline -0.002 -17"><span class='ocrx_word' id='word_1_325' title='bbox 2447 1795 2545 1860; x_wconf 83' lang='grc' dir='ltr'>σθῇ</span> <span class='ocrx_word' id='word_1_326' title='bbox 2573 1795 2653 1854; x_wconf 86' lang='grc' dir='ltr'><strong>είς</strong></span> <span class='ocrx_word' id='word_1_327' title='bbox 2681 1794 2918 1860; x_wconf 71' lang='grc' dir='ltr'>κοσμικέι</span> <span class='ocrx_word' id='word_1_328' title='bbox 2946 1793 3183 1854; x_wconf 78' lang='grc' dir='ltr'>ἀπιέναι,</span> <span class='ocrx_word' id='word_1_329' title='bbox 3215 1792 3307 1842; x_wconf 77' lang='grc' dir='ltr'><strong>καὶ</strong></span> <span class='ocrx_word' id='word_1_330' title='bbox 3350 1791 3556 1854; x_wconf 79' lang='grc' dir='ltr'>διάγειν</span> <span class='ocrx_word' id='word_1_331' title='bbox 3589 1792 3733 1858; x_wconf 80' lang='grc' dir='ltr'><strong>μετὰ</strong></span> <span class='ocrx_word' id='word_1_332' title='bbox 3785 1789 4008 1842; x_wconf 78' lang='grc' dir='ltr'>λαῑκῶν.</span> 
     </span>
    </p>
   </div>
   <div class='ocr_carea' id='block_1_46' title="bbox 2456 1880 4003 1951">
    <p class='ocr_par' dir='ltr' id='par_1_46' title="bbox 2456 1880 4003 1951">
     <span class='ocr_line' id='line_1_46' title="bbox 2456 1880 4003 1951; baseline -0.003 -16"><span class='ocrx_word' id='word_1_333' title='bbox 2456 1882 2515 1935; x_wconf 84' lang='lat'><strong>&#39;0</strong></span> <span class='ocrx_word' id='word_1_334' title='bbox 2553 1883 2734 1950; x_wconf 82' lang='grc' dir='ltr'>μέντοι</span> <span class='ocrx_word' id='word_1_335' title='bbox 2764 1881 2937 1951; x_wconf 82' lang='grc' dir='ltr'>μέγας</span> <span class='ocrx_word' id='word_1_336' title='bbox 2958 1881 3232 1943; x_wconf 85' lang='grc' dir='ltr'>Βασίλειος</span> <span class='ocrx_word' id='word_1_337' title='bbox 3258 1883 3314 1934; x_wconf 82' lang='grc' dir='ltr'><strong>ἐν</strong></span> <span class='ocrx_word' id='word_1_338' title='bbox 3345 1883 3456 1943; x_wconf 87' lang='grc' dir='ltr'>τοῖς</span> <span class='ocrx_word' id='word_1_339' title='bbox 3483 1883 3810 1948; x_wconf 80' lang='grc' dir='ltr'>ἀσκητικοίς</span> <span class='ocrx_word' id='word_1_340' title='bbox 3845 1880 4003 1932; x_wconf 77' lang='grc' dir='ltr'><strong>αὺτηῦ</strong></span> 
     </span>
    </p>
   </div>
   <div class='ocr_carea' id='block_1_47' title="bbox 2445 1958 4012 2042">
    <p class='ocr_par' dir='ltr' id='par_1_47' title="bbox 2445 1958 4012 2042">
     <span class='ocr_line' id='line_1_47' title="bbox 2445 1958 4012 2042; baseline -0.002 -17"><span class='ocrx_word' id='word_1_341' title='bbox 2445 1973 2757 2040; x_wconf 81' lang='grc' dir='ltr'>κεφαλαίοις</span> <span class='ocrx_word' id='word_1_342' title='bbox 2779 1958 3071 2039; x_wconf 80' lang='grc' dir='ltr'>διορίζεται</span> <span class='ocrx_word' id='word_1_343' title='bbox 3100 1973 3191 2024; x_wconf 78' lang='grc' dir='ltr'><strong>τὸν</strong></span> <span class='ocrx_word' id='word_1_344' title='bbox 3224 1970 3476 2042; x_wconf 83' lang='grc' dir='ltr'>μοναχὸν,</span> <span class='ocrx_word' id='word_1_345' title='bbox 3503 1971 3894 2041; x_wconf 78' lang='grc' dir='ltr'>βλαπτόμενον</span> <span class='ocrx_word' id='word_1_346' title='bbox 3921 1974 4012 2040; x_wconf 75' lang='grc' dir='ltr'><strong>ψυ-</strong></span> 
     </span>
    </p>
   </div>
   <div class='ocr_carea' id='block_1_48' title="bbox 2445 2059 4011 2134">
    <p class='ocr_par' dir='ltr' id='par_1_48' title="bbox 2445 2059 4011 2134">
     <span class='ocr_line' id='line_1_48' title="bbox 2445 2059 4011 2134; baseline 0 -19"><span class='ocrx_word' id='word_1_347' title='bbox 2445 2065 2632 2132; x_wconf 86' lang='grc' dir='ltr'>χικῶς,</span> <span class='ocrx_word' id='word_1_348' title='bbox 2665 2066 2963 2132; x_wconf 78' lang='grc' dir='ltr'>ἀναχωρεῖν</span> <span class='ocrx_word' id='word_1_349' title='bbox 2993 2063 3084 2130; x_wconf 78' lang='grc' dir='ltr'><strong>ἀφ’</strong></span> <span class='ocrx_word' id='word_1_350' title='bbox 3115 2059 3182 2134; x_wconf 83' lang='grc' dir='ltr'>ἦς</span> <span class='ocrx_word' id='word_1_351' title='bbox 3212 2066 3467 2134; x_wconf 82' lang='grc' dir='ltr'>ἁπεκάρη</span> <span class='ocrx_word' id='word_1_352' title='bbox 3496 2064 3692 2132; x_wconf 77' lang='grc' dir='ltr'>μονῆς·</span> <span class='ocrx_word' id='word_1_353' title='bbox 3723 2065 3826 2117; x_wconf 84' lang='grc' dir='ltr'>καὶ</span> <span class='ocrx_word' id='word_1_354' title='bbox 3865 2065 4011 2116; x_wconf 73' lang='grc' dir='ltr'>τοῦτο</span> 
     </span>
    </p>
   </div>
   <div class='ocr_carea' id='block_1_49' title="bbox 2446 2142 4013 2226">
    <p class='ocr_par' dir='ltr' id='par_1_49' title="bbox 2446 2142 4013 2226">
     <span class='ocr_line' id='line_1_49' title="bbox 2446 2142 4013 2226; baseline 0.001 -20"><span class='ocrx_word' id='word_1_355' title='bbox 2446 2155 2502 2206; x_wconf 86' lang='grc' dir='ltr'>δὲ</span> <span class='ocrx_word' id='word_1_356' title='bbox 2534 2157 2708 2208; x_wconf 76' lang='grc' dir='ltr'>ποιεῖν</span> <span class='ocrx_word' id='word_1_357' title='bbox 2743 2154 2883 2226; x_wconf 75' lang='grc' dir='ltr'>μετᾲ</span> <span class='ocrx_word' id='word_1_358' title='bbox 2910 2155 2969 2207; x_wconf 86' lang='grc' dir='ltr'><strong>τὸ</strong></span> <span class='ocrx_word' id='word_1_359' title='bbox 3013 2158 3187 2208; x_wconf 76' lang='grc' dir='ltr'>εἰπεῖν</span> <span class='ocrx_word' id='word_1_360' title='bbox 3227 2155 3322 2208; x_wconf 77' lang='grc' dir='ltr'>καὶ</span> <span class='ocrx_word' id='word_1_361' title='bbox 3365 2153 3512 2219; x_wconf 75' lang='grc' dir='ltr'>ἅπαξ</span> <span class='ocrx_word' id='word_1_362' title='bbox 3546 2158 3640 2208; x_wconf 77' lang='grc' dir='ltr'>καὶ</span> <span class='ocrx_word' id='word_1_363' title='bbox 3674 2142 3864 2218; x_wconf 52' lang='grc' dir='ltr'><strong>διξτά</strong></span> <span class='ocrx_word' id='word_1_364' title='bbox 3895 2158 4013 2226; x_wconf 57' lang='lat' dir='ltr'><strong>api</strong></span> 
     </span>
    </p>
   </div>
   <div class='ocr_carea' id='block_1_50' title="bbox 2446 2247 4008 2318">
    <p class='ocr_par' dir='ltr' id='par_1_50' title="bbox 2446 2247 4008 2318">
     <span class='ocr_line' id='line_1_50' title="bbox 2446 2247 4008 2318; baseline 0.001 -18"><span class='ocrx_word' id='word_1_365' title='bbox 2446 2247 2635 2300; x_wconf 85' lang='grc' dir='ltr'>τούτου</span> <span class='ocrx_word' id='word_1_366' title='bbox 2671 2249 2808 2314; x_wconf 87' lang='grc' dir='ltr'>πρὸς</span> <span class='ocrx_word' id='word_1_367' title='bbox 2837 2249 2926 2300; x_wconf 75' lang='grc' dir='ltr'><strong>τὸν</strong></span> <span class='ocrx_word' id='word_1_368' title='bbox 2977 2249 3392 2318; x_wconf 78' lang='grc' dir='ltr'>καθηγούμενον</span> <span class='ocrx_word' id='word_1_369' title='bbox 3419 2254 3512 2301; x_wconf 76' lang='grc' dir='ltr'><strong>καὶ</strong></span> <span class='ocrx_word' id='word_1_370' title='bbox 3539 2250 3669 2311; x_wconf 81' lang='grc' dir='ltr'>τοὺς</span> <span class='ocrx_word' id='word_1_371' title='bbox 3719 2250 4008 2318; x_wconf 64' lang='grc' dir='ltr'>μοναχοῦς,</span> 
     </span>
    </p>
   </div>
   <div class='ocr_carea' id='block_1_51' title="bbox 2448 2322 4012 2412">
    <p class='ocr_par' dir='ltr' id='par_1_51' title="bbox 2448 2322 4012 2412">
     <span class='ocr_line' id='line_1_51' title="bbox 2448 2322 4012 2412; baseline 0.002 -19"><span class='ocrx_word' id='word_1_372' title='bbox 2448 2339 2542 2393; x_wconf 69' lang='grc' dir='ltr'><strong>καὶ⁵</strong></span> <span class='ocrx_word' id='word_1_373' title='bbox 2573 2340 2647 2410; x_wconf 77' lang='grc' dir='ltr'>μὴ</span> <span class='ocrx_word' id='word_1_374' title='bbox 2681 2340 3038 2410; x_wconf 85' lang='grc' dir='ltr'>διορθωθῆναι</span> <span class='ocrx_word' id='word_1_375' title='bbox 3081 2341 3141 2394; x_wconf 84' lang='grc' dir='ltr'>τὸ</span> <span class='ocrx_word' id='word_1_376' title='bbox 3184 2342 3374 2396; x_wconf 86' lang='grc' dir='ltr'>κακόν.</span> <span class='ocrx_word' id='word_1_377' title='bbox 3419 2342 3507 2411; x_wconf 86' lang='grc' dir='ltr'><strong>Τῷ</strong></span> <span class='ocrx_word' id='word_1_378' title='bbox 3546 2322 3791 2412; x_wconf 46' lang='grc' dir='ltr'>’ὀνόματι</span> <span class='ocrx_word' id='word_1_379' title='bbox 3839 2343 3897 2395; x_wconf 79' lang='grc' dir='ltr'><strong>δὲ</strong></span> <span class='ocrx_word' id='word_1_380' title='bbox 3927 2345 4012 2410; x_wconf 77' lang='grc' dir='ltr'>τῆς</span> 
     </span>
    </p>
   </div>
   <div class='ocr_carea' id='block_1_52' title="bbox 2450 2431 4014 2505">
    <p class='ocr_par' dir='ltr' id='par_1_52' title="bbox 2450 2431 4014 2505">
     <span class='ocr_line' id='line_1_52' title="bbox 2450 2431 4014 2505; baseline 0.003 -23"><span class='ocrx_word' id='word_1_381' title='bbox 2450 2431 2751 2500; x_wconf 78' lang='grc' dir='ltr'>ξενοδοχίας</span> <span class='ocrx_word' id='word_1_382' title='bbox 2801 2432 2876 2502; x_wconf 83' lang='grc' dir='ltr'>μὴ</span> <span class='ocrx_word' id='word_1_383' title='bbox 2904 2431 3064 2504; x_wconf 79' lang='grc' dir='ltr'>εἴπῃς</span> <span class='ocrx_word' id='word_1_384' title='bbox 3096 2433 3188 2484; x_wconf 78' lang='grc' dir='ltr'><strong>ἐπὶ</strong></span> <span class='ocrx_word' id='word_1_385' title='bbox 3237 2433 3403 2486; x_wconf 79' lang='grc' dir='ltr'>πολὺν</span> <span class='ocrx_word' id='word_1_386' title='bbox 3428 2435 3616 2505; x_wconf 75' lang='grc' dir='ltr'>καιρὸν</span> <span class='ocrx_word' id='word_1_387' title='bbox 3649 2435 3744 2486; x_wconf 83' lang='grc' dir='ltr'><strong>τὸν</strong></span> <span class='ocrx_word' id='word_1_388' title='bbox 3775 2435 4014 2499; x_wconf 72' lang='grc' dir='ltr'>ξενοκουο</span> 
     </span>
    </p>
   </div>
   <div class='ocr_carea' id='block_1_53' title="bbox 2449 2523 4014 2596">
    <p class='ocr_par' dir='ltr' id='par_1_53' title="bbox 2449 2523 4014 2596">
     <span class='ocr_line' id='line_1_53' title="bbox 2449 2523 4014 2596; baseline 0.004 -23"><span class='ocrx_word' id='word_1_389' title='bbox 2449 2524 2605 2593; x_wconf 84' lang='grc' dir='ltr'>ρίτην</span> <span class='ocrx_word' id='word_1_390' title='bbox 2643 2523 2873 2594; x_wconf 75' lang='grc' dir='ltr'>μοναχὸν</span> <span class='ocrx_word' id='word_1_391' title='bbox 2912 2524 3120 2591; x_wconf 82' lang='grc' dir='ltr'>διάγειν</span> <span class='ocrx_word' id='word_1_392' title='bbox 3155 2526 3237 2587; x_wconf 74' lang='grc' dir='ltr'>εἰς</span> <span class='ocrx_word' id='word_1_393' title='bbox 3284 2525 3571 2596; x_wconf 76' lang='grc' dir='ltr'>ἀλλοτρίαν</span> <span class='ocrx_word' id='word_1_394' title='bbox 3619 2527 3820 2596; x_wconf 75' lang='grc' dir='ltr'>μονὴν,</span> <span class='ocrx_word' id='word_1_395' title='bbox 3870 2527 4014 2580; x_wconf 72' lang='grc' dir='ltr'>τοῦτο</span> 
     </span>
    </p>
   </div>
   <div class='ocr_carea' id='block_1_54' title="bbox 2448 2613 4012 2688">
    <p class='ocr_par' dir='ltr' id='par_1_54' title="bbox 2448 2613 4012 2688">
     <span class='ocr_line' id='line_1_54' title="bbox 2448 2613 4012 2688; baseline 0.004 -24"><span class='ocrx_word' id='word_1_396' title='bbox 2448 2613 2556 2683; x_wconf 83' lang='grc' dir='ltr'>γὰρ</span> <span class='ocrx_word' id='word_1_397' title='bbox 2585 2614 2679 2666; x_wconf 76' lang='grc' dir='ltr'>καὶ</span> <span class='ocrx_word' id='word_1_398' title='bbox 2706 2616 3022 2685; x_wconf 81' lang='grc' dir='ltr'>περιγραφὴ</span> <span class='ocrx_word' id='word_1_399' title='bbox 3052 2615 3145 2668; x_wconf 75' lang='grc' dir='ltr'>τοῦ</span> <span class='ocrx_word' id='word_1_400' title='bbox 3175 2617 3393 2679; x_wconf 84' lang='grc' dir='ltr'>κανόνος</span> <span class='ocrx_word' id='word_1_401' title='bbox 3421 2618 3589 2670; x_wconf 77' lang='grc' dir='ltr'>ἐστίν·</span> <span class='ocrx_word' id='word_1_402' title='bbox 3615 2617 3738 2672; x_wconf 85' lang='grc' dir='ltr'>ἀλλ’</span> <span class='ocrx_word' id='word_1_403' title='bbox 3761 2621 3856 2686; x_wconf 70' lang='grc' dir='ltr'><strong>ἐφ’</strong></span> <span class='ocrx_word' id='word_1_404' title='bbox 3882 2623 4012 2688; x_wconf 61' lang='lat' dir='ltr'><strong>mte-</strong></span> 
     </span>
    </p>
   </div>
   <div class='ocr_carea' id='block_1_55' title="bbox 2453 2705 4014 2778">
    <p class='ocr_par' dir='ltr' id='par_1_55' title="bbox 2453 2705 4014 2778">
     <span class='ocr_line' id='line_1_55' title="bbox 2453 2705 4014 2778; baseline 0.004 -21"><span class='ocrx_word' id='word_1_405' title='bbox 2453 2722 2574 2775; x_wconf 85' lang='grc' dir='ltr'>ραις</span> <span class='ocrx_word' id='word_1_406' title='bbox 2605 2705 2877 2776; x_wconf 84' lang='grc' dir='ltr'>μετρίαις.</span> <span class='ocrx_word' id='word_1_407' title='bbox 2923 2708 3013 2776; x_wconf 80' lang='grc' dir='ltr'><strong>Μὴ</strong></span> <span class='ocrx_word' id='word_1_408' title='bbox 3043 2707 3334 2778; x_wconf 80' lang='grc' dir='ltr'>θαυμάσῃς</span> <span class='ocrx_word' id='word_1_409' title='bbox 3377 2709 3432 2761; x_wconf 81' lang='grc' dir='ltr'>δὲ</span> <span class='ocrx_word' id='word_1_410' title='bbox 3462 2709 3577 2771; x_wconf 86' lang='grc' dir='ltr'><strong>πῶς</strong></span> <span class='ocrx_word' id='word_1_411' title='bbox 3611 2711 3674 2762; x_wconf 79' lang='grc' dir='ltr'>οὐ</span> <span class='ocrx_word' id='word_1_412' title='bbox 3727 2712 4014 2775; x_wconf 72' lang='grc' dir='ltr'>κολάζεται</span> 
     </span>
    </p>
   </div>
   <div class='ocr_carea' id='block_1_56' title="bbox 2451 2798 4016 2868">
    <p class='ocr_par' dir='ltr' id='par_1_56' title="bbox 2451 2798 4016 2868">
     <span class='ocr_line' id='line_1_56' title="bbox 2451 2798 4016 2868; baseline 0.003 -20"><span class='ocrx_word' id='word_1_413' title='bbox 2451 2798 2600 2865; x_wconf 84' lang='grc' dir='ltr'><strong>παρά</strong></span> <span class='ocrx_word' id='word_1_414' title='bbox 2629 2798 2720 2850; x_wconf 86' lang='grc' dir='ltr'>τοῦ</span> <span class='ocrx_word' id='word_1_415' title='bbox 2752 2799 2971 2858; x_wconf 84' lang='grc' dir='ltr'>κανόνος</span> <span class='ocrx_word' id='word_1_416' title='bbox 3007 2801 3034 2851; x_wconf 90' lang='grc' dir='ltr'>ὁ</span> <span class='ocrx_word' id='word_1_417' title='bbox 3063 2800 3385 2868; x_wconf 75' lang='grc' dir='ltr'>παραϐάτης</span> <span class='ocrx_word' id='word_1_418' title='bbox 3421 2800 3634 2856; x_wconf 84' lang='grc' dir='ltr'>τούτου,</span> <span class='ocrx_word' id='word_1_419' title='bbox 3676 2801 4016 2867; x_wconf 72' lang='grc' dir='ltr'>Ἀ’νάγνωαιν</span> 
     </span>
    </p>
   </div>
   <div class='ocr_carea' id='block_1_57' title="bbox 2451 2891 4018 2964">
    <p class='ocr_par' dir='ltr' id='par_1_57' title="bbox 2451 2891 4018 2964">
     <span class='ocr_line' id='line_1_57' title="bbox 2451 2891 4018 2964; baseline 0.003 -22"><span class='ocrx_word' id='word_1_420' title='bbox 2451 2893 2545 2942; x_wconf 72' lang='grc' dir='ltr'>καὶ</span> <span class='ocrx_word' id='word_1_421' title='bbox 2572 2894 2663 2939; x_wconf 81' lang='grc' dir='ltr'><strong>τὸν</strong></span> <span class='ocrx_word' id='word_1_422' title='bbox 2702 2895 2753 2939; x_wconf 91' lang='grc' dir='ltr'>π’</span> <span class='ocrx_word' id='word_1_423' title='bbox 2807 2891 3007 2942; x_wconf 85' lang='grc' dir='ltr'>κανόνα</span> <span class='ocrx_word' id='word_1_424' title='bbox 3057 2891 3153 2960; x_wconf 78' lang='grc' dir='ltr'>τῆς</span> <span class='ocrx_word' id='word_1_425' title='bbox 3185 2895 3241 2942; x_wconf 81' lang='grc' dir='ltr'>ἐν</span> <span class='ocrx_word' id='word_1_426' title='bbox 3275 2893 3602 2964; x_wconf 79' lang='grc' dir='ltr'>Καρθαγένῃ</span> <span class='ocrx_word' id='word_1_427' title='bbox 3639 2895 3892 2957; x_wconf 77' lang='grc' dir='ltr'>συνόδου,</span> <span class='ocrx_word' id='word_1_428' title='bbox 3932 2897 4018 2948; x_wconf 69' lang='grc' dir='ltr'><strong>καὶ</strong></span> 
     </span>
    </p>
   </div>
   <div class='ocr_carea' id='block_1_58' title="bbox 2454 2981 4020 3053">
    <p class='ocr_par' dir='ltr' id='par_1_58' title="bbox 2454 2981 4020 3053">
     <span class='ocr_line' id='line_1_58' title="bbox 2454 2981 4020 3053; baseline 0.004 -21"><span class='ocrx_word' id='word_1_429' title='bbox 2454 2981 2630 3051; x_wconf 71' lang='grc' dir='ltr'>μάθῃς</span> <span class='ocrx_word' id='word_1_430' title='bbox 2666 2983 2813 3043; x_wconf 83' lang='grc' dir='ltr'>ὅπως</span> <span class='ocrx_word' id='word_1_431' title='bbox 2836 2984 2884 3034; x_wconf 74' lang='grc' dir='ltr'>οἱ</span> <span class='ocrx_word' id='word_1_432' title='bbox 2916 2982 3288 3052; x_wconf 81' lang='grc' dir='ltr'>ξενοκουρίται</span> <span class='ocrx_word' id='word_1_433' title='bbox 3328 2984 3671 3053; x_wconf 79' lang='grc' dir='ltr'>κολάζονται,</span> <span class='ocrx_word' id='word_1_434' title='bbox 3697 2987 3797 3040; x_wconf 80' lang='grc' dir='ltr'>καὶ</span> <span class='ocrx_word' id='word_1_435' title='bbox 3824 2989 3874 3038; x_wconf 81' lang='grc' dir='ltr'>οἱ</span> <span class='ocrx_word' id='word_1_436' title='bbox 3901 2987 4020 3039; x_wconf 71' lang='grc' dir='ltr'><strong>τοὺ·</strong></span> 
     </span>
    </p>
   </div>
   <div class='ocr_carea' id='block_1_59' title="bbox 2450 3073 2898 3143">
    <p class='ocr_par' dir='ltr' id='par_1_59' title="bbox 2450 3073 2898 3143">
     <span class='ocr_line' id='line_1_59' title="bbox 2450 3073 2898 3143; baseline 0.009 -19"><span class='ocrx_word' id='word_1_437' title='bbox 2450 3091 2572 3135; x_wconf 83' lang='grc' dir='ltr'>τους</span> <span class='ocrx_word' id='word_1_438' title='bbox 2603 3073 2898 3143; x_wconf 71' lang='grc' dir='ltr'>δεχόμενοι.</span> 
     </span>
    </p>
   </div>
   <div class='ocr_carea' id='block_1_60' title="bbox 853 3187 2349 3280">
    <p class='ocr_par' dir='ltr' id='par_1_60' title="bbox 853 3205 2349 3280">
     <span class='ocr_line' id='line_1_60' title="bbox 853 3205 2349 3280; baseline -0.001 -15"><span class='ocrx_word' id='word_1_439' title='bbox 853 3211 1018 3280; x_wconf 75' lang='lat'><strong>328</strong></span> <span class='ocrx_word' id='word_1_440' title='bbox 1048 3205 1297 3265; x_wconf 74' lang='lat' dir='ltr'><strong>ZONAR.</strong></span> <span class='ocrx_word' id='word_1_441' title='bbox 1328 3208 1645 3273; x_wconf 78' lang='lat' dir='ltr'><strong>Monaclios,</strong></span> <span class='ocrx_word' id='word_1_442' title='bbox 1681 3223 1789 3278; x_wconf 85' lang='lat' dir='ltr'><strong>quo</strong></span> <span class='ocrx_word' id='word_1_443' title='bbox 1823 3208 1940 3261; x_wconf 85' lang='lat' dir='ltr'><strong>loco</strong></span> <span class='ocrx_word' id='word_1_444' title='bbox 1991 3211 2228 3278; x_wconf 84' lang='lat' dir='ltr'><strong>primum</strong></span> <span class='ocrx_word' id='word_1_445' title='bbox 2262 3226 2349 3263; x_wconf 80' lang='lat' dir='ltr'><strong>re-</strong></span> 
     </span>
    </p>
   </div>
   <div class='ocr_carea' id='block_1_61' title="bbox 2446 3187 4021 3280">
    <p class='ocr_par' dir='ltr' id='par_1_61' title="bbox 2524 3187 4021 3266">
     <span class='ocr_line' id='line_1_61' title="bbox 2524 3187 4021 3266; baseline 0.005 -24"><span class='ocrx_word' id='word_1_446' title='bbox 2524 3187 2770 3245; x_wconf 80' lang='grc' dir='ltr'><strong>ΖΩΝΑΡ.</strong></span> <span class='ocrx_word' id='word_1_447' title='bbox 2823 3191 2964 3252; x_wconf 77' lang='grc' dir='ltr'>Τοὺς</span> <span class='ocrx_word' id='word_1_448' title='bbox 3028 3193 3318 3262; x_wconf 75' lang='grc' dir='ltr'>μοναχοὺς,</span> <span class='ocrx_word' id='word_1_449' title='bbox 3369 3192 3497 3247; x_wconf 74' lang='grc' dir='ltr'>ἔνθα</span> <span class='ocrx_word' id='word_1_450' title='bbox 3544 3196 3899 3261; x_wconf 77' lang='grc' dir='ltr'>ἀπετάξαντο</span> <span class='ocrx_word' id='word_1_451' title='bbox 3949 3199 4021 3266; x_wconf 80' lang='grc' dir='ltr'>τῷ</span> 
     </span>
    </p>
   </div>
   <div class='ocr_carea' id='block_1_62' title="bbox 784 3297 2352 3366">
    <p class='ocr_par' dir='ltr' id='par_1_62' title="bbox 784 3297 2352 3366">
     <span class='ocr_line' id='line_1_62' title="bbox 784 3297 2352 3366; baseline -0.001 -12"><span class='ocrx_word' id='word_1_452' title='bbox 784 3301 888 3354; x_wconf 84' lang='lat' dir='ltr'><strong>bus</strong></span> <span class='ocrx_word' id='word_1_453' title='bbox 918 3302 1168 3354; x_wconf 87' lang='lat' dir='ltr'><strong>humanis</strong></span> <span class='ocrx_word' id='word_1_454' title='bbox 1198 3315 1227 3351; x_wconf 89' lang='lat' dir='ltr'><strong>a</strong></span> <span class='ocrx_word' id='word_1_455' title='bbox 1265 3315 1324 3354; x_wconf 85' lang='lat' dir='ltr'><strong>se</strong></span> <span class='ocrx_word' id='word_1_456' title='bbox 1377 3299 1697 3366; x_wconf 80' lang='lat' dir='ltr'><strong>ahjudicatis</strong></span> <span class='ocrx_word' id='word_1_457' title='bbox 1747 3297 2060 3352; x_wconf 78' lang='lat' dir='ltr'><strong>monasticze</strong></span> <span class='ocrx_word' id='word_1_458' title='bbox 2103 3300 2225 3351; x_wconf 70' lang='lat' dir='ltr'><strong>vita:</strong></span> <span class='ocrx_word' id='word_1_459' title='bbox 2268 3299 2352 3352; x_wconf 52' lang='lat' dir='ltr'><strong>ine</strong></span> 
     </span>
    </p>
   </div>
   <div class='ocr_carea' id='block_1_63' title="bbox 784 3391 2349 3460">
    <p class='ocr_par' dir='ltr' id='par_1_63' title="bbox 784 3391 2349 3460">
     <span class='ocr_line' id='line_1_63' title="bbox 784 3391 2349 3460; baseline 0 -16"><span class='ocrx_word' id='word_1_460' title='bbox 784 3393 1037 3446; x_wconf 87' lang='lat' dir='ltr'><strong>stitutum</strong></span> <span class='ocrx_word' id='word_1_461' title='bbox 1067 3391 1298 3460; x_wconf 77' lang='lat' dir='ltr'><strong>amplexi</strong></span> <span class='ocrx_word' id='word_1_462' title='bbox 1327 3399 1472 3453; x_wconf 87' lang='lat' dir='ltr'><strong>sunt,</strong></span> <span class='ocrx_word' id='word_1_463' title='bbox 1508 3392 1562 3442; x_wconf 93' lang='lat' dir='ltr'><strong>in</strong></span> <span class='ocrx_word' id='word_1_464' title='bbox 1599 3395 1664 3443; x_wconf 83' lang='lat' dir='ltr'><strong>eo</strong></span> <span class='ocrx_word' id='word_1_465' title='bbox 1702 3405 1922 3442; x_wconf 83' lang='lat' dir='ltr'><strong>manere</strong></span> <span class='ocrx_word' id='word_1_466' title='bbox 1946 3430 1962 3455; x_wconf 91' lang='lat'><strong>,</strong></span> <span class='ocrx_word' id='word_1_467' title='bbox 2027 3405 2131 3445; x_wconf 91' lang='lat' dir='ltr'><strong>nec</strong></span> <span class='ocrx_word' id='word_1_468' title='bbox 2189 3393 2349 3444; x_wconf 78' lang='lat' dir='ltr'><strong>aliain</strong></span> 
     </span>
    </p>
   </div>
   <div class='ocr_carea' id='block_1_64' title="bbox 782 3479 2350 3550">
    <p class='ocr_par' dir='ltr' id='par_1_64' title="bbox 782 3479 2350 3550">
     <span class='ocr_line' id='line_1_64' title="bbox 782 3479 2350 3550; baseline -0.001 -14"><span class='ocrx_word' id='word_1_469' title='bbox 782 3483 889 3536; x_wconf 84' lang='lat' dir='ltr'><strong>sibi</strong></span> <span class='ocrx_word' id='word_1_470' title='bbox 925 3482 1214 3536; x_wconf 87' lang='lat' dir='ltr'><strong>stationem</strong></span> <span class='ocrx_word' id='word_1_471' title='bbox 1267 3496 1510 3548; x_wconf 68' lang='lat' dir='ltr'><strong>quaerere</strong></span> <span class='ocrx_word' id='word_1_472' title='bbox 1563 3489 1799 3546; x_wconf 84' lang='lat' dir='ltr'><strong>oportet.</strong></span> <span class='ocrx_word' id='word_1_473' title='bbox 1837 3479 1991 3544; x_wconf 86' lang='lat' dir='ltr'><strong>Onod</strong></span> <span class='ocrx_word' id='word_1_474' title='bbox 2043 3482 2087 3534; x_wconf 90' lang='lat' dir='ltr'><strong>si</strong></span> <span class='ocrx_word' id='word_1_475' title='bbox 2137 3483 2260 3550; x_wconf 90' lang='lat' dir='ltr'><strong>quis</strong></span> <span class='ocrx_word' id='word_1_476' title='bbox 2298 3483 2350 3534; x_wconf 91' lang='lat' dir='ltr'><strong>in</strong></span> 
     </span>
    </p>
   </div>
   <div class='ocr_carea' id='block_1_65' title="bbox 783 3573 2350 3643">
    <p class='ocr_par' dir='ltr' id='par_1_65' title="bbox 783 3573 2350 3643">
     <span class='ocr_line' id='line_1_65' title="bbox 783 3573 2350 3643; baseline 0 -17"><span class='ocrx_word' id='word_1_477' title='bbox 783 3576 1016 3626; x_wconf 79' lang='lat' dir='ltr'><strong>alterum</strong></span> <span class='ocrx_word' id='word_1_478' title='bbox 1054 3574 1439 3626; x_wconf 75' lang='lat' dir='ltr'><strong>monasterium</strong></span> <span class='ocrx_word' id='word_1_479' title='bbox 1478 3613 1493 3634; x_wconf 94' lang='lat'><strong>,</strong></span> <span class='ocrx_word' id='word_1_480' title='bbox 1530 3573 1721 3643; x_wconf 78' lang='lat' dir='ltr'><strong>relicto</strong></span> <span class='ocrx_word' id='word_1_481' title='bbox 1771 3573 1990 3643; x_wconf 86' lang='lat' dir='ltr'><strong>priore,</strong></span> <span class='ocrx_word' id='word_1_482' title='bbox 2047 3573 2350 3643; x_wconf 71' lang='lat' dir='ltr'><strong>dem&#39;gret;</strong></span> 
     </span>
    </p>
   </div>
   <div class='ocr_carea' id='block_1_66' title="bbox 784 3647 2354 3731">
    <p class='ocr_par' dir='ltr' id='par_1_66' title="bbox 784 3647 2354 3731">
     <span class='ocr_line' id='line_1_66' title="bbox 784 3647 2354 3731; baseline 0.001 -15"><span class='ocrx_word' id='word_1_483' title='bbox 784 3664 1026 3731; x_wconf 83' lang='lat' dir='ltr'><strong>hospitio</strong></span> <span class='ocrx_word' id='word_1_484' title='bbox 1055 3663 1261 3717; x_wconf 90' lang='lat' dir='ltr'><strong>scilicet</strong></span> <span class='ocrx_word' id='word_1_485' title='bbox 1305 3663 1577 3716; x_wconf 82' lang='lat' dir='ltr'><strong>hominem</strong></span> <span class='ocrx_word' id='word_1_486' title='bbox 1629 3663 1804 3730; x_wconf 78' lang='lat' dir='ltr'><strong>excipi</strong></span> <span class='ocrx_word' id='word_1_487' title='bbox 1855 3647 2074 3717; x_wconf 84' lang='lat' dir='ltr'><strong>necesse</strong></span> <span class='ocrx_word' id='word_1_488' title='bbox 2106 3673 2237 3728; x_wconf 90' lang='lat' dir='ltr'><strong>est,</strong></span> <span class='ocrx_word' id='word_1_489' title='bbox 2287 3679 2354 3718; x_wconf 91' lang='lat' dir='ltr'><strong>ne</strong></span> 
     </span>
    </p>
   </div>
   <div class='ocr_carea' id='block_1_67' title="bbox 788 3753 2352 3824">
    <p class='ocr_par' dir='ltr' id='par_1_67' title="bbox 788 3753 2352 3824">
     <span class='ocr_line' id='line_1_67' title="bbox 788 3753 2352 3824; baseline 0.002 -18"><span class='ocrx_word' id='word_1_490' title='bbox 788 3753 1014 3821; x_wconf 85' lang='lat' dir='ltr'><strong>profana</strong></span> <span class='ocrx_word' id='word_1_491' title='bbox 1042 3754 1338 3808; x_wconf 85' lang='lat' dir='ltr'><strong>diversoria</strong></span> <span class='ocrx_word' id='word_1_492' title='bbox 1369 3753 1602 3818; x_wconf 74' lang='lat' dir='ltr'><strong>ingredi,</strong></span> <span class='ocrx_word' id='word_1_493' title='bbox 1633 3763 1689 3807; x_wconf 91' lang='lat' dir='ltr'><strong>et</strong></span> <span class='ocrx_word' id='word_1_494' title='bbox 1719 3769 1842 3807; x_wconf 91' lang='lat' dir='ltr'><strong>cum</strong></span> <span class='ocrx_word' id='word_1_495' title='bbox 1899 3755 1967 3809; x_wconf 88' lang='lat' dir='ltr'><strong>iis</strong></span> <span class='ocrx_word' id='word_1_496' title='bbox 1994 3797 2009 3821; x_wconf 92' lang='lat'><strong>,</strong></span> <span class='ocrx_word' id='word_1_497' title='bbox 2063 3757 2155 3824; x_wconf 90' lang='lat' dir='ltr'><strong>qui</strong></span> <span class='ocrx_word' id='word_1_498' title='bbox 2205 3757 2352 3810; x_wconf 90' lang='lat' dir='ltr'><strong>nulla</strong></span> 
     </span>
    </p>
   </div>
   <div class='ocr_carea' id='block_1_68' title="bbox 791 3843 2352 3912">
    <p class='ocr_par' dir='ltr' id='par_1_68' title="bbox 791 3843 2352 3912">
     <span class='ocr_line' id='line_1_68' title="bbox 791 3843 2352 3912; baseline 0.002 -16"><span class='ocrx_word' id='word_1_499' title='bbox 791 3844 858 3896; x_wconf 84' lang='lat' dir='ltr'><strong>ad</strong></span> <span class='ocrx_word' id='word_1_500' title='bbox 888 3844 1113 3899; x_wconf 87' lang='lat' dir='ltr'><strong>honeste</strong></span> <span class='ocrx_word' id='word_1_501' title='bbox 1134 3844 1420 3899; x_wconf 78' lang='lat' dir='ltr'><strong>vivendum</strong></span> <span class='ocrx_word' id='word_1_502' title='bbox 1447 3843 1731 3912; x_wconf 84' lang='lat' dir='ltr'><strong>disciplina</strong></span> <span class='ocrx_word' id='word_1_503' title='bbox 1760 3843 2010 3899; x_wconf 87' lang='lat' dir='ltr'><strong>instructi</strong></span> <span class='ocrx_word' id='word_1_504' title='bbox 2039 3855 2167 3899; x_wconf 91' lang='lat' dir='ltr'><strong>sunt</strong></span> <span class='ocrx_word' id='word_1_505' title='bbox 2188 3850 2352 3899; x_wconf 79' lang='lat' dir='ltr'><strong>vitam</strong></span> 
     </span>
    </p>
   </div>
   <div class='ocr_carea' id='block_1_69' title="bbox 787 3935 2351 4003">
    <p class='ocr_par' dir='ltr' id='par_1_69' title="bbox 787 3935 2351 4003">
     <span class='ocr_line' id='line_1_69' title="bbox 787 3935 2351 4003; baseline 0.003 -17"><span class='ocrx_word' id='word_1_506' title='bbox 787 3951 949 4002; x_wconf 78' lang='lat' dir='ltr'><strong>agere</strong></span> <span class='ocrx_word' id='word_1_507' title='bbox 974 3945 1200 4003; x_wconf 83' lang='lat' dir='ltr'><strong>cogatur</strong></span> <span class='ocrx_word' id='word_1_508' title='bbox 1233 3954 1247 3990; x_wconf 91' lang='lat'><strong>:</strong></span> <span class='ocrx_word' id='word_1_509' title='bbox 1281 3937 1476 3991; x_wconf 85' lang='lat' dir='ltr'><strong>ascribi</strong></span> <span class='ocrx_word' id='word_1_510' title='bbox 1530 3950 1657 3989; x_wconf 79' lang='lat' dir='ltr'><strong>vero</strong></span> <span class='ocrx_word' id='word_1_511' title='bbox 1681 3935 1896 4000; x_wconf 88' lang='lat' dir='ltr'><strong>ordini,</strong></span> <span class='ocrx_word' id='word_1_512' title='bbox 1930 3945 1986 3989; x_wconf 91' lang='lat' dir='ltr'><strong>et</strong></span> <span class='ocrx_word' id='word_1_513' title='bbox 2039 3937 2092 3989; x_wconf 91' lang='lat' dir='ltr'><strong>in</strong></span> <span class='ocrx_word' id='word_1_514' title='bbox 2124 3936 2351 3991; x_wconf 81' lang='lat' dir='ltr'><strong>fratrum</strong></span> 
     </span>
    </p>
   </div>
   <div class='ocr_carea' id='block_1_70' title="bbox 790 4027 2355 4096">
    <p class='ocr_par' dir='ltr' id='par_1_70' title="bbox 790 4027 2355 4096">
     <span class='ocr_line' id='line_1_70' title="bbox 790 4027 2355 4096; baseline 0.003 -18"><span class='ocrx_word' id='word_1_515' title='bbox 790 4039 1078 4079; x_wconf 75' lang='lat' dir='ltr'><strong>nti-merum</strong></span> <span class='ocrx_word' id='word_1_516' title='bbox 1113 4027 1329 4091; x_wconf 88' lang='lat' dir='ltr'><strong>referri,</strong></span> <span class='ocrx_word' id='word_1_517' title='bbox 1367 4027 1473 4081; x_wconf 88' lang='lat' dir='ltr'><strong>nisi</strong></span> <span class='ocrx_word' id='word_1_518' title='bbox 1504 4029 1625 4096; x_wconf 86' lang='lat' dir='ltr'><strong>ejus</strong></span> <span class='ocrx_word' id='word_1_519' title='bbox 1677 4029 1817 4081; x_wconf 88' lang='lat' dir='ltr'><strong>unde</strong></span> <span class='ocrx_word' id='word_1_520' title='bbox 1859 4027 2115 4083; x_wconf 85' lang='lat' dir='ltr'><strong>discessit</strong></span> <span class='ocrx_word' id='word_1_521' title='bbox 2165 4044 2355 4084; x_wconf 84' lang='lat' dir='ltr'><strong>mona-</strong></span> 
     </span>
    </p>
   </div>
   <div class='ocr_carea' id='block_1_71' title="bbox 787 4118 2353 4191">
    <p class='ocr_par' dir='ltr' id='par_1_71' title="bbox 787 4118 2353 4191">
     <span class='ocr_line' id='line_1_71' title="bbox 787 4118 2353 4191; baseline 0.002 -19"><span class='ocrx_word' id='word_1_522' title='bbox 787 4119 940 4172; x_wconf 55' lang='lat' dir='ltr'><strong>s3erii</strong></span> <span class='ocrx_word' id='word_1_523' title='bbox 966 4118 1221 4187; x_wconf 67' lang='lat' dir='ltr'><strong>praefecto</strong></span> <span class='ocrx_word' id='word_1_524' title='bbox 1246 4131 1545 4181; x_wconf 88' lang='lat' dir='ltr'><strong>annuente,</strong></span> <span class='ocrx_word' id='word_1_525' title='bbox 1575 4137 1682 4174; x_wconf 92' lang='lat' dir='ltr'><strong>non</strong></span> <span class='ocrx_word' id='word_1_526' title='bbox 1711 4122 1857 4175; x_wconf 87' lang='lat' dir='ltr'><strong>licet.</strong></span> <span class='ocrx_word' id='word_1_527' title='bbox 1891 4123 2068 4189; x_wconf 79' lang='lat' dir='ltr'><strong>Atque</strong></span> <span class='ocrx_word' id='word_1_528' title='bbox 2108 4123 2197 4176; x_wconf 90' lang='lat' dir='ltr'><strong>hic</strong></span> <span class='ocrx_word' id='word_1_529' title='bbox 2223 4123 2353 4191; x_wconf 88' lang='lat' dir='ltr'><strong>qui-</strong></span> 
     </span>
    </p>
   </div>
   <div class='ocr_carea' id='block_1_72' title="bbox 787 4207 2354 4279">
    <p class='ocr_par' dir='ltr' id='par_1_72' title="bbox 787 4207 2354 4279">
     <span class='ocr_line' id='line_1_72' title="bbox 787 4207 2354 4279; baseline 0.005 -19"><span class='ocrx_word' id='word_1_530' title='bbox 787 4207 910 4262; x_wconf 87' lang='lat' dir='ltr'><strong>dem</strong></span> <span class='ocrx_word' id='word_1_531' title='bbox 947 4224 1124 4264; x_wconf 90' lang='lat' dir='ltr'><strong>canou</strong></span> <span class='ocrx_word' id='word_1_532' title='bbox 1153 4224 1391 4274; x_wconf 88' lang='lat' dir='ltr'><strong>omnem,</strong></span> <span class='ocrx_word' id='word_1_533' title='bbox 1429 4211 1547 4266; x_wconf 85' lang='lat' dir='ltr'><strong>sine</strong></span> <span class='ocrx_word' id='word_1_534' title='bbox 1582 4211 1692 4264; x_wconf 92' lang='lat' dir='ltr'><strong>ullo</strong></span> <span class='ocrx_word' id='word_1_535' title='bbox 1717 4211 2049 4279; x_wconf 87' lang='lat' dir='ltr'><strong>discrimine,</strong></span> <span class='ocrx_word' id='word_1_536' title='bbox 2085 4215 2354 4268; x_wconf 87' lang='lat' dir='ltr'><strong>secessio-</strong></span> 
     </span>
    </p>
   </div>
   <div class='ocr_carea' id='block_1_73' title="bbox 2454 3280 4020 3360">
    <p class='ocr_par' dir='ltr' id='par_1_73' title="bbox 2454 3280 4020 3360">
     <span class='ocr_line' id='line_1_73' title="bbox 2454 3280 4020 3360; baseline 0.008 -29"><span class='ocrx_word' id='word_1_537' title='bbox 2454 3280 2663 3350; x_wconf 82' lang='grc' dir='ltr'>κόσμῳ,</span> <span class='ocrx_word' id='word_1_538' title='bbox 2687 3283 3046 3348; x_wconf 82' lang='grc' dir='ltr'>συνετάξαντο</span> <span class='ocrx_word' id='word_1_539' title='bbox 3081 3285 3138 3336; x_wconf 84' lang='grc' dir='ltr'>δὲ</span> <span class='ocrx_word' id='word_1_540' title='bbox 3168 3287 3232 3354; x_wconf 84' lang='grc' dir='ltr'>τῇ</span> <span class='ocrx_word' id='word_1_541' title='bbox 3260 3289 3525 3358; x_wconf 70' lang='grc' dir='ltr'>μοναχικῇ</span> <span class='ocrx_word' id='word_1_542' title='bbox 3556 3287 3831 3360; x_wconf 75' lang='grc' dir='ltr'>πολιτείᾳ,</span> <span class='ocrx_word' id='word_1_543' title='bbox 3859 3307 4020 3360; x_wconf 76' lang='grc' dir='ltr'>προσ-</span> 
     </span>
    </p>
   </div>
   <div class='ocr_carea' id='block_1_74' title="bbox 2456 3373 4020 3452">
    <p class='ocr_par' dir='ltr' id='par_1_74' title="bbox 2456 3373 4020 3452">
     <span class='ocr_line' id='line_1_74' title="bbox 2456 3373 4020 3452; baseline 0.008 -27"><span class='ocrx_word' id='word_1_544' title='bbox 2456 3373 2641 3442; x_wconf 78' lang='grc' dir='ltr'>μένειν</span> <span class='ocrx_word' id='word_1_545' title='bbox 2675 3378 2962 3444; x_wconf 80' lang='grc' dir='ltr'>προσήκει,</span> <span class='ocrx_word' id='word_1_546' title='bbox 3009 3379 3105 3431; x_wconf 75' lang='grc' dir='ltr'>καὶ</span> <span class='ocrx_word' id='word_1_547' title='bbox 3153 3380 3228 3448; x_wconf 80' lang='grc' dir='ltr'>μὴ</span> <span class='ocrx_word' id='word_1_548' title='bbox 3265 3379 3473 3432; x_wconf 76' lang='grc' dir='ltr'>ἐκεῖθεν</span> <span class='ocrx_word' id='word_1_549' title='bbox 3503 3383 3842 3452; x_wconf 77' lang='grc' dir='ltr'>ἀναχωρεῖν.</span> <span class='ocrx_word' id='word_1_550' title='bbox 3876 3385 3940 3437; x_wconf 81' lang='grc' dir='ltr'><strong>Εἰ</strong></span> <span class='ocrx_word' id='word_1_551' title='bbox 3970 3387 4020 3438; x_wconf 71' lang='grc' dir='ltr'><strong>δέ</strong></span> 
     </span>
    </p>
   </div>
   <div class='ocr_carea' id='block_1_75' title="bbox 2450 3467 4020 3547">
    <p class='ocr_par' dir='ltr' id='par_1_75' title="bbox 2450 3467 4020 3547">
     <span class='ocr_line' id='line_1_75' title="bbox 2450 3467 4020 3547; baseline 0.008 -29"><span class='ocrx_word' id='word_1_552' title='bbox 2450 3483 2535 3529; x_wconf 88' lang='grc' dir='ltr'><strong>τις</strong></span> <span class='ocrx_word' id='word_1_553' title='bbox 2557 3467 2903 3540; x_wconf 78' lang='grc' dir='ltr'>ἀναχωρήσῃ,</span> <span class='ocrx_word' id='word_1_554' title='bbox 2937 3471 3028 3521; x_wconf 83' lang='grc' dir='ltr'><strong>καὶ</strong></span> <span class='ocrx_word' id='word_1_555' title='bbox 3057 3473 3141 3532; x_wconf 80' lang='grc' dir='ltr'><strong>είς</strong></span> <span class='ocrx_word' id='word_1_556' title='bbox 3172 3473 3361 3541; x_wconf 74' lang='grc' dir='ltr'>ἑτέραν</span> <span class='ocrx_word' id='word_1_557' title='bbox 3396 3474 3604 3545; x_wconf 80' lang='grc' dir='ltr'>ἀπέλθῃ</span> <span class='ocrx_word' id='word_1_558' title='bbox 3651 3476 3853 3547; x_wconf 83' lang='grc' dir='ltr'>μονὴν,</span> <span class='ocrx_word' id='word_1_559' title='bbox 3883 3478 4020 3542; x_wconf 76' lang='grc' dir='ltr'>ξενο-</span> 
     </span>
    </p>
   </div>
   <div class='ocr_carea' id='block_1_76' title="bbox 2452 3560 4021 3640">
    <p class='ocr_par' dir='ltr' id='par_1_76' title="bbox 2452 3560 4021 3640">
     <span class='ocr_line' id='line_1_76' title="bbox 2452 3560 4021 3640; baseline 0.007 -30"><span class='ocrx_word' id='word_1_560' title='bbox 2452 3560 2728 3628; x_wconf 81' lang='grc' dir='ltr'>δοχεῖσθαι</span> <span class='ocrx_word' id='word_1_561' title='bbox 2764 3563 2863 3627; x_wconf 90' lang='grc' dir='ltr'>μὲν</span> <span class='ocrx_word' id='word_1_562' title='bbox 2902 3562 3088 3614; x_wconf 86' lang='grc' dir='ltr'>τοῦτον</span> <span class='ocrx_word' id='word_1_563' title='bbox 3118 3565 3436 3630; x_wconf 83' lang='grc' dir='ltr'>ἀναγκατον,</span> <span class='ocrx_word' id='word_1_564' title='bbox 3463 3566 3550 3618; x_wconf 85' lang='grc' dir='ltr'>ἵνα</span> <span class='ocrx_word' id='word_1_565' title='bbox 3575 3567 3652 3635; x_wconf 76' lang='grc' dir='ltr'>μὴ</span> <span class='ocrx_word' id='word_1_566' title='bbox 3695 3569 3903 3640; x_wconf 75' lang='grc' dir='ltr'>βιασθῇ</span> <span class='ocrx_word' id='word_1_567' title='bbox 3950 3575 4021 3634; x_wconf 71' lang='grc' dir='ltr'><strong>εἰς</strong></span> 
     </span>
    </p>
   </div>
   <div class='ocr_carea' id='block_1_77' title="bbox 2455 3653 4018 3724">
    <p class='ocr_par' dir='ltr' id='par_1_77' title="bbox 2455 3653 4018 3724">
     <span class='ocr_line' id='line_1_77' title="bbox 2455 3653 4018 3724; baseline 0.008 -21"><span class='ocrx_word' id='word_1_568' title='bbox 2455 3653 2748 3721; x_wconf 83' lang='grc' dir='ltr'>κοσμικοὺς</span> <span class='ocrx_word' id='word_1_569' title='bbox 2776 3654 3016 3713; x_wconf 81' lang='grc' dir='ltr'>ἀπιέναι.</span> <span class='ocrx_word' id='word_1_570' title='bbox 3044 3653 3136 3706; x_wconf 85' lang='grc' dir='ltr'>καὶ</span> <span class='ocrx_word' id='word_1_571' title='bbox 3183 3657 3491 3723; x_wconf 83' lang='grc' dir='ltr'>συνδιάγειν</span> <span class='ocrx_word' id='word_1_572' title='bbox 3515 3661 3627 3722; x_wconf 75' lang='grc' dir='ltr'>τοῖς</span> <span class='ocrx_word' id='word_1_573' title='bbox 3655 3659 3835 3724; x_wconf 78' lang='grc' dir='ltr'>ζῶσιν</span> <span class='ocrx_word' id='word_1_574' title='bbox 3875 3665 4018 3716; x_wconf 62' lang='lat' dir='ltr'><strong>eam-</strong></span> 
     </span>
    </p>
   </div>
   <div class='ocr_carea' id='block_1_78' title="bbox 2455 3745 4022 3815">
    <p class='ocr_par' dir='ltr' id='par_1_78' title="bbox 2455 3745 4022 3815">
     <span class='ocr_line' id='line_1_78' title="bbox 2455 3745 4022 3815; baseline 0.008 -21"><span class='ocrx_word' id='word_1_575' title='bbox 2455 3748 2654 3815; x_wconf 83' lang='grc' dir='ltr'>φόρως·</span> <span class='ocrx_word' id='word_1_576' title='bbox 2685 3745 3202 3814; x_wconf 78' lang='grc' dir='ltr'>προσλαμὸάνεσθαι</span> <span class='ocrx_word' id='word_1_577' title='bbox 3229 3749 3286 3800; x_wconf 78' lang='grc' dir='ltr'>δὲ</span> <span class='ocrx_word' id='word_1_578' title='bbox 3318 3750 3481 3802; x_wconf 84' lang='grc' dir='ltr'>αὑτὸν</span> <span class='ocrx_word' id='word_1_579' title='bbox 3513 3756 3608 3804; x_wconf 80' lang='grc' dir='ltr'><strong>καὶ</strong></span> <span class='ocrx_word' id='word_1_580' title='bbox 3658 3757 4022 3808; x_wconf 73' lang='grc' dir='ltr'>κατατάττειν</span> 
     </span>
    </p>
   </div>
   <div class='ocr_carea' id='block_1_79' title="bbox 2453 3837 4022 3918">
    <p class='ocr_par' dir='ltr' id='par_1_79' title="bbox 2453 3837 4022 3918">
     <span class='ocr_line' id='line_1_79' title="bbox 2453 3837 4022 3918; baseline 0.008 -30"><span class='ocrx_word' id='word_1_581' title='bbox 2453 3840 2519 3907; x_wconf 79' lang='grc' dir='ltr'>τῇ</span> <span class='ocrx_word' id='word_1_582' title='bbox 2553 3837 2875 3907; x_wconf 77' lang='grc' dir='ltr'>ἀδελφότητι</span> <span class='ocrx_word' id='word_1_583' title='bbox 2904 3840 2965 3889; x_wconf 86' lang='grc' dir='ltr'><strong>οὐ</strong></span> <span class='ocrx_word' id='word_1_584' title='bbox 2994 3837 3094 3901; x_wconf 84' lang='grc' dir='ltr'>δεῖ,</span> <span class='ocrx_word' id='word_1_585' title='bbox 3149 3842 3198 3892; x_wconf 80' lang='grc' dir='ltr'><strong>εί</strong></span> <span class='ocrx_word' id='word_1_586' title='bbox 3231 3841 3305 3912; x_wconf 74' lang='grc' dir='ltr'>μὴ</span> <span class='ocrx_word' id='word_1_587' title='bbox 3335 3844 3362 3893; x_wconf 93' lang='lat'><strong>6</strong></span> <span class='ocrx_word' id='word_1_588' title='bbox 3395 3843 3701 3912; x_wconf 77' lang='grc' dir='ltr'>ἡγούμενος</span> <span class='ocrx_word' id='word_1_589' title='bbox 3752 3847 4022 3918; x_wconf 53' lang='grc' dir='ltr'>ἐπιτρέψῃ</span> 
     </span>
    </p>
   </div>
   <div class='ocr_carea' id='block_1_80' title="bbox 2452 3926 4022 4006">
    <p class='ocr_par' dir='ltr' id='par_1_80' title="bbox 2452 3926 4022 4006">
     <span class='ocr_line' id='line_1_80' title="bbox 2452 3926 4022 4006; baseline 0.008 -25"><span class='ocrx_word' id='word_1_590' title='bbox 2452 3930 2554 3999; x_wconf 85' lang='grc' dir='ltr'><strong>τῆς</strong></span> <span class='ocrx_word' id='word_1_591' title='bbox 2583 3931 2769 4000; x_wconf 87' lang='grc' dir='ltr'>μονῆς,</span> <span class='ocrx_word' id='word_1_592' title='bbox 2798 3933 2892 4000; x_wconf 78' lang='grc' dir='ltr'><strong>ἀφ’</strong></span> <span class='ocrx_word' id='word_1_593' title='bbox 2919 3926 2986 4002; x_wconf 84' lang='grc' dir='ltr'>ἦς</span> <span class='ocrx_word' id='word_1_594' title='bbox 3020 3933 3263 4003; x_wconf 70' lang='grc' dir='ltr'>ἐξῆλθεν.</span> <span class='ocrx_word' id='word_1_595' title='bbox 3311 3933 3371 3989; x_wconf 82' lang='lat'><strong>&#39;0</strong></span> <span class='ocrx_word' id='word_1_596' title='bbox 3407 3937 3511 4006; x_wconf 77' lang='grc' dir='ltr'>μὲν</span> <span class='ocrx_word' id='word_1_597' title='bbox 3537 3937 3632 3991; x_wconf 84' lang='grc' dir='ltr'><strong>οὖν</strong></span> <span class='ocrx_word' id='word_1_598' title='bbox 3661 3942 3854 3993; x_wconf 84' lang='grc' dir='ltr'>κανὼν</span> <span class='ocrx_word' id='word_1_599' title='bbox 3878 3939 4022 4003; x_wconf 71' lang='grc' dir='ltr'>οὗτος</span> 
     </span>
    </p>
   </div>
   <div class='ocr_carea' id='block_1_81' title="bbox 2454 4021 4022 4100">
    <p class='ocr_par' dir='ltr' id='par_1_81' title="bbox 2454 4021 4022 4100">
     <span class='ocr_line' id='line_1_81' title="bbox 2454 4021 4022 4100; baseline 0.008 -26"><span class='ocrx_word' id='word_1_600' title='bbox 2454 4021 2798 4077; x_wconf 84' lang='grc' dir='ltr'>ἀδιάστικτον</span> <span class='ocrx_word' id='word_1_601' title='bbox 2855 4024 2967 4094; x_wconf 82' lang='grc' dir='ltr'>ἔχει</span> <span class='ocrx_word' id='word_1_602' title='bbox 2994 4027 3094 4096; x_wconf 83' lang='grc' dir='ltr'>τὴν</span> <span class='ocrx_word' id='word_1_603' title='bbox 3123 4025 3358 4080; x_wconf 80' lang='grc' dir='ltr'>κώλυσιν</span> <span class='ocrx_word' id='word_1_604' title='bbox 3389 4030 3489 4098; x_wconf 86' lang='grc' dir='ltr'>τῆς</span> <span class='ocrx_word' id='word_1_605' title='bbox 3517 4031 3932 4100; x_wconf 81' lang='grc' dir='ltr'>ἀναχωρήσεως</span> <span class='ocrx_word' id='word_1_606' title='bbox 3957 4050 3971 4065; x_wconf 88' lang='grc'><strong>·</strong></span> <span class='ocrx_word' id='word_1_607' title='bbox 3998 4038 4022 4085; x_wconf 80' lang='grc' dir='ltr'>ὁ</span> 
     </span>
    </p>
   </div>
   <div class='ocr_carea' id='block_1_82' title="bbox 2455 4119 4021 4200">
    <p class='ocr_par' dir='ltr' id='par_1_82' title="bbox 2455 4119 4021 4200">
     <span class='ocr_line' id='line_1_82' title="bbox 2455 4119 4021 4200; baseline 0.008 -29"><span class='ocrx_word' id='word_1_608' title='bbox 2455 4119 2512 4171; x_wconf 82' lang='grc' dir='ltr'>δὲ</span> <span class='ocrx_word' id='word_1_609' title='bbox 2544 4120 2716 4189; x_wconf 87' lang='grc' dir='ltr'>μέγας</span> <span class='ocrx_word' id='word_1_610' title='bbox 2747 4120 3025 4183; x_wconf 85' lang='grc' dir='ltr'>Βασίλειος</span> <span class='ocrx_word' id='word_1_611' title='bbox 3052 4123 3112 4174; x_wconf 81' lang='grc' dir='ltr'><strong>έν</strong></span> <span class='ocrx_word' id='word_1_612' title='bbox 3135 4125 3250 4185; x_wconf 83' lang='grc' dir='ltr'>τοίς</span> <span class='ocrx_word' id='word_1_613' title='bbox 3299 4125 3620 4193; x_wconf 81' lang='grc' dir='ltr'>ἀσκητικοῐς</span> <span class='ocrx_word' id='word_1_614' title='bbox 3651 4127 3830 4181; x_wconf 81' lang='grc' dir='ltr'>αὐτοῦ</span> <span class='ocrx_word' id='word_1_615' title='bbox 3859 4149 4021 4200; x_wconf 60' lang='grc' dir='ltr'>κεφα-</span> 
     </span>
    </p>
   </div>
   <div class='ocr_carea' id='block_1_83' title="bbox 2454 4209 4021 4293">
    <p class='ocr_par' dir='ltr' id='par_1_83' title="bbox 2454 4209 4021 4293">
     <span class='ocr_line' id='line_1_83' title="bbox 2454 4209 4021 4293; baseline 0.008 -29"><span class='ocrx_word' id='word_1_616' title='bbox 2454 4209 2624 4274; x_wconf 88' lang='grc' dir='ltr'>λαίοις</span> <span class='ocrx_word' id='word_1_617' title='bbox 2643 4212 2908 4276; x_wconf 75' lang='grc' dir='ltr'>διαστίςει</span> <span class='ocrx_word' id='word_1_618' title='bbox 2928 4213 3176 4284; x_wconf 75' lang='grc' dir='ltr'>περὶτῆς</span> <span class='ocrx_word' id='word_1_619' title='bbox 3193 4214 3303 4268; x_wconf 84' lang='grc' dir='ltr'>τῶν</span> <span class='ocrx_word' id='word_1_620' title='bbox 3323 4217 3573 4285; x_wconf 68' lang='grc' dir='ltr'>μοναχιῖΝ</span> <span class='ocrx_word' id='word_1_621' title='bbox 3593 4221 4021 4293; x_wconf 80' lang='grc' dir='ltr'>ἀναχωρήσεως,</span> 
     </span>
    </p>
   </div>
   <div class='ocr_carea' id='block_1_84' title="bbox 792 4297 2349 4387">
    <p class='ocr_par' dir='ltr' id='par_1_84' title="bbox 792 4297 2349 4370">
     <span class='ocr_line' id='line_1_84' title="bbox 792 4297 2349 4370; baseline 0.004 -21"><span class='ocrx_word' id='word_1_622' title='bbox 792 4312 914 4350; x_wconf 89' lang='lat' dir='ltr'><strong>nem</strong></span> <span class='ocrx_word' id='word_1_623' title='bbox 942 4297 1289 4352; x_wconf 83' lang='lat' dir='ltr'><strong>interdictam</strong></span> <span class='ocrx_word' id='word_1_624' title='bbox 1315 4314 1439 4352; x_wconf 77' lang='lat' dir='ltr'><strong>esse</strong></span> <span class='ocrx_word' id='word_1_625' title='bbox 1469 4299 1710 4354; x_wconf 83' lang='lat' dir='ltr'><strong>decernit</strong></span> <span class='ocrx_word' id='word_1_626' title='bbox 1755 4317 1769 4353; x_wconf 91' lang='lat'>:</span> <span class='ocrx_word' id='word_1_627' title='bbox 1818 4317 2044 4370; x_wconf 74' lang='lat' dir='ltr'><strong>magnus</strong></span> <span class='ocrx_word' id='word_1_628' title='bbox 2087 4318 2215 4358; x_wconf 86' lang='lat' dir='ltr'><strong>vero</strong></span> <span class='ocrx_word' id='word_1_629' title='bbox 2255 4303 2349 4356; x_wconf 83' lang='lat' dir='ltr'><strong>Ba-</strong></span> 
     </span>
    </p>
   </div>
   <div class='ocr_carea' id='block_1_85' title="bbox 2446 4297 4017 4387">
    <p class='ocr_par' dir='ltr' id='par_1_85' title="bbox 2455 4304 4017 4387">
     <span class='ocr_line' id='line_1_85' title="bbox 2455 4304 4017 4387; baseline 0.008 -30"><span class='ocrx_word' id='word_1_630' title='bbox 2455 4305 2552 4358; x_wconf 80' lang='grc' dir='ltr'><strong>καὶ</strong></span> <span class='ocrx_word' id='word_1_631' title='bbox 2573 4305 2672 4358; x_wconf 81' lang='grc' dir='ltr'><strong>οὐκ</strong></span> <span class='ocrx_word' id='word_1_632' title='bbox 2700 4305 2876 4368; x_wconf 81' lang='grc' dir='ltr'>άλλως</span> <span class='ocrx_word' id='word_1_633' title='bbox 2904 4305 3084 4370; x_wconf 73' lang='grc' dir='ltr'>αὐτοῖς</span> <span class='ocrx_word' id='word_1_634' title='bbox 3106 4304 3409 4379; x_wconf 72' lang='grc' dir='ltr'>ἀναχωρεῖν</span> <span class='ocrx_word' id='word_1_635' title='bbox 3433 4310 3676 4379; x_wconf 62' lang='grc' dir='ltr'>δίδωσιν,</span> <span class='ocrx_word' id='word_1_636' title='bbox 3725 4317 3777 4367; x_wconf 75' lang='grc' dir='ltr'><strong>εί</strong></span> <span class='ocrx_word' id='word_1_637' title='bbox 3806 4317 3889 4387; x_wconf 73' lang='grc' dir='ltr'>μὴ</span> <span class='ocrx_word' id='word_1_638' title='bbox 3918 4319 4017 4385; x_wconf 70' lang='grc' dir='ltr'><strong>ψυ-</strong></span> 
     </span>
    </p>
   </div>
   <div class='ocr_carea' id='block_1_86' title="bbox 789 4386 2356 4456">
    <p class='ocr_par' dir='ltr' id='par_1_86' title="bbox 789 4386 2356 4456">
     <span class='ocr_line' id='line_1_86' title="bbox 789 4386 2356 4456; baseline 0.006 -18"><span class='ocrx_word' id='word_1_639' title='bbox 789 4387 964 4449; x_wconf 80' lang='lat' dir='ltr'><strong>silius,</strong></span> <span class='ocrx_word' id='word_1_640' title='bbox 994 4386 1049 4440; x_wconf 92' lang='lat' dir='ltr'><strong>in</strong></span> <span class='ocrx_word' id='word_1_641' title='bbox 1079 4390 1331 4449; x_wconf 82' lang='lat' dir='ltr'><strong>asceticis</strong></span> <span class='ocrx_word' id='word_1_642' title='bbox 1361 4389 1476 4442; x_wconf 91' lang='lat' dir='ltr'><strong>suis</strong></span> <span class='ocrx_word' id='word_1_643' title='bbox 1505 4389 1776 4456; x_wconf 85' lang='lat' dir='ltr'><strong>capitibus</strong></span> <span class='ocrx_word' id='word_1_644' title='bbox 1802 4427 1816 4452; x_wconf 88' lang='lat'><strong>,</strong></span> <span class='ocrx_word' id='word_1_645' title='bbox 1841 4390 2056 4444; x_wconf 83' lang='lat' dir='ltr'><strong>diverso</strong></span> <span class='ocrx_word' id='word_1_646' title='bbox 2089 4394 2250 4447; x_wconf 88' lang='lat' dir='ltr'><strong>modo</strong></span> <span class='ocrx_word' id='word_1_647' title='bbox 2286 4393 2356 4448; x_wconf 87' lang='lat' dir='ltr'><strong>de</strong></span> 
     </span>
    </p>
   </div>
   <div class='ocr_carea' id='block_1_87' title="bbox 2440 4396 4022 4478">
    <p class='ocr_par' dir='ltr' id='par_1_87' title="bbox 2440 4396 4022 4478">
     <span class='ocr_line' id='line_1_87' title="bbox 2440 4396 4022 4478; baseline 0.009 -30"><span class='ocrx_word' id='word_1_648' title='bbox 2440 4396 2624 4465; x_wconf 53' lang='grc' dir='ltr'>νχικῶς</span> <span class='ocrx_word' id='word_1_649' title='bbox 2659 4397 2981 4465; x_wconf 85' lang='grc' dir='ltr'>βλάπτοιντο</span> <span class='ocrx_word' id='word_1_650' title='bbox 3003 4413 3018 4427; x_wconf 82' lang='lat'><strong><em>°</em></strong></span> <span class='ocrx_word' id='word_1_651' title='bbox 3052 4399 3149 4453; x_wconf 80' lang='grc' dir='ltr'>καὶ</span> <span class='ocrx_word' id='word_1_652' title='bbox 3173 4401 3296 4453; x_wconf 86' lang='grc' dir='ltr'>τότε</span> <span class='ocrx_word' id='word_1_653' title='bbox 3325 4401 3383 4454; x_wconf 65' lang='grc' dir='ltr'>δὲ</span> <span class='ocrx_word' id='word_1_654' title='bbox 3413 4402 3512 4472; x_wconf 78' lang='grc' dir='ltr'><strong>τὴν</strong></span> <span class='ocrx_word' id='word_1_655' title='bbox 3537 4404 3726 4458; x_wconf 71' lang='grc' dir='ltr'>αἰτίαν</span> <span class='ocrx_word' id='word_1_656' title='bbox 3751 4405 3862 4477; x_wconf 80' lang='grc' dir='ltr'>τῆς</span> <span class='ocrx_word' id='word_1_657' title='bbox 3904 4410 4022 4478; x_wconf 79' lang='grc' dir='ltr'>βλά-</span> 
     </span>
    </p>
   </div>
   <div class='ocr_carea' id='block_1_88' title="bbox 790 4477 2349 4575">
    <p class='ocr_par' dir='ltr' id='par_1_88' title="bbox 790 4477 2348 4548">
     <span class='ocr_line' id='line_1_88' title="bbox 790 4477 2348 4548; baseline 0.006 -22"><span class='ocrx_word' id='word_1_658' title='bbox 790 4477 1178 4531; x_wconf 85' lang='lat' dir='ltr'><strong>inonachorum</strong></span> <span class='ocrx_word' id='word_1_659' title='bbox 1202 4479 1537 4532; x_wconf 86' lang='lat' dir='ltr'><strong>discessione</strong></span> <span class='ocrx_word' id='word_1_660' title='bbox 1556 4480 1817 4548; x_wconf 86' lang='lat' dir='ltr'><strong>loquitur.</strong></span> <span class='ocrx_word' id='word_1_661' title='bbox 1842 4494 2004 4548; x_wconf 88' lang='lat' dir='ltr'><strong>quam</strong></span> <span class='ocrx_word' id='word_1_662' title='bbox 2037 4481 2114 4534; x_wconf 84' lang='lat' dir='ltr'><strong>ita</strong></span> <span class='ocrx_word' id='word_1_663' title='bbox 2129 4483 2348 4537; x_wconf 86' lang='lat' dir='ltr'><strong>demum</strong></span> 
     </span>
    </p>
   </div>
   <div class='ocr_carea' id='block_1_89' title="bbox 2446 4477 4022 4575">
    <p class='ocr_par' dir='ltr' id='par_1_89' title="bbox 2455 4477 4022 4570">
     <span class='ocr_line' id='line_1_89' title="bbox 2455 4477 4022 4570; baseline 0.01 -32"><span class='ocrx_word' id='word_1_664' title='bbox 2455 4486 2558 4556; x_wconf 78' lang='grc' dir='ltr'><strong>6ης</strong></span> <span class='ocrx_word' id='word_1_665' title='bbox 2587 4488 2944 4557; x_wconf 64' lang='grc' dir='ltr'>ἐπαγγέλλειν</span> <span class='ocrx_word' id='word_1_666' title='bbox 2974 4490 3054 4560; x_wconf 83' lang='grc' dir='ltr'>τῷ</span> <span class='ocrx_word' id='word_1_667' title='bbox 3090 4491 3397 4562; x_wconf 76' lang='grc' dir='ltr'>ἡγουμένῳ,</span> <span class='ocrx_word' id='word_1_668' title='bbox 3422 4516 3430 4524; x_wconf 91' lang='grc'><strong>·</strong></span> <span class='ocrx_word' id='word_1_669' title='bbox 3457 4496 3554 4548; x_wconf 87' lang='grc' dir='ltr'>καὶ</span> <span class='ocrx_word' id='word_1_670' title='bbox 3595 4498 3649 4549; x_wconf 76' lang='grc' dir='ltr'><strong>ιι</strong></span> <span class='ocrx_word' id='word_1_671' title='bbox 3710 4499 3816 4567; x_wconf 67' lang='grc' dir='ltr'>μὲν</span> <span class='ocrx_word' id='word_1_672' title='bbox 3868 4477 4022 4570; x_wconf 74' lang='grc' dir='ltr'>θερα-</span> 
     </span>
    </p>
   </div>
   <div class='ocr_carea' id='block_1_90' title="bbox 787 4569 2349 4656">
    <p class='ocr_par' dir='ltr' id='par_1_90' title="bbox 787 4569 2349 4639">
     <span class='ocr_line' id='line_1_90' title="bbox 787 4569 2349 4639; baseline 0.005 -18"><span class='ocrx_word' id='word_1_673' title='bbox 787 4570 1012 4626; x_wconf 85' lang='lat' dir='ltr'><strong>coneedi</strong></span> <span class='ocrx_word' id='word_1_674' title='bbox 1061 4569 1273 4639; x_wconf 85' lang='lat' dir='ltr'><strong>probat,</strong></span> <span class='ocrx_word' id='word_1_675' title='bbox 1325 4571 1371 4623; x_wconf 91' lang='lat' dir='ltr'><strong>si</strong></span> <span class='ocrx_word' id='word_1_676' title='bbox 1424 4580 1705 4625; x_wconf 86' lang='lat' dir='ltr'><strong>manentes</strong></span> <span class='ocrx_word' id='word_1_677' title='bbox 1731 4572 1993 4639; x_wconf 77' lang='lat' dir='ltr'><strong>spirituali</strong></span> <span class='ocrx_word' id='word_1_678' title='bbox 2023 4575 2349 4629; x_wconf 89' lang='lat' dir='ltr'><strong>detrimento</strong></span> 
     </span>
    </p>
   </div>
   <div class='ocr_carea' id='block_1_91' title="bbox 2446 4569 4021 4656">
    <p class='ocr_par' dir='ltr' id='par_1_91' title="bbox 2457 4569 4021 4656">
     <span class='ocr_line' id='line_1_91' title="bbox 2457 4569 4021 4656; baseline 0.01 -26"><span class='ocrx_word' id='word_1_679' title='bbox 2457 4577 2675 4632; x_wconf 67' lang='grc' dir='ltr'>παύοιτο</span> <span class='ocrx_word' id='word_1_680' title='bbox 2716 4581 2777 4634; x_wconf 84' lang='grc' dir='ltr'><strong>τὸ</strong></span> <span class='ocrx_word' id='word_1_681' title='bbox 2831 4583 3005 4637; x_wconf 84' lang='grc' dir='ltr'>αίτιον</span> <span class='ocrx_word' id='word_1_682' title='bbox 3050 4578 3228 4650; x_wconf 83' lang='grc' dir='ltr'>αὖθις,</span> <span class='ocrx_word' id='word_1_683' title='bbox 3258 4584 3468 4652; x_wconf 80' lang='grc' dir='ltr'>διάγειν</span> <span class='ocrx_word' id='word_1_684' title='bbox 3500 4585 3758 4656; x_wconf 82' lang='grc' dir='ltr'>βούλεται</span> <span class='ocrx_word' id='word_1_685' title='bbox 3799 4569 4021 4645; x_wconf 69' lang='grc' dir='ltr'>ἕκαστον</span> 
     </span>
    </p>
   </div>
   <div class='ocr_carea' id='block_1_92' title="bbox 789 4659 2346 4732">
    <p class='ocr_par' dir='ltr' id='par_1_92' title="bbox 789 4659 2346 4732">
     <span class='ocr_line' id='line_1_92' title="bbox 789 4659 2346 4732; baseline 0.007 -23"><span class='ocrx_word' id='word_1_686' title='bbox 789 4659 1127 4727; x_wconf 74' lang='lat' dir='ltr'><strong>afﬁciantur;</strong></span> <span class='ocrx_word' id='word_1_687' title='bbox 1153 4676 1217 4715; x_wconf 88' lang='lat' dir='ltr'><strong>ac</strong></span> <span class='ocrx_word' id='word_1_688' title='bbox 1239 4670 1351 4714; x_wconf 89' lang='lat' dir='ltr'><strong>tum</strong></span> <span class='ocrx_word' id='word_1_689' title='bbox 1385 4662 1602 4732; x_wconf 88' lang='lat' dir='ltr'><strong>quidem</strong></span> <span class='ocrx_word' id='word_1_690' title='bbox 1633 4662 1753 4728; x_wconf 87' lang='lat' dir='ltr'><strong>ejus</strong></span> <span class='ocrx_word' id='word_1_691' title='bbox 1789 4664 2103 4720; x_wconf 85' lang='lat' dir='ltr'><strong>detrimenti</strong></span> <span class='ocrx_word' id='word_1_692' title='bbox 2127 4679 2346 4721; x_wconf 81' lang='lat' dir='ltr'><strong>causam</strong></span> 
     </span>
    </p>
   </div>
   <div class='ocr_carea' id='block_1_93' title="bbox 789 4748 2346 4821">
    <p class='ocr_par' dir='ltr' id='par_1_93' title="bbox 789 4748 2346 4821">
     <span class='ocr_line' id='line_1_93' title="bbox 789 4748 2346 4821; baseline 0.006 -20"><span class='ocrx_word' id='word_1_693' title='bbox 789 4748 1043 4817; x_wconf 66' lang='lat' dir='ltr'><strong>praefecto</strong></span> <span class='ocrx_word' id='word_1_694' title='bbox 1066 4753 1298 4821; x_wconf 85' lang='lat' dir='ltr'><strong>aperire,</strong></span> <span class='ocrx_word' id='word_1_695' title='bbox 1322 4767 1387 4805; x_wconf 86' lang='lat' dir='ltr'><strong>ac</strong></span> <span class='ocrx_word' id='word_1_696' title='bbox 1414 4754 1459 4807; x_wconf 90' lang='lat' dir='ltr'><strong>si</strong></span> <span class='ocrx_word' id='word_1_697' title='bbox 1493 4754 1709 4821; x_wconf 88' lang='lat' dir='ltr'><strong>quidem</strong></span> <span class='ocrx_word' id='word_1_698' title='bbox 1739 4769 1818 4807; x_wconf 74' lang='lat' dir='ltr'><strong>ea</strong></span> <span class='ocrx_word' id='word_1_699' title='bbox 1847 4755 2090 4820; x_wconf 85' lang='lat' dir='ltr'><strong>tollatur,</strong></span> <span class='ocrx_word' id='word_1_700' title='bbox 2143 4757 2198 4811; x_wconf 94' lang='lat' dir='ltr'><strong>in</strong></span> <span class='ocrx_word' id='word_1_701' title='bbox 2248 4773 2346 4812; x_wconf 67' lang='lat' dir='ltr'><strong>aia</strong></span> 
     </span>
    </p>
   </div>
   <div class='ocr_carea' id='block_1_94' title="bbox 2457 4670 4021 4751">
    <p class='ocr_par' dir='ltr' id='par_1_94' title="bbox 2457 4670 4021 4751">
     <span class='ocr_line' id='line_1_94' title="bbox 2457 4670 4021 4751; baseline 0.009 -29"><span class='ocrx_word' id='word_1_702' title='bbox 2457 4670 2516 4722; x_wconf 73' lang='grc' dir='ltr'><strong>έν</strong></span> <span class='ocrx_word' id='word_1_703' title='bbox 2554 4672 2621 4741; x_wconf 73' lang='grc' dir='ltr'>τῇ</span> <span class='ocrx_word' id='word_1_704' title='bbox 2655 4671 2833 4743; x_wconf 70' lang='grc' dir='ltr'>οἰκείᾳ</span> <span class='ocrx_word' id='word_1_705' title='bbox 2863 4676 3038 4744; x_wconf 83' lang='grc' dir='ltr'>μονῇ·</span> <span class='ocrx_word' id='word_1_706' title='bbox 3067 4675 3118 4726; x_wconf 79' lang='grc' dir='ltr'><strong>εί</strong></span> <span class='ocrx_word' id='word_1_707' title='bbox 3159 4675 3217 4728; x_wconf 71' lang='grc' dir='ltr'>δὲ</span> <span class='ocrx_word' id='word_1_708' title='bbox 3267 4674 3642 4744; x_wconf 72' lang='grc' dir='ltr'>ἀθεράπευτον</span> <span class='ocrx_word' id='word_1_709' title='bbox 3678 4676 3715 4751; x_wconf 71' lang='grc' dir='ltr'>ᾖ</span> <span class='ocrx_word' id='word_1_710' title='bbox 3749 4682 3812 4734; x_wconf 78' lang='grc' dir='ltr'>τὸ</span> <span class='ocrx_word' id='word_1_711' title='bbox 3847 4685 4021 4745; x_wconf 64' lang='grc' dir='ltr'>κακὸν,</span> 
     </span>
    </p>
   </div>
   <div class='ocr_carea' id='block_1_95' title="bbox 2455 4756 3470 4838">
    <p class='ocr_par' dir='ltr' id='par_1_95' title="bbox 2455 4756 3470 4838">
     <span class='ocr_line' id='line_1_95' title="bbox 2455 4756 3470 4838; baseline 0.013 -28"><span class='ocrx_word' id='word_1_712' title='bbox 2455 4756 2635 4828; x_wconf 83' lang='grc' dir='ltr'>λέγειν</span> <span class='ocrx_word' id='word_1_713' title='bbox 2662 4760 2818 4816; x_wconf 80' lang='grc' dir='ltr'>τοῦτο</span> <span class='ocrx_word' id='word_1_714' title='bbox 2847 4764 2940 4816; x_wconf 68' lang='grc' dir='ltr'>ἐπὶ</span> <span class='ocrx_word' id='word_1_715' title='bbox 2967 4765 3066 4832; x_wconf 85' lang='grc' dir='ltr'>τῆς</span> <span class='ocrx_word' id='word_1_716' title='bbox 3087 4765 3470 4838; x_wconf 74' lang='grc' dir='ltr'>’άδελφότητοςε</span> 
     </span>
    </p>
   </div>
   <div class='ocr_carea' id='block_1_96' title="bbox 789 4844 4020 4926">
    <p class='ocr_par' dir='ltr' id='par_1_96' title="bbox 789 4844 4020 4926">
     <span class='ocr_line' id='line_1_96' title="bbox 789 4844 4020 4926; baseline 0.01 -33"><span class='ocrx_word' id='word_1_717' title='bbox 789 4857 1061 4911; x_wconf 84' lang='lat' dir='ltr'><strong>quemque</strong></span> <span class='ocrx_word' id='word_1_718' title='bbox 1095 4844 1327 4899; x_wconf 86' lang='lat' dir='ltr'><strong>statione</strong></span> <span class='ocrx_word' id='word_1_719' title='bbox 1353 4847 1684 4916; x_wconf 85' lang='lat' dir='ltr'><strong>persistere;</strong></span> <span class='ocrx_word' id='word_1_720' title='bbox 1727 4846 1816 4901; x_wconf 88' lang='lat' dir='ltr'><strong>illa</strong></span> <span class='ocrx_word' id='word_1_721' title='bbox 1856 4863 1984 4902; x_wconf 79' lang='lat' dir='ltr'><strong>vero</strong></span> <span class='ocrx_word' id='word_1_722' title='bbox 2026 4851 2204 4906; x_wconf 88' lang='lat' dir='ltr'><strong>adhuc</strong></span> <span class='ocrx_word' id='word_1_723' title='bbox 2231 4858 2520 4918; x_wconf 81' lang='lat' dir='ltr'><strong>manente,</strong></span> <span class='ocrx_word' id='word_1_724' title='bbox 2552 4869 2666 4910; x_wconf 87' lang='lat' dir='ltr'><strong>rem</strong></span> <span class='ocrx_word' id='word_1_725' title='bbox 2739 4863 2906 4912; x_wconf 86' lang='lat' dir='ltr'><strong>totam</strong></span> <span class='ocrx_word' id='word_1_726' title='bbox 2985 4858 3042 4913; x_wconf 90' lang='lat' dir='ltr'><strong>in</strong></span> <span class='ocrx_word' id='word_1_727' title='bbox 3089 4858 3322 4916; x_wconf 70' lang='lat' dir='ltr'><strong>fratrum</strong></span> <span class='ocrx_word' id='word_1_728' title='bbox 3396 4873 3674 4919; x_wconf 78' lang='lat' dir='ltr'><strong>conventu</strong></span> <span class='ocrx_word' id='word_1_729' title='bbox 3743 4869 4020 4926; x_wconf 78' lang='lat' dir='ltr'><strong>enuntiare</strong></span> 
     </span>
    </p>
   </div>
   <div class='ocr_carea' id='block_1_97' title="bbox 789 4937 956 5010">
    <p class='ocr_par' dir='ltr' id='par_1_97' title="bbox 789 4937 956 5010">
     <span class='ocr_line' id='line_1_97' title="bbox 789 4937 956 5010; baseline 0.018 -25"><span class='ocrx_word' id='word_1_730' title='bbox 789 4937 956 5010; x_wconf 80' lang='lat' dir='ltr'><strong>jubet.</strong></span> 
     </span>
    </p>
   </div>
   <div class='ocr_carea' id='block_1_98' title="bbox 788 5050 2352 5126">
    <p class='ocr_par' dir='ltr' id='par_1_98' title="bbox 788 5050 2352 5126">
     <span class='ocr_line' id='line_1_98' title="bbox 788 5050 2352 5126; baseline 0.004 -22"><span class='ocrx_word' id='word_1_731' title='bbox 788 5050 1012 5104; x_wconf 74' lang='lat' dir='ltr'><strong>ARIST.</strong></span> <span class='ocrx_word' id='word_1_732' title='bbox 1051 5069 1069 5101; x_wconf 74' lang='grc' dir='ltr'><strong>ι</strong></span> <span class='ocrx_word' id='word_1_733' title='bbox 1113 5051 1377 5107; x_wconf 83' lang='lat' dir='ltr'><strong>Monacho</strong></span> <span class='ocrx_word' id='word_1_734' title='bbox 1401 5054 1485 5107; x_wconf 84' lang='lat' dir='ltr'><strong>vel</strong></span> <span class='ocrx_word' id='word_1_735' title='bbox 1525 5057 1801 5112; x_wconf 72' lang='lat' dir='ltr'><strong>monachae</strong></span> <span class='ocrx_word' id='word_1_736' title='bbox 1831 5071 1987 5113; x_wconf 87' lang='lat' dir='ltr'><strong>suam</strong></span> <span class='ocrx_word' id='word_1_737' title='bbox 2044 5059 2352 5126; x_wconf 85' lang='lat' dir='ltr'><strong>relinquere</strong></span> 
     </span>
    </p>
   </div>
   <div class='ocr_carea' id='block_1_99' title="bbox 867 5145 2352 5216">
    <p class='ocr_par' dir='ltr' id='par_1_99' title="bbox 867 5145 2352 5216">
     <span class='ocr_line' id='line_1_99' title="bbox 867 5145 2352 5216; baseline 0.007 -23"><span class='ocrx_word' id='word_1_738' title='bbox 867 5163 883 5193; x_wconf 85' lang='grc'><strong><em>‹</em></strong></span> <span class='ocrx_word' id='word_1_739' title='bbox 927 5145 1258 5198; x_wconf 87' lang='lat' dir='ltr'><strong>mansionem</strong></span> <span class='ocrx_word' id='word_1_740' title='bbox 1288 5186 1301 5206; x_wconf 87' lang='lat'><strong>,</strong></span> <span class='ocrx_word' id='word_1_741' title='bbox 1345 5155 1400 5199; x_wconf 91' lang='lat' dir='ltr'><strong>et</strong></span> <span class='ocrx_word' id='word_1_742' title='bbox 1452 5146 1610 5200; x_wconf 86' lang='lat' dir='ltr'><strong>aliam</strong></span> <span class='ocrx_word' id='word_1_743' title='bbox 1644 5149 1851 5216; x_wconf 85' lang='lat' dir='ltr'><strong>ingredi</strong></span> <span class='ocrx_word' id='word_1_744' title='bbox 1891 5167 1996 5205; x_wconf 88' lang='lat' dir='ltr'><strong>non</strong></span> <span class='ocrx_word' id='word_1_745' title='bbox 2031 5151 2185 5205; x_wconf 83' lang='lat' dir='ltr'><strong>liccat</strong></span> <span class='ocrx_word' id='word_1_746' title='bbox 2218 5167 2231 5204; x_wconf 94' lang='lat'><strong>:</strong></span> <span class='ocrx_word' id='word_1_747' title='bbox 2269 5152 2352 5204; x_wconf 83' lang='lat' dir='ltr'><strong>sin</strong></span> 
     </span>
    </p>
   </div>
   <div class='ocr_carea' id='block_1_100' title="bbox 866 5234 2352 5308">
    <p class='ocr_par' dir='ltr' id='par_1_100' title="bbox 866 5234 2352 5308">
     <span class='ocr_line' id='line_1_100' title="bbox 866 5234 2352 5308; baseline 0.008 -26"><span class='ocrx_word' id='word_1_748' title='bbox 866 5254 882 5282; x_wconf 74' lang='grc' dir='ltr'><strong>ι</strong></span> <span class='ocrx_word' id='word_1_749' title='bbox 928 5234 1279 5302; x_wconf 77' lang='lat' dir='ltr'><strong>ingrediatur,</strong></span> <span class='ocrx_word' id='word_1_750' title='bbox 1316 5243 1373 5289; x_wconf 93' lang='lat' dir='ltr'><strong>ut</strong></span> <span class='ocrx_word' id='word_1_751' title='bbox 1402 5237 1602 5305; x_wconf 86' lang='lat' dir='ltr'><strong>hospes</strong></span> <span class='ocrx_word' id='word_1_752' title='bbox 1662 5240 2001 5308; x_wconf 88' lang='lat' dir='ltr'><strong>accipiatur;</strong></span> <span class='ocrx_word' id='word_1_753' title='bbox 2055 5250 2110 5292; x_wconf 92' lang='lat' dir='ltr'><strong>at</strong></span> <span class='ocrx_word' id='word_1_754' title='bbox 2160 5252 2352 5308; x_wconf 67' lang='lat' dir='ltr'><strong>praeter</strong></span> 
     </span>
    </p>
   </div>
   <div class='ocr_carea' id='block_1_101' title="bbox 867 5327 2352 5402">
    <p class='ocr_par' dir='ltr' id='par_1_101' title="bbox 867 5327 2352 5402">
     <span class='ocr_line' id='line_1_101' title="bbox 867 5327 2352 5402; baseline 0.009 -28"><span class='ocrx_word' id='word_1_755' title='bbox 867 5346 884 5374; x_wconf 89' lang='grc'><strong>‹</strong></span> <span class='ocrx_word' id='word_1_756' title='bbox 930 5327 1164 5395; x_wconf 72' lang='lat' dir='ltr'><strong>prasfecti</strong></span> <span class='ocrx_word' id='word_1_757' title='bbox 1198 5328 1522 5382; x_wconf 87' lang='lat' dir='ltr'><strong>sententiam</strong></span> <span class='ocrx_word' id='word_1_758' title='bbox 1557 5345 1624 5383; x_wconf 92' lang='lat' dir='ltr'><strong>ne</strong></span> <span class='ocrx_word' id='word_1_759' title='bbox 1648 5331 1964 5386; x_wconf 85' lang='lat' dir='ltr'><strong>admittatur</strong></span> <span class='ocrx_word' id='word_1_760' title='bbox 1996 5345 2088 5386; x_wconf 85' lang='lat' dir='ltr'><strong>aut</strong></span> <span class='ocrx_word' id='word_1_761' title='bbox 2121 5334 2352 5402; x_wconf 83' lang='lat' dir='ltr'><strong>hospitio</strong></span> 
     </span>
    </p>
   </div>
   <div class='ocr_carea' id='block_1_102' title="bbox 867 5416 1304 5484">
    <p class='ocr_par' dir='ltr' id='par_1_102' title="bbox 867 5416 1304 5484">
     <span class='ocr_line' id='line_1_102' title="bbox 867 5416 1304 5484; baseline 0.005 -17"><span class='ocrx_word' id='word_1_762' title='bbox 867 5435 884 5466; x_wconf 73' lang='grc' dir='ltr'><strong>ι</strong></span> <span class='ocrx_word' id='word_1_763' title='bbox 922 5416 1243 5484; x_wconf 82' lang='lat' dir='ltr'><strong>excipiatur.</strong></span> <span class='ocrx_word' id='word_1_764' title='bbox 1285 5435 1304 5469; x_wconf 71' lang='grc' dir='ltr'><strong>ι</strong></span> 
     </span>
    </p>
   </div>
   <div class='ocr_carea' id='block_1_103' title="bbox 860 5523 2352 5598">
    <p class='ocr_par' dir='ltr' id='par_1_103' title="bbox 860 5523 2352 5598">
     <span class='ocr_line' id='line_1_103' title="bbox 860 5523 2352 5598; baseline 0.007 -23"><span class='ocrx_word' id='word_1_765' title='bbox 860 5523 1046 5592; x_wconf 76' lang='lat' dir='ltr'><strong>liecipi</strong></span> <span class='ocrx_word' id='word_1_766' title='bbox 1079 5525 1294 5594; x_wconf 89' lang='lat' dir='ltr'><strong>quidem</strong></span> <span class='ocrx_word' id='word_1_767' title='bbox 1333 5536 1386 5580; x_wconf 89' lang='lat' dir='ltr'><strong>et</strong></span> <span class='ocrx_word' id='word_1_768' title='bbox 1413 5527 1647 5596; x_wconf 90' lang='lat' dir='ltr'><strong>hospitio</strong></span> <span class='ocrx_word' id='word_1_769' title='bbox 1696 5529 1870 5598; x_wconf 78' lang='lat' dir='ltr'><strong>excipi</strong></span> <span class='ocrx_word' id='word_1_770' title='bbox 1917 5531 2235 5586; x_wconf 80' lang='lat' dir='ltr'><strong>monachum</strong></span> <span class='ocrx_word' id='word_1_771' title='bbox 2269 5533 2352 5588; x_wconf 83' lang='lat' dir='ltr'><strong>vel</strong></span> 
     </span>
    </p>
   </div>
   <div class='ocr_carea' id='block_1_104' title="bbox 791 5619 2346 5693">
    <p class='ocr_par' dir='ltr' id='par_1_104' title="bbox 791 5619 2346 5693">
     <span class='ocr_line' id='line_1_104' title="bbox 791 5619 2346 5693; baseline 0.006 -24"><span class='ocrx_word' id='word_1_772' title='bbox 791 5619 1150 5679; x_wconf 85' lang='lat' dir='ltr'><strong>monacham,</strong></span> <span class='ocrx_word' id='word_1_773' title='bbox 1193 5619 1262 5673; x_wconf 88' lang='lat' dir='ltr'><strong>ad</strong></span> <span class='ocrx_word' id='word_1_774' title='bbox 1310 5621 1471 5674; x_wconf 84' lang='lat' dir='ltr'><strong>aliam</strong></span> <span class='ocrx_word' id='word_1_775' title='bbox 1518 5622 1854 5684; x_wconf 76' lang='lat' dir='ltr'><strong>mansionem</strong></span> <span class='ocrx_word' id='word_1_776' title='bbox 1894 5625 2346 5693; x_wconf 78' lang='lat' dir='ltr'><strong>proﬁciscentem,</strong></span> 
     </span>
    </p>
   </div>
   <div class='ocr_carea' id='block_1_105' title="bbox 792 5713 2353 5780">
    <p class='ocr_par' dir='ltr' id='par_1_105' title="bbox 792 5713 2353 5780">
     <span class='ocr_line' id='line_1_105' title="bbox 792 5713 2353 5780; baseline 0.009 -21"><span class='ocrx_word' id='word_1_777' title='bbox 792 5722 1034 5776; x_wconf 68' lang='lat' dir='ltr'><strong>prmsens</strong></span> <span class='ocrx_word' id='word_1_778' title='bbox 1060 5723 1231 5762; x_wconf 87' lang='lat' dir='ltr'><strong>canon</strong></span> <span class='ocrx_word' id='word_1_779' title='bbox 1265 5726 1370 5764; x_wconf 92' lang='lat' dir='ltr'><strong>non</strong></span> <span class='ocrx_word' id='word_1_780' title='bbox 1402 5713 1686 5780; x_wconf 88' lang='lat' dir='ltr'><strong>permittit,</strong></span> <span class='ocrx_word' id='word_1_781' title='bbox 1723 5730 1791 5766; x_wconf 88' lang='lat' dir='ltr'><strong>ne</strong></span> <span class='ocrx_word' id='word_1_782' title='bbox 1817 5715 1883 5767; x_wconf 85' lang='lat' dir='ltr'><strong>ad</strong></span> <span class='ocrx_word' id='word_1_783' title='bbox 1916 5720 2206 5773; x_wconf 74' lang='lat' dir='ltr'><strong>szeculares</strong></span> <span class='ocrx_word' id='word_1_784' title='bbox 2257 5736 2353 5774; x_wconf 90' lang='lat' dir='ltr'><strong>ne-</strong></span> 
     </span>
    </p>
   </div>
   <div class='ocr_carea' id='block_1_106' title="bbox 794 5804 2355 5875">
    <p class='ocr_par' dir='ltr' id='par_1_106' title="bbox 794 5804 2355 5875">
     <span class='ocr_line' id='line_1_106' title="bbox 794 5804 2355 5875; baseline 0.009 -19"><span class='ocrx_word' id='word_1_785' title='bbox 794 5804 1036 5858; x_wconf 88' lang='lat' dir='ltr'><strong>cessario</strong></span> <span class='ocrx_word' id='word_1_786' title='bbox 1063 5805 1355 5872; x_wconf 75' lang='lat' dir='ltr'><strong>diverteris,</strong></span> <span class='ocrx_word' id='word_1_787' title='bbox 1390 5806 1462 5862; x_wconf 87' lang='lat' dir='ltr'><strong>ibi</strong></span> <span class='ocrx_word' id='word_1_788' title='bbox 1499 5817 1812 5874; x_wconf 86' lang='lat' dir='ltr'><strong>permaneat</strong></span> <span class='ocrx_word' id='word_1_789' title='bbox 1843 5827 1856 5875; x_wconf 87' lang='lat'><strong>;</strong></span> <span class='ocrx_word' id='word_1_790' title='bbox 1890 5821 1947 5864; x_wconf 85' lang='lat' dir='ltr'><strong>at</strong></span> <span class='ocrx_word' id='word_1_791' title='bbox 1985 5826 2102 5866; x_wconf 82' lang='lat' dir='ltr'><strong>eam</strong></span> <span class='ocrx_word' id='word_1_792' title='bbox 2157 5814 2355 5870; x_wconf 85' lang='lat' dir='ltr'><strong>admit-</strong></span> 
     </span>
    </p>
   </div>
   <div class='ocr_carea' id='block_1_107' title="bbox 2459 5048 4015 5134">
    <p class='ocr_par' dir='ltr' id='par_1_107' title="bbox 2459 5048 4015 5134">
     <span class='ocr_line' id='line_1_107' title="bbox 2459 5048 4015 5134; baseline 0.011 -27"><span class='ocrx_word' id='word_1_793' title='bbox 2459 5048 2684 5109; x_wconf 75' lang='lat' dir='ltr'><strong>APIST.</strong></span> <span class='ocrx_word' id='word_1_794' title='bbox 2733 5075 2752 5108; x_wconf 79' lang='grc' dir='ltr'><strong>ι</strong></span> <span class='ocrx_word' id='word_1_795' title='bbox 2785 5049 3032 5126; x_wconf 81' lang='grc' dir='ltr'>Μοναχδν</span> <span class='ocrx_word' id='word_1_796' title='bbox 3084 5057 3117 5128; x_wconf 82' lang='grc' dir='ltr'>ἢ</span> <span class='ocrx_word' id='word_1_797' title='bbox 3148 5060 3483 5134; x_wconf 71' lang='grc' dir='ltr'>μονάστριαν</span> <span class='ocrx_word' id='word_1_798' title='bbox 3515 5062 3591 5133; x_wconf 81' lang='grc' dir='ltr'>μὴ</span> <span class='ocrx_word' id='word_1_799' title='bbox 3615 5064 3836 5130; x_wconf 80' lang='grc' dir='ltr'>ἐξέστω</span> <span class='ocrx_word' id='word_1_800' title='bbox 3863 5087 4015 5124; x_wconf 82' lang='grc' dir='ltr'>κατα-</span> 
     </span>
    </p>
   </div>
   <div class='ocr_carea' id='block_1_108' title="bbox 2536 5147 4014 5231">
    <p class='ocr_par' dir='ltr' id='par_1_108' title="bbox 2536 5147 4014 5231">
     <span class='ocr_line' id='line_1_108' title="bbox 2536 5147 4014 5231; baseline 0.011 -33"><span class='ocrx_word' id='word_1_801' title='bbox 2536 5165 2555 5198; x_wconf 76' lang='grc'><strong>(</strong></span> <span class='ocrx_word' id='word_1_802' title='bbox 2600 5147 2891 5218; x_wconf 88' lang='grc' dir='ltr'>λιμπάνειν</span> <span class='ocrx_word' id='word_1_803' title='bbox 2917 5150 3015 5219; x_wconf 78' lang='grc' dir='ltr'>τὴν</span> <span class='ocrx_word' id='word_1_804' title='bbox 3039 5150 3248 5229; x_wconf 72' lang='grc' dir='ltr'>οἰκείαν</span> <span class='ocrx_word' id='word_1_805' title='bbox 3273 5153 3461 5222; x_wconf 72' lang='grc' dir='ltr'>μονὴν,</span> <span class='ocrx_word' id='word_1_806' title='bbox 3489 5156 3582 5207; x_wconf 78' lang='grc' dir='ltr'><strong>καὶ</strong></span> <span class='ocrx_word' id='word_1_807' title='bbox 3603 5156 3777 5229; x_wconf 76' lang='grc' dir='ltr'>ἑτέρᾳ</span> <span class='ocrx_word' id='word_1_808' title='bbox 3813 5163 4014 5231; x_wconf 76' lang='grc' dir='ltr'>προσιέ-</span> 
     </span>
    </p>
   </div>
   <div class='ocr_carea' id='block_1_109' title="bbox 2533 5241 4013 5324">
    <p class='ocr_par' dir='ltr' id='par_1_109' title="bbox 2533 5241 4013 5324">
     <span class='ocr_line' id='line_1_109' title="bbox 2533 5241 4013 5324; baseline 0.008 -32"><span class='ocrx_word' id='word_1_809' title='bbox 2533 5259 2554 5292; x_wconf 81' lang='grc'><strong><em>‹</em></strong></span> <span class='ocrx_word' id='word_1_810' title='bbox 2598 5258 2708 5294; x_wconf 75' lang='grc' dir='ltr'>ναιο</span> <span class='ocrx_word' id='word_1_811' title='bbox 2754 5243 2804 5294; x_wconf 85' lang='grc' dir='ltr'><strong>εί</strong></span> <span class='ocrx_word' id='word_1_812' title='bbox 2833 5241 2878 5295; x_wconf 83' lang='grc' dir='ltr'>δ’</span> <span class='ocrx_word' id='word_1_813' title='bbox 2911 5243 3182 5311; x_wconf 78' lang='grc' dir='ltr'>ἀφίκοιτο,</span> <span class='ocrx_word' id='word_1_814' title='bbox 3235 5244 3655 5316; x_wconf 74' lang='grc' dir='ltr'>ξενοδοχείσθωο</span> <span class='ocrx_word' id='word_1_815' title='bbox 3707 5253 3788 5322; x_wconf 85' lang='grc' dir='ltr'>μὴ</span> <span class='ocrx_word' id='word_1_816' title='bbox 3845 5256 4013 5324; x_wconf 75' lang='grc' dir='ltr'>μέντοι</span> 
     </span>
    </p>
   </div>
   <div class='ocr_carea' id='block_1_110' title="bbox 2535 5331 4012 5416">
    <p class='ocr_par' dir='ltr' id='par_1_110' title="bbox 2535 5331 4012 5416">
     <span class='ocr_line' id='line_1_110' title="bbox 2535 5331 4012 5416; baseline 0.011 -34"><span class='ocrx_word' id='word_1_817' title='bbox 2535 5349 2553 5382; x_wconf 74' lang='grc' dir='ltr'><strong>ι</strong></span> <span class='ocrx_word' id='word_1_818' title='bbox 2601 5331 2998 5402; x_wconf 83' lang='grc' dir='ltr'>προσδεχέσθω,</span> <span class='ocrx_word' id='word_1_819' title='bbox 3050 5335 3143 5388; x_wconf 84' lang='grc' dir='ltr'>καὶ</span> <span class='ocrx_word' id='word_1_820' title='bbox 3197 5334 3578 5407; x_wconf 73' lang='grc' dir='ltr'>ξενοδοχείτθω</span> <span class='ocrx_word' id='word_1_821' title='bbox 3610 5344 3768 5413; x_wconf 72' lang='grc' dir='ltr'>παρὰ</span> <span class='ocrx_word' id='word_1_822' title='bbox 3802 5346 4012 5416; x_wconf 66' lang='grc' dir='ltr'>γνώμην</span> 
     </span>
    </p>
   </div>
   <div class='ocr_carea' id='block_1_111' title="bbox 2537 5423 3120 5493">
    <p class='ocr_par' dir='ltr' id='par_1_111' title="bbox 2537 5423 3120 5493">
     <span class='ocr_line' id='line_1_111' title="bbox 2537 5423 3120 5493; baseline 0.005 -18"><span class='ocrx_word' id='word_1_823' title='bbox 2537 5441 2556 5475; x_wconf 79' lang='grc' dir='ltr'><strong>ι</strong></span> <span class='ocrx_word' id='word_1_824' title='bbox 2603 5423 2696 5476; x_wconf 83' lang='grc' dir='ltr'>τοῦ</span> <span class='ocrx_word' id='word_1_825' title='bbox 2729 5425 3055 5493; x_wconf 72' lang='grc' dir='ltr'>ἡγουμένου.</span> <span class='ocrx_word' id='word_1_826' title='bbox 3101 5444 3120 5477; x_wconf 71' lang='grc' dir='ltr'><strong>ι</strong></span> 
     </span>
    </p>
   </div>
   <div class='ocr_carea' id='block_1_112' title="bbox 2533 5537 4012 5620">
    <p class='ocr_par' dir='ltr' id='par_1_112' title="bbox 2533 5537 4012 5620">
     <span class='ocr_line' id='line_1_112' title="bbox 2533 5537 4012 5620; baseline 0.011 -32"><span class='ocrx_word' id='word_1_827' title='bbox 2533 5537 2606 5589; x_wconf 87' lang='grc' dir='ltr'>Τὸ</span> <span class='ocrx_word' id='word_1_828' title='bbox 2641 5538 2741 5606; x_wconf 82' lang='grc' dir='ltr'>μὲν</span> <span class='ocrx_word' id='word_1_829' title='bbox 2768 5538 3122 5607; x_wconf 75' lang='grc' dir='ltr'>ὑποδέχεσθαι</span> <span class='ocrx_word' id='word_1_830' title='bbox 3155 5542 3251 5594; x_wconf 81' lang='grc' dir='ltr'>καὶ</span> <span class='ocrx_word' id='word_1_831' title='bbox 3283 5540 3675 5614; x_wconf 68' lang='grc' dir='ltr'>ξενοῶχεῖσθαι</span> <span class='ocrx_word' id='word_1_832' title='bbox 3711 5551 3946 5620; x_wconf 76' lang='grc' dir='ltr'>μοναχὸν</span> <span class='ocrx_word' id='word_1_833' title='bbox 3988 5549 4012 5610; x_wconf 69' lang='grc' dir='ltr'>ἢ</span> 
     </span>
    </p>
   </div>
   <div class='ocr_carea' id='block_1_113' title="bbox 2463 5629 4014 5710">
    <p class='ocr_par' dir='ltr' id='par_1_113' title="bbox 2463 5629 4014 5710">
     <span class='ocr_line' id='line_1_113' title="bbox 2463 5629 4014 5710; baseline 0.01 -30"><span class='ocrx_word' id='word_1_834' title='bbox 2463 5631 2704 5710; x_wconf 74' lang='grc' dir='ltr'>μρναχὴν</span> <span class='ocrx_word' id='word_1_835' title='bbox 2755 5631 2814 5682; x_wconf 78' lang='grc' dir='ltr'>ἐν</span> <span class='ocrx_word' id='word_1_836' title='bbox 2867 5633 3030 5702; x_wconf 80' lang='grc' dir='ltr'>ἑτέρᾳ</span> <span class='ocrx_word' id='word_1_837' title='bbox 3065 5637 3201 5704; x_wconf 78' lang='grc' dir='ltr'>μονῇ</span> <span class='ocrx_word' id='word_1_838' title='bbox 3246 5629 3512 5691; x_wconf 80' lang='grc' dir='ltr'>ἀπιοῦσαν</span> <span class='ocrx_word' id='word_1_839' title='bbox 3555 5642 3584 5692; x_wconf 84' lang='lat'><strong>6</strong></span> <span class='ocrx_word' id='word_1_840' title='bbox 3619 5642 3826 5706; x_wconf 77' lang='grc' dir='ltr'>παρὼν</span> <span class='ocrx_word' id='word_1_841' title='bbox 3854 5644 4014 5697; x_wconf 72' lang='grc' dir='ltr'>κανὼδ</span> 
     </span>
    </p>
   </div>
   <div class='ocr_carea' id='block_1_114' title="bbox 2461 5722 4007 5801">
    <p class='ocr_par' dir='ltr' id='par_1_114' title="bbox 2461 5722 4007 5801">
     <span class='ocr_line' id='line_1_114' title="bbox 2461 5722 4007 5801; baseline 0.008 -29"><span class='ocrx_word' id='word_1_842' title='bbox 2461 5722 2561 5774; x_wconf 76' lang='grc' dir='ltr'><strong>οὐκ</strong></span> <span class='ocrx_word' id='word_1_843' title='bbox 2590 5723 2891 5790; x_wconf 75' lang='grc' dir='ltr'>ἐπιτρέπει,</span> <span class='ocrx_word' id='word_1_844' title='bbox 2950 5725 3034 5777; x_wconf 77' lang='grc' dir='ltr'>ἵνα</span> <span class='ocrx_word' id='word_1_845' title='bbox 3071 5725 3145 5795; x_wconf 78' lang='grc' dir='ltr'>μὴ</span> <span class='ocrx_word' id='word_1_846' title='bbox 3174 5726 3262 5780; x_wconf 80' lang='grc' dir='ltr'><strong>διά</strong></span> <span class='ocrx_word' id='word_1_847' title='bbox 3293 5730 3542 5799; x_wconf 83' lang='grc' dir='ltr'>ἀνάγκην</span> <span class='ocrx_word' id='word_1_848' title='bbox 3589 5735 3673 5793; x_wconf 81' lang='grc' dir='ltr'><strong>είς</strong></span> <span class='ocrx_word' id='word_1_849' title='bbox 3718 5737 4007 5801; x_wconf 72' lang='grc' dir='ltr'>κοσμικοὺς</span> 
     </span>
    </p>
   </div>
   <div class='ocr_carea' id='block_1_115' title="bbox 2422 5811 4011 5893">
    <p class='ocr_par' dir='ltr' id='par_1_115' title="bbox 2422 5811 4011 5893">
     <span class='ocr_line' id='line_1_115' title="bbox 2422 5811 4011 5893; baseline 0.006 -30"><span class='ocrx_word' id='word_1_850' title='bbox 2422 5887 2435 5890; x_wconf 14' lang='grc' dir='ltr'><em>ν</em></span> <span class='ocrx_word' id='word_1_851' title='bbox 2463 5811 2736 5882; x_wconf 82' lang='grc' dir='ltr'>ἁπέλθοιῆ</span> <span class='ocrx_word' id='word_1_852' title='bbox 2763 5813 2946 5884; x_wconf 70' lang='grc' dir='ltr'>μείνῃ*</span> <span class='ocrx_word' id='word_1_853' title='bbox 2972 5817 3035 5868; x_wconf 83' lang='grc' dir='ltr'><strong>τὸ</strong></span> <span class='ocrx_word' id='word_1_854' title='bbox 3069 5814 3125 5868; x_wconf 70' lang='grc' dir='ltr'>δὲ</span> <span class='ocrx_word' id='word_1_855' title='bbox 3154 5818 3482 5887; x_wconf 75' lang='grc' dir='ltr'>προσλαῦεῖν</span> <span class='ocrx_word' id='word_1_856' title='bbox 3505 5824 3600 5875; x_wconf 83' lang='grc' dir='ltr'><strong>καὶ</strong></span> <span class='ocrx_word' id='word_1_857' title='bbox 3623 5824 4011 5893; x_wconf 71' lang='grc' dir='ltr'>προσδέξασθαι</span> 
     </span>
    </p>
   </div>
  </div>
