4166 6438
177 365 286 427 997
1309 360 1388 420 ΙΝ
1425 359 1586 418 CAN.
1632 357 1760 417 XVI
1801 356 2007 418 CONC.
2048 358 2155 417 Vll
2200 356 2550 415 (ECUMEN.
3311 359 3410 419 998

173 479 372 547 αὐτὴν,
403 480 493 530 καὶ
524 478 777 540 συντάξαι
801 477 867 546 τῇ
892 476 1210 546 ἁδελφὸςῃτι
1235 478 1384 546 παρὰ
1403 478 1626 544 γνώμην
1643 475 1740 544 τῆς
1766 521 1774 534 η

1932 490 1974 538 e,
2011 484 2065 529 et
2096 483 2351 544 praeterea
2376 476 2661 539 accipere,
2714 482 2766 523 ct
2829 473 2967 524 inter
3018 488 3234 525 sorores
3292 477 3401 526 sine

173 571 515 640 ἡγουμένης,
541 572 643 624 οὐκ
672 574 976 638 ἐπιτρέπει.

1932 566 2112 621 electa:
2144 568 2420 620 voluntate
2450 565 2718 618 collocare
2750 580 2853 616 non
2887 566 3168 632 permittit.

770 659 1005 712 ΚΔΝΩΝ
1035 657 1161 712 ΚΒ’.
1339 687 1352 692 α

2413 656 2643 712 CANON
2686 656 2849 710 XXII.

180 771 196 802 ι
249 751 374 820 Θεῷ
410 752 507 819 μὲν
540 751 600 803 τὸ
638 730 747 804 τῗᾶν
780 751 1153 814 ἀνατίθεσθαι,
1187 751 1280 804 καὶ
1322 753 1383 804 οὐ
1427 754 1542 813 τοῖς
1596 751 1748 806 ἰδίοις

1932 756 2014 806 )eo
2049 755 2265 822 quidem
2288 754 2603 807 universum
2633 751 2904 813 dedicare,
2931 762 2984 806 et
3015 767 3120 806 non
3173 752 3409 822 propriis

153 853 166 858 "
209 857 274 894 se
327 845 595 912 θελήμασι
643 844 1177 929 δουλοῦσθαιμμέγα
1222 847 1410 915 χρῆμα
1453 845 1745 914 τυγχάνειο

1932 866 1944 898 ι
1984 849 2351 902 voluntatibus
2382 849 2622 911 servire,
2681 862 2766 900 res
2813 859 3001 910 magna
3045 856 3126 900 est
3162 865 3174 898 :
3215 866 3233 898 ι
3283 847 3407 901 Sive

258 952 278 984 ι
323 937 458 986 Εἴτε
488 936 595 1003 γὰρ
650 937 901 997 ἐσθίετε,
939 937 1058 988 εἴτε
1107 937 1328 1000 πίνετε,
1354 938 1382 987 6
1411 935 1551 997 θεῖος
1584 935 1746 986 Ἀπό-

253 1049 272 1073 ι
326 1026 506 1087 στολάς
536 1044 690 1095 φησι,
729 1007 923 1080 πᾶντα
957 1031 1042 1092 εὶς
1079 1027 1264 1090 δόξαν
1306 1026 1454 1081 Θεοῦ
1508 1025 1745 1079 ποιεῖτε.

255 1133 274 1164 ι
329 1116 561 1184 Χριστὸς
614 1116 667 1168 δὲ
697 1119 725 1169 6
772 1114 908 1180 Θεὸς
943 1117 1101 1188 ἡμῶν
1150 1120 1208 1170 ἐν
1240 1122 1351 1180 τοῖς
1403 1117 1749 1186 Εὑαγγελίοις

258 1225 275 1255 ι
328 1207 489 1258 αὑτοῦ
537 1207 633 1270 τὰς
663 1209 837 1278 ἀρχὰς
866 1208 972 1261 τῶν
1022 1209 1431 1280 ἁμαρτημάτων
1461 1210 1750 1262 ἐκκόπτειν

258 1317 278 1346 ‹
336 1300 722 1368 προστέταχεν.
775 1302 846 1353 Οὺ
877 1301 983 1369 γὰρ
1009 1304 1039 1371 η
1072 1304 1285 1372 μοιχεία
1312 1301 1468 1370 μόνον
1497 1301 1625 1371 παρ’
1653 1302 1748 1353 αὑ-

255 1413 272 1439 ι
326 1391 414 1442 τοῦ
447 1392 754 1457 κολάζεται,
779 1394 915 1446 ἀλλὰ
949 1397 1042 1447 καὶ
1067 1396 1098 1464 ἡ
1127 1397 1338 1465 κίνησις
1364 1397 1455 1448 τοῦ
1489 1395 1748 1464 λογισμοῦ

257 1502 277 1529 ε
328 1482 463 1550 πρὸς
492 1484 592 1552 τὴν
638 1484 738 1552 τῆς
791 1486 1035 1554 μοιχείας
1078 1487 1388 1556 ἐγχείρησιν
1417 1489 1752 1559 κατακέκρι-

259 1596 276 1623 ε
327 1592 435 1638 ται,
488 1576 737 1642 λ’ἐγοντος
787 1579 951 1630 αὑτοῦ
983 1595 995 1607 ·
1060 1579 1124 1631 '0
1164 1579 1470 1648 ἐμϐλέψας
1498 1582 1753 1650 γυναῖκα

261 1684 279 1713 ι
329 1664 477 1729 πρὸς
505 1666 572 1718 τὸ
625 1667 987 1735 ἐπιθυμῆσαι
1027 1668 1217 1737 αὐτῆς
1250 1669 1368 1738 ἤδη
1397 1671 1754 1741 ἐμοίχευσεν

259 1775 280 1804 ‹
329 1757 522 1823 αὐτὴν
541 1758 609 1809 ἐν
629 1758 703 1825 τῇ
745 1759 956 1827 καρδίᾳ
1008 1761 1213 1814 αὐτοῦ’
1269 1761 1421 1814 ἐνθεν
1451 1763 1542 1816 οὖν
1573 1763 1750 1834 μαθη-

261 1868 278 1896 ι
332 1849 634 1915 τευθέντες,
669 1852 965 1921 λογισμοὺς
1017 1853 1305 1923 ὀφείλομεν
1347 1855 1650 1926 καθαίρειν.
1691 1857 1750 1908 Εἰ

262 1957 284 1989 t
333 1941 438 2008 γὰρ
468 1941 563 1992 καὶ
593 1941 770 1994 πάντα
804 1943 1032 2008 ἔξεστιν,
1067 1944 1183 1996 ἀλλ’
1225 1946 1284 1998 οὑ
1338 1948 1512 2000 πάντα
1544 1949 1753 2015 συμφέ-

260 2049 280 2081 ι
333 2050 437 2101 ρει,
485 2035 559 2095 ὡς
608 2035 667 2099 ἐξ
728 2037 1091 2105 ἁποστολικῆς
1138 2039 1320 2107 φωνῆς
1364 2040 1749 2109 διδασκόμεθα.

263 2140 283 2170 ε
339 2122 681 2190 Ἐπάναγκες
731 2125 824 2178 οὖν
870 2130 987 2178 ἐστι
1032 2128 1195 2180 παντὶ
1227 2129 1379 2197 ἀνδρὶ
1425 2129 1512 2183 διὰ
1559 2131 1620 2183 τὸ
1655 2131 1754 2200 ζῇν

262 2236 281 2264 ι
329 2217 546 2270 ἐσθίειν.
580 2220 687 2271 Καὶ
716 2217 796 2281 οἷς
827 2221 924 2290 μὲν
947 2221 1060 2290 βίος
1085 2223 1202 2276 ἐστὶ
1226 2225 1402 2294 γάμου
1431 2225 1524 2278 καὶ
1550 2227 1755 2279 τέκνων

262 2327 279 2353 σ
332 2310 422 2358 καὶ
476 2308 668 2375 λαῖκῆς
719 2311 1032 2377 διαθέσεως,
1078 2315 1280 2384 ἀναμὶξ
1324 2316 1526 2368 ἐσθίειν
1556 2316 1754 2384 ἄνδρας

266 2415 284 2445 ‹
333 2401 426 2450 καὶ
457 2403 723 2466 γυναῖκας
754 2401 862 2453 τῶν
907 2404 1248 2475 ἁδιαϐλήτων
1281 2406 1418 2471 ἐστὶ,
1469 2408 1629 2475 μόνον
1677 2408 1754 2476 τῷ

267 2509 286 2538 ι
335 2490 748 2563 διδόντιτροφὴν
768 2495 864 2565 τὴν
885 2497 1232 2565 εὐχαριστίαν
1257 2499 1651 2567 προσάγοντας,
1680 2503 1753 2570 μὴ

267 2599 284 2628 ι
336 2582 473 2648 μετά
522 2598 684 2634 τινων
718 2585 1020 2652 θυμελικῶν
1068 2586 1530 2657 ἐπιτηδευμάτων,
1578 2590 1754 2642 είτουν

268 2690 288 2720 ι
336 2676 646 2728 σατανικῶν
675 2676 956 2745 ᾀσμάτων,
990 2678 1233 2748 κιθαρῶν
1264 2697 1322 2732 τε
1358 2683 1451 2733 καὶ
1486 2683 1755 2753 πορνικῶν

268 2778 295 2817 c
341 2764 712 2834 λυγισμάτων,
741 2764 822 2828 οἷς
855 2771 1143 2838 ἐπέρχεται
1171 2775 1480 2842 προφητικὴ
1505 2776 1634 2839 ἀρὰ,
1661 2775 1756 2826 οὖ-

270 2876 290 2906 α
335 2862 504 2929 τωςή
555 2861 807 2930 λέγουσα·
862 2866 1005 2917 Οὐαὶ
1047 2869 1101 2918 ot
1153 2869 1304 2935 μετὰ
1348 2870 1592 2937 κιθάρας
1657 2873 1754 2924 καὶ

274 2968 293 2998 σ
339 2953 680 3019 ψαλτηρίου
735 2957 844 3008 τὸν
885 2953 1055 3010 οἶνον
1079 2959 1376 3026 πίνοντες,
1424 2964 1494 3014 τὰ
1525 2963 1590 3014 δὲ
1617 2965 1758 3031 ἔργα

271 3062 291 3092 ι
339 3045 557 3112 Κυρίου
609 3048 716 3100 οὐκ
750 3048 1142 3118 ἐμϐλέπουσι,
1197 3053 1296 3104 καὶ
1346 3055 1415 3108 τὰ
1463 3055 1607 3124 ἔργα
1642 3055 1758 3108 τῶν

272 3154 291 3183 σ
341 3135 555 3204 χειρῶν
602 3140 786 3193 αὑτοῦ
853 3143 924 3194 οὐ
971 3145 1354 3199 κατανοοῦσι.
1415 3147 1520 3198 Καὶ
1560 3148 1611 3199 εί
1654 3148 1752 3200 πού
1781 3151 1825 3209 C

273 3246 291 3276 ι
342 3245 471 3280 ποτε
505 3225 613 3281 εἷεν
637 3231 866 3285 τοιοῦτοι
895 3235 953 3285 ἐν
981 3239 1092 3297 τοῖς
1123 3237 1488 3304 Χριστιανοῖς,
1521 3241 1761 3311 διορθού-

277 3335 295 3366 ι
346 3315 579 3371 σθωσανο
611 3322 658 3371 εἰ
685 3320 741 3372 δέ
770 3324 843 3392 μή
871 3340 954 3390 γε,
983 3326 1354 3392 κρατείτωσαν
1382 3329 1468 3380 ἐπ’
1489 3330 1669 3392 αὐτοῖς
1695 3334 1760 3384 τὰ

275 3425 294 3456 ι
341 3409 495 3476 παρὰ
525 3409 635 3460 τῶν
664 3413 768 3480 πρὸ
796 3414 951 3482 ἡμῶν
977 3419 1281 3480 κανονικῶς
1323 3421 1629 3475 ἐκτεθέντα.
1665 3418 1760 3485 Οἷς

280 3516 298 3546 ι
345 3496 401 3548 δέ
433 3502 459 3550 6
490 3499 598 3568 βίος
632 3503 778 3554 ἐστὶν
810 3503 1030 3573 ήσύχιος
1077 3507 1169 3557 καὶ
1202 3509 1551 3577 μονότροπος,
1583 3513 1610 3562 ὁ
1636 3529 1754 3563 συν-

278 3611 296 3640 ι
342 3592 642 3660 ταξάμενος
675 3594 867 3664 Κυρίῳ
899 3597 975 3665 τῷ
1007 3597 1124 3667 Θεῷ
1153 3599 1315 3667 ζυγὸν
1362 3604 1571 3672 μονήρη
1603 3599 1759 3673 ἆραι,

278 3702 296 3732 ι
347 3684 629 3737 καθίσεται
665 3686 807 3738 κατὰ
845 3687 1012 3755 μόνας
1045 3690 1138 3742 καὶ
1168 3692 1446 3760 σιωπήσῃ·
1485 3695 1620 3747 ἀλλὰ
1653 3697 1761 3766 μὴν

278 3794 298 3826 ι
346 3777 442 3828 xui.
472 3779 582 3838 τοῖς
614 3779 888 3848 ἱερατικὸν
921 3781 1303 3850 ἐκλεξαμένοις
1354 3785 1466 3853 βίον
1498 3786 1605 3838 οὐδ’
1625 3788 1764 3850 ὅλως

281 3885 299 3918 ι
344 3867 519 3931 ἔξεστι
547 3869 667 3920 κατ’
710 3869 844 3921 ίδίαν
877 3872 1092 3938 γυναιξὶ
1124 3874 1442 3939 συνεσθίειν,
1479 3877 1527 3927 εί
1560 3878 1632 3946 μή
1662 3894 1764 3929 που

279 3978 300 4009 ι
351 3961 488 4027 μετά
515 3978 672 4013 τινων
718 3961 992 4032 θεοφόρων
1027 3964 1117 4015 καὶ
1146 3964 1390 4018 εὐλαδῶν
1419 3968 1627 4036 ἀνδρῶν
1673 3969 1765 4020 καὶ

278 4068 298 4101 ‹
346 4051 636 4116 γυναικῶν,
657 4052 741 4103 ἵνα
773 4053 865 4104 καὶ
890 4049 1077 4123 αὐτὴή
1107 4056 1445 4117 συνεστίασις
1470 4058 1602 4124 πρὸς
1636 4073 1768 4108 κατ-

278 4160 299 4193 (
343 4143 573 4213 ὄρθωσιν
618 4145 989 4214 πνευματικὴν
1039 4146 1254 4218 ἀπάγῃ.
1323 4149 1431 4200 Καὶ
1490 4149 1610 4200 ἐπιδ
1634 4167 1764 4219 συγ-

280 4251 298 4282 (
345 4234 520 4299 γενῶν
567 4233 624 4286 δὲ
678 4234 737 4285 τὸ
791 4233 923 4286 αὐτὸ
964 4236 1207 4290 ποιείτω.
1258 4237 1321 4290 El
1368 4238 1423 4290 δὲ
1477 4243 1568 4292 καὶ
1611 4237 1768 4304 αὖθις

282 4344 299 4375 ι
349 4327 406 4376 ἐν
439 4327 715 4396 ὁδοιπορίᾳ
741 4328 921 4397 συμϐῇ
938 4328 1116 4398 τὰτῆς
1145 4330 1445 4398 ἀναγκαίας
1474 4334 1661 4401 χρείας
1689 4335 1766 4404 μὴ

282 4437 301 4468 ι
349 4419 703 4488 ἐπιφέρεσθαι
759 4421 1055 4491 μοναχδνῆ
1112 4423 1385 4490 ἱερατικὸν
1429 4425 1618 4496 ἄνδρα,
1670 4428 1763 4479 καὶ

282 4531 302 4562 ι
348 4511 520 4564 διὰτὸ
568 4500 864 4578 ἀναγκαῖον
913 4512 1214 4566 καταλῦσαι
1275 4514 1523 4582 βούλεται
1570 4517 1680 4570 εἴτε
1709 4519 1765 4570 ἐν

285 4623 304 4654 ι
351 4604 652 4673 πανδοκείῳ
680 4605 789 4655 εἴτε
819 4608 876 4657 ἐν
913 4604 1045 4674 οἴκῳ
1083 4606 1246 4670 τινὸς,
1270 4607 1451 4660 ἄδειαν
1481 4608 1628 4676 ἔχειν
1661 4612 1762 4662 a5-

287 4715 304 4746 ι
352 4696 443 4747 τὸν
465 4694 620 4747 τοῦτο
643 4698 835 4758 ποιεῖν,
860 4696 934 4757 ὡς
955 4699 1051 4766 τῆς
1069 4698 1257 4767 χρείας
1275 4700 1727 4770 κατεπειγούσης.
1743 4718 1761 4751 ›

282 4788 478 4843 ΒΑΛΣ.
548 4787 606 4840 '0
641 4786 832 4857 παρὼν
884 4787 1064 4840 κανὼν
1115 4788 1312 4842 κωλύει
1369 4791 1493 4855 τοὺς
1550 4793 1770 4855 λαῖκοὺς

1926 958 1943 990 ι
1981 943 2124 994 enim
2153 939 2477 1004 comeditis,
2519 942 2630 994 sive
2662 941 2848 993 bibitis
2878 978 2894 1002 ,
2946 940 3124 1008 inquit
3186 941 3407 995 divinus

1928 1048 1945 1079 ι
1981 1030 2297 1097 Apostolus,
2354 1028 2535 1083 omnia
2582 1029 2633 1080 in
2700 1027 2788 1081 Dei
2816 1026 3041 1097 gloriam
3079 1027 3236 1080 facite
3273 1029 3342 1082 "°.
3383 1048 3402 1078 ι

1930 1141 1947 1174 ι
1988 1121 2239 1176 Christus
2271 1130 2450 1175 autem
2478 1119 2620 1174 Deus
2655 1131 2841 1174 noster
2870 1123 2923 1174 in
2953 1120 3067 1174 suis
3101 1119 3408 1187 Evangeliis

1929 1235 1945 1266 ι
1984 1215 2147 1284 jussit
2181 1222 2521 1283 peccatorum
2571 1211 2831 1278 principia
2849 1227 3115 1266 resecare.
3135 1209 3250 1264 Non
3268 1211 3408 1265 enim

1929 1307 2318 1359 «adulterium
2369 1305 2542 1357 solum
2577 1304 2717 1372 apud
2773 1303 2946 1370 ipsum
3003 1306 3256 1371 punitur;
3317 1304 3408 1355 sed
3490 1370 3493 1373 ι

1927 1421 1945 1452 ι
1986 1401 2147 1454 etiam
2179 1398 2506 1470 cognitionis
2533 1407 2710 1450 motus
2733 1397 2798 1449 ad
2819 1396 3234 1464 aggrediendnm
3253 1395 3412 1448 adut-

1929 1513 1946 1545 ι
1993 1496 2188 1547 terium
2214 1491 2630 1556 condemnatur,
2655 1493 2774 1558 ipso
2796 1488 3048 1543 dicente:
3074 1506 3091 1537 ι
3125 1487 3224 1552 Qui
3254 1502 3413 1555 aspc-

1929 1605 1947 1637 ι
1985 1586 2062 1639 xit
2093 1586 2372 1639 mulierem
2405 1583 2472 1636 ad
2505 1582 2993 1650 concupiscendam
3029 1581 3205 1650 ipsam
3235 1596 3410 1655 ,_eam

1929 1677 2088 1746 tjam
2121 1677 2173 1730 in
2203 1676 2368 1730 corde
2415 1691 2514 1729 suo
2560 1672 2883 1726 adnlteravit
2927 1672 2971 1702 τι
3009 1689 3022 1724 :
3059 1689 3076 1721 ι
3119 1670 3262 1724 unde
3310 1685 3408 1723 nos

1933 1785 1951 1818 ι
1991 1783 2210 1835 quoque
2237 1766 2439 1830 edocti,
2473 1764 2732 1817 debemus
2767 1760 3123 1830 cogitationes
3155 1774 3409 1828 purgare.

1928 1879 1949 1913 ι
1986 1862 2094 1915 Etsi
2122 1861 2264 1914 enim
2298 1859 2478 1913 omnia
2509 1850 2690 1919 licent,
2719 1870 2825 1907 non
2856 1860 3036 1906 tamen
3086 1851 3267 1904 omnia
3316 1867 3413 1904 ex—

1929 1972 1946 2004 ‹
1984 1955 2205 2023 pediunt
2235 1953 2301 2017 ",
2340 1969 2359 2002 ›
2395 1961 2452 2004 nt
2510 1967 2538 2003 a
2591 1966 2720 2006 voce
2772 1947 3073 2019 apostolica
3133 1945 3411 1999 docemur.

1933 2066 1951 2098 ι
1989 2045 2173 2102 Cuivis
2199 2060 2331 2115 ergo
2362 2044 2569 2098 homini
2620 2057 2842 2098 necesse
2896 2049 2983 2094 est
3025 2037 3312 2093 comedere
3356 2045 3416 2089 ut

1935 2159 1951 2190 ι
1990 2141 2152 2194 vivat.
2185 2135 2246 2191 Et
2274 2135 2472 2206 quibus
2498 2143 2581 2188 est
2638 2133 2750 2185 vita
2800 2129 3016 2199 quidem
3080 2127 3413 2180 matrimonii

1933 2253 1951 2284 ι
1988 2242 2040 2286 et
2092 2231 2386 2286 liberorum
2421 2236 2474 2282 et
2525 2226 2674 2279 laicaa
2721 2221 3150 2279 constitutionis,
3205 2219 3412 2273 mixtim

1932 2345 1949 2376 ι
1987 2323 2273 2385 comedere
2297 2322 2446 2372 viros
2479 2327 2533 2372 et
2575 2318 2831 2370 mulieres
2856 2354 2872 2378 ,
2905 2323 2988 2369 est
3020 2314 3089 2368 ab
3130 2314 3274 2367 omni
3324 2328 3416 2366 re-

1929 2433 1947 2464 ‹
1989 2411 2347 2480 prebensione
2372 2407 2606 2462 alienum
2632 2423 2647 2471 ;
2679 2407 2723 2460 si
2757 2405 2919 2460 modo
2948 2406 2995 2459 ei
3025 2445 3040 2469 ,
3073 2406 3160 2470 qui
3190 2405 3281 2458 dat
3311 2421 3416 2457 nn-

1933 2524 1951 2556 ι
1987 2505 2338 2560 trimentum.
2398 2499 2604 2570 gratias
2657 2507 2852 2567 agant,
2900 2513 3005 2552 non
3036 2514 3156 2551 cum
3188 2497 3416 2552 scenicis

1933 2615 1950 2647 ι
1991 2593 2311 2664 quibusdam
2341 2593 2540 2646 studiis
2571 2591 2688 2645 sive
2743 2589 3014 2645 Satanicis
3045 2591 3269 2644 canticis
3297 2626 3317 2656 ,
3364 2602 3420 2646 et

1936 2706 1954 2738 ‹
1993 2685 2358 2739 citharmdicis
2382 2699 2444 2737 ac
2475 2684 2798 2736 meretriciis
2825 2682 3067 2747 vocibus,
3099 2698 3238 2751 quos
3293 2699 3416 2751 pro-

1934 2797 1952 2829 ‹
1991 2778 2203 2846 phetica
2229 2778 2550 2830 exsecratio
2567 2773 2895 2828 ﬂexionibns
2919 2790 3011 2828 seu
3047 2774 3391 2839 gesticulatio

1935 2889 1953 2922 ι
1997 2871 2153 2924 nibus
2186 2867 2553 2936 persequitur,
2609 2865 2688 2919 sic
2742 2866 2970 2920 dicens:
3009 2885 3025 2916 ι
3066 2863 3154 2918 Va}
3214 2867 3280 2920 iis
3327 2865 3418 2935 qui

1934 2984 1953 3015 ‹
1993 2979 2116 3017 cum
2146 2962 2349 3015 cithara
2377 2968 2431 3013 et
2461 2957 2722 3028 psalterio
2756 2959 2937 3009 vinum
2971 2958 3181 3017 bibunt,
3213 2959 3418 3010 Domini

1936 3074 1954 3104 σ
1997 3063 2174 3107 autem
2201 3064 2363 3118 opera
2397 3063 2500 3101 non
2541 3047 2932 3115 respiciunt,et
2958 3064 3118 3117 opera
3161 3062 3418 3101 manuum
3504 3054 3510 3059 '

1935 3163 1953 3195 ι
1989 3145 2106 3210 ejus
2140 3156 2244 3195 non
2275 3139 2624 3192 considerant
2656 3138 2725 3190 ⁷³.
2759 3157 2777 3188 ι
2817 3139 2879 3190 Et
2914 3139 3084 3191 sicubi
3123 3138 3256 3193 tales
3304 3139 3423 3191 fue-

1937 3254 1955 3287 ι
1993 3236 2104 3290 rint
2136 3233 2277 3286 inter
2305 3230 2671 3295 Christianos,
2693 3230 3038 3299 corrigantur
3066 3249 3078 3284 :
3113 3233 3195 3285 sin
3221 3232 3422 3295 minus,

1939 3349 1956 3381 ι
1996 3329 2257 3382 adversus
2284 3340 2376 3378 eos
2409 3324 2576 3376 robur
2605 3335 2764 3375 suum
2808 3324 3126 3383 obtineant,
3183 3337 3303 3390 qum
3353 3328 3421 3377 ab

1937 3441 1955 3474 ι
1991 3417 2424 3474 antecessoribus
2457 3414 2720 3466 canonice
2779 3413 2971 3465 tradita
3025 3422 3172 3467 sunt.
3214 3414 3422 3479 Quibus

1937 3531 1954 3563 ι
1992 3524 2169 3565 autem
2206 3512 2388 3578 quieta
2420 3516 2500 3559 est
2535 3506 2641 3558 vita
2671 3513 2722 3558 et
2754 3504 3017 3563 solitaria,
3066 3514 3120 3557 ttt
3169 3506 3257 3572 qui
3318 3507 3422 3559 Do-

1937 3625 1952 3655 ι
1997 3605 2145 3658 mino
2179 3601 2286 3655 Deo
2336 3601 2523 3669 jugum
2577 3597 2938 3651 monasticum
2994 3597 3180 3652 tollere
3225 3608 3426 3653 statue-

1941 3717 1958 3748 ‹
1998 3698 2126 3759 rint,
2161 3695 2213 3748 in
2242 3692 2536 3748 solitudine
2561 3697 2614 3744 et
2658 3688 2873 3742 silentio
2912 3688 3103 3742 sedere
3137 3691 3421 3743 convenit:

1940 3808 1957 3840 ι
1994 3789 2087 3842 sed
2123 3799 2220 3840 nec
2250 3785 2316 3838 iis
2346 3784 2534 3839 etiam.
2567 3781 2658 3850 qui
2688 3779 2848 3833 vitam
2881 3780 3272 3834 sacerdotalem
3313 3782 3425 3835 ele-

1940 3901 1958 3933 (
1997 3881 2194 3950 gerint,
2220 3877 2344 3931 licet
2374 3873 2593 3934 omnino
2641 3886 2886 3926 seorsum
2930 3886 3056 3924 cum
3113 3872 3426 3926 mulieribus

1941 3991 1960 4024 ι
1991 3973 2313 4033 comedere;
2349 3968 2451 4021 nisi
2482 3965 2668 4034 utique
2693 3979 2815 4016 cum
2845 3963 3049 4018 divinis
3074 3972 3127 4017 et
3160 3964 3426 4032 religiosis

1944 4084 1962 4115 ι
2001 4062 2134 4116 viris
2158 4075 2221 4113 ac
2253 4057 2592 4117 mulieribus,
2631 4062 2689 4107 ut
2716 4055 2891 4122 ipsum
2924 4053 3088 4107 etiam
3116 4055 3422 4108 convivium

1945 4173 1964 4208 ι
2008 4153 2071 4207 ad
2102 4149 2435 4222 spiritualem
2458 4147 2848 4201 correctionem
2891 4146 3143 4200 adducat.
3172 4146 3341 4199 Porro
3373 4146 3424 4199 id

1944 4265 1961 4297 ι
2006 4247 2182 4315 ipsum
2217 4241 2379 4296 etiam
2417 4241 2469 4294 in
2497 4238 2745 4310 cognatis
2771 4238 2884 4292 ﬂat.
2937 4238 2992 4291 Si
3026 4245 3204 4291 autem
3236 4251 3428 4292 rursus

1941 4355 1960 4386 ι
1997 4335 2291 4401 contingat,
2330 4338 2386 4383 ut
2410 4344 2528 4398 qua:
2579 4334 2706 4381 sunt
2762 4328 2826 4380 ad
2855 4322 2864 4330 ”
2891 4343 3046 4381 usum
3106 4328 3419 4381 necessaria

1946 4445 1965 4477 ι
1998 4441 2101 4479 non
2134 4421 2323 4475 all‘crat
2354 4414 2650 4472 monachus
2680 4417 2760 4470 vel
2793 4415 3085 4480 sacerdos,
3115 4423 3168 4470 et
3206 4427 3428 4484 propter

1947 4535 1966 4568 ι
2003 4514 2374 4569 necessitatem
2403 4509 2552 4570 velit,
2581 4509 2696 4562 sive
2725 4507 2788 4560 ad
2852 4507 3129 4575 publicum
3183 4508 3429 4561 diverso-

1949 4628 1967 4660 ι
2004 4608 2170 4669 rium,
2201 4604 2315 4659 sive
2344 4603 2410 4656 ad
2443 4601 2676 4668 alicujus
2732 4602 2951 4652 domum
3010 4597 3319 4661 divertere;
3380 4601 3428 4652 ei

1950 4717 1969 4752 ι
2008 4698 2168 4752 liceat
2198 4695 2301 4747 hoc
2327 4691 2523 4756 facere,
2562 4699 2747 4759 utpote
2767 4695 2992 4757 urgente
3024 4689 3370 4743 necessitate.
3405 4707 3423 4737 ι

1945 4787 2140 4842 BALS.
2177 4786 2421 4838 Praesens
2462 4796 2634 4835 canon
2673 4779 2921 4849 prohibet
2963 4778 3154 4842 laicis,
3188 4793 3255 4831 ne
3308 4793 3430 4832 cum

1875 4876 2107 4933 scenicis
2137 4872 2360 4928 ludicris
2390 4880 2443 4925 et
2475 4869 2852 4924 saltationibus
2883 4867 3185 4927 comedant.
3207 4877 3260 4922 et
3309 4883 3436 4922 sua-

1875 4970 1965 5022 det
1992 4965 2316 5021 Cbristianis
2347 4962 2508 5032 329
2539 4960 2629 5031 qui
2666 4961 2769 5014 tale
2805 4961 2930 5030 quid
2966 4959 3211 5024 faciunt,
3266 4968 3325 5013 ut
3375 4974 3435 5013 se

1875 5059 2151 5128 corrigant
2186 5073 2200 5108 :
2232 5055 2314 5109 sin
2346 5055 2522 5107 minus
2551 5091 2566 5116 ,
2595 5054 2852 5107 adversus
2906 5065 2998 5103 eos
3051 5050 3229 5103 valere
3252 5088 3267 5113 ,
3315 5065 3434 5118 qua:

1877 5151 2178 5206 canonibus
2208 5155 2364 5201 antea
2396 5148 2685 5198 constituta
2724 5143 2871 5197 fuere
2897 5182 2916 5208 ,
2976 5142 3235 5196 decernit.
3267 5139 3436 5194 Porro

1879 5251 1931 5296 et
1964 5239 2247 5294 monachis
2279 5246 2330 5290 et
2359 5236 2733 5291 sacerdotibus
2765 5233 3046 5304 praecipit,
3095 5247 3160 5285 ne
3185 5246 3434 5285 seorsum

1884 5346 2005 5386 cum
2039 5328 2354 5384 mulieribus
2384 5327 2700 5389 comedam,
2745 5325 2953 5381 etiamsi
3006 5337 3190 5377 revera
3247 5337 3433 5377 eorum

1885 5432 2125 5493 cognata!
2156 5421 2396 5483 fuerint;
2424 5421 2518 5474 sed
2555 5423 2753 5488 palam,
2791 5428 2844 5472 et
2874 5433 2993 5471 cum
3029 5415 3302 5486 aliquibus
3340 5413 3436 5468 bo-

1885 5518 1969 5567 nis
2000 5525 2062 5564 ac
2103 5509 2392 5580 religiosis,
2419 5519 2477 5562 ut
2543 5525 2716 5579 neque
2746 5509 2847 5578 ipsi
2879 5522 2909 5560 a
2941 5505 3228 5560 contrariis
3289 5504 3430 5571 cogi.

1885 5603 2177 5659 tationibus
2239 5610 2598 5668 moveantur,
2663 5616 2834 5670 neque
2900 5599 3017 5654 aliis
3083 5595 3432 5653 oﬂ'ensionetn

203 4881 352 4952 μετᾶ
379 4880 686 4950 θυμελικῶν
711 4882 984 4949 παιγνίων
1014 4883 1107 4934 καὶ
1132 4884 1412 4953 ὀρχήσεων
1435 4884 1651 4950 ἐσθίειν,
1680 4888 1773 4940 καὶ

204 4975 592 5043 παρεγγυᾶται
643 4976 756 5036 τοῖς
805 4974 1047 5027 τοιοῦτόν
1074 4993 1126 5027 τι
1167 4975 1377 5028 ποιοῦσι
1429 4977 1774 5048 Χριστιανοῖς

205 5065 577 5135 διορθοῦσθαιο
605 5066 653 5117 εί
689 5065 747 5118 δὲ
786 5067 883 5135 μὴ,
925 5067 1144 5136 κρατεῖν
1178 5066 1264 5118 ἐπ’
1297 5069 1482 5130 αὐτοῖς
1515 5069 1583 5120 τὰ
1620 5069 1774 5138 παρὰ

208 5159 324 5209 τῶν
355 5157 593 5210 κανόνων
646 5155 1063 5226 προορισθέντα.
1097 5156 1238 5220 Τοὺς
1271 5158 1455 5227 μέντοι
1509 5159 1776 5227 μοναχοὺς

212 5249 464 5310 καὶτοὺς
508 5248 832 5317 ἱερωμένους
879 5248 1313 5317 παρακελεύεται
1369 5249 1442 5317 μὴ
1475 5250 1775 5302 συνεσθίειν

216 5337 358 5408 μετὰ
375 5337 649 5403 γυναικῶν
675 5337 793 5389 κατ’
816 5337 974 5401 ίδίαν,
999 5337 1102 5389 κᾶν
1130 5339 1194 5406 τῇ
1225 5338 1452 5407 ἀληθείᾳ
1476 5331 1576 5389 ὦσι
1603 5352 1774 5405 προσ-

215 5429 398 5494 γενεῖς
452 5425 628 5480 αὐτῶν
671 5443 684 5458 ’
715 5427 830 5480 ἀλλ’
861 5429 918 5478 ὲν
962 5427 1099 5494 φωτὶ
1135 5427 1227 5478 καὶ
1259 5427 1395 5496 μετὰ
1434 5425 1675 5477 εὐλαῦῶν
1698 5441 1777 5476 τι-

217 5534 348 5582 νων,
387 5516 475 5568 διὰ
521 5517 581 5569 τὸ
626 5519 763 5587 μήτε
811 5518 1009 5579 αὐτοὺς
1055 5517 1159 5569 ὑπὸ
1204 5517 1477 5585 λογισμῶν
1517 5516 1777 5570 ἐναντίων

216 5609 629 5675 κατασείεσθαι,
669 5613 808 5682 μήτε
849 5610 1041 5672 ἄλλους
1083 5607 1476 5671 σκανδαλίζειν.
1519 5608 1606 5659 Ἐν
1636 5607 1776 5660 660t-

299 5793 340 5825 ⁷⁰
367 5791 382 5845 Ι
414 5794 539 5848 Cor.
577 5809 628 5857 Χ,
663 5794 749 5848 51.
835 5795 876 5824 τί
921 5791 1106 5846 Matth.
1148 5809 1205 5856 v,
1234 5791 1326 5844 28.

1411 5791 1455 5821 ⁷³
1485 5790 1502 5843 l
1539 5789 1662 5844 Cor.
1691 5805 1761 5856 γι,
1799 5786 1884 5845 12.
1964 5786 2010 5819 ⁷³
2038 5784 2140 5840 lsa.
2175 5800 2226 5849 ν,
2258 5782 2348 5848 Η,
2385 5783 2468 5837 12.
