4166 6438
122 424 255 489 10-31

1114 413 1196 474 ΙΝ
1232 411 1397 471 CAN.
1430 410 1601 469 XXII
1629 405 1841 468 CONC.
1873 406 1985 468 ViI
2030 404 2384 463 (PXIUMEN'.

3248 389 3381 460 1009

120 534 309 603 φησιν,
342 530 370 582 ό
398 526 505 598 βίος
539 524 765 596 ἡσύχιος
795 524 888 575 καὶ
920 520 1272 591 μονότροπος,
1299 518 1437 573 ἀλλὰ
1467 518 1573 587 μὴν
1599 517 1692 569 v.1".

1814 514 2051 567 isaltcrio
2086 515 2264 566 vinum
2291 512 2515 573 bibunt;
2553 519 2597 560 (ιι
2629 526 2744 578 qua:
2793 518 3119 579 sequuntur.
3176 510 3234 562 Si
3291 510 3381 575 qui

117 626 233 684 τοῖς
280 621 573 690 ἱερατικοῖς
607 617 706 667 οὐκ
734 615 910 678 ἔξεστι
952 610 1072 664 κατ’
1125 610 1261 663 ἰδίαν
1307 609 1523 675 γυναιξὶ⁹
1571 624 1699 656 συν-

117 713 343 765 εσθίειν.
394 709 455 761 Εί
483 708 538 760 δέ
581 723 713 759 ποτε
755 703 914 756 τοῦτο
945 703 1188 770 γίνεσθαι
1214 702 1416 769 δεήσει,
1446 714 1700 765 συμπαρ-

117 807 289 856 όντων
323 800 506 863 αὐτοῖς
542 798 739 865 τιμίων
787 796 996 866 ἀνδρῶν
1026 811 1085 846 τε
1119 797 1212 847 καὶ
1253 793 1526 859 γυναικῶν
1573 807 1700 841 συν-

122 892 544 962 εστιαθήσονται
570 886 856 956 γυναιξὶν,
890 886 977 938 ῐνα
1010 885 1104 937 καὶ
1134 886 1166 953 ἡ
1191 882 1533 942 συνεστίασις
1566 880 1701 949 πρὸς

120 982 463 1053 κατόρθωσιν
478 977 1080 1051 πνευματικὴνάπάγῃ·
1102 974 1357 1045 κατορθοῖ
1371 975 1478 1042 γὰρ
1494 974 1520 1023 ό
1532 970 1704 1032 οὓτως

118 1076 449 1137 ἀνυπόπτως
506 1070 803 1125 συνεσθίων
870 1068 1087 1138 γυναιξὶ
1132 1070 1192 1120 τὸ
1241 1064 1564 1132 δοξάζεσθαι
1612 1061 1705 1114 τὸν

122 1168 279 1221 Θεόν.
307 1168 371 1219 Ol
408 1166 518 1234 γὰρ
539 1161 774 1234 δρῶντες
800 1160 978 1212 αὐτῶν
1010 1160 1114 1226 ἔξω
1137 1157 1313 1227 πάσης
1344 1154 1704 1223 διατηροῦντα

124 1258 325 1312 ἑαυτὸν
353 1255 619 1327 ἀποψίας,
650 1253 936 1321 δοξάζουσι
958 1253 1047 1304 τὸν
1070 1252 1228 1315 Θεὸν,
1259 1250 1399 1302 κατὰ
1428 1248 1519 1300 τὸν
1545 1247 1705 1313 εύαγ-

120 1348 341 1417 γελικὺν
363 1348 519 1415 λόγον
547 1348 640 1400 τὸν
659 1345 907 1413 λέγονταο
932 1342 1235 1412 Λαμψὰτω
1262 1341 1328 1395 τὸ
1358 1339 1486 1409 φῶς
1534 1337 1701 1407 ὑμῶν

119 1443 469 1512 ἔμπροσθεν
504 1438 623 1492 τῶν
653 1436 1000 1505 ἀνθρώπων,
1032 1435 1193 1500 ὅπως
1216 1432 1386 1486 ἴδωσι
1436 1432 1509 1485 τὰ
1552 1431 1708 1484 καλὰ

120 1534 268 1603 ἔργα
298 1530 465 1601 ὑμῶν
491 1529 590 1583 καὶ
635 1528 945 1592 δοξάσωσι
975 1526 1081 1579 τὸν
1111 1525 1343 1592 Πατέρα
1386 1522 1555 1590 ὑμῶν
1599 1521 1709 1576 τὸν

120 1627 192 1678 ἐν
218 1623 345 1689 τοῖς
364 1622 663 1691 οὐρανοῖς.
698 1622 808 1673 Καὶ
834 1619 895 1672 ού
933 1618 1095 1688 μόνον
1136 1616 1447 1687 ἀλλοτρίαις
1488 1614 1707 1683 γυναιξὶ

123 1715 432 1769 συνεσθίειν
460 1716 487 1768 ὁ
526 1713 759 1783 μοναχὺς
803 1710 837 1780 ἢ
882 1712 909 1763 ὀ
956 1709 1255 1780 ίερωμένος
1289 1709 1381 1763 ἐπὶ
1428 1708 1706 1777 παρουσίᾳ

124 1808 295 1861 τινῶν
337 1805 588 1859 εὐλαὸὦν
615 1804 957 1867 ἁπαιτεῖται,
989 1802 1126 1854 ἀλλὰ
1164 1801 1257 1853 καὶ
1283 1801 1372 1854 ὅτε
1409 1800 1703 1868 συγγενέσι

122 1895 344 1966 γυναιξὶ⁸
396 1894 695 1949 συνεσθίει.
719 1893 834 1946 ιἘν
868 1892 926 1945 δὲ
968 1892 1300 1961 ὁδοιπορίαις
1341 1891 1639 1961 ίερωμὲνος
1674 1891 1705 1960 ἢ
1739 1868 1780 1921 Β

124 1989 388 2059 μοναχδς,
420 1989 470 2040 εί
503 1986 579 2056 μὴ
609 1984 720 2055 ἔχοι
751 1985 883 2037 ὅπου
912 1984 1315 2046 ἀναπαύσεται,
1348 1983 1503 2036 ἄδεια
1548 1982 1703 2035 ἔσται

123 2077 282 2147 αύτῷ
309 2077 403 2130 καὶ
434 2078 491 2129 ὲν
520 2072 822 2143 πανδοχείῳ
850 2074 943 2124 καὶ
970 2072 1027 2123 ὲν
1053 2071 1185 2140 οἴκῳ
1217 2070 1363 2133 τινὸς
1396 2069 1703 2123 καταλῦσαι

122 2167 321 2238 χρείας
354 2162 810 2232 κατεπειγούσης
857 2159 998 2229 πλὴν
1053 2161 1215 2213 κάκεῖ
1259 2156 1377 2230 μετ’
1421 2158 1706 2226 εὐλαϐείας

124 2254 385 2325 βούλεται
416 2256 444 2307 ὁ
469 2252 650 2307 κανὼν
687 2250 785 2305 καὶ
816 2249 1112 2319 σωφρόνως
1141 2249 1341 2314 αὐτοὺς
1375 2248 1472 2321 τὴν
1503 2249 1709 2318 διαγωο

120 2346 233 2418 γὴν
270 2346 564 2400 ποιεῖσθαι.

1803 607 1969 676 igitur
2001 604 2312 674 lllljllSl’IlOili
2360 605 2503 656 inter
2549 603 2894 655 Christianos
2942 604 3050 656 sint
3079 641 3093 663 ,
3137 603 3333 670 cmrigi
3373 618 3383 649 :

1803 698 1887 750 sin
1926 698 2128 758 minus,
2162 696 2510 764 antiquorum
2566 710 2835 747 canonum
2881 695 3301 745 constitutiones
3335 694 3384 743 iu

1804 789 1933 857 ipsis
1966 789 2169 842 servari
2201 788 2392 856 placet.
2430 787 2494 839 Et
2532 788 2644 839 Inee
2676 786 2894 856 quidem
2935 788 3001 838 de
3032 786 3185 839 luit-is
3207 802 3382 837 canon

1804 882 2011 935 statuit.
2050 879 2260 945 Quibus
2295 894 2443 943 vero,
2484 880 2660 947 inquit
2685 918 2697 939 ,
2732 880 2856 931 vitm
2905 894 3080 947 genus
3141 880 3387 946 quietum

1805 982 1858 1023 ct
1899 971 2231 1033 solitarium,
2263 970 2391 1038 quin
2423 978 2476 1023 et
2508 970 2573 1021 iis
2614 972 2705 1037 qui
2758 970 2810 1021 iu
2876 986 2951 1021 sai
2974 986 3089 1021 rum
3138 970 3388 1021 ordinem

1805 1062 2037 1130 cooptati
2075 1071 2223 1124 sunt,
2292 1062 2545 1129 privatim
2598 1061 2921 1113 mulieribus
2972 1064 3224 1114 convesei
3281 1076 3388 1113 non

1807 1155 1955 1207 licet.
1990 1154 2045 1207 Id
2080 1170 2206 1207 vero
2246 1156 2291 1208 si
2320 1154 2651 1223 quandoque
2688 1155 3000 1208 necessario
3033 1153 3145 1214 ﬁat,
3178 1169 3389 1221 nequa-

1808 1261 1969 1312 quam
2005 1260 2127 1299 cum
2163 1244 2384 1299 luminis
2428 1246 2777 1299 discumbere
2806 1285 2820 1309 ,
2882 1246 2985 1299 nisi
3024 1246 3391 1312 prmscntibus
3433 1294 3439 1307 ,

1811 1337 2052 1391 huncstis
2082 1338 2212 1390 viris
2244 1353 2306 1389 ac
2341 1338 2665 1391 mulieribus
2698 1375 2712 1400 ,
2778 1338 3105 1407 permissum
3168 1339 3239 1391 sit
3268 1382 3281 1402 ,
3334 1348 3392 1390 ut

1810 1428 2151 1497 spiritualem
2185 1429 2422 1496 aliquem
2454 1430 2688 1481 fructum
2744 1431 2860 1497 ipsa
2917 1430 3004 1482 illa
3062 1429 3389 1482 eonvivandi

1811 1521 2045 1575 societas
2086 1522 2281 1589 pariat.
2310 1519 2570 1588 Quisquis
2600 1520 2746 1572 enim
2776 1521 2877 1572 hoc
2916 1530 3074 1588 pacto
3114 1522 3250 1573 citra
3294 1538 3386 1573 su-

1815 1614 2114 1681 spicionem
2141 1628 2263 1666 cum
2287 1614 2606 1666 mulieribus
2625 1615 2884 1675 VCSt'lllll',
2906 1624 3131 1666 umeros
3163 1616 3228 1667 ad
3257 1631 3394 1683 prac-

1813 1704 2035 1756 conium
2066 1703 2262 1760 divinae
2298 1704 2475 1758 laudis
2503 1705 2752 1772 impellit.
2793 1704 2924 1757 Nam
2982 1707 3074 1773 qui
3116 1706 3183 1757 ab
3222 1720 3287 1757 co
3329 1721 3395 1757 ne

1814 1795 2150 1850 tenuissimae
2174 1797 2391 1866 quidem
2418 1796 2714 1864 siispieioni
2751 1797 2927 1849 locum
2957 1797 3187 1863 relinqui
3218 1800 3394 1850 anim-

1809 1886 2165 1949 adverterint,
2204 1888 2370 1942 Deum
2408 1890 2661 1942 laudibus
2706 1889 2959 1949 ederunt,
3007 1901 3065 1941 ut
3117 1891 3168 1941 in
3218 1888 3391 1942 Evan-

1807 1978 1951 2046 gelio
1985 1983 2254 2048 scriptum
2286 1988 2394 2042 est,
2433 1981 2541 2034 illis
2582 1981 2765 2049 verbis
2800 1998 2812 2033 :
2847 1980 2935 2033 Sic
2980 1982 3150 2033 luceat
3192 1982 3284 2033 luas
3316 2000 3398 2035 re-

1807 2081 1921 2124 stra
1954 2088 2135 2124 coram
2167 2072 2467 2125 hominibus
2514 2067 2676 2143 330
2704 2082 2758 2125 nt
2799 2074 3006 2127 videant
3039 2092 3197 2141 Opera
3222 2086 3394 2128 vestra

1808 2160 1945 2214 bona
1974 2202 1989 2227 ,
2052 2172 2101 2215 et
2148 2162 2449 2231 gloriﬁcent
2498 2162 2709 2215 Putrem
2757 2179 3031 2227 vestrum,
3082 2166 3170 2232 qui
3225 2174 3302 2218 est
3342 2168 3395 2217 in

1809 2253 1952 2307 cwlis
1983 2253 2050 2307 ".
2085 2253 2274 2323 Neque
2310 2255 2483 2307 solum
2518 2255 2961 2324 quandoeunque
3013 2256 3394 2320 cumalienis,

1814 2344 1909 2399 sed
1940 2345 2102 2398 etiam
2129 2346 2173 2399 si
2204 2360 2329 2399 eum
2380 2347 2788 2415 propinquitate
2825 2346 3032 2415 junctis
3079 2348 3397 2402 mulieribus

124 2439 387 2493 monachi
414 2449 506 2492 aut
528 2438 920 2493 sacrisinitiati
950 2437 1133 2493 cibum
1160 2436 1401 2507 capiant,
1460 2434 1726 2491 modestia
1754 2445 2035 2505 spectatos
2067 2437 2316 2493 homines
2341 2438 2589 2494 adhiberi
2618 2440 2720 2492 hoc
2751 2452 2963 2493 canone
2986 2449 3246 2495 Statutum
3283 2452 3388 2498 est.

121 2528 190 2584 In
236 2531 430 2586 itinere
470 2538 675 2594 tamen.
708 2531 800 2585 ubi
847 2528 985 2585 alius
1042 2527 1418 2584 commorandi
1471 2528 1627 2584 locus
1672 2544 1780 2583 non
1823 2539 2095 2600 suppetat,
2128 2540 2347 2588 sacrato
2381 2532 2585 2586 homini
2618 2542 2710 2587 aut
2739 2536 3011 2589 monacho
3054 2536 3275 2605 impune
3326 2535 3392 2588 ad

123 2639 435 2695 cauponam
457 2624 745 2687 divertere,
770 2634 863 2680 aut
885 2626 940 2681 iu
964 2624 1189 2681 alterius
1210 2622 1518 2693 cujuSpiam
1543 2622 1709 2678 domo
1752 2625 1979 2682 instanti
2014 2627 2335 2684 necessitati
2366 2628 2684 2684 satisfacere
2716 2644 3043 2685 concessum
3113 2633 3185 2686 sit
3217 2651 3230 2686 :
3302 2632 3395 2687 sed

126 2720 189 2772 in
229 2719 297 2772 iis
327 2731 544 2788 quoque
577 2716 711 2772 locis
744 2716 1025 2785 religionis
1056 2714 1417 2770 nihilominus
1465 2729 1533 2770 ac
1563 2719 1940 2785 temperantiae
1976 2720 2244 2774 rationem
2281 2720 2349 2773 ab
2379 2720 2490 2773 illis
2543 2734 2720 2774 canon
2757 2721 2943 2775 haberi
2976 2723 3148 2791 jubet.

126 2809 363 2863 ΔΡΙΣΤ.
414 2825 433 2859 ι
464 2809 701 2871 Λαῖκοὺς
735 2808 833 2877 μὲν
866 2808 1067 2878 ἄνδρας
1124 2804 1429 2859 συνεσθίειν
1464 2805 1713 2872 γυναιξὶν

213 2919 232 2952 ι
282 2898 625 2969 ἀδιάδλητονο
652 2900 1007 2970 μονοτρόποις
1031 2897 1089 2951 δὲ
1105 2897 1206 2950 οὐκ
1226 2896 1407 2961 ἔξεστι
1427 2898 1548 2949 κατ’
1575 2896 1713 2949 ίδίαν

211 3011 229 3043 ι
283 2991 505 3058 γυναιξὶ
540 2990 867 3052 συνεσθίειν,
899 2992 947 3042 εί
990 2990 1064 3059 μή
1097 3005 1197 3042 που
1246 2988 1389 3057 μετὰ
1438 2987 1715 3055 θεοφόὸων

216 3102 236 3135 ι
290 3085 385 3137 καὶ
421 3082 668 3137 εὐλαὸὦν
695 3081 906 3152 ἀνδρῶν
930 3098 991 3134 τε
1031 3083 1124 3135 καὶ
1146 3082 1441 3150 γυναικῶν.
1483 3082 1572 3135 Ἐν
1613 3081 1716 3152 ὀδῷ

214 3196 233 3227 ι
284 3175 339 3227 δὲ
377 3174 609 3245 μοναχὸς
641 3173 673 3245 ἢ
714 3173 985 3245 ίερατικὸς
1012 3172 1172 3245 ἀνὴρ,
1210 3173 1287 3244 μὴ
1315 3174 1714 3244 ἐπιφερόμενος
1750 3226 1792 3283 C

216 3287 237 3319 ι
289 3269 357 3322 τὰ
390 3268 687 3337 ἀναγκαῖα,
722 3269 779 3319 ὲν
812 3265 1118 3337 πανδοκείῳ
1151 3265 1538 3321 καταλύσουσι.
1591 3285 1609 3317 ι

210 3530 292 3590 Τὸ
327 3532 427 3605 μὲν
464 3532 583 3605 μετ’
616 3534 969 3606 εὐχαριστίας
1015 3536 1109 3590 καὶ
1143 3535 1313 3605 φόϐου
1347 3533 1505 3599 Θεοῦ,
1532 3534 1608 3605 μὴ
1635 3534 1723 3588 διά

134 3644 310 3680 τινων
341 3626 649 3697 θυμελικῶν
692 3627 785 3680 καὶ
823 3626 1141 3680 σατανικῶν
1168 3626 1453 3697 ᾀσμάτων,
1502 3624 1722 3686 λαῑκοὺς

134 3720 345 3790 ἄνδρας
369 3718 587 3787 γυναιξὶ
620 3718 921 3771 συνεσθίειν
944 3718 1051 3771 τῶν
1076 3717 1421 3787 ἀδιαδλήτων
1447 3716 1583 3770 ἐστί·
1609 3719 1723 3777 τοῖς

136 3813 241 3864 καὶ
272 3809 386 3880 βίον
426 3808 650 3880 ἡσύχιον
700 3810 904 3879 ἔχουσι,
942 3810 1038 3865 καὶ⁹
1071 3810 1439 3880 μονοτρόπως,
1484 3808 1560 3872 ὡς
1597 3826 1722 3861 συν-

136 3889 477 3970 ταξαμένοις
513 3900 633 3970 Θεῷ
684 3903 776 3953 καὶ
812 3901 1128 3971 καταμόνας
1163 3900 1410 3960 καθίσαι.
1445 3901 1541 3953 κπιί
1598 3917 1725 3952 σιω-

138 3991 346 4060 πῆσαι,
374 3992 495 4043 κατ’
518 3991 653 4045 ίδίαν
674 3993 809 4055 ὅλως
833 3992 931 4045 οὐκ
956 3991 1135 4057 ἔξεστι
1162 3992 1375 4062 γυναιξὶ
1404 3990 1722 4055 συνεσθίειν,

136 4086 193 4137 εί
230 4085 309 4153 μή
346 4100 448 4136 που
488 4084 630 4154 μετὰ
658 4102 820 4139 τινων
847 4083 1127 4153 θεοφόὸων
1160 4085 1369 4155 ἀνδρῶν
1404 4102 1465 4138 τε
1500 4086 1596 4137 καὶ
1624 4102 1721 4151 γυο

138 4175 355 4229 ναικῶν
388 4176 810 4247 συνεστιαθῆναι
862 4176 1205 4247 θελήσουσιψ
1261 4178 1347 4230 ἵνα
1384 4178 1479 4232 καὶ
1520 4178 1660 4248 αὐτὴ
1692 4179 1726 4248 ἡ

157 4267 509 4331 συνεστίασις
536 4267 671 4339 πρὸς
702 4268 1045 4339 κατόρθωσιν
1066 4269 1448 4341 πνευματικὴν
1474 4269 1724 4338 γένηται.

170 4358 267 4411 Ἐν
309 4356 413 4427 ὁδῷ
440 4358 516 4424 δὲ,
544 4359 594 4411 εί
624 4357 693 4412 τὰ
720 4360 991 4427 ἀναγκαῖα
1023 4361 1124 4414 οὐκ
1157 4361 1536 4432 ἐπιφέρονται,
1572 4361 1727 4415 ἄδεια

140 4445 358 4503 δίδοται
389 4448 483 4500 καὶ
514 4448 736 4519 μοναχῷ
764 4450 858 4503 καὶ
883 4450 1147 4522 ίερατικῷ
1171 4451 1329 4523 ἀνδρὶ
1346 4453 1402 4505 ὲν
1427 4451 1729 4521 πανδοχείῳ

142 4541 269 4594 εἴτε
314 4542 410 4595 καὶ
441 4543 497 4597 ὲν
531 4543 667 4613 οίκῳ
703 4543 995 4601 καταλύειν
1029 4547 1119 4603 διὰ
1152 4547 1249 4620 τὴν
1290 4548 1729 4618 κατεπείγουσαν

139 4632 366 4705 χρείαν.

219 4809 278 4845 ’δ
301 4811 491 4870 Matth.
530 4831 583 4883 ν,
618 4814 706 4871 I6.

417 5902 691 5965 ΡᾸτιιοι.
719 5905 835 5965 Gn.
879 5903 1225 5967 CXXXVII.

1823 2808 2054 2865 ARIST.
2096 2829 2115 2862 ι
2170 2809 2371 2864 Laicos
2420 2810 2637 2879 quidem
2693 2812 2841 2866 viros
2893 2828 3015 2865 cum
3082 2814 3402 2870 mulieribus

1897 2920 1915 2951 ι
1959 2902 2211 2957 convesci
2245 2911 2327 2957 est
2368 2901 2435 2955 ab
2468 2902 2615 2955 omni
2648 2901 3069 2970 reprehensione
3106 2905 3343 2958 alienum
3380 2924 3394 2959 :

1897 3013 1913 3044 ι
1955 2994 2221 3049 solitariis
2245 3004 2427 3049 autem
2468 2995 2599 3050 viris
2636 3009 2759 3047 cum
2796 2996 3114 3050 mulieribus
3148 2999 3400 3065 privatim

1898 3102 1917 3135 ι
1963 3086 2243 3140 convivari
2274 3101 2382 3140 non
2422 3086 2547 3139 licet
2579 3102 2591 3150 ;
2626 3086 2728 3140 nisi
2760 3086 2987 3141 forsitan
3020 3104 3125 3141 una
3151 3106 3273 3143 eum
3308 3094 3401 3145 Dei

1902 3195 1921 3228 ι
1959 3178 2276 3233 timentibus
2307 3186 2361 3233 et
2396 3178 2666 3248 religiosis
2694 3178 2827 3233 viris
2857 3187 2911 3234 et
2965 3181 3310 3237 mulieribus.
3349 3184 3400 3237 ln

1902 3287 1922 3320 ι
1963 3271 2157 3325 itinere
2190 3277 2371 3325 autem
2414 3272 2718 3326 menachus
2752 3273 2829 3327 vel
2864 3279 2917 3326 ot
2952 3275 3123 3329 sacris
3161 3276 3404 3329 initiatus

1902 3376 1920 3408 ι
1968 3358 2072 3423 vir,
2110 3373 2296 3413 secum
2326 3360 2637 3414 necessaria
2676 3376 2784 3414 non
2826 3360 3079 3427 all‘ereus,
3107 3362 3161 3416 in
3230 3366 3405 3431 publi-

1901 3469 1919 3501 ι
1962 3465 2086 3504 cum
2120 3450 2488 3507 diversorium
2514 3451 2769 3507 divertat.
2807 3471 2825 3503 ι

1894 3540 2031 3596 Cum
2064 3543 2363 3612 gratiarum
2395 3545 2613 3611 quidem
2648 3545 2865 3598 actione
2910 3554 2963 3598 et
3011 3545 3102 3601 Dei
3163 3547 3356 3601 timore
3386 3589 3400 3611 ,

1826 3650 1934 3690 non
1970 3638 2205 3692 scenicis
2242 3638 2527 3707 aliquibus
2557 3646 2610 3692 et
2645 3638 2903 3693 satanicis
2983 3641 3213 3695 canticis
3244 3682 3259 3707 ,
3311 3643 3407 3697 lai-

1825 3744 1921 3783 cus
1952 3728 2099 3782 viros
2154 3744 2278 3783 cum
2340 3730 2665 3784 mulieribus
2725 3730 3018 3793 convesei.
3080 3732 3403 3801 reprehendi

1828 3819 2037 3887 nequit.
2075 3820 2163 3873 Eis
2196 3829 2400 3884 autem,
2428 3822 2521 3890 qui
2561 3822 2721 3873 vitam
2749 3822 2988 3888 quietam
3020 3832 3073 3875 et
3102 3825 3405 3877 solitariam

1827 3913 2135 3980 elegerunt,
2167 3920 2225 3965 ut
2257 3912 2351 3981 qui
2378 3912 2484 3965 [leo
2510 3913 2920 3980 spoponderunt
2952 3914 3196 3969 solitarie
3219 3920 3407 3970 sedere

1828 4005 1883 4050 et
1910 3998 2092 4064 silere,
2128 4014 2237 4052 non
2272 4000 2496 4053 omnino
2535 4001 2663 4055 licet
2690 4017 2813 4055 cum
2846 4002 3169 4057 mulieribus
3224 4010 3407 4074 priva-

1828 4090 1924 4142 tim
1956 4090 2243 4144 comedere
2277 4108 2289 4144 :
2326 4090 2432 4143 nisi
2469 4089 2609 4144 forte
2670 4106 2793 4144 cum
2841 4091 3115 4161 religiosis
3172 4098 3403 4163 quibus—

1830 4180 1955 4234 dam
1999 4183 2135 4236 viris
2163 4192 2255 4235 aut
2290 4184 2617 4236 mulieribus
2645 4184 2923 4237 convivari
2971 4186 3133 4239 velint
3166 4202 3181 4251 ;
3247 4197 3304 4241 ut
3355 4199 3411 4243 et.

1832 4274 2009 4341 ipsum
2047 4274 2211 4326 etiam
2249 4274 2561 4328 convivium
2599 4275 2666 4327 ad
2725 4275 3066 4343 spiritualem
3107 4280 3410 4333 correctio-

1831 4379 1953 4417 nem
1989 4364 2195 4419 tendat.
2226 4364 2283 4418 ln
2320 4365 2515 4420 itinere
2553 4375 2734 4419 autem
2767 4406 2781 4427 ,
2837 4367 2883 4420 si
2936 4382 3245 4423 necessaria
3301 4386 3406 4424 non

1833 4455 2161 4519 atteruntur,
2192 4456 2317 4511 licet
2348 4457 2621 4510 monacho
2680 4467 2774 4511 aut
2817 4458 3025 4514 homini
3080 4462 3408 4515 sacerdotali

1834 4545 1890 4599 in
1932 4544 2211 4615 publicum
2244 4544 2632 4609 diversorium,
2668 4546 2751 4600 vel
2798 4545 2855 4600 in
2907 4547 3143 4618 alicujus
3183 4549 3407 4604 domum

1750 4650 1807 4711 D
1836 4638 2106 4694 divertere
2142 4646 2367 4710 prapter
2395 4645 2680 4708 urgentem
2716 4637 2891 4708 ipsius
2925 4640 3333 4697 necessitatem.
