4166 6438
238 453 384 516 11109

1437 459 1507 514 1Ν
1539 457 1700 515 ιλιΝ.
1754 458 1772 512 1
1813 456 2021 517 CUM}.
2069 460 2276 518 Cl’tftl“

3353 458 3485 522 1010

230 567 555 620 ἐπισκόπων
609 568 1047 635 χειροτονεῖσθαι.
1104 570 1211 619 Καὶ
1259 573 1317 620 τὸ
1347 569 1390 630 ς’
1429 587 1551 634 γεφ.
1611 568 1707 620 τοῦ
1767 565 1811 634 γ⁶

1923 577 2027 630 line
2089 577 2203 630 hare
2263 594 2514 645 expresse
2589 577 2850 627 decernit.
2920 572 3180 642 Reg-iouis
3249 573 3491 641 ep'iSi-opi

229 659 421 710 τίτλου
495 657 591 708 τοῦ
644 657 686 710 ε’
745 658 953 725 βιϐλίου
997 658 1296 726 διορίζεται
1356 660 1485 727 περὶ
1537 661 1598 712 τὸ
1656 660 1810 720 τέλος

231 748 410 801 ταῦτα
444 749 621 820 ῥητῶς
648 766 662 779 ·
692 749 816 802 Τῶν
847 752 983 802 κατᾶ
1014 751 1177 802 τόπον
1205 753 1520 806 ἐπισκόπων
1546 754 1819 805 ἐποπτευ-

227 841 434 901 όντων,
478 843 527 892 εί
559 841 738 902 καλῶς
774 843 806 910 ἡ
837 843 1105 912 διοίκησις
1136 844 1424 912 προϐαίνει
1449 861 1462 875 ·
1514 847 1605 898 καὶ
1655 848 1701 896 εί
1733 844 1822 895 εῦ-

234 951 376 1000 ρωαι
411 934 482 1000 μὴ
528 934 831 1002 χρησίμους
888 935 1045 995 ὄντας
1086 936 1212 990 τοὺς
1269 937 1569 1003 διοικητὰς,
1632 939 1820 991 ἄδειαν

233 1025 472 1093 ἐχόντων
507 1025 634 1076 ἄνευ
669 1023 873 1092 ζημίας
928 1026 1122 1089 ἄλλους
1192 1027 1311 1080 ἀντὶ
1373 1029 1578 1081 τούτων
1627 1030 1818 1096 ἐπιτη-

230 1116 411 1177 δείους
443 1121 636 1171 ποιεῖν.
676 1118 839 1169 Ὥστε
905 1118 1006 1170 κᾶν
1071 1121 1218 1182 ὅπως
1269 1121 1701 1190 ἐπιστηριχθῶσι
1751 1123 1820 1175 τὰ

234 1209 579 1275 παρανόμως
621 1212 651 1280 ἦ
697 1212 1070 1274 άκανονίστως
1101 1215 1212 1275 τοῖς
1267 1216 1516 1276 τοπικοῖς
1563 1214 1818 1282 περιεχό-

237 1315 401 1364 μενα,
436 1299 496 1349 οὐ
552 1302 942 1368 κρατήσουσιν.
984 1300 1106 1352 "En
1147 1304 1412 1370 ἐρωτήσει
1465 1320 1574 1366 τις,
1628 1303 1674 1354 εί
1713 1305 1820 1372 ἄρα

231 1391 346 1441 ἀπὸ
379 1391 470 1441 τοῦ
497 1390 826 1458 διορίζεσθαι
856 1397 947 1445 τὸν
974 1395 1174 1446 κανόνα
1211 1393 1354 1464 ἔχειν
1383 1395 1474 1447 τὸν
1520 1395 1820 1447 ἐπίσκοπον

227 1482 464 1534 τοιαῦτα
498 1483 682 1536 δίκαια
723 1486 779 1536 έν
830 1486 908 1555 τῷ
958 1487 1227 1538 κτισθέντι
1284 1487 1433 1556 παρά
1456 1505 1599 1550 τινος
1653 1504 1820 1552 μονα·

235 1578 451 1646 στηρίῳ
499 1579 577 1639 είς
619 1577 716 1645 τὴν
748 1579 963 1648 ένορίαν
1020 1579 1206 1644 αὑτοῦ,
1266 1580 1359 1632 καὶ
1387 1580 1706 1632 ἀποκεῖσθαι
1760 1581 1819 1631 ἐν

236 1670 358 1727 τοῖς
392 1670 635 1737 ἀρχείοις
657 1671 756 1739 τῆς
788 1672 1095 1739 ἐπισκοπῆς
1130 1673 1191 1723 τὸ
1222 1671 1440 1740 βρέϐιον
1478 1676 1689 1735 τούτου,
1723 1675 1812 1725 ἐκ·

234 1763 500 1829 χωρεῖται
537 1763 688 1832 αὐτῷ
724 1764 1121 1832 παραπέμπειν
1150 1763 1304 1816 τοῦτο
1343 1765 1470 1818 ἔνθα
1532 1766 1809 1834 βούλεται,

233 1855 336 1904 καὶ
372 1853 557 1916 ἁπλῶς
589 1855 946 1923 κυριαρχικὸν
971 1855 1180 1908 δίκαιον
1211 1856 1354 1923 ἔχειν
1396 1859 1483 1908 ἐπ’
1511 1858 1680 1924 αὐτῷ.
1707 1858 1814 1909 Νο-

241 1947 391 2014 μίζω
422 1946 516 2000 οὖν
543 1946 616 2009 ὡς
645 1948 711 1999 ὲκ
735 1948 829 2002 τοῦ
863 1949 1086 2011 κανόνος
1115 1949 1305 2002 τούτου
1342 1952 1439 2003 οὐκ
1479 1951 1695 2020 ἐνεδόθη
1736 1953 1815 2021 τῷ

231 2039 525 2106 έπισκόπῳ
570 2039 1016 2106 κατεξουσιάζειν
1058 2041 1154 2093 τοῦ
1201 2043 1589 2111 μοναστηρίου,
1617 2042 1693 2104 ὼς
1725 2043 1814 2095 δε-

239 2132 519 2194 σποτικῶς
549 2132 894 2202 διαφέροντος
925 2135 990 2202 τῆ
1019 2133 1284 2205 ἐκκλησίᾳ
1312 2134 1500 2186 αὐτοῦ·
1527 2133 1640 2186 ἀλλ’
1666 2134 1813 2204 ἔχειν

236 2224 378 2291 μόνα
415 2224 601 2276 δίκαια
633 2225 968 2276 ἑπισκοπικὰ
997 2225 1087 2277 ἐπ’
1127 2225 1298 2294 αὐτῷ.
1353 2225 1475 2278 Εἰσὶ
1514 2225 1568 2279 δὲ
1617 2224 1810 2290 ταῦτα,

229 2317 525 2384 ἀνάκρισις
553 2318 660 2370 τῶν
688 2317 936 2386 ψυχικῶν
966 2318 1316 2386 σααλμάτων.
1353 2320 1674 2387 έπιτήρησις
1703 2335 1814 2370 των

227 2406 584 2460 διοικούντων
637 2408 789 2468 αὐτὸ,
843 2408 1088 2478 ἀναφορὰ
1138 2409 1231 2461 τοῦ
1284 2409 1548 2475 ὀνόματος
1600 2411 1811 2473 τούτου,

234 2499 334 2550 καὶ
363 2501 600 2567 σφραγὶς
643 2500 737 2552 τοῦ
782 2502 1110 2568 ἡγουμένου.
1155 2502 1630 2571 Συντηρηθήσεται
1660 2498 1752 2554 οὖν
1778 2505 1811 2572 ἡ

236 2592 380 2661 μονὴ
413 2592 674 2661 ἐλευθέρα
700 2593 796 2644 καὶ
824 2591 946 2644 καθ’
980 2593 1180 2661 ἑαυτὴν
1222 2593 1610 2661 διεξαγομένη,
1651 2594 1811 2645 ἀνεκ-

233 2684 460 2752 ποίητος
488 2684 578 2734 καὶ
618 2682 917 2752 ἁδὼρητος.
959 2684 1019 2735 Ὀ
1052 2683 1107 2736 δὲ
1137 2685 1277 2736 κατὰ
1305 2683 1490 2754 χώραν
1523 2684 1812 2753 ἀρχιερεὺς

231 2777 349 2840 ἔξει
379 2779 466 2829 ἐπ’
499 2777 635 2846 αὐτῇ
673 2777 812 2846 μόνα
838 2776 904 2830 τὰ
937 2775 1168 2844 ρηθέντα
1216 2775 1552 2828 ὲπισκοπικὰ
1592 2775 1798 2828 δίκαια.

233 2871 349 2921 Καὶ
376 2869 484 2921 ἀπὸ
512 2869 610 2937 μὲν
652 2870 744 2920 τοῦ
783 2869 1048 2937 παρόντος
1098 2869 1320 2930 κανόνος
1369 2870 1463 2921 καὶ
1499 2869 1558 2932 ἐξ
1605 2870 1718 2934 έτέ;
1737 2885 1813 2919 ων

229 2961 511 3029 διαφόρων
542 2963 723 3030 νόμων
751 2963 843 3014 καὶ
883 2962 1122 3015 κανόνων
1162 2960 1477 3030 ὲξεχωρήθη
1516 2961 1667 3029 παρὰ
1717 2961 1810 3013 τοῦ

233 3054 569 3122 βουλομένου
627 3054 1007 3122 ἁνεγείρεσθαι
1068 3055 1430 3124 μοναστήριον
1487 3055 1549 3104 ὲκ
1590 3054 1807 3120 καινῆς,

229 3148 376 3198 κατᾶ
406 3146 505 3214 τὴν
554 3146 836 3215 παροῦσαν
885 3147 1245 3213 θεσμοθεσίαν
1270 3163 1283 3175 ο
1335 3148 1368 3214 ἡ
1396 3147 1453 3198 δὲ
1495 3146 1680 3213 Νεαρὰ
1710 3147 1808 3199 τοῦ

230 3239 506 3307 βασιλέως
538 3239 707 3308 κυροῦ
732 3239 1051 3308 Νικηφὸρου
1088 3239 1200 3307 (46)
1234 3239 1326 3291 τοῦ
1371 3242 1534 3292 Φωκᾶ
1584 3240 1811 3307 διορίζε-
1839 3273 1881 3327 C

227 3349 322 3383 ται
359 3332 431 3399 μὴ
478 3331 991 3393 κατασκευάζεσθαι
1043 3332 1236 3384 νεωστὶ
1275 3334 1694 3401 μοναστήρια,ῆ
1730 3335 1815 3396 ξε-

227 3423 431 3485 νῶνας,
467 3423 499 3492 ἢ
535 3426 899 3491 γηροκομεῖα,
925 3424 955 3493 ῆ
979 3422 1173 3486 ἄλλους
1202 3424 1417 3490 εὐαγεῖς
1444 3425 1647 3490 οἴκους,
1679 3425 1812 3477 ἀλλὰ

228 3516 342 3568 τῶν
368 3517 653 3584 παρόντων
683 3516 1060 3585 ἐπιμελεῖσθαι
1083 3534 1095 3546 ·
1123 3517 1218 3570 καὶ
1251 3517 1577 3586 προστίθησι
1595 3499 1726 3586 ⁵περὶ
1751 3515 1810 3568 τδ

223 3610 384 3671 τέλος
413 3607 588 3661 ταῦτα
618 3609 820 3679 ῥητῶς·
855 3608 1018 3663 Ὥστε
1039 3609 1147 3664 ἀπὸ
1178 3608 1271 3665 τοῦ
1295 3608 1409 3672 νύν,
1435 3610 1573 3680 ὅπερ
1604 3612 1748 3665 ἐστὶν
1777 3611 1809 3682 ἡ

225 3700 499 3771 ἀρχὴτῆς
531 3703 766 3770 έὸδόμης
813 3702 1162 3764 ίνδικτιῶνος,
1228 3704 1418 3771 μηδενὶ
1471 3704 1674 3767 ἐξέστω
1734 3705 1809 3774 μὴ

225 3793 452 3856 τόπους,
491 3793 566 3862 μὴ
595 3794 799 3863 ἀγροὺς
837 3795 1221 3862 μοναστηρέοις
1252 3793 1282 3863 ἦ
1308 3793 1534 3859 ξενῶσιν
1561 3796 1810 3847 ὁπωσοῦν

229 3884 681 3952 παραπέμπειν·
735 3883 849 3936 ἀλλ’
883 3884 1002 3936 οὐδὲ
1051 3885 1454 3956 μητροπόλεσιν
1504 3887 1535 3955 ἢ
1585 3887 1810 3938 ἐπισκο-

227 3979 364 4039 παῖς
388 3993 401 4005 ·
431 3978 584 4029 οὐδὲν
612 3979 721 4048 γὰρ
752 3978 876 4030 οὐδὲ
922 3979 981 4030 ὲν
1012 3979 1250 4040 ἐκείναις
1298 3979 1593 4040 λυσιτελές.
1641 3981 1700 4033 Et
1752 3981 1808 4033 δέ

224 4087 355 4123 τινα
393 4071 503 4123 τῶν
564 4071 888 4138 φθασάντων
915 4073 1128 4138 εύαγῶν
1157 4073 1341 4136 οἴκων,
1391 4073 1500 4126 εἴτε
1545 4073 1650 4143 μὴν
1683 4075 1803 4127 ἑπι-

226 4161 458 4214 σκοπῶν
525 4163 557 4226 ἢ
602 4164 1000 4234 μοναστηρίων,
1057 4164 1318 4231 τοιαύτης
1352 4165 1561 4234 φαύλης
1619 4165 1806 4233 ἔτυχον

225 4252 416 4321 χειρὸς
437 4251 532 4304 καὶ
555 4253 830 4321 προνοίας,
862 4254 934 4316 ὡς
959 4253 1140 4326 ἔρημα
1159 4255 1336 4307 τόπων
1358 4257 1800 4322 καταλελεῖροαι,

226 4341 445 4404 τούτοις
467 4342 659 4414 γνώμῃ
683 4343 933 4414 βασιλικῇ
967 4346 1056 4397 καὶ
1077 4347 1370 4417 δοκιμασία
1393 4349 1424 4416 ἡ
1444 4349 1550 4398 τῶν
1573 4349 1800 4417 ἀρκούν-

223 4449 344 4481 των
372 4431 564 4501 κτῆσις
589 4433 650 4484 οὐ
688 4433 1080 4501 κωλυθήσεται.
1115 4435 1341 4488 Κελλεία
1372 4437 1426 4487 δὲ
1460 4438 1552 4488 καὶ
1579 4437 1673 4495 τὰς
1703 4455 1801 4489 και

228 4524 507 4591 λουμένας
537 4525 743 4591 λαύρας
799 4529 855 4579 ὲν
906 4528 1135 4596 ἐρήμοις
1179 4529 1499 4598 οἰκοδομεῖν,
1558 4531 1630 4600 μὴ
1664 4531 1798 4600 πρὸξ

1924 672 2242 729 observent,
2331 685 2396 722 att
2465 678 2610 723 rcrtc
2693 667 3098 720 administratio
3184 664 3493 733 procedat;

1923 772 1975 814 et
2046 764 2089 814 si
2153 762 2460 813 ilth‘llt'l‘illl
2526 776 2634 813 nou
2702 773 2824 813 esse
2883 759 3020 821 frugi
3086 757 3498 810 administrato-

1926 872 2033 912 rcs.
2091 865 2408 923 potestatem
2479 854 2713 906 habeant
2757 853 2890 906 citra
2965 851 3132 904 ullum
3193 850 3497 903 detrimen-

1924 959 2037 1001 tum
2093 950 2230 1002 alios
2281 965 2376 1016 pro
2419 948 2484 1000 iis
2517 957 2675 1016 aptos
2725 956 2778 999 et
2825 944 3052 999 idoneos
3099 939 3492 996 constituendi.

1923 1042 2104 1106 Quare
2175 1041 2675 1107 quotnmloeunque
2736 1038 3058 1091 conﬁrmata
3131 1045 3184 1088 et
3231 1033 3496 1087 corrobo—

1924 1143 2040 1188 rata
2101 1133 2346 1196 fuerint,
2394 1151 2512 1203 qum
2551 1133 2772 1188 statutis
2831 1133 3092 1186 adversus
3148 1144 3386 1182 canones
3439 1136 3492 1178 ct

1925 1229 2072 1289 leges
2106 1228 2481 1289 continentur,
2523 1243 2630 1279 non
2665 1225 2949 1279 valebunt.
2997 1223 3267 1276 Pra'terea
3319 1221 3489 1272 inter-

1923 1319 2190 1383 rogaverit
2256 1318 2547 1385 quiSpiam,
2618 1333 2685 1370 an
2751 1332 2814 1369 ex
2877 1331 2963 1372 eo,
3026 1313 3168 1376 quod
3236 1312 3491 1362 deacrnat

1921 1427 2094 1463 canon
2127 1410 2442 1477 episcopum
2507 1425 2568 1460 ea
2637 1409 2837 1461 habere
2890 1406 3012 1474 jura
3075 1406 3124 1456 in
3160 1401 3494 1456 monasterio

1918 1502 2076 1572 333
2107 1503 2174 1553 ab
2216 1501 2395 1569 aliquo
2443 1502 2494 1553 in
2549 1515 2644 1552 sua
2702 1481 2943 1551 dimeesi‘
2972 1495 3236 1549 mditiCato
3267 1534 3282 1556 ,
3338 1505 3383 1546 et
3440 1495 3492 1546 iu

1920 1596 2157 1650 archivis
2189 1596 2535 1662 episcopatus
2560 1591 2727 1645 Breve
2755 1591 2916 1660 hujus
2948 1606 3070 1644 csse
3098 1589 3491 1655 reponendum,

1922 1687 2022 1754 ipsi
2059 1687 2402 1754 permittatur
2441 1685 2504 1737 ad
2575 1700 2956 1752 quemcunque
2997 1684 3125 1735 velit
3150 1681 3280 1734 illud
3317 1689 3495 1732 trans-

1921 1777 2155 1838 mittere,
2182 1785 2256 1837 et,
2293 1785 2350 1827 ut
2381 1776 2545 1828 semel
2575 1775 2774 1835 dicam,
2805 1773 2894 1841 jus
2927 1772 3150 1824 dominii
3189 1771 3240 1823 in
3279 1785 3344 1822 eo
3397 1769 3494 1819 ob-

1919 1868 2112 1922 tinere.
2145 1867 2408 1921 Existimo
2435 1882 2588 1934 ergo,
2619 1868 2761 1935 quod
2796 1882 2859 1920 ex
2901 1864 3006 1918 hoc
3036 1877 3246 1917 canone
3272 1879 3378 1915 non
3411 1869 3495 1914 est

1923 1957 2179 2025 episcopo
2211 1971 2556 2013 concessum.
2583 1964 2899 2021 potesmtem
2935 1954 2986 2006 in
3018 1955 3067 2006 id
3099 1949 3492 2005 monasterium

1922 2050 2168 2102 obtinere
2191 2091 2204 2112 ,
2251 2057 2505 2114 tanquam
2542 2046 2606 2099 ad
2637 2045 2758 2115 ejus
2790 2045 3076 2100 ecclesiam
3113 2044 3237 2110 jure
3264 2040 3494 2094 dominii

1921 2142 2229 2208 pertineat:
2258 2139 2352 2193 sed
2389 2140 2550 2192 habet
2581 2140 2633 2192 in
2656 2154 2720 2192 eo
2745 2145 2953 2191 tantum
2983 2137 3105 2205 jura
3139 2131 3490 2202 episcopalia.

1922 2233 1996 2287 Ea
2034 2241 2212 2286 autem
2249 2242 2397 2295 sunt,
2427 2231 2747 2285 delictorum
2781 2230 2976 2282 animae
3006 2226 3357 2286 examinatio,
3387 2225 3490 2277 ob-

1922 2324 2158 2378 servatio
2184 2338 2370 2376 eorum
2400 2321 2491 2390 qui
2523 2321 2613 2373 illa
2647 2320 3032 2375 administrant
3063 2356 3076 2380 ,
3109 2316 3228 2385 ejus
3256 2316 3491 2369 nominis

1924 2413 2113 2467 relatio
2155 2422 2207 2467 et
2258 2413 2494 2482 prafecti
2548 2412 2840 2465 ordinatio.
2886 2409 3310 2464 Couservahitur
3362 2422 3492 2475 ergo

1923 2507 2310 2561 monasterium
2352 2507 2581 2560 liberum
2637 2514 2690 2560 ct
2748 2520 2843 2575 per
2897 2519 2956 2559 se
3007 2501 3490 2562 administratmn,

1921 2615 2029 2654 non
2059 2597 2342 2652 alienabilc
2375 2612 2476 2653 nec
2505 2598 2778 2651 donabile.
2813 2597 2964 2651 Illius
3011 2602 3188 2650 autem
3229 2594 3490 2660 regionis,

1921 2692 1973 2745 in
2003 2707 2108 2757 qua
2151 2690 2313 2745 sitmu
2351 2699 2454 2752 eet,
2493 2690 2723 2744 antistes
2747 2689 2893 2741 dicta
2929 2689 3104 2743 solum
3128 2686 3251 2757 jura
3277 2685 3488 2754 episco-

1919 2782 2060 2853 palia
2086 2785 2139 2836 in
2166 2799 2232 2838 eo
2265 2783 2484 2837 habebit
2517 2800 2530 2836 :
2562 2795 2616 2836 et
2644 2798 2670 2834 a
2712 2781 2960 2852 praesenti
2995 2782 3214 2851 quidem
3257 2797 3491 2843 canone,

1917 2883 1973 2930 et
2005 2876 2073 2928 ab
2098 2875 2223 2933 aliis
2245 2875 2477 2929 diversis
2507 2874 2714 2944 legibus
2741 2881 2795 2928 et
2825 2874 3130 2946 canonibus
3167 2889 3492 2928 concessum

1917 2975 2020 3028 est.
2054 2974 2131 3029 ut,
2167 2969 2259 3036 qui
2283 2968 2462 3030 vellet,
2493 2967 2821 3020 monasteria
2860 2981 2996 3020 nova
3030 2973 3358 3030 exstrueret,
3393 2966 3491 3017 ob—

1919 3061 2150 3115 servatis
2184 3062 2286 3114 ritu
2334 3069 2388 3114 et
2434 3061 2606 3113 forma
2634 3059 2722 3113 hic
2748 3059 3100 3128 praescriptis.
3137 3060 3252 3127 Imp
3313 3067 3490 3109 antem

1919 3151 2122 3204 domini
2153 3151 2442 3220 Nicephori
2468 3151 2663 3206 Phoca'
2692 3147 2909 3204 Novella
2935 3151 3199 3214 decernit,
3229 3165 3336 3202 nou
3369 3165 3492 3200 esse

1918 3245 1986 3298 de
2023 3259 2161 3297 novo
2192 3243 2557 3298 construenda
2583 3241 2909 3295 monasteria
2941 3281 2956 3304 ,
2986 3240 3067 3294 vel
3104 3239 3444 3293 xenodochia
3476 3278 3490 3300 ,

1921 3337 1996 3387 vel
2025 3335 2353 3402 gerocomia,
2386 3336 2466 3388 vel
2497 3335 2633 3387 alias
2654 3344 2872 3386 sanctas
2894 3342 2945 3385 et
2969 3330 3489 3400 religiosasdomos;

1916 3427 2009 3480 sed
2043 3443 2229 3480 eorum
2253 3443 2372 3490 quae
2403 3437 2551 3488 sunt,
2584 3440 2772 3477 curam
2805 3423 2916 3489 geri
2949 3431 3201 3490 oportere
3239 3438 3252 3473 :
3287 3430 3342 3474 et
3373 3422 3488 3473 hare

1913 3534 2169 3588 expresse
2203 3520 2256 3570 in
2291 3519 2394 3571 ﬁne
2425 3517 2654 3583 adjicit:
2701 3514 2884 3581 Quare
2941 3514 3008 3565 ab
3066 3513 3171 3566 hoc
3232 3513 3491 3580 deinceps

1913 3624 2183 3683 tempore,
2219 3612 2359 3683 quod
2395 3619 2478 3666 est
2527 3612 2557 3666 7
2591 3608 2905 3665 indietiouis
2968 3606 3222 3671 initium,
3284 3606 3488 3660 netuini

1916 3708 2097 3768 liceat,
2132 3709 2249 3760 loca
2284 3715 2377 3759 aut
2409 3721 2568 3773 agros
2597 3705 2659 3757 ad
2701 3703 3026 3756 monasteria
3061 3699 3142 3753 vel
3176 3700 3488 3769 geroeomia

1911 3797 2828 3866 qttnmodoettuquctransmittere,
2877 3796 2971 3850 sed
3022 3807 3200 3859 neque
3252 3793 3317 3844 ad
3378 3807 3490 3845 me-

1913 3891 2148 3960 tr0poles
2177 3891 2260 3944 vel
2295 3893 2646 3959 episcopatus
2680 3907 2692 3942 :
2727 3903 2903 3957 neque
2936 3887 3077 3941 enim
3119 3887 3224 3939 illis
3271 3893 3348 3938 csl
3384 3885 3487 3937 hoc

1917 3983 2283 4038 conducibile.
2320 3983 2376 4035 Si
2408 3983 2608 4050 quibus
2641 3991 2815 4034 autem
2851 3980 3234 4049 prmdictarum
3270 3985 3491 4030 sancta-

1916 4094 2032 4131 rum
2065 4087 2116 4130 et.
2147 4077 2528 4146 religiosarum
2563 4075 2848 4128 domorum
2886 4113 2900 4134 .
2952 4075 3068 4125 sive
3107 4070 3326 4140 quidem
3377 4072 3490 4136 epi-

1907 4179 2228 4236 scopatuum
2260 4176 2313 4222 et
2345 4167 2824 4227 monasteriorum,
2857 4170 2991 4217 adeo
3055 4165 3194 4217 mala
3252 4163 3485 4214 admini-

1906 4263 2096 4318 stratio
2132 4269 2185 4314 et
2215 4260 2452 4328 provisio
2484 4258 2734 4323 conligit,
2773 4265 2831 4308 ut
2871 4258 3004 4309 locis
3059 4257 3284 4325 privata:
3315 4254 3455 4308 desti
3479 4284 3489 4293 ο

1907 4364 2142 4420 lutzeqjte
2171 4353 2315 4413 sint;
2365 4351 2432 4404 iis
2462 4351 2728 4402 sententia
2766 4359 2816 4402 et
2840 4349 3242 4402 exatniuatione
3292 4347 3489 4415 imper.

1905 4463 2095 4502 eorum
2131 4461 2251 4511 quze
2284 4443 2563 4496 sulliciunt
2610 4442 2902 4508 aequisitio
2943 4456 3048 4493 non
3084 4439 3480 4508 prohibebitur.

1912 4539 2092 4603 (fellas
2117 4546 2320 4596 autem.
2355 4543 2428 4596 et,
2464 4545 2518 4586 ut
2553 4543 2768 4596 vocant,
2805 4534 2986 4586 lauras
3021 4539 3070 4584 iu
3099 4532 3331 4586 desertis
3360 4532 3488 4585 sedi-

227 4617 463 4683 κτήσεις
517 4619 612 4670 καὶ
660 4621 865 4687 ἀγροὺς
921 4622 1141 4687 ἑτέρους
1198 4621 1616 4690 ἐκτεινομένοις,
1675 4623 1809 4675 ἀλλὰ

1917 4630 2098 4687 ﬁcum,
2133 4642 2252 4691 qum.
2279 4640 2384 4678 non
2415 4625 2479 4676 ad
2521 4625 2899 4690 possessiones
2957 4632 3006 4672 et
3068 4638 3227 4689 agros
3279 4621 3486 4673 alienOs

230 4713 469 4780 περιοχῇ
522 4713 657 4780 μόνῃ
705 4714 770 4781 τῇ
835 4711 940 4782 ἰδίᾳ
993 4711 1354 4782 ὁριζομένοις,
1410 4706 1650 4784 τοσούτιῤ
1683 4717 1809 4777 τοὺς

229 4803 595 4871 βουλομένους
620 4803 720 4855 οὐκ
751 4804 1031 4873 εἶργομεν,
1066 4803 1174 4872 ὅσῳ
1203 4805 1296 4855 καὶ
1319 4804 1386 4855 δι’
1418 4805 1639 4857 ἐπαίνου
1673 4806 1810 4873 μᾶλ-

225 4895 324 4944 λον
350 4893 409 4943 τὸ
443 4894 675 4963 πρᾶγμα
709 4893 951 4962 τίθεμεν.
993 4895 1094 4946 Ἢν
1116 4895 1172 4946 δὲ
1208 4895 1428 4962 Νεαρὰν
1465 4900 1491 4945 ὁ
1522 4897 1805 4965 ΙΙορφυρο-

226 4987 494 5053 γέννητος
525 4986 687 5053 κυρὸς
715 4987 990 5049 Βασίλειος
1020 4988 1046 5038 ὁ
1073 4987 1189 5050 νέος
1214 4986 1450 5057 ἁνῄρησε
1477 4988 1563 5040 διὰ
1591 4989 1807 5058 Νεαρᾶς

1315 5080 1622 5149 Ἀπρίλλιον
1678 5083 1807 5134 ίνδι-

226 5171 464 5233 κτιῶνος
497 5170 542 5222 α’
583 5173 736 5223 ἔτους
771 5176 947 5237 ςυῑκεκ
986 5174 1077 5223 καὶ
1104 5173 1576 5241 διαλαμϐανούσης
1629 5174 1802 5228 ταῦτα

227 5264 418 5333 ῥητῶς
447 5278 460 5292 ·

227 5356 418 5423 ναχῶν
443 5356 529 5407 ἐπ’
555 5357 811 5425 εὐλαϐείᾳ
845 5356 939 5407 καὶ
968 5357 1138 5424 ἁρετῇ
1189 5359 1674 5427 μαρτυρουμένων,
1710 5361 1804 5411 καὶ

225 5077 404 5130 αὑτοῦ
454 5079 820 5146 ἀπολυθείσης
888 5079 1028 5131 κατὰ
1094 5083 1238 5148 μῆνα

507 5265 570 5314 'll
606 5267 670 5314 ἐκ
703 5263 839 5314 Θεοῦ
871 5263 1124 5331 βασιλεία
1177 5265 1354 5334 ἡμῶν,
1399 5268 1492 5318 καὶ
1524 5266 1676 5335 παρὰ
1709 5286 1803 5335 μο-

227 5447 388 5514 παρὰ
427 5446 639 5498 πολλῶν
669 5446 1030 5516 ἀναμαθοῦσα
1069 5447 1168 5516 τὴν
1201 5449 1329 5517 περὶ
1359 5451 1466 5501 τῶν
1498 5452 1803 5519 ἐκκλησιῶν

226 5537 331 5590 τοῦ
360 5539 496 5592 Θεοῦ
525 5540 620 5593 καὶ
651 5540 758 5594 τῶν
785 5541 999 5609 εύαγῶν
1027 5541 1192 5594 οίκων
1221 5541 1253 5608 ἦ
1293 5542 1434 5594 κατὰ
1466 5542 1574 5594 τῶν
1603 5544 1804 5614 ἐκκλη-

1921 4721 2309 4778 extenduntur.
2343 4719 2434 4770 sed
2466 4717 2584 4769 solo
2611 4717 2826 4784 proprio
2855 4716 3062 4768 ambitu
3115 4715 3449 4766 definiuntur
3471 4755 3485 4774 ,

1922 4821 2131 4866 tantum
2167 4810 2323 4862 abest
2357 4817 2414 4860 ut
2439 4806 2749 4859 volentibus
2780 4804 3187 4874 prohibeamus.
3229 4811 3287 4854 ut
3323 4802 3485 4856 etiam

1915 4906 1966 4956 in
2003 4919 2196 4969 magna
2230 4901 2388 4953 laude,
2422 4915 2688 4966 ponamus
2726 4916 2739 4950 ι
2771 4913 2933 4964 quam
2959 4895 3176 4963 quidem
3205 4893 3483 4947 Novellam

1912 4995 2458 5064 Porphyrogennetus
2520 4991 2777 5042 dominus
2859 4987 3093 5040 Basilius
3153 5000 3329 5038 novus
3390 5002 3486 5036 sna

1914 5086 2132 5139 Novi-lla
2171 5101 2354 5137 mense.
2389 5082 2557 5148 Aprili
2585 5080 2880 5133 iudieiione
2912 5080 2928 5130 l
2961 5091 3104 5131 anno
3122 5077 3264 5131 6495
3284 5077 3484 5129 emissa

1910 5177 2170 5241 sustulit;
2195 5192 2314 5243 quze
2343 5185 2394 5226 et
2425 5175 2537 5227 lucc
2569 5187 2830 5240 expresse
2862 5171 3105 5223 continet
3142 5186 3155 5221 :
3193 5169 3484 5236 hupcrium

1913 5280 2159 5323 nostrum
2197 5267 2338 5335 quod
2367 5284 2392 5317 a
2434 5263 2541 5319 “('0
2570 5265 2876 5332 profectum
2908 5271 2989 5316 est
3017 5277 3142 5315 eum
3190 5269 3244 5314 et
3301 5277 3327 5312 a
3373 5276 3486 5310 nm-

1914 5361 2130 5422 nachis,
2174 5374 2404 5426 quorum
2447 5358 2618 5425 pietas
2649 5364 2701 5408 ct
2734 5357 2902 5407 virtus
2933 5363 3015 5406 est
3049 5361 3242 5406 testata
3269 5391 3284 5414 ,
3337 5359 3390 5404 et
3449 5367 3478 5402 ιι

1913 5453 2102 5507 multis
2129 5451 2272 5508 aliis.
2318 5450 2484 5512 legem
2511 5453 2577 5501 de
2613 5447 2702 5500 Dei
2731 5446 2983 5499 ecclesiis
3031 5453 3085 5498 et
3140 5443 3343 5498 sanctis
3377 5443 3481 5493 do-

1913 5547 2115 5599 mibus.
2153 5544 2232 5597 vel
2273 5543 2451 5612 potius
2487 5553 2675 5596 contra
2711 5541 2974 5594 ecclesias
3005 5547 3262 5593 ettantas
3289 5537 3480 5589 domos

1505 5686 1693 5746 Guill.
1727 5689 2044 5766 Bcveregii
2083 5696 2267 5747 notet).

309 5812 419 5874 MU)
466 5809 534 5860 ἸΙ
567 5808 632 5858 δὲ
657 5807 852 5874 Νειῳίι
905 5809 1007 5860 τοῦ
1055 5810 1364 5874 βμσί.ίέυ›ς
1397 5811 1580 5874 κυροῦ
1620 5814 1798 5875 Νίκη-

233 5883 441 5944 ςόίου.
509 5878 634 5930 Ιιιιτιε
688 5877 981 5948 Nic-ephori
1036 5880 1230 5934 t‘hoca:
1300 5887 1639 5950 imperatoris
1673 5901 1794 5938 nov.

1911 5812 2118 5864 integra
2175 5809 2402 5858 habetur
2449 5809 2501 5860 iu
2547 5807 2696 5859 .Iuris
2761 5803 3202 5857 (lurco-Romani
3254 5802 3343 5854 lib.
3419 5816 3476 5862 It,

1913 5899 1942 5949 ιι
2003 5881 2120 5940 115,
2165 5879 2281 5938 lli,
2308 5889 2410 5932 ιιι.
