4166 6438
728 429 860 491 1011

1970 431 2071 490 ΤΠ
2084 430 2255 490 EOD.
2303 426 2703 487 BALSAMON

3857 411 4002 471 1012

721 548 752 586 a
775 534 998 587 domino
1034 533 1358 603 Nieephoro,
1387 538 1481 603 qui
1514 538 1742 607 imperio
1774 542 2043 603 excessit,
2098 538 2290 593 condi-

2407 537 2529 589 πιὼν
2560 534 2765 603 μᾶλλον
2792 532 2886 588 καὶ
2911 534 3018 586 τῶν
3057 530 3329 585 τοσούτων
3353 531 3520 583 οἴκων
3554 521 3713 593 παρὰ
3758 519 3865 574 τοῦ
3894 517 4003 582 τῆς

724 638 858 691 tam,
896 625 1241 695 prmsentium
1274 627 1539 681 malorum
1574 643 1796 683 causam
1835 630 2005 685 fuisse
2031 638 2086 685 et
2144 630 2292 685 radi-

726 732 867 781 cem,
891 725 944 771 et
973 718 1296 772 universalis
1326 718 1492 789 hujus
1526 721 1900 777 subversionis
1934 732 1987 777 et
2015 721 2295 776 confusio-

732 809 847 874 nis;
880 817 940 862 ut
970 826 1089 879 qua:
1117 810 1185 864 ad
1219 811 1472 881 iniuriam
1506 822 1560 867 et
1586 815 2007 880 contumeliam,
2039 830 2146 868 non
2199 830 2294 877 sq—

674 976 677 979 ‘
730 904 835 952 tum
859 902 1220 956 ecclesiarum
1262 912 1315 958 et
1341 913 1655 959 sanctarum
1675 906 1987 969 domorum,
2014 906 2111 961 sed
2130 907 2293 961 etiam

731 991 820 1045 Dei
856 992 1047 1060 ipsius,
1079 993 1222 1049 facta
1252 997 1342 1053 sit.
1380 996 1737 1051 intellexisset
1764 1038 1778 1063 ,
1806 1006 1861 1053 et
1902 1000 2134 1054 maxime
2169 1015 2294 1053 cum

726 1081 776 1135 id
806 1097 864 1137 re
898 1082 1011 1152 ipsa
1045 1096 1324 1154 expertum
1356 1098 1502 1143 esset
1557 1090 1654 1159 (ex
1701 1106 1813 1159 quo
1862 1092 2005 1145 enim
2054 1092 2166 1147 luce
2210 1094 2292 1146 lex

725 1182 811 1227 est
839 1173 1146 1240 observata,
1203 1179 1340 1233 nihil
1397 1181 1519 1235 boni
1578 1184 1793 1252 penitus
1852 1185 1905 1237 in
1966 1185 2294 1239 hodiernum

728 1282 906 1336 usque
957 1267 1101 1324 diem
1162 1270 1289 1326 vita:
1341 1283 1539 1327 nostra:
1589 1278 1833 1329 ucenrrit
1868 1293 1880 1329 :
1914 1278 2006 1330 sed
2059 1288 2247 1330 contra
2281 1320 2294 1341 ,

727 1364 935 1417 nullum
960 1367 1183 1435 penitus
1216 1365 1541 1421 calamitatis
1572 1383 1743 1436 genus
1777 1367 1971 1423 defuitt
1994 1384 2008 1420 :
2034 1384 2129 1439 per
2159 1384 2299 1438 prae-

727 1467 933 1509 sentem
970 1457 1199 1512 Auream
1234 1457 1437 1511 Bullam
1474 1458 1601 1514 huic
1632 1462 1835 1529 sr-ripto
1878 1477 2146 1518 annexam
2187 1477 2299 1520 sta-

730 1550 857 1613 tuit,
894 1560 953 1604 ut
982 1551 1065 1605 lex
1096 1549 1349 1613 iirzedicla
1384 1552 1453 1605 ab
1486 1554 1588 1607 boe
1621 1556 1872 1623 praesenti
1910 1555 1997 1611 die
2023 1565 2221 1623 cesset,
2245 1571 2299 1612 et

732 1641 992 1712 deinceps
1024 1642 1240 1697 infirma
1276 1651 1329 1697 et
1361 1643 1513 1697 irrita
1552 1653 1869 1714 permaneat
1906 1664 1919 1700 :
1962 1646 2139 1701 locum
2168 1663 2299 1702 vero

736 1736 970 1788 habeant
997 1744 1048 1789 et
1076 1735 1127 1788 in
1164 1752 1262 1790 usu
1317 1737 1447 1800 sint,
1499 1751 1621 1804 quae
1674 1736 1741 1792 de
1799 1736 1899 1791 Dei
1945 1732 2191 1793 ecclesiis
2245 1749 2301 1794 et

730 1825 933 1881 sanctis
963 1834 1017 1878 et
1071 1826 1339 1896 religiosis
1390 1826 1648 1882 domibus
1697 1836 1825 1882 ante
1870 1828 2012 1883 hanc
2064 1831 2299 1887 conditae

735 1924 862 1971 sunt
897 1917 1062 1989 leges.
1092 1918 1359 1972 Praeterea
1396 1919 1560 1984 scias,
1593 1920 1739 1988 quod
1790 1920 2144 1977 beatissimus
2198 1923 2302 1979 im-

731 2017 948 2079 perator
990 2008 1241 2062 dominus
1282 2008 1825 2065 ManuelComneuus
1846 2026 1940 2079 per
1970 2010 2298 2081 iussionem,

741 2114 926 2153 mense
957 2098 1262 2169 Septembri
1297 2100 1593 2154 indictione
1626 2100 1658 2153 7
1680 2100 1903 2166 editam,
1941 2101 2181 2160 deliniit:
2232 2119 2302 2159 ne

732 2192 877 2253 ullis,
904 2193 995 2262 qui
1036 2193 1396 2245 immobilium
1458 2193 1785 2247 donationes
1851 2195 1920 2248 ab
1973 2196 2305 2265 imperatore

732 2284 1076 2355 accepissent
1116 2285 1195 2339 vel
1228 2286 1568 2356 acciperent,
1599 2288 1664 2339 ad
1697 2288 1832 2342 alios
1861 2302 1921 2341 ea
1948 2303 2112 2358 quam
2145 2304 2307 2344 sena-

733 2378 861 2432 torii
895 2378 1103 2434 ordinis
1130 2378 1214 2432 vel
1271 2379 1479 2433 numeri
1539 2380 1792 2435 militaris
1851 2395 2114 2449 personas
2170 2397 2308 2451 quo-

731 2483 947 2537 cunque
978 2468 1140 2523 modo
1170 2470 1568 2534 transmittere,
1597 2469 1783 2525 liceret
1821 2491 1833 2524 :
1877 2471 1960 2524 sin
1989 2480 2172 2525 autem
2206 2474 2306 2526 ali-

734 2571 815 2614 ter
849 2559 1053 2613 factum
1097 2561 1282 2623 fuerit,
1319 2561 1617 2615 immobilia
1645 2562 1710 2615 ad
1747 2561 2021 2628 publicmn
2056 2562 2302 2620 redeant.

733 2649 997 2704 Similiter
1023 2659 1075 2704 et
1112 2666 1299 2705 mense
1331 2651 1629 2707 Februario
1664 2653 1697 2706 ὅ
1743 2652 2065 2708 indictionis
2088 2695 2102 2719 ,
2162 2670 2299 2708 nova

730 2757 949 2812 quoque
984 2744 1305 2799 constitutio
1338 2742 1405 2797 ab
1424 2745 1612 2798 eodem
1646 2744 1794 2799 edita
1827 2753 1932 2810 est,
1964 2760 2085 2816 qua:
2113 2745 2301 2800 eadem

732 2835 904 2890 ferme
924 2835 1325 2906 complectitur.
1353 2835 1486 2902 Qua:
1518 2836 1739 2905 quidem
1773 2844 1975 2892 statuta
2008 2822 2023 2899 ξ
2056 2853 2153 2906 per
2205 2854 2302 2908 po-

732 2925 1019 2982 steriorem
1061 2928 1156 2983 lilii
1184 2929 1305 2998 ejus
1337 2928 1543 2983 domini
1570 2928 1742 2983 Alexii
1776 2928 1969 2983 Aureae
2020 2929 2186 2984 Bulla:
2217 2931 2305 2985 de-

734 3021 1072 3085 ﬁnitionem,
1124 3037 1310 3077 mense
1368 3021 1647 3077 Decembri
1694 3021 1883 3091 prima:
1941 3021 2299 3087 indictionis,

734 3113 859 3164 anni
890 3110 1025 3165 669i
1060 3113 1280 3177 editam,
1316 3113 1530 3167 sublata
1564 3122 1712 3168 sunt.
1783 3180 1789 3186 _

731 3207 818 3257 διὰ
856 3207 1321 3276 μεταγενεστέρου
1381 3206 1780 3277 χρυσοϐούλλου
1839 3206 1933 3260 τοῦ
1982 3201 2104 3262 υἱοῢ
2140 3208 2307 3263 αὐτοῦ

735 3304 1065 3365 ίνδικτιῶνος
1088 3302 1181 3356 τοῦ
1213 3308 1379 3374 ςχιπα⁹
1412 3304 1586 3367 ἔτους.

801 3397 967 3468 33ἇ.
999 3396 1248 3452 ZONAR.
1283 3396 1385 3463 Qui
1421 3396 1755 3452 monasteria
1786 3405 2098 3462 exstruere,
2129 3414 2191 3452 ac
2216 3414 2306 3469 per
2333 3400 2377 3461 C

732 3508 796 3545 ea
826 3505 957 3545 suas
986 3489 1275 3545 facultates
1312 3489 1420 3544 Deo
1446 3489 1630 3543 dicare
1662 3490 1876 3555 volunt,
1907 3491 2016 3547 illis
2067 3491 2306 3545 aedifica-

737 3584 937 3635 tionem
967 3580 1235 3645 inchoari,
1266 3580 1367 3634 nisi
1391 3579 1679 3649 episcopus
1716 3582 1819 3637 loci
1867 3598 1925 3637 re
1959 3584 2176 3649 cognita
2210 3597 2307 3652 po-

736 3683 988 3727 tes'atem
1032 3671 1243 3736 fecerit,
1271 3687 1334 3726 ac
1365 3674 1641 3728 solemnes
1674 3676 2020 3743 precationes
2048 3676 2309 3729 adhibue-

733 3768 828 3828 rit,
864 3765 1021 3819 nullo
1043 3767 1203 3818 modo
1228 3765 1316 3820 hic
1345 3780 1519 3820 canon
1561 3767 1728 3821 licere
1777 3767 2043 3822 decernit.
2090 3768 2167 3821 lta
2212 3769 2305 3823 de-

734 3871 880 3908 mum
913 3855 1303 3908 monasterium
1336 3855 1555 3923 quidem
1604 3856 1812 3911 absolvi
1854 3897 1870 3920 ,
1923 3858 2119 3913 deinde
2176 3875 2307 3914 vero

733 3944 902 3999 Breve
936 3945 1083 3998 ﬁeri:
1118 3953 1170 3999 et
1200 3946 1251 3998 in
1285 3960 1349 3999 eo
1386 3956 1497 3998 tum
1538 3946 1933 4001 monasterium
1966 3947 2166 4016 ipsum,
2191 3957 2302 4002 tum

735 4038 1065 4090 monasterio
1097 4038 1388 4090 attributas
1424 4039 1804 4105 possessiones
1832 4037 2102 4103 describi,
2142 4040 2272 4093 illud
2288 4070 2301 4077 ν-

732 4144 839 4192 que
866 4128 1055 4191 Brew,
1092 4143 1158 4180 ne
1190 4127 1319 4195 quid
1350 4128 1404 4180 in
1441 4137 1721 4196 posterum
1752 4142 1781 4179 a
1816 4130 2132 4183 monasterii
2175 4144 2306 4182 con-

734 4218 910 4273 ditore
940 4219 1145 4273 auferri
1179 4220 1362 4282 liceat,
1392 4235 1454 4272 ex
1491 4220 1556 4273 iis
1588 4235 1710 4289 quae
1737 4219 1790 4274 in
1821 4221 2136 4290 eoipsemet
2168 4237 2305 4275 cou-

736 4311 994 4375 secravit,
1027 4310 1080 4364 in
1135 4310 1341 4363 :rdibus
1375 4311 1782 4380 episcopalibus
1813 4314 2081 4367 asservari
2123 4312 2302 4379 jubet.

738 4404 869 4469 Quae
898 4405 1095 4457 etenim
1126 4402 1265 4456 bona
1307 4404 1414 4457 Deo
1450 4402 1720 4471 quispiam
1764 4418 1861 4472 per
1912 4405 2302 4463 monasterium

736 4495 962 4560 addixit,
993 4509 1182 4548 eorum
1214 4495 1318 4548 sibi
1344 4495 1458 4562 ipse
1495 4492 1898 4563 possessionem
1938 4509 2154 4549 omnem
2208 4496 2305 4550 ab-

730 4586 1017 4657 judicavit,
1044 4602 1106 4640 ac
1138 4586 1357 4641 illorum
1396 4586 1653 4641 deminus
1681 4600 1805 4641 esse
1838 4586 1950 4655 jam
1984 4587 2165 4641 desiit.
2188 4589 2302 4654 Qua

738 4682 954 4736 ratione
987 4682 1152 4750 Igitur
1184 4682 1248 4733 de
1281 4680 1389 4733 illis
1418 4680 1716 4749 quidquam
1751 4695 1817 4735 ex
1852 4695 1919 4734 eo
1942 4688 2209 4751 tempore,
2242 4695 2304 4735 ac

2401 624 2683 695 βασιλείας
2715 623 3006 687 ἐπιϐάντος
3038 621 3206 693 κυροῦ
3232 620 3553 691 Νικηφόρου
3586 616 3859 671 τεθεῖσαν
3913 630 4003 666 νο-

2401 716 2682 787 μοθεσίαν,
2718 714 2897 768 αἰτίαν
2937 715 3031 767 καὶ
3066 711 3225 784 ῥίζαν
3246 710 3356 765 τῶν
3390 709 3688 778 παρόντων
3722 702 4001 773 γενέσθαι

2398 808 2609 873 κακῶν,
2664 807 2760 861 καὶ
2795 808 2895 878 τῆς
2950 804 3342 875 οίκουμενικῆς
3398 801 3603 870 ταύτης
3653 793 3999 864 ἀνατροπῆς

2397 906 2493 957 καὶ
2525 904 2865 974 συγχύσεως,
2895 901 2992 954 ἅτε
3027 900 3101 971 μὴ
3134 899 3270 968 πρὸς
3296 895 3513 951 ἀδικίαν
3546 892 3645 946 καὶ
3681 890 3853 957 ὓϐριν
3886 886 4000 939 τῶν

2398 997 2714 1067 ἐκκλησιῶν
2748 996 2914 1066 μόνον
2942 994 3037 1047 καὶ
3065 992 3175 1047 τῶν
3204 989 3423 1057 εὐαγῶν
3471 990 3661 1049 οῐκων,
3700 981 3851 1036 ἀλλὰ
3903 978 4001 1032 καὶ

2399 1092 2568 1146 αὐτοῦ
2601 1091 2698 1144 τοῦ
2721 1090 2858 1144 Θεοῦ
2886 1088 3207 1161 γενομένην,
3229 1086 3405 1149 ἄλλως
3434 1101 3493 1137 τε
3523 1084 3620 1135 καὶ
3648 1081 3805 1147 ἔργῳ
3834 1071 4002 1127 τοῦτο

2402 1184 2788 1254 βεϐαιωθεϊσαν
2808 1182 2890 1250 (ἐξ
2908 1182 3031 1234 ὅτου
3046 1180 3155 1250 γὰρ
3177 1179 3243 1231 τὰ
3262 1177 3364 1247 τῆς
3387 1173 3647 1239 τοιαύτης
3666 1168 4001 1235 ἐκράτησαν

2406 1275 2730 1346 νομοθεσίας
2757 1272 3109 1328 ούδοπωσοῦν
3134 1267 3413 1323 ούδοτιοῦν
3452 1263 3699 1335 χρηστὸν
3733 1261 3873 1328 ἄχρι
3904 1255 4002 1308 καὶ

2401 1373 2647 1441 τήμερον
2669 1369 2749 1441 τῷ
2792 1368 2919 1422 καθ’
2971 1367 3121 1438 ἡμᾶς
3171 1364 3456 1434 ἀπήντησε
3492 1359 3622 1427 βίῳ,
3673 1352 3822 1407 ἀλλὰ
3872 1348 4002 1400 τού⁶

2403 1464 2615 1518 ναντίον
2664 1462 2952 1531 συμφορᾶς
2988 1458 3193 1529 μᾶλλον
3249 1457 3507 1509 ἐπέλιπεν
3542 1449 3688 1510 εἶδος
3719 1447 3867 1504 ὅλως
3906 1442 4001 1495 οὗ-

2401 1556 2531 1624 δὲν),
2572 1554 2820 1617 θεσπίζει
2849 1552 2938 1606 διὰ
2972 1551 3066 1604 τοῦ
3100 1550 3371 1617 παρόντος
3414 1541 3816 1609 ὲνυπογράφου
3859 1552 4001 1605 χρυ-

2404 1649 2690 1703 σοϐούλλου
2723 1648 2784 1701 τὸ
2826 1647 2928 1715 τὴν
2958 1642 3242 1713 παροῦσαν
3271 1638 3594 1711 νομοθεσίαν
3645 1633 3854 1704 ἀργεῖν
3889 1628 3999 1682 ἀπὸ

2402 1743 2502 1809 τῆς
2542 1739 2829 1809 παρούσης
2855 1737 3062 1807 ταύτης
3090 1735 3327 1806 ἡμέρας,
3350 1731 3556 1802 ἄκυρόν
3579 1745 3643 1781 τε
3676 1727 3778 1779 καὶ
3814 1723 4001 1791 ἄπραο

2403 1850 2533 1885 κτον
2566 1830 2658 1884 τοῦ
2694 1829 2887 1884 λοιποῦ
2953 1828 3264 1898 διαμένειν·
3328 1823 3576 1894 ἐνεργεῖν
3614 1819 3679 1872 δὲ
3712 1818 3848 1877 τοὺς
3893 1811 4002 1882 πρὸ

2403 1923 2608 1993 ταύτης
2635 1922 2923 1991 κειμένους
2959 1919 3089 1991 περί
3123 1937 3185 1973 τε
3214 1917 3325 1970 τῶν
3376 1912 3696 1984 ἐκκλησιῶν
3740 1908 3841 1963 καὶ
3890 1904 4003 1958 τῶν

2401 2017 2616 2087 εὐαγῶν
2641 2017 2806 2070 οἴκων
2828 2012 3198 2085 νόμους.ῐ1ρδς
3215 2009 3423 2069 τούτοις
3447 2007 3694 2075 γίνωσκε
3716 2002 3844 2073 (47)
3868 2000 3956 2053 ὅτι
3971 2000 4000 2050 ὁ

2403 2108 2873 2181 τρισμακάριστος
2912 2105 3166 2175 βασιλεὺς
3198 2102 3363 2168 κυρος
3389 2098 3655 2167 Μανουήλ
3693 2098 3725 2149 ὁ
3760 2096 4002 2162 Κομνη-

2405 2203 2496 2263 νὸς
2553 2201 2848 2270 διωρίσατο
2902 2199 2989 2253 διὰ
3055 2197 3405 2267 προστάξεως
3443 2189 3813 2258 ἐπιλυθείσης
3859 2184 4007 2239 κατὰ

2408 2293 2787 2363 Σεπτέμϐριον
2844 2292 2989 2362 μῆνα
3042 2288 3381 2351 ἐνδικτιῶνος
3438 2288 3505 2351 ζ’,
3576 2284 3653 2354 μὴ
3708 2284 3864 2352 ἔχειν
3915 2279 4004 2331 ἐπ’

2410 2382 2595 2444 ἀδείας
2618 2380 2790 2445 τινὰς,
2830 2379 3092 2442 λαϐόντας
3131 2379 3163 2450 ἢ
3209 2380 3302 2431 καὶ
3344 2376 3723 2445 λαμϐάνοντας
3788 2370 4008 2441 δωρεᾶς

2407 2476 2684 2544 ἀκινήτων
2714 2477 2868 2543 παρὰ
2900 2471 3186 2542 βασιλέων,
3231 2469 3626 2539 παραπέμπειν
3690 2464 3873 2524 αὐτὰς
3912 2460 4009 2514 ἁλι

2411 2562 2580 2634 λαχοῦ
2608 2582 2712 2617 που
2745 2563 2867 2617 καθ’
2911 2564 3213 2632 οἱονδήτινα
3246 2561 3447 2631 τρόπον
3490 2562 3540 2612 εἰ
3582 2558 3659 2628 μὴ
3683 2560 3767 2618 είς
3826 2556 4011 2625 πρίσ-

2409 2674 2537 2711 ωπα
2570 2657 2679 2711 ἀπο
2720 2659 2822 2727 τῆς
2856 2657 3158 2724 συγκλήτου
3189 2656 3221 2727 ἢ
3261 2654 3356 2708 τοῦ
3396 2651 3803 2724 στρατιωτικοῦ
3838 2669 4011 2705 κατι-

2410 2748 2572 2815 λόγου
2601 2750 2941 2817 τυγχάνοντα
2965 2765 2979 2779 ο
3008 2751 3055 2801 εί
3081 2748 3139 2802 δὲ
3170 2749 3246 2818 μὴ
3282 2748 3423 2800 οὕτω
3461 2747 3718 2818 γένηται,
3773 2746 3872 2799 ἵνα
3917 2762 4011 2797 πε-

2415 2840 2701 2910 ριέρχηται
2725 2842 2795 2893 τὰ
2818 2839 3052 2910 ἀκίνητα
3077 2841 3157 2903 είς
3180 2840 3240 2893 τὸ
3268 2839 3543 2909 δημόσιον.
3590 2837 3891 2900 Ὡσαύτως
3918 2838 4013 2890 καὶ

2412 2934 2555 2986 κατὰ
2598 2931 2690 2986 τὸν
2755 2933 3119 3003 Φεϐρουάριον
3166 2932 3312 3001 μῆνα
3386 2936 3486 3002 τῆς
3540 2938 3589 3001 γ’
3652 2931 4008 2992 ίνδικτιῶνος

2414 3023 2605 3091 Νεαρὰ
2630 3022 2921 3092 νομοθεσία
2946 3025 3137 3092 γέγονε
3155 3024 3247 3079 τοῦ
3279 3024 3445 3078 αὐτοῦ
3468 3024 3565 3093 τῆς
3593 3023 3774 3091 αὐτῆς
3809 3023 4007 3093 ηεὸὶν

2412 3114 2788 3184 περιλήψεως.
2835 3116 3031 3171 Ἀτινα
3068 3118 3133 3187 δὴ
3168 3116 3573 3187 προστάγματα
3633 3116 4007 3187 ἀνῃρέθησαν)

2354 3210 2591 3277 ’Λλεξίου
2614 3211 2979 3277 ἀπολυθέντος
3009 3212 3149 3266 κατὰ
3173 3211 3323 3283 μῆνα
3373 3210 3712 3281 Δεκέμϐριον
3781 3212 3895 3281 τῆς
3962 3197 4010 3260 α’

2486 3398 2736 3454 ΖΩΝΛΡ.
2787 3396 2849 3453 Ὀ
2872 3396 3055 3451 κανὼν
3082 3392 3240 3461 οὗτος
3269 3398 3395 3459 τοὺς
3425 3396 3792 3466 βουλομένους
3845 3416 4010 3469 μονα-

2418 3492 2612 3560 στήρια
2640 3490 2898 3560 συνιστᾷν
2926 3490 3020 3544 καὶ
3049 3488 3315 3559 ἀφιεροῦν
3344 3490 3409 3543 δι’
3439 3489 3619 3543 αὐτῶν
3659 3490 3762 3552 τὰς
3786 3493 4009 3553 οἰκείας

2414 3581 2732 3650 περιουσίας
2764 3580 2885 3650 Θεῷ
2913 3579 3124 3633 κελεύει
3148 3581 3223 3650 μὴ
3247 3580 3700 3643 ἄλλωςδύνασθαι
3720 3581 4008 3652 ἄρχεσθαι

2412 3674 2513 3742 τῆς
2561 3674 2656 3727 τοῦ
2693 3672 3061 3743 μοναστηρίου
3111 3673 3425 3741 οἰκοδομῆς,
3484 3673 3531 3725 εί
3582 3672 3659 3742 μὴ
3697 3676 3756 3727 ὲν
3795 3676 4004 3742 γνώσει

2412 3768 2703 3834 γενόμενος
2743 3767 2771 3818 ὁ
2801 3765 3102 3826 ἐπίσκοπος
3145 3767 3171 3817 ὁ
3195 3766 3336 3817 κατὰ
3372 3766 3535 3817 τόπον
3554 3766 3864 3835 ἐπιτρέψει
3906 3769 4003 3835 τὴν

2412 3858 2724 3929 οἰκοδομὴν,
2754 3859 2985 3929 ποιήσας
3017 3859 3113 3912 καὶ
3141 3858 3239 3928 τὴν
3263 3858 3624 3928 ὀφειλομένην
3656 3859 3800 3928 εὐχή
3816 3878 3861 3913 δ.
3897 3862 4002 3912 Καὶ

2410 3950 2555 4003 οὓτω
2601 3951 2661 4003 τὸ
2689 3951 2788 4020 μὲν
2818 3949 3239 4020 ἀπαρτίζεσθαι,
3266 3950 3484 4020 βρέϐιον
3510 3950 3565 4003 δὲ
3590 3950 3883 4017 γίνεσθαι,
3910 3954 4000 4004 καὶ

2412 4048 2470 4096 ἐν
2500 4044 2694 4112 ἐκείνῳ
2719 4044 2851 4096 αὑτό
2903 4060 2961 4094 τε
2990 4044 3051 4095 τὸ
3096 4046 3460 4112 μοναστήριον
3500 4044 3996 4111 κατα-ίράφεσθαι,

2412 4139 2503 4187 καὶ
2528 4136 2596 4188 τὰ
2634 4133 2784 4203 αύτῷ
2806 4134 3081 4205 ἀνήκοντα
3113 4134 3312 4196 πάντα,
3362 4135 3457 4187 καὶ
3488 4132 3713 4204 βρέϐιον
3752 4137 3827 4203 τῇ
3876 4136 3996 4188 tta-

2412 4227 2589 4294 σκοπῇ
2627 4224 3064 4287 ὲναποτίῢεσθαι,
3097 4221 3237 4276 ῶστε
3274 4224 3348 4292 μή
3388 4240 3439 4275 τι
3488 4222 3761 4276 δύνασθαι
3805 4222 3995 4276 ἔκτοτε

2408 4318 2502 4369 τοῦ
2536 4318 2900 4385 μοναστηρὶου
2942 4316 3217 4385 δομήτορα
3244 4314 3592 4385 ἀφαιρεῖσθαί
3628 4332 3685 4367 τι
3718 4316 3837 4369 τῶν
3870 4315 3997 4384 παρ’

2412 4407 2578 4461 αὑτοῦ
2610 4406 3104 4475 ἀφιερωοέειτωνὲν
3137 4405 3304 4475 αὐτῷ.
3344 4407 3410 4459 Ἀ
3439 4402 3549 4475 γάρ
3595 4423 3687 4469 τις
3742 4408 3826 4475 τῷ
3883 4408 3997 4473 Θεῷ

2411 4503 2500 4555 διὰ
2531 4500 2629 4568 τῆς
2657 4500 2825 4569 μονῆς
2858 4498 3231 4562 ἀνατέθεικεν,
3263 4500 3574 4561 ἅπεξένωσε
3604 4503 3711 4568 τῆς
3741 4501 3997 4567 ἐξοδσέας

2411 4591 2633 4655 ἑαυτοῦ,
2666 4590 2761 4644 καὶ
2788 4590 2975 4642 οὐκέτι
2996 4588 3183 4657 κύριος
3208 4589 3387 4641 αὐτῶν
3419 4589 3556 4641 ἐστι.
3590 4590 3719 4650 Πῶς
3765 4585 3868 4642 οὖν
3916 4589 3999 4641 ἐπ’

2414 4684 2597 4744 αὐτοῖς
2651 4699 2702 4734 τι
2748 4681 2824 4744 ὡς
2885 4680 3153 4750 δεσπότης
3198 4680 3383 4734 ἔκτοτε
3415 4680 3712 4751 δυνήσεται
3759 4683 3997 4752 διαπρά-

739 4775 784 4829 si
811 4775 1066 4827 dominus
1101 4772 1283 4826 adhuc
1311 4780 1475 4834 esset,
1500 4772 1835 4825 constituere
1864 4771 2106 4840 poterit?
2131 4770 2303 4836 Quin-

2415 4774 2614 4839 ξασθαι
2637 4790 2652 4839 ;
2678 4773 2948 4826 Τοσοῦτον
2972 4773 3029 4825 δὲ
3062 4771 3225 4824 αὐτὴν
3273 4772 3630 4839 ἀπαλλοτριοί
3681 4774 3788 4839 τῆς
3831 4775 3999 4844 μονῆς

738 4868 847 4918 imo
884 4880 1127 4933 eousque
1157 4878 1332 4918 canon
1362 4864 1428 4916 ab
1453 4862 1571 4930 ejus
1604 4865 1921 4917 monasterii
1957 4864 2307 4918 administra-

736 4961 887 5011 tione
920 4958 1193 5010 homincm
1233 4966 1500 5010 remotum
1533 4971 1651 5009 esse
1676 4956 1850 5026 jubet,
1874 4966 1931 5010 ut
1956 4971 2127 5026 neque
2159 4956 2307 5010 illmn
2342 4969 2345 4975 ‘

740 5046 1056 5100 monasterii
1091 5044 1401 5114 praefectum
1427 5084 1442 5107 ,
1482 5046 1585 5098 nisi
1620 5045 1688 5097 de
1738 5045 1978 5114 episcopi
2015 5046 2307 5110 sententia,

738 5141 936 5201 creari,
963 5154 1061 5192 nec
1088 5136 1253 5190 alium
1277 5138 1393 5206 ejus
1422 5136 1543 5189 ioco
1574 5136 1886 5204 pratfecutm
1922 5138 1989 5190 ab
2013 5151 2077 5191 eo
2104 5138 2314 5191 consti-

739 5231 814 5282 tui
852 5228 1113 5298 patiatur.
1154 5226 1388 5291 Etenim,
1422 5227 1466 5278 si
1494 5242 1613 5293 qu;e
1645 5227 1850 5279 homini
1880 5227 2146 5296 quispiam
2200 5228 2303 5280 lar-

738 5324 879 5386 gitus
908 5330 1011 5383 est,
1041 5326 1327 5388 postquam
1354 5317 1445 5383 jus
1473 5318 1834 5387 possessionis
1871 5318 1924 5370 in
1960 5319 2124 5371 alium
2165 5319 2305 5387 ipse-

741 5422 846 5464 met
880 5410 1183 5473 transtulit,
1208 5410 1442 5478 amplius
1471 5410 1685 5463 aufrrre
1714 5410 1832 5461 sine
1859 5425 2047 5471 causa,
2080 5410 2172 5479 qui
2207 5411 2301 5462 do-

740 5504 907 5563 navit,
939 5504 1077 5555 haud
1108 5512 1323 5571 pntest;
1359 5517 1467 5573 quo
1501 5502 1641 5572 jure,
1674 5518 1791 5572 qua:
1821 5502 1927 5556 Deo
1950 5502 2125 5555 dicata
2153 5512 2297 5566 sunt,

2413 4868 2440 4920 ὁ
2476 4864 2674 4926 κανὼν,
2727 4863 2869 4917 ὥστε
2923 4864 3042 4919 οὐδὲ
3090 4863 3394 4932 ἡγούμενον
3440 4864 3603 4917 αὐτὸν
3654 4865 3999 4933 ἐᾷξγίνεσθαι

2412 4959 2512 5026 τῆς
2541 4958 2708 5025 μονῆς
2740 4955 2894 5026 παρὰ
2922 4954 3151 5024 γνώμην
3186 4954 3283 5007 τοῦ
3316 4955 3643 5019 ἐπισκόπου,
3704 4957 3832 5009 οὐδὲ
3884 4957 3995 5009 ἓτε-

2420 5064 2510 5116 ρον
2551 5042 2664 5099 ἀνθ’
2702 5045 2895 5099 ἑαυτοῦ
2940 5046 3247 5115 ἡγούμενον
3284 5044 3764 5116 προχειρίζεσθαι.
3796 5048 3861 5100 Et
3894 5050 3995 5117 γὰρ

2418 5136 2485 5189 τὰ
2534 5134 2845 5206 ἀνθρώποις
2888 5134 3212 5205 δωρούμενα
3263 5135 3447 5188 οὐκέτι
3502 5135 3771 5196 ἀναιτίως
3810 5135 3994 5204 ἁςρελέη

2401 5230 2545 5283 ’σοαι
2577 5234 2605 5284 ὁ
2633 5231 3021 5301 δωί.ησάμενος
3056 5230 3302 5293 δύναται,
3329 5229 3430 5301 τὴν
3463 5228 3800 5282 δεσποτείαν
3826 5230 3995 5296 τούτῳ

2414 5323 2500 5392 ἐφ’
2564 5322 2751 5392 ἕτερον
2780 5323 2873 5390 ἀφ’
2916 5321 3113 5376 ἑαυτοῦ
3167 5320 3443 5392 μεταθεὶς,
3478 5320 3594 5382 πῶς
3644 5320 3721 5373 τὰ
3771 5320 3859 5390 τῷ
3886 5321 3994 5388 Θεῴ

2414 5416 2817 5484 ἀνατεθειμένα
2868 5416 3207 5485 ὑφαρπάσει,
3268 5415 3366 5466 καὶ
3410 5408 3567 5474 αὖθις
3624 5415 3770 5482 πρὸς
3805 5414 3994 5466 ἑαυτὸν

2413 5508 2782 5560 ἐπισπάσεται
2811 5508 2909 5578 τὴν
2936 5507 3115 5561 αὐτῶν
3146 5506 3443 5577 κυριότητα
3472 5522 3487 5572 ;
3523 5505 3634 5558 Καὶ
3686 5505 3902 5576 βιϐλίον
3943 5507 3990 5558 6':

1966 5642 2150 5702 i‘luili.
2200 5644 2520 5724 lieteregii
2565 5652 2753 5709 nolte.

814 5790 920 5862 iit-7;
954 5787 1105 5852 Πρὸς
1142 5789 1367 5855 τιύτοίς
1401 5788 1671 5860 ῖίνωσκίε..
1708 5787 1828 5844 llzcc
1864 5804 2034 5860 usque
2060 5790 2124 5846 ad
2151 5788 2304 5843 linem

2407 5791 2520 5861 aius
2578 5792 3046 5862 interpretationis
3119 5794 3178 5848 in
3265 5792 3453 5849 codice
3542 5792 3987 5848 Amerbachiano

742 5858 1140 5912 acsEtlcrantur.
