4166 6438
106 410 248 474 1013

1259 411 1337 469 IN
1370 412 1535 470 CAN.
1577 413 1629 468 ll
1678 413 1888 473 CHNL'.
1931 414 2133 474 (ΣίὈῐ⁴⁹

3226 408 3363 471 ιοιι

100 530 211 582 τῶν
238 523 548 577 Βασιλικῶν
574 520 636 589 δ’,
663 521 767 575 τίτ.
794 521 864 584 α’,
897 522 1191 589 κεφάλαιον
1217 524 1288 587 α’,
1313 526 1480 594 ἤγουν
1507 524 1694 591 Νεαίιᾶ

1818 540 2007 594 apere,
2040 527 2280 591 atquein
2312 541 2503 579 eorum
2552 523 2954 590 [DOSSQ'SSiOIlCIﬂ
3007 535 3128 574 sese
3176 535 3365 570 rursus

99 628 163 680 ε’,
211 619 351 687 ιἰιιερῖ⁸
386 620 684 688 οἰκοδομῆς
723 621 1112 688 μοναστηρίων
1143 618 1414 684 θεσπίζει,
1473 619 1569 671 καὶ
1617 619 1694 688 βι-

98 715 258 767 6λίον
293 713 358 780 ε’,
393 714 569 778 τίτλος
602 713 669 786 β’,
706 715 1000 783 κεφάλαιον
1033 715 1112 769 ιδ’.

101 981 336 1035 ΛΡΙΣΤ.
403 1001 422 1032 ι
474 981 629 1051 Παρὰ
685 982 915 1052 γνώμην
978 980 1072 1034 τοῦ
1155 981 1462 1035 ἐπισκόπου
1508 982 1698 1051 μηδενὶ

189 1097 205 1124 ‹
276 1073 488 1138 ἐξέστω
524 1075 889 1144 μοναστήριον
918 1074 1226 1145 οἰκοδομεῖν
1246 1088 1260 1103 ⁶
1293 1073 1492 1133 εἰδότος
1521 1073 1578 1126 δὲ
1611 1077 1701 1127 καὶ

189 1186 207 1216 ι
261 1167 435 1236 εὐχὴν
459 1165 762 1229 τελοῦντος,
793 1167 855 1218 τὸ
879 1165 1097 1220 κτισθὲν
1124 1167 1264 1235 μετά
1283 1165 1393 1218 τῶν
1414 1165 1562 1234 αὐτῴ
1589 1167 1703 1220 δια-

185 1279 203 1308 ι
265 1258 547 1327 φερόντων
571 1258 774 1328 βρεϐίῳ
795 1259 1180 1328 ὲγγραφέσθω,
1206 1261 1301 1313 καὶ
1329 1261 1393 1330 τῇ
1428 1261 1701 1330 ἐπισκοπῇ

182 1372 200 1392 ε
256 1352 811 1432 ἐναποτιθέσθωχκαὶ
843 1354 993 1423 παρὰ
1024 1350 1249 1421 γνώμην
1281 1353 1373 1405 τοῦ
1402 1354 1702 1408 ἐπισκόπου

189 1463 207 1491 ιι
267 1445 347 1512 μὴ
370 1445 578 1509 ἐξέστω
596 1443 674 1512 τῷ
698 1442 945 1497 κτίσαντι
976 1444 1008 1514 ἦ
1039 1445 1449 1514 ήγουμενεύειν,
1480 1445 1511 1515 ἢ
1538 1444 1705 1515 ἡγοῦ·

190 1553 208 1581 ι
267 1550 435 1601 μενον
466 1535 664 1586 ποιεῖν.
713 1551 732 1584 ι

742 1717 978 1769 ΚΛΝΩΝ
1019 1718 1092 1772 Β’.

202 1807 430 1876 Ἐπειδὴ
463 1825 608 1871 τινες
641 1808 730 1860 τὸν
767 1809 979 1878 μονήρη
1049 1810 1162 1878 βίον
1215 1811 1544 1864 ὑποδύεσθαι
1577 1831 1708 1883 σχη-

191 1915 212 1948 ‹
267 1899 616 1966 ματίζονται,
650 1902 747 1970 οὑχ
771 1902 860 1954 ἴνα
891 1903 1011 1971 Θεῷ
1041 1902 1298 1972 καθαρῶς
1321 1904 1701 1964 δουλεύσωσιν,

197 2008 212 2036 ι
272 1989 394 2041 ἀλλ’
421 1991 510 2044 ῖνα
537 1993 600 2061 τῇ
640 1992 934 2062 σεμνότητι
966 1991 1059 2046 τοῦ
1113 1995 1393 2064 σχήματος
1423 1995 1580 2060 δόξαν
1622 1999 1708 2048 εξ-

195 2102 213 2130 ι
268 2081 492 2144 λαόείας
521 2085 892 2152 προσλάὸωσι,
929 2087 1026 2138 καὶ
1050 2085 1160 2137 τῶν
1211 2087 1429 2140 οἰκείων
1457 2088 1708 2140 ἐντεῦθεν

195 2196 215 2226 ι
257 2176 467 2245 ἡδονῶν
506 2179 740 2244 ἄφθονον
791 2180 1070 2249 εὑρήσωσι
1110 2181 1207 2248 τὴν
1233 2181 1535 2234 ἀπόλαυσιν
1577 2182 1709 2246 (τῶν

196 2286 215 2318 ι
270 2267 478 2337 τριχῶν
507 2267 615 2338 γάρ
654 2269 824 2338 μόνην
851 2271 952 2338 τὴν
981 2269 1255 2339 ἀποϐολὴν
1285 2271 1619 2338 ποιούμενοι,
1653 2273 1710 2322 ἐν

199 2379 216 2408 ι
272 2359 384 2420 τοῖς
417 2359 638 2421 οἰκείοις
661 2359 832 2422 οἴκοις
855 2361 1274 2430 παρεδρεύουσι,
1305 2362 1574 2429 μηδεμίαν
1602 2363 1710 2414 τῶν

197 2471 216 2498 ι
273 2451 527 2518 μοναχῶν
553 2453 998 2520 ἀποπληροῦντες
1027 2454 1408 2525 ἀκολουθίανῆ
1441 2458 1710 2508 κατάστα-

202 2563 220 2592 ι
272 2542 401 2606 σιν)·
431 2541 632 2611 ὥρισεν
666 2545 697 2612 ἡ
731 2546 861 2612 ἁγία
902 2545 1120 2609 σύνοδος
1158 2547 1362 2616 μηδένα
1391 2542 1500 2600 τ’ὦν
1533 2549 1708 2600 ἀπάν-

200 2655 219 2682 ι
273 2651 382 2685 των
411 2633 505 2686 τοῦ
549 2635 845 2703 μοναχικοῦ
876 2639 1157 2708 σχήματος
1189 2639 1372 2704 ἀξιοῦν
1409 2643 1538 2694 ἄνευ
1563 2660 1707 2712 παρ-

197 2744 216 2775 α
273 2725 465 2787 ουσίας
520 2726 614 2778 τοῦ
663 2727 968 2793 ὀφείλοντος
1026 2731 1190 2784 αὐτὸν
1272 2735 1352 2796 είς
1426 2735 1708 2804 ὑποταγὴν

209 2836 228 2865 ι
279 2816 659 2886 ἀναδέχεσθαι,
693 2820 787 2870 καὶ
817 2821 916 2890 τὴν
945 2821 1031 2873 ἐπ’
1087 2823 1236 2892 αὑτῷ
1269 2827 1567 2895 ἠγεμονίαν
1619 2831 1710 2880 καὶ

201 2925 220 2955 c.
273 2908 373 2974 τῆς
396 2909 636 2976 ψυχικῆς
666 2910 829 2962 αὑτοῦ
855 2913 1128 2982 σωτηρίας
1151 2916 1250 2983 τὴν
1272 2916 1524 2988 πρόνοιαν
1544 2923 1711 2988 ὲπαγ-

207 3021 225 3044 ο
278 3000 588 3067 γέλλεσθαι,
623 3002 813 3072 ἀνδρὸς
840 3004 990 3068 ὄντος
1020 3007 1261 3076 δηλονότι
1285 3009 1587 3076 θεοφιλοῦς,
1618 3017 1711 3065 καὶ

206 3115 224 3138 ι
279 3094 449 3160 μονῆς
487 3098 910 3166 προεστηκότος,
946 3099 1040 3152 καὶ
1066 3101 1249 3153 ίκανοῦ
1295 3101 1489 3166 σώζειν
1531 3104 1710 3174 ψυχὴν

283 3185 483 3252 ἀρτίως
506 3185 584 3252 τῷ
610 3187 732 3256 Θεῷ
763 3191 1206 3260 προσαγομένην.
1243 3194 1303 3245 Εί
1335 3195 1389 3246 δέ
1423 3212 1504 3257 τις
1528 3214 1712 3266 φωρα-
1741 3219 1783 3276 C

284 3278 400 3342 θείη
429 3280 818 3349 ἁποκουρεύων
847 3285 966 3334 τινὰ
997 3283 1165 3353 χωρὶς
1192 3286 1492 3354 παρουσίας
1510 3287 1602 3341 τοῦ
1629 3291 1711 3351 είς

273 3368 553 3439 ὑποταγὴν
584 3371 748 3424 αὐτὸν
776 3373 1086 3441 ὀφείλοντος
1112 3375 1515 3445 ἀναλαμϐάνειν
1550 3382 1713 3447 ἡγου·

210 3480 228 3508 ι
288 3461 472 3526 μένου,
506 3461 701 3515 τοῦτον
726 3465 823 3535 μὲν
842 3465 1161 3535 καθαιρέσει
1186 3467 1716 3537 καθυποὸἀλλεσθαι,

207 3573 225 3601 ι
281 3552 355 3613 ὡς
391 3554 725 3608 ἀπειθοῦντα
761 3560 872 3619 τοῖς
909 3559 1119 3620 κανόσι,
1156 3564 1250 3612 καὶ
1282 3563 1380 3632 τὴν
1414 3564 1714 3634 μοναδικὴν

208 3664 226 3692 ε
279 3643 532 3708 εὐταξίαν
586 3646 908 3702 διαλύοντα·
983 3651 1073 3704 τὸν
1133 3653 1189 3706 δὲ
1234 3657 1564 3722 παραλόγως
1622 3662 1714 3712 καὶ

210 3755 229 3782 ε
283 3737 534 3799 ἀτάκτως
564 3737 1045 3809 άποκουρευθὲντα
1089 3746 1148 3795 ἐν
1198 3744 1446 3816 ὑποταγῇ
1480 3751 1574 3800 καὶ
1619 3768 1711 3818 μο-

212 3850 228 3877 ι
286 3831 585 3898 ναστηρίῳ,
619 3833 678 3883 ὲν
710 3825 753 3899 ᾧ
779 3834 844 3886 ἂν
872 3834 900 3884 ὁ
928 3835 1068 3887 κατᾶ
1094 3837 1182 3887 τὸν
1222 3837 1388 3891 τόπον
1416 3841 1714 3903 ἐπίσκοπος

213 3939 232 3968 ι
286 3919 590 3994 δοκιμάσῃ,
648 3924 1072 3993 παραδίδοσθαι.
1109 3928 1175 3981 Ai
1216 3929 1325 3997 γὰρ
1368 3930 1582 3996 ἄκριτοι
1622 3936 1717 3985 καὶ

211 4031 232 4061 ι
283 4013 602 4079 ἐπισφαλεῖς
641 4016 950 4085 ἀποκουραὶ
982 4022 1075 4070 καὶ
1104 4019 1163 4071 τὸ
1190 4022 1487 4090 μοναχικὸν
1529 4027 1716 4093 σχῆμα

210 4127 230 4156 ε
277 4105 585 4174 ἠτίμωσαν,
621 4109 715 4161 καὶ
745 4109 806 4161 τὸ
839 4111 933 4163 τοῦ
968 4114 1206 4182 Χριστοῦ
1243 4115 1414 4185 ὄνομα
1469 4115 1716 4187 βλασφη-

216 4216 235 4247 ι
285 4199 503 4264 μεῖσθαι
538 4207 928 4272 πεποιήκασιν.
966 4223 983 4255 ι

209 4289 406 4343 ΒΛΛΣ.
451 4291 516 4344 Ἥ
545 4293 604 4344 ἐν
635 4294 927 4365 ὑποκρίσει
976 4296 1240 4352 εὐλάϐεια
1265 4301 1517 4369 μεγάλως
1552 4320 1719 4355 κατα-

127 4384 393 4454 κρίνεται
429 4387 523 4437 καὶ
553 4387 642 4440 διά
676 4387 1056 4455 εὐαγγελικῶν
1100 4391 1266 4444 θείων
1317 4394 1721 4463 παραγγελμά-

127 4494 269 4536 των,
309 4480 402 4529 καὶ
439 4478 528 4531 διὰ
563 4480 855 4549 γραφικῶν
909 4483 1284 4552 παραδόσεων.
1318 4486 1488 4538 Φασὶν
1528 4486 1621 4540 οὖν
1666 4490 1717 4541 οί

1799 618 2080 671 insinuare
2111 616 2364 676 cuiquam
2398 615 2624 669 licebit?
2683 615 2756 666 De
2804 610 3150 666 tuonasteriis
3202 627 3366 680 pOl‘t'u

1799 705 2167 763 cxstrucudis.
2205 704 2344 758 libro
2373 720 2594 774 quoque
2633 702 2852 756 Basilic.
2890 711 3084 771 quarto
3117 742 3131 763 ,
3180 700 3263 753 tit.
3303 705 3316 752 I
3354 742 3365 759 .

1801 812 1924 865 cap.
1949 797 2147 865 primo,
2176 796 2274 849 hoc
2300 804 2402 858 est,
2427 794 2648 849 Novella
2677 792 2892 861 quinta,
2910 801 2962 846 et
2988 791 3127 849 libro
3152 790 3368 858 quinto,

1803 893 1890 946 tit.
1924 893 2191 944 secundo.
2223 900 2345 956 cap.
2380 889 2591 941 decimo
2626 893 2826 952 quarto
2861 885 3225 938 constitutum
3262 893 3366 935 cst.

1802 981 2030 1036 ARIST.
2086 999 2103 1032 ι
2157 978 2360 1033 Practer
2426 977 2664 1046 episcopi
2701 976 3046 1046 lsententiam
3101 983 3374 1027 monaste-

1880 1095 1899 1126 ‹
1936 1075 2074 1130 rium
2093 1085 2378 1129 exstruere
2396 1071 2596 1126 nemini
2620 1069 2797 1125 liccat.
2819 1069 2914 1122 lllo
2938 1075 3118 1122 autem
3147 1066 3372 1126 sciente,

1883 1190 1900 1221 ι
1940 1178 1994 1223 ct
2025 1185 2216 1239 preces
2243 1177 2555 1238 peragente,
2598 1173 2959 1227 exstructum,
2995 1177 3102 1220 una
3134 1176 3255 1214 cum
3309 1161 3376 1212 iis

1883 1281 1900 1313 ι
1939 1276 2060 1329 «pne
2092 1259 2159 1312 ad
2202 1259 2378 1326 ipsum
2409 1257 2706 1327 pertinent,
2734 1257 2786 1309 in
2813 1253 2966 1307 Brevi
2994 1250 3336 1306 describatur
3364 1290 3376 1308 ,

1887 1376 1903 1405 ι
1945 1363 2002 1407 et
2030 1353 2080 1405 in
2118 1351 2439 1420 episcopatu
2472 1358 2794 1418 reponatur.
2834 1345 2897 1398 Et
2954 1344 3053 1413 ipsi
3090 1342 3256 1396 etiam
3284 1357 3382 1392 ex-

1887 1469 1904 1498 (
1940 1445 2223 1507 structori,
2253 1445 2332 1498 vel
2358 1443 2612 1512 praefecto
2630 1457 2771 1504 esse,
2797 1439 2879 1492 vel
2902 1438 3218 1508 praefectum
3252 1450 3382 1488 cnn-

1887 1563 1902 1594 ι
1943 1544 2209 1604 stituere,
2246 1545 2446 1604 prazter
2499 1533 2742 1602 episcopi
2791 1530 3144 1593 sententiam,
3202 1544 3268 1582 ne
3319 1529 3383 1581 li-

1895 1653 1912 1684 t
1948 1641 2088 1688 ceat.
2131 1650 2149 1683 ι

2431 1714 2662 1773 CANON
2694 1716 2759 1770 ll.

1824 1838 1840 1869 ι
1880 1817 2153 1880 Quoniam
2197 1814 2445 1870 nonnulli
2489 1829 2551 1868 se
2587 1814 2771 1888 vitam.
2801 1812 3158 1865 monasticam
3201 1809 3384 1862 subire

1890 1929 1908 1959 ι
1944 1924 2053 1977 pra:
2081 1923 2140 1961 se
2171 1908 2372 1972 ferunt,
2400 1915 2598 1960 nonut
2631 1904 2739 1958 Deo
2797 1919 2929 1972 pure
2962 1904 3200 1956 serviant
3228 1943 3243 1965 ,
3291 1901 3384 1955 sed

1891 2023 1906 2052 ι
1947 2011 2005 2054 ιιι
2030 2009 2251 2070 propter
2277 2000 2495 2053 habitus
2527 1999 2867 2052 honestatem
2909 1997 3127 2066 pietatis
3175 1995 3381 2063 opinio-

1886 2114 1902 2142 ι
1943 2109 2068 2146 netu
2103 2101 2538 2159 consequantur,
2567 2099 2620 2144 et
2645 2107 2709 2144 ea
2749 2091 2963 2143 ratione
3020 2087 3256 2157 propriis
3293 2102 3386 2138 vo.

1891 2206 1907 2235 ι
1951 2185 2253 2254 lnptatibus
2287 2185 2453 2237 libere
2491 2183 2746 2236 fruantur
2775 2183 3056 2252 (solorum
3086 2183 3230 2233 enim
3255 2180 3390 2246 pilo-

1891 2296 1907 2326 ι
1948 2294 2064 2328 rum
2094 2277 2310 2346 jactura
2343 2275 2506 2337 facta,
2543 2273 2776 2342 propriis
2801 2272 3054 2325 domibus
3109 2270 3385 2331 assident,

1890 2389 1905 2416 ι
1951 2369 2154 2421 nullam
2182 2365 2502 2421 monasticae
2538 2364 2659 2418 vitae
2712 2363 3244 2417 administrationem
3303 2361 3382 2413 vel

1895 2482 1912 2513 ι
1950 2459 2397 2515 constitutionem
2431 2456 2753 2527 implentes)
2793 2475 2806 2508 :
2839 2456 3029 2510 statuit
3078 2461 3266 2508 sancta
3301 2467 3388 2522 sy-

1894 2576 1910 2606 ι
1950 2555 2148 2620 nodus,
2184 2568 2252 2607 ne
2278 2553 2422 2606 ullus
2453 2550 2678 2604 omnino
2711 2549 3013 2602 monastico
3066 2547 3254 2600 habitu
3308 2548 3390 2596 di—

1893 2668 1911 2697 ι
1953 2664 2092 2714 guns
2126 2655 2435 2708 censeatur,
2468 2645 2585 2697 sine
2613 2643 2900 2712 praesentia
2958 2642 3079 2708 ejus
3109 2641 3203 2707 qui
3240 2640 3389 2692 illutn

1893 2761 1910 2791 ι
1946 2740 2107 2794 debet
2137 2740 2200 2793 ad
2229 2738 2595 2791 obedientiam
2622 2736 2924 2800 suscipere,
2949 2744 3002 2786 et
3026 2749 3085 2785 se
3114 2733 3389 2801 principa-

1894 2849 1911 2878 ι
1951 2841 2064 2882 tum
2111 2829 2162 2880 in
2199 2828 2348 2880 illum
2376 2826 2728 2879 obtenturum
2760 2834 2814 2877 et
2836 2824 2956 2891 ejus
2984 2825 3179 2875 animae
3199 2823 3390 2875 salutis

1894 2941 1911 2970 ι
1950 2929 2135 2975 curam
2170 2931 2452 2988 gesturum
2486 2917 2726 2986 proﬁteri
2758 2956 2771 2976 ,
2799 2917 2890 2985 qni
2920 2917 3127 2970 scilicet
3177 2925 3261 2968 est
3315 2917 3392 2967 vir

1897 3033 1912 3062 ι
1956 3013 2097 3079 pius,
2134 3019 2186 3063 et
2244 3017 2442 3078 praeest
2480 3009 2838 3070 monasterio,
2873 3017 2925 3060 et
2958 3017 3038 3060 est
3072 3007 3302 3060 idoneus
3326 3007 3390 3057 ad

1894 3124 1909 3153 ι
1949 3105 2271 3158 servandam
2302 3102 2540 3155 animam
2568 3117 2687 3168 quae
2717 3100 2877 3152 modo
2912 3100 3018 3151 Deo
3053 3098 3299 3151 oﬂ‘ertur.
3336 3097 3389 3149 Si

1896 3216 1913 3246 ι
1955 3198 2078 3264 quis
2110 3208 2291 3248 autem
2318 3194 2688 3263 deprehensus
2708 3194 2866 3246 fuerit
2890 3193 3122 3260 aliquem
3143 3192 3390 3250 tondere,

1900 3309 1915 3338 ι
1957 3291 2077 3342 sine
2110 3287 2396 3356 pricsentia
2430 3285 2694 3353 przel'ecti,
2732 3285 2822 3353 qui
2886 3285 3062 3352 ipsum
3111 3285 3270 3336 debet
3327 3283 3390 3332 ad

1899 3401 1916 3430 ι
1960 3379 2328 3434 obedientiam
2358 3381 2660 3446 suscipere,
2697 3379 2785 3432 ille
2817 3378 3034 3443 quidem
3067 3376 3388 3442 depositioni

1897 3490 1914 3521 ι
1951 3470 2278 3537 subjiciatur
2329 3480 2387 3524 ut
2415 3470 2506 3537 qui
2539 3471 2845 3523 canonibns
2899 3482 3003 3520 non
3061 3475 3244 3534 pareat
3273 3509 3285 3528 ,
3345 3479 3388 3520 et

1893 3583 1910 3613 ι
1953 3563 2318 3618 monasticum
2350 3561 2598 3616 ordinem
2628 3564 2762 3615 bene
2794 3563 3156 3627 cniuposituin
3194 3561 3386 3613 dissol-

1893 3676 1909 3706 ι
1955 3666 2038 3708 vat
2079 3675 2091 3709 :
2134 3655 2226 3725 qui
2266 3670 2394 3708 vero
2429 3655 2738 3709 inordinate
2773 3663 2825 3706 et
2884 3662 3078 3721 praeter
3128 3654 3393 3706 rationem

1899 3770 1916 3799 ι
1959 3758 2153 3803 tonsus
2208 3759 2313 3810 est,
2345 3748 2398 3799 in
2429 3747 2822 3811 subjectiouetn
2854 3746 3016 3798 etiam
3044 3746 3096 3796 in
3124 3756 3396 3798 monaste-

1864 3843 1916 3888 ἰ
1956 3841 2060 3902 rio,
2094 3840 2287 3907 inquo
2336 3837 2482 3891 illius
2522 3838 2623 3890 loci
2689 3835 2983 3904 cpiscopus
3035 3835 3227 3888 inclitis
3277 3852 3394 3890 esse

1902 3953 1918 3982 ι
1955 3931 2192 3994 duxerit,
2219 3930 2487 3984 tradatur.
2524 3930 2675 3984 Citra
2716 3929 2985 3997 judicium
3043 3929 3186 3982 enim
3247 3927 3396 3982 facta:

1900 4046 1915 4075 ι
1959 4037 2010 4078 et
2053 4025 2356 4078 temeraria!
2390 4034 2629 4075 tonsnrm
2660 4022 3018 4074 tuonasticnnt
3053 4038 3268 4089 quoque
3297 4023 3396 4073 ha-

1899 4137 1915 4168 ι
1957 4117 2124 4169 hitutn
2161 4114 2456 4183 ignominia
2482 4113 2802 4172 atTecernnt,
2831 4122 2884 4164 et
2911 4154 2923 4175 ,
2963 4125 3019 4164 ιιι
3053 4114 3258 4167 Christi
3294 4129 3391 4165 no-

1900 4229 1915 4258 ι
1959 4224 2080 4261 men
2113 4207 2469 4274 blasphemiis
2504 4214 2874 4272 appetcrctur,
2906 4204 3225 4258 effecerunt.
3275 4223 3293 4255 ι

1894 4301 2085 4355 llALS.
2150 4299 2296 4353 Fit-ta
2356 4300 2528 4366 pictas
2590 4307 2642 4351 et
2699 4296 3030 4366 evangelicis
3089 4298 3395 4366 divinisque

1822 4395 2110 4465 pra’ceptis
2142 4404 2189 4446 et
2225 4394 2523 4459 Scriptura:
2562 4392 2950 4445 traditionibus
2990 4391 3148 4445 valde
3195 4392 3393 4444 condc-

1825 4498 2063 4542 tnnatur.
2106 4487 2298 4541 Dicunt
2333 4501 2462 4554 ergo
2497 4484 2683 4538 Patres
2720 4526 2732 4545 .
2770 4484 2917 4554 quod
2947 4486 3205 4552 quoniam
3264 4501 3392 4538 non-

130 4568 383 4636 Πατέρες
413 4568 510 4633 ὡς,
570 4572 693 4624 ἐπεί
747 4591 893 4636 τινες
945 4575 1230 4629 εὐλάϐειαν
1299 4578 1717 4649 ὑποκρινόμενοι

1826 4581 1957 4633 nulli
1987 4583 2240 4647 pietatem
2266 4579 2531 4647 tingentes
2563 4576 2726 4629 vitam
2759 4579 3111 4631 monasticam
3143 4578 3393 4641 subeunt,

131 4661 556 4732 ὑπεισέρχονται
586 4667 676 4719 τὸν
701 4669 913 4738 μονήρη
949 4669 1087 4738 βίον,
1115 4671 1174 4721 οὑ
1203 4670 1292 4724 διὰ
1329 4673 1429 4740 τὴν
1457 4669 1548 4727 τοῦ
1581 4674 1716 4726 Θεοῦ

133 4752 390 4820 ἐντολὴν,
424 4754 559 4806 άλλὰ
593 4757 681 4809 διὰ
713 4758 812 4828 τὴν
844 4761 1152 4814 ἀπόλαυσιν
1190 4763 1299 4814 τῶν
1342 4765 1561 4817 οίκείων
1603 4766 1721 4833 ἡδο-

133 4842 270 4905 τῶν,
302 4845 394 4896 καὶ
426 4847 511 4899 ἵνα
537 4849 644 4902 ἀπὸ
668 4851 830 4918 μόνου
861 4853 956 4904 τοῦ
989 4854 1145 4920 ἁγίου
1175 4855 1452 4925 σχήματος
1478 4858 1722 4926 σεμνῶν-

133 4952 230 4991 ται
262 4936 556 5013 (κάθηνται
595 4943 706 5013 γὰρ
738 4945 831 4995 καὶ
869 4946 1007 5014 μετὰ
1034 4945 1130 5016 τὴν
1161 4948 1477 5017 άπόκαρσιν
1509 4954 1590 5012 είς
1624 4953 1721 5014 τὰς

140 5034 416 5100 κοσμικὰς
474 5035 753 5096 κατοικίας
804 5035 1030 5103 αὐτῶν),
1097 5039 1271 5106 χρεών
1336 5042 1450 5092 ἐστι
1518 5042 1722 5111 μηδένα

141 5130 298 5194 παρά
331 5143 474 5187 τινος
526 5127 941 5192 ἀποκείρεσθαι,
1005 5131 1051 5179 εί
1095 5132 1172 5198 μὴ
1227 5131 1368 5184 κατὰ
1418 5136 1721 5202 παρουσίαν

147 5219 246 5269 τοῦ
281 5219 589 5281 ὀφείλοντος
622 5219 788 5271 αὐτὸν
837 5221 1199 5282 ἀναδέξασθαι
1247 5226 1574 5293 ἡγουμένου,
1622 5227 1716 5278 καὶ

147 5311 440 5378 μέλλοντος
477 5311 777 5377 ,,ατατάξαι
812 5315 878 5380 τῇ
931 5313 1251 5383 ἀδελφότητι
1315 5316 1409 5368 τοῦ
1446 5335 1719 5386 μοναστησν

147 5402 266 5469 ρίου
295 5401 480 5453 αὐτοῦ.
516 5400 573 5452 'U
598 5401 652 5453 δὲ
671 5405 823 5469 παρὰ
845 5404 942 5473 τὴν
977 5406 1241 5475 διαταγὴν
1261 5408 1466 5469 ταύτην
1489 5413 1721 5474 ποιήσας

143 5489 455 5557 ἀπόκαρσιν
489 5489 858 5560 καθαιρείσθω
884 5509 897 5521 ·
933 5497 1026 5544 καὶ
1079 5499 1106 5544 ὁ
1136 5497 1435 5564 ἁποκαρεὶς
1474 5501 1551 5560 είς
1589 5502 1720 5553 (mov-

148 5587 326 5652 ταγὴν
349 5583 444 5634 τοῦ
481 5584 846 5653 μοναστηρίου
890 5586 1255 5656 παραδοθήτω
1310 5590 1450 5642 κατὰ
1496 5593 1724 5660 δοκιμα-

145 5676 280 5727 σίαν
333 5674 425 5727 τοῦ
462 5675 789 5737 ἐπισκόπου,
827 5677 911 5728 ἵνα
961 5677 1035 5745 μὴ
1086 5679 1149 5728 ὲκ
1201 5680 1295 5729 τοῦ
1340 5680 1564 5746 βλέπειν
1596 5685 1720 5745 τοὺς

144 5770 412 5831 ἀπίστους
443 5771 508 5822 τὰ
559 5771 786 5838 τοιαῦτα
824 5773 1148 5842 τολμήματα
1200 5774 1584 5844 βλασφημῆται
1624 5781 1722 5844 μὲν

142 5865 201 5916 τὸ
234 5863 326 5914 τοῦ
355 5863 593 5932 Χριστοῦ
625 5863 816 5932 ὄνομα,
873 5866 1208 5929 ἁτιμὰιζηται
1252 5867 1306 5919 δὲ
1337 5869 1425 5919 καὶ
1464 5868 1523 5918 τὸ
1566 5869 1721 5924 ἆγιον

1824 4688 1932 4725 non
1965 4680 2184 4739 propter
2217 4670 2307 4723 Dei
2349 4669 2682 4726 mandatum.
2718 4669 2810 4722 sed
2847 4678 2904 4720 ut
2956 4669 3071 4724 suis
3109 4669 3392 4738 voluptati-

1825 4762 1925 4814 bus
1960 4761 2234 4822 fruantur,
2268 4768 2323 4812 et
2357 4769 2413 4810 ut
2447 4774 2504 4812 se
2535 4759 2652 4810 solo
2685 4766 2873 4811 sancto
2907 4758 3092 4811 habitu
3126 4760 3395 4812 venditem

1825 4853 2058 4921 (sedent
2096 4852 2240 4906 enim
2273 4892 2286 4914 ,
2316 4852 2479 4904 etiam
2514 4857 2806 4919 postquam
2861 4853 3007 4905 tonsi
3065 4850 3307 4914 fuerint,
3347 4852 3395 4904 in

1825 4946 2180 4999 srecularibus
2217 4950 2330 4998 suis
2364 4944 2842 5011 habitationibus),
2885 4944 3156 4997 neminem
3188 4951 3395 5011 Oportet

1824 5039 1892 5091 ab
1933 5038 2045 5090 ullo
2073 5038 2305 5100 tonderi,
2334 5037 2494 5106 335
2528 5037 2634 5091 nisi
2675 5041 2726 5091 in
2762 5035 3050 5105 prarsentia
3087 5036 3359 5102 pra‘pnsiti
3387 5077 3394 5096 ,

1823 5132 1914 5198 qui
1951 5131 2108 5184 debet
2140 5146 2258 5184 cum
2296 5133 2596 5197 suscipere,
2626 5134 2754 5185 etin
2793 5129 3106 5183 monasterii
3159 5128 3245 5182 sui
3289 5127 3394 5180 fra~

1827 5224 2138 5279 ternitatctn
2179 5225 2354 5292 ipsum
2384 5232 2701 5291 recepturus
2729 5231 2836 5278 est.
2861 5222 2964 5286 Qui
2993 5230 3174 5275 autem
3212 5233 3391 5289 praeter

1826 5319 1967 5370 hanc
1999 5316 2449 5370 constitutionem
2482 5324 2762 5370 tonsuram
2795 5315 3005 5378 fecerit,
3044 5315 3348 5382 deponatur
3380 5330 3392 5365 :

1826 5424 1876 5464 et
1903 5411 1997 5478 qni
2033 5420 2226 5464 tonsus
2260 5419 2344 5463 est
2372 5409 2423 5461 in
2461 5409 2775 5462 monasterii
2841 5408 3232 5470 subiectionem
3284 5418 3389 5459 tra-

1825 5503 2009 5567 datur,
2043 5512 2100 5555 ut.
2128 5503 2420 5568 episcopus
2458 5501 2647 5554 melius
2668 5499 3109 5567 cssejudicabit;
3140 5515 3205 5552 ne
3228 5514 3289 5552 ex
3310 5515 3390 5558 eo.

1824 5596 1966 5656 quod
2003 5595 2246 5646 inﬁdeles
2280 5594 2565 5646 temeraria
2618 5593 2886 5659 ejusmodi
2949 5592 3085 5644 facta
3137 5592 3389 5653 videant,

1823 5687 2025 5738 Christi
2055 5684 2274 5752 quidem
2315 5700 2510 5737 nemon
2551 5684 2903 5751 blasphemiis
2932 5692 3237 5750 appetatur,
3267 5698 3387 5735 sau-

1826 5787 1951 5830 ctus
1986 5792 2203 5843 quoque
2242 5777 2460 5829 habitus
2493 5774 2782 5844 ignominia
2836 5774 3115 5826 alliciatnr.
3168 5773 3228 5824 Et
3285 5776 3381 5826 hau

1829 5871 2037 5940 npuden'
2078 5869 2292 5938 quando
2330 5870 2448 5938 qui;
2485 5882 2577 5935 per
2617 5867 2946 5937 turpem-mini
2987 5876 3176 5919 tonsus
3214 5867 3371 5914 t‘nmit
