4166 6438
128 398 261 463 1021

199 627 220 660 ‹
269 610 401 680 χοὺς
431 613 715 681 ὑποδίκους
757 623 920 674 ποιεῖ.
971 641 990 674 ι

192 879 394 937 ΒΑΛΣ.
429 883 509 936 Τὰ
545 885 634 939 διὰ
659 888 756 957 τὴν
783 891 982 943 κακίαν
1009 895 1099 945 καὶ
1149 892 1250 964 τὴν
1301 896 1545 949 ἐπίθεσιν
1590 898 1698 950 τῶν

120 973 502 1044 εἰκονομάχων
555 983 905 1049 συμπεσόντα
941 985 1089 1037 δεινὰ
1121 990 1231 1047 τοῖς
1267 991 1522 1058 μοναχοῖς
1569 990 1698 1042 ἐπο-

122 1065 381 1120 νείδιστον
407 1073 780 1140 ἀπειργάσατο
806 1077 864 1128 τὸ
909 1080 1202 1147 μοναχικὺν
1235 1081 1529 1148 σεϐάσμιον
1566 1084 1701 1151 σχῆ-

121 1173 219 1221 μα,
254 1161 422 1227 φησὶν
446 1165 474 1215 ὁ
501 1166 699 1219 κανών.
733 1169 1040 1222 Κατέλιπον
1067 1171 1176 1240 γὰρ
1217 1173 1316 1235 τὰς
1361 1173 1496 1234 ἰδίας
1530 1175 1698 1243 μονὰς

117 1250 164 1298 οἱ
203 1253 539 1318 μονάζοντες
567 1257 656 1311 διὰ
701 1259 800 1330 τὴν
829 1262 940 1315 τῶν
968 1264 1266 1333 αἱρετικῶν
1299 1268 1528 1339 ἀπειλήν
1561 1286 1574 1301 ·
1607 1272 1698 1322 καὶ

115 1345 164 1394 οἰ
200 1346 304 1412 μὲν
351 1349 428 1412 εἰς
456 1350 644 1421 ἕτερον
675 1357 978 1421 μετέπεσον
1009 1363 1394 1432 μοναστήριον,
1429 1366 1478 1416 οἰ
1520 1365 1575 1415 δὲ
1616 1367 1696 1429 εἰς

115 1440 362 1506 κοσμικὰ
392 1444 696 1499 κατέλυσαν
725 1450 1062 1519 καταγώγια.
1105 1455 1214 1508 Καὶ
1249 1457 1369 1508 τότε
1405 1457 1504 1524 μὲν
1537 1459 1696 1510 ἀνεύ-

117 1528 281 1582 θυνον
313 1533 530 1603 ὑπῆρχε
562 1537 621 1589 τὸ
647 1541 962 1606 γενόμενον.
1009 1547 1312 1614 κατήντησε
1347 1548 1402 1600 δὲ
1429 1549 1586 1601 τοῦτο
1617 1553 1697 1612 εἰς

114 1623 338 1687 γέλωτα
374 1630 485 1689 τοῖς
537 1630 775 1694 πολλοῖς.
827 1635 1134 1703 Παυθείσης
1164 1639 1274 1708 γὰρ
1318 1639 1419 1708 τῆς
1460 1642 1566 1694 ἀπὸ
1602 1644 1694 1696 τοῦ

110 1713 362 1784 διωγμοῦ
395 1718 504 1771 τῶν
529 1721 875 1785 Χριστιανῶν
903 1726 1153 1797 ἀπειλῆς,
1197 1729 1286 1782 διὰ
1326 1731 1387 1784 τὸ
1435 1732 1695 1802 ύφαπλω-

1323 424 1402 483 l-.\'
1439 426 1607 485 CAN.
1659 426 1732 485 ιν
1779 425 1987 487 CONC.
2024 429 2226 491 CPOL.

197 535 216 568 ι
264 517 425 572 τοῦτο
451 521 574 576 οὔτε
599 525 726 588 τοὺς
752 525 1184 600 ὑποδεχομένους
1213 533 1337 589 οὔτε
1370 539 1494 600 τοὺς
1537 557 1702 608 μονα·
1733 540 1774 596 Α

3244 433 3376 496 1022

1893 561 1910 592 ι
1980 560 2168 599 eorum
2228 547 2321 616 qui
2389 548 2697 602 inhabitant
2757 547 3011 612 salutem,
3087 549 3376 604 traducere

1884 652 1900 683 ι
1941 638 2234 701 censuerit,
2270 637 2351 692 vel
2384 638 2435 691 in
2462 640 2657 706 quovis
2684 639 2790 691 alio
2828 640 2946 693 loco
2983 641 3376 709 prmponcndos

1884 748 1898 779 ι
1952 732 2178 797 putarit,
2223 734 2326 786 hoc
2375 748 2552 801 neque
2605 749 2698 787 eos
2745 733 2836 802 qni
2894 734 3226 803 suscipiunt,
3275 750 3374 786 nec

1878 839 1897 870 ι
1932 823 2075 889 ipsos
2108 825 2406 879 monachos
2444 827 2714 878 obnoxios
2742 825 2950 880 reddet.
2996 845 3014 878 ι

1873 914 2072 972 BALS.
2103 917 2235 982 Quae
2265 929 2486 987 propter
2525 919 3019 972 lconomachorum
3051 918 3372 986 improbita-

1802 1017 1982 1061 temet
2011 1010 2269 1064 insultum
2307 1014 2447 1065 mala
2492 1013 2774 1079 rrumachis
2811 1012 3154 1074 acciderant,
3184 1029 3372 1066 mona-

1801 1103 1994 1157 sticum
2054 1103 2420 1158 venerandum
2489 1105 2731 1158 habitum
2802 1106 3125 1172 probrosum
3176 1101 3372 1156 eﬂ'ccc-

1801 1204 1944 1258 runt,
1982 1203 2040 1247 ιιι
2070 1195 2245 1261 inquit
2271 1211 2471 1250 canon.
2503 1196 2752 1250 Monachi
2777 1197 2919 1250 enim
2948 1196 3161 1264 propria
3189 1210 3376 1247 mona-

1801 1289 1968 1340 SIeria
2005 1289 2368 1357 reliquerunt,
2405 1301 2627 1358 propter
2655 1290 2833 1343 minas
2863 1289 3243 1341 lnereticorunt
3280 1305 3292 1338 :
3321 1294 3376 1338 et

1801 1379 1889 1431 alii
1924 1379 2141 1447 quidem
2182 1397 2241 1434 se
2276 1381 2329 1434 in
2362 1382 2464 1434 alia
2509 1382 2834 1433 monasteria
2864 1379 3234 1440 contulerunt,
3283 1382 3374 1432 alii

1801 1485 1929 1523 vero
1962 1470 2015 1523 in
2072 1473 2362 1524 mundanis
2409 1471 2740 1525 habitaculis
2791 1471 2954 1523 vitam
3001 1481 3250 1538 egerunt.
3307 1471 3371 1521 lit

1802 1575 1930 1616 tunc
1981 1563 2220 1632 quidem,
2272 1563 2416 1632 quod
2469 1564 2536 1617 ab
2586 1564 2663 1616 eis
2730 1562 2911 1623 ﬁebat,
2941 1571 3059 1614 erat
3112 1561 3179 1613 ab
3228 1562 3374 1613 omni

1802 1656 1960 1724 culpa
1995 1665 2050 1709 ct
2075 1656 2505 1724 reprehensione
2534 1656 2768 1708 aliemnn
2802 1671 2815 1707 :
2851 1653 3024 1708 evasit
3053 1662 3233 1706 autem
3276 1652 3378 1704 hoc

1800 1759 1984 1814 postea
2037 1749 2228 1803 multis
2289 1749 2601 1802 ridiculum.
2650 1746 2784 1801 Cum
2835 1747 2979 1800 enim
3036 1743 3376 1799 cessaverint

113 1807 280 1874 θῆναι
313 1809 412 1879 τὴν
443 1812 775 1879 ὀρθοδοξίαν,
797 1817 940 1878 τινὲς
966 1817 1076 1870 τῶν
1102 1823 1352 1890 μοναχῶν
1375 1823 1694 1892 ἀνερυθριά-

1801 1842 1957 1896 minue
2010 1857 2132 1912 qua:
2190 1841 2244 1895 in
2298 1840 2644 1896 Christianos
2697 1839 3110 1893 intentabantur
3155 1845 3376 1906 propter

114 1916 262 1963 στως
297 1903 539 1973 τολμῶσι
573 1909 748 1959 ποιεῖν
794 1907 937 1979 ἅπερ
963 1909 1048 1962 διὰ
1078 1911 1179 1981 τὴν
1206 1914 1453 1983 ἀνάγκην
1479 1916 1698 1969 ἀκινδύ-

116 2010 225 2056 νως
257 1995 508 2063 ἐγίνοντο
532 2002 686 2069 παρά
719 2020 905 2058 τινων.
937 2004 1026 2074 Τῷ
1052 2023 1131 2058 τοι
1164 2009 1256 2060 καὶ
1298 2011 1604 2078 ὑποχωρεῖν
1633 2011 1698 2064 ἐκ

110 2084 223 2134 τῶν
243 2086 468 2139 οἰκείων
497 2090 878 2159 ἀποκᾶρσεων,
902 2095 996 2146 καὶ
1022 2095 1172 2165 παρὰ
1199 2098 1322 2160 ταῖς
1347 2099 1533 2151 πόλεσι
1560 2102 1698 2169 μετὰ

111 2175 325 2228 λαῖκῶν
349 2178 645 2249 διατρίϐειν
677 2183 777 2235 οὐκ
809 2186 1189 2254 αἰσχύνονται,
1232 2191 1696 2260 προφασιζόμενοι

113 2270 209 2320 καὶ
257 2273 408 2337 παρὰ
443 2272 554 2325 τῶν
592 2275 696 2342 πρὸ
729 2275 910 2328 αὐτῶν
945 2280 1199 2347 μοναχῶν
1249 2280 1478 2335 τοιαῦτα
1524 2283 1698 2335 πολλὰ

110 2360 383 2426 γίνεσθαι.
449 2366 560 2417 Καὶ
616 2366 736 2418 ἐπεὶ
782 2368 940 2421 τοῦτο
984 2371 1350 2437 ἁνυποταξίας
1396 2376 1698 2445 κατηγορεῖ

111 2455 247 2517 τοὺς
289 2459 584 2525 μοναχοὺς,
615 2460 711 2512 καὶ
733 2459 832 2529 τὴν
871 2461 1214 2516 κατάστασιν
1266 2466 1378 2517 τῶν
1428 2483 1697 2536 μοναστη-

114 2546 247 2616 ρίων
283 2548 635 2618 λυμαίνεται,
665 2551 865 2620 ὥρισεν
897 2553 1318 2623 ἀφωρισμένους
1345 2553 1484 2610 εἰναι
1512 2558 1603 2611 τόν
1633 2576 1694 2611 τε

113 2641 225 2692 ἀπὸ
256 2641 356 2709 τῆς
390 2645 449 2695 ἐν
535 2645 844 2709 ἀπετάξατο
896 2648 1065 2716 μονῆς
1107 2649 1494 2718 ἀποδράσαντα
1528 2670 1695 2720 μονα-

111 2733 229 2802 χόν,
261 2735 354 2785 καὶ
385 2736 464 2796 εἷς
499 2735 684 2803 ἕτερον
705 2738 963 2806 δεχοέντα
993 2742 1376 2810 μοναστήριον,
1411 2743 1547 2795 ἀλλὰ
1586 2745 1696 2816 μὴν

111 2829 212 2879 καὶ
238 2828 331 2879 τὸν
366 2830 556 2882 τοῦτον
580 2831 874 2900 δεξάμενον
899 2833 1223 2902 ἡγούμενον,
1255 2834 1367 2887 ἔστ’
1403 2835 1468 2889 ἂν
1498 2837 1527 2890 ὁ
1557 2838 1694 2891 ἀπο-

113 2916 311 2986 φυγὼν
343 2920 572 2989 μοναχὸς
604 2921 921 2994 ὑποστρέψῃ
967 2925 1047 2986 εἰς
1094 2924 1191 2995 τὴν
1239 2925 1451 2980 οἰκείαν
1499 2929 1689 2999 μονήν.

109 3011 226 3062 Καὶ
273 3011 446 3064 ταῦτα
507 3013 622 3080 μὲν,
671 3015 799 3067 ὅταν
850 3016 1094 3069 τοιοῦτόν
1141 3036 1191 3071 τι
1239 3018 1464 3089 γένηται
1522 3023 1695 3092 χωρὶς

109 3104 484 3170 ἐπισκοπικῆς
515 3106 776 3174 εἰδήσεως
851 3110 899 3158 εἰ
930 3109 984 3160 δὲ
1015 3111 1041 3160 ό
1079 3110 1220 3162 κατά
1252 3111 1436 3180 χώραν
1466 3113 1694 3168 ὲπίσκο·

112 3209 218 3254 πος
251 3195 581 3263 κατανοήσει
633 3197 790 3263 τήνδε
841 3197 1046 3267 (τυχδν)
1082 3199 1180 3269 τὴν
1231 3201 1396 3272 μονὴν
1430 3204 1503 3274 μὴ
1551 3204 1698 3273 ἔχειν
1726 3197 1770 3258 C

113 3287 391 3356 povaxob;
413 3287 683 3352 εὐλαϐεῖς,
712 3290 931 3353 ἱκανοὺς
964 3292 1027 3344 ἐκ
1054 3292 1162 3344 τῶν
1193 3294 1409 3348 οἰκείων
1441 3297 1693 3366 πράξεων

116 3381 216 3430 καὶ
247 3379 444 3442 ἄλλους
478 3381 610 3449 πρὸς
639 3383 915 3452 σωτηρίαν
951 3390 1309 3453 μεταγαγεῖν,
1350 3393 1445 3440 καὶ
1473 3390 1700 3459 δοκιμά-

118 3488 205 3522 σει
258 3471 538 3540 συμφέρον
571 3468 711 3524 εἶναι
747 3476 1134 3545 μετενεχθῆναι
1163 3479 1310 3531 τόνδε
1339 3479 1433 3532 τὸν
1462 3482 1695 3550 μοναχὸν

110 3564 208 3632 ἀφ’
243 3560 309 3633 ἧς
352 3565 608 3636 ἀπεκάρη
649 3570 814 3638 μονῆς
842 3571 919 3632 εἰς
957 3570 1173 3641 ἑτέραν,
1205 3573 1236 3642 ἢ
1282 3573 1695 3643 ἐγκαταστῆσαι

109 3660 194 3720 εἰς
236 3659 507 3727 κοσμικὰς
548 3659 726 3723 οἰκίας
774 3662 1116 3732 οἰκονόμους,
1140 3664 1227 3719 διὰ
1273 3667 1548 3738 σωτηρίαν
1585 3671 1694 3721 τῶν

108 3750 523 3804 κατοικούντων
551 3753 609 3805 ἐν
635 3753 795 3823 αὐτῇ,
844 3755 875 3824 ἢ
929 3758 1021 3808 καὶ
1053 3755 1289 3827 ἀλλαχοῦ
1327 3777 1430 3812 που
1463 3761 1692 3814 ἐπιστα-

107 3846 301 3911 τῆσαι,
329 3846 616 3913 γενήσεται
649 3847 1327 3926 τοῦτορπαρεμποδίστως
1350 3867 1364 3883 ο
1420 3853 1557 3921 μήτε
1587 3854 1694 3905 τῶν

115 3934 371 4003 μοναχῶν
404 3936 540 4006 μήτε
573 3936 680 3988 τῶν
713 3937 1125 4006 ὑποδεχομένων
1149 3939 1345 4004 αὐτοὺς
1369 3941 1694 4007 ὀφειλόντων

113 4029 260 4090 ὅλως
285 4029 844 4099 προκριματισοῆναι.
880 4030 1097 4083 Τούτων
1129 4031 1302 4094 οὕτως
1336 4034 1586 4103 ἐχόντων,
1618 4029 1695 4086 εἶ-

120 4119 226 4171 πόν
255 4135 400 4180 τινες
432 4118 810 4172 ἐναντιοῦσθαι
831 4121 1004 4173 ταῦτα
1034 4124 1146 4184 τοῖς
1181 4121 1556 4176 θεσπισθεῖσιν
1589 4124 1692 4176 ὑπὸ

107 4210 211 4263 τοῦ
264 4215 318 4262 π’
395 4209 622 4272 κανόνος
675 4211 776 4279 τῆς
833 4212 891 4263 ὲν
935 4212 1263 4285 Καρθαγέπσῃ
1311 4217 1550 4279 συνόδου,
1598 4219 1694 4270 καὶ⁸

107 4301 507 4371 διοριζομένοις
557 4302 650 4354 τὸν
693 4303 932 4355 τοιοῦτόν
978 4321 1027 4356 τι
1068 4305 1331 4360 ποιοῦντα
1369 4309 1689 4372 ἐπίσκοπον,

108 4397 206 4449 καὶ
256 4395 667 4466 ὑποδεχόμενον,
701 4397 809 4449 ἀπὸ
856 4397 1137 4467 ἀλλοτρίου
1173 4401 1541 4470 μοναστηρίου
1595 4420 1690 4470 μοι

107 4488 294 4556 ναχὶν,
321 4490 414 4541 καὶ
442 4488 696 4541 ποιοῦντα
727 4489 888 4542 αὑτὸν
913 4488 1169 4559 κληρικὸν
1198 4490 1228 4560 ἦ
1259 4493 1688 4562 καθηγούμενον,

105 4580 221 4632 ἀπὸ
247 4580 347 4646 τῆς
375 4579 485 4631 τῶν
512 4579 713 4631 λοιπῶν
745 4580 991 4648 ἀδελφῶν
1016 4582 1302 4645 κοινωνίας
1334 4585 1684 4653 χωρίζεσθαι,

106 4672 206 4724 καὶ
237 4673 301 4740 τῇ
358 4668 454 4722 τοῦ
493 4670 625 4722 ἰδίου
662 4671 794 4724 λαοῦ
829 4673 1086 4742 κοινωνίᾳ
1139 4675 1426 4743 ἀρκεῖσθαι
1465 4692 1477 4706 ·
1512 4676 1600 4728 τὸν
1631 4677 1686 4729 δὲ

114 4763 355 4832 μοναχὸν
407 4762 542 4831 μηδὲ
593 4762 857 4830 κληρικὸν
893 4761 1030 4817 εἶναι
1083 4766 1216 4835 μηδὲ
1257 4767 1685 4838 καθηγούμενον.

122 4853 267 4908 Ἀλλ’
318 4853 420 4906 οὐκ
465 4853 623 4918 εἰσὶν,
673 4855 748 4918 ὡς
780 4856 904 4924 ἐμοὶ
948 4856 1116 4921 δοκεῖ,
1164 4860 1383 4911 ἐναντία
1414 4877 1429 4892 ο
1481 4861 1688 4923 ἐκεῖνος

111 4947 215 5014 μὲν
274 4945 435 5015 γαρὸ
463 4945 641 4998 κανὼν
693 4947 914 5010 κολάζει
958 4947 1047 5000 τὸν
1097 4949 1396 5002 ἐπίσκοπον
1445 4952 1536 5004 τὸν
1581 4952 1687 5004 ἀπὸ

108 5038 402 5107 ἀλλοτρίας
434 5037 644 5104 ὲνορίας
672 5038 960 5107 δεχόμενον
989 5041 1292 5110 οἰονδήτινα
1317 5042 1570 5112 μοναχὸν,
1591 5044 1688 5096 καὶ

107 5128 462 5182 καθιστῶντα
511 5128 700 5182 τοῦτον
744 5131 880 5198 πρὸς
921 5131 1200 5202 κλήρωσιν
1236 5133 1268 5202 ἦ
1322 5136 1684 5205 ἡγουμενείαν

112 5222 287 5291 μονῆς
317 5223 687 5293 διαφερούσης
721 5224 872 5294 αὐτῷ
903 5226 1073 5293 χωρὶς
1119 5225 1376 5296 εἱδήσεως
1421 5227 1513 5280 τοῦ
1548 5246 1684 5298 προ-

104 5319 272 5386 τέρου
317 5317 619 5368 ἐπισκόπου
653 5317 819 5369 αὐτοῦ
847 5317 1160 5390 οῇὼσαύτως
1202 5324 1432 5414 τιμωρεῖ
1467 5322 1559 5374 καὶ
1595 5323 1684 5377 τὸν

112 5411 350 5476 μοναχόν
377 5427 390 5440 ’
417 5411 444 5462 ό
464 5410 520 5463 δὲ
552 5409 745 5478 παρὼν
771 5412 1008 5480 ἐγχωρεῖ
1037 5410 1114 5480 τῷ
1143 5409 1426 5483 ἐπισκόπῳ
1453 5415 1561 5468 ἀπὸ
1579 5417 1684 5466 τῶν

106 5501 206 5552 δύο
230 5500 607 5569 διαφερουσῶν
639 5500 807 5553 αὐτοῦ
849 5502 1172 5569 μεταθέσεις
1218 5506 1394 5556 ποιεῖν
1429 5505 1684 5573 μοναχῶν

111 5591 254 5644 κατᾶ
291 5592 352 5643 τὸ
383 5591 542 5657 δόξαν
591 5593 785 5663 τούτῳ.
827 5593 1068 5646 Γίνωσκε
1125 5594 1183 5646 δὲ
1227 5595 1311 5647 ὅτι
1349 5596 1542 5663 γέγονε
1588 5597 1681 5649 καὶ

110 5682 406 5752 σημείωμα
443 5684 720 5737 συνοοικδν
749 5685 840 5737 ἐπὶ
864 5685 964 5754 τῆς
995 5686 1301 5755 ἐφημερίας
1336 5688 1428 5740 τοῦ
1453 5689 1683 5756 ἁγιωτάο

104 5790 200 5823 ’.ου
240 5773 576 5842 πατριάρχου
599 5773 768 5840 κυςροῦ
809 5775 1013 5841 Λουκᾶ,
1054 5775 1213 5844 χάριν
1242 5774 1336 5828 τού
1368 5778 1678 5845 ἀποκρεμα-

105 5864 303 5928 τὲστως
357 5865 768 5937 καθηγουμένου
823 5868 902 5931 εἰς
951 5869 1290 5939 μοναστήρια
1339 5868 1672 5939 ὑποκείμενα

1801 1938 2237 2007 persecutionem
2289 1949 2356 1988 eo
2409 1924 2555 2002 quod
2612 1934 2916 1988 orthodoxa
2973 1931 3242 1986 sententia
3305 1933 3377 1983 sit

1800 2031 2028 2099 simplex
2061 2040 2112 2084 et
2144 2037 2366 2098 aperta;
2402 2027 2620 2097 quidam
2654 2038 2830 2080 tamen
2878 2025 3131 2079 monachi
3173 2025 3374 2078 audent

1800 2127 2009 2193 absque
2043 2124 2152 2187 ullo
2193 2125 2399 2192 pudore
2427 2137 2488 2175 ea
2526 2120 2728 2185 facere,
2763 2135 2883 2188 quae
2917 2130 3141 2190 propter
3182 2134 3373 2173 neces-

1801 2218 2012 2271 sitatem
2059 2217 2125 2268 ab
2159 2214 2429 2282 aliquibus
2456 2229 2646 2291 secure
2700 2213 2919 2266 ticbant.
2949 2212 3065 2277 Quo
3097 2211 3178 2274 fit,
3215 2222 3268 2263 ut
3321 2221 3377 2263 et

1801 2328 1827 2364 a
1859 2312 2089 2381 propriis
2117 2320 2361 2364 tonsurre
2396 2309 2529 2363 locis
2563 2309 2842 2373 recedant,
2879 2317 2932 2362 et
2969 2307 3020 2360 in
3055 2305 3373 2360 civitatibus

1799 2420 1922 2456 cum
1957 2403 2110 2457 laicis
2151 2406 2356 2455 versari
2399 2417 2505 2454 non
2544 2401 2905 2464 erubescant;
2953 2401 3057 2454 hoc
3109 2409 3372 2468 praetextu

1801 2504 2037 2557 utentes,
2084 2494 2226 2563 quod
2261 2508 2288 2547 a
2337 2491 2642 2549 monachis,
2683 2491 2774 2559 qui
2817 2505 2913 2544 eos
2955 2497 3373 2557 praecesserunt,

1801 2587 1968 2641 multa
2009 2585 2276 2656 ejusmodi
2308 2584 2449 2638 facta
2482 2584 2613 2639 sint.
2655 2585 2716 2637 Et
2751 2568 3009 2650 quoniam
3048 2581 3152 2634 hoc
3182 2594 3373 2631 umna-

1798 2681 2025 2734 chorum
2092 2677 2515 2733 inobedicntiam
2565 2677 2767 2742 arguit,
2814 2684 2866 2727 et
2915 2673 3372 2727 monasteriormn

1798 2773 2245 2827 constitutionem
2300 2770 2518 2835 evertit,
2568 2768 2759 2822 statuit
2810 2765 3072 2836 synodus,
3099 2773 3208 2816 tam
3247 2778 3372 2816 eum

1798 2864 1887 2933 qui
1915 2881 1942 2916 a
1979 2862 2313 2916 mortasterio
2347 2861 2399 2916 in
2443 2875 2552 2929 quo
2579 2860 2911 2913 constitutus
2940 2865 3024 2912 est
3059 2855 3290 2924 aufugit,
3321 2863 3376 2906 et

1798 2962 1850 3014 in
1892 2959 2062 3014 altero
2098 2955 2438 3010 monasterio
2481 2963 2772 3021 susceptus
2811 2957 2918 3014 est,
2971 2962 3134 3017 quam
3162 2945 3168 2951 ’
3193 2953 3372 3014 ipsum

1801 3052 1964 3109 etiam
2033 3049 2372 3120 pra'feclum,
2438 3043 2679 3114 quicum
2749 3040 2993 3108 suscepit
3056 3047 3374 3106 segregatos

1801 3161 1942 3205 esse.
1995 3143 2168 3197 donec
2219 3139 2521 3195 monachus
2573 3137 2664 3206 qui
2727 3133 2939 3202 aufugit
2987 3131 3051 3185 ad
3094 3131 3371 3200 proprium

1804 3235 2198 3290 monasterium
2249 3239 2573 3287 revertatur.
2614 3229 2676 3281 Et
2730 3228 2845 3281 hsce
2877 3226 3096 3294 quidem
3153 3222 3376 3289 quando

1801 3330 2010 3397 absque
2057 3325 2351 3395 episcopali
2404 3323 2631 3377 scientia
2672 3318 2879 3388 aliquid
2929 3313 3244 3384 hujusmodi
3291 3313 3373 3365 fa-

1800 3431 1947 3475 ctum
1973 3421 2061 3474 sit.
2095 3419 2148 3471 Si
2183 3429 2362 3470 autem
2403 3415 2522 3484 ejus
2551 3413 2789 3484 regionis
2827 3411 3119 3478 cpiscopus
3149 3406 3374 3460 intelle-

1801 3514 1962 3576 xerit,
1999 3512 2102 3565 hoc
2136 3508 2306 3579 (verbi
2353 3505 2547 3577 gratia)
2585 3505 2973 3558 monasterium
3011 3502 3128 3570 pios
3151 3509 3203 3554 et
3240 3499 3371 3553 reli-

1799 3608 1980 3675 giosos
2021 3603 2323 3658 monachos
2369 3615 2475 3654 non
2515 3599 2737 3660 habere,
2775 3611 2873 3650 nec
2909 3593 3149 3664 propriis
3195 3594 3373 3646 actio-

1798 3699 1959 3753 nibus
1988 3707 2142 3768 aptos
2179 3702 2234 3750 ut
2262 3693 2326 3747 ad
2362 3692 2593 3749 salutem
2625 3690 2761 3743 alios
2795 3687 3106 3748 traducant,
3149 3694 3203 3740 et
3237 3684 3377 3740 utile

1797 3787 2287 3857 essejudicaverit,
2324 3795 2380 3839 ut
2412 3783 2501 3837 hic
2537 3781 2786 3834 videlicet
2819 3778 3125 3832 monachus
3175 3792 3202 3829 ει
3252 3791 3375 3828 mo-

1797 3882 2057 3945 nasterio,
2097 3883 2148 3933 in
2186 3896 2297 3946 quo
2339 3887 2534 3931 tonsus
2569 3884 2672 3937 est,
2705 3875 2757 3926 in
2787 3872 2935 3926 aliud
2972 3869 3368 3926 transferatur.

1796 3975 1877 4027 vel
1914 3974 2074 4026 etiam
2127 3971 2193 4024 ad
2244 3970 2526 4025 s:ccularis
2574 3967 2771 4021 domus
2833 3962 3368 4017 administrationem

1797 4074 2020 4134 propter
2053 4078 2242 4117 eorum
2269 4061 2359 4128 qui
2399 4061 2451 4114 in
2487 4060 2602 4128 ipsa
2637 4058 2885 4112 habitant
2914 4057 3167 4117 salutem,
3202 4053 3368 4106 collo-

1795 4168 1967 4220 cetur,
2001 4157 2082 4209 vel
2113 4155 2297 4223 aliquo
2332 4153 2439 4206 alio
2477 4153 2529 4206 in
2569 4151 2690 4204 loco
2741 4149 3092 4219 praBﬁciatttr,
3129 4148 3233 4200 hoc
3275 4150 3365 4198 lict

1795 4248 1915 4303 sine
1936 4248 2047 4300 ullo
2079 4243 2470 4311 impedimento
2507 4259 2518 4294 :
2552 4249 2736 4307 utpote
2764 4254 2887 4293 cum
2922 4252 3021 4290 nec
3056 4236 3372 4298 monachis,

1794 4354 1895 4393 nec
1915 4338 1983 4391 iis
2006 4338 2098 4404 qui
2124 4336 2242 4389 illos
2261 4331 2785 4400 suscipiunt,debeat
2801 4328 2968 4382 ullutn
2989 4326 3367 4396 prtejndicinm

1796 4432 1997 4485 aﬂcrri.
2029 4429 2153 4483 llaec
2185 4442 2308 4482 cum
2343 4429 2414 4481 ita
2448 4440 2506 4480 se
2550 4425 2808 4486 habeant,
2846 4421 3100 4475 dixerunt
3147 4419 3369 4489 quidam

1724 4538 1767 4594 ἶ)
1799 4525 1911 4578 haec
1929 4520 2200 4577 adversari
2226 4521 2290 4573 iis
2314 4533 2432 4589 qua:
2466 4516 2533 4570 80
2552 4531 2674 4570 can.
2696 4511 3145 4581 Carthaginensis
3172 4509 3366 4579 synodi

1792 4623 1996 4669 statuta
2035 4621 2185 4676 sunt,
2220 4612 2421 4680 quibus
2458 4619 2701 4673 cavetur,
2727 4615 2786 4661 ut
2813 4606 2904 4676 qui
2929 4604 3034 4658 tale
3072 4603 3200 4672 quid
3231 4601 3366 4654 facit

1790 4708 2097 4776 cpiscopus,
2121 4703 2287 4773 338
2302 4713 2353 4758 et
2376 4701 2704 4755 monachum
2728 4714 2792 4752 ex
2822 4698 2999 4752 alieno
3027 4695 3368 4749 monasterio

1790 4799 2038 4866 suscipit,
2067 4804 2121 4848 et
2147 4795 2324 4862 ipsum
2347 4793 2429 4846 vel
2452 4791 2711 4846 clericum
2736 4787 2817 4841 vel
2843 4785 3155 4856 praal‘ectum
3209 4784 3358 4843 facit.

1788 4904 1818 4942 a
1843 4898 2159 4942 cancrorum
2189 4885 2417 4937 fratrum
2444 4881 2828 4937 communione
2860 4887 3162 4947 separetur,
3213 4884 3266 4930 et
3291 4877 3363 4931 sit

1790 4979 1989 5048 proprii
2023 4976 2202 5047 populi
2232 4973 2620 5029 communione
2662 4979 2952 5024 contentus
2986 4987 2999 5021 :
3058 4967 3363 5021 monachus

1788 5080 1964 5126 autem
1991 5083 2088 5123 nec
2119 5067 2189 5120 sit
2228 5067 2459 5120 clericus
2482 5078 2580 5118 nec
2609 5061 2917 5132 praefectus.
2947 5059 3052 5114 Sed
3078 5076 3181 5113 non
3209 5069 3358 5117 sunt.

1787 5173 1846 5216 ut
1873 5162 2002 5215 mihi
2031 5160 2264 5223 videtur,
2295 5157 2585 5211 contraria.
2637 5153 2726 5207 Ille
2777 5153 2919 5207 enim
2973 5168 3148 5207 canon
3201 5153 3360 5221 punit

1785 5253 2125 5320 episcopum,
2166 5250 2256 5318 qui
2293 5262 2672 5317 quemcunque
2706 5243 3031 5297 monachum
3067 5259 3130 5304 ατ
3179 5243 3358 5320 aliena

1787 5345 2006 5414 regione
2032 5315 2275 5408 suscipit,
2312 5315 2368 5394 et
2419 5354 2542 5394 eum
2599 5337 2681 5392 vel
2739 5337 2998 5391 clericum
3051 5315 3206 5400 facif‘,
3271 5336 3357 5390 vel

1787 5436 2122 5489 monasterio
2145 5435 2287 5503 quod
2313 5432 2376 5485 ad
2411 5447 2467 5486 se
2493 5430 2726 5499 pertinet
2752 5427 2993 5496 prmticit,
3021 5427 3137 5479 sine
3162 5425 3356 5494 prioris

1784 5529 1956 5595 ipsius
1997 5525 2238 5595 episc0pi
2289 5523 2549 5598 scientia.“
2576 5522 2838 5576 Similiter
2864 5520 3188 5574 monachum
3214 5532 3352 5585 quo-

1782 5635 1885 5688 quc
1935 5619 2111 5687 punit.
2170 5617 2266 5672 llic
2329 5625 2508 5668 autem
2564 5627 2800 5682 praasens
2852 5625 3029 5665 canon
3083 5607 3350 5678 permittit

1781 5707 2063 5774 episc0po,
2089 5716 2146 5757 ut
2179 5720 2242 5757 cx
2274 5702 2486 5756 duobus
2517 5709 2727 5753 tantum
2755 5699 2820 5752 ad
2857 5714 2915 5753 se
2949 5695 3350 5766 pertinentibus

1783 5796 2128 5852 monasteriis
2150 5795 2308 5849 faciat
2338 5793 2726 5848 monachorum
2752 5789 3160 5850 translationes,
3189 5797 3348 5855 prout

1780 5891 1827 5946 ci
1862 5889 2030 5945 visum
2065 5888 2248 5944 fuerit.
2295 5885 2448 5941 Scias
2503 5895 2708 5951 autem,
2767 5882 2911 5952 quod
2956 5895 3194 5950 tempore
3249 5895 3341 5947 pa-
