  <div class='ocr_page' id='page_1' title='image "/cluster/home/n/w/nwhite01/storage/ocr_20150623/137/nnc1.0046979786/542.png"; bbox 0 0 4166 6438; ppageno 0'>
   <div class='ocr_carea' id='block_1_1' title="bbox 151 405 298 471">
    <p class='ocr_par' dir='ltr' id='par_1_1' title="bbox 151 405 298 471">
     <span class='ocr_line' id='line_1_1' title="bbox 151 405 298 471; baseline -0.02 0"><span class='ocrx_word' id='word_1_1' title='bbox 151 405 298 471; x_wconf 70' lang='grc'><strong>1025</strong></span> 
     </span>
    </p>
   </div>
   <div class='ocr_carea' id='block_1_2' title="bbox 1365 410 1990 473">
    <p class='ocr_par' dir='ltr' id='par_1_2' title="bbox 1365 410 1990 473">
     <span class='ocr_line' id='line_1_2' title="bbox 1365 410 1990 473; baseline 0.006 -4"><span class='ocrx_word' id='word_1_2' title='bbox 1365 412 1441 469; x_wconf 67' lang='grc' dir='ltr'><strong>ΙΝ</strong></span> <span class='ocrx_word' id='word_1_3' title='bbox 1488 410 1654 469; x_wconf 60' lang='lat' dir='ltr'><strong>CAN.</strong></span> <span class='ocrx_word' id='word_1_4' title='bbox 1698 414 1738 469; x_wconf 64' lang='grc' dir='ltr'>Υ</span> <span class='ocrx_word' id='word_1_5' title='bbox 1782 412 1990 473; x_wconf 67' lang='lat' dir='ltr'><strong>(Itl.\&#39;tl.</strong></span> 
     </span>
    </p>
   </div>
   <div class='ocr_carea' id='block_1_3' title="bbox 3281 412 3411 473">
    <p class='ocr_par' dir='ltr' id='par_1_3' title="bbox 3281 412 3411 473">
     <span class='ocr_line' id='line_1_3' title="bbox 3281 412 3411 473; baseline -0.054 0"><span class='ocrx_word' id='word_1_6' title='bbox 3281 412 3411 473; x_wconf 60' lang='lat'>1026</span> 
     </span>
    </p>
   </div>
   <div class='ocr_carea' id='block_1_4' title="bbox 2060 415 2263 472">
    <p class='ocr_par' dir='ltr' id='par_1_4' title="bbox 2060 415 2263 472">
     <span class='ocr_line' id='line_1_4' title="bbox 2060 415 2263 472; baseline 0.01 -2"><span class='ocrx_word' id='word_1_7' title='bbox 2060 415 2263 472; x_wconf 72' lang='lat' dir='ltr'><strong>Cl‘UL.</strong></span> 
     </span>
    </p>
   </div>
   <div class='ocr_carea' id='block_1_5' title="bbox 145 515 1729 588">
    <p class='ocr_par' dir='ltr' id='par_1_5' title="bbox 145 515 1724 585">
     <span class='ocr_line' id='line_1_5' title="bbox 145 515 1724 585; baseline 0.001 -16"><span class='ocrx_word' id='word_1_8' title='bbox 145 516 392 585; x_wconf 87' lang='grc' dir='ltr'><strong>κοσμικά</strong></span> <span class='ocrx_word' id='word_1_9' title='bbox 442 516 832 584; x_wconf 79' lang='grc' dir='ltr'><strong>είσκωμάσωσι</strong></span> <span class='ocrx_word' id='word_1_10' title='bbox 892 515 1239 583; x_wconf 77' lang='grc' dir='ltr'><strong>καταγώγια,</strong></span> <span class='ocrx_word' id='word_1_11' title='bbox 1298 519 1588 580; x_wconf 79' lang='grc' dir='ltr'><strong>κάκείνους</strong></span> <span class='ocrx_word' id='word_1_12' title='bbox 1632 520 1724 571; x_wconf 76' lang='grc' dir='ltr'><strong>καὶ</strong></span> 
     </span>
    </p>
   </div>
   <div class='ocr_carea' id='block_1_6' title="bbox 1831 515 3411 588">
    <p class='ocr_par' dir='ltr' id='par_1_6' title="bbox 1831 519 3411 588">
     <span class='ocr_line' id='line_1_6' title="bbox 1831 519 3411 588; baseline 0.002 -17"><span class='ocrx_word' id='word_1_13' title='bbox 1831 523 2087 585; x_wconf 67' lang='lat' dir='ltr'><strong>sciscuttl,</strong></span> <span class='ocrx_word' id='word_1_14' title='bbox 2128 519 2471 588; x_wconf 75' lang='lat' dir='ltr'><strong>splendorem</strong></span> <span class='ocrx_word' id='word_1_15' title='bbox 2506 520 2657 571; x_wconf 87' lang='lat' dir='ltr'><strong>illum</strong></span> <span class='ocrx_word' id='word_1_16' title='bbox 2692 535 2906 573; x_wconf 73' lang='lat' dir='ltr'><strong>omnem</strong></span> <span class='ocrx_word' id='word_1_17' title='bbox 2952 523 3411 588; x_wconf 76' lang='lat' dir='ltr'><strong>honestatemque</strong></span> 
     </span>
    </p>
   </div>
   <div class='ocr_carea' id='block_1_7' title="bbox 143 605 1728 679">
    <p class='ocr_par' dir='ltr' id='par_1_7' title="bbox 143 605 1728 679">
     <span class='ocr_line' id='line_1_7' title="bbox 143 605 1728 679; baseline -0.001 -17"><span class='ocrx_word' id='word_1_18' title='bbox 143 609 280 669; x_wconf 79' lang='grc' dir='ltr'><strong>τοὺς</strong></span> <span class='ocrx_word' id='word_1_19' title='bbox 305 605 742 676; x_wconf 79' lang='grc' dir='ltr'><strong>ὑποδεξαμένους</strong></span> <span class='ocrx_word' id='word_1_20' title='bbox 771 606 970 669; x_wconf 80' lang='grc' dir='ltr'><strong>αὐτοὺς</strong></span> <span class='ocrx_word' id='word_1_21' title='bbox 992 608 1411 679; x_wconf 81' lang='grc' dir='ltr'><strong>ἀφωρισμένους</strong></span> <span class='ocrx_word' id='word_1_22' title='bbox 1439 607 1600 671; x_wconf 84' lang='grc' dir='ltr'><strong>εἶναι,</strong></span> <span class='ocrx_word' id='word_1_23' title='bbox 1623 609 1728 672; x_wconf 74' lang='grc' dir='ltr'><strong>ἕως</strong></span> 
     </span>
    </p>
   </div>
   <div class='ocr_carea' id='block_1_8' title="bbox 149 699 1728 769">
    <p class='ocr_par' dir='ltr' id='par_1_8' title="bbox 149 699 1728 769">
     <span class='ocr_line' id='line_1_8' title="bbox 149 699 1728 769; baseline 0.001 -18"><span class='ocrx_word' id='word_1_24' title='bbox 149 699 222 751; x_wconf 83' lang='grc' dir='ltr'><strong>ἂν</strong></span> <span class='ocrx_word' id='word_1_25' title='bbox 259 701 630 752; x_wconf 72' lang='grc' dir='ltr'><strong>ἐπανέλθωσιν</strong></span> <span class='ocrx_word' id='word_1_26' title='bbox 653 699 702 752; x_wconf 75' lang='lat' dir='ltr'><strong>oi</strong></span> <span class='ocrx_word' id='word_1_27' title='bbox 733 700 1109 768; x_wconf 81' lang='grc' dir='ltr'><strong>ἀποφυγόντες</strong></span> <span class='ocrx_word' id='word_1_28' title='bbox 1148 701 1230 762; x_wconf 89' lang='grc' dir='ltr'><strong>είς</strong></span> <span class='ocrx_word' id='word_1_29' title='bbox 1255 701 1353 769; x_wconf 79' lang='grc' dir='ltr'><strong>τὴν</strong></span> <span class='ocrx_word' id='word_1_30' title='bbox 1378 701 1587 753; x_wconf 88' lang='grc' dir='ltr'><strong>οίκείαν</strong></span> <span class='ocrx_word' id='word_1_31' title='bbox 1631 717 1728 769; x_wconf 86' lang='grc' dir='ltr'><strong>μο-</strong></span> 
     </span>
    </p>
   </div>
   <div class='ocr_carea' id='block_1_9' title="bbox 145 790 1730 862">
    <p class='ocr_par' dir='ltr' id='par_1_9' title="bbox 145 790 1730 862">
     <span class='ocr_line' id='line_1_9' title="bbox 145 790 1730 862; baseline -0.001 -18"><span class='ocrx_word' id='word_1_32' title='bbox 145 791 275 859; x_wconf 79' lang='grc' dir='ltr'><strong>νήν.</strong></span> <span class='ocrx_word' id='word_1_33' title='bbox 300 791 360 843; x_wconf 78' lang='lat' dir='ltr'><strong>Ei</strong></span> <span class='ocrx_word' id='word_1_34' title='bbox 391 792 449 845; x_wconf 73' lang='grc' dir='ltr'><strong>δὲ</strong></span> <span class='ocrx_word' id='word_1_35' title='bbox 481 794 509 844; x_wconf 82' lang='grc' dir='ltr'><strong>ό</strong></span> <span class='ocrx_word' id='word_1_36' title='bbox 539 792 681 844; x_wconf 87' lang='grc' dir='ltr'><strong>κατά</strong></span> <span class='ocrx_word' id='word_1_37' title='bbox 709 790 895 862; x_wconf 84' lang='grc' dir='ltr'><strong>χώραν</strong></span> <span class='ocrx_word' id='word_1_38' title='bbox 925 791 1224 855; x_wconf 77' lang='grc' dir='ltr'><strong>ἐπίσκοπός</strong></span> <span class='ocrx_word' id='word_1_39' title='bbox 1249 808 1400 851; x_wconf 84' lang='grc' dir='ltr'><strong>τινας</strong></span> <span class='ocrx_word' id='word_1_40' title='bbox 1427 793 1536 843; x_wconf 82' lang='grc' dir='ltr'><strong>τῶν</strong></span> <span class='ocrx_word' id='word_1_41' title='bbox 1566 808 1730 859; x_wconf 86' lang='grc' dir='ltr'><strong>μονα-</strong></span> 
     </span>
    </p>
   </div>
   <div class='ocr_carea' id='block_1_10' title="bbox 147 883 1727 954">
    <p class='ocr_par' dir='ltr' id='par_1_10' title="bbox 147 883 1727 954">
     <span class='ocr_line' id='line_1_10' title="bbox 147 883 1727 954; baseline 0 -18"><span class='ocrx_word' id='word_1_42' title='bbox 147 885 268 953; x_wconf 82' lang='grc' dir='ltr'><strong>χῶν</strong></span> <span class='ocrx_word' id='word_1_43' title='bbox 316 884 402 937; x_wconf 70' lang='grc' dir='ltr'><strong>ἐπ’</strong></span> <span class='ocrx_word' id='word_1_44' title='bbox 447 885 618 954; x_wconf 79' lang='grc' dir='ltr'><strong>ἀρετῇ</strong></span> <span class='ocrx_word' id='word_1_45' title='bbox 669 885 1142 954; x_wconf 83' lang='grc' dir='ltr'><strong>μαρτυρουμένοις</strong></span> <span class='ocrx_word' id='word_1_46' title='bbox 1187 883 1370 952; x_wconf 79' lang='grc' dir='ltr'><strong>σονίδῃ</strong></span> <span class='ocrx_word' id='word_1_47' title='bbox 1417 886 1496 946; x_wconf 86' lang='grc' dir='ltr'><strong>εἱς</strong></span> <span class='ocrx_word' id='word_1_48' title='bbox 1533 884 1727 952; x_wconf 78' lang='grc' dir='ltr'><strong>ἑτέραν</strong></span> 
     </span>
    </p>
   </div>
   <div class='ocr_carea' id='block_1_11' title="bbox 148 974 1728 1046">
    <p class='ocr_par' dir='ltr' id='par_1_11' title="bbox 148 974 1728 1046">
     <span class='ocr_line' id='line_1_11' title="bbox 148 974 1728 1046; baseline 0.001 -20"><span class='ocrx_word' id='word_1_49' title='bbox 148 975 327 1046; x_wconf 79' lang='grc' dir='ltr'><strong>μονὴν</strong></span> <span class='ocrx_word' id='word_1_50' title='bbox 366 974 458 1028; x_wconf 75' lang='grc' dir='ltr'><strong>ἐπὶ</strong></span> <span class='ocrx_word' id='word_1_51' title='bbox 493 976 829 1028; x_wconf 70' lang='grc' dir='ltr'><strong>καταστάσει</strong></span> <span class='ocrx_word' id='word_1_52' title='bbox 868 976 1042 1044; x_wconf 82' lang='grc' dir='ltr'><strong>αὐτῆς</strong></span> <span class='ocrx_word' id='word_1_53' title='bbox 1078 977 1171 1029; x_wconf 83' lang='grc' dir='ltr'><strong>καὶ</strong></span> <span class='ocrx_word' id='word_1_54' title='bbox 1221 976 1460 1045; x_wconf 69' lang='grc' dir='ltr'><strong>ὠφελείᾳ</strong></span> <span class='ocrx_word' id='word_1_55' title='bbox 1517 974 1626 1027; x_wconf 83' lang='grc' dir='ltr'><strong>τῶν</strong></span> <span class='ocrx_word' id='word_1_56' title='bbox 1671 978 1728 1027; x_wconf 80' lang='grc' dir='ltr'><strong>ἐν</strong></span> 
     </span>
    </p>
   </div>
   <div class='ocr_carea' id='block_1_12' title="bbox 143 1067 1729 1137">
    <p class='ocr_par' dir='ltr' id='par_1_12' title="bbox 143 1067 1729 1137">
     <span class='ocr_line' id='line_1_12' title="bbox 143 1067 1729 1137; baseline -0.001 -18"><span class='ocrx_word' id='word_1_57' title='bbox 143 1067 294 1133; x_wconf 72' lang='grc' dir='ltr'><strong>αὖτῇ</strong></span> <span class='ocrx_word' id='word_1_58' title='bbox 346 1069 702 1135; x_wconf 79' lang='grc' dir='ltr'><strong>μεταγαγεῖν,</strong></span> <span class='ocrx_word' id='word_1_59' title='bbox 748 1068 780 1137; x_wconf 77' lang='grc' dir='ltr'>ἢ</span> <span class='ocrx_word' id='word_1_60' title='bbox 827 1069 918 1119; x_wconf 79' lang='grc' dir='ltr'><strong>καὶ</strong></span> <span class='ocrx_word' id='word_1_61' title='bbox 957 1070 1038 1129; x_wconf 85' lang='grc' dir='ltr'><strong>εἰς</strong></span> <span class='ocrx_word' id='word_1_62' title='bbox 1074 1067 1345 1136; x_wconf 84' lang='grc' dir='ltr'><strong>κοσμικὴν</strong></span> <span class='ocrx_word' id='word_1_63' title='bbox 1379 1067 1555 1118; x_wconf 76' lang='grc' dir='ltr'><strong>οἰκίαν</strong></span> <span class='ocrx_word' id='word_1_64' title='bbox 1585 1067 1729 1118; x_wconf 81' lang='grc' dir='ltr'><strong>δοκι-</strong></span> 
     </span>
    </p>
   </div>
   <div class='ocr_carea' id='block_1_13' title="bbox 147 1158 1724 1227">
    <p class='ocr_par' dir='ltr' id='par_1_13' title="bbox 147 1158 1724 1227">
     <span class='ocr_line' id='line_1_13' title="bbox 147 1158 1724 1227; baseline -0.001 -17"><span class='ocrx_word' id='word_1_65' title='bbox 147 1158 321 1225; x_wconf 76' lang='grc' dir='ltr'><strong>μάσει</strong></span> <span class='ocrx_word' id='word_1_66' title='bbox 347 1159 780 1227; x_wconf 46' lang='grc' dir='ltr'><strong>καταστῆσαικῆ</strong></span> <span class='ocrx_word' id='word_1_67' title='bbox 814 1159 1068 1226; x_wconf 82' lang='grc' dir='ltr'><strong>ἀλλοχὸσε</strong></span> <span class='ocrx_word' id='word_1_68' title='bbox 1096 1159 1380 1227; x_wconf 85' lang='grc' dir='ltr'><strong>εύδοκήσει</strong></span> <span class='ocrx_word' id='word_1_69' title='bbox 1411 1158 1724 1224; x_wconf 79' lang='grc' dir='ltr'><strong>ἐπιστῆσαι,</strong></span> 
     </span>
    </p>
   </div>
   <div class='ocr_carea' id='block_1_14' title="bbox 144 1248 1725 1319">
    <p class='ocr_par' dir='ltr' id='par_1_14' title="bbox 144 1248 1725 1319">
     <span class='ocr_line' id='line_1_14' title="bbox 144 1248 1725 1319; baseline -0.001 -19"><span class='ocrx_word' id='word_1_70' title='bbox 144 1249 278 1300; x_wconf 70' lang='grc' dir='ltr'><strong>οὔτε</strong></span> <span class='ocrx_word' id='word_1_71' title='bbox 325 1251 373 1301; x_wconf 85' lang='grc' dir='ltr'><strong>οἱ</strong></span> <span class='ocrx_word' id='word_1_72' title='bbox 431 1251 679 1319; x_wconf 77' lang='grc' dir='ltr'><strong>μοναχοὶ,</strong></span> <span class='ocrx_word' id='word_1_73' title='bbox 728 1251 778 1302; x_wconf 75' lang='lat' dir='ltr'><strong>oi</strong></span> <span class='ocrx_word' id='word_1_74' title='bbox 834 1250 977 1302; x_wconf 79' lang='grc' dir='ltr'><strong>οὕτω</strong></span> <span class='ocrx_word' id='word_1_75' title='bbox 1027 1250 1471 1319; x_wconf 81' lang='grc' dir='ltr'><strong>μετατιθέμενοι,</strong></span> <span class='ocrx_word' id='word_1_76' title='bbox 1518 1250 1641 1299; x_wconf 75' lang='grc' dir='ltr'><strong>οὒτε</strong></span> <span class='ocrx_word' id='word_1_77' title='bbox 1679 1248 1725 1298; x_wconf 81' lang='grc' dir='ltr'><strong>οἱ</strong></span> 
     </span>
    </p>
   </div>
   <div class='ocr_carea' id='block_1_15' title="bbox 144 1340 1650 1410">
    <p class='ocr_par' dir='ltr' id='par_1_15' title="bbox 144 1340 1650 1410">
     <span class='ocr_line' id='line_1_15' title="bbox 144 1340 1650 1410; baseline 0.002 -21"><span class='ocrx_word' id='word_1_78' title='bbox 144 1340 365 1402; x_wconf 77' lang='grc' dir='ltr'><strong>τούτοις</strong></span> <span class='ocrx_word' id='word_1_79' title='bbox 391 1341 670 1408; x_wconf 87' lang='grc' dir='ltr'><strong>δεχόμενοι</strong></span> <span class='ocrx_word' id='word_1_80' title='bbox 699 1341 777 1406; x_wconf 83' lang='grc' dir='ltr'><strong>τῷ</strong></span> <span class='ocrx_word' id='word_1_81' title='bbox 816 1342 1112 1410; x_wconf 84' lang='grc' dir='ltr'><strong>ἀφορισμῷ</strong></span> <span class='ocrx_word' id='word_1_82' title='bbox 1146 1341 1387 1393; x_wconf 82' lang='grc' dir='ltr'><strong>ὑπόδικοι</strong></span> <span class='ocrx_word' id='word_1_83' title='bbox 1417 1341 1650 1392; x_wconf 77' lang='grc' dir='ltr'><strong>ἔσονται.</strong></span> 
     </span>
    </p>
   </div>
   <div class='ocr_carea' id='block_1_16' title="bbox 1834 608 3406 676">
    <p class='ocr_par' dir='ltr' id='par_1_16' title="bbox 1834 608 3406 676">
     <span class='ocr_line' id='line_1_16' title="bbox 1834 608 3406 676; baseline 0.003 -19"><span class='ocrx_word' id='word_1_84' title='bbox 1834 610 2115 676; x_wconf 84' lang='lat' dir='ltr'><strong>diripiunt,</strong></span> <span class='ocrx_word' id='word_1_85' title='bbox 2144 610 2568 675; x_wconf 86' lang='lat' dir='ltr'><strong>universumque</strong></span> <span class='ocrx_word' id='word_1_86' title='bbox 2613 625 2810 674; x_wconf 66' lang='lat' dir='ltr'><strong>corpus</strong></span> <span class='ocrx_word' id='word_1_87' title='bbox 2860 610 3132 660; x_wconf 69' lang='lat' dir='ltr'><strong>societatis</strong></span> <span class='ocrx_word' id='word_1_88' title='bbox 3177 608 3406 663; x_wconf 70' lang='lat' dir='ltr'><strong>lmdunt.</strong></span> 
     </span>
    </p>
   </div>
   <div class='ocr_carea' id='block_1_17' title="bbox 1831 697 3410 765">
    <p class='ocr_par' dir='ltr' id='par_1_17' title="bbox 1831 697 3410 765">
     <span class='ocr_line' id='line_1_17' title="bbox 1831 697 3410 765; baseline -0.001 -16"><span class='ocrx_word' id='word_1_89' title='bbox 1831 697 2482 765; x_wconf 66' lang='lat' dir='ltr'><strong>Propterea‘quicunque,</strong></span> <span class='ocrx_word' id='word_1_90' title='bbox 2519 698 2793 761; x_wconf 87' lang='lat' dir='ltr'><strong>inquiunl,</strong></span> <span class='ocrx_word' id='word_1_91' title='bbox 2849 699 3013 749; x_wconf 88' lang='lat' dir='ltr'><strong>esuis</strong></span> <span class='ocrx_word' id='word_1_92' title='bbox 3061 697 3410 747; x_wconf 86' lang='lat' dir='ltr'><strong>monasteriis</strong></span> 
     </span>
    </p>
   </div>
   <div class='ocr_carea' id='block_1_18' title="bbox 1833 786 3408 853">
    <p class='ocr_par' dir='ltr' id='par_1_18' title="bbox 1833 786 3408 853">
     <span class='ocr_line' id='line_1_18' title="bbox 1833 786 3408 853; baseline -0.001 -17"><span class='ocrx_word' id='word_1_93' title='bbox 1833 786 2163 853; x_wconf 81' lang='lat' dir='ltr'><strong>aul&#39;ugerint,</strong></span> <span class='ocrx_word' id='word_1_94' title='bbox 2193 786 2306 838; x_wconf 87' lang='lat' dir='ltr'><strong>sive</strong></span> <span class='ocrx_word' id='word_1_95' title='bbox 2339 786 2409 836; x_wconf 84' lang='lat' dir='ltr'><strong>iu&#39;</strong></span> <span class='ocrx_word' id='word_1_96' title='bbox 2438 786 2542 836; x_wconf 85' lang='lat' dir='ltr'><strong>alia</strong></span> <span class='ocrx_word' id='word_1_97' title='bbox 2601 787 2930 838; x_wconf 86' lang='lat' dir='ltr'><strong>monasteria</strong></span> <span class='ocrx_word' id='word_1_98' title='bbox 2980 787 3250 848; x_wconf 83' lang='lat' dir='ltr'><strong>incidant,</strong></span> <span class='ocrx_word' id='word_1_99' title='bbox 3297 788 3408 835; x_wconf 88' lang='lat' dir='ltr'><strong>sive</strong></span> 
     </span>
    </p>
   </div>
   <div class='ocr_carea' id='block_1_19' title="bbox 1831 879 3407 942">
    <p class='ocr_par' dir='ltr' id='par_1_19' title="bbox 1831 879 3407 942">
     <span class='ocr_line' id='line_1_19' title="bbox 1831 879 3407 942; baseline -0.003 -10"><span class='ocrx_word' id='word_1_100' title='bbox 1831 879 2187 932; x_wconf 67' lang='lat' dir='ltr'><strong>saecularibus</strong></span> <span class='ocrx_word' id='word_1_101' title='bbox 2211 893 2329 931; x_wconf 92' lang='lat' dir='ltr'><strong>sese</strong></span> <span class='ocrx_word' id='word_1_102' title='bbox 2355 879 2681 931; x_wconf 73' lang='lat' dir='ltr'><strong>habitaculis</strong></span> <span class='ocrx_word' id='word_1_103' title='bbox 2709 879 3056 940; x_wconf 89' lang='lat' dir='ltr'><strong>innuiserint,</strong></span> <span class='ocrx_word' id='word_1_104' title='bbox 3097 890 3203 929; x_wconf 89' lang='lat' dir='ltr'><strong>tam</strong></span> <span class='ocrx_word' id='word_1_105' title='bbox 3235 879 3407 942; x_wconf 87' lang='lat' dir='ltr'><strong>ipsos,</strong></span> 
     </span>
    </p>
   </div>
   <div class='ocr_carea' id='block_1_20' title="bbox 1830 969 3409 1039">
    <p class='ocr_par' dir='ltr' id='par_1_20' title="bbox 1830 969 3409 1039">
     <span class='ocr_line' id='line_1_20' title="bbox 1830 969 3409 1039; baseline -0.001 -17"><span class='ocrx_word' id='word_1_106' title='bbox 1830 987 1991 1038; x_wconf 88' lang='lat' dir='ltr'><strong>quam</strong></span> <span class='ocrx_word' id='word_1_107' title='bbox 2023 986 2117 1024; x_wconf 86' lang='lat' dir='ltr'><strong>eos</strong></span> <span class='ocrx_word' id='word_1_108' title='bbox 2151 986 2179 1023; x_wconf 85' lang='lat' dir='ltr'><strong>a</strong></span> <span class='ocrx_word' id='word_1_109' title='bbox 2215 971 2414 1039; x_wconf 81' lang='lat' dir='ltr'><strong>quibus</strong></span> <span class='ocrx_word' id='word_1_110' title='bbox 2451 970 2648 1038; x_wconf 87' lang='lat' dir='ltr'><strong>recepti</strong></span> <span class='ocrx_word' id='word_1_111' title='bbox 2699 969 2922 1034; x_wconf 82' lang='lat' dir='ltr'><strong>fuerint,</strong></span> <span class='ocrx_word' id='word_1_112' title='bbox 2962 974 3135 1024; x_wconf 87' lang='lat' dir='ltr'><strong>donec</strong></span> <span class='ocrx_word' id='word_1_113' title='bbox 3189 973 3254 1023; x_wconf 92' lang='lat' dir='ltr'><strong>ad</strong></span> <span class='ocrx_word' id='word_1_114' title='bbox 3310 984 3409 1026; x_wconf 87' lang='lat' dir='ltr'><strong>sua</strong></span> 
     </span>
    </p>
   </div>
   <div class='ocr_carea' id='block_1_21' title="bbox 1832 1060 3406 1131">
    <p class='ocr_par' dir='ltr' id='par_1_21' title="bbox 1832 1060 3406 1131">
     <span class='ocr_line' id='line_1_21' title="bbox 1832 1060 3406 1131; baseline 0.001 -17"><span class='ocrx_word' id='word_1_115' title='bbox 1832 1063 2159 1114; x_wconf 84' lang='lat' dir='ltr'><strong>monasteria</strong></span> <span class='ocrx_word' id='word_1_116' title='bbox 2189 1065 2280 1129; x_wconf 89' lang='lat' dir='ltr'><strong>qui</strong></span> <span class='ocrx_word' id='word_1_117' title='bbox 2320 1064 2571 1129; x_wconf 81' lang='lat' dir='ltr'><strong>fugerant</strong></span> <span class='ocrx_word' id='word_1_118' title='bbox 2602 1072 2968 1122; x_wconf 80' lang='lat' dir='ltr'><strong>revertantur.</strong></span> <span class='ocrx_word' id='word_1_119' title='bbox 3004 1072 3195 1116; x_wconf 85' lang='lat' dir='ltr'><strong>sancta</strong></span> <span class='ocrx_word' id='word_1_120' title='bbox 3241 1060 3406 1131; x_wconf 61' lang='lat' dir='ltr'><strong>syno-</strong></span> 
     </span>
    </p>
   </div>
   <div class='ocr_carea' id='block_1_22' title="bbox 1830 1152 3410 1221">
    <p class='ocr_par' dir='ltr' id='par_1_22' title="bbox 1830 1152 3410 1221">
     <span class='ocr_line' id='line_1_22' title="bbox 1830 1152 3410 1221; baseline 0.004 -20"><span class='ocrx_word' id='word_1_121' title='bbox 1830 1152 1930 1206; x_wconf 79' lang='lat' dir='ltr'><strong>tlus</strong></span> <span class='ocrx_word' id='word_1_122' title='bbox 1983 1166 2295 1221; x_wconf 49' lang='lat' dir='ltr'><strong>st‘gt&#39;egatos</strong></span> <span class='ocrx_word' id='word_1_123' title='bbox 2343 1169 2468 1206; x_wconf 66' lang='lat' dir='ltr'><strong>eSse</strong></span> <span class='ocrx_word' id='word_1_124' title='bbox 2505 1154 2772 1206; x_wconf 89' lang='lat' dir='ltr'><strong>decernit.</strong></span> <span class='ocrx_word' id='word_1_125' title='bbox 2821 1154 2975 1218; x_wconf 77' lang='lat' dir='ltr'><strong>Quod</strong></span> <span class='ocrx_word' id='word_1_126' title='bbox 3028 1157 3073 1207; x_wconf 91' lang='lat' dir='ltr'><strong>si</strong></span> <span class='ocrx_word' id='word_1_127' title='bbox 3130 1153 3250 1219; x_wconf 85' lang='lat' dir='ltr'><strong>ejus</strong></span> <span class='ocrx_word' id='word_1_128' title='bbox 3301 1155 3410 1207; x_wconf 91' lang='lat' dir='ltr'><strong>loci</strong></span> 
     </span>
    </p>
   </div>
   <div class='ocr_carea' id='block_1_23' title="bbox 1829 1247 3408 1317">
    <p class='ocr_par' dir='ltr' id='par_1_23' title="bbox 1829 1247 3408 1317">
     <span class='ocr_line' id='line_1_23' title="bbox 1829 1247 3408 1317; baseline 0.004 -21"><span class='ocrx_word' id='word_1_129' title='bbox 1829 1248 2116 1313; x_wconf 82' lang='lat' dir='ltr'><strong>episcopus</strong></span> <span class='ocrx_word' id='word_1_130' title='bbox 2150 1247 2444 1298; x_wconf 84' lang='lat' dir='ltr'><strong>nonnullos</strong></span> <span class='ocrx_word' id='word_1_131' title='bbox 2476 1263 2502 1297; x_wconf 89' lang='lat' dir='ltr'><strong>e</strong></span> <span class='ocrx_word' id='word_1_132' title='bbox 2537 1249 2929 1299; x_wconf 69' lang='lat' dir='ltr'><strong>monachorum</strong></span> <span class='ocrx_word' id='word_1_133' title='bbox 2968 1249 3133 1317; x_wconf 80' lang='lat'><strong>339</strong></span> <span class='ocrx_word' id='word_1_134' title='bbox 3169 1259 3408 1303; x_wconf 74' lang='grc' dir='ltr'><strong>ΙΙυΙῘΙι-Γυ</strong></span> 
     </span>
    </p>
   </div>
   <div class='ocr_carea' id='block_1_24' title="bbox 1831 1337 3407 1405">
    <p class='ocr_par' dir='ltr' id='par_1_24' title="bbox 1831 1337 3407 1405">
     <span class='ocr_line' id='line_1_24' title="bbox 1831 1337 3407 1405; baseline 0.005 -15"><span class='ocrx_word' id='word_1_135' title='bbox 1831 1346 2088 1405; x_wconf 71' lang='lat' dir='ltr'><strong>spectata:</strong></span> <span class='ocrx_word' id='word_1_136' title='bbox 2113 1338 2352 1398; x_wconf 86' lang='lat' dir='ltr'><strong>virtutis,</strong></span> <span class='ocrx_word' id='word_1_137' title='bbox 2400 1348 2454 1388; x_wconf 93' lang='lat' dir='ltr'><strong>ut</strong></span> <span class='ocrx_word' id='word_1_138' title='bbox 2502 1337 2552 1388; x_wconf 89' lang='lat' dir='ltr'><strong>in</strong></span> <span class='ocrx_word' id='word_1_139' title='bbox 2587 1338 2732 1392; x_wconf 85' lang='lat' dir='ltr'><strong>aliud</strong></span> <span class='ocrx_word' id='word_1_140' title='bbox 2775 1351 3168 1393; x_wconf 77' lang='lat' dir='ltr'><strong>monasterium</strong></span> <span class='ocrx_word' id='word_1_141' title='bbox 3216 1344 3281 1396; x_wconf 89' lang='lat' dir='ltr'><strong>ad</strong></span> <span class='ocrx_word' id='word_1_142' title='bbox 3318 1361 3407 1399; x_wconf 82' lang='lat' dir='ltr'><strong>res</strong></span> 
     </span>
    </p>
   </div>
   <div class='ocr_carea' id='block_1_25' title="bbox 144 1431 3408 1501">
    <p class='ocr_par' dir='ltr' id='par_1_25' title="bbox 144 1431 3408 1501">
     <span class='ocr_line' id='line_1_25' title="bbox 144 1431 3408 1501; baseline 0.002 -19"><span class='ocrx_word' id='word_1_143' title='bbox 144 1435 466 1487; x_wconf 83' lang='lat' dir='ltr'><strong>monasterii</strong></span> <span class='ocrx_word' id='word_1_144' title='bbox 501 1435 938 1495; x_wconf 83' lang='lat' dir='ltr'><strong>constituendas,</strong></span> <span class='ocrx_word' id='word_1_145' title='bbox 972 1437 1175 1501; x_wconf 83' lang='lat' dir='ltr'><strong>quique</strong></span> <span class='ocrx_word' id='word_1_146' title='bbox 1208 1435 1260 1487; x_wconf 91' lang='lat' dir='ltr'><strong>in</strong></span> <span class='ocrx_word' id='word_1_147' title='bbox 1292 1449 1360 1487; x_wconf 91' lang='lat' dir='ltr'><strong>eo</strong></span> <span class='ocrx_word' id='word_1_148' title='bbox 1389 1436 1590 1501; x_wconf 83' lang='lat' dir='ltr'><strong>degunt</strong></span> <span class='ocrx_word' id='word_1_149' title='bbox 1623 1432 1920 1498; x_wconf 86' lang='lat' dir='ltr'><strong>juvandos,</strong></span> <span class='ocrx_word' id='word_1_150' title='bbox 1956 1431 2342 1488; x_wconf 54' lang='grc' dir='ltr'><strong>ιιδςιιικοινίὺοινρ,</strong></span> <span class='ocrx_word' id='word_1_151' title='bbox 2378 1441 2468 1481; x_wconf 85' lang='lat' dir='ltr'><strong>aut</strong></span> <span class='ocrx_word' id='word_1_152' title='bbox 2537 1431 2586 1482; x_wconf 91' lang='lat' dir='ltr'><strong>in</strong></span> <span class='ocrx_word' id='word_1_153' title='bbox 2663 1432 2899 1485; x_wconf 86' lang='lat' dir='ltr'><strong>hominis</strong></span> <span class='ocrx_word' id='word_1_154' title='bbox 2947 1435 3140 1501; x_wconf 89' lang='lat' dir='ltr'><strong>privati</strong></span> <span class='ocrx_word' id='word_1_155' title='bbox 3215 1440 3408 1500; x_wconf 71' lang='lat' dir='ltr'><strong>cujus-</strong></span> 
     </span>
    </p>
   </div>
   <div class='ocr_carea' id='block_1_26' title="bbox 142 1522 3408 1592">
    <p class='ocr_par' dir='ltr' id='par_1_26' title="bbox 142 1522 3408 1592">
     <span class='ocr_line' id='line_1_26' title="bbox 142 1522 3408 1592; baseline 0.001 -17"><span class='ocrx_word' id='word_1_156' title='bbox 142 1525 298 1592; x_wconf 84' lang='lat' dir='ltr'><strong>piam</strong></span> <span class='ocrx_word' id='word_1_157' title='bbox 355 1524 633 1578; x_wconf 87' lang='lat' dir='ltr'><strong>domicilio</strong></span> <span class='ocrx_word' id='word_1_158' title='bbox 688 1526 1042 1588; x_wconf 76' lang='lat' dir='ltr'><strong>constituere,</strong></span> <span class='ocrx_word' id='word_1_159' title='bbox 1093 1531 1187 1576; x_wconf 84' lang='lat' dir='ltr'><strong>aut</strong></span> <span class='ocrx_word' id='word_1_160' title='bbox 1243 1524 1419 1578; x_wconf 82' lang='lat' dir='ltr'><strong>ubivis</strong></span> <span class='ocrx_word' id='word_1_161' title='bbox 1477 1523 1696 1576; x_wconf 90' lang='lat' dir='ltr'><strong>demum</strong></span> <span class='ocrx_word' id='word_1_162' title='bbox 1740 1522 2013 1573; x_wconf 88' lang='lat' dir='ltr'><strong>collocare</strong></span> <span class='ocrx_word' id='word_1_163' title='bbox 2069 1529 2434 1587; x_wconf 84' lang='lat' dir='ltr'><strong>opportunum</strong></span> <span class='ocrx_word' id='word_1_164' title='bbox 2478 1522 2890 1585; x_wconf 76' lang='lat' dir='ltr'><strong>existimaverit,</strong></span> <span class='ocrx_word' id='word_1_165' title='bbox 2951 1539 3049 1576; x_wconf 89' lang='lat' dir='ltr'><strong>nec</strong></span> <span class='ocrx_word' id='word_1_166' title='bbox 3107 1529 3408 1584; x_wconf 80' lang='lat' dir='ltr'><strong>monachos</strong></span> 
     </span>
    </p>
   </div>
   <div class='ocr_carea' id='block_1_27' title="bbox 142 1614 3262 1696">
    <p class='ocr_par' dir='ltr' id='par_1_27' title="bbox 142 1614 3262 1696">
     <span class='ocr_line' id='line_1_27' title="bbox 142 1614 3262 1696; baseline 0.001 -28"><span class='ocrx_word' id='word_1_167' title='bbox 142 1617 352 1681; x_wconf 86' lang='lat' dir='ltr'><strong>quibus</strong></span> <span class='ocrx_word' id='word_1_168' title='bbox 380 1631 441 1670; x_wconf 88' lang='lat' dir='ltr'><strong>ea</strong></span> <span class='ocrx_word' id='word_1_169' title='bbox 473 1617 743 1670; x_wconf 67' lang='lat' dir='ltr'><strong>mutandae</strong></span> <span class='ocrx_word' id='word_1_170' title='bbox 773 1616 919 1670; x_wconf 85' lang='lat' dir='ltr'><strong>sedis</strong></span> <span class='ocrx_word' id='word_1_171' title='bbox 950 1630 1114 1669; x_wconf 86' lang='lat' dir='ltr'><strong>causa</strong></span> <span class='ocrx_word' id='word_1_172' title='bbox 1145 1615 1326 1680; x_wconf 82' lang='lat' dir='ltr'><strong>fuerit,</strong></span> <span class='ocrx_word' id='word_1_173' title='bbox 1365 1631 1464 1670; x_wconf 86' lang='lat' dir='ltr'><strong>nec</strong></span> <span class='ocrx_word' id='word_1_174' title='bbox 1495 1619 1586 1684; x_wconf 91' lang='lat' dir='ltr'><strong>qui</strong></span> <span class='ocrx_word' id='word_1_175' title='bbox 1618 1614 1839 1668; x_wconf 85' lang='lat' dir='ltr'><strong>eosdem</strong></span> <span class='ocrx_word' id='word_1_176' title='bbox 1886 1615 2210 1696; x_wconf 69' lang='lat' dir='ltr'><strong>receperint,</strong></span> <span class='ocrx_word' id='word_1_177' title='bbox 2274 1630 2428 1682; x_wconf 77' lang='lat' dir='ltr'><strong>pmna</strong></span> <span class='ocrx_word' id='word_1_178' title='bbox 2479 1616 2566 1666; x_wconf 89' lang='lat' dir='ltr'><strong>illa</strong></span> <span class='ocrx_word' id='word_1_179' title='bbox 2613 1615 3007 1682; x_wconf 62' lang='lat' dir='ltr'><strong>Sl&#39;grt&#39;gilllOIIlS</strong></span> <span class='ocrx_word' id='word_1_180' title='bbox 3042 1615 3262 1671; x_wconf 69' lang='lat' dir='ltr'><strong>adiciet.</strong></span> 
     </span>
    </p>
   </div>
   <div class='ocr_carea' id='block_1_28' title="bbox 146 1704 1729 1776">
    <p class='ocr_par' dir='ltr' id='par_1_28' title="bbox 146 1706 1722 1776">
     <span class='ocr_line' id='line_1_28' title="bbox 146 1706 1722 1776; baseline 0 -18"><span class='ocrx_word' id='word_1_181' title='bbox 146 1707 377 1759; x_wconf 82' lang='grc' dir='ltr'><strong>ΑΡΙΣΤ.</strong></span> <span class='ocrx_word' id='word_1_182' title='bbox 449 1725 468 1758; x_wconf 78' lang='lat' dir='ltr'><strong>t</strong></span> <span class='ocrx_word' id='word_1_183' title='bbox 521 1706 586 1759; x_wconf 80' lang='grc' dir='ltr'><strong>Εί</strong></span> <span class='ocrx_word' id='word_1_184' title='bbox 638 1724 723 1770; x_wconf 86' lang='grc' dir='ltr'><strong>τις</strong></span> <span class='ocrx_word' id='word_1_185' title='bbox 773 1708 1007 1776; x_wconf 73' lang='grc' dir='ltr'><strong>μοναχὸς</strong></span> <span class='ocrx_word' id='word_1_186' title='bbox 1052 1707 1154 1774; x_wconf 83' lang='grc' dir='ltr'><strong>τῆς</strong></span> <span class='ocrx_word' id='word_1_187' title='bbox 1213 1708 1349 1768; x_wconf 75' lang='grc' dir='ltr'><strong>ιδίας</strong></span> <span class='ocrx_word' id='word_1_188' title='bbox 1408 1708 1722 1775; x_wconf 82' lang='grc' dir='ltr'><strong>ἀποδράσας</strong></span> 
     </span>
    </p>
   </div>
   <div class='ocr_carea' id='block_1_29' title="bbox 1831 1704 3408 1776">
    <p class='ocr_par' dir='ltr' id='par_1_29' title="bbox 1897 1704 3408 1774">
     <span class='ocr_line' id='line_1_29' title="bbox 1897 1704 3408 1774; baseline 0.005 -18"><span class='ocrx_word' id='word_1_189' title='bbox 1897 1704 2122 1756; x_wconf 71' lang='lat' dir='ltr'><strong>AlllS&#39;l‘.</strong></span> <span class='ocrx_word' id='word_1_190' title='bbox 2168 1725 2184 1755; x_wconf 75' lang='grc' dir='ltr'><strong>ι</strong></span> <span class='ocrx_word' id='word_1_191' title='bbox 2226 1704 2280 1757; x_wconf 92' lang='lat' dir='ltr'><strong>Si</strong></span> <span class='ocrx_word' id='word_1_192' title='bbox 2307 1707 2432 1774; x_wconf 90' lang='lat' dir='ltr'><strong>quis</strong></span> <span class='ocrx_word' id='word_1_193' title='bbox 2465 1708 2786 1769; x_wconf 72' lang='lat' dir='ltr'><strong>monachus,</strong></span> <span class='ocrx_word' id='word_1_194' title='bbox 2820 1708 3038 1772; x_wconf 88' lang='lat' dir='ltr'><strong>proprio</strong></span> <span class='ocrx_word' id='word_1_195' title='bbox 3073 1709 3262 1763; x_wconf 64' lang='lat' dir='ltr'><strong>relicto</strong></span> <span class='ocrx_word' id='word_1_196' title='bbox 3292 1727 3408 1764; x_wconf 89' lang='lat' dir='ltr'><strong>mo-</strong></span> 
     </span>
    </p>
   </div>
   <div class='ocr_carea' id='block_1_30' title="bbox 229 1797 1728 1869">
    <p class='ocr_par' dir='ltr' id='par_1_30' title="bbox 229 1797 1728 1869">
     <span class='ocr_line' id='line_1_30' title="bbox 229 1797 1728 1869; baseline 0 -19"><span class='ocrx_word' id='word_1_197' title='bbox 229 1818 250 1849; x_wconf 74' lang='grc' dir='ltr'><strong>ε</strong></span> <span class='ocrx_word' id='word_1_198' title='bbox 299 1799 490 1869; x_wconf 87' lang='grc' dir='ltr'><strong>μονῆς,</strong></span> <span class='ocrx_word' id='word_1_199' title='bbox 522 1801 555 1868; x_wconf 79' lang='grc' dir='ltr'>ἦ</span> <span class='ocrx_word' id='word_1_200' title='bbox 591 1801 671 1861; x_wconf 84' lang='grc' dir='ltr'><strong>είς</strong></span> <span class='ocrx_word' id='word_1_201' title='bbox 705 1797 892 1869; x_wconf 77' lang='grc' dir='ltr'><strong>ἓτερον</strong></span> <span class='ocrx_word' id='word_1_202' title='bbox 937 1801 1237 1866; x_wconf 86' lang='grc' dir='ltr'><strong>μεταπέσοι</strong></span> <span class='ocrx_word' id='word_1_203' title='bbox 1263 1800 1651 1869; x_wconf 75' lang='grc' dir='ltr'><strong>μοναστήριον,</strong></span> <span class='ocrx_word' id='word_1_204' title='bbox 1695 1799 1728 1866; x_wconf 87' lang='grc' dir='ltr'>ἢ</span> 
     </span>
    </p>
   </div>
   <div class='ocr_carea' id='block_1_31' title="bbox 231 1891 1729 1960">
    <p class='ocr_par' dir='ltr' id='par_1_31' title="bbox 231 1891 1729 1960">
     <span class='ocr_line' id='line_1_31' title="bbox 231 1891 1729 1960; baseline 0.001 -20"><span class='ocrx_word' id='word_1_205' title='bbox 231 1909 251 1940; x_wconf 74' lang='grc' dir='ltr'><strong>ε</strong></span> <span class='ocrx_word' id='word_1_206' title='bbox 298 1892 378 1952; x_wconf 84' lang='grc' dir='ltr'><strong>είς</strong></span> <span class='ocrx_word' id='word_1_207' title='bbox 405 1891 670 1958; x_wconf 79' lang='grc' dir='ltr'><strong>κοσμικὺν</strong></span> <span class='ocrx_word' id='word_1_208' title='bbox 698 1891 1038 1959; x_wconf 88' lang='grc' dir='ltr'><strong>εἰσκωμάσει</strong></span> <span class='ocrx_word' id='word_1_209' title='bbox 1068 1892 1438 1960; x_wconf 82' lang='grc' dir='ltr'><strong>καταγώγιον,</strong></span> <span class='ocrx_word' id='word_1_210' title='bbox 1478 1892 1642 1954; x_wconf 83' lang='grc' dir='ltr'><strong>αὑτός</strong></span> <span class='ocrx_word' id='word_1_211' title='bbox 1670 1907 1729 1942; x_wconf 83' lang='grc' dir='ltr'><strong>τε</strong></span> 
     </span>
    </p>
   </div>
   <div class='ocr_carea' id='block_1_32' title="bbox 229 1980 1728 2050">
    <p class='ocr_par' dir='ltr' id='par_1_32' title="bbox 229 1980 1728 2050">
     <span class='ocr_line' id='line_1_32' title="bbox 229 1980 1728 2050; baseline 0.003 -21"><span class='ocrx_word' id='word_1_212' title='bbox 229 1999 249 2029; x_wconf 76' lang='grc' dir='ltr'><strong>ε</strong></span> <span class='ocrx_word' id='word_1_213' title='bbox 298 1981 392 2033; x_wconf 79' lang='grc' dir='ltr'><strong>καὶ</strong></span> <span class='ocrx_word' id='word_1_214' title='bbox 412 1983 439 2033; x_wconf 92' lang='grc' dir='ltr'><strong>ό</strong></span> <span class='ocrx_word' id='word_1_215' title='bbox 468 1982 867 2050; x_wconf 78' lang='grc' dir='ltr'><strong>ὑποδεξάμενος</strong></span> <span class='ocrx_word' id='word_1_216' title='bbox 894 1980 1261 2048; x_wconf 78' lang='grc' dir='ltr'><strong>ἀφοριζέσθω,</strong></span> <span class='ocrx_word' id='word_1_217' title='bbox 1285 1983 1390 2043; x_wconf 74' lang='grc' dir='ltr'><strong>ἕως</strong></span> <span class='ocrx_word' id='word_1_218' title='bbox 1420 1983 1728 2035; x_wconf 78' lang='grc' dir='ltr'><strong>ἐπανέλθοι.</strong></span> 
     </span>
    </p>
   </div>
   <div class='ocr_carea' id='block_1_33' title="bbox 231 2071 1732 2144">
    <p class='ocr_par' dir='ltr' id='par_1_33' title="bbox 231 2071 1732 2144">
     <span class='ocr_line' id='line_1_33' title="bbox 231 2071 1732 2144; baseline 0.003 -23"><span class='ocrx_word' id='word_1_219' title='bbox 231 2090 250 2121; x_wconf 76' lang='grc' dir='ltr'><strong>ε</strong></span> <span class='ocrx_word' id='word_1_220' title='bbox 307 2072 368 2122; x_wconf 83' lang='lat'><strong>&#39;0</strong></span> <span class='ocrx_word' id='word_1_221' title='bbox 394 2071 451 2123; x_wconf 85' lang='grc' dir='ltr'><strong>δὲ</strong></span> <span class='ocrx_word' id='word_1_222' title='bbox 506 2071 638 2141; x_wconf 87' lang='grc' dir='ltr'><strong>παρ’</strong></span> <span class='ocrx_word' id='word_1_223' title='bbox 692 2073 994 2124; x_wconf 75' lang='grc' dir='ltr'><strong>ἐπισκόπου</strong></span> <span class='ocrx_word' id='word_1_224' title='bbox 1040 2073 1394 2144; x_wconf 77' lang='grc' dir='ltr'><strong>ὁπωσδήποτε</strong></span> <span class='ocrx_word' id='word_1_225' title='bbox 1454 2074 1732 2135; x_wconf 78' lang='grc' dir='ltr'><strong>καταστὰς</strong></span> 
     </span>
    </p>
   </div>
   <div class='ocr_carea' id='block_1_34' title="bbox 227 2161 681 2224">
    <p class='ocr_par' dir='ltr' id='par_1_34' title="bbox 227 2161 681 2224">
     <span class='ocr_line' id='line_1_34' title="bbox 227 2161 681 2224; baseline 0.009 -14"><span class='ocrx_word' id='word_1_226' title='bbox 227 2179 247 2210; x_wconf 73' lang='grc' dir='ltr'><strong>ι</strong></span> <span class='ocrx_word' id='word_1_227' title='bbox 296 2161 620 2224; x_wconf 86' lang='grc' dir='ltr'><strong>ἀναιτίατος.</strong></span> <span class='ocrx_word' id='word_1_228' title='bbox 663 2181 681 2214; x_wconf 76' lang='grc' dir='ltr'><strong>ι</strong></span> 
     </span>
    </p>
   </div>
   <div class='ocr_carea' id='block_1_35' title="bbox 759 2337 1124 2395">
    <p class='ocr_par' dir='ltr' id='par_1_35' title="bbox 759 2337 1124 2395">
     <span class='ocr_line' id='line_1_35' title="bbox 759 2337 1124 2395; baseline 0.005 -2"><span class='ocrx_word' id='word_1_229' title='bbox 759 2341 996 2393; x_wconf 80' lang='grc' dir='ltr'><strong>ΚΑΝΩΝ</strong></span> <span class='ocrx_word' id='word_1_230' title='bbox 1045 2337 1124 2395; x_wconf 84' lang='grc' dir='ltr'><strong>Ε’.</strong></span> 
     </span>
    </p>
   </div>
   <div class='ocr_carea' id='block_1_36' title="bbox 147 2430 1729 2502">
    <p class='ocr_par' dir='ltr' id='par_1_36' title="bbox 147 2430 1729 2502">
     <span class='ocr_line' id='line_1_36' title="bbox 147 2430 1729 2502; baseline 0.003 -21"><span class='ocrx_word' id='word_1_231' title='bbox 147 2448 168 2481; x_wconf 77' lang='grc' dir='ltr'><strong>ε</strong></span> <span class='ocrx_word' id='word_1_232' title='bbox 227 2430 340 2493; x_wconf 85' lang='grc' dir='ltr'><strong>Τὰς</strong></span> <span class='ocrx_word' id='word_1_233' title='bbox 368 2431 630 2500; x_wconf 86' lang='grc' dir='ltr'><strong>ἀκρίτους</strong></span> <span class='ocrx_word' id='word_1_234' title='bbox 688 2433 784 2486; x_wconf 85' lang='grc' dir='ltr'><strong>καὶ</strong></span> <span class='ocrx_word' id='word_1_235' title='bbox 838 2433 1243 2502; x_wconf 82' lang='grc' dir='ltr'><strong>ἀδοκιμάστους</strong></span> <span class='ocrx_word' id='word_1_236' title='bbox 1299 2432 1585 2500; x_wconf 86' lang='grc' dir='ltr'><strong>ἀποταγάς</strong></span> <span class='ocrx_word' id='word_1_237' title='bbox 1635 2434 1729 2486; x_wconf 74' lang='grc' dir='ltr'><strong>ἐπὶ</strong></span> 
     </span>
    </p>
   </div>
   <div class='ocr_carea' id='block_1_37' title="bbox 232 2523 1728 2594">
    <p class='ocr_par' dir='ltr' id='par_1_37' title="bbox 232 2523 1728 2594">
     <span class='ocr_line' id='line_1_37' title="bbox 232 2523 1728 2594; baseline 0.001 -20"><span class='ocrx_word' id='word_1_238' title='bbox 232 2542 252 2574; x_wconf 81' lang='grc' dir='ltr'><strong>ε</strong></span> <span class='ocrx_word' id='word_1_239' title='bbox 304 2524 441 2576; x_wconf 77' lang='grc' dir='ltr'><strong>πολὺ</strong></span> <span class='ocrx_word' id='word_1_240' title='bbox 499 2523 597 2593; x_wconf 81' lang='grc' dir='ltr'><strong>τὴν</strong></span> <span class='ocrx_word' id='word_1_241' title='bbox 663 2526 968 2594; x_wconf 80' lang='grc' dir='ltr'><strong>μοναχικὴν</strong></span> <span class='ocrx_word' id='word_1_242' title='bbox 1008 2523 1267 2588; x_wconf 78' lang='grc' dir='ltr'><strong>εὐταξίαν</strong></span> <span class='ocrx_word' id='word_1_243' title='bbox 1324 2523 1728 2592; x_wconf 82' lang='grc' dir='ltr'><strong>λυμαινομένας</strong></span> 
     </span>
    </p>
   </div>
   <div class='ocr_carea' id='block_1_38' title="bbox 229 2613 1730 2684">
    <p class='ocr_par' dir='ltr' id='par_1_38' title="bbox 229 2613 1730 2684">
     <span class='ocr_line' id='line_1_38' title="bbox 229 2613 1730 2684; baseline 0.001 -21"><span class='ocrx_word' id='word_1_244' title='bbox 229 2633 249 2663; x_wconf 80' lang='grc' dir='ltr'><strong>ι</strong></span> <span class='ocrx_word' id='word_1_245' title='bbox 297 2614 646 2683; x_wconf 84' lang='grc' dir='ltr'><strong>εὑρίσκομεν.</strong></span> <span class='ocrx_word' id='word_1_246' title='bbox 685 2613 982 2684; x_wconf 86' lang='grc' dir='ltr'><strong>Προπετῶς</strong></span> <span class='ocrx_word' id='word_1_247' title='bbox 1007 2613 1118 2684; x_wconf 83' lang='grc' dir='ltr'><strong>γάρ</strong></span> <span class='ocrx_word' id='word_1_248' title='bbox 1164 2630 1310 2676; x_wconf 82' lang='grc' dir='ltr'><strong>τινες</strong></span> <span class='ocrx_word' id='word_1_249' title='bbox 1369 2614 1450 2676; x_wconf 81' lang='grc' dir='ltr'><strong>είς</strong></span> <span class='ocrx_word' id='word_1_250' title='bbox 1510 2613 1601 2665; x_wconf 79' lang='grc' dir='ltr'><strong>τὸν</strong></span> <span class='ocrx_word' id='word_1_251' title='bbox 1633 2629 1730 2680; x_wconf 78' lang='grc' dir='ltr'><strong>μο-</strong></span> 
     </span>
    </p>
   </div>
   <div class='ocr_carea' id='block_1_39' title="bbox 235 2702 1728 2775">
    <p class='ocr_par' dir='ltr' id='par_1_39' title="bbox 235 2702 1728 2775">
     <span class='ocr_line' id='line_1_39' title="bbox 235 2702 1728 2775; baseline -0.001 -21"><span class='ocrx_word' id='word_1_252' title='bbox 235 2723 253 2754; x_wconf 75' lang='grc' dir='ltr'><strong>ι</strong></span> <span class='ocrx_word' id='word_1_253' title='bbox 312 2704 454 2772; x_wconf 83' lang='grc' dir='ltr'><strong>νήρη</strong></span> <span class='ocrx_word' id='word_1_254' title='bbox 489 2702 604 2772; x_wconf 85' lang='grc' dir='ltr'><strong>βίον</strong></span> <span class='ocrx_word' id='word_1_255' title='bbox 630 2705 860 2767; x_wconf 81' lang='grc' dir='ltr'><strong>ἑαυτοὺς</strong></span> <span class='ocrx_word' id='word_1_256' title='bbox 894 2705 1332 2775; x_wconf 75' lang='grc' dir='ltr'><strong>ἐπιρριπτοντες,</strong></span> <span class='ocrx_word' id='word_1_257' title='bbox 1373 2706 1467 2756; x_wconf 66' lang='grc' dir='ltr'><strong>καὶ</strong></span> <span class='ocrx_word' id='word_1_258' title='bbox 1494 2704 1630 2772; x_wconf 82' lang='grc' dir='ltr'><strong>πρὸς</strong></span> <span class='ocrx_word' id='word_1_259' title='bbox 1670 2703 1728 2755; x_wconf 85' lang='grc' dir='ltr'><strong>τὸ</strong></span> 
     </span>
    </p>
   </div>
   <div class='ocr_carea' id='block_1_40' title="bbox 229 2793 1730 2863">
    <p class='ocr_par' dir='ltr' id='par_1_40' title="bbox 229 2793 1730 2863">
     <span class='ocr_line' id='line_1_40' title="bbox 229 2793 1730 2863; baseline 0.001 -20"><span class='ocrx_word' id='word_1_260' title='bbox 229 2811 249 2843; x_wconf 77' lang='grc' dir='ltr'><strong>ι</strong></span> <span class='ocrx_word' id='word_1_261' title='bbox 296 2794 469 2862; x_wconf 78' lang='grc' dir='ltr'><strong>τραχὺ</strong></span> <span class='ocrx_word' id='word_1_262' title='bbox 496 2794 590 2845; x_wconf 79' lang='grc' dir='ltr'><strong>καὶ</strong></span> <span class='ocrx_word' id='word_1_263' title='bbox 614 2793 872 2846; x_wconf 75' lang='grc' dir='ltr'><strong>ἐπίπονον</strong></span> <span class='ocrx_word' id='word_1_264' title='bbox 900 2793 1397 2863; x_wconf 80' lang='grc' dir='ltr'><strong>κατολιγωροῦντες</strong></span> <span class='ocrx_word' id='word_1_265' title='bbox 1427 2793 1528 2861; x_wconf 85' lang='grc' dir='ltr'><strong>τῆς</strong></span> <span class='ocrx_word' id='word_1_266' title='bbox 1560 2796 1730 2862; x_wconf 63' lang='grc' dir='ltr'><strong>ἀσκηθ-</strong></span> 
     </span>
    </p>
   </div>
   <div class='ocr_carea' id='block_1_41' title="bbox 233 2879 1729 2951">
    <p class='ocr_par' dir='ltr' id='par_1_41' title="bbox 233 2879 1729 2951">
     <span class='ocr_line' id='line_1_41' title="bbox 233 2879 1729 2951; baseline 0.003 -22"><span class='ocrx_word' id='word_1_267' title='bbox 233 2899 251 2929; x_wconf 77' lang='grc' dir='ltr'><strong>ι</strong></span> <span class='ocrx_word' id='word_1_268' title='bbox 300 2897 457 2946; x_wconf 83' lang='grc' dir='ltr'><strong>σεως,</strong></span> <span class='ocrx_word' id='word_1_269' title='bbox 484 2881 575 2931; x_wconf 76' lang='grc' dir='ltr'><strong>ἐπὶ</strong></span> <span class='ocrx_word' id='word_1_270' title='bbox 603 2884 691 2933; x_wconf 65' lang='grc' dir='ltr'><strong>τιν</strong></span> <span class='ocrx_word' id='word_1_271' title='bbox 720 2881 914 2948; x_wconf 83' lang='grc' dir='ltr'><strong>φιλόσα</strong></span> <span class='ocrx_word' id='word_1_272' title='bbox 926 2898 1052 2951; x_wconf 82' lang='grc' dir='ltr'><strong>ρκον</strong></span> <span class='ocrx_word' id='word_1_273' title='bbox 1076 2881 1169 2934; x_wconf 79' lang='grc' dir='ltr'><strong>καὶ</strong></span> <span class='ocrx_word' id='word_1_274' title='bbox 1199 2879 1443 2950; x_wconf 81' lang='grc' dir='ltr'><strong>ῆδονικὸν</strong></span> <span class='ocrx_word' id='word_1_275' title='bbox 1476 2879 1588 2951; x_wconf 74' lang='grc'><strong>(49)</strong></span> <span class='ocrx_word' id='word_1_276' title='bbox 1615 2879 1729 2949; x_wconf 87' lang='grc' dir='ltr'><strong>βίον</strong></span> 
     </span>
    </p>
   </div>
   <div class='ocr_carea' id='block_1_42' title="bbox 231 2971 1728 3043">
    <p class='ocr_par' dir='ltr' id='par_1_42' title="bbox 231 2971 1728 3043">
     <span class='ocr_line' id='line_1_42' title="bbox 231 2971 1728 3043; baseline 0.001 -21"><span class='ocrx_word' id='word_1_277' title='bbox 231 2991 250 3022; x_wconf 73' lang='grc' dir='ltr'><strong>ι</strong></span> <span class='ocrx_word' id='word_1_278' title='bbox 293 2972 492 3035; x_wconf 78' lang='grc' dir='ltr'><strong>ἀθλίως</strong></span> <span class='ocrx_word' id='word_1_279' title='bbox 514 2973 678 3027; x_wconf 83' lang='grc' dir='ltr'><strong>πάλιν</strong></span> <span class='ocrx_word' id='word_1_280' title='bbox 709 2973 1237 3043; x_wconf 65' lang='grc' dir='ltr'><strong>ἐπαναστρέφουσιν.</strong></span> <span class='ocrx_word' id='word_1_281' title='bbox 1270 2973 1490 3041; x_wconf 82' lang='grc' dir='ltr'><strong>Ὠρισεν</strong></span> <span class='ocrx_word' id='word_1_282' title='bbox 1518 2971 1611 3024; x_wconf 76' lang='grc' dir='ltr'><strong>οὖν</strong></span> <span class='ocrx_word' id='word_1_283' title='bbox 1641 2971 1728 3024; x_wconf 79' lang='grc' dir='ltr'><strong>διὰ</strong></span> 
     </span>
    </p>
   </div>
   <div class='ocr_carea' id='block_1_43' title="bbox 229 3057 1800 3134">
    <p class='ocr_par' dir='ltr' id='par_1_43' title="bbox 229 3057 1800 3134">
     <span class='ocr_line' id='line_1_43' title="bbox 229 3057 1800 3134; baseline 0.003 -22"><span class='ocrx_word' id='word_1_284' title='bbox 229 3082 248 3112; x_wconf 71' lang='grc' dir='ltr'><strong>ι</strong></span> <span class='ocrx_word' id='word_1_285' title='bbox 298 3061 458 3115; x_wconf 81' lang='grc' dir='ltr'><strong>τοῦτο</strong></span> <span class='ocrx_word' id='word_1_286' title='bbox 484 3065 516 3134; x_wconf 81' lang='grc' dir='ltr'>ἠ</span> <span class='ocrx_word' id='word_1_287' title='bbox 539 3064 670 3131; x_wconf 88' lang='grc' dir='ltr'><strong>ἀγία</strong></span> <span class='ocrx_word' id='word_1_288' title='bbox 688 3062 904 3126; x_wconf 77' lang='grc' dir='ltr'><strong>σύνοδος</strong></span> <span class='ocrx_word' id='word_1_289' title='bbox 929 3063 1134 3133; x_wconf 80' lang='grc' dir='ltr'><strong>μηδένα</strong></span> <span class='ocrx_word' id='word_1_290' title='bbox 1161 3063 1256 3116; x_wconf 78' lang='grc' dir='ltr'><strong>τοῦ</strong></span> <span class='ocrx_word' id='word_1_291' title='bbox 1278 3064 1570 3133; x_wconf 84' lang='grc' dir='ltr'><strong>μοναχικοῦ</strong></span> <span class='ocrx_word' id='word_1_292' title='bbox 1597 3081 1728 3116; x_wconf 80' lang='grc' dir='ltr'><strong>κατ·-</strong></span> <span class='ocrx_word' id='word_1_293' title='bbox 1757 3057 1800 3116; x_wconf 85' lang='lat' dir='ltr'><strong><em>C</em></strong></span> 
     </span>
    </p>
   </div>
   <div class='ocr_carea' id='block_1_44' title="bbox 229 3153 1726 3224">
    <p class='ocr_par' dir='ltr' id='par_1_44' title="bbox 229 3153 1726 3224">
     <span class='ocr_line' id='line_1_44' title="bbox 229 3153 1726 3224; baseline 0.003 -21"><span class='ocrx_word' id='word_1_294' title='bbox 229 3170 250 3203; x_wconf 78' lang='grc' dir='ltr'><strong>ε</strong></span> <span class='ocrx_word' id='word_1_295' title='bbox 295 3153 576 3217; x_wconf 79' lang='grc' dir='ltr'><strong>αξιοῦσθαι</strong></span> <span class='ocrx_word' id='word_1_296' title='bbox 637 3154 916 3224; x_wconf 78' lang='grc' dir='ltr'><strong>σχήματος</strong></span> <span class='ocrx_word' id='word_1_297' title='bbox 963 3155 1094 3223; x_wconf 78' lang='grc' dir='ltr'><strong>πρὶν</strong></span> <span class='ocrx_word' id='word_1_298' title='bbox 1128 3155 1196 3208; x_wconf 84' lang='grc' dir='ltr'><strong>ἂν</strong></span> <span class='ocrx_word' id='word_1_299' title='bbox 1240 3156 1269 3206; x_wconf 91' lang='grc' dir='ltr'><strong>ό</strong></span> <span class='ocrx_word' id='word_1_300' title='bbox 1328 3154 1425 3222; x_wconf 89' lang='grc' dir='ltr'><strong>τῆς</strong></span> <span class='ocrx_word' id='word_1_301' title='bbox 1482 3156 1726 3224; x_wconf 88' lang='grc' dir='ltr'><strong>τριετίας</strong></span> 
     </span>
    </p>
   </div>
   <div class='ocr_carea' id='block_1_45' title="bbox 236 3243 1726 3314">
    <p class='ocr_par' dir='ltr' id='par_1_45' title="bbox 236 3243 1726 3314">
     <span class='ocr_line' id='line_1_45' title="bbox 236 3243 1726 3314; baseline 0.001 -22"><span class='ocrx_word' id='word_1_302' title='bbox 236 3261 255 3292; x_wconf 69' lang='grc' dir='ltr'><strong>ι</strong></span> <span class='ocrx_word' id='word_1_303' title='bbox 297 3244 489 3314; x_wconf 81' lang='grc' dir='ltr'><strong>χρόνος</strong></span> <span class='ocrx_word' id='word_1_304' title='bbox 514 3246 594 3305; x_wconf 88' lang='grc' dir='ltr'><strong>είς</strong></span> <span class='ocrx_word' id='word_1_305' title='bbox 619 3247 815 3312; x_wconf 86' lang='grc' dir='ltr'><strong>πεῖραν</strong></span> <span class='ocrx_word' id='word_1_306' title='bbox 849 3243 1034 3305; x_wconf 80' lang='grc' dir='ltr'><strong>αὐτοῖς</strong></span> <span class='ocrx_word' id='word_1_307' title='bbox 1065 3243 1290 3309; x_wconf 77' lang='grc' dir='ltr'><strong>ἀφεθεὶς</strong></span> <span class='ocrx_word' id='word_1_308' title='bbox 1320 3243 1578 3312; x_wconf 82' lang='grc' dir='ltr'><strong>δοκίμους</strong></span> <span class='ocrx_word' id='word_1_309' title='bbox 1623 3245 1726 3295; x_wconf 88' lang='grc' dir='ltr'><strong>αὑ-</strong></span> 
     </span>
    </p>
   </div>
   <div class='ocr_carea' id='block_1_46' title="bbox 231 3334 1728 3405">
    <p class='ocr_par' dir='ltr' id='par_1_46' title="bbox 231 3334 1728 3405">
     <span class='ocr_line' id='line_1_46' title="bbox 231 3334 1728 3405; baseline 0.001 -18"><span class='ocrx_word' id='word_1_310' title='bbox 231 3353 250 3386; x_wconf 71' lang='grc'><strong>(</strong></span> <span class='ocrx_word' id='word_1_311' title='bbox 297 3337 425 3398; x_wconf 82' lang='grc' dir='ltr'><strong>τοὺς</strong></span> <span class='ocrx_word' id='word_1_312' title='bbox 454 3338 552 3388; x_wconf 76' lang='grc' dir='ltr'><strong>καὶ</strong></span> <span class='ocrx_word' id='word_1_313' title='bbox 579 3334 763 3399; x_wconf 81' lang='grc' dir='ltr'><strong>ἀξίους</strong></span> <span class='ocrx_word' id='word_1_314' title='bbox 790 3335 887 3402; x_wconf 82' lang='grc' dir='ltr'><strong>τῆς</strong></span> <span class='ocrx_word' id='word_1_315' title='bbox 919 3334 1254 3405; x_wconf 83' lang='grc' dir='ltr'><strong>τηλικαύτης</strong></span> <span class='ocrx_word' id='word_1_316' title='bbox 1303 3334 1490 3404; x_wconf 84' lang='grc' dir='ltr'><strong>βιοτῆς</strong></span> <span class='ocrx_word' id='word_1_317' title='bbox 1541 3351 1728 3405; x_wconf 87' lang='grc' dir='ltr'><strong>παρα-</strong></span> 
     </span>
    </p>
   </div>
   <div class='ocr_carea' id='block_1_47' title="bbox 235 3425 1725 3499">
    <p class='ocr_par' dir='ltr' id='par_1_47' title="bbox 235 3425 1725 3499">
     <span class='ocr_line' id='line_1_47' title="bbox 235 3425 1725 3499; baseline 0.001 -21"><span class='ocrx_word' id='word_1_318' title='bbox 235 3445 254 3478; x_wconf 75' lang='grc'><strong>(</strong></span> <span class='ocrx_word' id='word_1_319' title='bbox 303 3427 497 3498; x_wconf 83' lang='grc' dir='ltr'><strong>στήσῃ.</strong></span> <span class='ocrx_word' id='word_1_320' title='bbox 530 3427 639 3480; x_wconf 75' lang='grc' dir='ltr'><strong>Καὶ</strong></span> <span class='ocrx_word' id='word_1_321' title='bbox 679 3425 837 3479; x_wconf 85' lang='grc' dir='ltr'><strong>τοῦτο</strong></span> <span class='ocrx_word' id='word_1_322' title='bbox 861 3428 1084 3498; x_wconf 83' lang='grc' dir='ltr'><strong>κρατεῖν</strong></span> <span class='ocrx_word' id='word_1_323' title='bbox 1113 3429 1301 3490; x_wconf 65' lang='grc' dir='ltr'><strong>,παντὶ</strong></span> <span class='ocrx_word' id='word_1_324' title='bbox 1350 3430 1538 3498; x_wconf 87' lang='grc' dir='ltr'><strong>τρόπῳ</strong></span> <span class='ocrx_word' id='word_1_325' title='bbox 1579 3445 1725 3499; x_wconf 87' lang='grc' dir='ltr'><strong>παρ-</strong></span> 
     </span>
    </p>
   </div>
   <div class='ocr_carea' id='block_1_48' title="bbox 232 3517 1728 3589">
    <p class='ocr_par' dir='ltr' id='par_1_48' title="bbox 232 3517 1728 3589">
     <span class='ocr_line' id='line_1_48' title="bbox 232 3517 1728 3589; baseline 0.002 -20"><span class='ocrx_word' id='word_1_326' title='bbox 232 3537 250 3569; x_wconf 77' lang='grc' dir='ltr'><strong>ε</strong></span> <span class='ocrx_word' id='word_1_327' title='bbox 300 3517 652 3584; x_wconf 83' lang='grc' dir='ltr'><strong>εκελεύσατο,</strong></span> <span class='ocrx_word' id='word_1_328' title='bbox 690 3519 831 3588; x_wconf 80' lang='grc' dir='ltr'><strong>πλὴν</strong></span> <span class='ocrx_word' id='word_1_329' title='bbox 865 3520 912 3570; x_wconf 90' lang='grc' dir='ltr'><strong>εί</strong></span> <span class='ocrx_word' id='word_1_330' title='bbox 944 3519 1116 3588; x_wconf 80' lang='grc' dir='ltr'><strong>μήπω</strong></span> <span class='ocrx_word' id='word_1_331' title='bbox 1147 3535 1231 3581; x_wconf 89' lang='grc' dir='ltr'><strong>τις</strong></span> <span class='ocrx_word' id='word_1_332' title='bbox 1263 3519 1455 3589; x_wconf 80' lang='grc' dir='ltr'><strong>βαρεῖα</strong></span> <span class='ocrx_word' id='word_1_333' title='bbox 1489 3536 1728 3588; x_wconf 88' lang='grc' dir='ltr'><strong>προσπε-</strong></span> 
     </span>
    </p>
   </div>
   <div class='ocr_carea' id='block_1_49' title="bbox 238 3609 1727 3678">
    <p class='ocr_par' dir='ltr' id='par_1_49' title="bbox 238 3609 1727 3678">
     <span class='ocr_line' id='line_1_49' title="bbox 238 3609 1727 3678; baseline 0 -17"><span class='ocrx_word' id='word_1_334' title='bbox 238 3628 256 3661; x_wconf 78' lang='grc' dir='ltr'><strong>ι</strong></span> <span class='ocrx_word' id='word_1_335' title='bbox 304 3609 475 3662; x_wconf 82' lang='grc' dir='ltr'><strong>σοῦσα</strong></span> <span class='ocrx_word' id='word_1_336' title='bbox 507 3610 660 3672; x_wconf 83' lang='grc' dir='ltr'><strong>νόσος</strong></span> <span class='ocrx_word' id='word_1_337' title='bbox 717 3609 811 3661; x_wconf 80' lang='grc' dir='ltr'><strong>τὸν</strong></span> <span class='ocrx_word' id='word_1_338' title='bbox 876 3610 1068 3676; x_wconf 77' lang='grc' dir='ltr'><strong>χρόνον</strong></span> <span class='ocrx_word' id='word_1_339' title='bbox 1115 3609 1399 3677; x_wconf 81' lang='grc' dir='ltr'><strong>ἀναγκάσῃ</strong></span> <span class='ocrx_word' id='word_1_340' title='bbox 1455 3609 1727 3678; x_wconf 79' lang='grc' dir='ltr'><strong>συσταλῆο</strong></span> 
     </span>
    </p>
   </div>
   <div class='ocr_carea' id='block_1_50' title="bbox 223 3701 1724 3772">
    <p class='ocr_par' dir='ltr' id='par_1_50' title="bbox 223 3701 1724 3772">
     <span class='ocr_line' id='line_1_50' title="bbox 223 3701 1724 3772; baseline -0.001 -19"><span class='ocrx_word' id='word_1_341' title='bbox 223 3719 246 3753; x_wconf 74' lang='grc' dir='ltr'><strong>ι</strong></span> <span class='ocrx_word' id='word_1_342' title='bbox 293 3720 380 3756; x_wconf 86' lang='grc' dir='ltr'><strong>ναι</strong></span> <span class='ocrx_word' id='word_1_343' title='bbox 423 3701 522 3769; x_wconf 81' lang='grc' dir='ltr'><strong>τῆς</strong></span> <span class='ocrx_word' id='word_1_344' title='bbox 582 3703 904 3772; x_wconf 87' lang='grc' dir='ltr'><strong>δοκιμασίας</strong></span> <span class='ocrx_word' id='word_1_345' title='bbox 934 3719 946 3732; x_wconf 92' lang='grc'><strong>·</strong></span> <span class='ocrx_word' id='word_1_346' title='bbox 984 3702 1088 3770; x_wconf 82' lang='grc' dir='ltr'><strong>ἢεί</strong></span> <span class='ocrx_word' id='word_1_347' title='bbox 1119 3704 1192 3771; x_wconf 84' lang='grc' dir='ltr'><strong>μή</strong></span> <span class='ocrx_word' id='word_1_348' title='bbox 1242 3702 1331 3753; x_wconf 87' lang='grc' dir='ltr'><strong>πώ</strong></span> <span class='ocrx_word' id='word_1_349' title='bbox 1359 3718 1442 3764; x_wconf 89' lang='grc' dir='ltr'><strong>τις</strong></span> <span class='ocrx_word' id='word_1_350' title='bbox 1470 3702 1558 3770; x_wconf 79' lang='grc' dir='ltr'><strong>εἴη</strong></span> <span class='ocrx_word' id='word_1_351' title='bbox 1587 3702 1724 3771; x_wconf 74' lang='grc' dir='ltr'><strong>ἀνὴρ</strong></span> 
     </span>
    </p>
   </div>
   <div class='ocr_carea' id='block_1_51' title="bbox 230 3793 1726 3864">
    <p class='ocr_par' dir='ltr' id='par_1_51' title="bbox 230 3793 1726 3864">
     <span class='ocr_line' id='line_1_51' title="bbox 230 3793 1726 3864; baseline 0.001 -19"><span class='ocrx_word' id='word_1_352' title='bbox 230 3812 250 3845; x_wconf 75' lang='grc' dir='ltr'><strong>ε</strong></span> <span class='ocrx_word' id='word_1_353' title='bbox 293 3795 550 3864; x_wconf 79' lang='grc' dir='ltr'><strong>εὐλαὸὴς,</strong></span> <span class='ocrx_word' id='word_1_354' title='bbox 585 3796 676 3846; x_wconf 74' lang='grc' dir='ltr'><strong>καὶ</strong></span> <span class='ocrx_word' id='word_1_355' title='bbox 703 3796 794 3847; x_wconf 79' lang='grc' dir='ltr'><strong>τὸν</strong></span> <span class='ocrx_word' id='word_1_356' title='bbox 829 3794 1120 3864; x_wconf 81' lang='grc' dir='ltr'><strong>μοναχικὸν</strong></span> <span class='ocrx_word' id='word_1_357' title='bbox 1147 3795 1260 3861; x_wconf 83' lang='grc' dir='ltr'><strong>βίον</strong></span> <span class='ocrx_word' id='word_1_358' title='bbox 1287 3795 1345 3846; x_wconf 81' lang='grc' dir='ltr'><strong>ὲν</strong></span> <span class='ocrx_word' id='word_1_359' title='bbox 1374 3794 1450 3861; x_wconf 80' lang='grc' dir='ltr'><strong>τῷ</strong></span> <span class='ocrx_word' id='word_1_360' title='bbox 1475 3793 1726 3864; x_wconf 86' lang='grc' dir='ltr'><strong>κοσμικῷ</strong></span> 
     </span>
    </p>
   </div>
   <div class='ocr_carea' id='block_1_52' title="bbox 232 3884 1728 3954">
    <p class='ocr_par' dir='ltr' id='par_1_52' title="bbox 232 3884 1728 3954">
     <span class='ocr_line' id='line_1_52' title="bbox 232 3884 1728 3954; baseline -0.001 -17"><span class='ocrx_word' id='word_1_361' title='bbox 232 3905 250 3937; x_wconf 79' lang='grc' dir='ltr'><strong>ι</strong></span> <span class='ocrx_word' id='word_1_362' title='bbox 296 3885 530 3938; x_wconf 87' lang='grc' dir='ltr'><strong>διανύων</strong></span> <span class='ocrx_word' id='word_1_363' title='bbox 573 3889 832 3954; x_wconf 85' lang='grc' dir='ltr'><strong>σχήματι.</strong></span> <span class='ocrx_word' id='word_1_364' title='bbox 874 3885 999 3937; x_wconf 81' lang='grc' dir='ltr'><strong>Ἐπὶ</strong></span> <span class='ocrx_word' id='word_1_365' title='bbox 1057 3885 1166 3954; x_wconf 78' lang='grc' dir='ltr'><strong>γὰρ</strong></span> <span class='ocrx_word' id='word_1_366' title='bbox 1202 3884 1293 3937; x_wconf 85' lang='grc' dir='ltr'><strong>τοῦ</strong></span> <span class='ocrx_word' id='word_1_367' title='bbox 1339 3884 1588 3936; x_wconf 90' lang='grc' dir='ltr'><strong>τοιούτου</strong></span> <span class='ocrx_word' id='word_1_368' title='bbox 1634 3886 1728 3936; x_wconf 83' lang='grc' dir='ltr'><strong>ἀν-</strong></span> 
     </span>
    </p>
   </div>
   <div class='ocr_carea' id='block_1_53' title="bbox 231 3979 1727 4049">
    <p class='ocr_par' dir='ltr' id='par_1_53' title="bbox 231 3979 1727 4049">
     <span class='ocr_line' id='line_1_53' title="bbox 231 3979 1727 4049; baseline -0.001 -18"><span class='ocrx_word' id='word_1_369' title='bbox 231 3997 251 4031; x_wconf 76' lang='grc' dir='ltr'><strong>ε</strong></span> <span class='ocrx_word' id='word_1_370' title='bbox 298 3979 422 4048; x_wconf 83' lang='grc' dir='ltr'><strong>δρὸς</strong></span> <span class='ocrx_word' id='word_1_371' title='bbox 455 3981 535 4041; x_wconf 87' lang='grc' dir='ltr'><strong>είς</strong></span> <span class='ocrx_word' id='word_1_372' title='bbox 568 3979 878 4048; x_wconf 82' lang='grc' dir='ltr'><strong>ἀπόπειραν</strong></span> <span class='ocrx_word' id='word_1_373' title='bbox 909 3979 1148 4048; x_wconf 81' lang='grc' dir='ltr'><strong>παντελῆ</strong></span> <span class='ocrx_word' id='word_1_374' title='bbox 1179 3979 1273 4030; x_wconf 82' lang='grc' dir='ltr'><strong>καὶ</strong></span> <span class='ocrx_word' id='word_1_375' title='bbox 1305 3981 1332 4031; x_wconf 87' lang='grc' dir='ltr'>ὁ</span> <span class='ocrx_word' id='word_1_376' title='bbox 1375 3981 1727 4049; x_wconf 75' lang='grc' dir='ltr'><strong>ὲξαμηνιαῖος</strong></span> 
     </span>
    </p>
   </div>
   <div class='ocr_carea' id='block_1_54' title="bbox 234 4069 1726 4140">
    <p class='ocr_par' dir='ltr' id='par_1_54' title="bbox 234 4069 1726 4140">
     <span class='ocr_line' id='line_1_54' title="bbox 234 4069 1726 4140; baseline -0.001 -17"><span class='ocrx_word' id='word_1_377' title='bbox 234 4090 255 4122; x_wconf 79' lang='grc' dir='ltr'><strong>ι</strong></span> <span class='ocrx_word' id='word_1_378' title='bbox 299 4071 523 4140; x_wconf 83' lang='grc' dir='ltr'><strong>ἀρκέσει</strong></span> <span class='ocrx_word' id='word_1_379' title='bbox 550 4070 761 4139; x_wconf 84' lang='grc' dir='ltr'><strong>χρόνος.</strong></span> <span class='ocrx_word' id='word_1_380' title='bbox 802 4069 863 4122; x_wconf 74' lang='lat' dir='ltr'><strong>Ei</strong></span> <span class='ocrx_word' id='word_1_381' title='bbox 896 4069 954 4120; x_wconf 73' lang='grc' dir='ltr'><strong>δέ</strong></span> <span class='ocrx_word' id='word_1_382' title='bbox 984 4086 1068 4132; x_wconf 88' lang='grc' dir='ltr'><strong>τις</strong></span> <span class='ocrx_word' id='word_1_383' title='bbox 1102 4070 1252 4138; x_wconf 89' lang='grc' dir='ltr'><strong>παρά</strong></span> <span class='ocrx_word' id='word_1_384' title='bbox 1280 4072 1452 4122; x_wconf 83' lang='grc' dir='ltr'><strong>ταῦτα</strong></span> <span class='ocrx_word' id='word_1_385' title='bbox 1493 4070 1726 4140; x_wconf 80' lang='grc' dir='ltr'><strong>διαπρά-</strong></span> 
     </span>
    </p>
   </div>
   <div class='ocr_carea' id='block_1_55' title="bbox 233 4160 1726 4230">
    <p class='ocr_par' dir='ltr' id='par_1_55' title="bbox 233 4160 1726 4230">
     <span class='ocr_line' id='line_1_55' title="bbox 233 4160 1726 4230; baseline -0.001 -16"><span class='ocrx_word' id='word_1_386' title='bbox 233 4182 250 4214; x_wconf 78' lang='grc' dir='ltr'><strong>ι</strong></span> <span class='ocrx_word' id='word_1_387' title='bbox 299 4161 468 4225; x_wconf 80' lang='grc' dir='ltr'><strong>ξεται,</strong></span> <span class='ocrx_word' id='word_1_388' title='bbox 496 4165 585 4213; x_wconf 80' lang='grc' dir='ltr'><strong>τὸν</strong></span> <span class='ocrx_word' id='word_1_389' title='bbox 615 4162 714 4230; x_wconf 84' lang='grc' dir='ltr'><strong>μὲν</strong></span> <span class='ocrx_word' id='word_1_390' title='bbox 743 4160 1050 4230; x_wconf 75' lang='grc' dir='ltr'><strong>ἡγούμενον</strong></span> <span class='ocrx_word' id='word_1_391' title='bbox 1091 4162 1190 4229; x_wconf 87' lang='grc' dir='ltr'><strong>τῆς</strong></span> <span class='ocrx_word' id='word_1_392' title='bbox 1236 4161 1602 4229; x_wconf 83' lang='grc' dir='ltr'><strong>ήγουμενείας</strong></span> <span class='ocrx_word' id='word_1_393' title='bbox 1633 4163 1726 4212; x_wconf 85' lang='grc' dir='ltr'><strong>ὲκ-</strong></span> 
     </span>
    </p>
   </div>
   <div class='ocr_carea' id='block_1_56' title="bbox 232 4246 1724 4318">
    <p class='ocr_par' dir='ltr' id='par_1_56' title="bbox 232 4246 1724 4318">
     <span class='ocr_line' id='line_1_56' title="bbox 232 4246 1724 4318; baseline 0.003 -20"><span class='ocrx_word' id='word_1_394' title='bbox 232 4267 249 4298; x_wconf 78' lang='grc' dir='ltr'><strong>ι</strong></span> <span class='ocrx_word' id='word_1_395' title='bbox 307 4247 598 4317; x_wconf 64' lang='grc' dir='ltr'><strong>πίπτοντας</strong></span> <span class='ocrx_word' id='word_1_396' title='bbox 630 4248 880 4300; x_wconf 80' lang='grc' dir='ltr'><strong>παιδείαν</strong></span> <span class='ocrx_word' id='word_1_397' title='bbox 914 4247 1008 4317; x_wconf 84' lang='grc' dir='ltr'><strong>τῆς</strong></span> <span class='ocrx_word' id='word_1_398' title='bbox 1055 4246 1281 4312; x_wconf 81' lang='grc' dir='ltr'><strong>ἀταξίας</strong></span> <span class='ocrx_word' id='word_1_399' title='bbox 1307 4248 1406 4318; x_wconf 82' lang='grc' dir='ltr'><strong>τὴν</strong></span> <span class='ocrx_word' id='word_1_400' title='bbox 1430 4251 1487 4301; x_wconf 81' lang='grc' dir='ltr'><strong>ὲν</strong></span> <span class='ocrx_word' id='word_1_401' title='bbox 1516 4250 1724 4303; x_wconf 84' lang='grc' dir='ltr'><strong>ὑποτα-</strong></span> 
     </span>
    </p>
   </div>
   <div class='ocr_carea' id='block_1_57' title="bbox 232 4339 1725 4409">
    <p class='ocr_par' dir='ltr' id='par_1_57' title="bbox 232 4339 1725 4409">
     <span class='ocr_line' id='line_1_57' title="bbox 232 4339 1725 4409; baseline 0.003 -20"><span class='ocrx_word' id='word_1_402' title='bbox 232 4359 249 4390; x_wconf 77' lang='grc' dir='ltr'><strong>ι</strong></span> <span class='ocrx_word' id='word_1_403' title='bbox 295 4343 368 4408; x_wconf 79' lang='grc' dir='ltr'><strong>γῇ</strong></span> <span class='ocrx_word' id='word_1_404' title='bbox 423 4339 701 4408; x_wconf 85' lang='grc' dir='ltr'><strong>διαγωγὴν</strong></span> <span class='ocrx_word' id='word_1_405' title='bbox 758 4341 1106 4409; x_wconf 80' lang='grc' dir='ltr'><strong>ὲφευρίσκειν</strong></span> <span class='ocrx_word' id='word_1_406' title='bbox 1133 4357 1147 4370; x_wconf 79' lang='grc' dir='ltr'><strong>ο</strong></span> <span class='ocrx_word' id='word_1_407' title='bbox 1183 4340 1275 4392; x_wconf 79' lang='grc' dir='ltr'><strong>τὸν</strong></span> <span class='ocrx_word' id='word_1_408' title='bbox 1312 4341 1367 4391; x_wconf 82' lang='grc' dir='ltr'><strong>δὲ</strong></span> <span class='ocrx_word' id='word_1_409' title='bbox 1418 4344 1725 4408; x_wconf 84' lang='grc' dir='ltr'><strong>μονάσαντα</strong></span> 
     </span>
    </p>
   </div>
   <div class='ocr_carea' id='block_1_58' title="bbox 235 4429 1722 4499">
    <p class='ocr_par' dir='ltr' id='par_1_58' title="bbox 235 4429 1722 4499">
     <span class='ocr_line' id='line_1_58' title="bbox 235 4429 1722 4499; baseline 0.001 -18"><span class='ocrx_word' id='word_1_410' title='bbox 235 4448 254 4481; x_wconf 76' lang='grc' dir='ltr'><strong>ι</strong></span> <span class='ocrx_word' id='word_1_411' title='bbox 300 4432 360 4480; x_wconf 82' lang='grc' dir='ltr'><strong>ὲν</strong></span> <span class='ocrx_word' id='word_1_412' title='bbox 394 4429 558 4498; x_wconf 78' lang='grc' dir='ltr'><strong>ἑτέρᾳ</strong></span> <span class='ocrx_word' id='word_1_413' title='bbox 592 4431 728 4498; x_wconf 81' lang='grc' dir='ltr'><strong>μονῇ</strong></span> <span class='ocrx_word' id='word_1_414' title='bbox 749 4429 846 4499; x_wconf 76' lang='grc' dir='ltr'><strong>τὴν</strong></span> <span class='ocrx_word' id='word_1_415' title='bbox 878 4429 1178 4498; x_wconf 78' lang='grc' dir='ltr'><strong>μοναχικὴν</strong></span> <span class='ocrx_word' id='word_1_416' title='bbox 1206 4429 1493 4498; x_wconf 78' lang='grc' dir='ltr'><strong>ἀκρίϐειαν</strong></span> <span class='ocrx_word' id='word_1_417' title='bbox 1521 4430 1722 4497; x_wconf 85' lang='grc' dir='ltr'><strong>φυλατ-</strong></span> 
     </span>
    </p>
   </div>
   <div class='ocr_carea' id='block_1_59' title="bbox 225 4520 976 4591">
    <p class='ocr_par' dir='ltr' id='par_1_59' title="bbox 225 4520 976 4591">
     <span class='ocr_line' id='line_1_59' title="bbox 225 4520 976 4591; baseline -0.003 -18"><span class='ocrx_word' id='word_1_418' title='bbox 225 4539 246 4573; x_wconf 81' lang='grc'><em>‹</em></span> <span class='ocrx_word' id='word_1_419' title='bbox 293 4521 467 4590; x_wconf 79' lang='grc' dir='ltr'><strong>τούσῃ</strong></span> <span class='ocrx_word' id='word_1_420' title='bbox 503 4520 918 4591; x_wconf 82' lang='grc' dir='ltr'><strong>παραδίδοσθαι.</strong></span> <span class='ocrx_word' id='word_1_421' title='bbox 958 4540 976 4571; x_wconf 76' lang='grc' dir='ltr'><strong>ι</strong></span> 
     </span>
    </p>
   </div>
   <div class='ocr_carea' id='block_1_60' title="bbox 223 4611 1726 4683">
    <p class='ocr_par' dir='ltr' id='par_1_60' title="bbox 223 4611 1726 4683">
     <span class='ocr_line' id='line_1_60' title="bbox 223 4611 1726 4683; baseline 0.001 -18"><span class='ocrx_word' id='word_1_422' title='bbox 223 4611 420 4666; x_wconf 76' lang='grc' dir='ltr'><strong>ΒΑΛΣ.</strong></span> <span class='ocrx_word' id='word_1_423' title='bbox 460 4612 729 4672; x_wconf 81' lang='grc' dir='ltr'><strong>Πολλάκις</strong></span> <span class='ocrx_word' id='word_1_424' title='bbox 786 4613 951 4676; x_wconf 66' lang='grc' dir='ltr'><strong>τινὲς,</strong></span> <span class='ocrx_word' id='word_1_425' title='bbox 1008 4613 1173 4680; x_wconf 73' lang='grc' dir='ltr'><strong>φασὶν</strong></span> <span class='ocrx_word' id='word_1_426' title='bbox 1229 4613 1279 4664; x_wconf 81' lang='grc' dir='ltr'><strong>οἱ</strong></span> <span class='ocrx_word' id='word_1_427' title='bbox 1342 4613 1726 4683; x_wconf 77' lang='grc' dir='ltr'><strong>Πατέρες,διά</strong></span> 
     </span>
    </p>
   </div>
   <div class='ocr_carea' id='block_1_61' title="bbox 137 4703 1725 4777">
    <p class='ocr_par' dir='ltr' id='par_1_61' title="bbox 137 4703 1725 4777">
     <span class='ocr_line' id='line_1_61' title="bbox 137 4703 1725 4777; baseline -0.003 -16"><span class='ocrx_word' id='word_1_428' title='bbox 137 4707 332 4777; x_wconf 75' lang='grc' dir='ltr'><strong>θλίψιν</strong></span> <span class='ocrx_word' id='word_1_429' title='bbox 359 4705 393 4775; x_wconf 76' lang='grc' dir='ltr'>ἢ</span> <span class='ocrx_word' id='word_1_430' title='bbox 416 4703 610 4776; x_wconf 66' lang='grc' dir='ltr'><strong>ἑτέραν</strong></span> <span class='ocrx_word' id='word_1_431' title='bbox 635 4705 929 4775; x_wconf 85' lang='grc' dir='ltr'><strong>ὀλιγωρίαν</strong></span> <span class='ocrx_word' id='word_1_432' title='bbox 955 4708 1076 4757; x_wconf 78' lang='grc' dir='ltr'><strong>τινὰ</strong></span> <span class='ocrx_word' id='word_1_433' title='bbox 1097 4705 1188 4755; x_wconf 86' lang='grc' dir='ltr'><strong>τὸν</strong></span> <span class='ocrx_word' id='word_1_434' title='bbox 1206 4706 1418 4775; x_wconf 82' lang='grc' dir='ltr'><strong>μονήρη</strong></span> <span class='ocrx_word' id='word_1_435' title='bbox 1453 4705 1564 4774; x_wconf 83' lang='grc' dir='ltr'><strong>βίον</strong></span> <span class='ocrx_word' id='word_1_436' title='bbox 1592 4722 1725 4774; x_wconf 87' lang='grc' dir='ltr'><strong>προ-</strong></span> 
     </span>
    </p>
   </div>
   <div class='ocr_carea' id='block_1_62' title="bbox 135 4795 1722 4868">
    <p class='ocr_par' dir='ltr' id='par_1_62' title="bbox 135 4795 1722 4868">
     <span class='ocr_line' id='line_1_62' title="bbox 135 4795 1722 4868; baseline -0.004 -14"><span class='ocrx_word' id='word_1_437' title='bbox 135 4803 338 4862; x_wconf 85' lang='grc' dir='ltr'><strong>πετῶς</strong></span> <span class='ocrx_word' id='word_1_438' title='bbox 373 4798 752 4868; x_wconf 80' lang='grc' dir='ltr'><strong>ὑποδυόμενοι,</strong></span> <span class='ocrx_word' id='word_1_439' title='bbox 794 4795 890 4849; x_wconf 79' lang='grc' dir='ltr'><strong>καὶ</strong></span> <span class='ocrx_word' id='word_1_440' title='bbox 931 4797 1006 4865; x_wconf 84' lang='grc' dir='ltr'><strong>μὴ</strong></span> <span class='ocrx_word' id='word_1_441' title='bbox 1044 4796 1333 4864; x_wconf 84' lang='grc' dir='ltr'><strong>δυνάμενοι</strong></span> <span class='ocrx_word' id='word_1_442' title='bbox 1379 4798 1722 4865; x_wconf 80' lang='grc' dir='ltr'><strong>καρτερῆσαι</strong></span> 
     </span>
    </p>
   </div>
   <div class='ocr_carea' id='block_1_63' title="bbox 133 4888 1726 4960">
    <p class='ocr_par' dir='ltr' id='par_1_63' title="bbox 133 4888 1726 4960">
     <span class='ocr_line' id='line_1_63' title="bbox 133 4888 1726 4960; baseline -0.002 -15"><span class='ocrx_word' id='word_1_443' title='bbox 133 4895 208 4945; x_wconf 77' lang='grc' dir='ltr'><strong>τὸ</strong></span> <span class='ocrx_word' id='word_1_444' title='bbox 239 4891 491 4945; x_wconf 68' lang='grc' dir='ltr'><strong>ἐπίπονον</strong></span> <span class='ocrx_word' id='word_1_445' title='bbox 521 4893 618 4959; x_wconf 84' lang='grc' dir='ltr'><strong>τῆς</strong></span> <span class='ocrx_word' id='word_1_446' title='bbox 650 4891 958 4960; x_wconf 87' lang='grc' dir='ltr'><strong>ἀσκήσεως,</strong></span> <span class='ocrx_word' id='word_1_447' title='bbox 992 4888 1414 4958; x_wconf 80' lang='grc' dir='ltr'><strong>μεταμέλονται,</strong></span> <span class='ocrx_word' id='word_1_448' title='bbox 1457 4889 1552 4942; x_wconf 79' lang='grc' dir='ltr'><strong>καὶ</strong></span> <span class='ocrx_word' id='word_1_449' title='bbox 1590 4891 1726 4960; x_wconf 77' lang='grc' dir='ltr'><strong>πρὸς</strong></span> 
     </span>
    </p>
   </div>
   <div class='ocr_carea' id='block_1_64' title="bbox 136 4982 1726 5057">
    <p class='ocr_par' dir='ltr' id='par_1_64' title="bbox 136 4982 1726 5057">
     <span class='ocr_line' id='line_1_64' title="bbox 136 4982 1726 5057; baseline -0.004 -18"><span class='ocrx_word' id='word_1_450' title='bbox 136 4987 255 5057; x_wconf 79' lang='grc' dir='ltr'><strong>τὴν</strong></span> <span class='ocrx_word' id='word_1_451' title='bbox 280 4985 556 5055; x_wconf 79' lang='grc' dir='ltr'><strong>προτέραν</strong></span> <span class='ocrx_word' id='word_1_452' title='bbox 582 4983 855 5051; x_wconf 81' lang='grc' dir='ltr'><strong>κοσμικὴν</strong></span> <span class='ocrx_word' id='word_1_453' title='bbox 895 4982 1172 5050; x_wconf 76' lang='grc' dir='ltr'><strong>διαγωγὴν</strong></span> <span class='ocrx_word' id='word_1_454' title='bbox 1223 4983 1407 5045; x_wconf 85' lang='grc' dir='ltr'><strong>κακῶς</strong></span> <span class='ocrx_word' id='word_1_455' title='bbox 1462 4983 1726 5052; x_wconf 76' lang='grc' dir='ltr'><strong>ὑποστρέο</strong></span> 
     </span>
    </p>
   </div>
   <div class='ocr_carea' id='block_1_65' title="bbox 138 5067 1728 5146">
    <p class='ocr_par' dir='ltr' id='par_1_65' title="bbox 138 5067 1728 5146">
     <span class='ocr_line' id='line_1_65' title="bbox 138 5067 1728 5146; baseline -0.003 -19"><span class='ocrx_word' id='word_1_456' title='bbox 138 5090 366 5146; x_wconf 80' lang='grc' dir='ltr'><strong>φουσιν.</strong></span> <span class='ocrx_word' id='word_1_457' title='bbox 396 5075 622 5144; x_wconf 87' lang='grc' dir='ltr'><strong>Ὠρισαν</strong></span> <span class='ocrx_word' id='word_1_458' title='bbox 655 5067 748 5124; x_wconf 78' lang='grc' dir='ltr'><strong>οὖν</strong></span> <span class='ocrx_word' id='word_1_459' title='bbox 787 5071 990 5140; x_wconf 82' lang='grc' dir='ltr'><strong>μηδένα</strong></span> <span class='ocrx_word' id='word_1_460' title='bbox 1021 5070 1412 5133; x_wconf 78' lang='grc' dir='ltr'><strong>καταξιοῦσθαι</strong></span> <span class='ocrx_word' id='word_1_461' title='bbox 1438 5074 1532 5122; x_wconf 75' lang='grc' dir='ltr'><strong>τοῦ</strong></span> <span class='ocrx_word' id='word_1_462' title='bbox 1558 5089 1728 5140; x_wconf 57' lang='grc' dir='ltr'><strong>μονα-</strong></span> 
     </span>
    </p>
   </div>
   <div class='ocr_carea' id='block_1_66' title="bbox 139 5161 1721 5235">
    <p class='ocr_par' dir='ltr' id='par_1_66' title="bbox 139 5161 1721 5235">
     <span class='ocr_line' id='line_1_66' title="bbox 139 5161 1721 5235; baseline -0.001 -18"><span class='ocrx_word' id='word_1_463' title='bbox 139 5164 313 5235; x_wconf 79' lang='grc' dir='ltr'><strong>χικοῦ</strong></span> <span class='ocrx_word' id='word_1_464' title='bbox 355 5164 635 5233; x_wconf 77' lang='grc' dir='ltr'><strong>σχήματος</strong></span> <span class='ocrx_word' id='word_1_465' title='bbox 667 5161 774 5232; x_wconf 78' lang='grc' dir='ltr'><strong>πρὸ</strong></span> <span class='ocrx_word' id='word_1_466' title='bbox 821 5161 1147 5230; x_wconf 83' lang='grc' dir='ltr'><strong>δοκιμασίας</strong></span> <span class='ocrx_word' id='word_1_467' title='bbox 1187 5162 1280 5214; x_wconf 74' lang='grc' dir='ltr'><strong>καὶ</strong></span> <span class='ocrx_word' id='word_1_468' title='bbox 1314 5162 1721 5226; x_wconf 79' lang='grc' dir='ltr'><strong>κατεξετὰσεως</strong></span> 
     </span>
    </p>
   </div>
   <div class='ocr_carea' id='block_1_67' title="bbox 136 5253 1725 5325">
    <p class='ocr_par' dir='ltr' id='par_1_67' title="bbox 136 5253 1725 5325">
     <span class='ocr_line' id='line_1_67' title="bbox 136 5253 1725 5325; baseline -0.003 -14"><span class='ocrx_word' id='word_1_469' title='bbox 136 5261 253 5325; x_wconf 80' lang='grc' dir='ltr'><strong>τῆς</strong></span> <span class='ocrx_word' id='word_1_470' title='bbox 281 5254 559 5324; x_wconf 81' lang='grc' dir='ltr'><strong>διαγωγῆς</strong></span> <span class='ocrx_word' id='word_1_471' title='bbox 580 5255 673 5306; x_wconf 84' lang='grc' dir='ltr'><strong>τοῦ</strong></span> <span class='ocrx_word' id='word_1_472' title='bbox 706 5254 995 5323; x_wconf 72' lang='grc' dir='ltr'><strong>ζητοῦντος,</strong></span> <span class='ocrx_word' id='word_1_473' title='bbox 1030 5254 1191 5306; x_wconf 85' lang='grc' dir='ltr'><strong>αὐτό·</strong></span> <span class='ocrx_word' id='word_1_474' title='bbox 1224 5253 1339 5306; x_wconf 76' lang='grc' dir='ltr'><strong>ἀλλ’</strong></span> <span class='ocrx_word' id='word_1_475' title='bbox 1368 5255 1461 5307; x_wconf 73' lang='grc' dir='ltr'><strong>ἐπὶ</strong></span> <span class='ocrx_word' id='word_1_476' title='bbox 1484 5255 1725 5324; x_wconf 88' lang='grc' dir='ltr'><strong>τριετίαν</strong></span> 
     </span>
    </p>
   </div>
   <div class='ocr_carea' id='block_1_68' title="bbox 141 5341 1722 5416">
    <p class='ocr_par' dir='ltr' id='par_1_68' title="bbox 141 5341 1722 5416">
     <span class='ocr_line' id='line_1_68' title="bbox 141 5341 1722 5416; baseline -0.005 -15"><span class='ocrx_word' id='word_1_477' title='bbox 141 5346 570 5416; x_wconf 73' lang='grc' dir='ltr'><strong>δοκιμάζεσθαι,</strong></span> <span class='ocrx_word' id='word_1_478' title='bbox 634 5345 730 5397; x_wconf 82' lang='grc' dir='ltr'><strong>καὶ</strong></span> <span class='ocrx_word' id='word_1_479' title='bbox 779 5342 923 5394; x_wconf 84' lang='grc' dir='ltr'><strong>οὓτω</strong></span> <span class='ocrx_word' id='word_1_480' title='bbox 966 5341 1264 5411; x_wconf 81' lang='grc' dir='ltr'><strong>λαμὸἀνειν</strong></span> <span class='ocrx_word' id='word_1_481' title='bbox 1313 5343 1374 5393; x_wconf 86' lang='grc' dir='ltr'><strong>τὸ</strong></span> <span class='ocrx_word' id='word_1_482' title='bbox 1432 5342 1722 5412; x_wconf 77' lang='grc' dir='ltr'><strong>μοναχικὸν</strong></span> 
     </span>
    </p>
   </div>
   <div class='ocr_carea' id='block_1_69' title="bbox 145 5433 1724 5509">
    <p class='ocr_par' dir='ltr' id='par_1_69' title="bbox 145 5433 1724 5509">
     <span class='ocr_line' id='line_1_69' title="bbox 145 5433 1724 5509; baseline -0.005 -17"><span class='ocrx_word' id='word_1_483' title='bbox 145 5441 364 5509; x_wconf 78' lang='grc' dir='ltr'><strong>σχῆμα.</strong></span> <span class='ocrx_word' id='word_1_484' title='bbox 400 5437 604 5488; x_wconf 81' lang='grc' dir='ltr'><strong>Τούτου</strong></span> <span class='ocrx_word' id='word_1_485' title='bbox 630 5436 738 5505; x_wconf 83' lang='grc' dir='ltr'><strong>γὰρ</strong></span> <span class='ocrx_word' id='word_1_486' title='bbox 771 5435 915 5486; x_wconf 79' lang='grc' dir='ltr'><strong>οὓτω</strong></span> <span class='ocrx_word' id='word_1_487' title='bbox 940 5434 1250 5502; x_wconf 85' lang='grc' dir='ltr'><strong>γινομένου,</strong></span> <span class='ocrx_word' id='word_1_488' title='bbox 1306 5434 1468 5495; x_wconf 76' lang='grc' dir='ltr'><strong>αὑτός</strong></span> <span class='ocrx_word' id='word_1_489' title='bbox 1528 5450 1585 5484; x_wconf 87' lang='grc' dir='ltr'><strong>τε</strong></span> <span class='ocrx_word' id='word_1_490' title='bbox 1637 5433 1724 5485; x_wconf 82' lang='grc' dir='ltr'><strong>διὰ</strong></span> 
     </span>
    </p>
   </div>
   <div class='ocr_carea' id='block_1_70' title="bbox 141 5524 1720 5602">
    <p class='ocr_par' dir='ltr' id='par_1_70' title="bbox 141 5524 1720 5602">
     <span class='ocr_line' id='line_1_70' title="bbox 141 5524 1720 5602; baseline -0.006 -17"><span class='ocrx_word' id='word_1_491' title='bbox 141 5534 253 5602; x_wconf 81' lang='grc' dir='ltr'><strong>τὴν</strong></span> <span class='ocrx_word' id='word_1_492' title='bbox 287 5528 582 5601; x_wconf 76' lang='grc' dir='ltr'><strong>ὀλιγωρίαν</strong></span> <span class='ocrx_word' id='word_1_493' title='bbox 611 5531 672 5581; x_wconf 85' lang='grc' dir='ltr'><strong>οὑ</strong></span> <span class='ocrx_word' id='word_1_494' title='bbox 716 5527 1250 5598; x_wconf 63' lang='grc' dir='ltr'><strong>μεταμεληθήσεται,</strong></span> <span class='ocrx_word' id='word_1_495' title='bbox 1285 5527 1403 5579; x_wconf 85' lang='grc' dir='ltr'><strong>ἀλλ’</strong></span> <span class='ocrx_word' id='word_1_496' title='bbox 1444 5524 1720 5595; x_wconf 69' lang='grc' dir='ltr'><strong>ὁλοψύχως</strong></span> 
     </span>
    </p>
   </div>
   <div class='ocr_carea' id='block_1_71' title="bbox 1840 1798 3404 1868">
    <p class='ocr_par' dir='ltr' id='par_1_71' title="bbox 1840 1798 3404 1868">
     <span class='ocr_line' id='line_1_71' title="bbox 1840 1798 3404 1868; baseline 0.006 -22"><span class='ocrx_word' id='word_1_497' title='bbox 1840 1815 1856 1846; x_wconf 76' lang='grc' dir='ltr'><strong>ι</strong></span> <span class='ocrx_word' id='word_1_498' title='bbox 1894 1798 2151 1860; x_wconf 88' lang='lat' dir='ltr'><strong>nasterio,</strong></span> <span class='ocrx_word' id='word_1_499' title='bbox 2177 1801 2290 1850; x_wconf 82' lang='lat' dir='ltr'><strong>sive</strong></span> <span class='ocrx_word' id='word_1_500' title='bbox 2324 1799 2386 1848; x_wconf 84' lang='lat' dir='ltr'><strong>ad</strong></span> <span class='ocrx_word' id='word_1_501' title='bbox 2427 1799 2569 1849; x_wconf 78' lang='lat' dir='ltr'><strong>alintl</strong></span> <span class='ocrx_word' id='word_1_502' title='bbox 2608 1801 2997 1851; x_wconf 81' lang='lat' dir='ltr'><strong>monasterium</strong></span> <span class='ocrx_word' id='word_1_503' title='bbox 3050 1806 3404 1868; x_wconf 74' lang='lat' dir='ltr'><strong>transmigra-</strong></span> 
     </span>
    </p>
   </div>
   <div class='ocr_carea' id='block_1_72' title="bbox 1837 1886 3406 1960">
    <p class='ocr_par' dir='ltr' id='par_1_72' title="bbox 1837 1886 3406 1960">
     <span class='ocr_line' id='line_1_72' title="bbox 1837 1886 3406 1960; baseline 0.006 -22"><span class='ocrx_word' id='word_1_504' title='bbox 1837 1904 1856 1938; x_wconf 75' lang='grc' dir='ltr'><strong>ι</strong></span> <span class='ocrx_word' id='word_1_505' title='bbox 1893 1889 2052 1950; x_wconf 62' lang='lat' dir='ltr'><strong>verit,</strong></span> <span class='ocrx_word' id='word_1_506' title='bbox 2084 1886 2196 1941; x_wconf 76' lang='lat' dir='ltr'><strong>sive</strong></span> <span class='ocrx_word' id='word_1_507' title='bbox 2251 1890 2302 1941; x_wconf 90' lang='lat' dir='ltr'><strong>in</strong></span> <span class='ocrx_word' id='word_1_508' title='bbox 2355 1894 2615 1942; x_wconf 62' lang='lat' dir='ltr'><strong>maculare</strong></span> <span class='ocrx_word' id='word_1_509' title='bbox 2665 1891 3034 1943; x_wconf 70' lang='lat' dir='ltr'><strong>habitaculum</strong></span> <span class='ocrx_word' id='word_1_510' title='bbox 3091 1896 3406 1960; x_wconf 81' lang='lat' dir='ltr'><strong>petulanter</strong></span> 
     </span>
    </p>
   </div>
   <div class='ocr_carea' id='block_1_73' title="bbox 1837 1979 3404 2053">
    <p class='ocr_par' dir='ltr' id='par_1_73' title="bbox 1837 1979 3404 2053">
     <span class='ocr_line' id='line_1_73' title="bbox 1837 1979 3404 2053; baseline 0.007 -25"><span class='ocrx_word' id='word_1_511' title='bbox 1837 1996 1855 2028; x_wconf 74' lang='grc' dir='ltr'><strong>ι</strong></span> <span class='ocrx_word' id='word_1_512' title='bbox 1896 1993 1953 2031; x_wconf 90' lang='lat' dir='ltr'><strong>se</strong></span> <span class='ocrx_word' id='word_1_513' title='bbox 2009 1979 2301 2032; x_wconf 82' lang='lat' dir='ltr'><strong>contulerit</strong></span> <span class='ocrx_word' id='word_1_514' title='bbox 2332 2018 2346 2041; x_wconf 84' lang='lat'><strong>.</strong></span> <span class='ocrx_word' id='word_1_515' title='bbox 2406 1991 2720 2047; x_wconf 81' lang='lat' dir='ltr'><strong>scgregetur</strong></span> <span class='ocrx_word' id='word_1_516' title='bbox 2757 1990 2865 2031; x_wconf 89' lang='lat' dir='ltr'><strong>tam</strong></span> <span class='ocrx_word' id='word_1_517' title='bbox 2900 1983 3014 2048; x_wconf 86' lang='lat' dir='ltr'><strong>ipse</strong></span> <span class='ocrx_word' id='word_1_518' title='bbox 3044 2021 3058 2044; x_wconf 85' lang='lat'><strong>,</strong></span> <span class='ocrx_word' id='word_1_519' title='bbox 3107 1988 3268 2050; x_wconf 84' lang='lat' dir='ltr'><strong>quam</strong></span> <span class='ocrx_word' id='word_1_520' title='bbox 3310 1987 3404 2053; x_wconf 88' lang='lat' dir='ltr'><strong>qui</strong></span> 
     </span>
    </p>
   </div>
   <div class='ocr_carea' id='block_1_74' title="bbox 1837 2064 3402 2141">
    <p class='ocr_par' dir='ltr' id='par_1_74' title="bbox 1837 2064 3402 2141">
     <span class='ocr_line' id='line_1_74' title="bbox 1837 2064 3402 2141; baseline 0.006 -19"><span class='ocrx_word' id='word_1_521' title='bbox 1837 2089 1855 2121; x_wconf 76' lang='grc' dir='ltr'><strong>ι</strong></span> <span class='ocrx_word' id='word_1_522' title='bbox 1896 2071 2072 2138; x_wconf 86' lang='lat' dir='ltr'><strong>ipsum</strong></span> <span class='ocrx_word' id='word_1_523' title='bbox 2106 2073 2368 2137; x_wconf 75' lang='lat' dir='ltr'><strong>suscepit,</strong></span> <span class='ocrx_word' id='word_1_524' title='bbox 2410 2087 2585 2140; x_wconf 91' lang='lat' dir='ltr'><strong>usque</strong></span> <span class='ocrx_word' id='word_1_525' title='bbox 2620 2073 2748 2123; x_wconf 88' lang='lat' dir='ltr'><strong>dum</strong></span> <span class='ocrx_word' id='word_1_526' title='bbox 2787 2089 3039 2127; x_wconf 77' lang='lat' dir='ltr'><strong>reversus</strong></span> <span class='ocrx_word' id='word_1_527' title='bbox 3074 2073 3261 2128; x_wconf 82' lang='lat' dir='ltr'><strong>fuerit.</strong></span> <span class='ocrx_word' id='word_1_528' title='bbox 3299 2064 3402 2141; x_wconf 76' lang='lat' dir='ltr'><strong>Qui</strong></span> 
     </span>
    </p>
   </div>
   <div class='ocr_carea' id='block_1_75' title="bbox 1839 2162 3406 2230">
    <p class='ocr_par' dir='ltr' id='par_1_75' title="bbox 1839 2162 3406 2230">
     <span class='ocr_line' id='line_1_75' title="bbox 1839 2162 3406 2230; baseline 0.005 -20"><span class='ocrx_word' id='word_1_529' title='bbox 1839 2177 1857 2210; x_wconf 76' lang='grc' dir='ltr'><strong>ι</strong></span> <span class='ocrx_word' id='word_1_530' title='bbox 1896 2175 2021 2214; x_wconf 81' lang='lat' dir='ltr'><strong>vero</strong></span> <span class='ocrx_word' id='word_1_531' title='bbox 2052 2162 2118 2214; x_wconf 88' lang='lat' dir='ltr'><strong>ab</strong></span> <span class='ocrx_word' id='word_1_532' title='bbox 2157 2163 2410 2230; x_wconf 81' lang='lat' dir='ltr'><strong>episcopo</strong></span> <span class='ocrx_word' id='word_1_533' title='bbox 2441 2178 2770 2230; x_wconf 83' lang='lat' dir='ltr'><strong>quocunque</strong></span> <span class='ocrx_word' id='word_1_534' title='bbox 2793 2165 2910 2214; x_wconf 80' lang='lat' dir='ltr'><strong>loco</strong></span> <span class='ocrx_word' id='word_1_535' title='bbox 2936 2165 3270 2219; x_wconf 89' lang='lat' dir='ltr'><strong>constitutus</strong></span> <span class='ocrx_word' id='word_1_536' title='bbox 3299 2175 3406 2230; x_wconf 83' lang='lat' dir='ltr'><strong>est,</strong></span> 
     </span>
    </p>
   </div>
   <div class='ocr_carea' id='block_1_76' title="bbox 1837 2253 2339 2321">
    <p class='ocr_par' dir='ltr' id='par_1_76' title="bbox 1837 2253 2339 2321">
     <span class='ocr_line' id='line_1_76' title="bbox 1837 2253 2339 2321; baseline 0.006 -20"><span class='ocrx_word' id='word_1_537' title='bbox 1837 2271 1854 2301; x_wconf 76' lang='grc' dir='ltr'><strong>ι</strong></span> <span class='ocrx_word' id='word_1_538' title='bbox 1898 2253 2058 2321; x_wconf 89' lang='lat' dir='ltr'><strong>culpa</strong></span> <span class='ocrx_word' id='word_1_539' title='bbox 2095 2262 2270 2305; x_wconf 86' lang='lat' dir='ltr'><strong>vacat.</strong></span> <span class='ocrx_word' id='word_1_540' title='bbox 2320 2273 2339 2304; x_wconf 76' lang='grc' dir='ltr'><strong>ι</strong></span> 
     </span>
    </p>
   </div>
   <div class='ocr_carea' id='block_1_77' title="bbox 2442 2341 2782 2396">
    <p class='ocr_par' dir='ltr' id='par_1_77' title="bbox 2442 2341 2782 2396">
     <span class='ocr_line' id='line_1_77' title="bbox 2442 2341 2782 2396; baseline 0 0"><span class='ocrx_word' id='word_1_541' title='bbox 2442 2341 2667 2396; x_wconf 78' lang='lat' dir='ltr'><strong>CANON</strong></span> <span class='ocrx_word' id='word_1_542' title='bbox 2719 2342 2782 2396; x_wconf 86' lang='lat' dir='ltr'><strong>V.</strong></span> 
     </span>
    </p>
   </div>
   <div class='ocr_carea' id='block_1_78' title="bbox 1835 2433 3407 2505">
    <p class='ocr_par' dir='ltr' id='par_1_78' title="bbox 1835 2433 3407 2505">
     <span class='ocr_line' id='line_1_78' title="bbox 1835 2433 3407 2505; baseline 0.005 -21"><span class='ocrx_word' id='word_1_543' title='bbox 1835 2449 1856 2484; x_wconf 75' lang='grc' dir='ltr'><strong>ι</strong></span> <span class='ocrx_word' id='word_1_544' title='bbox 1887 2433 2020 2498; x_wconf 74' lang='lat' dir='ltr'><strong>Quae</strong></span> <span class='ocrx_word' id='word_1_545' title='bbox 2047 2441 2253 2488; x_wconf 88' lang='lat' dir='ltr'><strong>temere</strong></span> <span class='ocrx_word' id='word_1_546' title='bbox 2284 2442 2339 2489; x_wconf 83' lang='lat' dir='ltr'><strong>et</strong></span> <span class='ocrx_word' id='word_1_547' title='bbox 2366 2436 2483 2488; x_wconf 90' lang='lat' dir='ltr'><strong>sine</strong></span> <span class='ocrx_word' id='word_1_548' title='bbox 2523 2435 2731 2503; x_wconf 88' lang='lat' dir='ltr'><strong>judicio</strong></span> <span class='ocrx_word' id='word_1_549' title='bbox 2776 2451 2838 2489; x_wconf 88' lang='lat' dir='ltr'><strong>ac</strong></span> <span class='ocrx_word' id='word_1_550' title='bbox 2893 2437 3214 2505; x_wconf 82' lang='lat' dir='ltr'><strong>probatione</strong></span> <span class='ocrx_word' id='word_1_551' title='bbox 3269 2438 3407 2492; x_wconf 77' lang='lat' dir='ltr'><strong>[lunt</strong></span> 
     </span>
    </p>
   </div>
   <div class='ocr_carea' id='block_1_79' title="bbox 1908 2528 3402 2598">
    <p class='ocr_par' dir='ltr' id='par_1_79' title="bbox 1908 2528 3402 2598">
     <span class='ocr_line' id='line_1_79' title="bbox 1908 2528 3402 2598; baseline 0.004 -21"><span class='ocrx_word' id='word_1_552' title='bbox 1908 2544 1927 2577; x_wconf 79' lang='grc' dir='ltr'><strong>ι</strong></span> <span class='ocrx_word' id='word_1_553' title='bbox 1959 2528 2413 2591; x_wconf 87' lang='lat' dir='ltr'><strong>renuntiationes,</strong></span> <span class='ocrx_word' id='word_1_554' title='bbox 2449 2529 2591 2580; x_wconf 89' lang='lat' dir='ltr'><strong>bono</strong></span> <span class='ocrx_word' id='word_1_555' title='bbox 2620 2529 2920 2581; x_wconf 85' lang='lat' dir='ltr'><strong>monastico</strong></span> <span class='ocrx_word' id='word_1_556' title='bbox 2944 2529 3121 2582; x_wconf 90' lang='lat' dir='ltr'><strong>ordini</strong></span> <span class='ocrx_word' id='word_1_557' title='bbox 3148 2545 3402 2598; x_wconf 77' lang='lat' dir='ltr'><strong>magnum</strong></span> 
     </span>
    </p>
   </div>
   <div class='ocr_carea' id='block_1_80' title="bbox 1907 2617 3467 2696">
    <p class='ocr_par' dir='ltr' id='par_1_80' title="bbox 1907 2617 3467 2696">
     <span class='ocr_line' id='line_1_80' title="bbox 1907 2617 3467 2696; baseline 0.003 -29"><span class='ocrx_word' id='word_1_558' title='bbox 1907 2635 1924 2667; x_wconf 77' lang='grc' dir='ltr'><strong>ι</strong></span> <span class='ocrx_word' id='word_1_559' title='bbox 1962 2617 2153 2671; x_wconf 70' lang='lat' dir='ltr'><strong>aﬂ&#39;erre</strong></span> <span class='ocrx_word' id='word_1_560' title='bbox 2177 2619 2580 2670; x_wconf 86' lang='lat' dir='ltr'><strong>incommodum</strong></span> <span class='ocrx_word' id='word_1_561' title='bbox 2604 2620 2931 2672; x_wconf 70' lang='lat' dir='ltr'><strong>invenimus.</strong></span> <span class='ocrx_word' id='word_1_562' title='bbox 2957 2618 3011 2670; x_wconf 89' lang='lat' dir='ltr'><strong>In</strong></span> <span class='ocrx_word' id='word_1_563' title='bbox 3044 2622 3401 2673; x_wconf 85' lang='lat' dir='ltr'><strong>monasticam</strong></span> <span class='ocrx_word' id='word_1_564' title='bbox 3458 2686 3467 2696; x_wconf 34' lang='grc' dir='ltr'><strong><em>η</em></strong></span> 
     </span>
    </p>
   </div>
   <div class='ocr_carea' id='block_1_81' title="bbox 1910 2710 3406 2778">
    <p class='ocr_par' dir='ltr' id='par_1_81' title="bbox 1910 2710 3406 2778">
     <span class='ocr_line' id='line_1_81' title="bbox 1910 2710 3406 2778; baseline 0.005 -20"><span class='ocrx_word' id='word_1_565' title='bbox 1910 2726 1928 2758; x_wconf 78' lang='grc' dir='ltr'><strong>ι</strong></span> <span class='ocrx_word' id='word_1_566' title='bbox 1965 2710 2108 2761; x_wconf 89' lang='lat' dir='ltr'><strong>enim</strong></span> <span class='ocrx_word' id='word_1_567' title='bbox 2149 2711 2309 2763; x_wconf 84' lang='lat' dir='ltr'><strong>vitam</strong></span> <span class='ocrx_word' id='word_1_568' title='bbox 2337 2727 2394 2762; x_wconf 85' lang='lat' dir='ltr'><strong>se</strong></span> <span class='ocrx_word' id='word_1_569' title='bbox 2430 2712 2583 2762; x_wconf 75' lang='lat' dir='ltr'><strong>facile</strong></span> <span class='ocrx_word' id='word_1_570' title='bbox 2610 2713 2918 2778; x_wconf 66' lang='lat' dir='ltr'><strong>injicit-rites</strong></span> <span class='ocrx_word' id='word_1_571' title='bbox 2951 2714 3221 2775; x_wconf 83' lang='lat' dir='ltr'><strong>nonnulli,</strong></span> <span class='ocrx_word' id='word_1_572' title='bbox 3254 2724 3306 2766; x_wconf 78' lang='lat' dir='ltr'><strong>et</strong></span> <span class='ocrx_word' id='word_1_573' title='bbox 3340 2715 3406 2765; x_wconf 87' lang='lat' dir='ltr'><strong>ad</strong></span> 
     </span>
    </p>
   </div>
   <div class='ocr_carea' id='block_1_82' title="bbox 1909 2803 3406 2867">
    <p class='ocr_par' dir='ltr' id='par_1_82' title="bbox 1909 2803 3406 2867">
     <span class='ocr_line' id='line_1_82' title="bbox 1909 2803 3406 2867; baseline 0.005 -18"><span class='ocrx_word' id='word_1_574' title='bbox 1909 2818 1926 2849; x_wconf 75' lang='grc' dir='ltr'><strong>ι</strong></span> <span class='ocrx_word' id='word_1_575' title='bbox 1969 2816 2213 2867; x_wconf 85' lang='lat' dir='ltr'><strong>asperam</strong></span> <span class='ocrx_word' id='word_1_576' title='bbox 2244 2811 2292 2854; x_wconf 90' lang='lat' dir='ltr'><strong>et</strong></span> <span class='ocrx_word' id='word_1_577' title='bbox 2323 2803 2653 2855; x_wconf 85' lang='lat' dir='ltr'><strong>laboriosam</strong></span> <span class='ocrx_word' id='word_1_578' title='bbox 2708 2804 3150 2855; x_wconf 75' lang='lat' dir='ltr'><strong>exrrcitatiouem</strong></span> <span class='ocrx_word' id='word_1_579' title='bbox 3205 2820 3260 2856; x_wconf 40' lang='lat' dir='ltr'><strong>si:</strong></span> <span class='ocrx_word' id='word_1_580' title='bbox 3318 2821 3406 2856; x_wconf 85' lang='lat' dir='ltr'><strong>sc-</strong></span> 
     </span>
    </p>
   </div>
   <div class='ocr_carea' id='block_1_83' title="bbox 1905 2893 3406 2962">
    <p class='ocr_par' dir='ltr' id='par_1_83' title="bbox 1905 2893 3406 2962">
     <span class='ocr_line' id='line_1_83' title="bbox 1905 2893 3406 2962; baseline 0.004 -22"><span class='ocrx_word' id='word_1_581' title='bbox 1905 2909 1922 2940; x_wconf 77' lang='grc' dir='ltr'><strong>ι</strong></span> <span class='ocrx_word' id='word_1_582' title='bbox 1959 2893 2135 2959; x_wconf 77' lang='lat' dir='ltr'><strong>guiter</strong></span> <span class='ocrx_word' id='word_1_583' title='bbox 2157 2903 2431 2960; x_wconf 76' lang='lat' dir='ltr'><strong>get-cutes,</strong></span> <span class='ocrx_word' id='word_1_584' title='bbox 2482 2894 2545 2944; x_wconf 89' lang='lat' dir='ltr'><strong>ad</strong></span> <span class='ocrx_word' id='word_1_585' title='bbox 2593 2895 2867 2947; x_wconf 79' lang='lat' dir='ltr'><strong>carnalem</strong></span> <span class='ocrx_word' id='word_1_586' title='bbox 2928 2903 2976 2945; x_wconf 87' lang='lat' dir='ltr'><strong>et</strong></span> <span class='ocrx_word' id='word_1_587' title='bbox 3040 2897 3406 2962; x_wconf 72' lang='lat' dir='ltr'><strong>voluptariam</strong></span> 
     </span>
    </p>
   </div>
   <div class='ocr_carea' id='block_1_84' title="bbox 1911 2985 3400 3053">
    <p class='ocr_par' dir='ltr' id='par_1_84' title="bbox 1911 2985 3400 3053">
     <span class='ocr_line' id='line_1_84' title="bbox 1911 2985 3400 3053; baseline 0.004 -21"><span class='ocrx_word' id='word_1_588' title='bbox 1911 3002 1927 3032; x_wconf 74' lang='grc' dir='ltr'><strong>ι</strong></span> <span class='ocrx_word' id='word_1_589' title='bbox 1967 2988 2127 3036; x_wconf 83' lang='lat' dir='ltr'><strong>vitam</strong></span> <span class='ocrx_word' id='word_1_590' title='bbox 2163 3000 2356 3036; x_wconf 85' lang='lat' dir='ltr'><strong>rursus</strong></span> <span class='ocrx_word' id='word_1_591' title='bbox 2417 2986 2610 3038; x_wconf 86' lang='lat' dir='ltr'><strong>misere</strong></span> <span class='ocrx_word' id='word_1_592' title='bbox 2677 2996 3043 3039; x_wconf 67' lang='lat' dir='ltr'><strong>revertuntur.</strong></span> <span class='ocrx_word' id='word_1_593' title='bbox 3106 2985 3400 3053; x_wconf 85' lang='lat' dir='ltr'><strong>Pr0pterea</strong></span> 
     </span>
    </p>
   </div>
   <div class='ocr_carea' id='block_1_85' title="bbox 1908 3075 3406 3143">
    <p class='ocr_par' dir='ltr' id='par_1_85' title="bbox 1908 3075 3406 3143">
     <span class='ocr_line' id='line_1_85' title="bbox 1908 3075 3406 3143; baseline 0.003 -19"><span class='ocrx_word' id='word_1_594' title='bbox 1908 3096 1925 3124; x_wconf 77' lang='grc' dir='ltr'><strong>ι</strong></span> <span class='ocrx_word' id='word_1_595' title='bbox 1964 3090 2092 3143; x_wconf 89' lang='lat' dir='ltr'><strong>ergo</strong></span> <span class='ocrx_word' id='word_1_596' title='bbox 2118 3075 2308 3128; x_wconf 87' lang='lat' dir='ltr'><strong>statuit</strong></span> <span class='ocrx_word' id='word_1_597' title='bbox 2338 3086 2524 3129; x_wconf 87' lang='lat' dir='ltr'><strong>sancta</strong></span> <span class='ocrx_word' id='word_1_598' title='bbox 2561 3078 2820 3143; x_wconf 78' lang='lat' dir='ltr'><strong>synodus,</strong></span> <span class='ocrx_word' id='word_1_599' title='bbox 2862 3084 2917 3128; x_wconf 94' lang='lat' dir='ltr'><strong>ut</strong></span> <span class='ocrx_word' id='word_1_600' title='bbox 2967 3080 3271 3129; x_wconf 69' lang='lat' dir='ltr'><strong>monastico</strong></span> <span class='ocrx_word' id='word_1_601' title='bbox 3309 3078 3406 3129; x_wconf 89' lang='lat' dir='ltr'><strong>ha-</strong></span> 
     </span>
    </p>
   </div>
   <div class='ocr_carea' id='block_1_86' title="bbox 1902 3167 3400 3236">
    <p class='ocr_par' dir='ltr' id='par_1_86' title="bbox 1902 3167 3400 3236">
     <span class='ocr_line' id='line_1_86' title="bbox 1902 3167 3400 3236; baseline 0.003 -20"><span class='ocrx_word' id='word_1_602' title='bbox 1902 3185 1920 3216; x_wconf 71' lang='lat' dir='ltr'><strong>c</strong></span> <span class='ocrx_word' id='word_1_603' title='bbox 1957 3167 2069 3219; x_wconf 90' lang='lat' dir='ltr'><strong>bitu</strong></span> <span class='ocrx_word' id='word_1_604' title='bbox 2102 3167 2246 3235; x_wconf 80' lang='lat' dir='ltr'><strong>digiti</strong></span> <span class='ocrx_word' id='word_1_605' title='bbox 2279 3167 2413 3220; x_wconf 90' lang='lat' dir='ltr'><strong>nulli</strong></span> <span class='ocrx_word' id='word_1_606' title='bbox 2448 3176 2706 3233; x_wconf 86' lang='lat' dir='ltr'><strong>putentur</strong></span> <span class='ocrx_word' id='word_1_607' title='bbox 2736 3206 2750 3231; x_wconf 86' lang='lat'><strong>,</strong></span> <span class='ocrx_word' id='word_1_608' title='bbox 2802 3170 3122 3236; x_wconf 79' lang='lat' dir='ltr'><strong>priusquam</strong></span> <span class='ocrx_word' id='word_1_609' title='bbox 3181 3170 3400 3221; x_wconf 77' lang='lat' dir='ltr'><strong>triennii</strong></span> 
     </span>
    </p>
   </div>
   <div class='ocr_carea' id='block_1_87' title="bbox 1903 3258 3405 3327">
    <p class='ocr_par' dir='ltr' id='par_1_87' title="bbox 1903 3258 3405 3327">
     <span class='ocr_line' id='line_1_87' title="bbox 1903 3258 3405 3327; baseline 0.001 -18"><span class='ocrx_word' id='word_1_610' title='bbox 1903 3277 1920 3308; x_wconf 74' lang='grc' dir='ltr'><strong>ι</strong></span> <span class='ocrx_word' id='word_1_611' title='bbox 1964 3269 2174 3327; x_wconf 86' lang='lat' dir='ltr'><strong>tempus</strong></span> <span class='ocrx_word' id='word_1_612' title='bbox 2210 3259 2274 3310; x_wconf 86' lang='lat' dir='ltr'><strong>ad</strong></span> <span class='ocrx_word' id='word_1_613' title='bbox 2303 3259 2695 3325; x_wconf 81' lang='lat' dir='ltr'><strong>experientiam</strong></span> <span class='ocrx_word' id='word_1_614' title='bbox 2733 3258 2813 3311; x_wconf 89' lang='lat' dir='ltr'><strong>cis</strong></span> <span class='ocrx_word' id='word_1_615' title='bbox 2846 3258 3097 3311; x_wconf 89' lang='lat' dir='ltr'><strong>relictum</strong></span> <span class='ocrx_word' id='word_1_616' title='bbox 3144 3259 3405 3327; x_wconf 76' lang='lat' dir='ltr'><strong>probatos</strong></span> 
     </span>
    </p>
   </div>
   <div class='ocr_carea' id='block_1_88' title="bbox 1905 3345 3403 3414">
    <p class='ocr_par' dir='ltr' id='par_1_88' title="bbox 1905 3345 3403 3414">
     <span class='ocr_line' id='line_1_88' title="bbox 1905 3345 3403 3414; baseline 0 -16"><span class='ocrx_word' id='word_1_617' title='bbox 1905 3367 1922 3398; x_wconf 86' lang='grc'>‹</span> <span class='ocrx_word' id='word_1_618' title='bbox 1959 3363 2052 3402; x_wconf 88' lang='lat' dir='ltr'><strong>eos</strong></span> <span class='ocrx_word' id='word_1_619' title='bbox 2081 3361 2204 3401; x_wconf 87' lang='lat' dir='ltr'><strong>esse</strong></span> <span class='ocrx_word' id='word_1_620' title='bbox 2232 3354 2287 3400; x_wconf 90' lang='lat' dir='ltr'><strong>et</strong></span> <span class='ocrx_word' id='word_1_621' title='bbox 2318 3347 2409 3400; x_wconf 89' lang='lat' dir='ltr'><strong>tali</strong></span> <span class='ocrx_word' id='word_1_622' title='bbox 2444 3348 2552 3400; x_wconf 84' lang='lat' dir='ltr'><strong>vita</strong></span> <span class='ocrx_word' id='word_1_623' title='bbox 2586 3347 2783 3414; x_wconf 83' lang='lat' dir='ltr'><strong>dignos</strong></span> <span class='ocrx_word' id='word_1_624' title='bbox 2816 3346 3141 3399; x_wconf 87' lang='lat' dir='ltr'><strong>ostenderit.</strong></span> <span class='ocrx_word' id='word_1_625' title='bbox 3195 3345 3257 3396; x_wconf 67' lang='lat' dir='ltr'><strong>lit</strong></span> <span class='ocrx_word' id='word_1_626' title='bbox 3301 3348 3403 3398; x_wconf 85' lang='lat' dir='ltr'><strong>hoc</strong></span> 
     </span>
    </p>
   </div>
   <div class='ocr_carea' id='block_1_89' title="bbox 1900 3438 3402 3506">
    <p class='ocr_par' dir='ltr' id='par_1_89' title="bbox 1900 3438 3402 3506">
     <span class='ocr_line' id='line_1_89' title="bbox 1900 3438 3402 3506; baseline 0.002 -18"><span class='ocrx_word' id='word_1_627' title='bbox 1900 3457 1917 3488; x_wconf 73' lang='grc' dir='ltr'><strong>ι</strong></span> <span class='ocrx_word' id='word_1_628' title='bbox 1956 3438 2103 3491; x_wconf 90' lang='lat' dir='ltr'><strong>omni</strong></span> <span class='ocrx_word' id='word_1_629' title='bbox 2137 3438 2300 3490; x_wconf 89' lang='lat' dir='ltr'><strong>modo</strong></span> <span class='ocrx_word' id='word_1_630' title='bbox 2332 3438 2612 3491; x_wconf 86' lang='lat' dir='ltr'><strong>observari</strong></span> <span class='ocrx_word' id='word_1_631' title='bbox 2650 3440 2928 3505; x_wconf 67' lang='lat' dir='ltr'><strong>prazcepit,</strong></span> <span class='ocrx_word' id='word_1_632' title='bbox 2967 3448 3328 3506; x_wconf 67' lang='lat' dir='ltr'><strong>prmterqnam</strong></span> <span class='ocrx_word' id='word_1_633' title='bbox 3359 3440 3402 3491; x_wconf 91' lang='lat' dir='ltr'><strong>si</strong></span> 
     </span>
    </p>
   </div>
   <div class='ocr_carea' id='block_1_90' title="bbox 1904 3529 3405 3598">
    <p class='ocr_par' dir='ltr' id='par_1_90' title="bbox 1904 3529 3405 3598">
     <span class='ocr_line' id='line_1_90' title="bbox 1904 3529 3405 3598; baseline 0.003 -18"><span class='ocrx_word' id='word_1_634' title='bbox 1904 3549 1921 3580; x_wconf 75' lang='grc' dir='ltr'><strong>ι</strong></span> <span class='ocrx_word' id='word_1_635' title='bbox 1960 3531 2139 3596; x_wconf 78' lang='lat' dir='ltr'><strong>gravis</strong></span> <span class='ocrx_word' id='word_1_636' title='bbox 2192 3529 2392 3598; x_wconf 85' lang='lat' dir='ltr'><strong>aliquis</strong></span> <span class='ocrx_word' id='word_1_637' title='bbox 2446 3529 2667 3583; x_wconf 81' lang='lat' dir='ltr'><strong>marbus</strong></span> <span class='ocrx_word' id='word_1_638' title='bbox 2750 3530 2995 3584; x_wconf 83' lang='lat' dir='ltr'><strong>incidens</strong></span> <span class='ocrx_word' id='word_1_639' title='bbox 3060 3530 3405 3598; x_wconf 87' lang='lat' dir='ltr'><strong>probationis</strong></span> 
     </span>
    </p>
   </div>
   <div class='ocr_carea' id='block_1_91' title="bbox 1907 3620 3396 3690">
    <p class='ocr_par' dir='ltr' id='par_1_91' title="bbox 1907 3620 3396 3690">
     <span class='ocr_line' id='line_1_91' title="bbox 1907 3620 3396 3690; baseline 0.002 -20"><span class='ocrx_word' id='word_1_640' title='bbox 1907 3639 1924 3670; x_wconf 72' lang='grc' dir='ltr'><strong>ε</strong></span> <span class='ocrx_word' id='word_1_641' title='bbox 1969 3629 2215 3689; x_wconf 91' lang='lat' dir='ltr'><strong>tempora</strong></span> <span class='ocrx_word' id='word_1_642' title='bbox 2245 3620 2496 3673; x_wconf 90' lang='lat' dir='ltr'><strong>contrahi</strong></span> <span class='ocrx_word' id='word_1_643' title='bbox 2531 3621 2771 3688; x_wconf 83' lang='lat' dir='ltr'><strong>coegerit</strong></span> <span class='ocrx_word' id='word_1_644' title='bbox 2807 3636 2820 3672; x_wconf 87' lang='lat'><strong>:</strong></span> <span class='ocrx_word' id='word_1_645' title='bbox 2855 3620 2937 3673; x_wconf 87' lang='lat' dir='ltr'><strong>vel</strong></span> <span class='ocrx_word' id='word_1_646' title='bbox 2987 3622 3090 3674; x_wconf 90' lang='lat' dir='ltr'><strong>nisi</strong></span> <span class='ocrx_word' id='word_1_647' title='bbox 3139 3622 3264 3690; x_wconf 92' lang='lat' dir='ltr'><strong>quis</strong></span> <span class='ocrx_word' id='word_1_648' title='bbox 3298 3623 3396 3673; x_wconf 88' lang='lat' dir='ltr'><strong>ali-</strong></span> 
     </span>
    </p>
   </div>
   <div class='ocr_carea' id='block_1_92' title="bbox 1908 3711 3402 3778">
    <p class='ocr_par' dir='ltr' id='par_1_92' title="bbox 1908 3711 3402 3778">
     <span class='ocr_line' id='line_1_92' title="bbox 1908 3711 3402 3778; baseline 0.001 -16"><span class='ocrx_word' id='word_1_649' title='bbox 1908 3729 1926 3762; x_wconf 75' lang='grc' dir='ltr'><strong>ι</strong></span> <span class='ocrx_word' id='word_1_650' title='bbox 1967 3712 2142 3764; x_wconf 87' lang='lat' dir='ltr'><strong>cunde</strong></span> <span class='ocrx_word' id='word_1_651' title='bbox 2177 3711 2250 3764; x_wconf 88' lang='lat' dir='ltr'><strong>sit</strong></span> <span class='ocrx_word' id='word_1_652' title='bbox 2277 3711 2359 3763; x_wconf 88' lang='lat' dir='ltr'><strong>vir</strong></span> <span class='ocrx_word' id='word_1_653' title='bbox 2392 3711 2681 3778; x_wconf 84' lang='lat' dir='ltr'><strong>religiosus</strong></span> <span class='ocrx_word' id='word_1_654' title='bbox 2725 3718 2783 3764; x_wconf 83' lang='lat' dir='ltr'><strong>et</strong></span> <span class='ocrx_word' id='word_1_655' title='bbox 2825 3711 2990 3763; x_wconf 89' lang='lat' dir='ltr'><strong>vitam</strong></span> <span class='ocrx_word' id='word_1_656' title='bbox 3049 3715 3402 3765; x_wconf 87' lang='lat' dir='ltr'><strong>monasticam</strong></span> 
     </span>
    </p>
   </div>
   <div class='ocr_carea' id='block_1_93' title="bbox 1907 3797 3393 3868">
    <p class='ocr_par' dir='ltr' id='par_1_93' title="bbox 1907 3797 3393 3868">
     <span class='ocr_line' id='line_1_93' title="bbox 1907 3797 3393 3868; baseline 0.001 -16"><span class='ocrx_word' id='word_1_657' title='bbox 1907 3819 1925 3852; x_wconf 76' lang='grc' dir='ltr'><strong>ι</strong></span> <span class='ocrx_word' id='word_1_658' title='bbox 1965 3807 2020 3854; x_wconf 88' lang='lat' dir='ltr'><strong>in</strong></span> <span class='ocrx_word' id='word_1_659' title='bbox 2055 3802 2239 3854; x_wconf 86' lang='lat' dir='ltr'><strong>habitu</strong></span> <span class='ocrx_word' id='word_1_660' title='bbox 2271 3803 2515 3854; x_wconf 67' lang='lat' dir='ltr'><strong>samulari</strong></span> <span class='ocrx_word' id='word_1_661' title='bbox 2551 3810 2787 3868; x_wconf 79' lang='lat' dir='ltr'><strong>peragat.</strong></span> <span class='ocrx_word' id='word_1_662' title='bbox 2821 3797 2938 3852; x_wconf 85' lang='lat' dir='ltr'><strong>Tali</strong></span> <span class='ocrx_word' id='word_1_663' title='bbox 2971 3802 3114 3855; x_wconf 89' lang='lat' dir='ltr'><strong>enim</strong></span> <span class='ocrx_word' id='word_1_664' title='bbox 3173 3802 3292 3854; x_wconf 90' lang='lat' dir='ltr'><strong>viro</strong></span> <span class='ocrx_word' id='word_1_665' title='bbox 3326 3803 3393 3854; x_wconf 88' lang='lat' dir='ltr'><strong>ad</strong></span> 
     </span>
    </p>
   </div>
   <div class='ocr_carea' id='block_1_94' title="bbox 1904 3890 3403 3960">
    <p class='ocr_par' dir='ltr' id='par_1_94' title="bbox 1904 3890 3403 3960">
     <span class='ocr_line' id='line_1_94' title="bbox 1904 3890 3403 3960; baseline 0.003 -17"><span class='ocrx_word' id='word_1_666' title='bbox 1904 3911 1919 3943; x_wconf 84' lang='grc' dir='ltr'><strong>ι</strong></span> <span class='ocrx_word' id='word_1_667' title='bbox 1960 3891 2262 3945; x_wconf 87' lang='lat' dir='ltr'><strong>absolutam</strong></span> <span class='ocrx_word' id='word_1_668' title='bbox 2298 3890 2682 3958; x_wconf 82' lang='lat' dir='ltr'><strong>experientiam</strong></span> <span class='ocrx_word' id='word_1_669' title='bbox 2722 3901 2933 3960; x_wconf 83' lang='lat' dir='ltr'><strong>tempus</strong></span> <span class='ocrx_word' id='word_1_670' title='bbox 2984 3901 3248 3947; x_wconf 88' lang='lat' dir='ltr'><strong>semestre</strong></span> <span class='ocrx_word' id='word_1_671' title='bbox 3287 3893 3403 3948; x_wconf 79' lang='lat' dir='ltr'><strong>sul-</strong></span> 
     </span>
    </p>
   </div>
   <div class='ocr_carea' id='block_1_95' title="bbox 1905 3981 3403 4053">
    <p class='ocr_par' dir='ltr' id='par_1_95' title="bbox 1905 3981 3403 4053">
     <span class='ocr_line' id='line_1_95' title="bbox 1905 3981 3403 4053; baseline 0.003 -19"><span class='ocrx_word' id='word_1_672' title='bbox 1905 4003 1922 4034; x_wconf 84' lang='lat'><strong>(</strong></span> <span class='ocrx_word' id='word_1_673' title='bbox 1961 3983 2125 4036; x_wconf 87' lang='lat' dir='ltr'><strong>licict.</strong></span> <span class='ocrx_word' id='word_1_674' title='bbox 2155 3981 2210 4034; x_wconf 91' lang='lat' dir='ltr'><strong>Si</strong></span> <span class='ocrx_word' id='word_1_675' title='bbox 2240 3984 2363 4050; x_wconf 93' lang='lat' dir='ltr'><strong>quis</strong></span> <span class='ocrx_word' id='word_1_676' title='bbox 2397 3993 2576 4035; x_wconf 91' lang='lat' dir='ltr'><strong>autem</strong></span> <span class='ocrx_word' id='word_1_677' title='bbox 2612 3992 2804 4050; x_wconf 76' lang='lat' dir='ltr'><strong>przeter</strong></span> <span class='ocrx_word' id='word_1_678' title='bbox 2839 3985 2951 4035; x_wconf 74' lang='grc' dir='ltr'><strong>1ΙᾶΞο</strong></span> <span class='ocrx_word' id='word_1_679' title='bbox 3004 3985 3232 4049; x_wconf 75' lang='grc' dir='ltr'><strong>[εοοΓὶι,’</strong></span> <span class='ocrx_word' id='word_1_680' title='bbox 3264 4001 3403 4053; x_wconf 76' lang='lat' dir='ltr'><strong>pra:-</strong></span> 
     </span>
    </p>
   </div>
   <div class='ocr_carea' id='block_1_96' title="bbox 1907 4074 3405 4143">
    <p class='ocr_par' dir='ltr' id='par_1_96' title="bbox 1907 4074 3405 4143">
     <span class='ocr_line' id='line_1_96' title="bbox 1907 4074 3405 4143; baseline 0.001 -18"><span class='ocrx_word' id='word_1_681' title='bbox 1907 4093 1924 4125; x_wconf 81' lang='grc' dir='ltr'><strong>ι</strong></span> <span class='ocrx_word' id='word_1_682' title='bbox 1964 4077 2139 4128; x_wconf 88' lang='lat' dir='ltr'><strong>lectus</strong></span> <span class='ocrx_word' id='word_1_683' title='bbox 2174 4074 2388 4142; x_wconf 89' lang='lat' dir='ltr'><strong>quidem</strong></span> <span class='ocrx_word' id='word_1_684' title='bbox 2438 4074 2762 4142; x_wconf 75' lang='lat' dir='ltr'><strong>praefectura</strong></span> <span class='ocrx_word' id='word_1_685' title='bbox 2816 4075 3075 4128; x_wconf 84' lang='lat' dir='ltr'><strong>cxcidens</strong></span> <span class='ocrx_word' id='word_1_686' title='bbox 3124 4091 3405 4143; x_wconf 87' lang='lat' dir='ltr'><strong>perperam</strong></span> 
     </span>
    </p>
   </div>
   <div class='ocr_carea' id='block_1_97' title="bbox 1913 4165 3406 4229">
    <p class='ocr_par' dir='ltr' id='par_1_97' title="bbox 1913 4165 3406 4229">
     <span class='ocr_line' id='line_1_97' title="bbox 1913 4165 3406 4229; baseline 0.002 -13"><span class='ocrx_word' id='word_1_687' title='bbox 1913 4184 1930 4216; x_wconf 77' lang='grc' dir='ltr'><strong>ι</strong></span> <span class='ocrx_word' id='word_1_688' title='bbox 1969 4167 2241 4220; x_wconf 84' lang='lat' dir='ltr'><strong>observati</strong></span> <span class='ocrx_word' id='word_1_689' title='bbox 2283 4165 2493 4220; x_wconf 89' lang='lat' dir='ltr'><strong>ordinis</strong></span> <span class='ocrx_word' id='word_1_690' title='bbox 2523 4168 2956 4229; x_wconf 91' lang='lat' dir='ltr'><strong>correctionem,</strong></span> <span class='ocrx_word' id='word_1_691' title='bbox 3009 4169 3059 4218; x_wconf 91' lang='lat' dir='ltr'><strong>in</strong></span> <span class='ocrx_word' id='word_1_692' title='bbox 3099 4167 3406 4220; x_wconf 85' lang='lat' dir='ltr'><strong>obedientia</strong></span> 
     </span>
    </p>
   </div>
   <div class='ocr_carea' id='block_1_98' title="bbox 1906 4257 3405 4326">
    <p class='ocr_par' dir='ltr' id='par_1_98' title="bbox 1906 4257 3405 4326">
     <span class='ocr_line' id='line_1_98' title="bbox 1906 4257 3405 4326; baseline 0.001 -18"><span class='ocrx_word' id='word_1_693' title='bbox 1906 4277 1923 4308; x_wconf 79' lang='grc' dir='ltr'><strong>ι</strong></span> <span class='ocrx_word' id='word_1_694' title='bbox 1961 4267 2015 4311; x_wconf 88' lang='lat' dir='ltr'><strong>et</strong></span> <span class='ocrx_word' id='word_1_695' title='bbox 2044 4257 2385 4326; x_wconf 82' lang='lat' dir='ltr'><strong>subjectione</strong></span> <span class='ocrx_word' id='word_1_696' title='bbox 2431 4259 2901 4311; x_wconf 85' lang='lat' dir='ltr'><strong>conversationem</strong></span> <span class='ocrx_word' id='word_1_697' title='bbox 2936 4297 2949 4320; x_wconf 93' lang='lat'><strong>,</strong></span> <span class='ocrx_word' id='word_1_698' title='bbox 2994 4257 3276 4310; x_wconf 81' lang='lat' dir='ltr'><strong>inveniat:</strong></span> <span class='ocrx_word' id='word_1_699' title='bbox 3312 4259 3405 4326; x_wconf 90' lang='lat' dir='ltr'><strong>qui</strong></span> 
     </span>
    </p>
   </div>
   <div class='ocr_carea' id='block_1_99' title="bbox 1908 4348 3399 4412">
    <p class='ocr_par' dir='ltr' id='par_1_99' title="bbox 1908 4348 3399 4412">
     <span class='ocr_line' id='line_1_99' title="bbox 1908 4348 3399 4412; baseline 0 -12"><span class='ocrx_word' id='word_1_700' title='bbox 1908 4367 1926 4400; x_wconf 78' lang='grc' dir='ltr'><strong>ι</strong></span> <span class='ocrx_word' id='word_1_701' title='bbox 1966 4357 2046 4402; x_wconf 84' lang='lat' dir='ltr'><strong>est</strong></span> <span class='ocrx_word' id='word_1_702' title='bbox 2084 4359 2262 4402; x_wconf 84' lang='lat' dir='ltr'><strong>autem</strong></span> <span class='ocrx_word' id='word_1_703' title='bbox 2301 4349 2350 4400; x_wconf 89' lang='lat' dir='ltr'><strong>itt</strong></span> <span class='ocrx_word' id='word_1_704' title='bbox 2387 4348 2493 4398; x_wconf 92' lang='lat' dir='ltr'><strong>alio</strong></span> <span class='ocrx_word' id='word_1_705' title='bbox 2526 4348 2857 4400; x_wconf 88' lang='lat' dir='ltr'><strong>monasterio</strong></span> <span class='ocrx_word' id='word_1_706' title='bbox 2919 4349 3218 4400; x_wconf 89' lang='lat' dir='ltr'><strong>monachus</strong></span> <span class='ocrx_word' id='word_1_707' title='bbox 3245 4389 3260 4412; x_wconf 94' lang='lat'><strong>,</strong></span> <span class='ocrx_word' id='word_1_708' title='bbox 3309 4349 3399 4401; x_wconf 87' lang='lat' dir='ltr'><strong>alii</strong></span> 
     </span>
    </p>
   </div>
   <div class='ocr_carea' id='block_1_100' title="bbox 1914 4437 3407 4505">
    <p class='ocr_par' dir='ltr' id='par_1_100' title="bbox 1914 4437 3407 4505">
     <span class='ocr_line' id='line_1_100' title="bbox 1914 4437 3407 4505; baseline 0.001 -17"><span class='ocrx_word' id='word_1_709' title='bbox 1914 4455 1931 4488; x_wconf 79' lang='grc' dir='ltr'><strong>ι</strong></span> <span class='ocrx_word' id='word_1_710' title='bbox 1969 4441 2304 4490; x_wconf 85' lang='lat' dir='ltr'><strong>monasterio</strong></span> <span class='ocrx_word' id='word_1_711' title='bbox 2340 4438 2604 4497; x_wconf 85' lang='lat' dir='ltr'><strong>tradatur,</strong></span> <span class='ocrx_word' id='word_1_712' title='bbox 2639 4437 2780 4505; x_wconf 89' lang='lat' dir='ltr'><strong>quod</strong></span> <span class='ocrx_word' id='word_1_713' title='bbox 2827 4438 3180 4490; x_wconf 88' lang='lat' dir='ltr'><strong>monasticam</strong></span> <span class='ocrx_word' id='word_1_714' title='bbox 3243 4439 3407 4492; x_wconf 86' lang='lat' dir='ltr'><strong>disci-</strong></span> 
     </span>
    </p>
   </div>
   <div class='ocr_carea' id='block_1_101' title="bbox 1906 4529 3201 4596">
    <p class='ocr_par' dir='ltr' id='par_1_101' title="bbox 1906 4529 3201 4596">
     <span class='ocr_line' id='line_1_101' title="bbox 1906 4529 3201 4596; baseline 0.002 -19"><span class='ocrx_word' id='word_1_715' title='bbox 1906 4547 1924 4577; x_wconf 85' lang='grc'><strong><em>‹</em></strong></span> <span class='ocrx_word' id='word_1_716' title='bbox 1965 4530 2162 4596; x_wconf 90' lang='lat' dir='ltr'><strong>plinam</strong></span> <span class='ocrx_word' id='word_1_717' title='bbox 2199 4536 2453 4580; x_wconf 81' lang='lat' dir='ltr'><strong>accurate</strong></span> <span class='ocrx_word' id='word_1_718' title='bbox 2495 4529 2838 4595; x_wconf 84' lang='lat' dir='ltr'><strong>pe:fccteque</strong></span> <span class='ocrx_word' id='word_1_719' title='bbox 2872 4531 3143 4583; x_wconf 85' lang='lat' dir='ltr'><strong>observet.</strong></span> <span class='ocrx_word' id='word_1_720' title='bbox 3185 4547 3201 4579; x_wconf 75' lang='grc' dir='ltr'><strong>ι</strong></span> 
     </span>
    </p>
   </div>
   <div class='ocr_carea' id='block_1_102' title="bbox 1902 4617 3404 4688">
    <p class='ocr_par' dir='ltr' id='par_1_102' title="bbox 1902 4617 3404 4688">
     <span class='ocr_line' id='line_1_102' title="bbox 1902 4617 3404 4688; baseline 0.003 -19"><span class='ocrx_word' id='word_1_721' title='bbox 1902 4617 2095 4670; x_wconf 83' lang='lat' dir='ltr'><strong>BALS.</strong></span> <span class='ocrx_word' id='word_1_722' title='bbox 2128 4617 2382 4670; x_wconf 84' lang='lat' dir='ltr'><strong>Nonnulli</strong></span> <span class='ocrx_word' id='word_1_723' title='bbox 2415 4635 2578 4685; x_wconf 67' lang='lat' dir='ltr'><strong>saepe,</strong></span> <span class='ocrx_word' id='word_1_724' title='bbox 2619 4618 2873 4684; x_wconf 91' lang='lat' dir='ltr'><strong>inquiunt</strong></span> <span class='ocrx_word' id='word_1_725' title='bbox 2900 4618 3091 4673; x_wconf 86' lang='lat' dir='ltr'><strong>Patres</strong></span> <span class='ocrx_word' id='word_1_726' title='bbox 3123 4660 3138 4683; x_wconf 92' lang='lat'><strong>,</strong></span> <span class='ocrx_word' id='word_1_727' title='bbox 3182 4629 3404 4688; x_wconf 87' lang='lat' dir='ltr'><strong>propter</strong></span> 
     </span>
    </p>
   </div>
   <div class='ocr_carea' id='block_1_103' title="bbox 1828 4708 3402 4779">
    <p class='ocr_par' dir='ltr' id='par_1_103' title="bbox 1828 4708 3402 4779">
     <span class='ocr_line' id='line_1_103' title="bbox 1828 4708 3402 4779; baseline 0.001 -19"><span class='ocrx_word' id='word_1_728' title='bbox 1828 4708 2175 4761; x_wconf 78' lang='lat' dir='ltr'><strong>alllictionem</strong></span> <span class='ocrx_word' id='word_1_729' title='bbox 2205 4745 2220 4770; x_wconf 94' lang='lat'><strong>,</strong></span> <span class='ocrx_word' id='word_1_730' title='bbox 2271 4709 2352 4760; x_wconf 90' lang='lat' dir='ltr'><strong>vel</strong></span> <span class='ocrx_word' id='word_1_731' title='bbox 2381 4709 2543 4760; x_wconf 86' lang='lat' dir='ltr'><strong>etiam</strong></span> <span class='ocrx_word' id='word_1_732' title='bbox 2580 4723 2674 4776; x_wconf 87' lang='lat' dir='ltr'><strong>per</strong></span> <span class='ocrx_word' id='word_1_733' title='bbox 2705 4708 3093 4777; x_wconf 73' lang='lat' dir='ltr'><strong>negligentiam</strong></span> <span class='ocrx_word' id='word_1_734' title='bbox 3123 4712 3358 4779; x_wconf 88' lang='lat' dir='ltr'><strong>aliquam</strong></span> <span class='ocrx_word' id='word_1_735' title='bbox 3388 4750 3402 4776; x_wconf 92' lang='lat'><strong>,</strong></span> 
     </span>
    </p>
   </div>
   <div class='ocr_carea' id='block_1_104' title="bbox 1829 4799 3406 4863">
    <p class='ocr_par' dir='ltr' id='par_1_104' title="bbox 1829 4799 3406 4863">
     <span class='ocr_line' id='line_1_104' title="bbox 1829 4799 3406 4863; baseline 0.001 -11"><span class='ocrx_word' id='word_1_736' title='bbox 1829 4802 1991 4853; x_wconf 88' lang='lat' dir='ltr'><strong>vitam</strong></span> <span class='ocrx_word' id='word_1_737' title='bbox 2036 4799 2392 4852; x_wconf 86' lang='lat' dir='ltr'><strong>monasticam</strong></span> <span class='ocrx_word' id='word_1_738' title='bbox 2419 4799 2578 4852; x_wconf 81' lang='lat' dir='ltr'><strong>facile</strong></span> <span class='ocrx_word' id='word_1_739' title='bbox 2611 4799 2932 4863; x_wconf 88' lang='lat' dir='ltr'><strong>subeuntes,</strong></span> <span class='ocrx_word' id='word_1_740' title='bbox 2964 4809 3017 4853; x_wconf 90' lang='lat' dir='ltr'><strong>et</strong></span> <span class='ocrx_word' id='word_1_741' title='bbox 3058 4802 3406 4855; x_wconf 81' lang='lat' dir='ltr'><strong>exercitatio-</strong></span> 
     </span>
    </p>
   </div>
   <div class='ocr_carea' id='block_1_105' title="bbox 1825 4885 3402 4955">
    <p class='ocr_par' dir='ltr' id='par_1_105' title="bbox 1825 4885 3402 4955">
     <span class='ocr_line' id='line_1_105' title="bbox 1825 4885 3402 4955; baseline 0.002 -15"><span class='ocrx_word' id='word_1_742' title='bbox 1825 4888 1908 4940; x_wconf 90' lang='lat' dir='ltr'><strong>nis</strong></span> <span class='ocrx_word' id='word_1_743' title='bbox 1939 4887 2176 4940; x_wconf 87' lang='lat' dir='ltr'><strong>laborem</strong></span> <span class='ocrx_word' id='word_1_744' title='bbox 2227 4885 2453 4939; x_wconf 70' lang='lat' dir='ltr'><strong>suﬂ‘erre</strong></span> <span class='ocrx_word' id='word_1_745' title='bbox 2515 4902 2618 4938; x_wconf 91' lang='lat' dir='ltr'><strong>non</strong></span> <span class='ocrx_word' id='word_1_746' title='bbox 2673 4888 2916 4941; x_wconf 84' lang='lat' dir='ltr'><strong>valentes</strong></span> <span class='ocrx_word' id='word_1_747' title='bbox 2949 4927 2962 4950; x_wconf 91' lang='lat'><strong>,</strong></span> <span class='ocrx_word' id='word_1_748' title='bbox 3025 4891 3402 4955; x_wconf 62' lang='lat' dir='ltr'><strong>paenitentiam</strong></span> 
     </span>
    </p>
   </div>
   <div class='ocr_carea' id='block_1_106' title="bbox 1825 4975 3402 5047">
    <p class='ocr_par' dir='ltr' id='par_1_106' title="bbox 1825 4975 3402 5047">
     <span class='ocr_line' id='line_1_106' title="bbox 1825 4975 3402 5047; baseline 0.001 -17"><span class='ocrx_word' id='word_1_749' title='bbox 1825 4984 2014 5047; x_wconf 82' lang='lat' dir='ltr'><strong>agunt,</strong></span> <span class='ocrx_word' id='word_1_750' title='bbox 2048 4984 2102 5030; x_wconf 89' lang='lat' dir='ltr'><strong>et</strong></span> <span class='ocrx_word' id='word_1_751' title='bbox 2139 4975 2203 5028; x_wconf 90' lang='lat' dir='ltr'><strong>ad</strong></span> <span class='ocrx_word' id='word_1_752' title='bbox 2236 4977 2468 5045; x_wconf 88' lang='lat' dir='ltr'><strong>priorem</strong></span> <span class='ocrx_word' id='word_1_753' title='bbox 2501 4977 2817 5029; x_wconf 74' lang='lat' dir='ltr'><strong>saecularem</strong></span> <span class='ocrx_word' id='word_1_754' title='bbox 2871 4978 3084 5030; x_wconf 90' lang='lat' dir='ltr'><strong>vivendi</strong></span> <span class='ocrx_word' id='word_1_755' title='bbox 3135 4981 3402 5032; x_wconf 86' lang='lat' dir='ltr'><strong>rationem</strong></span> 
     </span>
    </p>
   </div>
   <div class='ocr_carea' id='block_1_107' title="bbox 1822 5069 3393 5139">
    <p class='ocr_par' dir='ltr' id='par_1_107' title="bbox 1822 5069 3393 5139">
     <span class='ocr_line' id='line_1_107' title="bbox 1822 5069 3393 5139; baseline 0.001 -14"><span class='ocrx_word' id='word_1_756' title='bbox 1822 5078 2191 5125; x_wconf 85' lang='lat' dir='ltr'><strong>revertuntur.</strong></span> <span class='ocrx_word' id='word_1_757' title='bbox 2234 5069 2552 5123; x_wconf 90' lang='lat' dir='ltr'><strong>Statuerunt</strong></span> <span class='ocrx_word' id='word_1_758' title='bbox 2589 5085 2741 5139; x_wconf 88' lang='lat' dir='ltr'><strong>ergo,</strong></span> <span class='ocrx_word' id='word_1_759' title='bbox 2779 5087 2845 5123; x_wconf 91' lang='lat' dir='ltr'><strong>ne</strong></span> <span class='ocrx_word' id='word_1_760' title='bbox 2871 5073 3175 5125; x_wconf 89' lang='lat' dir='ltr'><strong>monastico</strong></span> <span class='ocrx_word' id='word_1_761' title='bbox 3207 5073 3393 5126; x_wconf 85' lang='lat' dir='ltr'><strong>habitu</strong></span> 
     </span>
    </p>
   </div>
   <div class='ocr_carea' id='block_1_108' title="bbox 1823 5164 3388 5237">
    <p class='ocr_par' dir='ltr' id='par_1_108' title="bbox 1823 5164 3388 5237">
     <span class='ocr_line' id='line_1_108' title="bbox 1823 5164 3388 5237; baseline -0.003 -15"><span class='ocrx_word' id='word_1_762' title='bbox 1823 5168 2021 5237; x_wconf 87' lang='lat' dir='ltr'><strong>dignus</strong></span> <span class='ocrx_word' id='word_1_763' title='bbox 2060 5165 2181 5235; x_wconf 88' lang='lat' dir='ltr'><strong>quis</strong></span> <span class='ocrx_word' id='word_1_764' title='bbox 2215 5164 2573 5228; x_wconf 79' lang='lat' dir='ltr'><strong>existimetur,</strong></span> <span class='ocrx_word' id='word_1_765' title='bbox 2608 5174 2733 5218; x_wconf 88' lang='lat' dir='ltr'><strong>ante</strong></span> <span class='ocrx_word' id='word_1_766' title='bbox 2767 5165 3144 5232; x_wconf 87' lang='lat' dir='ltr'><strong>probationem</strong></span> <span class='ocrx_word' id='word_1_767' title='bbox 3180 5177 3230 5220; x_wconf 92' lang='lat' dir='ltr'><strong>et</strong></span> <span class='ocrx_word' id='word_1_768' title='bbox 3256 5183 3388 5220; x_wconf 77' lang='lat' dir='ltr'><strong>exa-</strong></span> 
     </span>
    </p>
   </div>
   <div class='ocr_carea' id='block_1_109' title="bbox 1826 5255 3404 5326">
    <p class='ocr_par' dir='ltr' id='par_1_109' title="bbox 1826 5255 3404 5326">
     <span class='ocr_line' id='line_1_109' title="bbox 1826 5255 3404 5326; baseline 0 -14"><span class='ocrx_word' id='word_1_769' title='bbox 1826 5259 2177 5313; x_wconf 89' lang='lat' dir='ltr'><strong>minationem</strong></span> <span class='ocrx_word' id='word_1_770' title='bbox 2206 5256 2324 5325; x_wconf 86' lang='lat' dir='ltr'><strong>ejus</strong></span> <span class='ocrx_word' id='word_1_771' title='bbox 2384 5257 2477 5326; x_wconf 91' lang='lat' dir='ltr'><strong>qui</strong></span> <span class='ocrx_word' id='word_1_772' title='bbox 2531 5255 2708 5325; x_wconf 89' lang='lat' dir='ltr'><strong>ipsmn</strong></span> <span class='ocrx_word' id='word_1_773' title='bbox 2763 5259 2956 5324; x_wconf 87' lang='lat' dir='ltr'><strong>petiit:</strong></span> <span class='ocrx_word' id='word_1_774' title='bbox 3013 5257 3104 5312; x_wconf 88' lang='lat' dir='ltr'><strong>sed</strong></span> <span class='ocrx_word' id='word_1_775' title='bbox 3169 5259 3404 5312; x_wconf 87' lang='lat' dir='ltr'><strong>triennio</strong></span> 
     </span>
    </p>
   </div>
   <div class='ocr_carea' id='block_1_110' title="bbox 1831 5346 3400 5416">
    <p class='ocr_par' dir='ltr' id='par_1_110' title="bbox 1831 5346 3400 5416">
     <span class='ocr_line' id='line_1_110' title="bbox 1831 5346 3400 5416; baseline 0.001 -17"><span class='ocrx_word' id='word_1_776' title='bbox 1831 5348 2110 5416; x_wconf 83' lang='lat' dir='ltr'><strong>probetur,</strong></span> <span class='ocrx_word' id='word_1_777' title='bbox 2136 5355 2188 5400; x_wconf 86' lang='lat' dir='ltr'><strong>et</strong></span> <span class='ocrx_word' id='word_1_778' title='bbox 2213 5348 2292 5400; x_wconf 88' lang='lat' dir='ltr'><strong>sic</strong></span> <span class='ocrx_word' id='word_1_779' title='bbox 2333 5347 2698 5401; x_wconf 88' lang='lat' dir='ltr'><strong>monasticum</strong></span> <span class='ocrx_word' id='word_1_780' title='bbox 2725 5346 2968 5400; x_wconf 87' lang='lat' dir='ltr'><strong>habitum</strong></span> <span class='ocrx_word' id='word_1_781' title='bbox 3007 5349 3258 5416; x_wconf 84' lang='lat' dir='ltr'><strong>accipiat.</strong></span> <span class='ocrx_word' id='word_1_782' title='bbox 3288 5348 3400 5400; x_wconf 82' lang='lat' dir='ltr'><strong>[Ioc</strong></span> 
     </span>
    </p>
   </div>
   <div class='ocr_carea' id='block_1_111' title="bbox 1832 5436 3401 5507">
    <p class='ocr_par' dir='ltr' id='par_1_111' title="bbox 1832 5436 3401 5507">
     <span class='ocr_line' id='line_1_111' title="bbox 1832 5436 3401 5507; baseline 0 -17"><span class='ocrx_word' id='word_1_783' title='bbox 1832 5437 1976 5490; x_wconf 88' lang='lat' dir='ltr'><strong>enim</strong></span> <span class='ocrx_word' id='word_1_784' title='bbox 2004 5438 2076 5490; x_wconf 88' lang='lat' dir='ltr'><strong>ita</strong></span> <span class='ocrx_word' id='word_1_785' title='bbox 2109 5436 2272 5498; x_wconf 80' lang='lat' dir='ltr'><strong>facto,</strong></span> <span class='ocrx_word' id='word_1_786' title='bbox 2307 5453 2406 5491; x_wconf 91' lang='lat' dir='ltr'><strong>nec</strong></span> <span class='ocrx_word' id='word_1_787' title='bbox 2438 5439 2548 5505; x_wconf 70' lang='lat' dir='ltr'><strong>ipse</strong></span> <span class='ocrx_word' id='word_1_788' title='bbox 2566 5447 2786 5506; x_wconf 88' lang='lat' dir='ltr'><strong>propter</strong></span> <span class='ocrx_word' id='word_1_789' title='bbox 2813 5437 3192 5507; x_wconf 87' lang='lat' dir='ltr'><strong>negligentiam</strong></span> <span class='ocrx_word' id='word_1_790' title='bbox 3228 5440 3401 5507; x_wconf 72' lang='lat' dir='ltr'><strong>panti-</strong></span> 
     </span>
    </p>
   </div>
   <div class='ocr_carea' id='block_1_112' title="bbox 1834 5528 3406 5596">
    <p class='ocr_par' dir='ltr' id='par_1_112' title="bbox 1834 5528 3406 5596">
     <span class='ocr_line' id='line_1_112' title="bbox 1834 5528 3406 5596; baseline 0.001 -17"><span class='ocrx_word' id='word_1_791' title='bbox 1834 5528 2003 5582; x_wconf 90' lang='lat' dir='ltr'><strong>tentia</strong></span> <span class='ocrx_word' id='word_1_792' title='bbox 2075 5537 2362 5596; x_wconf 85' lang='lat' dir='ltr'><strong>tangetur,</strong></span> <span class='ocrx_word' id='word_1_793' title='bbox 2426 5528 2515 5580; x_wconf 87' lang='lat' dir='ltr'><strong>sed</strong></span> <span class='ocrx_word' id='word_1_794' title='bbox 2567 5530 2926 5582; x_wconf 77' lang='lat' dir='ltr'><strong>monasticam</strong></span> <span class='ocrx_word' id='word_1_795' title='bbox 2981 5529 3221 5583; x_wconf 83' lang='lat' dir='ltr'><strong>habitum</strong></span> <span class='ocrx_word' id='word_1_796' title='bbox 3287 5538 3406 5581; x_wconf 77' lang='lat' dir='ltr'><strong>toto</strong></span> 
     </span>
    </p>
   </div>
   <div class='ocr_carea' id='block_1_113' title="bbox 1383 5624 2167 5702">
    <p class='ocr_par' dir='ltr' id='par_1_113' title="bbox 1383 5624 2167 5702">
     <span class='ocr_line' id='line_1_113' title="bbox 1383 5624 2167 5702; baseline 0.001 -18"><span class='ocrx_word' id='word_1_797' title='bbox 1383 5624 1571 5685; x_wconf 92' lang='lat' dir='ltr'><strong>Guill.</strong></span> <span class='ocrx_word' id='word_1_798' title='bbox 1611 5626 1932 5702; x_wconf 76' lang='lat' dir='ltr'><strong>Beveregii</strong></span> <span class='ocrx_word' id='word_1_799' title='bbox 1978 5633 2167 5686; x_wconf 71' lang='lat' dir='ltr'><strong>notae.</strong></span> 
     </span>
    </p>
   </div>
   <div class='ocr_carea' id='block_1_114' title="bbox 230 5725 878 5797">
    <p class='ocr_par' dir='ltr' id='par_1_114' title="bbox 230 5725 878 5797">
     <span class='ocr_line' id='line_1_114' title="bbox 230 5725 878 5797; baseline 0 -18"><span class='ocrx_word' id='word_1_800' title='bbox 230 5725 346 5797; x_wconf 63' lang='lat'><strong>(49)</strong></span> <span class='ocrx_word' id='word_1_801' title='bbox 378 5726 758 5794; x_wconf 67' lang='grc' dir='ltr'><strong>Φιλόσαρκον</strong></span> <span class='ocrx_word' id='word_1_802' title='bbox 780 5729 878 5780; x_wconf 78' lang='grc' dir='ltr'><strong>καὶ</strong></span> 
     </span>
    </p>
   </div>
   <div class='ocr_carea' id='block_1_115' title="bbox 149 5798 1267 5870">
    <p class='ocr_par' dir='ltr' id='par_1_115' title="bbox 149 5798 1267 5870">
     <span class='ocr_line' id='line_1_115' title="bbox 149 5798 1267 5870; baseline -0.007 -12"><span class='ocrx_word' id='word_1_803' title='bbox 149 5801 397 5858; x_wconf 86' lang='lat' dir='ltr'><strong>editione</strong></span> <span class='ocrx_word' id='word_1_804' title='bbox 427 5807 509 5853; x_wconf 82' lang='lat' dir='ltr'><strong>est</strong></span> <span class='ocrx_word' id='word_1_805' title='bbox 535 5798 861 5870; x_wconf 85' lang='grc' dir='ltr'><strong>φιλόσαρκον</strong></span> <span class='ocrx_word' id='word_1_806' title='bbox 886 5798 920 5869; x_wconf 75' lang='grc' dir='ltr'>ἢ</span> <span class='ocrx_word' id='word_1_807' title='bbox 958 5798 1267 5870; x_wconf 78' lang='grc' dir='ltr'><strong>φιλήδονον.</strong></span> 
     </span>
    </p>
   </div>
   <div class='ocr_carea' id='block_1_116' title="bbox 914 5727 3404 5797">
    <p class='ocr_par' dir='ltr' id='par_1_116' title="bbox 914 5727 3404 5797">
     <span class='ocr_line' id='line_1_116' title="bbox 914 5727 3404 5797; baseline 0.003 -19"><span class='ocrx_word' id='word_1_808' title='bbox 914 5727 1220 5796; x_wconf 73' lang='grc' dir='ltr'><strong>ἠδονικόν.</strong></span> <span class='ocrx_word' id='word_1_809' title='bbox 1256 5728 1337 5783; x_wconf 84' lang='lat' dir='ltr'><strong>lta</strong></span> <span class='ocrx_word' id='word_1_810' title='bbox 1368 5745 1490 5781; x_wconf 84' lang='lat' dir='ltr'><strong>cum</strong></span> <span class='ocrx_word' id='word_1_811' title='bbox 1528 5729 1715 5782; x_wconf 82' lang='lat' dir='ltr'><strong>codice</strong></span> <span class='ocrx_word' id='word_1_812' title='bbox 1761 5727 2058 5784; x_wconf 68' lang='lat' dir='ltr'><strong>Bodleiano</strong></span> <span class='ocrx_word' id='word_1_813' title='bbox 2104 5731 2229 5797; x_wconf 70' lang='lat' dir='ltr'><strong>legit</strong></span> <span class='ocrx_word' id='word_1_814' title='bbox 2259 5727 2420 5785; x_wconf 85' lang='lat' dir='ltr'><strong>etiam</strong></span> <span class='ocrx_word' id='word_1_815' title='bbox 2457 5730 2948 5786; x_wconf 83' lang='lat' dir='ltr'><strong>Amerbaehianus.</strong></span> <span class='ocrx_word' id='word_1_816' title='bbox 3011 5732 3067 5785; x_wconf 92' lang='lat' dir='ltr'><strong>ln</strong></span> <span class='ocrx_word' id='word_1_817' title='bbox 3112 5732 3404 5787; x_wconf 78' lang='lat' dir='ltr'><strong>Parisiensi</strong></span> 
     </span>
    </p>
   </div>
  </div>
