4166 6438
159 419 181 478 1
200 420 313 482 029

161 888 520 952 κασθήσεται
583 891 681 941 καὶ
743 891 894 942 ἄκων
956 891 1326 957 ἀποκαρῆναι.
1386 892 1652 958 Λέγοντες
1698 891 1754 944 δὲ

71 971 104 993 li
157 984 352 1035 ταῦτα
380 982 790 1044 κατεσκεύαζον
833 983 926 1035 τὸν
977 983 1133 1050 λόγον
1175 982 1354 1035 αὐτῶν
1393 985 1500 1036 ἀπὸ
1557 984 1652 1036 τοῦ
1706 983 1755 1051 γ’

77 1081 84 1087 ’
165 1093 303 1144 κεφ.
335 1077 428 1127 τοῦ
484 1081 553 1128 ια’
593 1075 772 1128 τίτλον
803 1073 897 1126 τοῦ
938 1076 1204 1144 παρόντος
1235 1077 1637 1145 συντάγματος,
1667 1077 1758 1131 λέ-

49 1171 102 1252 L“
173 1186 367 1235 (οντος
398 1171 527 1238 περὶ
559 1169 654 1231 τὰς
687 1166 862 1238 ἀρχὰς
923 1168 1094 1231 οὕτως
1123 1185 1136 1199 ⁸
1179 1170 1242 1222 ἸΙ
1283 1169 1338 1221 δὲ
1404 1176 1471 1236 ιγ’
1512 1169 1758 1235 διάταξις

47 1259 60 1272 ⁶
97 1271 110 1276 ‘
171 1259 268 1310 τοῦ
300 1265 349 1311 α’
384 1260 566 1310 τίτλου
610 1261 735 1326 ³τῶν
779 1261 1010 1330 Νεαρῶν
1053 1278 1223 1330 φησιν
1277 1263 1358 1315 ὅτι
1394 1266 1442 1316 οἱ
1499 1266 1755 1336 παραμέ-

169 1371 359 1416 νοντες
388 1356 466 1416 εἰς
505 1357 718 1424 μονήρη
755 1356 890 1425 βίον,
932 1357 1042 1407 εἴτε
1079 1357 1354 1429 ἐλεύθεροι
1390 1357 1501 1410 εἴτε
1551 1359 1749 1423 δοῦλοι,

75 1439 108 1459 “’
166 1449 450 1515 πρότερον
481 1450 729 1516 τριετίαν
791 1450 1412 1518 προσκαρτερείτωσαν,
1468 1450 1643 1519 κουρᾷ
1695 1466 1754 1501 τε

169 1537 272 1589 καὶ
302 1537 493 1607 ἐσθῆτι
534 1539 809 1608 χρώμενοι
839 1541 950 1591 τῶν
979 1541 1208 1602 λαῖκῶν,
1259 1541 1350 1593 καὶ
1391 1541 1490 1604 τὰς
1532 1541 1758 1610 Γραφὰς

73 1638 90 1646 ³
169 1629 568 1697 μανθάνοντες,
602 1631 695 1683 καὶ
732 1631 832 1701 τὴν
882 1631 1056 1701 τύχην
1100 1633 1284 1684 αὐτῶν
1324 1632 1755 1702 ’ὁμολογοῦντεῃ

168 1723 273 1772 καὶ
303 1721 403 1790 τὴν
441 1721 626 1774 αἰτίαν
655 1723 746 1774 τοῦ
786 1723 964 1776 θέλειν
996 1724 1255 1792 μονάσαι,
1299 1726 1514 1795 μήποτε
1541 1724 1758 1793 πονηρά

65 1805 92 1831 ⁵
167 1812 324 1876 ἐστι,
356 1813 449 1864 καὶ
476 1813 945 1866 νουθετεῐσοωσαν
972 1831 984 1845 ·
1023 1813 1117 1866 καὶ
1139 1816 1188 1866 εί
1212 1817 1756 1885 προσκαρτερήσουσι

36 1893 39 1920 Γ
71 1896 90 1924 ⁷
166 1903 284 1972 τὴν
321 1904 566 1973 τριετίαν
620 1906 716 1957 καὶ
753 1905 894 1969 ἄξιοι
925 1907 1140 1974 φανῶσι
1171 1906 1268 1958 τοῦ
1339 1907 1590 1975 μονάσαι,
1636 1907 1756 1959 τότε

47 1987 86 2016 λέ
169 1993 576 2062 κειρέσθωσαν.
610 1995 718 2049 Καὶ
746 1995 937 2065 ἢθελον
969 1998 1032 2048 ἐκ
1076 1996 1282 2064 ταύτης
1316 1997 1556 2066 Νεαρᾶς,
1594 1996 1762 2065 οῠσης

184 2084 663 2149 Ἰουστινιανείου,
698 2087 796 2156 τὴν
826 2086 1061 2157 δοκιμὴν
1094 2087 1346 2156 γίνεσθαι
1388 2087 1527 2156 μετὰ
1558 2087 1764 2139 λαῐκῶν

171 2176 429 2246 ἀμφίων.
486 2178 853 2247 Προσετίθουν
886 2179 942 2230 δὲ
975 2179 1070 2241 ὡς,
1112 2180 1234 2230 ἐπεὶ
1272 2181 1334 2230 τὸ
1393 2183 1461 2245 ιγ’
1498 2194 1625 2245 κεφ.
1668 2178 1764 2230 τοῦ

171 2269 228 2322 α’
258 2270 446 2322 τίτλου
477 2269 572 2323 τοῦ
632 2272 673 2324 δ’
728 2269 936 2340 βιϐλίου
966 2271 1074 2323 τῶν
1107 2271 1436 2333 Βασιλικῶν,
1471 2273 1608 2341 ὅπερ
1649 2273 1766 2323 ἐστὶ

176 2362 382 2431 κεφαλ.
418 2361 487 2426 ξδ’
532 2363 632 2430 τῆς
690 2369 811 2430 ρκγ¹
858 2364 1290 2417 ἰουστινιανείου
1324 2361 1562 2433 Νεαρᾶς,
1594 2365 1762 2433 διορί-

175 2455 337 2516 ζεται
366 2454 492 2514 τοὺς
527 2453 913 2522 τολμήσαντας
946 2452 1294 2522 μιμήσασθαι
1354 2452 1543 2521 σχῆμα
1598 2469 1762 2519 μονα-

175 2545 283 2614 χοῦ
324 2546 357 2614 ἢ
412 2546 744 2616 ἀσκητρίας,
815 2546 911 2598 καὶ
963 2545 1104 2598 κατὰ
1152 2546 1447 2614 σκηνικοὺς
1505 2544 1766 2612 ἐμπαῖξαι

177 2636 346 2690 τοῦτο
372 2638 644 2707 οίῳδήτινι
670 2638 883 2707 τρόπῳ,
915 2637 1247 2706 σωματικῶς
1268 2636 1634 2706 τιμωρεῖσθαι
1671 2639 1768 2691 καὶ

183 2727 537 2798 ἑξορίζεσθαι
559 2744 574 2758 ’
619 2729 798 2799 πολλῷ
834 2730 890 2781 δδ
925 2729 1086 2782 πλέον
1116 2729 1514 2798 κολασθήσεται
1541 2732 1568 2780 ὁ
1597 2728 1769 2794 ἐπαγ-

180 2817 514 2887 γειλάμενος
556 2817 856 2887 μοναδικὴν
913 2818 1212 2887 διαγωγὴν,
1249 2818 1343 2869 καὶ
1377 2818 1458 2878 εἰς
1491 2816 1768 2886 μοναστή-

185 2926 309 2977 ριον
339 2908 614 2972 ἀπελθὼν,
649 2909 742 2962 καὶ
778 2907 1085 2978 μοναχικὴν
1121 2907 1333 2977 ἐσθῆτα
1361 2907 1767 2977 περιϐαλλόμε-

182 3019 301 3064 νος,
347 3001 444 3052 ἐὰν
485 3000 716 3070 ὕστερον
743 3001 1192 3069 ἁνερυθριάστως
1221 3001 1300 3061 εἰς
1339 2999 1563 3060 λαῖκοὺς
1596 3013 1765 3067 μετα-

185 3092 569 3162 σχηματισθῇ.
613 3092 798 3144 ’Δλλοι
833 3092 887 3143 δὲ
917 3088 1072 3144 εἷπον
1102 3093 1176 3154 ὡς
1201 3093 1251 3142 οἱ
1285 3092 1766 3161 ρασοφορήσαντες

186 3185 334 3252 μετὰ
373 3183 674 3252 Τρισαγίου
715 3185 778 3236 οὐ
836 3183 1420 3253 παραχωρηθήσονται
1479 3198 1764 3250 μετασχη-

186 3274 529 3344 ματισθῆναι
565 3275 646 3336 είς
680 3275 902 3335 λαῖκούς
931 3289 944 3303 °
1000 3277 1048 3326 οἱ
1077 3275 1130 3326 δὲ
1163 3275 1333 3343 χωρὶς
1362 3271 1552 3325 τούτου
1602 3289 1769 3341 μετα-

186 3367 663 3436 σχηματισθέντες
696 3367 1064 3429 ἁδιαστίκτως
1086 3367 1238 3428 ἐντὸς
1260 3366 1359 3434 τῆς
1383 3365 1630 3435 τριετίας
1661 3365 1769 3416 τῶν

187 3455 297 3524 μὲν
359 3456 673 3525 μοναχικῶν
730 3457 950 3525 ἀμφίων
1006 3453 1203 3523 σχολὴν
1266 3455 1766 3522 καταψηφίσονται,

187 3548 580 3615 ἐνδυθὴσονται
611 3547 666 3599 δὲ
693 3547 881 3600 λαῖκά.
920 3547 1045 3598 Ὅτι
1091 3547 1186 3598 καὶ
1230 3548 1493 3612 γυναῖκες
1549 3545 1774 3597 πενθού-

190 3657 292 3692 σαι
316 3642 444 3702 τοὺς
485 3639 752 3692 ἀποϐεϐιιι
775 3639 942 3699 κότας
975 3639 1177 3708 ἄνδρας
1218 3638 1400 3692 αὐτῶν
1450 3639 1774 3706 μελανειμο-

189 3729 379 3784 νοῦσιν
411 3732 505 3783 ἐπὶ
547 3731 760 3798 καιρὸν,
795 3732 890 3782 καὶ
912 3728 1210 3790 ἀκινδύνως
1241 3727 1398 3791 αὖθις
1428 3729 1496 3781 τὰ
1528 3729 1772 3798 κοσμικὰ

197 3824 634 3893 περιτιθέανται.
669 3823 777 3874 Καὶ
805 3823 959 3873 αὐτοὶ
996 3821 1095 3890 μὲν
1145 3822 1339 3875 ταῦτα.
1397 3823 1522 3884 Τοῖς
1565 3822 1773 3873 πλείοσι

191 3914 253 3965 δὲ
286 3913 381 3965 καὶ
418 3911 839 3981 εὐλαϐεστέροις
888 3911 948 3960 οὺ
1000 3909 1146 3961 δοκεῖ
1176 3909 1237 3961 τὸ
1275 3908 1419 3979 ἔχειν
1456 3909 1542 3961 ἐπ’
1585 3908 1774 3968 ἀδείας

193 4005 290 4058 τὸν
328 4003 642 4056 εἰσελθόντα
674 4005 756 4063 εἰς
783 4003 1172 4071 μοναστήριον,
1203 4002 1321 4065 καὶ,
1359 4000 1434 4061 ὡς
1475 4001 1540 4052 ἂν
1585 3998 1685 4069 ἔχῃ
1714 3998 1775 4050 τὸ

193 4099 458 4169 πρᾶγμα,
493 4097 1032 4167 μελανειμονήσαντα
1073 4097 1166 4148 καὶ
1194 4095 1336 4148 κατὰ
1371 4094 1636 4164 μοναχοὺς
1661 4094 1775 4148 δια·

195 4190 480 4259 τρίϐοντα,
542 4188 1127 4258 μετασχηματισθῆναι
1194 4189 1274 4249 εἰς
1336 4187 1578 4250 λαῐκούς.
1619 4187 1776 4254 Ἐξῆν

197 4282 330 4352 γὰρ,
362 4282 548 4350 φασὶν,
582 4279 733 4350 αὑτῷ
758 4282 896 4350 μετὰ
924 4280 1129 4332 λαῖκῶν
1157 4280 1403 4349 ἐσθήτων
1434 4280 1775 4348 δοκιμασοῆ-

202 4391 291 4427 ναι
320 4373 466 4426 κατὰ
493 4373 584 4425 τὸν
608 4372 709 4440 τῆς
739 4377 986 4442 τριετὶας
1008 4373 1198 4440 καιρόν
1218 4387 1231 4399 ·
1266 4372 1388 4423 ἐπεὶ
1417 4372 1476 4424 δὲ
1507 4371 1780 4440 μοναχικὰ

203 4463 526 4528 ἐνεδύσατο,
563 4463 1053 4532 ἀναγκασθήσεται
1084 4461 1400 4531 περατῶσαι
1434 4461 1532 4530 τὴν
1568 4460 1778 4514 οἰκείαν

1394 418 1476 478 IN
1516 417 1675 480 CAN.
1707 420 1748 478 Υ
1793 420 1998 480 (ἿΠΝΕ.
2033 421 2238 482 CPOL.

155 530 537 594 ἐνδυσάμενος
606 527 666 579 οὐ
704 526 1241 596 παραγυρηθὴπετειι
1294 526 1421 593 χθὲς
1466 526 1564 594 μὲν
1607 526 1750 577 κατᾶ

1875 530 2212 583 nonasticum
2254 527 2469 594 induit,
2499 529 2548 582 ei
2601 545 2708 584 non
2767 529 3148 598 permittetur,
3212 535 3270 579 ut
3315 529 3427 582 heri

71 595 106 622 ί-
158 618 448 687 μοναχοὺς
483 619 576 670 ἐπὶ
615 595 823 688 ἀγορᾶς
860 595 1339 687 ἀναστρέφεσθαι,
1403 619 1646 686 σήμερον
1697 621 1752 670 δὲ

69 707 74 710 ’
157 711 314 760 κατὰ
344 710 557 768 λαῖγ.οὺς
581 709 986 775 θεατρίζεσθαι,
1026 709 1119 760 καὶ
1150 705 1260 760 οἷον
1288 710 1584 776 ἐμπαίζειν
1614 711 1755 762 κατὰ

77 857 82 859 _
161 801 476 868 σκηνικοὺς
507 799 567 850 τὸ
593 800 746 865 ἅγιον
772 801 957 870 σχῆμα
983 817 996 831 ·
1069 801 1272 870 μᾶλλ.ον
1316 800 1414 869 μὲν
1449 795 1545 853 οὖν
1583 803 1755 870 ἀναγ-

3292 417 3430 478 1030

1860 619 2080 687 quidem
2114 621 2286 674 instar
2311 621 2701 674 monachorum
2737 621 2787 674 in
2821 621 2937 674 foro
2966 627 3240 688 versetur,
3275 620 3435 674 hodie

1858 725 1989 762 vero
2020 710 2194 764 instar
2224 709 2488 764 laicornm
2520 725 2580 764 se
2615 711 2878 764 theatrice
2910 710 3151 764 vcnditet
3176 751 3190 774 ,
3241 717 3299 763 et
3350 709 3433 762 in-

1858 815 1971 854 Star
2005 801 2347 855 scenicorum
2409 810 2658 854 sanctum
2712 800 2957 854 habitum
3018 800 3426 868 quodammodo

1858 893 2186 948 ludiﬁcetur.
2244 893 2435 947 Potius
2473 908 2601 961 etgo
2636 907 2860 962 cogetur
2913 893 2992 946 vel
3040 894 3242 948 invitus
3307 902 3436 945 ten-

1857 981 1993 1036 deri.
2029 981 2134 1048 Qui
2163 995 2344 1038 autem
2385 984 2500 1036 haec
2531 983 2802 1045 dicebant,
2837 983 3046 1037 dictum
3104 999 3262 1037 suum
3311 999 3437 1036 eon-

1857 1074 2146 1130 ﬁrmabant
2179 1091 2242 1130 ex
2273 1076 2496 1146 Scapit.
2560 1076 2620 1129 Η
2677 1076 2816 1129 tituli
2871 1075 3156 1146 praesentis
3202 1076 3383 1145 operis
3420 1116 3434 1136 ,

1859 1168 1942 1224 sic
1999 1168 2143 1222 circa
2193 1169 2414 1223 initium
2468 1169 2753 1224 dicentis:
2807 1171 2873 1224 1'5
2925 1170 3250 1225 constitutio
3279 1172 3436 1240 primi

1859 1261 2001 1315 tituli
2039 1260 2382 1315 Novellarum
2412 1262 2572 1327 dicit,
2625 1261 2768 1331 quod
2816 1262 2908 1330 qui
2957 1264 3079 1317 vitae
3113 1262 3439 1316 incumbunt

1859 1353 2173 1408 monasticae
2205 1391 2219 1416 ,
2276 1354 2388 1407 sive
2420 1354 2531 1407 sint
2566 1354 2718 1407 liberi
2789 1354 2907 1407 sive
2959 1356 3144 1416 servi,
3203 1353 3439 1407 triennio

1860 1445 2012 1515 prius
2045 1454 2397 1515 perseverent
2429 1445 2692 1498 laicorum
2749 1443 2910 1500 tonsit
2952 1453 3007 1499 et
3048 1445 3246 1500 vestitu
3284 1457 3441 1499 uten—

1859 1545 1964 1597 tes,
1998 1547 2054 1589 et
2090 1537 2403 1604 Scripturas
2455 1537 2774 1597 discentes.
2834 1544 2888 1589 et
2944 1551 3102 1590 suam
3164 1535 3439 1589 fortunam

1859 1629 2212 1692 confitentes,
2253 1642 2302 1683 et
2333 1644 2555 1684 causam
2591 1645 2690 1682 cur
2751 1632 3000 1683 monachi
3057 1645 3179 1683 esse
3231 1631 3440 1683 velint:

1862 1737 1928 1774 ne
1965 1721 2107 1773 forte
2140 1719 2277 1774 mala
2309 1723 2402 1786 sit,
2434 1731 2488 1774 et
2520 1721 2921 1774 admoneamur
2954 1741 2966 1775 :
3001 1731 3052 1776 et
3110 1725 3156 1777 si
3209 1723 3444 1777 triennio

1864 1813 2333 1882 perseveraverint
2363 1821 2418 1866 et
2461 1813 2797 1866 tuouasterio
2829 1813 2975 1880 digni
3030 1813 3129 1868 visi
3190 1814 3397 1869 fuerint
3426 1855 3442 1876 ,

1868 1914 1997 1957 tunc
2029 1905 2380 1958 tondeautur.
2416 1903 2480 1956 Et
2505 1922 2570 1956 ex
2612 1904 2714 1958 hac
2746 1904 2986 1969 Novella,
3015 1921 3136 1974 qua:
3167 1915 3250 1960 est
3277 1904 3447 1961 Justi-

1868 1996 2041 2057 niani,
2065 1995 2340 2059 volebant,
2361 2010 2484 2049 cum
2505 1995 2622 2049 laici
2649 1996 2890 2051 vestibus
2909 1999 3020 2052 tieri
3046 1999 3443 2067 probationem.

1868 2087 2205 2155 Adjiciebant
2266 2096 2470 2151 autem,
2531 2087 2676 2157 quod
2726 2090 2987 2155 quoniam
3037 2090 3103 2142 15
3134 2104 3254 2158 cap.
3287 2093 3441 2160 primi

1873 2180 2034 2240 tituli,
2079 2196 2128 2232 tv
2163 2179 2254 2232 lib.
2285 2179 2508 2233 Basilio.
2559 2182 2705 2248 quod
2763 2181 2980 2250 quidem
3036 2191 3119 2237 est
3151 2182 3219 2236 64
3255 2199 3305 2237 c.
3345 2183 3448 2236 123

1867 2269 2165 2324 Justiniani
2199 2270 2458 2334 Novcilrc,
2493 2272 2781 2336 decernit,
2825 2281 2881 2326 ut
2935 2275 3026 2343 qui
3073 2276 3187 2328 ausi
3244 2275 3446 2328 fuerint

1871 2363 2125 2416 monachi
2179 2364 2260 2416 vel
2327 2365 2576 2418 ascetrite
2634 2365 2878 2418 habitum
2935 2365 3181 2430 imitari,
3253 2375 3308 2421 et
3369 2368 3450 2420 in-

1874 2462 1988 2508 star
2016 2455 2360 2508 scenicOrum
2396 2455 2591 2524 quovis
2623 2458 2785 2510 modo
2824 2457 2977 2510 illum
3011 2458 3258 2524 illudere,
3315 2474 3444 2512 cor-

1871 2557 2002 2607 pore
2056 2544 2356 2612 puniantur
2384 2552 2437 2598 ct
2490 2546 2980 2600 exterminentur:
3039 2549 3209 2602 multo
3268 2561 3449 2601 autem

1873 2627 2046 2698 magis
2079 2629 2360 2697 punietur,
2403 2633 2495 2700 qui
2533 2634 2699 2686 vitam
2752 2636 3110 2689 monasticam
3166 2638 3450 2704 professus

1872 2714 1926 2766 in
1965 2718 2358 2771 monasterium
2391 2719 2672 2788 ingressus
2710 2731 2796 2776 est
2824 2764 2840 2786 ,
2871 2732 2926 2777 et
2962 2735 3111 2780 veste
3139 2727 3448 2780 monachali

1873 2804 2138 2884 indutus;
2182 2809 2226 2861 si
2267 2818 2454 2877 postea
2515 2814 2663 2864 omni
2721 2822 2888 2867 exuto
2941 2817 3148 2882 pudore
3201 2817 3448 2871 laicaletn

1872 2897 2124 2951 vestitum
2154 2900 2442 2966 receperit.
2478 2901 2586 2954 Alii
2623 2916 2806 2956 autem
2841 2903 3096 2959 dixerunt
3123 2947 3137 2970 ,
3175 2908 3320 2977 quod
3355 2911 3447 2976 qni

1867 2977 1996 3042 ‘i-asa
2032 2989 2205 3043 induti
2241 2990 2445 3046 fuerint
2477 3010 2601 3048 cum
2631 2993 2880 3065 Trisagio
2909 3039 2924 3061 ,
2956 2997 3023 3051 ad
3059 2998 3306 3055 laicaletn
3363 3003 3452 3055 ha-

1872 3081 2042 3135 bitmn
2072 3083 2249 3138 redire
2277 3100 2384 3139 non
2442 3088 2692 3142 sinenlur
2725 3109 2739 3143 :
2775 3092 2866 3153 qui
2927 3107 3055 3147 vero
3110 3095 3320 3162 abs-que
3384 3113 3450 3149 eo

1873 3173 2115 3228 habitum
2166 3189 2471 3245 ceperunt,
2527 3180 2847 3237 indistincte
2939 3186 3080 3239 intra
3157 3189 3450 3242 triennium

1873 3268 2300 3322 monasticarum
2334 3272 2559 3337 quidem
2587 3274 2820 3327 vestium
2859 3277 3030 3328 otium
3083 3278 3448 3341 damnabunt;

1874 3358 2032 3414 Iaicis
2066 3369 2246 3416 autem
2278 3361 2595 3419 iuduentur.
2624 3364 2759 3418 Nam
2794 3377 2843 3421 et
2884 3368 3137 3423 mulieres
3165 3411 3178 3435 ,
3206 3387 3326 3440 qum
3358 3374 3453 3426 de—

1875 3450 2093 3509 functos
2153 3457 2299 3511 viros
2332 3456 2559 3525 lugent,
2621 3460 2753 3513 atris
2812 3461 3056 3515 vestibus
3110 3465 3177 3517 ad
3238 3473 3452 3535 tempus

1874 3544 2198 3612 induuntur,
2234 3558 2286 3600 et
2330 3563 2524 3602 rursus
2554 3549 2675 3603 sine
2727 3551 2969 3617 periculo
3016 3556 3307 3610 surculares
3364 3559 3450 3609 in-

1874 3634 2073 3689 dttttttt.
2118 3636 2181 3689 Et
2210 3637 2261 3690 hi
2295 3639 2513 3706 quidem
2541 3639 2656 3693 bzrc
2687 3641 2896 3694 dicunt.
2958 3642 3209 3699 Pluribus
3268 3655 3450 3700 autem

1875 3740 1923 3781 et
1961 3730 2398 3797 religiosioribus
2426 3748 2532 3786 non
2562 3733 2772 3787 videtur
2807 3736 2858 3787 in
2883 3736 3000 3805 ejus
3022 3752 3143 3790 esse
3164 3747 3452 3804 potesmte,

1875 3823 1967 3890 qui
2002 3825 2393 3878 monasterium
2431 3826 2733 3896 ingressus,
2767 3839 2842 3891 et,
2872 3829 3368 3901 quomodocuuquc
3393 3851 3452 3886 se

1878 3929 1966 3967 res
1999 3914 2213 3978 habeat,
2246 3917 2415 3986 nigris
2443 3919 2685 3973 vestibus
2718 3920 2940 3974 indutus
2972 3931 3055 3976 est
3085 3962 3100 3986 ,
3144 3934 3199 3977 et
3252 3940 3444 3977 mona-

1877 4006 2016 4059 stico
2050 4021 2203 4061 more
2236 4009 2404 4078 degit,
2445 4009 2689 4063 habitum
2741 4011 2940 4065 laicum
2990 4029 3290 4070 resumere.
3349 4016 3453 4084 Ipsi

1877 4097 2046 4161 enim,
2081 4100 2356 4168 inquiunt,
2391 4101 2592 4155 licebat
2629 4117 2753 4156 cum
2789 4105 3037 4158 vestibus
3090 4107 3245 4160 laicis
3278 4112 3457 4177 spatio

1880 4192 2098 4245 triennii
2135 4195 2404 4262 probari:
2461 4206 2514 4249 at
2561 4199 2688 4265 quia
2745 4210 2925 4253 vestes
2987 4202 3318 4256 monasticae
3370 4205 3455 4256 iu-

1880 4286 2020 4349 tluit,
2059 4299 2283 4357 cogetur
2311 4305 2470 4343 suum
2505 4291 2628 4344 vita:
2663 4293 3001 4361 propositum
3039 4299 3333 4362 perlicere;
3369 4299 3454 4350 sin

1882 4391 2010 4430 vero
2082 4378 2186 4432 hoc
2230 4394 2372 4447 aegre
2434 4380 2611 4448 ierat,
2669 4383 2964 4452 punietur,
3025 4395 3083 4440 ut
3113 4385 3197 4439 lex
3239 4386 3456 4442 dicitin

1881 4471 2060 4537 primo
2095 4471 2272 4533 titulo,
2303 4486 2354 4523 tv
2386 4472 2480 4525 lib.
2516 4472 2784 4537 Quoniam
2838 4484 3020 4529 autent
3075 4477 3254 4530 audivi
3315 4495 3454 4532 nou-

205 4556 467 4625 πρόθεσιν
500 4571 516 4585 ⁸
550 4557 599 4607 εί
640 4555 695 4607 δὲ
734 4555 873 4624 πρὸς
905 4553 1065 4606 τοῦτο
1099 4554 1564 4621 ἀποδυσπετήσει,
1604 4569 1768 4620 τιμω-

1884 4562 2065 4615 nullos
2088 4562 2242 4628 queri
2271 4561 2339 4615 de
2367 4564 2661 4631 praefectis,
2695 4565 2787 4633 qui
2827 4565 2893 4619 ad
2945 4567 3090 4634 ipsos
3137 4570 3462 4624 accedentes

205 4647 531 4720 ρηθήσεται,
569 4644 756 4708 καθὼς
788 4646 816 4697 ὁ
845 4645 1007 4715 νόμος
1039 4645 1205 4714 φησὶν
1232 4645 1290 4696 ὲν
1316 4643 1393 4713 τῷ
1411 4640 1457 4694 α’
1501 4643 1664 4711 τίτλῳ
1686 4642 1778 4694 τοῦ

205 4740 244 4796 5'
280 4740 511 4811 βιϐλίου.
558 4739 712 4792 Ἐπεὶ⁸
731 4739 788 4790 δὲ
833 4737 1046 4808 ἡκουσᾶ
1068 4753 1229 4788 τινων
1258 4735 1631 4804 μεμφομένων
1654 4735 1780 4797 τοὺς

207 4832 681 4900 καθηγουμένους,
717 4831 839 4892 τοὺς
868 4830 942 4899 μὴ
988 4831 1127 4898 μετὰ
1183 4828 1510 4894 δοκιμασίαν
1551 4826 1779 4879 ἀποκεί-

209 4939 408 4994 ροντας
432 4923 562 4984 τοὺς
591 4921 1069 4991 προσερχομένους
1099 4920 1305 4982 αὐτοῖς,
1333 4920 1425 4971 καὶ
1465 4919 1605 4972 κατὰ
1626 4917 1782 4972 τοῦτο

209 5013 644 5085 παραϐαίνοντας
667 5010 870 5064 ὡσανεὶ
901 5011 991 5062 τὸν
1020 5010 1270 5080 παρόντα
1306 5009 1508 5062 κανόνα
1530 5025 1543 5039 ο
1577 5009 1782 5077 νομίζω

203 5105 376 5161 ὅτιτὸ
417 5110 465 5170 γ’
525 5119 650 5170 κεφ.
687 5101 781 5153 τοῦ
821 5107 867 5154 α’
917 5100 1100 5152 τίτλον
1147 5099 1239 5152 τοῦ
1293 5096 1334 5151 δ’
1377 5099 1602 5168 βιϐλίου,
1645 5099 1781 5166 ὅπερ

205 5194 324 5249 ἐστὶ
350 5193 390 5245 δ’
439 5193 635 5260 κεφάλ.
661 5192 762 5260 τῆς
786 5187 904 5262 ρκγ¹
941 5189 1370 5243 ἰουστινιανείου
1405 5189 1645 5258 Νεαρέις,
1665 5187 1780 5238 λύει

211 5284 306 5336 καὶ
338 5283 398 5334 τὸ
431 5281 675 5335 τοιοῦτον
699 5280 1023 5350 ἀμφίϐολον.
1056 5281 1195 5348 Φησὶ
1224 5280 1332 5348 γάρ
1357 5295 1370 5309 ·
1401 5279 1466 5330 Εἰ
1493 5295 1574 5340 τις
1609 5277 1667 5328 δὲ
1701 5281 1780 5341 είς

212 5374 508 5447 μοναχικὺν
535 5374 650 5444 βίον
679 5373 853 5425 ἐλθεῖν
892 5372 1205 5442 βουληθείη,
1235 5371 1554 5439 κελεύομεν,
1591 5372 1700 5432 ἵνα,
1732 5373 1781 5423 εί

209 5465 309 5534 μὲν
340 5464 654 5533 γνὼρισμός
680 5464 829 5516 ἑστιν
863 5464 944 5515 ὅτι
979 5462 1204 5532 οὐδεμιᾷ
1230 5461 1366 5531 τύχῃ
1419 5461 1723 5526 ὑπόκειται,
1755 5463 1782 5514 ὁ

214 5553 515 5624 ἡγούμενος
548 5551 644 5603 τοῦ
678 5550 1069 5621 μοναστηρίου,
1120 5552 1209 5602 ὅτε
1258 5550 1465 5620 συνίδῃ,
1509 5553 1568 5601 τὸ
1599 5549 1781 5617 σχῆμα

210 5646 361 5715 αὐτῷ
403 5645 662 5716 παράσχῃ
691 5662 705 5676 ·
745 5647 793 5696 εἰ
822 5645 878 5697 δὲ
909 5645 982 5713 μὴ
1015 5643 1366 5712 γνωρίζεται,
1401 5645 1448 5694 εἰ
1494 5644 1781 5713 οίςιδήποτε

212 5741 497 5793 ὑπόκειται
533 5739 696 5810 τύχῃ,
747 5737 896 5799 ἐντὶς
931 5737 1096 5806 τριῶν
1141 5736 1406 5790 ἐνιαυτῶν
1441 5737 1515 5806 μὴ
1568 5735 1782 5806 λαμϐά-

201 5849 321 5886 νειν
353 5831 516 5886 αὑτὸν
546 5832 605 5884 τὸ
639 5829 935 5891 μονα-ιικδν
987 5831 1198 5895 σχῆμα,
1234 5829 1347 5880 ἀλλ’
1386 5828 1539 5890 ἐντὸς
1581 5827 1674 5881 τοῦ
1707 5829 1780 5881 εξ-

1883 4662 2008 4723 post
2039 4655 2389 4723 probationes
2430 4671 2538 4710 non
2584 4659 2831 4721 tondent,
2873 4667 2926 4711 ct
2953 4673 3015 4710 ea
3042 4660 3095 4713 in
3129 4676 3184 4713 re
3215 4676 3458 4729 pra-sen-

1887 4756 1991 4799 tem
2053 4761 2318 4800 canonem
2379 4748 2546 4800 veluti
2606 4750 3118 4818 transgrediuntur;
3154 4753 3459 4813 existimo,

1882 4839 2025 4907 quod
2055 4842 2087 4892 5
2119 4855 2237 4907 cap.
2263 4840 2419 4908 primi
2480 4839 2620 4892 tituli
2643 4879 2658 4905 ,
2715 4856 2765 4894 tv
2799 4841 2919 4905 lib.,
2979 4841 3123 4911 quod
3152 4852 3234 4896 est
3258 4845 3290 4896 4
3331 4859 3457 4908 cap.

1885 4932 1989 4985 123
2037 4930 2330 4984 Justiniani
2367 4929 2642 4994 Novella,
2683 4932 2786 4986 hoc
2831 4933 3053 4986 dubium
3106 4936 3285 4987 solvit.
3324 4934 3459 4989 Dicit

1883 5023 2026 5077 enim
2053 5039 2064 5076 :
2106 5022 2162 5075 Si
2193 5022 2315 5090 quis
2336 5022 2405 5092 ad
2443 5023 2794 5077 monasticam
2821 5025 2951 5078 velit
2983 5026 3148 5077 vitam
3177 5027 3455 5090 accedere,

1879 5113 2158 5184 jubemus,
2194 5123 2272 5176 ut,
2308 5115 2352 5168 si
2386 5115 2458 5167 sit
2496 5115 2712 5183 quidem
2745 5124 2933 5169 notum
2967 5130 3089 5169 eum
3139 5117 3273 5170 nulli
3334 5133 3458 5170 esse

1886 5205 2116 5257 fortuna:
2143 5205 2473 5273 subjectum,
2514 5207 2839 5261 monasterii
2870 5207 3181 5276 prazfectus,
3218 5211 3440 5277 quando

1886 5295 1988 5350 hoc
2033 5298 2375 5366 cognoverit.
2412 5297 2660 5352 habitum
2688 5299 2766 5353 illi
2815 5299 3100 5369 prebeat:
3145 5300 3230 5353 sin
3275 5313 3458 5355 autem

1885 5388 2152 5454 nescitur,
2181 5406 2247 5444 an
2289 5390 2378 5442 ulli
2418 5390 2488 5443 sit
2512 5389 2744 5444 fortuna:
2774 5391 3056 5460 subjectus
3085 5431 3099 5454 ,
3158 5393 3300 5447 intra
3348 5405 3460 5449 tres

1885 5493 2060 5532 annos
2091 5480 2454 5532 monasticuut
2490 5480 2733 5533 habitum
2771 5496 2837 5533 ne
2861 5482 3129 5551 accipiat;
3167 5485 3259 5538 sed
3316 5485 3457 5538 intra

1884 5572 2085 5623 dictum
2121 5581 2352 5640 tempus,
2401 5570 2520 5639 ejus
2556 5573 2676 5625 vitae
2705 5576 3146 5628 conversationis
3177 5615 3190 5637 ,
3255 5577 3297 5628 is
3366 5578 3456 5642 qui

1887 5662 2224 5715 monasterio
2255 5675 2470 5730 praacsr,
2510 5665 2812 5732 perieulum
2871 5664 3058 5729 faciat,
3138 5676 3190 5718 et
3239 5677 3453 5721 ca-teta.

1887 5754 2249 5818 Quamobrem
2287 5752 2575 5821 praefectus
2614 5765 2756 5809 recte
2785 5755 2973 5809 tondet
3001 5756 3353 5812 accedentem
3387 5759 3454 5811 ad

1885 5861 2031 5904 eum.
2065 5846 2280 5904 quando
2307 5845 2452 5899 illum
2480 5849 2723 5907 noverit;
2779 5856 2830 5902 et
2874 5848 3122 5913 probatio
3174 5849 3230 5904 ti:
3279 5852 3452 5905 solum
