4166 6438
772 363 902 427 1031

2021 371 2301 434 TIIEOD.
2342 375 2746 441 BALSAMON

3899 386 4023 450 1032

781 519 970 555 eorum
995 502 1062 557 de
1094 504 1292 572 quibus
1326 505 1624 571 dubitatur,
1674 523 1958 561 servorum
2019 509 2234 564 scilicet
2289 525 2318 564 e

2451 507 2518 558 ρη
2531 493 2696 558 μένου
2728 491 2922 563 χρόνον
2953 493 3344 562 ἀποκειράσθω
3376 494 3478 564 τῆς
3514 495 3707 548 τούτου
3760 498 4024 565 ἀναστρε-

771 595 1106 659 reliquorum
1144 597 1233 663 qui
1266 595 1451 650 eodem
1478 598 1655 665 capite
1687 599 2056 652 continentur.

2455 589 2561 655 φῆς
2594 585 2745 639 ὸτοῡ
2787 587 3157 652 μοναστηρίου
3214 585 3556 655 ἡγούμενος’
3611 589 3705 639 καὶ
3759 588 3828 640 τὰ
3879 587 4020 656 ἑξῆς-

764 685 932 735 Ὠστε
966 687 1144 748 καλῶς
1181 691 1208 739 6
1235 689 1640 757 καθηγούμενος
1680 690 1972 762 ἀποκείρῃ,
2024 694 2110 744 ὅτε
2146 691 2352 762 συνίδῃ,
2392 688 2481 740 τὸν
2513 680 2879 752 προσελθόντα
2909 678 3060 745 αὲτῷ
3104 694 3116 706 ·
3147 679 3258 745 καὶ,
3286 679 3319 746 ἠ
3354 678 3647 745 δοκιμασία
3696 680 3910 746 γίνεται
3951 687 4023 744 εἰς

764 785 964 849 μόνους
994 783 1118 843 τοὺς
1139 783 1493 850 ἀμφιϐόλους,
1526 784 1743 847 δούλους
1768 787 1950 855 τυχὸν,
1984 788 2076 840 καὶ
2110 786 2328 847 λοιποὺς
2365 782 2444 852 τῷ
2478 777 2628 847 αύτῷ
2656 774 2936 843 κεφαλαίῳ
2972 772 3417 842 περιεχομένους.

830 871 987 941 341
1015 871 1264 926 ZONAR.
1299 872 1580 928 Neminem
1635 877 1722 928 hic
1757 892 1878 931 can.
1923 878 2026 931 nisi
2065 879 2218 946 prius
2254 893 2344 930 ex-
2383 940 2391 946 _

761 966 1066 1030 perimento
1116 968 1405 1032 probatum
1433 1008 1446 1027 ,
1477 969 1691 1022 tonderi
1721 969 1873 1023 sinit.
1899 968 2131 1033 Quidam
2168 970 2339 1033 enim,

763 1056 960 1122 inquit,
994 1071 1120 1109 sese
1156 1059 1453 1110 temerario
1489 1059 1699 1128 impetu
1738 1060 1792 1113 in
1846 1060 2222 1115 monasticam
2253 1062 2339 1114 vi-

768 1155 876 1198 tam
940 1148 1316 1215 projicientes,
1354 1150 1456 1203 hoc
1503 1160 1607 1214 est,
1646 1168 1752 1204 non
1807 1153 2021 1222 judicio
2068 1153 2335 1216 adhibito,

763 1242 857 1289 sed
918 1238 1232 1293 inconsulte
1270 1255 1498 1308 prorsus
1532 1243 1584 1294 in
1628 1242 1682 1295 id
1735 1244 1857 1296 vita:
1909 1259 2082 1313 genus
2133 1245 2340 1296 immit-

762 1337 967 1383 teutes.
1007 1330 1076 1383 Ut
1106 1333 1251 1383 enim
1296 1347 1383 1384 res
1421 1334 1663 1400 projecta
1699 1350 1801 1386 non
1835 1335 2144 1403 composite
2171 1335 2338 1404 jacet,

765 1423 860 1472 sed
895 1430 951 1472 ut
982 1423 1180 1474 accidit
1216 1439 1228 1474 :
1271 1425 1352 1475 sic
1392 1433 1446 1476 et
1482 1424 1561 1477 illi
1614 1435 1875 1491 tanquam
1936 1426 2167 1494 projecti
2215 1427 2340 1494 qni-

760 1515 883 1564 dam
928 1513 1178 1565 homines
1212 1522 1359 1570 Sunt.
1397 1515 1680 1583 vitamque
1712 1516 1860 1568 nulla
1895 1517 2200 1572 honestatis
2245 1528 2337 1570 aut

762 1607 975 1658 ordinis
1011 1607 1191 1657 habita
1229 1607 1444 1660 ratione
1485 1609 1797 1660 traducum.
1835 1607 2158 1662 Deﬁcientes
2190 1624 2339 1662 nam-

760 1714 872 1764 que
903 1697 1108 1761 animo,
1144 1705 1197 1748 et
1233 1699 1552 1768 monasticae
1584 1700 1888 1767 disciplinae
1941 1701 2222 1768 asperitati
2273 1717 2336 1755 ac

760 1789 1041 1842 laboribus
1074 1767 1521 1852 succdnsbentes,
1559 1791 1626 1844 ad
1672 1792 1837 1844 vitam
1876 1793 2093 1846 mollem
2143 1807 2336 1849 rursus

758 1881 1228 1949 voluptariamque
1283 1891 1651 1936 revertuntur.
1697 1882 2067 1948 Quamobrem
2116 1885 2231 1939 haec
2280 1888 2334 1940 in

761 1983 1039 2041 posterum
1098 1990 1165 2027 ne
1220 1973 1371 2037 ﬁant,
1426 1976 1647 2029 triennii
1711 1977 1888 2045 spatio
1937 1979 2180 2048 synodus
2219 1993 2332 2045 eos,

759 2067 851 2133 qui
891 2066 955 2118 ad
994 2067 1353 2119 monasticam
1392 2068 1562 2120 vitam
1613 2074 1974 2134 accesserint,
2020 2072 2333 2140 probandos

757 2171 882 2208 esse
911 2155 1181 2208 decernit.
1217 2157 1294 2208 Ae
1342 2157 1386 2209 si
1439 2157 1659 2223 quidem
1705 2167 1813 2210 tam
1871 2159 2016 2228 longi
2069 2163 2334 2230 temporis

752 2247 1132 2314 experimento
1165 2249 1378 2317 probati
1411 2261 1737 2319 appareant,
1771 2267 1939 2319 seque
1972 2252 2192 2322 dignos,
2237 2255 2330 2322 qui

756 2334 821 2384 ad
857 2335 988 2387 illud
1021 2337 1145 2389 vita:
1202 2351 1375 2405 genus
1426 2338 1813 2400 admittantur,
1866 2339 2182 2401 ostendant,
2217 2348 2329 2392 tum

753 2424 972 2478 demum
1032 2426 1277 2479 habitum
1331 2427 1440 2481 illis
1504 2428 1872 2482 monasticum
1937 2429 2090 2498 (nisi
2147 2430 2331 2498 gravis

755 2516 1047 2583 egritudo,
1089 2533 1151 2569 ex
1189 2533 1296 2585 qua
1329 2520 1453 2570 vitae
1494 2534 1715 2588 quoque
1774 2519 2074 2588 periculum
2120 2520 2330 2588 impen-

751 2609 900 2671 deat,
933 2607 1114 2662 medio
1160 2609 1250 2661 illo
1286 2618 1531 2678 tempore
1570 2611 1967 2678 supervenerit,
2019 2621 2151 2664 tunc
2182 2612 2328 2666 enim

751 2699 1005 2754 contrahi
1045 2701 1387 2768 probationis
1418 2703 1656 2769 spatium
1701 2701 1907 2770 licebit)
1941 2703 2170 2755 concedi
2214 2702 2328 2771 pla-

751 2800 864 2844 cet.
895 2789 1050 2856 Quod
1088 2794 1130 2845 si
1167 2803 1346 2846 tamen
1399 2794 1480 2845 vir
1519 2793 1720 2862 aliquis
1759 2795 2028 2863 religione
2071 2805 2324 2860 ornatus,

746 2885 1124 2951 quique'iuter
1158 2885 1340 2937 saeculi
1377 2884 1566 2937 turbas
1602 2887 1998 2937 monachorum
2045 2901 2195 2939 more
2247 2887 2326 2938 vi-

2513 872 2761 927 ΖΩΝΔΡ.
2796 869 2856 922 '0
2882 867 3072 934 παρὼν
3099 865 3278 918 κανὼν
3300 866 3488 918 οὐδένα
3509 867 3763 935 βούλεται
3795 869 4018 921 ἀπογεί-

2443 964 2656 1036 ρεσθαι,
2689 963 2819 1031 πρὶν
2875 962 2909 1030 ἢ
2951 958 3196 1028 δοκίμιον
3232 959 3431 1011 ἑαυτοῦ
3470 958 3654 1011 δώσει.
3697 960 3864 1020 Τινὲς
3897 962 4017 1028 γὰρ,

2440 1059 2598 1126 φησι,
2630 1052 2920 1124 προπετῶς
2943 1053 3021 1113 εἰς
3044 1051 3134 1102 τὸν
3159 1050 3450 1120 μοναχικὸν
3475 1050 3588 1118 βίον
3615 1052 3848 1112 ἑαυτοὺς
3874 1053 4018 1120 ἑτειρ-

2440 1149 2755 1219 ρίπτοντες,
2786 1146 2908 1199 ἀντὶ
2947 1144 3039 1198 τοῦ
3100 1146 3161 1196 οὐ
3199 1144 3337 1213 μετὰ
3370 1143 3625 1212 κρίσεως,
3669 1144 3785 1196 ἀλλ’
3819 1146 4020 1213 ἀπροσ-

2438 1240 2612 1300 έκτως
2679 1234 3056 1298 είσωθοῦντες.
3097 1234 3307 1300 Ὠσπερ
3341 1235 3449 1302 γὰρ
3480 1233 3539 1285 τὸ
3575 1234 3907 1302 ῥιπτόμενον
3930 1238 4020 1284 οἰκ

2437 1331 2749 1398 εὐκόσμως,
2780 1327 2918 1390 ἀλλ’,
2948 1325 3023 1388 ὼς
3055 1324 3234 1394 ἔτυχε,
3262 1327 3440 1377 κεῖται
3462 1339 3474 1353 ³
3507 1323 3650 1375 οὕτω
3673 1326 3924 1376 κάκεῖνοι
3954 1324 4019 1384 ὡς

2439 1418 2768 1490 ἐρριμμένοι
2810 1417 2940 1481 εἰσὶ,
2977 1418 3071 1468 καὶ
3131 1417 3191 1466 ού
3262 1415 3405 1467 κατά
3448 1414 3651 1482 κόσμον
3710 1416 3810 1465 καὶ
3875 1414 4018 1476 τάξιν

2435 1510 2738 1575 διάγουσιν.
2785 1507 3256 1577 Ἀπαγορεύοντες
3295 1508 3405 1576 γὰρ
3438 1505 3572 1575 πρὸς
3602 1504 3664 1557 τδ
3711 1507 3893 1574 τραχῦ
3936 1509 4019 1556 καὶ

2439 1601 2701 1653 ἑπίπονον
2734 1599 2835 1667 τῆς
2859 1599 3170 1665 ἀσκήσεως,
3206 1597 3368 1648 πάλιν
3401 1597 3495 1648 ἑπὶ
3542 1598 3634 1648 τὸν
3691 1596 4018 1664 φιλόσαρκον

2441 1691 2536 1745 καὶ
2558 1690 2841 1760 φιλήδονον
2878 1688 2992 1758 βίον
3011 1687 3508 1757 ὲπαναστρὲφουσι.
3526 1688 3616 1739 Διὸ
3635 1687 3722 1740 ἵνα
3756 1687 3834 1756 μὴ
3854 1688 4020 1740 ταῦτα

2438 1786 2722 1853 γίνωνται,
2759 1783 2959 1851 ὥρισεν
2991 1783 3024 1851 ἡ
3073 1781 3291 1843 σύνοδος
3328 1781 3416 1832 ἐπὶ
3454 1781 3696 1850 τριετίαν
3731 1781 4020 1850 δοκιμάζε-

2440 1876 2562 1931 σθαι
2598 1875 2724 1938 τοὺς
2750 1873 3221 1944 προσερχομένους
3251 1873 3344 1924 ἐπὶ
3368 1871 3445 1942 τῷ
3472 1873 3728 1942 μονάσαι.
3767 1874 3881 1926 Καὶ
3899 1875 4019 1924 ὅταν

2436 1967 2524 2020 διὰ
2552 1967 2648 2020 τοῦ
2707 1965 2966 2018 τοσούτου
3007 1964 3202 2035 χρόνου
3240 1965 3370 2016 δῶσι
3414 1967 3610 2032 πεῖραν
3657 1965 3900 2024 ἑαυτῶν,
3935 1965 4021 2017 καὶ

2436 2058 2652 2127 δόκιμοι
2690 2057 2900 2126 φανῶσι
2941 2057 3035 2109 καὶ
3060 2056 3201 2118 ἄξιοι
3239 2055 3335 2108 τοῦ
3388 2054 3686 2124 μοναχικοῦ
3717 2055 3868 2124 βίον,
3905 2057 4018 2108 τότε

2433 2148 2528 2202 τοῦ
2560 2150 2836 2219 σχήματος
2869 2147 3067 2209 αὐτοὺς
3090 2146 3390 2211 ἀξιοῦσθαι,
3427 2148 3475 2198 εί
3503 2147 3578 2216 μή
3607 2146 3710 2199 πού
3741 2164 3831 2210 τις
3865 2151 3926 2199 ἑν
3948 2147 4018 2216 τῷ

2436 2238 2590 2306 μέσῳ
2618 2235 3088 2306 συμϐαίηβαρεία
3114 2236 3290 2302 νόσος,
3315 2235 3408 2288 καὶ⁵
3430 2235 3661 2288 θάνατον
3691 2235 4017 2288 ἀπειλοῦσα·

2432 2328 2552 2381 τότε
2583 2331 2692 2397 γὰρ
2731 2331 2757 2381 6
2785 2328 2884 2396 τῆς
2915 2326 3246 2396 δοκιμασίας
3280 2327 3468 2396 καιρὸς
3499 2328 3930 2396 συσταλήσεται.
3961 2327 4018 2379 El

2431 2418 2489 2472 δέ
2513 2437 2592 2482 τις
2635 2421 2778 2490 ἀνὴρ
2826 2417 3099 2490 προσέλθῃ
3137 2418 3392 2488 εύλαδὴς,
3450 2419 3545 2472 καὶ
3605 2418 3663 2470 ὲν
3695 2419 3778 2488 τῷ
3834 2419 4017 2487 κόσμῳ

2431 2513 2572 2565 κατά
2609 2513 2874 2583 μοναχοὺς
2935 2511 3066 2576 ζῶν,
3118 2511 3214 2564 καὶ
3249 2511 3405 2580 δῆλος
3447 2513 3698 2586 κάκεῖνος
3747 2506 3806 2584 ᾗ.
3842 2513 3939 2563 καὶ
3963 2511 4018 2562 τι

2432 2603 2677 2672 θεοφιλὲς
2699 2605 2798 2674 τῆς
2826 2602 2992 2657 αὑτοῦ
3027 2602 3235 2672 βιοτῆς,
3267 2601 3575 2672 τηνικαῦτα
3594 2604 3676 2665 είς
3704 2604 4018 2672 ἀπόπειραν

2433 2698 2598 2750 αὑτοῦ
2631 2699 2724 2748 xa‘t
2753 2695 3082 2765 δοκιμασίαν
3107 2697 3140 2765 ἡ
3172 2694 3388 2757 σύνοδος
3415 2695 3687 2762 ἀρκοῦντα
3723 2696 4017 2767 ἐδοκίμασε

2429 2792 2519 2843 τὸν
2557 2789 2913 2860 ἑξαμηνιαῖον
2945 2788 3156 2858 χρόνον.
3203 2787 3345 2842 Ἀλλ’
3376 2789 3504 2843 ἔνιοι
3552 2791 3665 2843 τῶν
3692 2793 4018 2862 ἡγουμένων

2428 2884 2545 2934 νυνὶ
2582 2883 2650 2934 τά
2679 2883 2860 2935 οἰκεῖα
2895 2881 3176 2951 θελήματα
3208 2883 3317 2952 πρὸ
3340 2882 3449 2934 τῶν
3489 2883 3734 2935 κανόνων
3766 2886 4016 2938 τιθέασι·

748 2983 857 3028 tam
897 2988 1043 3042 agat,
1085 2975 1174 3043 qui
1204 2985 1258 3028 et
1291 2976 1408 3043 ipse
1441 2975 1720 3044 cognitus,
1757 2983 1810 3028 et
1836 2976 2041 3044 pietate
2072 2976 2146 3030 sit
2172 2992 2321 3046 egre-

2430 2975 2520 3026 και
2549 2976 2676 3036 τοὺς
2711 2975 2809 3042 μὲν
2843 2973 2968 3042 ἄρτι
2999 2972 3452 3042 ἐπιδημήσαντας
3490 2973 3692 3025 αὐτίκα
3745 2976 4016 3044 κείρουσι,

744 3065 831 3131 gie
866 3078 1178 3135 perspecta,
1236 3066 1638 3120 monachorum
1693 3066 2006 3120 institutum
2062 3069 2320 3138 amplecti

743 3157 896 3219 velit,
926 3156 992 3208 ad
1021 3157 1137 3224 ejus
1172 3157 1608 3225 experimentum
1645 3171 1708 3209 ac
1754 3158 2130 3225 probationem
2188 3161 2319 3214 satis

744 3248 964 3316 longum
1025 3265 1118 3303 sex
1177 3253 1451 3302 mensium
1507 3250 1854 3303 intervallum
1914 3252 2156 3320 synodus
2198 3266 2321 3308 esse

744 3340 1070 3394 declaravit.
1101 3341 1207 3394 Sed
1260 3357 1407 3395 nunc
1454 3342 1672 3410 quidem
1723 3341 2104 3411 praefectorum
2151 3343 2317 3412 aliqui

746 3435 1087 3485 \oluntatum
1146 3447 1368 3487 suarum
1421 3435 1601 3487 studia
1659 3435 1978 3487 auctoritati
2042 3450 2314 3491 canonum

742 3531 1122 3590 anteponunt;
1162 3538 1226 3575 ac
1276 3524 1418 3576 alios
1474 3524 1692 3591 quidem
1755 3525 1902 3579 lllico
1943 3527 2314 3587 advenientes.

741 3609 881 3663 alios
918 3609 1105 3677 paucis
1135 3609 1443 3678 interjectis
1472 3611 1690 3674 diebus,
1741 3619 1797 3665 et
1831 3626 1964 3666 vero
1996 3613 2167 3668 totius
2203 3629 2318 3667 mo—

739 3701 964 3755 nasticae
1002 3701 1360 3770 professionis
1409 3704 1631 3772 ignaros
1665 3702 2014 3757 de:ondent:
2072 3720 2170 3759 nec
2219 3722 2314 3760 eos

739 3796 931 3846 saltem
983 3809 1155 3863 paenae
1215 3809 1244 3847 a
1281 3811 1493 3848 canone
1525 3795 1742 3849 inﬂicta:
1779 3801 1958 3851 metus
1990 3795 2060 3850 ab
2097 3797 2310 3865 impetu

2427 3071 2554 3127 τοὺς
2577 3065 2633 3117 δὲ
2657 3065 2795 3132 μετά
2819 3064 3079 3135 βραχείας
3104 3064 3340 3134 ἡμέρας,
3369 3064 3658 3118 καὶταῦτα
3688 3065 4019 3136 ἀνθρὼτωυς

2427 3155 2539 3209 οὐδ’
2565 3157 2592 3208 ὃ
2621 3174 2673 3208 τι
2696 3157 2813 3209 ἐστὶ
2843 3156 2903 3208 τὸ
2935 3155 3232 3225 μοναχικὸν
3260 3157 3467 3216 εἰδότας
3517 3157 3854 3226 ἐπάγγελμα
3876 3174 3891 3187 ·
3932 3163 4021 3210 καί

2428 3247 2550 3299 οὐδὲ
2578 3247 2639 3298 τὸ
2671 3246 2943 3315 ἐπιτίμιον
2971 3245 3064 3298 τοῦ
3094 3245 3319 3309 κανόνος
3352 3247 3670 3300 ἀναστέλλει
3693 3249 3904 3311 αὐτοὺς
3929 3251 4020 3316 τῆς

2427 3339 2620 3405 ἀλόγου
2645 3338 2825 3408 ὁρμῆς
2849 3337 3050 3400 αὐτῶν,
3081 3338 3222 3407 ὅπερ
3254 3339 3371 3390 ἑστὶ
3409 3339 3504 3408 τῆς
3526 3340 3906 3408 ἡγουμενείας
3936 3340 4022 3393 ἔκ-

2429 3448 2655 3493 πτωσις,
2686 3429 2778 3482 καὶ
2811 3432 2890 3492 εἰς
2916 3430 3198 3499 ὑποταγὴν
3223 3425 3379 3493 αὖθις
3408 3431 3728 3499 ἀναστροφὴ
3773 3431 3864 3483 διὰ
3895 3445 4019 3484 παι-

2425 3525 2574 3576 δείαν
2606 3525 2703 3590 τῆς
2732 3520 2976 3585 ἀταξίας.
3023 3522 3127 3574 Τὸν
3162 3522 3216 3574 δὲ
3258 3522 3499 3591 ἀκρίτως
3547 3522 3870 3591 μονόσαντα
3932 3526 4018 3577 καί

2425 3614 2576 3683 παρὰ
2607 3614 2699 3666 τὸν
2726 3615 3059 3681 τεταγμένον
3087 3613 3281 3684 καιρὸν
3301 3616 3329 3666 6
3357 3614 3538 3665 κανὼν
3580 3613 3664 3674 εἰς
3696 3613 3905 3682 ἑτέραν
3935 3631 4016 3666 κε-

2421 3705 2568 3758 λεύει
2594 3704 2764 3775 μονὴν
2790 3704 3181 3776 παραδίδοσθαι
3216 3706 3517 3775 μοναχικὴν
3548 3703 3838 3774 τηροῦσαν
3861 3705 4014 3774 ἀκρίο

2421 3795 2591 3850 ϐειαν.

745 3885 1040 3938 temerario
1075 3887 1343 3950 deterret;
1375 3903 1496 3955 qua:
1526 3887 1745 3954 quidem
1779 3898 1868 3943 est
1908 3890 2045 3955 haec,
2106 3899 2164 3943 ut
2205 3888 2493 3959 praefectus
2553 3886 2878 3956 praefectura
2927 3887 3184 3950 excidat,
3275 3899 3580 3956 rursusque
3669 3885 3741 3939 ad
3835 3888 4001 3941 casti-

742 3981 974 4045 gandam
1031 3979 1390 4046 petulantiam
1459 3979 1782 4034 obcdiemia:
1867 3983 2176 4038 addicatur.
2238 3983 2340 4047 Qui
2418 3995 2550 4035 vero
2588 3981 2986 4034 monachorum
3036 3978 3238 4038 ordini.
3298 3979 3448 4033 nullo
3497 3979 3715 4033 delectu
3784 3980 3991 4045 habito,

741 4083 844 4122 nec
890 4075 1210 4135 exspectato
1265 4076 1572 4136 temporum
1611 4069 1924 4136 intervallo,
1983 4073 2298 4142 adscriptus
2337 4081 2441 4137 est,
2485 4073 2540 4127 in
2575 4071 2723 4126 aliud
2759 4072 3181 4139 monasterium,
3253 4077 3311 4128 tn
3354 4086 3464 4141 quo
3527 4070 3849 4140 disciplina:
3905 4074 3958 4127 di

742 4157 918 4228 ligens
968 4160 1282 4213 observatio
1329 4160 1530 4229 vigeat,
1587 4177 1768 4217 canon
1821 4167 2306 4222 transmittendum
2349 4182 2470 4223 esse
2498 4167 2770 4222 decernit.
2882 4173 2892 4177 ”

739 4249 968 4305 AlllST.
1004 4269 1021 4300 ι
1056 4250 1225 4304 Nemo
1251 4252 1564 4306 monastico
1589 4253 1776 4308 habitu
1801 4256 2000 4326 dignus
2026 4257 2314 4323 habeatur,

813 4364 830 4395 ι
873 4345 978 4398 nisi
1011 4345 1102 4414 qui
1147 4345 1390 4402 triennio
1422 4347 1708 4415 probatus,
1761 4348 1963 4419 dignus
2015 4363 2307 4420 appareat;

811 4454 828 4486 ι
869 4438 977 4490 nisi
1024 4438 1209 4505 gravis
1243 4436 1476 4492 forsitan
1513 4439 1744 4494 morbus
1775 4449 1990 4509 tempus
2023 4453 2311 4497 contraxe-
2346 4470 2389 4524 D

809 4545 831 4578 ι
871 4527 984 4581 rit:
1022 4528 1088 4580 ad
1119 4528 1399 4583 hominem
1432 4546 1564 4584 vero
1613 4530 1789 4599 pium,
1821 4542 1875 4586 et
1913 4535 2308 4589 monachorum

810 4634 828 4668 ι
871 4633 1021 4671 more
1047 4633 1106 4671 se
1137 4629 1442 4688 gerentem,
1480 4632 1753 4694 semestre
1783 4623 2020 4690 spatium
2055 4624 2309 4680 suﬂiciet.

814 4728 832 4760 ι
876 4709 934 4763 Si
993 4711 1123 4779 quid
1193 4721 1376 4766 autem
1441 4722 1640 4780 prazter
1701 4715 1814 4768 haec
1867 4715 2072 4769 factum
2122 4716 2309 4781 fuerit,

807 4821 824 4850 ι
873 4803 1170 4873 praefectus
1202 4805 1421 4873 quidem
1462 4806 1792 4875 praefectura
1849 4809 2090 4874 excidet,
2151 4817 2204 4863 et
2250 4811 2304 4863 in

806 4913 836 4948 ι,
865 4895 1262 4963 subjectionem
1294 4898 1655 4965 detrudetur;
1695 4901 1998 4955 monachus
2025 4913 2206 4957 autem
2247 4903 2303 4956 in

803 5006 822 5039 ι
861 4998 1180 5042 accuratum
1215 4992 1612 5046 monasterium
1642 4995 2067 5048 transmittetur.
2103 5012 2122 5046 ι

1332 5082 1562 5137 CANON
1604 5082 1692 5135 Vl.

735 5186 756 5222 ‹
795 5169 1044 5228 Monacht
1102 5175 1239 5229 nihil
1287 5175 1487 5230 debent
1541 5176 1743 5229 habere
1802 5175 2084 5244 proprium
2133 5191 2152 5230 :
2207 5176 2303 5231 sed

806 5279 826 5312 ι
872 5264 1055 5318 omnia
1091 5281 1283 5321 eorum
1318 5265 1656 5321 monasterio
1696 5267 2114 5322 adscribuntur.
2163 5265 2306 5321 Dicit

2420 4259 2646 4312 ΑΡΙΣΤ.
2681 4277 2699 4310 ι
2731 4259 2940 4327 Μηδεὶς
2986 4256 3257 4322 ἀξιούσθω
3301 4255 3398 4310 τοῦ
3452 4258 3750 4326 μοναχινοῦ
3793 4263 4006 4331 σχήμα-

2502 4368 2520 4400 ι
2561 4368 2670 4414 τος,
2693 4350 2741 4402 εί
2773 4351 2872 4421 μὴ,
2900 4349 2992 4404 ἑπὶ
3021 4349 3263 4420 τριετίαν
3291 4347 3670 4417 δοκιμασθεὶς,
3696 4351 3858 4414 ἄξιος
3886 4355 4008 4404 ἀνα-

2497 4459 2515 4492 (
2557 4441 2753 4511 φανείη
2800 4456 2816 4474 ο
2881 4440 3023 4509 πλὴν
3053 4441 3099 4492 εί
3131 4440 3208 4510 μὴ
3240 4439 3432 4510 βαρεῖα
3471 4439 3626 4505 νόσος
3665 4442 3764 4492 τὸν
3824 4445 4008 4512 χρόνον

2497 4550 2516 4584 ‹
2557 4534 2856 4585 συστείλειε
2897 4549 2913 4565 ·
2941 4533 3036 4585 καὶ
3084 4533 3162 4594 είς
3196 4531 3364 4602 ἀνδρα
3395 4531 3450 4584 δὲ
3480 4531 3712 4602 εὐλαϐῆ,
3746 4537 3847 4586 καὶ
3877 4539 4009 4589 κατὰ

2493 4644 2512 4676 ι
2557 4626 2826 4695 μοναχοὺς
2850 4624 3052 4690 ζῶντα,
3081 4625 3310 4694 ἀρκέσει
3334 4625 3363 4676 ὁ
3391 4623 3763 4695 ἑξαμηνιαίος
3790 4631 4006 4698 χρόνος.

2494 4734 2513 4768 ι
2559 4719 2620 4770 Et
2643 4717 2700 4770 δὲ
2731 4719 2883 4788 παρά
2904 4717 3061 4771 τοῦτο
3090 4719 3337 4787 γένηται,
3377 4717 3703 4772 ἐκπεσεῖται
3771 4721 3880 4790 μὲν
3919 4723 4009 4790 τῆς

2495 4826 2513 4860 ι
2554 4809 2919 4878 ἡγουμενείας
2970 4811 2998 4861 6
3052 4797 3380 4878 ἡγούμενος,
3427 4809 3524 4862 καὶ
3579 4811 3666 4873 είς
3725 4813 4009 4882 ὑποταγὴν

2490 4916 2509 4950 ι
2548 4901 2701 4951 ἔσται
2726 4914 2738 4928 ο
2773 4901 2802 4951 6
2824 4898 2882 4951 δὲ
2913 4899 3156 4968 μονάσας
3203 4900 3284 4962 είς
3327 4900 3557 4971 ἀκριϐὲς
3627 4909 4008 4976 μοναστήριον

2487 5008 2506 5043 ι
2548 4990 3004 5061 ἁπενεχθὴσεται.
3046 5010 3066 5043 ι

3009 5084 3251 5138 KANQN
3289 5085 3379 5153 ς’.

2416 5195 2435 5230 ι
2476 5176 2540 5228 01
2571 5176 2794 5246 μοναχοὶ
2827 5175 2982 5229 οὐδὲν
3012 5178 3142 5230 ῐδιον
3169 5178 3283 5248 (51)
3321 5175 3639 5246 ὀφείλουσιν
3676 5181 3856 5252 ἔχειν’
3885 5186 4009 5238 παν-

2485 5287 2503 5319 ι
2548 5285 2617 5322 τα
2650 5268 2705 5320 δὲ
2735 5269 2802 5321 τὰ
2836 5268 3017 5321 αὐτῶν
3038 5270 3482 5340 προσκληροῦται
3508 5272 3588 5341 τῷ
3622 5292 3769 5342 μονα
3784 5278 4006 5347 στηρὶῳ.

1977 5431 2161 5492 Guill.
2194 5433 2515 5512 Beveregn
2560 5442 2749 5494 notae.

803 5595 916 5665 (5|)
968 5597 1034 5648 Οἱ
1078 5596 1334 5664 μοναχοὶ
1387 5596 1571 5648 οὐδὲν
1616 5596 1794 5650 ἴδιον.
1857 5596 2300 5667 Harmenopulus

727 5665 873 5719 hunc
910 5681 1174 5720 canonem
1211 5669 1264 5718 in
1294 5667 1566 5734 epitomen
1617 5668 1698 5720 sic
1734 5667 1961 5734 redegit.
1993 5668 2020 5718 6
2051 5665 2289 5736 μονάσαι

726 5737 1045 5805 βουλόμενος
1093 5739 1221 5807 περί
1255 5738 1363 5788 τῶν
1390 5737 1585 5788 ἑαυτοῦ
1624 5738 1892 5806 πρότερον
1931 5737 2284 5793 διατιθέσθω.

722 5807 876 5860 Μετὰ
911 5808 1018 5874 γὰρ
1054 5808 1112 5859 τὸ
1145 5807 1397 5876 μονάσαι,
1427 5807 1535 5859 τῶν
1566 5808 1733 5860 αὑτοῦ
1756 5809 1975 5861 πάντων
2007 5809 2290 5879 κυριεύσει

2412 5599 2473 5678 τό
2504 5600 2891 5678 μοναστήριον.
2938 5602 3179 5678 Είδὲ-τις
3211 5604 3450 5678 μοναχδς
3474 5607 3772 5678 φωραθείη
3811 5612 3875 5663 ὲκ
3904 5609 4001 5662 τίη

2411 5668 2582 5748 αὑτοῦ
2613 5668 3231 5748 τιλπαρυποκρατῄλσας,
3265 5668 3432 5748 αὐτὸς
3462 5668 3580 5745 μὲν
3602 5668 3998 5748 προσηκόντως

2404 5739 2758 5818 ἑπιτιμάσθω
2779 5756 2791 5770 ·
2843 5739 3020 5818 ἐκεῖνο
3061 5739 3118 5795 δὲ
3152 5744 3304 5814 παρά
3336 5745 3432 5818 τού
3460 5739 3875 5818 προεσὲὡτόςῆ
3909 5739 3995 5802 τοῧ

2404 5810 2712 5863 ἐπισκόπου
2737 5813 3192 5881 πιπρασκόμενον
3227 5810 3464 5878 πτωγοῖς
3502 5810 3600 5868 καὶ
3635 5810 3993 5882 ἀπόοοιέδια-
