4166 6438
122 398 252 464 1021

192 629 211 661 ι
259 612 392 681 χοῦς
422 614 706 681 ὑποδίκους
748 623 911 674 ποιεῖ.
963 641 981 673 ι

183 880 386 938 ΒᾹΛΣ.
421 884 502 937 Τὰ
537 885 625 940 διὰ
651 889 749 957 τὴν
775 891 975 943 κακίαν
1001 894 1092 945 καὶ
1142 892 1242 963 τὴν
1294 895 1538 947 ἐπίθεσιν
1583 897 1691 948 τῶν

112 973 493 1046 εἰκονομάχων
547 983 899 1050 συμπεσόντα
934 984 1082 1036 δεινὰ
1113 990 1224 1047 τοῖς
1260 990 1514 1057 μοναχοίς
1562 988 1691 1040 ἐπο-

113 1067 375 1122 νείδιστον
401 1073 773 1141 ἀπειργάσατο
798 1077 858 1129 τὸ
902 1080 1195 1146 μοναχικὸν
1228 1080 1522 1146 σεϐάσμιον
1559 1082 1693 1150 σχῆ-

112 1174 212 1223 μα,
245 1162 415 1229 φησὶν
439 1166 466 1216 ό
492 1167 692 1220 κανών.
726 1169 1033 1222 Κατέλιπον
1060 1170 1168 1240 γὰρ
1211 1172 1308 1235 τὰς
1354 1172 1489 1233 ιδίας
1523 1174 1692 1242 μονὰς

108 1251 156 1298 οἱ
195 1254 531 1320 μονάζοντες
560 1258 649 1312 διὰ
694 1260 794 1330 τὴν
822 1263 932 1315 τῶν
961 1264 1259 1333 αἱρετικῶν
1292 1267 1522 1337 ἀπειλήν
1554 1285 1568 1299 ο
1600 1271 1692 1320 καὶ

108 1347 156 1396 cl
191 1347 296 1413 μὲν
344 1351 422 1412 είς
449 1350 636 1421 ἕτερον
667 1357 970 1421 μετέπεσον
1002 1362 1388 1431 μοναστήριον,
1423 1364 1472 1415 οί
1513 1364 1568 1414 δὲ
1610 1366 1690 1427 είς

107 1441 355 1507 κοσμικὰ
385 1445 690 1500 κατέλυσαν
718 1450 1055 1519 καταγώγια.
1099 1455 1207 1507 Καὶ
1242 1455 1363 1508 τότε
1399 1455 1498 1523 μὲν
1531 1458 1690 1509 (ivsti-

109 1529 274 1583 θυνον
305 1534 523 1604 ὑπῆρχε
555 1537 615 1590 τὸ
640 1541 956 1607 γενόμενον.
1002 1546 1306 1613 κατήντησε
1341 1547 1396 1599 δὲ
1423 1547 1579 1600 τοῦτο
1611 1552 1690 1610 εἰς

106 1624 332 1688 γέλωτα
368 1631 478 1690 τοῖς
531 1631 768 1694 πολλοῖς.
821 1635 1128 1703 Παυθείσης
1158 1638 1268 1706 γὰρ
1312 1638 1414 1707 τῆς
1454 1641 1560 1693 ἀπὸ
1596 1643 1689 1694 τοῦ

102 1715 357 1786 διωγμοῦ
390 1719 499 1771 τῶν
523 1722 869 1785 Χριστιανῶν
898 1725 1147 1796 ἀπειλῆς,
1191 1728 1280 1781 διὰ
1321 1730 1381 1782 τὸ
1430 1731 1690 1800 ὑφαπλω-

106 1807 272 1875 θῆναι
305 1810 406 1880 τὴν
438 1813 770 1880 ὀρθοδοξίαν,
791 1817 934 1877 τινὲς
961 1817 1070 1870 τῶν
1096 1821 1346 1888 μοναχῶν
1370 1821 1692 1891 ἀνερυθριά-

106 1917 256 1964 στως
290 1903 533 1974 τολμῶσι
567 1910 743 1960 ποιεῖν
788 1907 932 1979 ἅπερ
958 1909 1043 1962 διὰ
1073 1911 1173 1979 τὴν
1201 1913 1447 1982 ἀνάγκην
1473 1914 1693 1967 ἀκινδύ-

108 2011 219 2058 νως
251 1997 502 2064 ἐγίνοντο
526 2003 681 2069 παρά
714 2021 900 2058 τινων.
932 2004 1020 2073 Τῷ
1047 2023 1126 2058 τοι
1159 2008 1251 2059 καὶ
1293 2009 1600 2077 ὑποχωρεῖν
1628 2009 1694 2062 ἐκ

102 2085 217 2136 τῶν
238 2087 462 2140 οίκείων
491 2091 873 2159 ἀποκάρσεων,
897 2094 991 2146 καὶ
1017 2095 1167 2165 παρὰ
1194 2097 1317 2158 ταῖς
1342 2098 1528 2150 πόλεσι
1555 2100 1694 2168 μετὰ

104 2177 319 2230 λα’ίκῶν
344 2179 640 2250 διατρίϐειν
672 2183 772 2236 οὐκ
805 2185 1185 2254 αἰσχύνονται,
1227 2190 1690 2259 προφασιζόμενοι

105 2271 204 2321 καὶ
253 2274 404 2339 παρὰ
438 2273 549 2326 τῶν
587 2275 691 2343 πρὸ
725 2276 906 2328 αὑτῶν
940 2279 1194 2346 μοναχῶν
1244 2279 1473 2333 τοιαῦτα
1519 2281 1693 2334 πολλὰ

104 2362 378 2428 γίνεσθαι.
443 2367 555 2418 Καὶ
611 2367 732 2418 ἐπεὶ
777 2368 937 2421 τοῦτο
979 2371 1346 2436 ἀνυποταξίας
1392 2375 1693 2444 κατηγορεῖ

104 2457 244 2519 τοὺς
285 2459 580 2526 μοναχοὺς.
611 2461 707 2513 καὶ
729 2460 828 2528 τὴν
867 2460 1210 2516 κατάστασιν
1262 2465 1373 2516 τῶν
1424 2481 1693 2534 μοναστη-

108 2549 246 2618 ρίων
279 2549 631 2619 λυμαίνεται.
661 2551 860 2620 ὥρισεν
894 2554 1314 2623 ἀφωρισμένους
1341 2551 1480 2608 εἶναι
1508 2557 1599 2610 τόν
1629 2575 1690 2609 τε

107 2643 222 2693 ἀπὸ
253 2643 352 2710 τῆς
387 2645 444 2695 ἐν
531 2645 840 2710 ἀπετάξατο
893 2647 1061 2716 μονῆς
1103 2649 1489 2717 ἀποδράσαντα
1524 2669 1690 2719 μονα·

105 2734 227 2803 χόν,
257 2735 351 2787 καὶ
381 2737 460 2796 εἷς
495 2736 680 2804 ἕτερον
701 2738 958 2806 δεχθέντα
990 2741 1373 2809 μοναστήριον,
1407 2742 1542 2794 ἀλλὰ
1582 2744 1693 2814 μὴν

105 2831 209 2881 καὶ
237 2829 327 2880 τὸν
362 2831 552 2882 τοῦτον
577 2831 870 2900 δεξάμενον
897 2832 1220 2902 ἡγούμενον,
1251 2833 1364 2886 ἔστ’
1399 2834 1465 2888 ἂν
1495 2837 1523 2888 ό
1553 2836 1690 2889 ἀπο-

107 2917 308 2987 φυγὼν
340 2921 569 2990 μοναχὸς
601 2921 918 2994 ὑποστρέψῃ
963 2924 1044 2985 είς
1090 2923 1188 2993 τὴν
1236 2924 1448 2979 οἰκείαν
1496 2927 1686 2997 μονήν.

105 3013 225 3064 Καὶ
269 3012 442 3064 ταῦτα
504 3014 619 3080 μὲν,
668 3016 796 3067 ὅταν
848 3016 1091 3068 τοιοῦτόν
1137 3035 1188 3070 τι
1236 3017 1462 3088 γένηται
1519 3021 1692 3090 χωρὶς

104 3105 480 3171 ἐπισκοπικῆς
512 3107 773 3175 εἰδήσεως
848 3110 896 3158 εἰ
927 3108 981 3160 δὲ
1013 3111 1039 3160 ό
1075 3109 1217 3161 κατὰ
1250 3110 1433 3179 χώραν
1463 3112 1690 3166 ἐπίσκο-

107 3211 217 3256 πος·
248 3196 579 3264 κατανοήσει
630 3198 788 3264 τήνδε
838 3197 1044 3266 (τυχὸν)
1079 3199 1178 3268 τὴν
1228 3200 1394 3271 μονὴν
1427 3203 1500 3273 μὴ
1549 3202 1696 3271 ἔχειν
1723 3195 1767 3256 C

107 3287 388 3357 povaxob;
410 3288 680 3352 εὐλαϐεῖς,
709 3290 928 3352 ἱκανοὺς
961 3292 1024 3344 ὲκ
1051 3291 1160 3344 τῶν
1191 3294 1406 3347 οἰκείων
1438 3295 1691 3364 πράξεων

112 3382 215 3432 καὶ
245 3380 441 3443 ἄλλους
475 3382 607 3450 πρὸς
637 3383 911 3451 σωτηρίαν
949 3389 1307 3452 μεταγαγεῖν,
1347 3391 1442 3438 καὶ
1471 3389 1697 3458 δοκιμά-

114 3489 204 3523 σει
254 3472 535 3541 συμφέρον
568 3468 708 3525 εἷναι
744 3476 1132 3544 μετενεχθῆναι
1161 3478 1309 3531 τόνδε
1337 3478 1431 3531 τὸν
1460 3480 1693 3548 μοναχὸν

106 3565 207 3634 ἀφ’
240 3561 306 3634 ἧς
350 3566 606 3637 ἀπεκάρη
646 3570 812 3638 μονῆς
840 3570 916 3631 είς
955 3569 1170 3640 ἑτέραν,
1203 3572 1234 3642 ἢ
1280 3572 1693 3641 ἐγκαταστῆσαι

106 3662 192 3722 είς
234 3659 505 3728 κοσμικὰς
545 3660 725 3724 οἰκίας
772 3662 1114 3732 οἰκονόμους,
1138 3663 1225 3718 διὰ
1271 3665 1546 3736 σωτηρίαν
1583 3669 1692 3719 τῶν

106 3751 521 3805 κατοικούντων
549 3754 608 3805 ὲν
633 3754 793 3824 αὐτῇ,
843 3755 873 3824 ἢ
927 3757 1019 3807 καὶ
1051 3755 1287 3826 ἀλλαχοῦ
1325 3775 1428 3810 που
1461 3759 1690 3812 ἐπιστα-

105 3848 299 3912 τῆσαι,
327 3847 614 3914 γενήσεται
648 3847 1325 3927 τοῦτοριπαρεμποδίστως
1348 3865 1363 3882 ·
1419 3851 1556 3920 μήτε
1585 3852 1692 3903 τῶν

113 3936 370 4005 μοναχῶν
403 3937 539 4006 μήτε
571 3936 678 3989 τῶν
711 3937 1124 4006 ὑποδεχομένων
1147 3939 1344 4002 αὑτοὺς
1367 3939 1692 4006 ὀφειλόντων

112 4031 257 4092 ὅλως
283 4029 843 4099 προκριματισθῆναι.
879 4029 1096 4083 Τούτων
1128 4030 1301 4093 οὕτως
1335 4033 1585 4102 ἐχόντων,
1616 4027 1694 4084 εἴ·

119 4121 224 4172 πόν
252 4136 398 4182 τινες
430 4118 810 4172 ἐναντιοῦσθαι
831 4121 1002 4172 ταῦτα
1033 4123 1144 4183 τοῖς
1180 4121 1555 4174 θεσπισθεῖσιν
1587 4122 1691 4174 ὑπὸ

107 4211 210 4265 τοῦ
262 4217 316 4263 π’
393 4210 620 4273 κανόνος
674 4211 776 4280 τῆς
832 4212 890 4262 ὲν
933 4212 1262 4284 Καρθαγέκρῃ
1311 4215 1550 4277 συνόδου,
1597 4216 1693 4268 καὶ

107 4302 506 4372 διοριζομένοις
556 4303 649 4354 τὸν
693 4303 932 4355 τοιοῦτόν
978 4320 1026 4355 τι
1068 4304 1331 4358 ποιοῦντα
1369 4308 1688 4370 ἐπίσκοπον,

108 4397 207 4450 καὶ
254 4396 667 4466 ὑποδεχόμενον,
701 4396 809 4449 ἀπὸ
856 4397 1136 4466 ἀλλοτρίου
1173 4399 1541 4469 μοναστηρίου
1594 4417 1689 4468 μοι

107 4490 294 4557 ναχίιν,
320 4491 413 4542 καὶ
441 4488 696 4541 ποιοῦντα
727 4489 888 4541 αὑτὸν
913 4487 1169 4558 κληρικὸν
1198 4489 1228 4559 ἢ
1259 4491 1688 4560 καθηγούμενον,

107 4581 220 4634 ἀπὸ
245 4581 347 4648 τῆς
375 4580 484 4632 τῶν
512 4579 714 4631 λοιπῶν
745 4579 991 4648 ἀδελφῶν
1017 4580 1302 4644 κοινωνίας
1335 4582 1684 4652 χωρίζεσθαι,

107 4673 207 4724 καὶ
235 4673 302 4740 τῇ
358 4669 454 4722 τοῦ
493 4671 626 4723 ἰδίου
662 4671 794 4723 λαοῦ
829 4673 1085 4741 κοινωνία
1140 4673 1427 4742 ἀρκεῖσθαι
1464 4691 1477 4705 ’
1512 4674 1600 4726 τὸν
1631 4675 1686 4727 δὲ

115 4764 356 4833 μοναχδν
407 4762 542 4831 μηδὲ
593 4762 858 4830 κληρικὸν
893 4760 1031 4815 εἶναι
1083 4765 1217 4834 μηδὲ
1258 4765 1686 4836 καθηγούμενον.

124 4854 267 4909 Ἀλλ’
319 4853 421 4906 οὑκ
466 4853 624 4918 εἰσὶν,
674 4855 749 4918 ὼς
781 4855 904 4923 ἐμοὶ
949 4856 1117 4921 δοκεῖ,
1165 4858 1384 4909 ἐναντία
1414 4875 1429 4890 ·
1482 4859 1689 4921 ἐκεῖνος

113 4947 215 5016 μὲν
274 4947 436 5015 γᾶρό
464 4945 642 4998 κανὼν
694 4946 916 5010 κολάζει
958 4947 1048 5000 τὸν
1097 4948 1398 5001 ἐπίσκοπον
1446 4950 1536 5001 τὸν
1581 4949 1688 5002 ἀπὸ

111 5038 402 5108 ἀλλοτρίας
435 5037 644 5105 ὲνορίας
673 5039 960 5108 δεχόμενον
990 5040 1294 5110 οἱονδήτινα
1318 5040 1571 5111 μοναχὸν,
1592 5041 1688 5095 καὶ

108 5129 464 5183 καθιστῶντα
512 5128 701 5183 τοῦτον
745 5131 882 5198 πρὸς
922 5131 1201 5201 κλήρωσιν
1237 5132 1269 5200 ἦ
1323 5133 1685 5202 ἡγουμενείαν

114 5223 288 5293 μονῆς
319 5223 688 5293 διαφερούσης
722 5223 874 5293 αὑτῷ
905 5225 1074 5292 χωρὶς
1120 5223 1377 5295 εἰδήσεως
1421 5225 1515 5278 τοῦ
1549 5244 1686 5296 προ-

107 5319 273 5387 τέρου
319 5317 620 5369 ἐπισκόπου
654 5317 820 5369 αὑτοῦ
849 5316 1162 5390 ’ἣὼσαύτως
1203 5321 1434 5400 τιμωρεῖ
1469 5320 1560 5371 καὶ
1597 5320 1686 5374 τὸν

115 5411 352 5478 μοναχόν
379 5428 391 5441 ·
419 5411 445 5462 ό
466 5411 522 5463 δὲ
555 5409 747 5478 παρὼν
774 5411 1009 5480 ἐγχωρεῖ
1039 5409 1116 5479 τῷ
1145 5401 1428 5481 ὲπιείκόπῳ
1455 5412 1562 5466 ἀπὸ
1580 5415 1685 5464 τῶν

109 5502 207 5553 δύο
231 5501 609 5570 διαφερουσῶν
641 5500 810 5553 αὑτοῦ
852 5501 1174 5568 μεταθέσεις
1220 5504 1396 5554 ποιεῖν
1431 5503 1686 5571 μοναχῶν

114 5593 256 5645 κατὰ
293 5593 356 5644 τὸ
386 5591 544 5657 δόξαν
592 5593 786 5663 τούτῳ.
829 5593 1070 5645 Γίνωσκε
1127 5593 1185 5645 δὲ
1229 5594 1313 5645 ὅτι
1351 5594 1544 5660 γέγονε
1590 5595 1684 5647 καὶ

112 5684 409 5753 σημείωμα
446 5685 722 5736 συνοσικδν
752 5683 842 5736 ἐπὶ
866 5684 966 5753 τῆς
998 5685 1304 5753 ἐφημερίας
1338 5685 1430 5738 τοῦ
1455 5687 1685 5754 ἁγιωτά-

107 5790 202 5824 νιου
242 5773 578 5842 πατριάρχου
601 5773 770 5840 κυςιοῦ
811 5774 1015 5840 Λουκᾶ,
1056 5773 1215 5843 χάριν
1245 5773 1338 5826 τού
1371 5776 1680 5844 ἀποκριμα-

108 5865 306 5929 τίστως
360 5865 771 5937 καθηγουμένου
826 5868 904 5930 εἰς
953 5867 1292 5938 μοναστήρια
1343 5866 1675 5938 ὑποκείμενα

1315 423 1393 481 l-.\'
1430 425 1598 484 CAN.
1652 424 1725 484 IV
1771 423 1979 485 CONC.
2016 427 2218 488 CPOL.

189 537 209 569 ι
255 519 416 573 τοῦτο
442 521 565 576 οὔτε
590 525 718 588 τοὺς
744 525 1176 600 ὑποδεχομένους
1205 532 1329 588 οὔτε
1362 538 1485 598 τοὺς
1529 556 1694 606 μονα-
1725 538 1766 594 Α

3234 428 3366 491 102:?

1867 559 1903 600 ,ι
1972 559 2159 596 eorum
2220 544 2312 613 qui
2381 545 2688 599 inhabitant
2748 543 3002 607 salutem,
3079 545 3367 599 traducere

1876 650 1892 680 ι
1933 635 2226 699 censuerit,
2261 635 2343 689 vel
2376 635 2427 688 in
2454 636 2649 703 quovis
2675 635 2782 688 alio
2819 636 2937 689 loco
2975 637 3368 704 pra‘poncndos

1876 746 1891 777 ι
1945 730 2170 796 putarit,
2215 731 2317 784 hoc
2367 745 2544 798 neque
2597 745 2690 784 eos
2736 729 2828 798 qui
2886 730 3217 799 suscipiunt,
3266 745 3366 782 nec

1870 837 1890 868 ι
1925 821 2068 887 ipsos
2100 823 2399 877 monachos
2436 824 2706 876 obnoxios
2734 822 2942 876 reddet.
2988 841 3006 873 ι

1866 912 2064 970 BALS.
2096 914 2227 979 Quae
2257 926 2478 984 preptcr
2517 915 3011 968 lconomachornm
3043 915 3364 982 improbita-

1795 1015 1975 1059 temet
2004 1008 2262 1061 insultum
2300 1010 2440 1062 mala
2485 1009 2766 1078 umnaehis
2803 1008 3146 1070 acciderant,
3177 1023 3365 1060 mona-

1794 1101 1987 1155 sticam
2047 1101 2412 1155 venerandum
2481 1101 2724 1155 habitum
2794 1102 3117 1168 probrosum
3168 1096 3364 1152 effece-

1795 1202 1937 1256 runt,
1975 1201 2033 1245 ut
2063 1193 2237 1259 inquit
2264 1208 2465 1247 canon.
2496 1193 2745 1247 Mouachi
2771 1193 2912 1246 enim
2941 1191 3153 1260 propria
3182 1205 3368 1242 mona-

1794 1288 1961 1338 steria
1998 1287 2361 1355 reliquerunt,
2398 1298 2620 1354 propter
2649 1286 2826 1338 minas
2855 1285 3235 1337 haereticorum
3273 1299 3286 1334 :
3314 1289 3369 1334 et

1795 1378 1882 1430 alii
1917 1377 2135 1445 quidem
2176 1394 2234 1431 se
2269 1378 2322 1431 in
2355 1378 2456 1431 alia
2502 1379 2828 1430 monasteria
2858 1376 3227 1436 contulerunt,
3275 1378 3366 1428 alii

1795 1483 1922 1521 vero
1956 1468 2008 1521 in
2065 1469 2356 1521 mundanis
2404 1467 2734 1522 habitaculis
2785 1468 2948 1520 vitam
2993 1476 3243 1534 egerunt.
3300 1467 3364 1517 lit

1796 1573 1924 1614 tunc
1975 1561 2214 1630 quidem,
2265 1559 2411 1629 quod
2463 1561 2530 1614 ab
2579 1560 2657 1612 eis
2724 1559 2905 1620 fiebat,
2935 1567 3052 1610 erat
3106 1557 3173 1609 ab
3221 1557 3366 1608 omni

1796 1655 1954 1722 culpa
1989 1663 2044 1707 et
2070 1654 2499 1722 reprehensione
2528 1653 2761 1704 alienum
2796 1667 2808 1703 :
2846 1649 3017 1705 evasit
3046 1658 3227 1701 autem
3269 1647 3371 1699 hoe

1794 1757 1979 1812 postea
2031 1746 2222 1801 multis
2283 1746 2596 1800 ridiculum.
2644 1743 2778 1798 Cum
2830 1743 2974 1794 cnim
3030 1738 3370 1795 cessaverint

1724 1840 1952 1917 Bminte
2005 1854 2126 1910 qua:
2183 1838 2238 1892 in
2293 1836 2638 1893 Christianos
2691 1835 3104 1889 intentabantur
3148 1841 3370 1902 propter

1797 1935 2231 2005 persecutionem
2284 1947 2351 1985 eo
2403 1920 2550 1999 quod
2607 1930 2911 1985 orthodoxa
2967 1927 3236 1981 sententia
3299 1928 3371 1978 sit

1795 2029 2023 2097 simplex
2055 2038 2107 2081 et
2139 2035 2361 2095 aperta;
2397 2024 2615 2094 quidam
2649 2034 2825 2077 tamen
2873 2020 3126 2075 monachi
3168 2020 3368 2073 audent

1795 2124 2003 2190 absque
2038 2122 2147 2184 ullo
2188 2121 2395 2189 pudore
2422 2133 2484 2172 ea
2520 2116 2723 2181 facere,
2758 2131 2877 2184 quae
2913 2126 3136 2185 propter
3176 2129 3367 2167 neces-

1796 2216 2007 2269 sitatem
2054 2214 2120 2265 ab
2154 2211 2424 2280 aliquibus
2451 2225 2640 2288 secure
2695 2209 2914 2262 fiebant.
2944 2207 3060 2272 Quo
3093 2207 3172 2270 fit,
3209 2217 3263 2258 ut
3317 2215 3372 2258 et

1796 2325 1822 2361 a
1854 2309 2084 2378 propriis
2112 2317 2357 2361 tonsura:
2391 2305 2524 2360 locis
2559 2305 2838 2369 recedant,
2875 2313 2927 2357 et
2964 2303 3016 2357 iu
3050 2300 3368 2356 civitatibus

1795 2418 1917 2454 cum
1953 2401 2106 2454 laicis
2146 2403 2351 2452 versari
2395 2413 2500 2451 non
2540 2397 2900 2460 erubescant;
2949 2397 3052 2449 hoc
3104 2404 3367 2463 praetextu

1797 2502 2033 2554 utentes,
2079 2491 2221 2560 quod
2256 2505 2283 2544 a
2333 2488 2638 2546 monachis,
2678 2487 2770 2555 qui
2813 2501 2908 2539 eos
2951 2493 3368 2553 przecesserunt,

1797 2585 1963 2638 multa
2005 2582 2273 2652 ejusmodi
2304 2580 2445 2634 facta
2478 2581 2608 2635 sint.
2650 2581 2711 2633 Et
2747 2564 3004 2646 quoniam
3044 2577 3147 2629 hoc
3177 2589 3368 2626 mona-

1795 2679 2021 2731 chorum
2088 2673 2512 2730 inobedicntiam
2561 2673 2762 2739 arguit,
2810 2679 2863 2723 et
2910 2668 3368 2722 monasteriorum

1794 2771 2241 2825 constitutionem
2296 2767 2514 2831 evertit,
2564 2764 2755 2819 statuit
2806 2760 3068 2831 synodus,
3095 2768 3204 2811 tam
3243 2772 3368 2811 eum

1795 2862 1939 2931 quia
1976 2858 2310 2913 monasterio
2343 2857 2396 2912 in
2439 2872 2548 2925 quo
2575 2856 2907 2909 constitutus
2936 2861 3020 2907 est
3055 2849 3286 2919 aufugit,
3317 2858 3372 2900 et.

1795 2960 1847 3012 in
1889 2957 2058 3012 altero
2095 2951 2434 3007 monaSterio
2478 2957 2769 3017 susceptus
2807 2953 2914 3009 est,
2967 2958 3130 3012 quam
3158 2938 3164 2946 ’
3189 2948 3368 3008 ipsum

1797 3050 1960 3106 etiam
2028 3046 2368 3116 pra‘f‘ectum,
2435 3040 2676 3110 quicum
2745 3035 2990 3103 suscepit
3053 3042 3372 3102 segregatos

1798 3158 1939 3203 esse,
1993 3141 2166 3194 donec
2216 3135 2518 3191 monachus
2569 3133 2661 3202 qui
2724 3129 2936 3197 aufugit
2983 3127 3049 3181 ad
3091 3125 3368 3195 proprium

1802 3232 2195 3288 monasterium
2245 3235 2570 3283 revertatur.
2611 3225 2672 3277 Et
2727 3223 2843 3276 lure
2874 3221 3093 3290 quidem
3150 3216 3372 3284 quando

1798 3328 2008 3394 absque
2055 3321 2349 3391 episcopali
2402 3319 2628 3374 scientia
2669 3313 2876 3384 aliquid
2926 3308 3241 3380 hujusmodi
3287 3307 3370 3360 fa-

1798 3428 1944 3472 ctmu
1971 3417 2058 3471 sit.
2092 3416 2146 3468 Si
2180 3425 2359 3467 autem
2400 3412 2519 3480 ejus
2549 3409 2787 3479 regionis
2824 3407 3117 3473 epi3e0pns
3147 3401 3372 3455 intelle-

1799 3511 1959 3573 xerit,
1997 3509 2099 3562 hoc
2133 3505 2304 3576 (verbi
2351 3502 2545 3574 gratia)
2582 3499 2971 3554 monasterium
3008 3497 3126 3565 pios
3148 3503 3201 3549 ct
3237 3494 3369 3548 rell-

1796 3606 1978 3673 giosos
2020 3600 2321 3654 monachos
2366 3612 2473 3650 non
2513 3594 2735 3654 habere,
2773 3605 2871 3645 nec
2907 3589 3147 3660 propriis
3193 3589 3370 3641 actio-

1796 3697 1958 3750 nibus
1985 3704 2141 3765 aptos
2178 3699 2232 3747 ut
2260 3690 2324 3744 ad
2360 3689 2592 3745 salutem
2623 3686 2759 3739 alios
2793 3682 3105 3743 traducant,
3147 3689 3201 3735 et
3235 3678 3376 3734 utile

1795 3783 2286 3854 cssejudieaverit,
2322 3792 2379 3835 ut
2410 3779 2500 3833 hic
2536 3777 2784 3830 videlicet
2818 3773 3124 3827 monachus
3173 3787 3201 3824 a
3250 3785 3372 3822 mo~

1795 3879 2056 3942 nasterio,
2096 3879 2147 3930 in
2185 3893 2295 3943 quo
2338 3883 2532 3927 tonsus
2568 3880 2670 3932 est,
2702 3871 2756 3922 iu
2786 3867 2934 3921 aliud
2971 3863 3366 3921 transferatur.

1794 3973 1875 4025 vel
1913 3971 2072 4024 etiam
2126 3969 2192 4022 ad
2243 3966 2524 4021 saecularis
2573 3963 2770 4017 domus
2831 3957 3367 4012 administrationem

1796 4071 2018 4132 propter
2051 4075 2241 4114 eorum
2268 4059 2358 4124 qui
2398 4057 2450 4110 in
2486 4057 2601 4124 ipsa
2636 4054 2883 4107 habitant
2913 4053 3166 4111 salutem.
3201 4047 3367 4100 collo-

1794 4165 1966 4217 cetur,
2000 4154 2081 4206 vel
2113 4152 2296 4220 aliquo
2331 4149 2438 4203 alio
2477 4149 2528 4202 in
2568 4147 2688 4201 loco
2741 4144 3091 4214 praeficiatur,
3129 4143 3232 4194 hoc
3273 4144 3364 4193 fiet

1794 4246 1914 4301 sine
1935 4245 2046 4297 ullo
2078 4240 2469 4308 impedimento
2507 4255 2518 4290 :
2551 4245 2734 4302 utpote
2763 4250 2886 4288 cum
2921 4248 3020 4286 nec
3055 4231 3371 4293 monachis,

1794 4352 1894 4391 nec
1915 4335 1982 4388 iis
2006 4335 2097 4402 qtti
2123 4333 2242 4386 illos
2260 4327 2784 4396 suscipiunt,debcat
2801 4324 2968 4377 ullum
2989 4321 3367 4391 praejudicium

1796 4429 1997 4483 afferri.
2029 4427 2152 4480 llaec
2185 4439 2307 4479 cum
2342 4425 2414 4477 ita
2448 4437 2505 4476 se
2549 4420 2807 4482 habeant,
2846 4417 3099 4470 dixerunt
3146 4414 3368 4484 quidam

1724 4535 1767 4591 ῖ)
1799 4523 1910 4576 hate
1928 4517 2200 4574 adversari
2225 4518 2290 4570 iis
2313 4530 2432 4585 qua:
2466 4512 2534 4567 80
2552 4527 2673 4566 can.
2695 4505 3145 4576 Carthagiuensis
3172 4504 3365 4574 synodi

1792 4621 1996 4666 statuta
2035 4618 2185 4672 sunt,
2220 4608 2421 4676 quibus
2458 4615 2701 4669 cavetur,
2727 4612 2786 4656 ut
2813 4601 2904 4671 qui
2930 4599 3034 4653 tale
3072 4598 3200 4667 quid
3231 4596 3366 4649 facit

1790 4705 2098 4774 cpiscopus,
2122 4701 2287 4770 338
2302 4710 2353 4754 et
2377 4697 2703 4751 monachum
2729 4709 2792 4748 ex
2823 4693 2999 4747 alieno
3027 4689 3368 4744 monasterio

1790 4796 2038 4863 suscipit,
2068 4801 2121 4845 et
2148 4792 2324 4859 ipsum
2347 4789 2429 4843 vel
2453 4787 2711 4843 clericum
2736 4782 2818 4837 vel
2843 4781 3155 4851 prrefectum
3209 4779 3358 4837 facit.

1789 4902 1818 4940 a
1843 4896 2159 4940 ctetcrorum
2191 4881 2417 4934 fratrum
2445 4877 2828 4933 communione
2861 4882 3162 4943 separetur,
3213 4879 3266 4925 et
3291 4871 3363 4926 sit

1790 4976 1990 5045 proprii
2024 4973 2203 5044 populi
2233 4969 2621 5026 communione
2663 4974 2953 5020 contentus
2987 4982 3000 5016 :
3059 4962 3364 5016 monachus

1788 5078 1965 5123 autem
1993 5080 2089 5121 nec
2120 5064 2190 5117 sit
2229 5063 2459 5116 clericus
2484 5075 2581 5114 nec
2610 5058 2918 5129 praefectus.
2948 5055 3052 5109 Sed
3078 5071 3182 5108 non
3209 5064 3359 5113 sunt.

1788 5170 1848 5213 ut
1875 5159 2003 5213 mihi
2033 5157 2264 5219 videtur,
2296 5154 2586 5208 contraria.
2638 5150 2727 5203 ille
2777 5149 2920 5202 enim
2974 5163 3148 5202 canon
3203 5148 3361 5216 punit

1787 5251 2126 5318 episcopum,
2167 5247 2257 5314 qui
2294 5258 2672 5313 quemcunque
2707 5239 3032 5293 monachum
3069 5255 3131 5298 ea
3181 5239 3359 5318 aliena

1789 5343 2007 5412 regione
2033 5340 2277 5405 suscipit,
2316 5345 2369 5391 et
2421 5351 2544 5390 eum
2600 5334 2681 5388 vel
2741 5333 2999 5387 clericum
3053 5311 3208 5396 facil“,
3273 5331 3358 5385 vel

1788 5433 2123 5487 monasterio
2147 5431 2288 5500 quod
2315 5429 2378 5481 ad
2412 5444 2468 5482 se
2494 5426 2726 5495 pertinet
2753 5423 2994 5491 przeficit,
3022 5423 3138 5474 sine
3163 5420 3357 5489 prioris

1786 5526 1958 5593 ipsius
1999 5522 2240 5592 episc0pi
2290 5520 2551 5594 scicntia.
2577 5518 2840 5572 Similiter
2865 5515 3190 5570 monachum
3215 5528 3354 5581 quo-

1785 5632 1887 5685 que
1938 5617 2113 5684 punit.
2171 5613 2268 5668 llic
2330 5621 2510 5665 autem
2566 5623 2802 5679 prmscns
2854 5621 3030 5660 canon
3084 5602 3352 5674 permittit

1784 5705 2065 5772 episc0po,
2091 5713 2148 5754 ιιι
2181 5716 2244 5753 ex
2276 5699 2487 5753 duobus
2519 5705 2729 5749 tantmn
2757 5694 2822 5748 ad
2859 5709 2916 5748 se
2951 5691 3352 5761 pertinentibus

1785 5793 2130 5849 monasteriis
2153 5792 2310 5845 faciat
2340 5790 2728 5843 monachorum
2754 5785 3161 5845 translationes,
3191 5793 3350 5850 prout

1782 5887 1830 5943 ei
1865 5887 2033 5942 visum
2069 5885 2251 5940 fuerit.
2298 5882 2451 5937 Scias
2505 5890 2711 5946 autem,
2769 5878 2914 5948 quod
2958 5891 3196 5946 tempore
3251 5891 3343 5942 pa-
