4166 6438
130 396 296 462 i025

1363 404 1440 460 IN
1487 403 1654 461 C.\.\‘.
1697 405 1737 461 Υ
1781 403 1989 464 (It),\'t‘..

2059 406 2160 462 Cl‘l
2183 406 2262 463 ll“
3280 402 3409 462 15-26

125 510 391 578 κοσμικά
440 508 832 578 είσκωμάσωσι
890 507 1238 576 καταγώγια,
1297 511 1586 571 κάκείνους
1631 511 1724 562 καὶ

1834 514 2087 576 διἰδυιιιιι,
2128 511 2470 579 splendorem
2505 510 2656 562 illum
2691 526 2905 562 omnem
2952 513 3410 577 honestatemque

124 601 277 663 τοὺς
303 599 742 670 ὑποδεξαμένους
770 599 969 662 αὐτοὺς
992 601 1411 671 ἀφωρισμένους
1438 599 1599 664 εἶναι,
1623 600 1726 664 ἕως

130 691 211 744 ἂν
253 694 629 746 ἐπανέλθωσιν
652 693 701 746 οἱ
733 693 1108 761 ἀποφυγόντες
1147 693 1230 754 είς
1254 693 1352 762 τὴν
1378 693 1587 745 οίκείαν
1630 709 1726 760 μο-

127 784 272 852 νήν.
300 785 359 837 Εί
391 785 448 838 δὲ
481 787 508 838 ό
538 785 680 838 κατὰ
708 783 895 855 χώραν
924 783 1223 848 ὲπίσκοπός
1248 801 1400 843 τινας
1427 784 1536 836 τῶν
1566 800 1730 851 μονα-

128 878 263 946 χῶν
315 878 402 930 ἐπ’
446 879 617 947 ἀρετῇ
668 878 1142 947 μαρτυρουμένοις
1187 876 1370 945 σονίδῃ
1417 877 1496 938 είς
1533 876 1726 943 ἑτέραν

131 969 326 1040 μονὴν
366 968 458 1022 ἐπὶ
493 969 829 1021 καταστάσει
868 968 1042 1037 αὐτῆς
1077 969 1171 1022 καὶ
1221 968 1460 1037 ὠφελείᾳ
1518 966 1626 1018 τῶν
1671 969 1728 1018 ἐν

127 1061 294 1127 αὺτῇ
347 1063 701 1129 μεταγαγεῖν,
749 1061 780 1130 ἢ
827 1062 918 1112 καὶ
957 1063 1038 1122 εἰς
1074 1059 1345 1128 κοσμικὴν
1379 1059 1555 1110 οίκίαν
1585 1059 1729 1110 δοκι-

131 1152 321 1218 μάσει
347 1152 780 1220 καταστῆσαιηῆ
814 1152 1068 1219 ἀλλοχὸσε
1097 1151 1380 1220 εὐδοκήσει
1412 1150 1725 1216 ἐπιστῆσαι,

127 1242 277 1294 οὔτε
325 1245 374 1295 οἰ
431 1244 679 1313 μοναχοὶ,
728 1245 778 1295 oi
834 1243 977 1295 οὕτω
1028 1242 1470 1311 μετατιθέμενοι,
1519 1241 1641 1291 οὕτε
1679 1240 1725 1290 οί

128 1333 366 1395 τούτοις
391 1334 670 1402 δεχόμενοι
700 1333 778 1398 τῷ
816 1334 1112 1402 άφορισμῷ
1147 1334 1388 1386 ὑπόδικοι
1417 1333 1650 1384 ἔσονται.

1833 601 2115 667 diripiunt,
2143 601 2567 665 universumque
2613 615 2810 664 corpus
2859 599 3131 650 societatis
3176 598 3405 652 laedunt.

1831 687 2482 755 Propterea‘quicunque,
2519 688 2792 750 inquitmt,
2848 690 3012 739 esuis
3060 686 3409 736 monasteriis

1833 777 2162 844 aufugerim,
2192 777 2306 830 sive
2338 776 2408 827 in'
2437 777 2542 827 alia
2601 777 2930 828 monasteria
2979 777 3249 837 incidant,
3296 778 3408 824 sive

1831 870 2186 923 swcularibus
2211 883 2328 921 sese
2355 869 2681 921 habitaculis
2708 869 3055 929 immiserint,
3097 878 3203 918 tam
3234 868 3406 932 ipsos,

1830 978 1991 1030 quant
2023 977 2117 1015 eos
2151 977 2179 1014 ει
2215 961 2414 1030 quibus
2451 961 2647 1028 recepti
2699 960 2922 1023 fuerint,
2961 964 3135 1014 donec
3189 961 3253 1012 ad
3310 973 3408 1014 sua

1832 1054 2158 1106 monasteria
2189 1055 2279 1120 qui
2321 1054 2570 1120 fugerant
2602 1062 2967 1111 revertantur.
3004 1061 3195 1106 sancta
3241 1049 3406 1120 sino-

1830 1143 1930 1197 ilus
1983 1157 2296 1212 si-gregatos
2344 1160 2467 1196 eSse
2505 1144 2771 1197 decernit.
2822 1145 2975 1207 Quod
3028 1146 3073 1196 si
3130 1143 3250 1209 ejus
3302 1144 3410 1196 loci

1829 1239 2116 1304 episcopus
2151 1237 2444 1288 nonnullos
2476 1254 2502 1287 e
2537 1239 2930 1288 monachorum
3168 1248 3319 1292 ιιιιιίιι
3348 1252 3408 1290 ro

1831 1337 2089 1396 Spectata:
2113 1328 2352 1387 virtutis,
2400 1339 2454 1379 ut
2502 1327 2552 1378 in
2588 1328 2732 1382 aliud
2775 1340 3168 1382 monasterium
3216 1333 3281 1386 ad
3318 1350 3407 1388 res

130 1428 467 1481 monasterii
501 1428 939 1488 constituendas,
972 1430 1176 1494 quique
1209 1428 1261 1479 in
1293 1441 1360 1479 eo
1390 1428 1591 1493 degunt
1623 1423 1920 1490 jttvandos,
1956 1421 2342 1479 tramcribere,
2378 1431 2469 1472 aut
2537 1421 2587 1472 in
2663 1422 2899 1475 hominis
2948 1426 3140 1490 privati
3214 1429 3408 1488 cuius-

128 1519 298 1586 piam
355 1518 634 1572 domicilio
689 1519 1042 1581 constituere,
1095 1523 1187 1569 aut
1244 1516 1419 1570 ubivis
1477 1515 1696 1568 demum
1740 1513 2013 1564 collocare
2069 1520 2434 1577 Opportunum
2478 1513 2891 1575 existimaverit,
2952 1528 3049 1565 nec
3106 1519 3408 1572 monachos

129 1610 352 1675 quibus
381 1625 442 1664 ea
474 1610 744 1663 mutanda:
774 1609 920 1663 sedis
950 1623 1115 1661 causa
1146 1608 1327 1671 fiterit,
1366 1623 1465 1661 nec
1496 1610 1587 1675 qui
1618 1606 1839 1660 eosdem
1887 1605 2210 1687 receperint,
2274 1621 2429 1672 poma
2479 1605 2566 1656 illa
2614 1605 3007 1672 St'grn'galionls
3043 1605 3262 1660 alliciet.

133 1701 378 1753 ΑΡΙΣΤ.
450 1719 469 1752 1
522 1699 586 1752 Εί
639 1717 724 1763 τις
774 1701 1008 1769 μοναχδς
1053 1700 1156 1767 τῆς
1215 1700 1350 1760 ιδίας
1409 1700 1723 1767 ἀποδράσας

1898 1695 2122 1747 AlllS'l'.
2169 1716 2184 1746 1
2227 1694 2280 1748 Si
2308 1698 2432 1764 quis
2465 1698 2786 1759 turmae-lius,
2821 1697 3038 1762 proprio
3073 1699 3262 1752 relirto
3293 1716 3408 1753 mo-

226 1811 246 1843 1
300 1793 492 1862 μονῆς,
523 1794 556 1861 ἢ
592 1794 672 1854 είς
706 1790 893 1862 ἕτερον
937 1794 1238 1859 μεταπέσοι
1264 1792 1652 1861 μοναστήριον,
1695 1791 1728 1858 ἢ

227 1903 248 1935 1
299 1886 380 1946 είς
406 1884 671 1952 κοσμικὸν
700 1884 1040 1952 εἰσκωμάσει
1070 1884 1440 1952 καταγώγιον,
1479 1883 1643 1945 αὑτός
1671 1899 1730 1933 τε

227 1992 247 2023 1
299 1975 440 2026 καὶὸ
469 1975 868 2044 ὑποδεξάμενος
895 1972 1262 2040 ἀφοριζέσθω,
1287 1976 1391 2034 ἕως
1421 1974 1728 2026 ἐπανέλθοι.

229 2084 248 2116 1
309 2065 369 2115 '0
395 2065 452 2116 δὲ
507 2063 640 2134 παρ’
693 2065 995 2117 ἐπισκόπου
1041 2065 1395 2136 ὁπωσδήποτε
1455 2065 1732 2126 καταστὰς

225 2173 244 2204 1
297 2155 621 2218 ἀναιτίατος.
663 2174 682 2208 ι

761 2333 998 2386 ΚΑΝΩΝ
1048 2329 1126 2387 E'.

139 2442 164 2475 1
225 2423 341 2486 Τὰς
371 2424 632 2493 ἀκρίτους
689 2425 786 2478 καὶ
840 2425 1246 2494 ἀδοκιμάστους
1301 2424 1587 2492 ἀππαγάς
1637 2425 1731 2476 ἐπὶ

230 2536 250 2567 1
306 2517 442 2569 πολὺ
501 2517 600 2586 τὴν
665 2519 970 2585 μοναχικὴν
1010 2514 1270 2580 εὐταξίαν
1327 2515 1731 2584 λυμαινομένας

227 2627 247 2657 1
301 2607 647 2676 εὑρίσκομεν.
688 2606 984 2677 Προπετῶς
1009 2605 1120 2676 γάρ
1167 2622 1312 2668 τινες
1371 2606 1452 2666 είς
1512 2604 1604 2656 τὸν
1635 2621 1732 2671 μο-

233 2716 253 2747 1
315 2697 455 2765 νήρη
491 2695 606 2765 βίον
632 2697 863 2759 ἑαυτοὺς
896 2697 1335 2766 ὲπιρῤίπτοντες,
1375 2697 1470 2747 mi
1496 2695 1632 2763 πρὸς
1672 2695 1730 2746 τὸ

228 2805 249 2836 1
298 2787 470 2854 τραχὺ
498 2787 592 2838 καὶ
617 2785 875 2838 ἐπίπονον
903 2785 1400 2854 κατολιγωροῦντες
1429 2784 1531 2852 τῆς
1562 2787 1733 2852 ἀσκήε-

231 2892 252 2922 1
303 2890 459 2939 σεως,
486 2873 577 2924 ἐπὶ
605 2877 694 2926 τὶν
722 2873 917 2940 φιλόσα
929 2890 1054 2943 ρκον
1078 2874 1172 2926 καὶ
1202 2871 1446 2942 ἡδονικδν
1478 2871 1590 2942 (49)
1617 2871 1731 2940 βίον

231 2985 252 3015 1
297 2965 494 3028 ἀθλίως
517 2965 680 3020 πάλιν
711 2965 1240 3035 ἐπαναστρέφουσιν.
1273 2965 1492 3033 Ὥρισεν
1521 2962 1614 3016 οὖν
1644 2963 1730 3015 διὰ

229 3075 250 3106 1
301 3055 460 3108 τοῦτο
487 3057 519 3126 ἡ
542 3057 672 3124 άγία
691 3055 907 3118 σύνοδος
932 3055 1137 3125 μηδένα
1164 3054 1259 3108 τοῦ
1281 3055 1572 3124 μοναχικοῦ
1600 3072 1730 3107 κατ-
1759 3049 1802 3107 C

229 3163 252 3197 1
299 3145 579 3211 αξιοῦσθαι
640 3147 920 3216 σχήματος
965 3147 1097 3215 πρὶν
1131 3146 1199 3200 ἂν
1243 3147 1272 3198 ό
1331 3145 1428 3214 τῆς
1485 3147 1729 3216 τριετίας

237 3255 259 3286 1
300 3238 492 3307 χρόνος
518 3239 596 3298 είς
621 3239 818 3305 πεῖραν
852 3235 1037 3297 αὐτοῖς
1069 3235 1293 3302 ἀφεθεὶς
1322 3234 1581 3303 δοκίμους
1626 3235 1728 3286 αὑ-

232 3347 254 3380 1
301 3331 428 3392 τοὺς
457 3331 554 3381 καὶ
583 3327 766 3392 ἀξίους
793 3327 891 3395 τῆς
922 3326 1257 3396 τηλικαύτης
1307 3326 1493 3396 βιοτῆς
1544 3343 1731 3396 παρα-

237 3439 258 3471 1
307 3421 500 3491 στήσῃ.
533 3421 642 3472 Καὶ
683 3418 841 3472 τοῦτο
864 3420 1087 3490 κρατεῖν
1117 3421 1304 3482 ,παντὶ
1353 3422 1541 3489 τρόπῳ
1583 3437 1728 3489 παρ-

233 3530 255 3562 1
305 3510 656 3577 εκελεύσατο,
694 3511 834 3581 πλὴν
868 3512 915 3563 εἰ
947 3511 1120 3580 μήπω
1151 3528 1234 3573 τις
1265 3511 1458 3580 βαρεῖα
1493 3528 1731 3579 προσπε-

240 3621 261 3654 1
308 3603 478 3656 σοῦσα
511 3605 664 3665 νόσος
721 3602 815 3654 τὸν
881 3602 1071 3669 χρόνον
1119 3601 1403 3669 ἀναγκάσῃ
1458 3601 1731 3669 συσταλῆ-

226 3713 249 3747 1
296 3713 383 3750 ναι
426 3695 526 3763 τῆς
585 3696 908 3765 δοκιμασίας
937 3711 950 3724 ⁸
987 3694 1020 3762 ἢ
1046 3695 1091 3746 ει
1123 3696 1195 3763 μή
1246 3693 1335 3745 πώ
1363 3710 1446 3755 τις
1474 3693 1562 3762 εἴη
1591 3694 1728 3762 ἀνὴρ

231 3806 255 3839 1
297 3788 554 3858 εὐλαϐὴς,
589 3789 682 3840 καὶ
707 3789 797 3840 τὸν
833 3787 1124 3856 μοναχικὸν
1151 3787 1263 3854 βίον
1291 3787 1348 3838 έν
1377 3785 1454 3853 τῷ
1479 3785 1730 3855 κοσμικῷ

233 3898 255 3930 1
300 3879 534 3932 διανύων
577 3881 835 3948 σχήματι.
877 3878 1003 3929 Ἐπὶ
1060 3877 1170 3946 γὰρ
1207 3876 1297 3929 τοῦ
1343 3875 1591 3928 τοιούτου
1637 3877 1732 3927 άν-

233 3991 256 4025 1
303 3973 427 4042 δρὸς
459 3974 539 4034 είς
572 3971 881 4040 ἀπόπειραν
913 3971 1152 4040 παντελῆ
1182 3972 1277 4022 καὶ
1309 3973 1336 4022 ὁ
1379 3973 1730 4040 έξαμηνιαῖος

237 4083 259 4116 1
303 4065 527 4134 ἀρκέσει
555 4063 765 4132 χρόνος.
806 4062 868 4115 Et
901 4061 958 4113 δέ
989 4079 1072 4124 τις
1106 4062 1256 4130 παρά
1284 4063 1456 4114 ταῦτα
1497 4061 1731 4131 διαπρά-

236 4175 255 4208 1
303 4155 473 4219 ξεται,
501 4157 589 4206 τὸν
620 4155 718 4222 μὲν
746 4153 1054 4223 ἡγούμενον
1095 4153 1194 4222 τῆς
1240 4153 1606 4221 ήγουμενείας
1638 4154 1730 4204 ὲκ-

235 4261 254 4291 1
311 4241 603 4310 πίπτοντας
635 4241 884 4292 παιδείαν
919 4240 1012 4310 τῆς
1059 4238 1286 4304 ἀταξίας
1311 4240 1410 4310 τὴν
1435 4243 1491 4293 έν
1520 4242 1729 4294 ὑποτα-

236 4353 255 4384 1
300 4336 373 4402 γῇ
429 4333 706 4401 διαγωγὴν
763 4333 1111 4401 ἐφευρίσκειν
1138 4349 1152 4362 ·
1188 4333 1280 4384 τὸν
1317 4333 1372 4384 δὲ
1423 4335 1730 4400 μονάσαντα

241 4442 259 4474 1
305 4425 364 4474 ὲν
399 4423 562 4491 ἑτέρᾳ
597 4423 733 4491 μονῇ
754 4422 850 4491 τὴν
883 4421 1183 4491 μοναχικὴν
1211 4421 1498 4490 ἀκρίϐειαν
1525 4422 1727 4489 φυλατ-

230 4532 252 4567 1
298 4514 472 4584 τούση
508 4513 923 4584 παραδίδοσθαι.
963 4532 981 4564 ι

229 4605 426 4660 ΒΑΛΣ.
466 4605 734 4664 Πολλάκις
791 4606 956 4668 τινὲς,
1013 4606 1178 4673 φασὶν
1235 4605 1284 4656 οί
1347 4605 1608 4675 Πατέρες,
1641 4605 1731 4658 διὰ

146 4700 338 4770 θλίψιν
365 4698 398 4768 ἢ
422 4696 616 4768 ἑτέραν
641 4698 934 4767 ὀλιγωρίαν
960 4700 1081 4749 τινα
1103 4698 1193 4748 τὸν
1211 4698 1424 4766 μονήρη
1458 4697 1570 4766 βίον
1598 4713 1732 4765 προ-

146 4797 343 4856 πετῶς
379 4791 758 4860 ὑποδυόμενοι,
800 4788 897 4842 καὶ
937 4789 1012 4858 μὴ
1049 4788 1339 4856 δυνάμενοι
1385 4789 1727 4857 καρτερῆσαι

143 4889 216 4938 τὸ
245 4885 496 4938 ἐπίπονον
527 4886 624 4952 τῆς
656 4883 964 4953 ἀσκήσεως,
998 4880 1420 4950 μεταμέλονται,
1462 4880 1558 4933 καὶ
1596 4883 1731 4951 πρὸς

147 4981 261 5050 τὴν
286 4978 562 5048 προτέραν
588 4976 861 5044 κοσμικὴν
901 4974 1178 5042 διαγωγήν
1229 4974 1412 5037 κακῶς
1468 4974 1731 5044 ὑποστρέ-

1841 1806 1857 1837 1
1895 1789 2152 1850 nasterio,
2178 1791 2290 1840 sive
2325 1789 2387 1839 ad
2428 1789 2570 1840 aliud
2609 1790 2997 1840 monasterium
3051 1795 3405 1857 transmigra-

1839 1896 1857 1929 1
1894 1880 2053 1940 verit,
2085 1877 2197 1932 sive
2252 1882 2303 1931 in
2356 1885 2616 1931 sareulare
2665 1880 3036 1932 habitaculum
3091 1885 3407 1949 petulanter

1838 1987 1856 2020 1
1897 1985 1954 2022 se
2011 1970 2347 2031 contulerit,
2408 1981 2721 2037 segregetur
2758 1980 2866 2021 tam
2901 1972 3015 2038 ipse
3045 2010 3059 2033 ,
3108 1977 3269 2039 quam
3310 1976 3405 2042 qui

1838 2080 1856 2111 1
1897 2062 2072 2129 ipsum
2107 2063 2369 2128 suscepit,
2411 2076 2586 2130 usque
2621 2063 2749 2113 dum
2788 2079 3040 2116 reversus
3076 2063 3262 2117 fuerit.
3299 2053 3403 2130 Qui

1841 2168 1859 2201 1
1897 2167 2023 2205 vero
2053 2153 2120 2204 ab
2159 2153 2411 2220 episcopo
2443 2167 2772 2220 quocunque
2795 2155 2912 2204 loro
2938 2153 3272 2208 constitutus
3300 2165 3408 2219 est,

1838 2261 1856 2292 1
1899 2245 2060 2312 culpa
2097 2253 2272 2296 vacat.
2322 2263 2340 2294 ι

2443 2331 2668 2386 ΟᾹΝΟΝ
2720 2332 2784 2386 ν.

1837 2440 1858 2475 1
1889 2424 2021 2489 Quae
2049 2433 2255 2478 temere
2286 2433 2340 2479 et
2369 2426 2485 2478 sine
2525 2425 2734 2493 judicio
2778 2441 2840 2478 ac
2895 2426 3216 2495 probatione
3270 2427 3408 2481 ﬁunt

1909 2534 1928 2568 1
1961 2518 2414 2581 renuntiationes,
2450 2519 2592 2570 hono
2622 2519 2922 2571 monastico
2946 2517 3123 2571 ordini
3150 2534 3404 2587 magnum

1909 2626 1926 2658 1
1964 2608 2155 2660 all'erre
2180 2609 2581 2660 incounnmhnn
2606 2610 2932 2662 invenimus.
2959 2607 3013 2660 In
3045 2611 3403 2662 monasticam
3459 2675 3469 2684 ο

1912 2717 1930 2749 1
1968 2700 2110 2751 enim
2152 2701 2312 2753 vitam
2339 2717 2395 2752 se
2432 2702 2585 2752 facile
2612 2703 2920 2767 injicirnlt‘s
2954 2703 3222 2765 nonnulli,
3256 2713 3307 2754 et
3341 2703 3407 2754 ad

1911 2809 1928 2840 1
1971 2806 2216 2858 asperam
2246 2802 2294 2844 et
2325 2793 2655 2844 laboriosam
2710 2793 3152 2844 exercitationem
3207 2811 3262 2845 δι’
3320 2811 3408 2845 se-

1908 2900 1924 2931 1
1961 2884 2138 2949 gniter
2160 2893 2434 2950 gerentes,
2485 2884 2547 2935 ad
2595 2885 2870 2936 carnalem
2930 2893 2978 2934 et
3042 2887 3408 2950 vulttplartam

1913 2993 1930 3022 1
1970 2978 2130 3026 vitam
2165 2989 2358 3027 rursus
2419 2976 2612 3029 misere
2679 2985 3046 3029 revertuntur.
3109 2974 3402 3042 PrOpterea

1911 3086 1927 3114 ι
1967 3080 2095 3133 ergo
2122 3066 2310 3118 statuit
2341 3075 2526 3118 sancta
2563 3067 2823 3133 synodus,
2865 3074 2920 3117 ut
2970 3069 3274 3118 monastii-o
3312 3067 3408 3118 ha-

1905 3175 1922 3206 1
1960 3158 2072 3210 bitu
2105 3158 2249 3226 digni
2282 3157 2415 3210 nulli
2451 3166 2709 3224 putentur
2739 3196 2753 3220 ,
2805 3160 3125 3226 priusquam
3184 3160 3402 3210 triennii

1906 3267 1922 3298 1
1967 3259 2178 3317 tempus
2213 3249 2277 3301 ad
2307 3248 2698 3315 experientiam
2736 3249 2816 3301 eis
2849 3249 3100 3300 relictum
3147 3248 3408 3316 probatos

1908 3358 1925 3389 ι
1962 3355 2056 3393 eos
2085 3351 2207 3391 esse
2236 3345 2290 3390 et
2321 3337 2413 3390 tali
2448 3338 2555 3391 vita
2590 3338 2786 3405 dignos
2819 3335 3144 3388 ostenderit.
3197 3334 3259 3385 lit
3304 3337 3405 3387 hoc

1903 3448 1920 3479 1
1960 3429 2106 3482 omni
2140 3428 2304 3481 modo
2335 3429 2615 3481 observari
2653 3430 2932 3494 prmcepit,
2971 3438 3331 3495 praeterquam
3362 3429 3406 3480 si

1907 3539 1924 3570 ι
1963 3523 2142 3587 gravis
2195 3519 2396 3588 aliquis
2450 3519 2670 3574 merbus
2754 3520 2999 3573 incidens
3063 3519 3408 3586 probationis

1911 3629 1928 3661 1
1972 3620 2218 3680 tempora
2249 3611 2500 3664 contrahi
2535 3611 2775 3678 coegerit
2811 3625 2824 3663 :
2859 3610 2940 3663 vel
2991 3611 3094 3664 nisi
3143 3611 3267 3679 quis
3301 3612 3400 3662 ali-

1913 3720 1930 3752 1
1971 3703 2146 3755 cunde
2181 3702 2254 3755 sit
2281 3701 2363 3754 vir
2397 3701 2685 3769 religiosus
2731 3709 2786 3753 et
2829 3701 2994 3752 vitam
3053 3704 3406 3754 monasticam

1911 3811 1928 3843 1
1969 3798 2024 3844 in
2059 3793 2243 3844 habitu
2275 3793 2518 3844 smculari
2555 3799 2790 3858 peragat.
2825 3787 2942 3842 Tali
2975 3791 3118 3844 enim
3177 3791 3295 3843 viro
3330 3791 3397 3843 ad

1908 3902 1923 3934 1
1964 3882 2266 3936 absolutam
2302 3881 2686 3948 experientiam
2726 3891 2936 3949 tempus
2988 3890 3252 3936 semestre
3291 3883 3406 3937 suf-

1909 3994 1926 4024 ι
1965 3974 2129 4027 liciet.
2159 3972 2214 4024 Si
2245 3975 2367 4040 quis
2401 3983 2580 4025 autem
2616 3981 2808 4040 przeter
2844 3975 2954 4025 haec
3009 3975 3234 4039 fecerit,
3268 3990 3406 4042 prae-

1911 4084 1928 4115 1
1969 4069 2144 4118 lectus
2179 4065 2393 4133 quidem
2443 4063 2766 4132 praefectura
2821 4063 3079 4117 excidens
3128 4081 3408 4132 perperam

1918 4175 1935 4207 1
1973 4157 2246 4210 ohservati
2287 4155 2497 4210 ordinis
2527 4158 2920 4209 correctionem
2948 4196 2960 4218 ,
3013 4158 3063 4208 in
3103 4156 3410 4209 obedientia

1910 4267 1927 4298 1
1966 4258 2019 4301 et
2049 4247 2389 4316 subjectione
2435 4249 2906 4300 conversationem
2941 4285 2954 4309 ,
2999 4247 3280 4300 inveniat:
3316 4248 3409 4315 qui

1913 4358 1930 4391 1
1970 4347 2050 4392 est
2089 4349 2267 4392 autem
2306 4339 2355 4390 in
2392 4338 2498 4388 alio
2531 4338 2862 4390 monasterio
2923 4338 3222 4389 monachus
3249 4378 3264 4401 ,
3313 4339 3404 4390 alii

1918 4447 1935 4478 1
1974 4431 2309 4480 monasterio
2345 4428 2610 4487 tradatur,
2644 4427 2784 4495 quod
2833 4428 3185 4480 monasticam
3247 4429 3411 4480 disci-

1911 4538 1929 4568 1
1969 4521 2168 4586 plinatn
2204 4527 2458 4571 accurate
2501 4519 2843 4585 petfcclcquc
2877 4521 3148 4572 observet.
3190 4536 3206 4568 ι

1908 4608 2100 4660 BALS.
2133 4607 2388 4660 Nonnulli
2421 4625 2583 4675 δωρυ,
2625 4608 2878 4674 inquiunt
2906 4608 3096 4662 Patres
3129 4649 3143 4672 ,
3187 4618 3410 4676 propter

1833 4699 2180 4752 alllictionem
2211 4736 2225 4762 ,
2277 4700 2357 4750 vel
2387 4699 2548 4750 etiam
2586 4712 2680 4766 per
2710 4698 3098 4766 negligentiam
3128 4701 3363 4768 aliquam
3393 4739 3408 4764 ,

1835 4793 1996 4844 vitam
2041 4789 2397 4843 monasticam
2425 4788 2584 4842 facile
2617 4789 2938 4853 subeuntes,
2970 4799 3022 4843 et
3064 4791 3411 4844 exercitatio-

1831 4879 1913 4931 nis
1944 4878 2182 4931 laborem
2232 4875 2459 4929 suﬂ'erre
2520 4892 2623 4928 non
2679 4878 2922 4930 valentes
2955 4916 2968 4940 ,
3031 4881 3408 4944 pcenitentiam

1831 4974 2019 5038 agunt,
2053 4975 2108 5020 et
2145 4965 2209 5019 ad
2241 4968 2473 5035 priorem
2506 4967 2822 5020 smcularem
2878 4969 3090 5020 vivendi
3141 4970 3407 5021 rationem

150 5083 372 5138 φουσιν.
403 5068 627 5137 Ὠρισαν
661 5059 754 5116 οὖν
793 5063 996 5132 μηδένα
1027 5062 1418 5125 καταξιοῦσθαι
1444 5065 1538 5114 τοῦ
1564 5080 1732 5131 μονα-

1834 5069 2197 5116 revertuntur.
2239 5060 2558 5114 Statuerunt
2595 5075 2746 5129 ergo,
2785 5077 2850 5113 ne
2877 5063 3181 5115 monastico
3213 5063 3399 5115 habitu

155 5157 319 5227 χικοῦ
361 5157 641 5226 σχήματος
673 5154 780 5224 πρὸ
827 5154 1153 5222 δοκιμασίας
1194 5154 1286 5205 καὶ
1320 5153 1727 5217 κατεξετὰσεως

157 5254 260 5318 τῆς
288 5248 565 5316 διαγωγῆς
587 5249 680 5300 τοῦ
713 5246 1002 5315 ζητοῦντος
1037 5245 1197 5298 αὑτό·
1231 5245 1345 5298 ἀλλ’
1374 5247 1467 5298 ἐπὶ
1491 5246 1731 5315 τριετίαν

160 5339 577 5410 δοκιμάζεσθαι,
641 5338 736 5389 καὶ
785 5334 930 5388 οὓτω
972 5333 1270 5403 λαμϐάνειν
1319 5335 1381 5385 τὸ
1438 5333 1728 5403 μοναχικὸν

163 5433 370 5501 σχῆμα.
407 5430 611 5482 Τούτου
636 5429 745 5498 γὰρ
777 5427 920 5479 οὕτω
946 5426 1257 5494 γινομένου,
1313 5426 1474 5487 αὑτός
1535 5441 1591 5475 τε
1643 5424 1730 5476 διὰ

160 5526 262 5594 τὴν
295 5521 588 5594 ὀλιγωρίαν
617 5523 679 5574 οὑ
722 5519 1256 5591 μεταμεληθήσεται,
1291 5519 1409 5570 ἀλλ’
1451 5515 1727 5586 δλοψύχως

1829 5159 2027 5228 dignus
2066 5155 2186 5225 quis
2221 5155 2579 5217 existimetur,
2614 5164 2738 5208 ante
2773 5155 3150 5223 probationem
3185 5167 3237 5210 ct
3262 5172 3393 5209 exa-

1832 5250 2183 5304 minationem
2213 5247 2330 5316 ejus
2390 5247 2483 5316 qui
2538 5245 2714 5315 ipsum
2769 5249 2962 5314 petiit:
3019 5248 3111 5302 sed
3175 5249 3410 5301 triennio

1837 5338 2116 5406 probetur,
2142 5346 2194 5390 et
2219 5338 2297 5391 sic
2339 5338 2704 5390 monasticum
2731 5336 2974 5390 habitum
3013 5338 3265 5406 accipiat.
3296 5338 3406 5389 Hoc

1839 5428 1983 5480 enim
2010 5428 2082 5480 ita
2116 5427 2278 5489 facto,
2312 5443 2412 5480 nec
2445 5429 2554 5494 ipse
2573 5437 2792 5496 propter
2820 5427 3199 5497 negligentiam
3235 5429 3408 5496 νωιιὶ-

1841 5519 2009 5573 tenlia
2083 5527 2369 5586 tangetur,
2433 5518 2522 5570 sed
2573 5520 2933 5572 monasticam
2987 5519 3228 5572 habitum
3294 5528 3412 5571 toto

1390 5616 1578 5677 Guill.
1618 5617 1938 5692 Beveregii
1985 5624 2173 5676 noun.

242 5719 353 5789 (49)
385 5719 766 5788 Φιλόσαρκον
787 5721 883 5773 καὶ
920 5719 1227 5788 ήδονικόν.
1263 5720 1343 5774 lla
1375 5737 1496 5773 cum
1534 5720 1721 5775 codice

1834 5722 2064 5775 alii-iano
2111 5721 2236 5788 legit
2265 5718 2426 5774 etiam
2465 5720 2955 5776 Amerbachianus.
3019 5721 3074 5775 ln
3119 5722 3410 5776 l‘arisicnsi

167 5794 404 5850 editione
433 5801 516 5847 est
542 5791 868 5862 φιλόσαρκον
893 5791 926 5862 ἢ
965 5791 1274 5862 φιλήδονον.
