  <div class='ocr_page' id='page_1' title='image "/cluster/home/n/w/nwhite01/storage/ocr_20150623/137/nnc1.0046979786/554.png"; bbox 0 0 4166 6438; ppageno 0'>
   <div class='ocr_carea' id='block_1_1' title="bbox 190 432 331 496">
    <p class='ocr_par' dir='ltr' id='par_1_1' title="bbox 190 432 331 496">
     <span class='ocr_line' id='line_1_1' title="bbox 190 432 331 496; baseline 0.014 -5"><span class='ocrx_word' id='word_1_1' title='bbox 190 432 208 491; x_wconf 83' lang='grc'>1</span> <span class='ocrx_word' id='word_1_2' title='bbox 224 434 331 496; x_wconf 66' lang='grc'><strong>029</strong></span> 
     </span>
    </p>
   </div>
   <div class='ocr_carea' id='block_1_2' title="bbox 1412 437 2256 506">
    <p class='ocr_par' dir='ltr' id='par_1_2' title="bbox 1412 437 2256 506">
     <span class='ocr_line' id='line_1_2' title="bbox 1412 437 2256 506; baseline 0.012 -10"><span class='ocrx_word' id='word_1_3' title='bbox 1412 438 1494 499; x_wconf 81' lang='lat' dir='ltr'><strong>lN</strong></span> <span class='ocrx_word' id='word_1_4' title='bbox 1535 437 1694 501; x_wconf 69' lang='lat' dir='ltr'><strong>CAN.</strong></span> <span class='ocrx_word' id='word_1_5' title='bbox 1727 442 1766 500; x_wconf 73' lang='grc' dir='ltr'><strong>ι’</strong></span> <span class='ocrx_word' id='word_1_6' title='bbox 1811 443 2016 503; x_wconf 72' lang='grc' dir='ltr'><strong>(ὊΝΟ.</strong></span> <span class='ocrx_word' id='word_1_7' title='bbox 2052 445 2256 506; x_wconf 76' lang='lat' dir='ltr'><strong>CPOL.</strong></span> 
     </span>
    </p>
   </div>
   <div class='ocr_carea' id='block_1_3' title="bbox 3310 447 3448 508">
    <p class='ocr_par' dir='ltr' id='par_1_3' title="bbox 3310 447 3448 508">
     <span class='ocr_line' id='line_1_3' title="bbox 3310 447 3448 508; baseline 0 -1"><span class='ocrx_word' id='word_1_8' title='bbox 3310 447 3448 508; x_wconf 77' lang='lat'><strong>1030</strong></span> 
     </span>
    </p>
   </div>
   <div class='ocr_carea' id='block_1_4' title="bbox 184 542 1772 625">
    <p class='ocr_par' dir='ltr' id='par_1_4' title="bbox 184 542 1768 614">
     <span class='ocr_line' id='line_1_4' title="bbox 184 542 1768 614; baseline 0.004 -23"><span class='ocrx_word' id='word_1_9' title='bbox 184 543 555 608; x_wconf 69' lang='grc' dir='ltr'><strong>ἐνδυσάμενος</strong></span> <span class='ocrx_word' id='word_1_10' title='bbox 624 542 685 594; x_wconf 77' lang='grc' dir='ltr'>οὗ</span> <span class='ocrx_word' id='word_1_11' title='bbox 721 545 1258 614; x_wconf 63' lang='grc' dir='ltr'><strong>παρειχωρηῦήτεται</strong></span> <span class='ocrx_word' id='word_1_12' title='bbox 1311 545 1439 612; x_wconf 75' lang='grc' dir='ltr'><strong>χθὲς</strong></span> <span class='ocrx_word' id='word_1_13' title='bbox 1483 547 1582 614; x_wconf 71' lang='grc' dir='ltr'>μὲν</span> <span class='ocrx_word' id='word_1_14' title='bbox 1625 548 1768 599; x_wconf 66' lang='grc' dir='ltr'><strong>κατὰ</strong></span> 
     </span>
    </p>
   </div>
   <div class='ocr_carea' id='block_1_5' title="bbox 1876 542 3444 625">
    <p class='ocr_par' dir='ltr' id='par_1_5' title="bbox 1876 552 3444 625">
     <span class='ocr_line' id='line_1_5' title="bbox 1876 552 3444 625; baseline 0.006 -22"><span class='ocrx_word' id='word_1_15' title='bbox 1876 553 2231 606; x_wconf 82' lang='lat' dir='ltr'><strong>monasticum</strong></span> <span class='ocrx_word' id='word_1_16' title='bbox 2271 552 2487 620; x_wconf 77' lang='lat' dir='ltr'><strong>induit,</strong></span> <span class='ocrx_word' id='word_1_17' title='bbox 2517 555 2566 609; x_wconf 90' lang='lat' dir='ltr'><strong>ei</strong></span> <span class='ocrx_word' id='word_1_18' title='bbox 2618 572 2726 610; x_wconf 91' lang='lat' dir='ltr'><strong>non</strong></span> <span class='ocrx_word' id='word_1_19' title='bbox 2785 557 3165 625; x_wconf 87' lang='lat' dir='ltr'><strong>pcrmittetur,</strong></span> <span class='ocrx_word' id='word_1_20' title='bbox 3230 565 3288 609; x_wconf 92' lang='lat' dir='ltr'><strong>nt</strong></span> <span class='ocrx_word' id='word_1_21' title='bbox 3332 559 3444 612; x_wconf 78' lang='lat' dir='ltr'><strong>heri</strong></span> 
     </span>
    </p>
   </div>
   <div class='ocr_carea' id='block_1_6' title="bbox 188 632 1770 707">
    <p class='ocr_par' dir='ltr' id='par_1_6' title="bbox 188 632 1770 707">
     <span class='ocr_line' id='line_1_6' title="bbox 188 632 1770 707; baseline 0.006 -26"><span class='ocrx_word' id='word_1_22' title='bbox 188 632 464 700; x_wconf 80' lang='grc' dir='ltr'><strong>μοναχοὺς</strong></span> <span class='ocrx_word' id='word_1_23' title='bbox 499 634 593 685; x_wconf 72' lang='grc' dir='ltr'>ἐπὶ</span> <span class='ocrx_word' id='word_1_24' title='bbox 632 635 841 704; x_wconf 74' lang='grc' dir='ltr'><strong>ἀγορᾶς</strong></span> <span class='ocrx_word' id='word_1_25' title='bbox 891 636 1356 705; x_wconf 70' lang='grc' dir='ltr'><strong>ἀναστρέφεσθαι,</strong></span> <span class='ocrx_word' id='word_1_26' title='bbox 1421 640 1664 707; x_wconf 80' lang='grc' dir='ltr'><strong>σήμερον</strong></span> <span class='ocrx_word' id='word_1_27' title='bbox 1715 642 1770 691; x_wconf 77' lang='grc' dir='ltr'><strong>δὲ</strong></span> 
     </span>
    </p>
   </div>
   <div class='ocr_carea' id='block_1_7' title="bbox 186 724 1772 796">
    <p class='ocr_par' dir='ltr' id='par_1_7' title="bbox 186 724 1772 796">
     <span class='ocr_line' id='line_1_7' title="bbox 186 724 1772 796; baseline 0.009 -27"><span class='ocrx_word' id='word_1_28' title='bbox 186 725 330 773; x_wconf 69' lang='grc' dir='ltr'><strong>κατὰ</strong></span> <span class='ocrx_word' id='word_1_29' title='bbox 358 724 575 784; x_wconf 61' lang='grc' dir='ltr'><strong>λαΐνους</strong></span> <span class='ocrx_word' id='word_1_30' title='bbox 598 724 1003 791; x_wconf 78' lang='grc' dir='ltr'><strong>θεατρίζεσθαι,</strong></span> <span class='ocrx_word' id='word_1_31' title='bbox 1043 727 1136 778; x_wconf 72' lang='grc' dir='ltr'><strong>καὶ</strong></span> <span class='ocrx_word' id='word_1_32' title='bbox 1167 724 1277 780; x_wconf 52' lang='grc' dir='ltr'>οἷον</span> <span class='ocrx_word' id='word_1_33' title='bbox 1304 729 1600 796; x_wconf 77' lang='grc' dir='ltr'>ἐμπαίζειν</span> <span class='ocrx_word' id='word_1_34' title='bbox 1631 733 1772 784; x_wconf 76' lang='grc' dir='ltr'><strong>κατὰ</strong></span> 
     </span>
    </p>
   </div>
   <div class='ocr_carea' id='block_1_8' title="bbox 188 814 1772 892">
    <p class='ocr_par' dir='ltr' id='par_1_8' title="bbox 188 814 1772 892">
     <span class='ocr_line' id='line_1_8' title="bbox 188 814 1772 892; baseline 0.008 -29"><span class='ocrx_word' id='word_1_35' title='bbox 188 815 491 882; x_wconf 71' lang='grc' dir='ltr'><strong>σκηνικοὺς</strong></span> <span class='ocrx_word' id='word_1_36' title='bbox 523 814 583 865; x_wconf 62' lang='grc' dir='ltr'><strong>τὸ</strong></span> <span class='ocrx_word' id='word_1_37' title='bbox 610 815 763 881; x_wconf 78' lang='grc' dir='ltr'><strong>ἅγιον</strong></span> <span class='ocrx_word' id='word_1_38' title='bbox 788 818 973 886; x_wconf 81' lang='grc' dir='ltr'><strong>σχῆμα</strong></span> <span class='ocrx_word' id='word_1_39' title='bbox 999 834 1013 848; x_wconf 74' lang='grc' dir='ltr'><strong>ο</strong></span> <span class='ocrx_word' id='word_1_40' title='bbox 1085 819 1288 888; x_wconf 82' lang='grc' dir='ltr'><strong>μᾶλλον</strong></span> <span class='ocrx_word' id='word_1_41' title='bbox 1332 820 1431 888; x_wconf 81' lang='grc' dir='ltr'><strong>μὲν</strong></span> <span class='ocrx_word' id='word_1_42' title='bbox 1465 815 1561 874; x_wconf 82' lang='grc' dir='ltr'><strong>οὖν</strong></span> <span class='ocrx_word' id='word_1_43' title='bbox 1600 823 1772 892; x_wconf 86' lang='grc' dir='ltr'><strong>ἀναγ-</strong></span> 
     </span>
    </p>
   </div>
   <div class='ocr_carea' id='block_1_9' title="bbox 187 901 1771 978">
    <p class='ocr_par' dir='ltr' id='par_1_9' title="bbox 187 901 1771 978">
     <span class='ocr_line' id='line_1_9' title="bbox 187 901 1771 978; baseline 0.007 -24"><span class='ocrx_word' id='word_1_44' title='bbox 187 901 536 966; x_wconf 78' lang='grc' dir='ltr'><strong>κασθήσεται</strong></span> <span class='ocrx_word' id='word_1_45' title='bbox 599 907 697 957; x_wconf 81' lang='grc' dir='ltr'><strong>καὶ</strong></span> <span class='ocrx_word' id='word_1_46' title='bbox 759 906 911 958; x_wconf 79' lang='grc' dir='ltr'><strong>ἄκων</strong></span> <span class='ocrx_word' id='word_1_47' title='bbox 972 909 1342 976; x_wconf 81' lang='grc' dir='ltr'><strong>ἀποκαρῆναι.</strong></span> <span class='ocrx_word' id='word_1_48' title='bbox 1401 912 1669 978; x_wconf 77' lang='grc' dir='ltr'><strong>Λέγοντες</strong></span> <span class='ocrx_word' id='word_1_49' title='bbox 1714 913 1771 965; x_wconf 76' lang='grc' dir='ltr'><strong>δὲ</strong></span> 
     </span>
    </p>
   </div>
   <div class='ocr_carea' id='block_1_10' title="bbox 182 997 1771 1072">
    <p class='ocr_par' dir='ltr' id='par_1_10' title="bbox 182 997 1771 1072">
     <span class='ocr_line' id='line_1_10' title="bbox 182 997 1771 1072; baseline 0.008 -27"><span class='ocrx_word' id='word_1_50' title='bbox 182 997 365 1048; x_wconf 81' lang='grc' dir='ltr'><strong>ταῦτα</strong></span> <span class='ocrx_word' id='word_1_51' title='bbox 393 998 806 1060; x_wconf 75' lang='grc' dir='ltr'><strong>κατεσκεύαζον</strong></span> <span class='ocrx_word' id='word_1_52' title='bbox 848 1000 942 1052; x_wconf 68' lang='grc' dir='ltr'><strong>τὸν</strong></span> <span class='ocrx_word' id='word_1_53' title='bbox 993 1001 1149 1068; x_wconf 74' lang='grc' dir='ltr'><strong>λόγον</strong></span> <span class='ocrx_word' id='word_1_54' title='bbox 1190 1001 1370 1054; x_wconf 82' lang='grc' dir='ltr'><strong>αὐτῶν</strong></span> <span class='ocrx_word' id='word_1_55' title='bbox 1409 1004 1516 1057; x_wconf 83' lang='grc' dir='ltr'><strong>ἀπὸ</strong></span> <span class='ocrx_word' id='word_1_56' title='bbox 1573 1005 1668 1058; x_wconf 81' lang='grc' dir='ltr'><strong>τοῦ</strong></span> <span class='ocrx_word' id='word_1_57' title='bbox 1721 1004 1771 1072; x_wconf 83' lang='grc' dir='ltr'><strong>γ’</strong></span> 
     </span>
    </p>
   </div>
   <div class='ocr_carea' id='block_1_11' title="bbox 188 1090 1774 1166">
    <p class='ocr_par' dir='ltr' id='par_1_11' title="bbox 188 1090 1774 1166">
     <span class='ocr_line' id='line_1_11' title="bbox 188 1090 1774 1166; baseline 0.009 -28"><span class='ocrx_word' id='word_1_58' title='bbox 188 1107 317 1158; x_wconf 72' lang='grc' dir='ltr'><strong>κεφ.</strong></span> <span class='ocrx_word' id='word_1_59' title='bbox 347 1091 441 1141; x_wconf 82' lang='grc' dir='ltr'><strong>τοῦ</strong></span> <span class='ocrx_word' id='word_1_60' title='bbox 499 1097 568 1142; x_wconf 85' lang='grc' dir='ltr'><strong>ια’</strong></span> <span class='ocrx_word' id='word_1_61' title='bbox 607 1091 787 1144; x_wconf 83' lang='grc' dir='ltr'><strong>τίτλου</strong></span> <span class='ocrx_word' id='word_1_62' title='bbox 818 1090 912 1143; x_wconf 76' lang='grc' dir='ltr'><strong>τοῦ</strong></span> <span class='ocrx_word' id='word_1_63' title='bbox 954 1095 1219 1161; x_wconf 73' lang='grc' dir='ltr'><strong>παρόντος</strong></span> <span class='ocrx_word' id='word_1_64' title='bbox 1249 1096 1652 1166; x_wconf 81' lang='grc' dir='ltr'><strong>συντάγματος,</strong></span> <span class='ocrx_word' id='word_1_65' title='bbox 1682 1098 1774 1152; x_wconf 82' lang='grc' dir='ltr'><strong>λέ·</strong></span> 
     </span>
    </p>
   </div>
   <div class='ocr_carea' id='block_1_12' title="bbox 195 1183 1773 1256">
    <p class='ocr_par' dir='ltr' id='par_1_12' title="bbox 195 1183 1773 1256">
     <span class='ocr_line' id='line_1_12' title="bbox 195 1183 1773 1256; baseline 0.01 -25"><span class='ocrx_word' id='word_1_66' title='bbox 195 1199 380 1248; x_wconf 66' lang='grc' dir='ltr'><strong>ίοντος</strong></span> <span class='ocrx_word' id='word_1_67' title='bbox 411 1184 541 1253; x_wconf 79' lang='grc' dir='ltr'><strong>περὶ</strong></span> <span class='ocrx_word' id='word_1_68' title='bbox 572 1185 668 1247; x_wconf 73' lang='grc' dir='ltr'><strong>τὰς</strong></span> <span class='ocrx_word' id='word_1_69' title='bbox 701 1183 877 1254; x_wconf 75' lang='grc' dir='ltr'><strong>ἀρχὰς</strong></span> <span class='ocrx_word' id='word_1_70' title='bbox 937 1185 1109 1249; x_wconf 74' lang='grc' dir='ltr'><strong>οὕτως</strong></span> <span class='ocrx_word' id='word_1_71' title='bbox 1138 1204 1151 1218; x_wconf 89' lang='grc'><strong>·</strong></span> <span class='ocrx_word' id='word_1_72' title='bbox 1194 1188 1257 1242; x_wconf 83' lang='lat' dir='ltr'><strong>&#39;ll</strong></span> <span class='ocrx_word' id='word_1_73' title='bbox 1298 1188 1352 1240; x_wconf 70' lang='grc' dir='ltr'><strong>δὲ</strong></span> <span class='ocrx_word' id='word_1_74' title='bbox 1418 1196 1486 1256; x_wconf 76' lang='grc' dir='ltr'><strong>ιγ’</strong></span> <span class='ocrx_word' id='word_1_75' title='bbox 1526 1190 1773 1256; x_wconf 77' lang='grc' dir='ltr'><strong>διάταξις</strong></span> 
     </span>
    </p>
   </div>
   <div class='ocr_carea' id='block_1_13' title="bbox 193 1273 1770 1356">
    <p class='ocr_par' dir='ltr' id='par_1_13' title="bbox 193 1273 1770 1356">
     <span class='ocr_line' id='line_1_13' title="bbox 193 1273 1770 1356; baseline 0.011 -34"><span class='ocrx_word' id='word_1_76' title='bbox 193 1273 284 1324; x_wconf 77' lang='grc' dir='ltr'><strong>τοῦ</strong></span> <span class='ocrx_word' id='word_1_77' title='bbox 313 1279 361 1325; x_wconf 87' lang='grc' dir='ltr'><strong>α’</strong></span> <span class='ocrx_word' id='word_1_78' title='bbox 397 1275 579 1325; x_wconf 84' lang='grc' dir='ltr'><strong>τίτλου</strong></span> <span class='ocrx_word' id='word_1_79' title='bbox 623 1277 749 1342; x_wconf 37' lang='grc' dir='ltr'><strong>,τῶν</strong></span> <span class='ocrx_word' id='word_1_80' title='bbox 793 1277 1024 1347; x_wconf 85' lang='grc' dir='ltr'><strong>Νεαρῶν</strong></span> <span class='ocrx_word' id='word_1_81' title='bbox 1067 1297 1237 1349; x_wconf 88' lang='grc' dir='ltr'><strong>φησιν</strong></span> <span class='ocrx_word' id='word_1_82' title='bbox 1291 1281 1372 1334; x_wconf 70' lang='grc' dir='ltr'><strong>ὅτι</strong></span> <span class='ocrx_word' id='word_1_83' title='bbox 1408 1285 1456 1336; x_wconf 80' lang='grc' dir='ltr'><strong>οἱ</strong></span> <span class='ocrx_word' id='word_1_84' title='bbox 1513 1287 1770 1356; x_wconf 78' lang='grc' dir='ltr'><strong>παραμέ-</strong></span> 
     </span>
    </p>
   </div>
   <div class='ocr_carea' id='block_1_14' title="bbox 191 1370 1763 1448">
    <p class='ocr_par' dir='ltr' id='par_1_14' title="bbox 191 1370 1763 1448">
     <span class='ocr_line' id='line_1_14' title="bbox 191 1370 1763 1448; baseline 0.008 -31"><span class='ocrx_word' id='word_1_85' title='bbox 191 1385 372 1430; x_wconf 69' lang='grc' dir='ltr'><strong>νοντες</strong></span> <span class='ocrx_word' id='word_1_86' title='bbox 400 1370 478 1430; x_wconf 85' lang='grc' dir='ltr'><strong>εἰς</strong></span> <span class='ocrx_word' id='word_1_87' title='bbox 517 1372 732 1441; x_wconf 77' lang='grc' dir='ltr'><strong>μονήρη</strong></span> <span class='ocrx_word' id='word_1_88' title='bbox 769 1372 904 1442; x_wconf 84' lang='grc' dir='ltr'><strong>βίον,</strong></span> <span class='ocrx_word' id='word_1_89' title='bbox 945 1374 1056 1425; x_wconf 81' lang='grc' dir='ltr'><strong>εἴτε</strong></span> <span class='ocrx_word' id='word_1_90' title='bbox 1093 1375 1368 1448; x_wconf 77' lang='grc' dir='ltr'><strong>ἐλεύθεροι</strong></span> <span class='ocrx_word' id='word_1_91' title='bbox 1404 1378 1515 1430; x_wconf 75' lang='grc' dir='ltr'><strong>εἴτε</strong></span> <span class='ocrx_word' id='word_1_92' title='bbox 1564 1379 1763 1444; x_wconf 85' lang='grc' dir='ltr'><strong>δοῦλοι,</strong></span> 
     </span>
    </p>
   </div>
   <div class='ocr_carea' id='block_1_15' title="bbox 187 1461 1769 1540">
    <p class='ocr_par' dir='ltr' id='par_1_15' title="bbox 187 1461 1769 1540">
     <span class='ocr_line' id='line_1_15' title="bbox 187 1461 1769 1540; baseline 0.009 -31"><span class='ocrx_word' id='word_1_93' title='bbox 187 1461 462 1528; x_wconf 75' lang='grc' dir='ltr'><strong>πρότερον</strong></span> <span class='ocrx_word' id='word_1_94' title='bbox 494 1465 742 1531; x_wconf 76' lang='grc' dir='ltr'><strong>τριετίαν</strong></span> <span class='ocrx_word' id='word_1_95' title='bbox 803 1469 1426 1537; x_wconf 78' lang='grc' dir='ltr'><strong>προσκαρτερείτωσαν,</strong></span> <span class='ocrx_word' id='word_1_96' title='bbox 1481 1472 1656 1540; x_wconf 77' lang='grc' dir='ltr'><strong>κουρᾷ</strong></span> <span class='ocrx_word' id='word_1_97' title='bbox 1709 1487 1769 1523; x_wconf 81' lang='grc' dir='ltr'><strong>τε</strong></span> 
     </span>
    </p>
   </div>
   <div class='ocr_carea' id='block_1_16' title="bbox 188 1551 1771 1631">
    <p class='ocr_par' dir='ltr' id='par_1_16' title="bbox 188 1551 1771 1631">
     <span class='ocr_line' id='line_1_16' title="bbox 188 1551 1771 1631; baseline 0.008 -30"><span class='ocrx_word' id='word_1_98' title='bbox 188 1551 287 1603; x_wconf 79' lang='grc' dir='ltr'><strong>καὶ</strong></span> <span class='ocrx_word' id='word_1_99' title='bbox 314 1552 506 1622; x_wconf 79' lang='grc' dir='ltr'><strong>ἐσθῆτι</strong></span> <span class='ocrx_word' id='word_1_100' title='bbox 547 1554 822 1624; x_wconf 84' lang='grc' dir='ltr'><strong>χρώμενοι</strong></span> <span class='ocrx_word' id='word_1_101' title='bbox 852 1558 963 1608; x_wconf 81' lang='grc' dir='ltr'><strong>τῶν</strong></span> <span class='ocrx_word' id='word_1_102' title='bbox 993 1558 1221 1620; x_wconf 84' lang='grc' dir='ltr'><strong>λαῖκῶν,</strong></span> <span class='ocrx_word' id='word_1_103' title='bbox 1272 1560 1363 1612; x_wconf 71' lang='grc' dir='ltr'><strong>καὶ</strong></span> <span class='ocrx_word' id='word_1_104' title='bbox 1403 1561 1502 1624; x_wconf 75' lang='grc' dir='ltr'><strong>τὰς</strong></span> <span class='ocrx_word' id='word_1_105' title='bbox 1544 1562 1771 1631; x_wconf 45' lang='grc' dir='ltr'><strong>Γραλεὰς</strong></span> 
     </span>
    </p>
   </div>
   <div class='ocr_carea' id='block_1_17' title="bbox 186 1643 1767 1721">
    <p class='ocr_par' dir='ltr' id='par_1_17' title="bbox 186 1643 1767 1721">
     <span class='ocr_line' id='line_1_17' title="bbox 186 1643 1767 1721; baseline 0.005 -25"><span class='ocrx_word' id='word_1_106' title='bbox 186 1643 580 1710; x_wconf 79' lang='grc' dir='ltr'><strong>μανθάνοντες,</strong></span> <span class='ocrx_word' id='word_1_107' title='bbox 615 1647 708 1698; x_wconf 80' lang='grc' dir='ltr'><strong>καὶ</strong></span> <span class='ocrx_word' id='word_1_108' title='bbox 744 1647 844 1717; x_wconf 76' lang='grc' dir='ltr'><strong>τὴν</strong></span> <span class='ocrx_word' id='word_1_109' title='bbox 894 1648 1068 1719; x_wconf 87' lang='grc' dir='ltr'><strong>τύχην</strong></span> <span class='ocrx_word' id='word_1_110' title='bbox 1112 1651 1296 1703; x_wconf 79' lang='grc' dir='ltr'><strong>αὐτῶν</strong></span> <span class='ocrx_word' id='word_1_111' title='bbox 1337 1652 1767 1721; x_wconf 73' lang='grc' dir='ltr'><strong>’ὁμολογοῦντες,</strong></span> 
     </span>
    </p>
   </div>
   <div class='ocr_carea' id='block_1_18' title="bbox 186 1735 1770 1815">
    <p class='ocr_par' dir='ltr' id='par_1_18' title="bbox 186 1735 1770 1815">
     <span class='ocr_line' id='line_1_18' title="bbox 186 1735 1770 1815; baseline 0.008 -29"><span class='ocrx_word' id='word_1_112' title='bbox 186 1737 285 1786; x_wconf 73' lang='grc' dir='ltr'><strong>καὶ</strong></span> <span class='ocrx_word' id='word_1_113' title='bbox 314 1735 414 1804; x_wconf 74' lang='grc' dir='ltr'><strong>τὴν</strong></span> <span class='ocrx_word' id='word_1_114' title='bbox 452 1737 638 1788; x_wconf 77' lang='grc' dir='ltr'><strong>αἰτίαν</strong></span> <span class='ocrx_word' id='word_1_115' title='bbox 667 1739 758 1790; x_wconf 80' lang='grc' dir='ltr'><strong>τοῦ</strong></span> <span class='ocrx_word' id='word_1_116' title='bbox 798 1739 976 1792; x_wconf 81' lang='grc' dir='ltr'>θέλειν</span> <span class='ocrx_word' id='word_1_117' title='bbox 1008 1742 1267 1809; x_wconf 77' lang='grc' dir='ltr'><strong>μονὰσαι.</strong></span> <span class='ocrx_word' id='word_1_118' title='bbox 1310 1745 1526 1815; x_wconf 82' lang='grc' dir='ltr'><strong>μήποτε</strong></span> <span class='ocrx_word' id='word_1_119' title='bbox 1553 1745 1770 1814; x_wconf 84' lang='grc' dir='ltr'><strong>πονηρά</strong></span> 
     </span>
    </p>
   </div>
   <div class='ocr_carea' id='block_1_19' title="bbox 183 1825 1767 1905">
    <p class='ocr_par' dir='ltr' id='par_1_19' title="bbox 183 1825 1767 1905">
     <span class='ocr_line' id='line_1_19' title="bbox 183 1825 1767 1905; baseline 0.009 -31"><span class='ocrx_word' id='word_1_120' title='bbox 183 1825 332 1890; x_wconf 73' lang='grc' dir='ltr'><strong>ἐστι,</strong></span> <span class='ocrx_word' id='word_1_121' title='bbox 365 1827 459 1878; x_wconf 74' lang='grc' dir='ltr'><strong>καὶ</strong></span> <span class='ocrx_word' id='word_1_122' title='bbox 488 1829 956 1883; x_wconf 83' lang='grc' dir='ltr'><strong>νουθετείσοωσαν</strong></span> <span class='ocrx_word' id='word_1_123' title='bbox 983 1849 996 1862; x_wconf 77' lang='grc' dir='ltr'><strong>ο</strong></span> <span class='ocrx_word' id='word_1_124' title='bbox 1033 1831 1129 1884; x_wconf 59' lang='grc' dir='ltr'><strong>καί⁵</strong></span> <span class='ocrx_word' id='word_1_125' title='bbox 1150 1834 1199 1885; x_wconf 82' lang='grc' dir='ltr'><strong>εί</strong></span> <span class='ocrx_word' id='word_1_126' title='bbox 1224 1838 1767 1905; x_wconf 75' lang='grc' dir='ltr'><strong>προσκαρτερήσουσι</strong></span> 
     </span>
    </p>
   </div>
   <div class='ocr_carea' id='block_1_20' title="bbox 181 1915 1768 1994">
    <p class='ocr_par' dir='ltr' id='par_1_20' title="bbox 181 1915 1768 1994">
     <span class='ocr_line' id='line_1_20' title="bbox 181 1915 1768 1994; baseline 0.008 -27"><span class='ocrx_word' id='word_1_127' title='bbox 181 1915 294 1985; x_wconf 77' lang='grc' dir='ltr'><strong>τὴν</strong></span> <span class='ocrx_word' id='word_1_128' title='bbox 329 1919 578 1988; x_wconf 77' lang='grc' dir='ltr'><strong>τριετίαν</strong></span> <span class='ocrx_word' id='word_1_129' title='bbox 631 1922 726 1973; x_wconf 76' lang='grc' dir='ltr'><strong>καὶ</strong></span> <span class='ocrx_word' id='word_1_130' title='bbox 763 1922 905 1986; x_wconf 81' lang='grc' dir='ltr'><strong>ἄξιοι</strong></span> <span class='ocrx_word' id='word_1_131' title='bbox 936 1925 1150 1992; x_wconf 86' lang='grc' dir='ltr'><strong>φανῶσι</strong></span> <span class='ocrx_word' id='word_1_132' title='bbox 1182 1925 1279 1976; x_wconf 85' lang='grc' dir='ltr'><strong>τοῦ</strong></span> <span class='ocrx_word' id='word_1_133' title='bbox 1349 1927 1600 1994; x_wconf 77' lang='grc' dir='ltr'><strong>μονάσαι,</strong></span> <span class='ocrx_word' id='word_1_134' title='bbox 1647 1928 1768 1980; x_wconf 80' lang='grc' dir='ltr'><strong>τότε</strong></span> 
     </span>
    </p>
   </div>
   <div class='ocr_carea' id='block_1_21' title="bbox 184 2006 1772 2086">
    <p class='ocr_par' dir='ltr' id='par_1_21' title="bbox 184 2006 1772 2086">
     <span class='ocr_line' id='line_1_21' title="bbox 184 2006 1772 2086; baseline 0.011 -31"><span class='ocrx_word' id='word_1_135' title='bbox 184 2006 587 2076; x_wconf 75' lang='grc' dir='ltr'><strong>κειρέσθωσαν.</strong></span> <span class='ocrx_word' id='word_1_136' title='bbox 620 2011 728 2065; x_wconf 79' lang='grc' dir='ltr'><strong>Καὶ</strong></span> <span class='ocrx_word' id='word_1_137' title='bbox 756 2011 948 2081; x_wconf 79' lang='grc' dir='ltr'><strong>ἦθελον</strong></span> <span class='ocrx_word' id='word_1_138' title='bbox 979 2015 1042 2066; x_wconf 81' lang='grc' dir='ltr'>ἐκ</span> <span class='ocrx_word' id='word_1_139' title='bbox 1085 2014 1292 2082; x_wconf 83' lang='grc' dir='ltr'><strong>ταύτης</strong></span> <span class='ocrx_word' id='word_1_140' title='bbox 1326 2015 1567 2086; x_wconf 80' lang='grc' dir='ltr'><strong>Νεαρᾶς,</strong></span> <span class='ocrx_word' id='word_1_141' title='bbox 1605 2017 1772 2086; x_wconf 78' lang='grc' dir='ltr'><strong>οὕσης</strong></span> 
     </span>
    </p>
   </div>
   <div class='ocr_carea' id='block_1_22' title="bbox 196 2097 1773 2175">
    <p class='ocr_par' dir='ltr' id='par_1_22' title="bbox 196 2097 1773 2175">
     <span class='ocr_line' id='line_1_22' title="bbox 196 2097 1773 2175; baseline 0.006 -25"><span class='ocrx_word' id='word_1_142' title='bbox 196 2097 673 2165; x_wconf 83' lang='grc' dir='ltr'><strong>Ἰουστινιανείου,</strong></span> <span class='ocrx_word' id='word_1_143' title='bbox 708 2103 806 2172; x_wconf 82' lang='grc' dir='ltr'><strong>τὴν</strong></span> <span class='ocrx_word' id='word_1_144' title='bbox 836 2104 1071 2174; x_wconf 76' lang='grc' dir='ltr'><strong>δοκιμὴν</strong></span> <span class='ocrx_word' id='word_1_145' title='bbox 1104 2105 1356 2174; x_wconf 86' lang='grc' dir='ltr'><strong>γίνεσθαι</strong></span> <span class='ocrx_word' id='word_1_146' title='bbox 1397 2107 1537 2175; x_wconf 77' lang='grc' dir='ltr'><strong>μετὰ</strong></span> <span class='ocrx_word' id='word_1_147' title='bbox 1568 2108 1773 2160; x_wconf 80' lang='grc' dir='ltr'><strong>λαῖκῶν</strong></span> 
     </span>
    </p>
   </div>
   <div class='ocr_carea' id='block_1_23' title="bbox 184 2190 1772 2266">
    <p class='ocr_par' dir='ltr' id='par_1_23' title="bbox 184 2190 1772 2266">
     <span class='ocr_line' id='line_1_23' title="bbox 184 2190 1772 2266; baseline 0.008 -27"><span class='ocrx_word' id='word_1_148' title='bbox 184 2190 438 2260; x_wconf 82' lang='grc' dir='ltr'><strong>ὰμφίων.</strong></span> <span class='ocrx_word' id='word_1_149' title='bbox 495 2194 862 2263; x_wconf 84' lang='grc' dir='ltr'><strong>Προσετίθουν</strong></span> <span class='ocrx_word' id='word_1_150' title='bbox 895 2196 951 2248; x_wconf 87' lang='grc' dir='ltr'><strong>δὲ</strong></span> <span class='ocrx_word' id='word_1_151' title='bbox 985 2195 1079 2260; x_wconf 80' lang='grc' dir='ltr'><strong>ὡς,</strong></span> <span class='ocrx_word' id='word_1_152' title='bbox 1122 2197 1243 2248; x_wconf 74' lang='grc' dir='ltr'><strong>ἐπεὶ</strong></span> <span class='ocrx_word' id='word_1_153' title='bbox 1282 2199 1343 2249; x_wconf 84' lang='grc' dir='ltr'><strong>τὸ</strong></span> <span class='ocrx_word' id='word_1_154' title='bbox 1403 2203 1470 2265; x_wconf 85' lang='grc' dir='ltr'><strong>ιγ’</strong></span> <span class='ocrx_word' id='word_1_155' title='bbox 1507 2215 1634 2266; x_wconf 84' lang='grc' dir='ltr'><strong>κεφ.</strong></span> <span class='ocrx_word' id='word_1_156' title='bbox 1678 2199 1772 2251; x_wconf 76' lang='grc' dir='ltr'><strong>τοῦ</strong></span> 
     </span>
    </p>
   </div>
   <div class='ocr_carea' id='block_1_24' title="bbox 183 2282 1775 2361">
    <p class='ocr_par' dir='ltr' id='par_1_24' title="bbox 183 2282 1775 2361">
     <span class='ocr_line' id='line_1_24' title="bbox 183 2282 1775 2361; baseline 0.005 -25"><span class='ocrx_word' id='word_1_157' title='bbox 183 2282 238 2335; x_wconf 84' lang='grc' dir='ltr'><strong>α’</strong></span> <span class='ocrx_word' id='word_1_158' title='bbox 269 2284 454 2336; x_wconf 84' lang='grc' dir='ltr'><strong>τίτλου</strong></span> <span class='ocrx_word' id='word_1_159' title='bbox 485 2285 581 2338; x_wconf 84' lang='grc' dir='ltr'><strong>τοῦ</strong></span> <span class='ocrx_word' id='word_1_160' title='bbox 640 2287 682 2340; x_wconf 85' lang='grc' dir='ltr'><strong>δ’</strong></span> <span class='ocrx_word' id='word_1_161' title='bbox 736 2286 945 2357; x_wconf 82' lang='grc' dir='ltr'><strong>βιϐλίου</strong></span> <span class='ocrx_word' id='word_1_162' title='bbox 974 2289 1083 2341; x_wconf 86' lang='grc' dir='ltr'><strong>τῶν</strong></span> <span class='ocrx_word' id='word_1_163' title='bbox 1115 2289 1445 2352; x_wconf 79' lang='grc' dir='ltr'><strong>Βασιλικῶν,</strong></span> <span class='ocrx_word' id='word_1_164' title='bbox 1480 2292 1617 2361; x_wconf 78' lang='grc' dir='ltr'><strong>ὅπερ</strong></span> <span class='ocrx_word' id='word_1_165' title='bbox 1657 2294 1775 2345; x_wconf 79' lang='grc' dir='ltr'><strong>ἐστὶ</strong></span> 
     </span>
    </p>
   </div>
   <div class='ocr_carea' id='block_1_25' title="bbox 185 2375 1770 2454">
    <p class='ocr_par' dir='ltr' id='par_1_25' title="bbox 185 2375 1770 2454">
     <span class='ocr_line' id='line_1_25' title="bbox 185 2375 1770 2454; baseline 0.006 -26"><span class='ocrx_word' id='word_1_166' title='bbox 185 2376 388 2444; x_wconf 71' lang='grc' dir='ltr'><strong>κεφαλ.</strong></span> <span class='ocrx_word' id='word_1_167' title='bbox 425 2375 495 2441; x_wconf 77' lang='grc' dir='ltr'><strong>ξδ’</strong></span> <span class='ocrx_word' id='word_1_168' title='bbox 541 2378 641 2446; x_wconf 80' lang='grc' dir='ltr'><strong>τῆς</strong></span> <span class='ocrx_word' id='word_1_169' title='bbox 698 2386 820 2446; x_wconf 83' lang='grc' dir='ltr'><strong>ρκγ¹</strong></span> <span class='ocrx_word' id='word_1_170' title='bbox 866 2381 1298 2434; x_wconf 81' lang='grc' dir='ltr'><strong>ἰουστινιανείου</strong></span> <span class='ocrx_word' id='word_1_171' title='bbox 1331 2381 1570 2452; x_wconf 78' lang='grc' dir='ltr'><strong>Νεαρᾶς,</strong></span> <span class='ocrx_word' id='word_1_172' title='bbox 1603 2386 1770 2454; x_wconf 83' lang='grc' dir='ltr'><strong>διορί-</strong></span> 
     </span>
    </p>
   </div>
   <div class='ocr_carea' id='block_1_26' title="bbox 184 2467 1770 2541">
    <p class='ocr_par' dir='ltr' id='par_1_26' title="bbox 184 2467 1770 2541">
     <span class='ocr_line' id='line_1_26' title="bbox 184 2467 1770 2541; baseline 0.004 -23"><span class='ocrx_word' id='word_1_173' title='bbox 184 2467 343 2530; x_wconf 73' lang='grc' dir='ltr'><strong>ζεται</strong></span> <span class='ocrx_word' id='word_1_174' title='bbox 373 2469 500 2528; x_wconf 81' lang='grc' dir='ltr'><strong>τοὺς</strong></span> <span class='ocrx_word' id='word_1_175' title='bbox 534 2468 921 2538; x_wconf 79' lang='grc' dir='ltr'><strong>τολμήσαντας</strong></span> <span class='ocrx_word' id='word_1_176' title='bbox 953 2470 1302 2539; x_wconf 77' lang='grc' dir='ltr'><strong>μιμήσασθαι</strong></span> <span class='ocrx_word' id='word_1_177' title='bbox 1362 2472 1551 2541; x_wconf 79' lang='grc' dir='ltr'><strong>σχῆμα</strong></span> <span class='ocrx_word' id='word_1_178' title='bbox 1606 2489 1770 2540; x_wconf 84' lang='grc' dir='ltr'><strong>μονα-</strong></span> 
     </span>
    </p>
   </div>
   <div class='ocr_carea' id='block_1_27' title="bbox 183 2559 1773 2632">
    <p class='ocr_par' dir='ltr' id='par_1_27' title="bbox 183 2559 1773 2632">
     <span class='ocr_line' id='line_1_27' title="bbox 183 2559 1773 2632; baseline 0.004 -22"><span class='ocrx_word' id='word_1_179' title='bbox 183 2559 291 2628; x_wconf 79' lang='grc' dir='ltr'><strong>χοῦ</strong></span> <span class='ocrx_word' id='word_1_180' title='bbox 330 2561 363 2629; x_wconf 78' lang='grc' dir='ltr'><strong>ἢ</strong></span> <span class='ocrx_word' id='word_1_181' title='bbox 418 2561 752 2631; x_wconf 82' lang='grc' dir='ltr'><strong>ἀσκητρίας,</strong></span> <span class='ocrx_word' id='word_1_182' title='bbox 822 2563 919 2615; x_wconf 69' lang='grc' dir='ltr'><strong>καὶ</strong></span> <span class='ocrx_word' id='word_1_183' title='bbox 971 2563 1111 2615; x_wconf 86' lang='grc' dir='ltr'><strong>κατὰ</strong></span> <span class='ocrx_word' id='word_1_184' title='bbox 1159 2565 1454 2632; x_wconf 76' lang='grc' dir='ltr'><strong>σκηνικοὺς</strong></span> <span class='ocrx_word' id='word_1_185' title='bbox 1512 2564 1773 2632; x_wconf 70' lang='grc' dir='ltr'><strong>ἐμπαῖξαι</strong></span> 
     </span>
    </p>
   </div>
   <div class='ocr_carea' id='block_1_28' title="bbox 183 2649 1774 2725">
    <p class='ocr_par' dir='ltr' id='par_1_28' title="bbox 183 2649 1774 2725">
     <span class='ocr_line' id='line_1_28' title="bbox 183 2649 1774 2725; baseline 0.005 -23"><span class='ocrx_word' id='word_1_186' title='bbox 183 2649 352 2704; x_wconf 79' lang='grc' dir='ltr'><strong>τοῦτο</strong></span> <span class='ocrx_word' id='word_1_187' title='bbox 377 2653 650 2722; x_wconf 81' lang='grc' dir='ltr'><strong>οίῳδήτινι</strong></span> <span class='ocrx_word' id='word_1_188' title='bbox 677 2654 890 2723; x_wconf 85' lang='grc' dir='ltr'><strong>τρόπῳ,</strong></span> <span class='ocrx_word' id='word_1_189' title='bbox 921 2656 1254 2723; x_wconf 80' lang='grc' dir='ltr'><strong>σωματικῶς</strong></span> <span class='ocrx_word' id='word_1_190' title='bbox 1275 2657 1642 2725; x_wconf 81' lang='grc' dir='ltr'><strong>τιμωρεῖσθαι</strong></span> <span class='ocrx_word' id='word_1_191' title='bbox 1678 2660 1774 2712; x_wconf 78' lang='grc' dir='ltr'><strong>καὶ</strong></span> 
     </span>
    </p>
   </div>
   <div class='ocr_carea' id='block_1_29' title="bbox 187 2741 1776 2818">
    <p class='ocr_par' dir='ltr' id='par_1_29' title="bbox 187 2741 1776 2818">
     <span class='ocr_line' id='line_1_29' title="bbox 187 2741 1776 2818; baseline 0.005 -25"><span class='ocrx_word' id='word_1_192' title='bbox 187 2741 544 2812; x_wconf 74' lang='grc' dir='ltr'><strong>ἑξορίζεσθαι</strong></span> <span class='ocrx_word' id='word_1_193' title='bbox 565 2759 579 2774; x_wconf 81' lang='grc'><strong><em>⁸</em></strong></span> <span class='ocrx_word' id='word_1_194' title='bbox 625 2746 806 2815; x_wconf 85' lang='grc' dir='ltr'><strong>πολλῷ</strong></span> <span class='ocrx_word' id='word_1_195' title='bbox 840 2746 896 2798; x_wconf 68' lang='grc' dir='ltr'><strong>δὲ</strong></span> <span class='ocrx_word' id='word_1_196' title='bbox 932 2746 1093 2800; x_wconf 78' lang='grc' dir='ltr'><strong>πλέον</strong></span> <span class='ocrx_word' id='word_1_197' title='bbox 1123 2748 1520 2818; x_wconf 80' lang='grc' dir='ltr'><strong>κολασθήσεται</strong></span> <span class='ocrx_word' id='word_1_198' title='bbox 1547 2752 1575 2800; x_wconf 80' lang='grc' dir='ltr'>ὁ</span> <span class='ocrx_word' id='word_1_199' title='bbox 1604 2749 1776 2816; x_wconf 73' lang='grc' dir='ltr'><strong>ἑπαγ-</strong></span> 
     </span>
    </p>
   </div>
   <div class='ocr_carea' id='block_1_30' title="bbox 185 2831 1774 2906">
    <p class='ocr_par' dir='ltr' id='par_1_30' title="bbox 185 2831 1774 2906">
     <span class='ocr_line' id='line_1_30' title="bbox 185 2831 1774 2906; baseline 0.003 -23"><span class='ocrx_word' id='word_1_200' title='bbox 185 2831 520 2900; x_wconf 81' lang='grc' dir='ltr'><strong>γειλάμενος</strong></span> <span class='ocrx_word' id='word_1_201' title='bbox 561 2833 862 2904; x_wconf 81' lang='grc' dir='ltr'><strong>μοναδικὴν</strong></span> <span class='ocrx_word' id='word_1_202' title='bbox 919 2835 1218 2905; x_wconf 78' lang='grc' dir='ltr'><strong>διαγωγὴν,</strong></span> <span class='ocrx_word' id='word_1_203' title='bbox 1255 2837 1349 2888; x_wconf 80' lang='grc' dir='ltr'><strong>καὶ</strong></span> <span class='ocrx_word' id='word_1_204' title='bbox 1383 2837 1464 2898; x_wconf 85' lang='grc' dir='ltr'><strong>εἰς</strong></span> <span class='ocrx_word' id='word_1_205' title='bbox 1497 2837 1774 2906; x_wconf 64' lang='grc' dir='ltr'><strong>μοναστήη</strong></span> 
     </span>
    </p>
   </div>
   <div class='ocr_carea' id='block_1_31' title="bbox 187 2923 1772 2996">
    <p class='ocr_par' dir='ltr' id='par_1_31' title="bbox 187 2923 1772 2996">
     <span class='ocr_line' id='line_1_31' title="bbox 187 2923 1772 2996; baseline 0.003 -24"><span class='ocrx_word' id='word_1_206' title='bbox 187 2940 314 2990; x_wconf 87' lang='grc' dir='ltr'><strong>ριον</strong></span> <span class='ocrx_word' id='word_1_207' title='bbox 344 2923 619 2987; x_wconf 82' lang='grc' dir='ltr'><strong>ἀπελθὼν,</strong></span> <span class='ocrx_word' id='word_1_208' title='bbox 654 2925 748 2977; x_wconf 78' lang='grc' dir='ltr'><strong>καὶ</strong></span> <span class='ocrx_word' id='word_1_209' title='bbox 783 2925 1090 2995; x_wconf 75' lang='grc' dir='ltr'><strong>μοναχικὴν</strong></span> <span class='ocrx_word' id='word_1_210' title='bbox 1126 2925 1338 2996; x_wconf 79' lang='grc' dir='ltr'><strong>ἐσθῆτα</strong></span> <span class='ocrx_word' id='word_1_211' title='bbox 1367 2927 1772 2996; x_wconf 85' lang='grc' dir='ltr'><strong>περιϐαλλόμε-</strong></span> 
     </span>
    </p>
   </div>
   <div class='ocr_carea' id='block_1_32' title="bbox 184 3015 1770 3088">
    <p class='ocr_par' dir='ltr' id='par_1_32' title="bbox 184 3015 1770 3088">
     <span class='ocr_line' id='line_1_32' title="bbox 184 3015 1770 3088; baseline 0.002 -23"><span class='ocrx_word' id='word_1_212' title='bbox 184 3032 305 3077; x_wconf 83' lang='grc' dir='ltr'><strong>νος,</strong></span> <span class='ocrx_word' id='word_1_213' title='bbox 351 3015 448 3067; x_wconf 73' lang='grc' dir='ltr'><strong>ἐὰν</strong></span> <span class='ocrx_word' id='word_1_214' title='bbox 490 3015 720 3085; x_wconf 75' lang='grc' dir='ltr'><strong>ὕστερον</strong></span> <span class='ocrx_word' id='word_1_215' title='bbox 748 3018 1197 3086; x_wconf 81' lang='grc' dir='ltr'><strong>ἀνερυθριάστως</strong></span> <span class='ocrx_word' id='word_1_216' title='bbox 1225 3019 1305 3080; x_wconf 83' lang='grc' dir='ltr'><strong>εἰς</strong></span> <span class='ocrx_word' id='word_1_217' title='bbox 1345 3019 1568 3080; x_wconf 80' lang='grc' dir='ltr'><strong>λαῖκοὺς</strong></span> <span class='ocrx_word' id='word_1_218' title='bbox 1601 3034 1770 3088; x_wconf 86' lang='grc' dir='ltr'><strong>μετα-</strong></span> 
     </span>
    </p>
   </div>
   <div class='ocr_carea' id='block_1_33' title="bbox 188 3105 1771 3181">
    <p class='ocr_par' dir='ltr' id='par_1_33' title="bbox 188 3105 1771 3181">
     <span class='ocr_line' id='line_1_33' title="bbox 188 3105 1771 3181; baseline 0 -21"><span class='ocrx_word' id='word_1_219' title='bbox 188 3107 572 3178; x_wconf 79' lang='grc' dir='ltr'><strong>σχηματισθῇ.</strong></span> <span class='ocrx_word' id='word_1_220' title='bbox 617 3107 803 3160; x_wconf 83' lang='grc' dir='ltr'><strong>’Λλλοι</strong></span> <span class='ocrx_word' id='word_1_221' title='bbox 837 3109 892 3160; x_wconf 81' lang='grc' dir='ltr'><strong>δὲ</strong></span> <span class='ocrx_word' id='word_1_222' title='bbox 921 3105 1076 3161; x_wconf 79' lang='grc' dir='ltr'><strong>εἷπον</strong></span> <span class='ocrx_word' id='word_1_223' title='bbox 1106 3110 1180 3172; x_wconf 81' lang='grc' dir='ltr'>ὼς</span> <span class='ocrx_word' id='word_1_224' title='bbox 1206 3112 1256 3160; x_wconf 86' lang='grc' dir='ltr'><strong>οί</strong></span> <span class='ocrx_word' id='word_1_225' title='bbox 1289 3112 1771 3181; x_wconf 62' lang='grc' dir='ltr'><strong>ῥασοφορὴσαντες</strong></span> 
     </span>
    </p>
   </div>
   <div class='ocr_carea' id='block_1_34' title="bbox 188 3197 1769 3271">
    <p class='ocr_par' dir='ltr' id='par_1_34' title="bbox 188 3197 1769 3271">
     <span class='ocr_line' id='line_1_34' title="bbox 188 3197 1769 3271; baseline 0.004 -24"><span class='ocrx_word' id='word_1_226' title='bbox 188 3198 338 3264; x_wconf 67' lang='grc' dir='ltr'><strong>μετὰ</strong></span> <span class='ocrx_word' id='word_1_227' title='bbox 377 3197 678 3267; x_wconf 78' lang='grc' dir='ltr'><strong>Τρισαγίου</strong></span> <span class='ocrx_word' id='word_1_228' title='bbox 719 3201 782 3251; x_wconf 84' lang='grc' dir='ltr'><strong>οὐ</strong></span> <span class='ocrx_word' id='word_1_229' title='bbox 839 3201 1423 3271; x_wconf 82' lang='grc' dir='ltr'><strong>παραχωρηθήσονται</strong></span> <span class='ocrx_word' id='word_1_230' title='bbox 1483 3219 1769 3270; x_wconf 80' lang='grc' dir='ltr'><strong>μετασχη-</strong></span> 
     </span>
    </p>
   </div>
   <div class='ocr_carea' id='block_1_35' title="bbox 189 3288 1772 3362">
    <p class='ocr_par' dir='ltr' id='par_1_35' title="bbox 189 3288 1772 3362">
     <span class='ocr_line' id='line_1_35' title="bbox 189 3288 1772 3362; baseline 0.003 -23"><span class='ocrx_word' id='word_1_231' title='bbox 189 3288 532 3358; x_wconf 77' lang='grc' dir='ltr'><strong>ματισθῆναι</strong></span> <span class='ocrx_word' id='word_1_232' title='bbox 569 3291 648 3351; x_wconf 83' lang='grc' dir='ltr'><strong>είς</strong></span> <span class='ocrx_word' id='word_1_233' title='bbox 683 3291 906 3352; x_wconf 80' lang='grc' dir='ltr'><strong>λαῖκούς</strong></span> <span class='ocrx_word' id='word_1_234' title='bbox 935 3306 948 3319; x_wconf 88' lang='grc'><strong>·</strong></span> <span class='ocrx_word' id='word_1_235' title='bbox 1004 3295 1051 3344; x_wconf 90' lang='grc' dir='ltr'><strong>οί</strong></span> <span class='ocrx_word' id='word_1_236' title='bbox 1080 3292 1133 3344; x_wconf 78' lang='grc' dir='ltr'><strong>δὲ</strong></span> <span class='ocrx_word' id='word_1_237' title='bbox 1166 3293 1336 3362; x_wconf 78' lang='grc' dir='ltr'><strong>χωρὶς</strong></span> <span class='ocrx_word' id='word_1_238' title='bbox 1365 3291 1556 3344; x_wconf 84' lang='grc' dir='ltr'><strong>τούτου</strong></span> <span class='ocrx_word' id='word_1_239' title='bbox 1605 3310 1772 3362; x_wconf 83' lang='grc' dir='ltr'><strong>μετα-</strong></span> 
     </span>
    </p>
   </div>
   <div class='ocr_carea' id='block_1_36' title="bbox 188 3381 1772 3454">
    <p class='ocr_par' dir='ltr' id='par_1_36' title="bbox 188 3381 1772 3454">
     <span class='ocr_line' id='line_1_36' title="bbox 188 3381 1772 3454; baseline 0.004 -24"><span class='ocrx_word' id='word_1_240' title='bbox 188 3381 666 3451; x_wconf 80' lang='grc' dir='ltr'><strong>σχηματισθέντες</strong></span> <span class='ocrx_word' id='word_1_241' title='bbox 698 3384 1066 3447; x_wconf 79' lang='grc' dir='ltr'><strong>ἁδιαστίκτως</strong></span> <span class='ocrx_word' id='word_1_242' title='bbox 1089 3386 1241 3446; x_wconf 78' lang='grc' dir='ltr'><strong>ἐντὸς</strong></span> <span class='ocrx_word' id='word_1_243' title='bbox 1263 3384 1362 3454; x_wconf 79' lang='grc' dir='ltr'><strong>τῆς</strong></span> <span class='ocrx_word' id='word_1_244' title='bbox 1386 3386 1634 3454; x_wconf 78' lang='grc' dir='ltr'><strong>τριετίας</strong></span> <span class='ocrx_word' id='word_1_245' title='bbox 1664 3386 1772 3437; x_wconf 84' lang='grc' dir='ltr'><strong>τῶν</strong></span> 
     </span>
    </p>
   </div>
   <div class='ocr_carea' id='block_1_37' title="bbox 189 3468 1769 3542">
    <p class='ocr_par' dir='ltr' id='par_1_37' title="bbox 189 3468 1769 3542">
     <span class='ocr_line' id='line_1_37' title="bbox 189 3468 1769 3542; baseline 0.004 -23"><span class='ocrx_word' id='word_1_246' title='bbox 189 3468 299 3536; x_wconf 77' lang='grc' dir='ltr'><strong>μὲν</strong></span> <span class='ocrx_word' id='word_1_247' title='bbox 360 3471 675 3540; x_wconf 84' lang='grc' dir='ltr'><strong>μοναχικῶν</strong></span> <span class='ocrx_word' id='word_1_248' title='bbox 733 3473 952 3541; x_wconf 81' lang='grc' dir='ltr'><strong>ὰμφίων</strong></span> <span class='ocrx_word' id='word_1_249' title='bbox 1009 3471 1206 3542; x_wconf 78' lang='grc' dir='ltr'><strong>σχολὴν</strong></span> <span class='ocrx_word' id='word_1_250' title='bbox 1268 3474 1769 3542; x_wconf 74' lang='grc' dir='ltr'><strong>καταψηφίσονται,</strong></span> 
     </span>
    </p>
   </div>
   <div class='ocr_carea' id='block_1_38' title="bbox 189 3562 1775 3631">
    <p class='ocr_par' dir='ltr' id='par_1_38' title="bbox 189 3562 1775 3631">
     <span class='ocr_line' id='line_1_38' title="bbox 189 3562 1775 3631; baseline 0.004 -20"><span class='ocrx_word' id='word_1_251' title='bbox 189 3562 582 3629; x_wconf 73' lang='grc' dir='ltr'><strong>ὲνδυθήσονται</strong></span> <span class='ocrx_word' id='word_1_252' title='bbox 613 3563 668 3615; x_wconf 78' lang='grc' dir='ltr'><strong>δὲ</strong></span> <span class='ocrx_word' id='word_1_253' title='bbox 695 3563 884 3617; x_wconf 83' lang='grc' dir='ltr'><strong>λαῖκά.</strong></span> <span class='ocrx_word' id='word_1_254' title='bbox 922 3564 1047 3616; x_wconf 76' lang='grc' dir='ltr'><strong>Ὀτι</strong></span> <span class='ocrx_word' id='word_1_255' title='bbox 1093 3565 1188 3616; x_wconf 69' lang='grc' dir='ltr'><strong>καὶ</strong></span> <span class='ocrx_word' id='word_1_256' title='bbox 1231 3567 1496 3631; x_wconf 86' lang='grc' dir='ltr'><strong>γυναῖκες</strong></span> <span class='ocrx_word' id='word_1_257' title='bbox 1551 3567 1775 3618; x_wconf 77' lang='grc' dir='ltr'><strong>πενθοῦ-</strong></span> 
     </span>
    </p>
   </div>
   <div class='ocr_carea' id='block_1_39' title="bbox 192 3654 1775 3727">
    <p class='ocr_par' dir='ltr' id='par_1_39' title="bbox 192 3654 1775 3727">
     <span class='ocr_line' id='line_1_39' title="bbox 192 3654 1775 3727; baseline 0.004 -23"><span class='ocrx_word' id='word_1_258' title='bbox 192 3671 292 3705; x_wconf 88' lang='grc' dir='ltr'><strong>σαι</strong></span> <span class='ocrx_word' id='word_1_259' title='bbox 317 3656 445 3716; x_wconf 70' lang='grc' dir='ltr'><strong>τοὺς</strong></span> <span class='ocrx_word' id='word_1_260' title='bbox 486 3654 754 3707; x_wconf 75' lang='grc' dir='ltr'><strong>ἀποϐεϐιο</strong></span> <span class='ocrx_word' id='word_1_261' title='bbox 777 3655 944 3716; x_wconf 78' lang='grc' dir='ltr'><strong>κότας</strong></span> <span class='ocrx_word' id='word_1_262' title='bbox 977 3655 1180 3726; x_wconf 80' lang='grc' dir='ltr'><strong>ἄνδρας</strong></span> <span class='ocrx_word' id='word_1_263' title='bbox 1219 3657 1402 3709; x_wconf 85' lang='grc' dir='ltr'><strong>αὐτῶν</strong></span> <span class='ocrx_word' id='word_1_264' title='bbox 1452 3659 1775 3727; x_wconf 80' lang='grc' dir='ltr'><strong>μελανειμο-</strong></span> 
     </span>
    </p>
   </div>
   <div class='ocr_carea' id='block_1_40' title="bbox 191 3743 1773 3818">
    <p class='ocr_par' dir='ltr' id='par_1_40' title="bbox 191 3743 1773 3818">
     <span class='ocr_line' id='line_1_40' title="bbox 191 3743 1773 3818; baseline 0.003 -20"><span class='ocrx_word' id='word_1_265' title='bbox 191 3743 380 3798; x_wconf 74' lang='grc' dir='ltr'><strong>νοῦσιν</strong></span> <span class='ocrx_word' id='word_1_266' title='bbox 413 3747 506 3797; x_wconf 79' lang='grc' dir='ltr'><strong>ἐπὶ</strong></span> <span class='ocrx_word' id='word_1_267' title='bbox 547 3746 762 3813; x_wconf 80' lang='grc' dir='ltr'><strong>καιρὸν,</strong></span> <span class='ocrx_word' id='word_1_268' title='bbox 796 3749 892 3798; x_wconf 82' lang='grc' dir='ltr'><strong>καὶ</strong></span> <span class='ocrx_word' id='word_1_269' title='bbox 913 3746 1212 3808; x_wconf 81' lang='grc' dir='ltr'><strong>ἀκινδύνως</strong></span> <span class='ocrx_word' id='word_1_270' title='bbox 1242 3746 1400 3810; x_wconf 78' lang='grc' dir='ltr'><strong>αὖθις</strong></span> <span class='ocrx_word' id='word_1_271' title='bbox 1429 3748 1497 3800; x_wconf 74' lang='grc' dir='ltr'><strong>τὰ</strong></span> <span class='ocrx_word' id='word_1_272' title='bbox 1530 3750 1773 3818; x_wconf 80' lang='grc' dir='ltr'><strong>κοσμικὰ</strong></span> 
     </span>
    </p>
   </div>
   <div class='ocr_carea' id='block_1_41' title="bbox 198 3837 1774 3908">
    <p class='ocr_par' dir='ltr' id='par_1_41' title="bbox 198 3837 1774 3908">
     <span class='ocr_line' id='line_1_41' title="bbox 198 3837 1774 3908; baseline 0.003 -19"><span class='ocrx_word' id='word_1_273' title='bbox 198 3837 636 3908; x_wconf 82' lang='grc' dir='ltr'><strong>περιτιθέανται.</strong></span> <span class='ocrx_word' id='word_1_274' title='bbox 670 3838 777 3889; x_wconf 76' lang='grc' dir='ltr'><strong>Καὶ</strong></span> <span class='ocrx_word' id='word_1_275' title='bbox 807 3839 960 3890; x_wconf 82' lang='grc' dir='ltr'><strong>αύτοὶ</strong></span> <span class='ocrx_word' id='word_1_276' title='bbox 997 3838 1096 3908; x_wconf 83' lang='grc' dir='ltr'><strong>μὲν</strong></span> <span class='ocrx_word' id='word_1_277' title='bbox 1146 3840 1339 3894; x_wconf 84' lang='grc' dir='ltr'><strong>ταῦτα.</strong></span> <span class='ocrx_word' id='word_1_278' title='bbox 1398 3842 1522 3905; x_wconf 84' lang='grc' dir='ltr'><strong>Τοῖς</strong></span> <span class='ocrx_word' id='word_1_279' title='bbox 1566 3843 1774 3893; x_wconf 75' lang='grc' dir='ltr'><strong>πλείοσι</strong></span> 
     </span>
    </p>
   </div>
   <div class='ocr_carea' id='block_1_42' title="bbox 191 3926 1774 3997">
    <p class='ocr_par' dir='ltr' id='par_1_42' title="bbox 191 3926 1774 3997">
     <span class='ocr_line' id='line_1_42' title="bbox 191 3926 1774 3997; baseline 0.002 -19"><span class='ocrx_word' id='word_1_280' title='bbox 191 3926 254 3978; x_wconf 76' lang='grc' dir='ltr'><strong>δὲ</strong></span> <span class='ocrx_word' id='word_1_281' title='bbox 286 3927 381 3978; x_wconf 76' lang='grc' dir='ltr'><strong>καὶ</strong></span> <span class='ocrx_word' id='word_1_282' title='bbox 417 3926 839 3997; x_wconf 76' lang='grc' dir='ltr'><strong>εὐλαϐεστέροι,</strong></span> <span class='ocrx_word' id='word_1_283' title='bbox 888 3928 949 3977; x_wconf 87' lang='grc' dir='ltr'><strong>οὺ</strong></span> <span class='ocrx_word' id='word_1_284' title='bbox 1000 3927 1147 3979; x_wconf 82' lang='grc' dir='ltr'><strong>δοκεῖ</strong></span> <span class='ocrx_word' id='word_1_285' title='bbox 1177 3928 1238 3979; x_wconf 84' lang='grc' dir='ltr'><strong>τὸ</strong></span> <span class='ocrx_word' id='word_1_286' title='bbox 1275 3927 1419 3997; x_wconf 77' lang='grc' dir='ltr'><strong>ἔχειν</strong></span> <span class='ocrx_word' id='word_1_287' title='bbox 1457 3929 1543 3981; x_wconf 75' lang='grc' dir='ltr'><strong>ἐπ’</strong></span> <span class='ocrx_word' id='word_1_288' title='bbox 1585 3928 1774 3989; x_wconf 76' lang='grc' dir='ltr'><strong>ἁδείας</strong></span> 
     </span>
    </p>
   </div>
   <div class='ocr_carea' id='block_1_43' title="bbox 192 4018 1775 4090">
    <p class='ocr_par' dir='ltr' id='par_1_43' title="bbox 192 4018 1775 4090">
     <span class='ocr_line' id='line_1_43' title="bbox 192 4018 1775 4090; baseline -0.001 -19"><span class='ocrx_word' id='word_1_289' title='bbox 192 4018 290 4071; x_wconf 72' lang='grc' dir='ltr'><strong>τὸν</strong></span> <span class='ocrx_word' id='word_1_290' title='bbox 327 4018 642 4071; x_wconf 78' lang='grc' dir='ltr'><strong>εἰσελθόντα</strong></span> <span class='ocrx_word' id='word_1_291' title='bbox 674 4021 756 4079; x_wconf 79' lang='grc' dir='ltr'><strong>εἰς</strong></span> <span class='ocrx_word' id='word_1_292' title='bbox 783 4020 1172 4088; x_wconf 79' lang='grc' dir='ltr'><strong>μοναστήριον,</strong></span> <span class='ocrx_word' id='word_1_293' title='bbox 1203 4021 1320 4083; x_wconf 81' lang='grc' dir='ltr'><strong>καὶ,</strong></span> <span class='ocrx_word' id='word_1_294' title='bbox 1359 4019 1434 4080; x_wconf 79' lang='grc' dir='ltr'><strong>ὡς</strong></span> <span class='ocrx_word' id='word_1_295' title='bbox 1475 4020 1541 4071; x_wconf 86' lang='grc' dir='ltr'><strong>ἂν</strong></span> <span class='ocrx_word' id='word_1_296' title='bbox 1585 4019 1684 4090; x_wconf 75' lang='grc' dir='ltr'><strong>ἔχῃ</strong></span> <span class='ocrx_word' id='word_1_297' title='bbox 1713 4019 1775 4070; x_wconf 80' lang='grc' dir='ltr'><strong>τὸ</strong></span> 
     </span>
    </p>
   </div>
   <div class='ocr_carea' id='block_1_44' title="bbox 193 4113 1775 4184">
    <p class='ocr_par' dir='ltr' id='par_1_44' title="bbox 193 4113 1775 4184">
     <span class='ocr_line' id='line_1_44' title="bbox 193 4113 1775 4184; baseline 0.002 -20"><span class='ocrx_word' id='word_1_298' title='bbox 193 4113 457 4183; x_wconf 81' lang='grc' dir='ltr'><strong>πρᾶγμα,</strong></span> <span class='ocrx_word' id='word_1_299' title='bbox 492 4113 1031 4181; x_wconf 83' lang='grc' dir='ltr'><strong>μελανειμονήσαντα</strong></span> <span class='ocrx_word' id='word_1_300' title='bbox 1072 4114 1165 4166; x_wconf 71' lang='grc' dir='ltr'><strong>καὶ</strong></span> <span class='ocrx_word' id='word_1_301' title='bbox 1194 4114 1335 4166; x_wconf 83' lang='grc' dir='ltr'><strong>κατὰ</strong></span> <span class='ocrx_word' id='word_1_302' title='bbox 1370 4114 1636 4184; x_wconf 84' lang='grc' dir='ltr'><strong>μοναχοὺς</strong></span> <span class='ocrx_word' id='word_1_303' title='bbox 1659 4115 1775 4168; x_wconf 70' lang='lat' dir='ltr'><strong>Bia-</strong></span> 
     </span>
    </p>
   </div>
   <div class='ocr_carea' id='block_1_45' title="bbox 194 4203 1774 4275">
    <p class='ocr_par' dir='ltr' id='par_1_45' title="bbox 194 4203 1774 4275">
     <span class='ocr_line' id='line_1_45' title="bbox 194 4203 1774 4275; baseline 0.003 -20"><span class='ocrx_word' id='word_1_304' title='bbox 194 4203 479 4272; x_wconf 82' lang='grc' dir='ltr'><strong>τρίϐοντα,</strong></span> <span class='ocrx_word' id='word_1_305' title='bbox 540 4205 1126 4274; x_wconf 76' lang='grc' dir='ltr'><strong>μετασχηματισθῆναι</strong></span> <span class='ocrx_word' id='word_1_306' title='bbox 1193 4207 1273 4268; x_wconf 82' lang='grc' dir='ltr'><strong>είς</strong></span> <span class='ocrx_word' id='word_1_307' title='bbox 1335 4207 1577 4269; x_wconf 85' lang='grc' dir='ltr'><strong>λαῑκούς.</strong></span> <span class='ocrx_word' id='word_1_308' title='bbox 1617 4208 1774 4275; x_wconf 81' lang='grc' dir='ltr'><strong>Ἐξῆν</strong></span> 
     </span>
    </p>
   </div>
   <div class='ocr_carea' id='block_1_46' title="bbox 195 4295 1773 4368">
    <p class='ocr_par' dir='ltr' id='par_1_46' title="bbox 195 4295 1773 4368">
     <span class='ocr_line' id='line_1_46' title="bbox 195 4295 1773 4368; baseline 0.001 -21"><span class='ocrx_word' id='word_1_309' title='bbox 195 4296 328 4366; x_wconf 65' lang='grc' dir='ltr'><strong>γὰρ,</strong></span> <span class='ocrx_word' id='word_1_310' title='bbox 359 4297 546 4364; x_wconf 70' lang='grc' dir='ltr'><strong>φασὶν,</strong></span> <span class='ocrx_word' id='word_1_311' title='bbox 580 4295 732 4365; x_wconf 81' lang='grc' dir='ltr'><strong>αὐτῷ</strong></span> <span class='ocrx_word' id='word_1_312' title='bbox 756 4298 894 4366; x_wconf 84' lang='grc' dir='ltr'><strong>μετὰ</strong></span> <span class='ocrx_word' id='word_1_313' title='bbox 922 4297 1128 4349; x_wconf 82' lang='grc' dir='ltr'><strong>λαῖκῶν</strong></span> <span class='ocrx_word' id='word_1_314' title='bbox 1155 4299 1402 4368; x_wconf 78' lang='grc' dir='ltr'><strong>ἐσθήτων</strong></span> <span class='ocrx_word' id='word_1_315' title='bbox 1433 4300 1773 4368; x_wconf 79' lang='grc' dir='ltr'><strong>δοκιμασθῆ-</strong></span> 
     </span>
    </p>
   </div>
   <div class='ocr_carea' id='block_1_47' title="bbox 201 4387 1777 4460">
    <p class='ocr_par' dir='ltr' id='par_1_47' title="bbox 201 4387 1777 4460">
     <span class='ocr_line' id='line_1_47' title="bbox 201 4387 1777 4460; baseline 0.002 -20"><span class='ocrx_word' id='word_1_316' title='bbox 201 4404 288 4440; x_wconf 69' lang='lat' dir='ltr'><strong>vat</strong></span> <span class='ocrx_word' id='word_1_317' title='bbox 318 4387 463 4440; x_wconf 69' lang='grc' dir='ltr'><strong>κατὰ</strong></span> <span class='ocrx_word' id='word_1_318' title='bbox 491 4388 582 4440; x_wconf 78' lang='grc' dir='ltr'><strong>τὸν</strong></span> <span class='ocrx_word' id='word_1_319' title='bbox 606 4387 708 4456; x_wconf 84' lang='grc' dir='ltr'><strong>τῆς</strong></span> <span class='ocrx_word' id='word_1_320' title='bbox 737 4393 983 4458; x_wconf 76' lang='grc' dir='ltr'><strong>τριετίας</strong></span> <span class='ocrx_word' id='word_1_321' title='bbox 1005 4390 1196 4458; x_wconf 85' lang='grc' dir='ltr'><strong>καιρόν</strong></span> <span class='ocrx_word' id='word_1_322' title='bbox 1217 4406 1229 4418; x_wconf 89' lang='grc'>·</span> <span class='ocrx_word' id='word_1_323' title='bbox 1264 4391 1386 4442; x_wconf 77' lang='grc' dir='ltr'><strong>ἐπεὶ</strong></span> <span class='ocrx_word' id='word_1_324' title='bbox 1415 4391 1474 4443; x_wconf 70' lang='grc' dir='ltr'><strong>δὲ</strong></span> <span class='ocrx_word' id='word_1_325' title='bbox 1505 4393 1777 4460; x_wconf 73' lang='grc' dir='ltr'><strong>μοναχικὰ</strong></span> 
     </span>
    </p>
   </div>
   <div class='ocr_carea' id='block_1_48' title="bbox 199 4477 1775 4549">
    <p class='ocr_par' dir='ltr' id='par_1_48' title="bbox 199 4477 1775 4549">
     <span class='ocr_line' id='line_1_48' title="bbox 199 4477 1775 4549; baseline 0.003 -20"><span class='ocrx_word' id='word_1_326' title='bbox 199 4477 523 4543; x_wconf 76' lang='grc' dir='ltr'><strong>ἐνεδύσατο,</strong></span> <span class='ocrx_word' id='word_1_327' title='bbox 559 4478 1050 4549; x_wconf 80' lang='grc' dir='ltr'><strong>ἀναγκασθήσεται</strong></span> <span class='ocrx_word' id='word_1_328' title='bbox 1081 4480 1397 4549; x_wconf 82' lang='grc' dir='ltr'><strong>περατῶσαι</strong></span> <span class='ocrx_word' id='word_1_329' title='bbox 1432 4481 1529 4549; x_wconf 84' lang='grc' dir='ltr'><strong>τὴν</strong></span> <span class='ocrx_word' id='word_1_330' title='bbox 1565 4481 1775 4534; x_wconf 86' lang='grc' dir='ltr'><strong>οίκείαν</strong></span> 
     </span>
    </p>
   </div>
   <div class='ocr_carea' id='block_1_49' title="bbox 1878 643 3451 717">
    <p class='ocr_par' dir='ltr' id='par_1_49' title="bbox 1878 643 3451 717">
     <span class='ocr_line' id='line_1_49' title="bbox 1878 643 3451 717; baseline 0.006 -23"><span class='ocrx_word' id='word_1_331' title='bbox 1878 643 2097 710; x_wconf 84' lang='lat' dir='ltr'><strong>quidem</strong></span> <span class='ocrx_word' id='word_1_332' title='bbox 2132 645 2304 698; x_wconf 87' lang='lat' dir='ltr'><strong>instar</strong></span> <span class='ocrx_word' id='word_1_333' title='bbox 2329 647 2718 700; x_wconf 78' lang='lat' dir='ltr'><strong>monachorum</strong></span> <span class='ocrx_word' id='word_1_334' title='bbox 2754 648 2804 701; x_wconf 92' lang='lat' dir='ltr'><strong>in</strong></span> <span class='ocrx_word' id='word_1_335' title='bbox 2837 649 2954 702; x_wconf 86' lang='lat' dir='ltr'><strong>foro</strong></span> <span class='ocrx_word' id='word_1_336' title='bbox 2984 656 3257 717; x_wconf 73' lang='lat' dir='ltr'><strong>versetur,</strong></span> <span class='ocrx_word' id='word_1_337' title='bbox 3293 650 3451 704; x_wconf 86' lang='lat' dir='ltr'><strong>hodie</strong></span> 
     </span>
    </p>
   </div>
   <div class='ocr_carea' id='block_1_50' title="bbox 1874 734 3450 803">
    <p class='ocr_par' dir='ltr' id='par_1_50' title="bbox 1874 734 3450 803">
     <span class='ocr_line' id='line_1_50' title="bbox 1874 734 3450 803; baseline 0.006 -21"><span class='ocrx_word' id='word_1_338' title='bbox 1874 747 2006 786; x_wconf 82' lang='lat' dir='ltr'><strong>vero</strong></span> <span class='ocrx_word' id='word_1_339' title='bbox 2037 734 2210 788; x_wconf 86' lang='lat' dir='ltr'><strong>instar</strong></span> <span class='ocrx_word' id='word_1_340' title='bbox 2241 734 2505 788; x_wconf 89' lang='lat' dir='ltr'><strong>laicorum</strong></span> <span class='ocrx_word' id='word_1_341' title='bbox 2537 751 2598 790; x_wconf 92' lang='lat' dir='ltr'><strong>se</strong></span> <span class='ocrx_word' id='word_1_342' title='bbox 2633 739 2896 791; x_wconf 90' lang='lat' dir='ltr'><strong>theatricc</strong></span> <span class='ocrx_word' id='word_1_343' title='bbox 2927 739 3168 792; x_wconf 85' lang='lat' dir='ltr'><strong>venditet</strong></span> <span class='ocrx_word' id='word_1_344' title='bbox 3192 780 3206 803; x_wconf 93' lang='lat'><strong>,</strong></span> <span class='ocrx_word' id='word_1_345' title='bbox 3257 746 3315 793; x_wconf 90' lang='lat' dir='ltr'><strong>et</strong></span> <span class='ocrx_word' id='word_1_346' title='bbox 3367 740 3450 792; x_wconf 84' lang='lat' dir='ltr'><strong>in-</strong></span> 
     </span>
    </p>
   </div>
   <div class='ocr_carea' id='block_1_51' title="bbox 1874 826 3442 897">
    <p class='ocr_par' dir='ltr' id='par_1_51' title="bbox 1874 826 3442 897">
     <span class='ocr_line' id='line_1_51' title="bbox 1874 826 3442 897; baseline 0.004 -21"><span class='ocrx_word' id='word_1_347' title='bbox 1874 837 1988 876; x_wconf 81' lang='lat' dir='ltr'><strong>Star</strong></span> <span class='ocrx_word' id='word_1_348' title='bbox 2021 826 2363 879; x_wconf 90' lang='lat' dir='ltr'><strong>scenicorum</strong></span> <span class='ocrx_word' id='word_1_349' title='bbox 2425 835 2674 880; x_wconf 83' lang='lat' dir='ltr'><strong>sanetum</strong></span> <span class='ocrx_word' id='word_1_350' title='bbox 2729 827 2973 880; x_wconf 84' lang='lat' dir='ltr'><strong>habitum</strong></span> <span class='ocrx_word' id='word_1_351' title='bbox 3034 830 3442 897; x_wconf 87' lang='lat' dir='ltr'><strong>quodannuodo</strong></span> 
     </span>
    </p>
   </div>
   <div class='ocr_carea' id='block_1_52' title="bbox 1874 915 3452 989">
    <p class='ocr_par' dir='ltr' id='par_1_52' title="bbox 1874 915 3452 989">
     <span class='ocr_line' id='line_1_52' title="bbox 1874 915 3452 989; baseline 0.005 -22"><span class='ocrx_word' id='word_1_352' title='bbox 1874 915 2203 972; x_wconf 81' lang='lat' dir='ltr'><strong>ludificetur.</strong></span> <span class='ocrx_word' id='word_1_353' title='bbox 2261 917 2451 972; x_wconf 81' lang='lat' dir='ltr'><strong>Potius</strong></span> <span class='ocrx_word' id='word_1_354' title='bbox 2489 935 2617 988; x_wconf 62' lang='lat' dir='ltr'><strong>ergo</strong></span> <span class='ocrx_word' id='word_1_355' title='bbox 2651 934 2876 989; x_wconf 83' lang='lat' dir='ltr'><strong>cogetur</strong></span> <span class='ocrx_word' id='word_1_356' title='bbox 2929 921 3008 974; x_wconf 89' lang='lat' dir='ltr'><strong>vel</strong></span> <span class='ocrx_word' id='word_1_357' title='bbox 3055 923 3258 977; x_wconf 89' lang='lat' dir='ltr'><strong>invitus</strong></span> <span class='ocrx_word' id='word_1_358' title='bbox 3322 932 3452 975; x_wconf 79' lang='lat' dir='ltr'><strong>ton-</strong></span> 
     </span>
    </p>
   </div>
   <div class='ocr_carea' id='block_1_53' title="bbox 1873 1004 3452 1073">
    <p class='ocr_par' dir='ltr' id='par_1_53' title="bbox 1873 1004 3452 1073">
     <span class='ocr_line' id='line_1_53' title="bbox 1873 1004 3452 1073; baseline 0.005 -17"><span class='ocrx_word' id='word_1_359' title='bbox 1873 1004 2009 1059; x_wconf 91' lang='lat' dir='ltr'><strong>deri.</strong></span> <span class='ocrx_word' id='word_1_360' title='bbox 2045 1005 2149 1071; x_wconf 85' lang='lat' dir='ltr'><strong>Qui</strong></span> <span class='ocrx_word' id='word_1_361' title='bbox 2178 1020 2359 1062; x_wconf 89' lang='lat' dir='ltr'><strong>autem</strong></span> <span class='ocrx_word' id='word_1_362' title='bbox 2401 1009 2515 1062; x_wconf 72' lang='lat' dir='ltr'><strong>haec</strong></span> <span class='ocrx_word' id='word_1_363' title='bbox 2547 1010 2817 1073; x_wconf 85' lang='lat' dir='ltr'><strong>dicebant,</strong></span> <span class='ocrx_word' id='word_1_364' title='bbox 2852 1011 3061 1065; x_wconf 90' lang='lat' dir='ltr'><strong>dictum</strong></span> <span class='ocrx_word' id='word_1_365' title='bbox 3119 1028 3277 1066; x_wconf 91' lang='lat' dir='ltr'><strong>suum</strong></span> <span class='ocrx_word' id='word_1_366' title='bbox 3326 1029 3452 1066; x_wconf 85' lang='lat' dir='ltr'><strong>con-</strong></span> 
     </span>
    </p>
   </div>
   <div class='ocr_carea' id='block_1_54' title="bbox 1872 1096 3448 1175">
    <p class='ocr_par' dir='ltr' id='par_1_54' title="bbox 1872 1096 3448 1175">
     <span class='ocr_line' id='line_1_54' title="bbox 1872 1096 3448 1175; baseline 0.006 -26"><span class='ocrx_word' id='word_1_367' title='bbox 1872 1096 2162 1152; x_wconf 84' lang='lat' dir='ltr'><strong>firmabant</strong></span> <span class='ocrx_word' id='word_1_368' title='bbox 2194 1115 2257 1154; x_wconf 79' lang='lat' dir='ltr'><strong>ex</strong></span> <span class='ocrx_word' id='word_1_369' title='bbox 2288 1100 2510 1171; x_wconf 68' lang='lat' dir='ltr'><strong>Scapit.</strong></span> <span class='ocrx_word' id='word_1_370' title='bbox 2575 1102 2634 1155; x_wconf 83' lang='grc' dir='ltr'>Η</span> <span class='ocrx_word' id='word_1_371' title='bbox 2692 1103 2830 1156; x_wconf 81' lang='lat' dir='ltr'><strong>tituli</strong></span> <span class='ocrx_word' id='word_1_372' title='bbox 2886 1104 3170 1173; x_wconf 65' lang='lat' dir='ltr'><strong>pra‘sentis</strong></span> <span class='ocrx_word' id='word_1_373' title='bbox 3216 1106 3397 1175; x_wconf 90' lang='lat' dir='ltr'><strong>operis</strong></span> <span class='ocrx_word' id='word_1_374' title='bbox 3434 1146 3448 1166; x_wconf 89' lang='lat'><strong>.</strong></span> 
     </span>
    </p>
   </div>
   <div class='ocr_carea' id='block_1_55' title="bbox 1873 1191 3450 1269">
    <p class='ocr_par' dir='ltr' id='par_1_55' title="bbox 1873 1191 3450 1269">
     <span class='ocr_line' id='line_1_55' title="bbox 1873 1191 3450 1269; baseline 0.004 -23"><span class='ocrx_word' id='word_1_375' title='bbox 1873 1191 1956 1246; x_wconf 90' lang='lat' dir='ltr'><strong>sic</strong></span> <span class='ocrx_word' id='word_1_376' title='bbox 2014 1191 2158 1246; x_wconf 90' lang='lat' dir='ltr'><strong>circa</strong></span> <span class='ocrx_word' id='word_1_377' title='bbox 2208 1193 2428 1248; x_wconf 91' lang='lat' dir='ltr'><strong>initium</strong></span> <span class='ocrx_word' id='word_1_378' title='bbox 2483 1195 2767 1250; x_wconf 84' lang='lat' dir='ltr'><strong>dicentis:</strong></span> <span class='ocrx_word' id='word_1_379' title='bbox 2821 1198 2888 1252; x_wconf 76' lang='grc'><strong>15</strong></span> <span class='ocrx_word' id='word_1_380' title='bbox 2939 1199 3264 1254; x_wconf 86' lang='lat' dir='ltr'><strong>constitutio</strong></span> <span class='ocrx_word' id='word_1_381' title='bbox 3293 1202 3450 1269; x_wconf 82' lang='lat' dir='ltr'><strong>primi</strong></span> 
     </span>
    </p>
   </div>
   <div class='ocr_carea' id='block_1_56' title="bbox 1873 1283 3452 1357">
    <p class='ocr_par' dir='ltr' id='par_1_56' title="bbox 1873 1283 3452 1357">
     <span class='ocr_line' id='line_1_56' title="bbox 1873 1283 3452 1357; baseline 0.004 -20"><span class='ocrx_word' id='word_1_382' title='bbox 1873 1284 2015 1338; x_wconf 91' lang='lat' dir='ltr'><strong>tituli</strong></span> <span class='ocrx_word' id='word_1_383' title='bbox 2053 1283 2396 1339; x_wconf 84' lang='lat' dir='ltr'><strong>Novellarum</strong></span> <span class='ocrx_word' id='word_1_384' title='bbox 2427 1288 2586 1353; x_wconf 89' lang='lat' dir='ltr'><strong>dicit,</strong></span> <span class='ocrx_word' id='word_1_385' title='bbox 2639 1288 2782 1357; x_wconf 88' lang='lat' dir='ltr'><strong>quod</strong></span> <span class='ocrx_word' id='word_1_386' title='bbox 2830 1290 2922 1357; x_wconf 86' lang='lat' dir='ltr'><strong>qui</strong></span> <span class='ocrx_word' id='word_1_387' title='bbox 2971 1292 3093 1345; x_wconf 65' lang='lat' dir='ltr'><strong>vitae</strong></span> <span class='ocrx_word' id='word_1_388' title='bbox 3127 1292 3452 1346; x_wconf 88' lang='lat' dir='ltr'><strong>incumbunt</strong></span> 
     </span>
    </p>
   </div>
   <div class='ocr_carea' id='block_1_57' title="bbox 1873 1377 3452 1445">
    <p class='ocr_par' dir='ltr' id='par_1_57' title="bbox 1873 1377 3452 1445">
     <span class='ocr_line' id='line_1_57' title="bbox 1873 1377 3452 1445; baseline 0.003 -17"><span class='ocrx_word' id='word_1_389' title='bbox 1873 1377 2186 1431; x_wconf 73' lang='lat' dir='ltr'><strong>mouastica:</strong></span> <span class='ocrx_word' id='word_1_390' title='bbox 2218 1415 2233 1441; x_wconf 91' lang='lat'><strong>,</strong></span> <span class='ocrx_word' id='word_1_391' title='bbox 2289 1379 2402 1431; x_wconf 85' lang='lat' dir='ltr'><strong>sive</strong></span> <span class='ocrx_word' id='word_1_392' title='bbox 2434 1380 2544 1432; x_wconf 90' lang='lat' dir='ltr'><strong>sint</strong></span> <span class='ocrx_word' id='word_1_393' title='bbox 2580 1380 2732 1434; x_wconf 80' lang='lat' dir='ltr'><strong>liberi</strong></span> <span class='ocrx_word' id='word_1_394' title='bbox 2801 1381 2920 1435; x_wconf 84' lang='lat' dir='ltr'><strong>sive</strong></span> <span class='ocrx_word' id='word_1_395' title='bbox 2972 1385 3157 1445; x_wconf 87' lang='lat' dir='ltr'><strong>servi,</strong></span> <span class='ocrx_word' id='word_1_396' title='bbox 3216 1383 3452 1436; x_wconf 86' lang='lat' dir='ltr'><strong>triennio</strong></span> 
     </span>
    </p>
   </div>
   <div class='ocr_carea' id='block_1_58' title="bbox 1874 1468 3453 1538">
    <p class='ocr_par' dir='ltr' id='par_1_58' title="bbox 1874 1468 3453 1538">
     <span class='ocr_line' id='line_1_58' title="bbox 1874 1468 3453 1538; baseline 0.004 -17"><span class='ocrx_word' id='word_1_397' title='bbox 1874 1468 2025 1537; x_wconf 90' lang='lat' dir='ltr'><strong>prius</strong></span> <span class='ocrx_word' id='word_1_398' title='bbox 2058 1478 2410 1538; x_wconf 83' lang='lat' dir='ltr'><strong>perseverent</strong></span> <span class='ocrx_word' id='word_1_399' title='bbox 2441 1470 2704 1524; x_wconf 90' lang='lat' dir='ltr'><strong>laicorum</strong></span> <span class='ocrx_word' id='word_1_400' title='bbox 2762 1471 2923 1527; x_wconf 71' lang='lat' dir='ltr'><strong>tonsi:</strong></span> <span class='ocrx_word' id='word_1_401' title='bbox 2965 1482 3019 1527; x_wconf 90' lang='lat' dir='ltr'><strong>et</strong></span> <span class='ocrx_word' id='word_1_402' title='bbox 3060 1475 3259 1528; x_wconf 87' lang='lat' dir='ltr'><strong>vestitu</strong></span> <span class='ocrx_word' id='word_1_403' title='bbox 3296 1487 3453 1529; x_wconf 80' lang='lat' dir='ltr'><strong>uten-</strong></span> 
     </span>
    </p>
   </div>
   <div class='ocr_carea' id='block_1_59' title="bbox 1872 1560 3450 1628">
    <p class='ocr_par' dir='ltr' id='par_1_59' title="bbox 1872 1560 3450 1628">
     <span class='ocr_line' id='line_1_59' title="bbox 1872 1560 3450 1628; baseline 0.006 -19"><span class='ocrx_word' id='word_1_404' title='bbox 1872 1567 1976 1620; x_wconf 77' lang='lat' dir='ltr'><strong>tes.</strong></span> <span class='ocrx_word' id='word_1_405' title='bbox 2011 1569 2066 1612; x_wconf 88' lang='lat' dir='ltr'><strong>et</strong></span> <span class='ocrx_word' id='word_1_406' title='bbox 2103 1560 2416 1628; x_wconf 84' lang='lat' dir='ltr'><strong>Scripturas</strong></span> <span class='ocrx_word' id='word_1_407' title='bbox 2468 1563 2787 1623; x_wconf 80' lang='lat' dir='ltr'><strong>discentes.</strong></span> <span class='ocrx_word' id='word_1_408' title='bbox 2847 1571 2900 1616; x_wconf 85' lang='lat' dir='ltr'><strong>et</strong></span> <span class='ocrx_word' id='word_1_409' title='bbox 2956 1579 3113 1618; x_wconf 88' lang='lat' dir='ltr'><strong>suam</strong></span> <span class='ocrx_word' id='word_1_410' title='bbox 3176 1564 3450 1618; x_wconf 77' lang='lat' dir='ltr'><strong>fortunam</strong></span> 
     </span>
    </p>
   </div>
   <div class='ocr_carea' id='block_1_60' title="bbox 1872 1651 3451 1716">
    <p class='ocr_par' dir='ltr' id='par_1_60' title="bbox 1872 1651 3451 1716">
     <span class='ocr_line' id='line_1_60' title="bbox 1872 1651 3451 1716; baseline 0.006 -12"><span class='ocrx_word' id='word_1_411' title='bbox 1872 1651 2223 1716; x_wconf 84' lang='lat' dir='ltr'><strong>confitentes,</strong></span> <span class='ocrx_word' id='word_1_412' title='bbox 2265 1666 2314 1707; x_wconf 85' lang='lat' dir='ltr'><strong>et</strong></span> <span class='ocrx_word' id='word_1_413' title='bbox 2345 1669 2567 1708; x_wconf 86' lang='lat' dir='ltr'><strong>causam</strong></span> <span class='ocrx_word' id='word_1_414' title='bbox 2603 1671 2702 1708; x_wconf 90' lang='lat' dir='ltr'><strong>cur</strong></span> <span class='ocrx_word' id='word_1_415' title='bbox 2763 1660 3012 1711; x_wconf 81' lang='lat' dir='ltr'><strong>monachi</strong></span> <span class='ocrx_word' id='word_1_416' title='bbox 3069 1673 3190 1712; x_wconf 89' lang='lat' dir='ltr'><strong>esse</strong></span> <span class='ocrx_word' id='word_1_417' title='bbox 3242 1661 3451 1713; x_wconf 85' lang='lat' dir='ltr'><strong>velint:</strong></span> 
     </span>
    </p>
   </div>
   <div class='ocr_carea' id='block_1_61' title="bbox 1873 1743 3455 1810">
    <p class='ocr_par' dir='ltr' id='par_1_61' title="bbox 1873 1743 3455 1810">
     <span class='ocr_line' id='line_1_61' title="bbox 1873 1743 3455 1810; baseline 0.006 -15"><span class='ocrx_word' id='word_1_418' title='bbox 1873 1758 1940 1797; x_wconf 90' lang='lat' dir='ltr'><strong>ne</strong></span> <span class='ocrx_word' id='word_1_419' title='bbox 1977 1743 2118 1797; x_wconf 90' lang='lat' dir='ltr'><strong>forte</strong></span> <span class='ocrx_word' id='word_1_420' title='bbox 2152 1743 2288 1797; x_wconf 80' lang='lat' dir='ltr'><strong>mala</strong></span> <span class='ocrx_word' id='word_1_421' title='bbox 2321 1747 2414 1810; x_wconf 88' lang='lat' dir='ltr'><strong>sit,</strong></span> <span class='ocrx_word' id='word_1_422' title='bbox 2445 1756 2499 1800; x_wconf 90' lang='lat' dir='ltr'><strong>et</strong></span> <span class='ocrx_word' id='word_1_423' title='bbox 2532 1746 2932 1801; x_wconf 87' lang='lat' dir='ltr'><strong>admoncautur</strong></span> <span class='ocrx_word' id='word_1_424' title='bbox 2965 1769 2978 1803; x_wconf 89' lang='lat'><strong>:</strong></span> <span class='ocrx_word' id='word_1_425' title='bbox 3011 1760 3064 1804; x_wconf 89' lang='lat' dir='ltr'><strong>et</strong></span> <span class='ocrx_word' id='word_1_426' title='bbox 3121 1754 3168 1806; x_wconf 75' lang='lat' dir='ltr'><strong>si</strong></span> <span class='ocrx_word' id='word_1_427' title='bbox 3221 1753 3455 1806; x_wconf 79' lang='lat' dir='ltr'><strong>triennio</strong></span> 
     </span>
    </p>
   </div>
   <div class='ocr_carea' id='block_1_62' title="bbox 1874 1837 3452 1907">
    <p class='ocr_par' dir='ltr' id='par_1_62' title="bbox 1874 1837 3452 1907">
     <span class='ocr_line' id='line_1_62' title="bbox 1874 1837 3452 1907; baseline 0.008 -20"><span class='ocrx_word' id='word_1_428' title='bbox 1874 1837 2344 1903; x_wconf 83' lang='lat' dir='ltr'><strong>perseveraverint</strong></span> <span class='ocrx_word' id='word_1_429' title='bbox 2375 1846 2429 1890; x_wconf 91' lang='lat' dir='ltr'><strong>et</strong></span> <span class='ocrx_word' id='word_1_430' title='bbox 2473 1840 2808 1892; x_wconf 87' lang='lat' dir='ltr'><strong>monasterio</strong></span> <span class='ocrx_word' id='word_1_431' title='bbox 2840 1839 2985 1907; x_wconf 85' lang='lat' dir='ltr'><strong>digni</strong></span> <span class='ocrx_word' id='word_1_432' title='bbox 3040 1842 3140 1896; x_wconf 91' lang='lat' dir='ltr'><strong>visi</strong></span> <span class='ocrx_word' id='word_1_433' title='bbox 3201 1843 3407 1898; x_wconf 89' lang='lat' dir='ltr'><strong>fuerint</strong></span> <span class='ocrx_word' id='word_1_434' title='bbox 3437 1885 3452 1906; x_wconf 90' lang='lat'><strong>,</strong></span> 
     </span>
    </p>
   </div>
   <div class='ocr_carea' id='block_1_63' title="bbox 1879 1928 3458 2003">
    <p class='ocr_par' dir='ltr' id='par_1_63' title="bbox 1879 1928 3458 2003">
     <span class='ocr_line' id='line_1_63' title="bbox 1879 1928 3458 2003; baseline 0.008 -25"><span class='ocrx_word' id='word_1_435' title='bbox 1879 1935 2007 1979; x_wconf 91' lang='lat' dir='ltr'><strong>tunc</strong></span> <span class='ocrx_word' id='word_1_436' title='bbox 2040 1928 2390 1982; x_wconf 89' lang='lat' dir='ltr'><strong>tondeantur.</strong></span> <span class='ocrx_word' id='word_1_437' title='bbox 2426 1928 2491 1980; x_wconf 88' lang='lat' dir='ltr'><strong>Et</strong></span> <span class='ocrx_word' id='word_1_438' title='bbox 2516 1948 2579 1982; x_wconf 82' lang='lat' dir='ltr'><strong>ex</strong></span> <span class='ocrx_word' id='word_1_439' title='bbox 2623 1930 2724 1984; x_wconf 91' lang='lat' dir='ltr'><strong>hac</strong></span> <span class='ocrx_word' id='word_1_440' title='bbox 2756 1931 2996 1998; x_wconf 79' lang='lat' dir='ltr'><strong>Novella,</strong></span> <span class='ocrx_word' id='word_1_441' title='bbox 3025 1949 3146 2003; x_wconf 76' lang='lat' dir='ltr'><strong>qua:</strong></span> <span class='ocrx_word' id='word_1_442' title='bbox 3177 1944 3260 1989; x_wconf 90' lang='lat' dir='ltr'><strong>cst</strong></span> <span class='ocrx_word' id='word_1_443' title='bbox 3287 1933 3458 1990; x_wconf 83' lang='lat' dir='ltr'><strong>Justi-</strong></span> 
     </span>
    </p>
   </div>
   <div class='ocr_carea' id='block_1_64' title="bbox 1878 2018 3453 2096">
    <p class='ocr_par' dir='ltr' id='par_1_64' title="bbox 1878 2018 3453 2096">
     <span class='ocr_line' id='line_1_64' title="bbox 1878 2018 3453 2096; baseline 0.008 -27"><span class='ocrx_word' id='word_1_444' title='bbox 1878 2018 2051 2080; x_wconf 86' lang='lat' dir='ltr'><strong>niani,</strong></span> <span class='ocrx_word' id='word_1_445' title='bbox 2075 2019 2349 2083; x_wconf 81' lang='lat' dir='ltr'><strong>volebant,</strong></span> <span class='ocrx_word' id='word_1_446' title='bbox 2371 2035 2493 2074; x_wconf 91' lang='lat' dir='ltr'><strong>cum</strong></span> <span class='ocrx_word' id='word_1_447' title='bbox 2515 2021 2632 2075; x_wconf 68' lang='lat' dir='ltr'><strong>laici</strong></span> <span class='ocrx_word' id='word_1_448' title='bbox 2658 2023 2900 2077; x_wconf 78' lang='lat' dir='ltr'><strong>vestibus</strong></span> <span class='ocrx_word' id='word_1_449' title='bbox 2919 2028 3029 2080; x_wconf 87' lang='lat' dir='ltr'><strong>Iieri</strong></span> <span class='ocrx_word' id='word_1_450' title='bbox 3055 2027 3453 2096; x_wconf 82' lang='lat' dir='ltr'><strong>probationem.</strong></span> 
     </span>
    </p>
   </div>
   <div class='ocr_carea' id='block_1_65' title="bbox 1877 2109 3450 2189">
    <p class='ocr_par' dir='ltr' id='par_1_65' title="bbox 1877 2109 3450 2189">
     <span class='ocr_line' id='line_1_65' title="bbox 1877 2109 3450 2189; baseline 0.006 -28"><span class='ocrx_word' id='word_1_451' title='bbox 1877 2109 2214 2177; x_wconf 82' lang='lat' dir='ltr'><strong>Adjiciebant</strong></span> <span class='ocrx_word' id='word_1_452' title='bbox 2276 2121 2480 2176; x_wconf 88' lang='lat' dir='ltr'><strong>autem,</strong></span> <span class='ocrx_word' id='word_1_453' title='bbox 2541 2113 2685 2183; x_wconf 92' lang='lat' dir='ltr'><strong>quod</strong></span> <span class='ocrx_word' id='word_1_454' title='bbox 2735 2117 2996 2181; x_wconf 80' lang='lat' dir='ltr'><strong>quoniam</strong></span> <span class='ocrx_word' id='word_1_455' title='bbox 3046 2119 3112 2170; x_wconf 78' lang='lat' dir='ltr'><strong>l3</strong></span> <span class='ocrx_word' id='word_1_456' title='bbox 3143 2133 3263 2187; x_wconf 91' lang='lat' dir='ltr'><strong>cap.</strong></span> <span class='ocrx_word' id='word_1_457' title='bbox 3295 2123 3450 2189; x_wconf 84' lang='lat' dir='ltr'><strong>primi</strong></span> 
     </span>
    </p>
   </div>
   <div class='ocr_carea' id='block_1_66' title="bbox 1882 2202 3457 2276">
    <p class='ocr_par' dir='ltr' id='par_1_66' title="bbox 1882 2202 3457 2276">
     <span class='ocr_line' id='line_1_66' title="bbox 1882 2202 3457 2276; baseline 0.008 -23"><span class='ocrx_word' id='word_1_458' title='bbox 1882 2202 2043 2262; x_wconf 86' lang='lat' dir='ltr'><strong>tituli,</strong></span> <span class='ocrx_word' id='word_1_459' title='bbox 2088 2219 2137 2256; x_wconf 83' lang='lat' dir='ltr'><strong>Iv</strong></span> <span class='ocrx_word' id='word_1_460' title='bbox 2171 2203 2263 2256; x_wconf 89' lang='lat' dir='ltr'><strong>lib.</strong></span> <span class='ocrx_word' id='word_1_461' title='bbox 2295 2203 2517 2258; x_wconf 81' lang='lat' dir='ltr'><strong>Basilio.</strong></span> <span class='ocrx_word' id='word_1_462' title='bbox 2569 2208 2713 2274; x_wconf 85' lang='lat' dir='ltr'><strong>quod</strong></span> <span class='ocrx_word' id='word_1_463' title='bbox 2772 2209 2989 2276; x_wconf 85' lang='lat' dir='ltr'><strong>quidem</strong></span> <span class='ocrx_word' id='word_1_464' title='bbox 3045 2220 3128 2266; x_wconf 89' lang='lat' dir='ltr'><strong>est</strong></span> <span class='ocrx_word' id='word_1_465' title='bbox 3160 2211 3227 2266; x_wconf 62' lang='grc'>64</span> <span class='ocrx_word' id='word_1_466' title='bbox 3264 2228 3313 2266; x_wconf 90' lang='lat' dir='ltr'><strong>c.</strong></span> <span class='ocrx_word' id='word_1_467' title='bbox 3353 2214 3457 2266; x_wconf 67' lang='grc' dir='ltr'><strong>ηδ</strong></span> 
     </span>
    </p>
   </div>
   <div class='ocr_carea' id='block_1_67' title="bbox 1875 2291 3453 2370">
    <p class='ocr_par' dir='ltr' id='par_1_67' title="bbox 1875 2291 3453 2370">
     <span class='ocr_line' id='line_1_67' title="bbox 1875 2291 3453 2370; baseline 0.008 -25"><span class='ocrx_word' id='word_1_468' title='bbox 1875 2291 2174 2348; x_wconf 83' lang='lat' dir='ltr'><strong>Justiniani</strong></span> <span class='ocrx_word' id='word_1_469' title='bbox 2207 2294 2466 2359; x_wconf 75' lang='lat' dir='ltr'><strong>Novellm,</strong></span> <span class='ocrx_word' id='word_1_470' title='bbox 2501 2298 2790 2362; x_wconf 87' lang='lat' dir='ltr'><strong>decernit,</strong></span> <span class='ocrx_word' id='word_1_471' title='bbox 2833 2309 2889 2354; x_wconf 94' lang='lat' dir='ltr'><strong>ut</strong></span> <span class='ocrx_word' id='word_1_472' title='bbox 2943 2304 3034 2370; x_wconf 83' lang='lat' dir='ltr'><strong>qui</strong></span> <span class='ocrx_word' id='word_1_473' title='bbox 3081 2305 3195 2357; x_wconf 84' lang='lat' dir='ltr'><strong>ausi</strong></span> <span class='ocrx_word' id='word_1_474' title='bbox 3252 2304 3453 2358; x_wconf 86' lang='lat' dir='ltr'><strong>fuerint</strong></span> 
     </span>
    </p>
   </div>
   <div class='ocr_carea' id='block_1_68' title="bbox 1880 2386 3457 2460">
    <p class='ocr_par' dir='ltr' id='par_1_68' title="bbox 1880 2386 3457 2460">
     <span class='ocr_line' id='line_1_68' title="bbox 1880 2386 3457 2460; baseline 0.007 -23"><span class='ocrx_word' id='word_1_475' title='bbox 1880 2386 2133 2438; x_wconf 85' lang='lat' dir='ltr'><strong>monachi</strong></span> <span class='ocrx_word' id='word_1_476' title='bbox 2187 2387 2269 2440; x_wconf 87' lang='lat' dir='ltr'><strong>vel</strong></span> <span class='ocrx_word' id='word_1_477' title='bbox 2335 2391 2583 2443; x_wconf 72' lang='lat' dir='ltr'><strong>ascetriae</strong></span> <span class='ocrx_word' id='word_1_478' title='bbox 2641 2391 2886 2445; x_wconf 86' lang='lat' dir='ltr'><strong>habitum</strong></span> <span class='ocrx_word' id='word_1_479' title='bbox 2943 2393 3188 2460; x_wconf 76' lang='lat' dir='ltr'><strong>imitari,</strong></span> <span class='ocrx_word' id='word_1_480' title='bbox 3261 2405 3316 2450; x_wconf 91' lang='lat' dir='ltr'><strong>et</strong></span> <span class='ocrx_word' id='word_1_481' title='bbox 3377 2399 3457 2450; x_wconf 66' lang='grc' dir='ltr'><strong>ἱιιο</strong></span> 
     </span>
    </p>
   </div>
   <div class='ocr_carea' id='block_1_69' title="bbox 1882 2478 3451 2554">
    <p class='ocr_par' dir='ltr' id='par_1_69' title="bbox 1882 2478 3451 2554">
     <span class='ocr_line' id='line_1_69' title="bbox 1882 2478 3451 2554; baseline 0.008 -24"><span class='ocrx_word' id='word_1_482' title='bbox 1882 2484 1997 2530; x_wconf 85' lang='lat' dir='ltr'><strong>star</strong></span> <span class='ocrx_word' id='word_1_483' title='bbox 2024 2478 2368 2532; x_wconf 72' lang='lat' dir='ltr'><strong>scenicbrum</strong></span> <span class='ocrx_word' id='word_1_484' title='bbox 2404 2481 2598 2549; x_wconf 89' lang='lat' dir='ltr'><strong>quovis</strong></span> <span class='ocrx_word' id='word_1_485' title='bbox 2631 2484 2792 2536; x_wconf 92' lang='lat' dir='ltr'><strong>modo</strong></span> <span class='ocrx_word' id='word_1_486' title='bbox 2833 2484 2984 2538; x_wconf 88' lang='lat' dir='ltr'><strong>illum</strong></span> <span class='ocrx_word' id='word_1_487' title='bbox 3018 2487 3266 2554; x_wconf 88' lang='lat' dir='ltr'><strong>illudere,</strong></span> <span class='ocrx_word' id='word_1_488' title='bbox 3323 2503 3451 2542; x_wconf 86' lang='lat' dir='ltr'><strong>cor-</strong></span> 
     </span>
    </p>
   </div>
   <div class='ocr_carea' id='block_1_70' title="bbox 1878 2567 3456 2635">
    <p class='ocr_par' dir='ltr' id='par_1_70' title="bbox 1878 2567 3456 2635">
     <span class='ocr_line' id='line_1_70' title="bbox 1878 2567 3456 2635; baseline 0.009 -19"><span class='ocrx_word' id='word_1_489' title='bbox 1878 2580 2010 2629; x_wconf 87' lang='lat' dir='ltr'><strong>pore</strong></span> <span class='ocrx_word' id='word_1_490' title='bbox 2063 2567 2363 2635; x_wconf 75' lang='lat' dir='ltr'><strong>puniaittur</strong></span> <span class='ocrx_word' id='word_1_491' title='bbox 2391 2577 2444 2622; x_wconf 93' lang='lat' dir='ltr'><strong>ct</strong></span> <span class='ocrx_word' id='word_1_492' title='bbox 2497 2572 2988 2628; x_wconf 78' lang='lat' dir='ltr'><strong>exterminentur:</strong></span> <span class='ocrx_word' id='word_1_493' title='bbox 3047 2577 3216 2632; x_wconf 90' lang='lat' dir='ltr'><strong>multo</strong></span> <span class='ocrx_word' id='word_1_494' title='bbox 3274 2591 3456 2631; x_wconf 87' lang='lat' dir='ltr'><strong>autem</strong></span> 
     </span>
    </p>
   </div>
   <div class='ocr_carea' id='block_1_71' title="bbox 1879 2650 3456 2733">
    <p class='ocr_par' dir='ltr' id='par_1_71' title="bbox 1879 2650 3456 2733">
     <span class='ocr_line' id='line_1_71' title="bbox 1879 2650 3456 2733; baseline 0.012 -31"><span class='ocrx_word' id='word_1_495' title='bbox 1879 2650 2052 2721; x_wconf 78' lang='lat' dir='ltr'><strong>magis</strong></span> <span class='ocrx_word' id='word_1_496' title='bbox 2087 2652 2367 2720; x_wconf 88' lang='lat' dir='ltr'><strong>punietur,</strong></span> <span class='ocrx_word' id='word_1_497' title='bbox 2410 2657 2502 2725; x_wconf 87' lang='lat' dir='ltr'><strong>qui</strong></span> <span class='ocrx_word' id='word_1_498' title='bbox 2539 2660 2706 2711; x_wconf 78' lang='lat' dir='ltr'><strong>vitam</strong></span> <span class='ocrx_word' id='word_1_499' title='bbox 2759 2664 3117 2717; x_wconf 84' lang='lat' dir='ltr'><strong>monasticam</strong></span> <span class='ocrx_word' id='word_1_500' title='bbox 3172 2667 3456 2733; x_wconf 82' lang='lat' dir='ltr'><strong>professus</strong></span> 
     </span>
    </p>
   </div>
   <div class='ocr_carea' id='block_1_72' title="bbox 1878 2736 3453 2813">
    <p class='ocr_par' dir='ltr' id='par_1_72' title="bbox 1878 2736 3453 2813">
     <span class='ocr_line' id='line_1_72' title="bbox 1878 2736 3453 2813; baseline 0.014 -25"><span class='ocrx_word' id='word_1_501' title='bbox 1878 2736 1932 2789; x_wconf 91' lang='lat' dir='ltr'><strong>in</strong></span> <span class='ocrx_word' id='word_1_502' title='bbox 1971 2741 2364 2795; x_wconf 84' lang='lat' dir='ltr'><strong>monasterium</strong></span> <span class='ocrx_word' id='word_1_503' title='bbox 2397 2744 2678 2812; x_wconf 84' lang='lat' dir='ltr'><strong>ingressus</strong></span> <span class='ocrx_word' id='word_1_504' title='bbox 2716 2758 2802 2803; x_wconf 93' lang='lat' dir='ltr'><strong>cst</strong></span> <span class='ocrx_word' id='word_1_505' title='bbox 2830 2791 2845 2813; x_wconf 96' lang='lat'><strong>,</strong></span> <span class='ocrx_word' id='word_1_506' title='bbox 2877 2759 2932 2804; x_wconf 91' lang='lat' dir='ltr'><strong>et</strong></span> <span class='ocrx_word' id='word_1_507' title='bbox 2969 2763 3117 2808; x_wconf 82' lang='lat' dir='ltr'><strong>veste</strong></span> <span class='ocrx_word' id='word_1_508' title='bbox 3145 2756 3453 2810; x_wconf 89' lang='lat' dir='ltr'><strong>monachali</strong></span> 
     </span>
    </p>
   </div>
   <div class='ocr_carea' id='block_1_73' title="bbox 1879 2826 3453 2909">
    <p class='ocr_par' dir='ltr' id='par_1_73' title="bbox 1879 2826 3453 2909">
     <span class='ocr_line' id='line_1_73' title="bbox 1879 2826 3453 2909; baseline 0.013 -31"><span class='ocrx_word' id='word_1_509' title='bbox 1879 2826 2132 2892; x_wconf 81' lang='lat' dir='ltr'><strong>indutus;</strong></span> <span class='ocrx_word' id='word_1_510' title='bbox 2188 2833 2232 2885; x_wconf 93' lang='lat' dir='ltr'><strong>si</strong></span> <span class='ocrx_word' id='word_1_511' title='bbox 2272 2843 2459 2901; x_wconf 87' lang='lat' dir='ltr'><strong>postea</strong></span> <span class='ocrx_word' id='word_1_512' title='bbox 2521 2840 2669 2890; x_wconf 90' lang='lat' dir='ltr'><strong>omni</strong></span> <span class='ocrx_word' id='word_1_513' title='bbox 2727 2849 2893 2894; x_wconf 82' lang='lat' dir='ltr'><strong>exuto</strong></span> <span class='ocrx_word' id='word_1_514' title='bbox 2946 2845 3153 2909; x_wconf 89' lang='lat' dir='ltr'><strong>pudore</strong></span> <span class='ocrx_word' id='word_1_515' title='bbox 3206 2846 3453 2900; x_wconf 88' lang='lat' dir='ltr'><strong>laicalem</strong></span> 
     </span>
    </p>
   </div>
   <div class='ocr_carea' id='block_1_74' title="bbox 1877 2920 3452 3006">
    <p class='ocr_par' dir='ltr' id='par_1_74' title="bbox 1877 2920 3452 3006">
     <span class='ocr_line' id='line_1_74' title="bbox 1877 2920 3452 3006; baseline 0.013 -36"><span class='ocrx_word' id='word_1_516' title='bbox 1877 2920 2129 2973; x_wconf 86' lang='lat' dir='ltr'><strong>vestitum</strong></span> <span class='ocrx_word' id='word_1_517' title='bbox 2159 2925 2446 2990; x_wconf 82' lang='lat' dir='ltr'><strong>receperit.</strong></span> <span class='ocrx_word' id='word_1_518' title='bbox 2484 2926 2590 2980; x_wconf 83' lang='lat' dir='ltr'><strong>Alii</strong></span> <span class='ocrx_word' id='word_1_519' title='bbox 2629 2942 2810 2983; x_wconf 87' lang='lat' dir='ltr'><strong>autem</strong></span> <span class='ocrx_word' id='word_1_520' title='bbox 2847 2931 3142 2998; x_wconf 77' lang='lat' dir='ltr'><strong>dixerunt,</strong></span> <span class='ocrx_word' id='word_1_521' title='bbox 3180 2937 3325 3006; x_wconf 85' lang='lat' dir='ltr'><strong>quod</strong></span> <span class='ocrx_word' id='word_1_522' title='bbox 3360 2941 3452 3006; x_wconf 86' lang='lat' dir='ltr'><strong>qui</strong></span> 
     </span>
    </p>
   </div>
   <div class='ocr_carea' id='block_1_75' title="bbox 1871 2999 3456 3091">
    <p class='ocr_par' dir='ltr' id='par_1_75' title="bbox 1871 2999 3456 3091">
     <span class='ocr_line' id='line_1_75' title="bbox 1871 2999 3456 3091; baseline 0.016 -30"><span class='ocrx_word' id='word_1_523' title='bbox 1871 2999 2001 3065; x_wconf 81' lang='lat' dir='ltr'><strong>‘i-asa</strong></span> <span class='ocrx_word' id='word_1_524' title='bbox 2037 3011 2210 3066; x_wconf 89' lang='lat' dir='ltr'><strong>induti</strong></span> <span class='ocrx_word' id='word_1_525' title='bbox 2245 3014 2449 3070; x_wconf 88' lang='lat' dir='ltr'><strong>fuerint</strong></span> <span class='ocrx_word' id='word_1_526' title='bbox 2482 3035 2606 3073; x_wconf 90' lang='lat' dir='ltr'><strong>cum</strong></span> <span class='ocrx_word' id='word_1_527' title='bbox 2635 3018 2885 3091; x_wconf 77' lang='lat' dir='ltr'><strong>Trisagio</strong></span> <span class='ocrx_word' id='word_1_528' title='bbox 2914 3066 2928 3088; x_wconf 89' lang='lat'><strong>,</strong></span> <span class='ocrx_word' id='word_1_529' title='bbox 2961 3025 3027 3078; x_wconf 91' lang='lat' dir='ltr'><strong>ad</strong></span> <span class='ocrx_word' id='word_1_530' title='bbox 3063 3026 3310 3084; x_wconf 63' lang='lat' dir='ltr'><strong>laiealeu</strong></span> <span class='ocrx_word' id='word_1_531' title='bbox 3368 3033 3456 3085; x_wconf 83' lang='lat' dir='ltr'><strong>ha-</strong></span> 
     </span>
    </p>
   </div>
   <div class='ocr_carea' id='block_1_76' title="bbox 1875 3103 3454 3191">
    <p class='ocr_par' dir='ltr' id='par_1_76' title="bbox 1875 3103 3454 3191">
     <span class='ocr_line' id='line_1_76' title="bbox 1875 3103 3454 3191; baseline 0.013 -36"><span class='ocrx_word' id='word_1_532' title='bbox 1875 3103 2046 3157; x_wconf 93' lang='lat' dir='ltr'><strong>bitum</strong></span> <span class='ocrx_word' id='word_1_533' title='bbox 2076 3107 2253 3162; x_wconf 91' lang='lat' dir='ltr'><strong>redire</strong></span> <span class='ocrx_word' id='word_1_534' title='bbox 2281 3124 2388 3164; x_wconf 91' lang='lat' dir='ltr'><strong>non</strong></span> <span class='ocrx_word' id='word_1_535' title='bbox 2447 3113 2696 3167; x_wconf 88' lang='lat' dir='ltr'><strong>sinentnr</strong></span> <span class='ocrx_word' id='word_1_536' title='bbox 2729 3135 2743 3169; x_wconf 87' lang='lat'><strong>:</strong></span> <span class='ocrx_word' id='word_1_537' title='bbox 2779 3119 2870 3180; x_wconf 89' lang='lat' dir='ltr'><strong>qui</strong></span> <span class='ocrx_word' id='word_1_538' title='bbox 2932 3134 3059 3174; x_wconf 77' lang='lat' dir='ltr'><strong>Vero</strong></span> <span class='ocrx_word' id='word_1_539' title='bbox 3114 3123 3323 3191; x_wconf 60' lang='lat' dir='ltr'><strong>absque</strong></span> <span class='ocrx_word' id='word_1_540' title='bbox 3388 3143 3454 3179; x_wconf 82' lang='lat' dir='ltr'><strong>eo</strong></span> 
     </span>
    </p>
   </div>
   <div class='ocr_carea' id='block_1_77' title="bbox 1877 3194 3454 3270">
    <p class='ocr_par' dir='ltr' id='par_1_77' title="bbox 1877 3194 3454 3270">
     <span class='ocr_line' id='line_1_77' title="bbox 1877 3194 3454 3270; baseline 0.016 -25"><span class='ocrx_word' id='word_1_541' title='bbox 1877 3194 2119 3251; x_wconf 87' lang='lat' dir='ltr'><strong>habitum</strong></span> <span class='ocrx_word' id='word_1_542' title='bbox 2171 3213 2475 3269; x_wconf 87' lang='lat' dir='ltr'><strong>ceperunt,</strong></span> <span class='ocrx_word' id='word_1_543' title='bbox 2531 3205 2850 3263; x_wconf 87' lang='lat' dir='ltr'><strong>indistincte</strong></span> <span class='ocrx_word' id='word_1_544' title='bbox 2943 3213 3084 3267; x_wconf 88' lang='lat' dir='ltr'><strong>intra</strong></span> <span class='ocrx_word' id='word_1_545' title='bbox 3160 3217 3454 3270; x_wconf 87' lang='lat' dir='ltr'><strong>triennium</strong></span> 
     </span>
    </p>
   </div>
   <div class='ocr_carea' id='block_1_78' title="bbox 1876 3291 3451 3370">
    <p class='ocr_par' dir='ltr' id='par_1_78' title="bbox 1876 3291 3451 3370">
     <span class='ocr_line' id='line_1_78' title="bbox 1876 3291 3451 3370; baseline 0.015 -30"><span class='ocrx_word' id='word_1_546' title='bbox 1876 3291 2303 3347; x_wconf 87' lang='lat' dir='ltr'><strong>monasticarum</strong></span> <span class='ocrx_word' id='word_1_547' title='bbox 2337 3297 2562 3362; x_wconf 82' lang='lat' dir='ltr'><strong>quidem</strong></span> <span class='ocrx_word' id='word_1_548' title='bbox 2591 3300 2822 3354; x_wconf 85' lang='lat' dir='ltr'><strong>vestium</strong></span> <span class='ocrx_word' id='word_1_549' title='bbox 2862 3304 3033 3355; x_wconf 86' lang='lat' dir='ltr'><strong>otium</strong></span> <span class='ocrx_word' id='word_1_550' title='bbox 3086 3307 3451 3370; x_wconf 82' lang='lat' dir='ltr'><strong>damnabunt;</strong></span> 
     </span>
    </p>
   </div>
   <div class='ocr_carea' id='block_1_79' title="bbox 1877 3381 3456 3469">
    <p class='ocr_par' dir='ltr' id='par_1_79' title="bbox 1877 3381 3456 3469">
     <span class='ocr_line' id='line_1_79' title="bbox 1877 3381 3456 3469; baseline 0.014 -36"><span class='ocrx_word' id='word_1_551' title='bbox 1877 3381 2034 3437; x_wconf 89' lang='lat' dir='ltr'><strong>laicis</strong></span> <span class='ocrx_word' id='word_1_552' title='bbox 2069 3393 2248 3439; x_wconf 88' lang='lat' dir='ltr'><strong>autem</strong></span> <span class='ocrx_word' id='word_1_553' title='bbox 2280 3385 2598 3445; x_wconf 89' lang='lat' dir='ltr'><strong>iuduentur.</strong></span> <span class='ocrx_word' id='word_1_554' title='bbox 2627 3390 2762 3445; x_wconf 85' lang='lat' dir='ltr'><strong>Nam</strong></span> <span class='ocrx_word' id='word_1_555' title='bbox 2797 3404 2845 3447; x_wconf 87' lang='lat' dir='ltr'><strong>et</strong></span> <span class='ocrx_word' id='word_1_556' title='bbox 2887 3396 3139 3452; x_wconf 84' lang='lat' dir='ltr'><strong>mulieres</strong></span> <span class='ocrx_word' id='word_1_557' title='bbox 3167 3440 3181 3464; x_wconf 94' lang='lat'><strong>,</strong></span> <span class='ocrx_word' id='word_1_558' title='bbox 3209 3417 3328 3469; x_wconf 76' lang='lat' dir='ltr'><strong>qua:</strong></span> <span class='ocrx_word' id='word_1_559' title='bbox 3360 3403 3456 3456; x_wconf 75' lang='lat' dir='ltr'><strong>de—</strong></span> 
     </span>
    </p>
   </div>
   <div class='ocr_carea' id='block_1_80' title="bbox 1877 3472 3453 3564">
    <p class='ocr_par' dir='ltr' id='par_1_80' title="bbox 1877 3472 3453 3564">
     <span class='ocr_line' id='line_1_80' title="bbox 1877 3472 3453 3564; baseline 0.016 -39"><span class='ocrx_word' id='word_1_560' title='bbox 1877 3472 2095 3532; x_wconf 91' lang='lat' dir='ltr'><strong>functos</strong></span> <span class='ocrx_word' id='word_1_561' title='bbox 2156 3481 2301 3534; x_wconf 80' lang='lat' dir='ltr'><strong>viros</strong></span> <span class='ocrx_word' id='word_1_562' title='bbox 2335 3480 2561 3550; x_wconf 88' lang='lat' dir='ltr'><strong>lugent,</strong></span> <span class='ocrx_word' id='word_1_563' title='bbox 2623 3486 2754 3539; x_wconf 87' lang='lat' dir='ltr'><strong>atris</strong></span> <span class='ocrx_word' id='word_1_564' title='bbox 2814 3489 3058 3543; x_wconf 84' lang='lat' dir='ltr'><strong>vestibus</strong></span> <span class='ocrx_word' id='word_1_565' title='bbox 3112 3493 3179 3546; x_wconf 85' lang='lat' dir='ltr'><strong>ad</strong></span> <span class='ocrx_word' id='word_1_566' title='bbox 3240 3502 3453 3564; x_wconf 78' lang='lat' dir='ltr'><strong>tempus</strong></span> 
     </span>
    </p>
   </div>
   <div class='ocr_carea' id='block_1_81' title="bbox 1875 3566 3451 3644">
    <p class='ocr_par' dir='ltr' id='par_1_81' title="bbox 1875 3566 3451 3644">
     <span class='ocr_line' id='line_1_81' title="bbox 1875 3566 3451 3644; baseline 0.013 -26"><span class='ocrx_word' id='word_1_567' title='bbox 1875 3566 2200 3635; x_wconf 87' lang='lat' dir='ltr'><strong>induuntur,</strong></span> <span class='ocrx_word' id='word_1_568' title='bbox 2236 3583 2287 3624; x_wconf 89' lang='lat' dir='ltr'><strong>et</strong></span> <span class='ocrx_word' id='word_1_569' title='bbox 2332 3589 2525 3627; x_wconf 87' lang='lat' dir='ltr'><strong>rursus</strong></span> <span class='ocrx_word' id='word_1_570' title='bbox 2557 3575 2676 3629; x_wconf 86' lang='lat' dir='ltr'><strong>sine</strong></span> <span class='ocrx_word' id='word_1_571' title='bbox 2728 3578 2970 3644; x_wconf 89' lang='lat' dir='ltr'><strong>periculo</strong></span> <span class='ocrx_word' id='word_1_572' title='bbox 3017 3585 3309 3639; x_wconf 63' lang='lat' dir='ltr'><strong>saeculares</strong></span> <span class='ocrx_word' id='word_1_573' title='bbox 3366 3588 3451 3639; x_wconf 85' lang='lat' dir='ltr'><strong>in-</strong></span> 
     </span>
    </p>
   </div>
   <div class='ocr_carea' id='block_1_82' title="bbox 1875 3656 3450 3730">
    <p class='ocr_par' dir='ltr' id='par_1_82' title="bbox 1875 3656 3450 3730">
     <span class='ocr_line' id='line_1_82' title="bbox 1875 3656 3450 3730; baseline 0.013 -21"><span class='ocrx_word' id='word_1_574' title='bbox 1875 3656 2074 3712; x_wconf 90' lang='lat' dir='ltr'><strong>duunt.</strong></span> <span class='ocrx_word' id='word_1_575' title='bbox 2119 3659 2182 3712; x_wconf 82' lang='lat' dir='ltr'><strong>Et</strong></span> <span class='ocrx_word' id='word_1_576' title='bbox 2211 3661 2262 3713; x_wconf 77' lang='lat' dir='ltr'><strong>lii</strong></span> <span class='ocrx_word' id='word_1_577' title='bbox 2296 3663 2514 3729; x_wconf 87' lang='lat' dir='ltr'><strong>quidem</strong></span> <span class='ocrx_word' id='word_1_578' title='bbox 2542 3665 2657 3719; x_wconf 71' lang='lat' dir='ltr'><strong>bzrc</strong></span> <span class='ocrx_word' id='word_1_579' title='bbox 2688 3667 2897 3721; x_wconf 77' lang='lat' dir='ltr'><strong>dirunt.</strong></span> <span class='ocrx_word' id='word_1_580' title='bbox 2959 3669 3210 3728; x_wconf 83' lang='lat' dir='ltr'><strong>Pluribus</strong></span> <span class='ocrx_word' id='word_1_581' title='bbox 3270 3685 3450 3730; x_wconf 84' lang='lat' dir='ltr'><strong>autem</strong></span> 
     </span>
    </p>
   </div>
   <div class='ocr_carea' id='block_1_83' title="bbox 1875 3753 3453 3833">
    <p class='ocr_par' dir='ltr' id='par_1_83' title="bbox 1875 3753 3453 3833">
     <span class='ocr_line' id='line_1_83' title="bbox 1875 3753 3453 3833; baseline 0.013 -30"><span class='ocrx_word' id='word_1_582' title='bbox 1875 3762 1924 3803; x_wconf 87' lang='lat' dir='ltr'><strong>et</strong></span> <span class='ocrx_word' id='word_1_583' title='bbox 1963 3753 2398 3820; x_wconf 85' lang='lat' dir='ltr'><strong>religiosioribus</strong></span> <span class='ocrx_word' id='word_1_584' title='bbox 2426 3773 2533 3810; x_wconf 93' lang='lat' dir='ltr'><strong>non</strong></span> <span class='ocrx_word' id='word_1_585' title='bbox 2563 3758 2773 3813; x_wconf 89' lang='lat' dir='ltr'><strong>videtur</strong></span> <span class='ocrx_word' id='word_1_586' title='bbox 2808 3763 2858 3814; x_wconf 92' lang='lat' dir='ltr'><strong>in</strong></span> <span class='ocrx_word' id='word_1_587' title='bbox 2883 3763 3000 3832; x_wconf 82' lang='lat' dir='ltr'><strong>ejus</strong></span> <span class='ocrx_word' id='word_1_588' title='bbox 3023 3781 3143 3818; x_wconf 81' lang='lat' dir='ltr'><strong>esse</strong></span> <span class='ocrx_word' id='word_1_589' title='bbox 3164 3777 3453 3833; x_wconf 80' lang='lat' dir='ltr'><strong>potestate,</strong></span> 
     </span>
    </p>
   </div>
   <div class='ocr_carea' id='block_1_84' title="bbox 1876 3846 3453 3930">
    <p class='ocr_par' dir='ltr' id='par_1_84' title="bbox 1876 3846 3453 3930">
     <span class='ocr_line' id='line_1_84' title="bbox 1876 3846 3453 3930; baseline 0.013 -35"><span class='ocrx_word' id='word_1_590' title='bbox 1876 3846 1967 3912; x_wconf 89' lang='lat' dir='ltr'><strong>qui</strong></span> <span class='ocrx_word' id='word_1_591' title='bbox 2002 3848 2393 3901; x_wconf 80' lang='lat' dir='ltr'><strong>monasterium</strong></span> <span class='ocrx_word' id='word_1_592' title='bbox 2431 3850 2734 3921; x_wconf 84' lang='lat' dir='ltr'><strong>ingressus,</strong></span> <span class='ocrx_word' id='word_1_593' title='bbox 2768 3865 2841 3918; x_wconf 90' lang='lat' dir='ltr'><strong>et,</strong></span> <span class='ocrx_word' id='word_1_594' title='bbox 2873 3857 3368 3930; x_wconf 87' lang='lat' dir='ltr'><strong>quomodocuuque</strong></span> <span class='ocrx_word' id='word_1_595' title='bbox 3393 3881 3453 3916; x_wconf 74' lang='lat' dir='ltr'><strong>se</strong></span> 
     </span>
    </p>
   </div>
   <div class='ocr_carea' id='block_1_85' title="bbox 1877 3937 3443 4014">
    <p class='ocr_par' dir='ltr' id='par_1_85' title="bbox 1877 3937 3443 4014">
     <span class='ocr_line' id='line_1_85' title="bbox 1877 3937 3443 4014; baseline 0.012 -26"><span class='ocrx_word' id='word_1_596' title='bbox 1877 3951 1965 3990; x_wconf 87' lang='lat' dir='ltr'><strong>res</strong></span> <span class='ocrx_word' id='word_1_597' title='bbox 1999 3937 2213 4001; x_wconf 87' lang='lat' dir='ltr'><strong>habeat,</strong></span> <span class='ocrx_word' id='word_1_598' title='bbox 2246 3941 2415 4010; x_wconf 88' lang='lat' dir='ltr'><strong>nigris</strong></span> <span class='ocrx_word' id='word_1_599' title='bbox 2443 3945 2685 3999; x_wconf 84' lang='lat' dir='ltr'><strong>vestibus</strong></span> <span class='ocrx_word' id='word_1_600' title='bbox 2718 3946 2940 4001; x_wconf 89' lang='lat' dir='ltr'><strong>indutus</strong></span> <span class='ocrx_word' id='word_1_601' title='bbox 2971 3959 3054 4003; x_wconf 89' lang='lat' dir='ltr'><strong>est</strong></span> <span class='ocrx_word' id='word_1_602' title='bbox 3085 3991 3099 4014; x_wconf 93' lang='lat'><strong>,</strong></span> <span class='ocrx_word' id='word_1_603' title='bbox 3144 3963 3198 4006; x_wconf 90' lang='lat' dir='ltr'><strong>et</strong></span> <span class='ocrx_word' id='word_1_604' title='bbox 3252 3969 3443 4006; x_wconf 80' lang='lat' dir='ltr'><strong>mona-</strong></span> 
     </span>
    </p>
   </div>
   <div class='ocr_carea' id='block_1_86' title="bbox 1877 4028 3452 4113">
    <p class='ocr_par' dir='ltr' id='par_1_86' title="bbox 1877 4028 3452 4113">
     <span class='ocr_line' id='line_1_86' title="bbox 1877 4028 3452 4113; baseline 0.012 -33"><span class='ocrx_word' id='word_1_605' title='bbox 1877 4028 2015 4080; x_wconf 81' lang='lat' dir='ltr'><strong>stico</strong></span> <span class='ocrx_word' id='word_1_606' title='bbox 2049 4044 2202 4084; x_wconf 89' lang='lat' dir='ltr'><strong>more</strong></span> <span class='ocrx_word' id='word_1_607' title='bbox 2235 4032 2403 4102; x_wconf 91' lang='lat' dir='ltr'><strong>degit,</strong></span> <span class='ocrx_word' id='word_1_608' title='bbox 2445 4034 2688 4089; x_wconf 84' lang='lat' dir='ltr'><strong>habitum</strong></span> <span class='ocrx_word' id='word_1_609' title='bbox 2741 4037 2940 4092; x_wconf 89' lang='lat' dir='ltr'><strong>laicum</strong></span> <span class='ocrx_word' id='word_1_610' title='bbox 2989 4057 3289 4099; x_wconf 73' lang='lat' dir='ltr'><strong>resumere.</strong></span> <span class='ocrx_word' id='word_1_611' title='bbox 3348 4046 3452 4113; x_wconf 66' lang='lat' dir='ltr'><strong>Ipsi</strong></span> 
     </span>
    </p>
   </div>
   <div class='ocr_carea' id='block_1_87' title="bbox 1876 4119 3456 4206">
    <p class='ocr_par' dir='ltr' id='par_1_87' title="bbox 1876 4119 3456 4206">
     <span class='ocr_line' id='line_1_87' title="bbox 1876 4119 3456 4206; baseline 0.012 -34"><span class='ocrx_word' id='word_1_612' title='bbox 1876 4119 2045 4185; x_wconf 90' lang='lat' dir='ltr'><strong>enim,</strong></span> <span class='ocrx_word' id='word_1_613' title='bbox 2080 4123 2354 4191; x_wconf 88' lang='lat' dir='ltr'><strong>inquiunt,</strong></span> <span class='ocrx_word' id='word_1_614' title='bbox 2389 4126 2591 4180; x_wconf 88' lang='lat' dir='ltr'><strong>licebat</strong></span> <span class='ocrx_word' id='word_1_615' title='bbox 2628 4143 2752 4182; x_wconf 90' lang='lat' dir='ltr'><strong>cum</strong></span> <span class='ocrx_word' id='word_1_616' title='bbox 2788 4132 3036 4185; x_wconf 86' lang='lat' dir='ltr'><strong>vestibus</strong></span> <span class='ocrx_word' id='word_1_617' title='bbox 3089 4136 3244 4190; x_wconf 85' lang='lat' dir='ltr'><strong>laicis</strong></span> <span class='ocrx_word' id='word_1_618' title='bbox 3277 4141 3456 4206; x_wconf 86' lang='lat' dir='ltr'><strong>spatio</strong></span> 
     </span>
    </p>
   </div>
   <div class='ocr_carea' id='block_1_88' title="bbox 1879 4214 3454 4290">
    <p class='ocr_par' dir='ltr' id='par_1_88' title="bbox 1879 4214 3454 4290">
     <span class='ocr_line' id='line_1_88' title="bbox 1879 4214 3454 4290; baseline 0.014 -26"><span class='ocrx_word' id='word_1_619' title='bbox 1879 4214 2097 4268; x_wconf 85' lang='lat' dir='ltr'><strong>triennii</strong></span> <span class='ocrx_word' id='word_1_620' title='bbox 2134 4218 2402 4285; x_wconf 85' lang='lat' dir='ltr'><strong>probari:</strong></span> <span class='ocrx_word' id='word_1_621' title='bbox 2458 4231 2512 4274; x_wconf 84' lang='lat' dir='ltr'><strong>at</strong></span> <span class='ocrx_word' id='word_1_622' title='bbox 2559 4224 2686 4290; x_wconf 87' lang='lat' dir='ltr'><strong>quia</strong></span> <span class='ocrx_word' id='word_1_623' title='bbox 2744 4237 2923 4280; x_wconf 89' lang='lat' dir='ltr'><strong>vestes</strong></span> <span class='ocrx_word' id='word_1_624' title='bbox 2986 4231 3317 4286; x_wconf 88' lang='lat' dir='ltr'><strong>monasticas</strong></span> <span class='ocrx_word' id='word_1_625' title='bbox 3369 4235 3454 4286; x_wconf 87' lang='lat' dir='ltr'><strong>in-</strong></span> 
     </span>
    </p>
   </div>
   <div class='ocr_carea' id='block_1_89' title="bbox 1879 4308 3451 4390">
    <p class='ocr_par' dir='ltr' id='par_1_89' title="bbox 1879 4308 3451 4390">
     <span class='ocr_line' id='line_1_89' title="bbox 1879 4308 3451 4390; baseline 0.014 -31"><span class='ocrx_word' id='word_1_626' title='bbox 1879 4308 2018 4371; x_wconf 91' lang='lat' dir='ltr'><strong>duit,</strong></span> <span class='ocrx_word' id='word_1_627' title='bbox 2057 4322 2281 4380; x_wconf 78' lang='lat' dir='ltr'><strong>cogetur</strong></span> <span class='ocrx_word' id='word_1_628' title='bbox 2309 4329 2468 4366; x_wconf 89' lang='lat' dir='ltr'><strong>suum</strong></span> <span class='ocrx_word' id='word_1_629' title='bbox 2504 4316 2626 4370; x_wconf 79' lang='lat' dir='ltr'><strong>vitze</strong></span> <span class='ocrx_word' id='word_1_630' title='bbox 2661 4321 2999 4386; x_wconf 89' lang='lat' dir='ltr'><strong>propositum</strong></span> <span class='ocrx_word' id='word_1_631' title='bbox 3037 4328 3330 4390; x_wconf 85' lang='lat' dir='ltr'><strong>perlicere;</strong></span> <span class='ocrx_word' id='word_1_632' title='bbox 3367 4329 3451 4381; x_wconf 81' lang='lat' dir='ltr'><strong>sin</strong></span> 
     </span>
    </p>
   </div>
   <div class='ocr_carea' id='block_1_90' title="bbox 1880 4401 3454 4477">
    <p class='ocr_par' dir='ltr' id='par_1_90' title="bbox 1880 4401 3454 4477">
     <span class='ocr_line' id='line_1_90' title="bbox 1880 4401 3454 4477; baseline 0.013 -27"><span class='ocrx_word' id='word_1_633' title='bbox 1880 4413 2008 4452; x_wconf 88' lang='lat' dir='ltr'><strong>vero</strong></span> <span class='ocrx_word' id='word_1_634' title='bbox 2079 4401 2183 4454; x_wconf 91' lang='lat' dir='ltr'><strong>hoc</strong></span> <span class='ocrx_word' id='word_1_635' title='bbox 2227 4417 2370 4471; x_wconf 68' lang='lat' dir='ltr'><strong>aegre</strong></span> <span class='ocrx_word' id='word_1_636' title='bbox 2432 4404 2567 4459; x_wconf 72' lang='lat' dir='ltr'><strong>{erat</strong></span> <span class='ocrx_word' id='word_1_637' title='bbox 2594 4450 2609 4472; x_wconf 92' lang='lat'><strong>,</strong></span> <span class='ocrx_word' id='word_1_638' title='bbox 2667 4410 2962 4477; x_wconf 88' lang='lat' dir='ltr'><strong>punietur,</strong></span> <span class='ocrx_word' id='word_1_639' title='bbox 3023 4424 3080 4468; x_wconf 91' lang='lat' dir='ltr'><strong>ut</strong></span> <span class='ocrx_word' id='word_1_640' title='bbox 3111 4414 3195 4468; x_wconf 81' lang='lat' dir='ltr'><strong>lex</strong></span> <span class='ocrx_word' id='word_1_641' title='bbox 3237 4415 3369 4470; x_wconf 88' lang='lat' dir='ltr'><strong>dicit</strong></span> <span class='ocrx_word' id='word_1_642' title='bbox 3398 4420 3454 4472; x_wconf 89' lang='lat' dir='ltr'><strong>in</strong></span> 
     </span>
    </p>
   </div>
   <div class='ocr_carea' id='block_1_91' title="bbox 1879 4492 3451 4562">
    <p class='ocr_par' dir='ltr' id='par_1_91' title="bbox 1879 4492 3451 4562">
     <span class='ocr_line' id='line_1_91' title="bbox 1879 4492 3451 4562; baseline 0.014 -21"><span class='ocrx_word' id='word_1_643' title='bbox 1879 4492 2058 4558; x_wconf 91' lang='lat' dir='ltr'><strong>primo</strong></span> <span class='ocrx_word' id='word_1_644' title='bbox 2092 4494 2268 4556; x_wconf 88' lang='lat' dir='ltr'><strong>titulo,</strong></span> <span class='ocrx_word' id='word_1_645' title='bbox 2299 4509 2350 4547; x_wconf 87' lang='lat' dir='ltr'><strong>tv</strong></span> <span class='ocrx_word' id='word_1_646' title='bbox 2383 4496 2476 4549; x_wconf 87' lang='lat' dir='ltr'><strong>lib.</strong></span> <span class='ocrx_word' id='word_1_647' title='bbox 2513 4497 2780 4562; x_wconf 88' lang='lat' dir='ltr'><strong>Quoniam</strong></span> <span class='ocrx_word' id='word_1_648' title='bbox 2834 4511 3017 4556; x_wconf 90' lang='lat' dir='ltr'><strong>autem</strong></span> <span class='ocrx_word' id='word_1_649' title='bbox 3071 4506 3250 4559; x_wconf 87' lang='lat' dir='ltr'><strong>audivi</strong></span> <span class='ocrx_word' id='word_1_650' title='bbox 3311 4525 3451 4562; x_wconf 91' lang='lat' dir='ltr'><strong>nou-</strong></span> 
     </span>
    </p>
   </div>
   <div class='ocr_carea' id='block_1_92' title="bbox 201 4570 1772 4662">
    <p class='ocr_par' dir='ltr' id='par_1_92' title="bbox 201 4570 1772 4641">
     <span class='ocr_line' id='line_1_92' title="bbox 201 4570 1772 4641; baseline 0.003 -21"><span class='ocrx_word' id='word_1_651' title='bbox 201 4570 463 4638; x_wconf 84' lang='grc' dir='ltr'><strong>πρόθεσιν</strong></span> <span class='ocrx_word' id='word_1_652' title='bbox 497 4585 512 4600; x_wconf 78' lang='grc'><strong>⁸</strong></span> <span class='ocrx_word' id='word_1_653' title='bbox 547 4572 596 4622; x_wconf 85' lang='grc' dir='ltr'><strong>εί</strong></span> <span class='ocrx_word' id='word_1_654' title='bbox 637 4570 692 4622; x_wconf 85' lang='grc' dir='ltr'><strong>δὲ</strong></span> <span class='ocrx_word' id='word_1_655' title='bbox 731 4570 870 4640; x_wconf 76' lang='grc' dir='ltr'><strong>πρὸς</strong></span> <span class='ocrx_word' id='word_1_656' title='bbox 901 4571 1062 4623; x_wconf 78' lang='grc' dir='ltr'><strong>τοῦτο</strong></span> <span class='ocrx_word' id='word_1_657' title='bbox 1096 4572 1562 4641; x_wconf 80' lang='grc' dir='ltr'><strong>ἀποδυσπετήσει,</strong></span> <span class='ocrx_word' id='word_1_658' title='bbox 1601 4590 1772 4641; x_wconf 85' lang='grc' dir='ltr'><strong>τιμω-</strong></span> 
     </span>
    </p>
   </div>
   <div class='ocr_carea' id='block_1_93' title="bbox 1876 4570 3458 4662">
    <p class='ocr_par' dir='ltr' id='par_1_93' title="bbox 1881 4584 3458 4662">
     <span class='ocr_line' id='line_1_93' title="bbox 1881 4584 3458 4662; baseline 0.011 -26"><span class='ocrx_word' id='word_1_659' title='bbox 1881 4584 2061 4637; x_wconf 92' lang='lat' dir='ltr'><strong>nullos</strong></span> <span class='ocrx_word' id='word_1_660' title='bbox 2084 4584 2238 4651; x_wconf 82' lang='lat' dir='ltr'><strong>queri</strong></span> <span class='ocrx_word' id='word_1_661' title='bbox 2267 4584 2335 4638; x_wconf 90' lang='lat' dir='ltr'><strong>de</strong></span> <span class='ocrx_word' id='word_1_662' title='bbox 2365 4589 2657 4655; x_wconf 69' lang='lat' dir='ltr'><strong>prtefectis,</strong></span> <span class='ocrx_word' id='word_1_663' title='bbox 2691 4591 2783 4659; x_wconf 89' lang='lat' dir='ltr'><strong>qui</strong></span> <span class='ocrx_word' id='word_1_664' title='bbox 2823 4592 2889 4645; x_wconf 84' lang='lat' dir='ltr'><strong>ad</strong></span> <span class='ocrx_word' id='word_1_665' title='bbox 2943 4595 3087 4662; x_wconf 88' lang='lat' dir='ltr'><strong>ipsos</strong></span> <span class='ocrx_word' id='word_1_666' title='bbox 3134 4599 3458 4654; x_wconf 85' lang='lat' dir='ltr'><strong>accedentes</strong></span> 
     </span>
    </p>
   </div>
   <div class='ocr_carea' id='block_1_94' title="bbox 200 4659 1774 4733">
    <p class='ocr_par' dir='ltr' id='par_1_94' title="bbox 200 4659 1774 4733">
     <span class='ocr_line' id='line_1_94' title="bbox 200 4659 1774 4733; baseline 0.001 -21"><span class='ocrx_word' id='word_1_667' title='bbox 200 4660 527 4733; x_wconf 81' lang='grc' dir='ltr'><strong>ρηθήσεται,</strong></span> <span class='ocrx_word' id='word_1_668' title='bbox 565 4659 753 4723; x_wconf 86' lang='grc' dir='ltr'><strong>καθὼς</strong></span> <span class='ocrx_word' id='word_1_669' title='bbox 784 4662 812 4713; x_wconf 82' lang='grc' dir='ltr'>ὁ</span> <span class='ocrx_word' id='word_1_670' title='bbox 841 4661 1004 4732; x_wconf 80' lang='grc' dir='ltr'>νόμος</span> <span class='ocrx_word' id='word_1_671' title='bbox 1035 4663 1202 4732; x_wconf 77' lang='grc' dir='ltr'><strong>φησὶν</strong></span> <span class='ocrx_word' id='word_1_672' title='bbox 1229 4663 1287 4715; x_wconf 83' lang='grc' dir='ltr'><strong>ἐν</strong></span> <span class='ocrx_word' id='word_1_673' title='bbox 1312 4662 1389 4732; x_wconf 79' lang='grc' dir='ltr'><strong>τῷ</strong></span> <span class='ocrx_word' id='word_1_674' title='bbox 1407 4659 1454 4714; x_wconf 82' lang='grc' dir='ltr'><strong>α’</strong></span> <span class='ocrx_word' id='word_1_675' title='bbox 1498 4663 1661 4732; x_wconf 83' lang='grc' dir='ltr'><strong>τίτλῳ</strong></span> <span class='ocrx_word' id='word_1_676' title='bbox 1682 4663 1774 4716; x_wconf 70' lang='grc' dir='ltr'><strong>τοῦ</strong></span> 
     </span>
    </p>
   </div>
   <div class='ocr_carea' id='block_1_95' title="bbox 200 4753 1776 4824">
    <p class='ocr_par' dir='ltr' id='par_1_95' title="bbox 200 4753 1776 4824">
     <span class='ocr_line' id='line_1_95' title="bbox 200 4753 1776 4824; baseline -0.002 -15"><span class='ocrx_word' id='word_1_677' title='bbox 200 4753 240 4809; x_wconf 79' lang='grc' dir='ltr'><strong>δ’</strong></span> <span class='ocrx_word' id='word_1_678' title='bbox 276 4754 506 4823; x_wconf 87' lang='grc' dir='ltr'><strong>βιϐλίου.</strong></span> <span class='ocrx_word' id='word_1_679' title='bbox 554 4754 708 4807; x_wconf 77' lang='grc' dir='ltr'><strong>Ἐπεὶ</strong></span> <span class='ocrx_word' id='word_1_680' title='bbox 727 4755 782 4805; x_wconf 80' lang='grc' dir='ltr'><strong>δὲ</strong></span> <span class='ocrx_word' id='word_1_681' title='bbox 829 4754 1042 4824; x_wconf 72' lang='grc' dir='ltr'><strong>ἡκουσᾶ</strong></span> <span class='ocrx_word' id='word_1_682' title='bbox 1064 4771 1225 4806; x_wconf 88' lang='grc' dir='ltr'><strong>τινων</strong></span> <span class='ocrx_word' id='word_1_683' title='bbox 1253 4754 1627 4823; x_wconf 83' lang='grc' dir='ltr'><strong>μεμφομένων</strong></span> <span class='ocrx_word' id='word_1_684' title='bbox 1650 4755 1776 4817; x_wconf 83' lang='grc' dir='ltr'><strong>τοὺς</strong></span> 
     </span>
    </p>
   </div>
   <div class='ocr_carea' id='block_1_96' title="bbox 202 4846 1774 4915">
    <p class='ocr_par' dir='ltr' id='par_1_96' title="bbox 202 4846 1774 4915">
     <span class='ocr_line' id='line_1_96' title="bbox 202 4846 1774 4915; baseline -0.001 -16"><span class='ocrx_word' id='word_1_685' title='bbox 202 4846 677 4914; x_wconf 71' lang='grc' dir='ltr'><strong>καθηγουμένους,</strong></span> <span class='ocrx_word' id='word_1_686' title='bbox 712 4847 834 4909; x_wconf 71' lang='grc' dir='ltr'><strong>τοὺς</strong></span> <span class='ocrx_word' id='word_1_687' title='bbox 864 4847 938 4914; x_wconf 86' lang='grc' dir='ltr'><strong>μὴ</strong></span> <span class='ocrx_word' id='word_1_688' title='bbox 983 4848 1123 4915; x_wconf 71' lang='grc' dir='ltr'><strong>μετὰ</strong></span> <span class='ocrx_word' id='word_1_689' title='bbox 1177 4847 1506 4913; x_wconf 79' lang='grc' dir='ltr'><strong>δοκιμασίαν</strong></span> <span class='ocrx_word' id='word_1_690' title='bbox 1547 4846 1774 4899; x_wconf 82' lang='grc' dir='ltr'><strong>ἀποκεί-</strong></span> 
     </span>
    </p>
   </div>
   <div class='ocr_carea' id='block_1_97' title="bbox 203 4937 1776 5008">
    <p class='ocr_par' dir='ltr' id='par_1_97' title="bbox 203 4937 1776 5008">
     <span class='ocr_line' id='line_1_97' title="bbox 203 4937 1776 5008; baseline 0.002 -20"><span class='ocrx_word' id='word_1_691' title='bbox 203 4953 402 5008; x_wconf 85' lang='grc' dir='ltr'><strong>ροντας</strong></span> <span class='ocrx_word' id='word_1_692' title='bbox 427 4937 556 4999; x_wconf 73' lang='grc' dir='ltr'><strong>τοὺς</strong></span> <span class='ocrx_word' id='word_1_693' title='bbox 586 4938 1064 5007; x_wconf 83' lang='grc' dir='ltr'><strong>προσερχομένους</strong></span> <span class='ocrx_word' id='word_1_694' title='bbox 1094 4937 1300 5000; x_wconf 80' lang='grc' dir='ltr'><strong>αὐτοῖς,</strong></span> <span class='ocrx_word' id='word_1_695' title='bbox 1327 4939 1420 4990; x_wconf 73' lang='grc' dir='ltr'><strong>καὶ</strong></span> <span class='ocrx_word' id='word_1_696' title='bbox 1459 4939 1600 4992; x_wconf 85' lang='grc' dir='ltr'><strong>κατὰ</strong></span> <span class='ocrx_word' id='word_1_697' title='bbox 1621 4938 1776 4992; x_wconf 80' lang='grc' dir='ltr'><strong>τοῦτο</strong></span> 
     </span>
    </p>
   </div>
   <div class='ocr_carea' id='block_1_98' title="bbox 203 5025 1776 5098">
    <p class='ocr_par' dir='ltr' id='par_1_98' title="bbox 203 5025 1776 5098">
     <span class='ocr_line' id='line_1_98' title="bbox 203 5025 1776 5098; baseline 0.001 -18"><span class='ocrx_word' id='word_1_698' title='bbox 203 5027 640 5098; x_wconf 79' lang='grc' dir='ltr'><strong>παραϐαίνοντας</strong></span> <span class='ocrx_word' id='word_1_699' title='bbox 662 5025 865 5080; x_wconf 78' lang='grc' dir='ltr'><strong>ὡσανεὶ</strong></span> <span class='ocrx_word' id='word_1_700' title='bbox 896 5027 986 5080; x_wconf 68' lang='grc' dir='ltr'><strong>τὸν</strong></span> <span class='ocrx_word' id='word_1_701' title='bbox 1015 5028 1264 5097; x_wconf 84' lang='grc' dir='ltr'><strong>παρόντα</strong></span> <span class='ocrx_word' id='word_1_702' title='bbox 1301 5028 1502 5081; x_wconf 78' lang='grc' dir='ltr'><strong>κανόνα</strong></span> <span class='ocrx_word' id='word_1_703' title='bbox 1524 5045 1538 5058; x_wconf 87' lang='grc'>·</span> <span class='ocrx_word' id='word_1_704' title='bbox 1571 5030 1776 5097; x_wconf 77' lang='grc' dir='ltr'><strong>νομίζω</strong></span> 
     </span>
    </p>
   </div>
   <div class='ocr_carea' id='block_1_99' title="bbox 197 5114 1774 5187">
    <p class='ocr_par' dir='ltr' id='par_1_99' title="bbox 197 5114 1774 5187">
     <span class='ocr_line' id='line_1_99' title="bbox 197 5114 1774 5187; baseline -0.002 -15"><span class='ocrx_word' id='word_1_705' title='bbox 197 5119 370 5174; x_wconf 79' lang='grc' dir='ltr'><strong>ὅτιτὸ</strong></span> <span class='ocrx_word' id='word_1_706' title='bbox 411 5124 459 5185; x_wconf 84' lang='grc' dir='ltr'><strong>γ’</strong></span> <span class='ocrx_word' id='word_1_707' title='bbox 519 5134 644 5185; x_wconf 83' lang='grc' dir='ltr'><strong>κεφ.</strong></span> <span class='ocrx_word' id='word_1_708' title='bbox 682 5117 776 5169; x_wconf 81' lang='grc' dir='ltr'><strong>τοῦ</strong></span> <span class='ocrx_word' id='word_1_709' title='bbox 815 5123 862 5170; x_wconf 86' lang='grc' dir='ltr'><strong>α’</strong></span> <span class='ocrx_word' id='word_1_710' title='bbox 911 5117 1094 5170; x_wconf 86' lang='grc' dir='ltr'><strong>τίτλου</strong></span> <span class='ocrx_word' id='word_1_711' title='bbox 1140 5117 1232 5170; x_wconf 77' lang='grc' dir='ltr'><strong>τοῦ</strong></span> <span class='ocrx_word' id='word_1_712' title='bbox 1287 5114 1329 5170; x_wconf 78' lang='grc' dir='ltr'><strong>δ’</strong></span> <span class='ocrx_word' id='word_1_713' title='bbox 1371 5118 1596 5187; x_wconf 84' lang='grc' dir='ltr'><strong>βιϐλίου,</strong></span> <span class='ocrx_word' id='word_1_714' title='bbox 1639 5119 1774 5187; x_wconf 80' lang='grc' dir='ltr'><strong>ὅπερ</strong></span> 
     </span>
    </p>
   </div>
   <div class='ocr_carea' id='block_1_100' title="bbox 198 5204 1774 5278">
    <p class='ocr_par' dir='ltr' id='par_1_100' title="bbox 198 5204 1774 5278">
     <span class='ocr_line' id='line_1_100' title="bbox 198 5204 1774 5278; baseline -0.001 -16"><span class='ocrx_word' id='word_1_715' title='bbox 198 5207 317 5262; x_wconf 73' lang='grc' dir='ltr'><strong>ἐστὶ</strong></span> <span class='ocrx_word' id='word_1_716' title='bbox 343 5208 382 5259; x_wconf 80' lang='grc' dir='ltr'><strong>δ’</strong></span> <span class='ocrx_word' id='word_1_717' title='bbox 432 5208 629 5275; x_wconf 81' lang='grc' dir='ltr'><strong>κεφὰλ.</strong></span> <span class='ocrx_word' id='word_1_718' title='bbox 655 5207 754 5276; x_wconf 81' lang='grc' dir='ltr'><strong>τῆς</strong></span> <span class='ocrx_word' id='word_1_719' title='bbox 779 5204 898 5278; x_wconf 76' lang='grc' dir='ltr'><strong>ρκγ¹</strong></span> <span class='ocrx_word' id='word_1_720' title='bbox 935 5207 1364 5260; x_wconf 82' lang='grc' dir='ltr'><strong>ἰουστινιανείου</strong></span> <span class='ocrx_word' id='word_1_721' title='bbox 1399 5209 1638 5277; x_wconf 76' lang='grc' dir='ltr'><strong>Νεαρᾶς,</strong></span> <span class='ocrx_word' id='word_1_722' title='bbox 1659 5207 1774 5260; x_wconf 86' lang='grc' dir='ltr'><strong>λύει</strong></span> 
     </span>
    </p>
   </div>
   <div class='ocr_carea' id='block_1_101' title="bbox 204 5295 1773 5366">
    <p class='ocr_par' dir='ltr' id='par_1_101' title="bbox 204 5295 1773 5366">
     <span class='ocr_line' id='line_1_101' title="bbox 204 5295 1773 5366; baseline 0.001 -17"><span class='ocrx_word' id='word_1_723' title='bbox 204 5297 298 5349; x_wconf 70' lang='grc' dir='ltr'><strong>καὶ</strong></span> <span class='ocrx_word' id='word_1_724' title='bbox 330 5297 392 5349; x_wconf 85' lang='grc' dir='ltr'><strong>τὸ</strong></span> <span class='ocrx_word' id='word_1_725' title='bbox 424 5295 668 5349; x_wconf 82' lang='grc' dir='ltr'><strong>τοιοῦτον</strong></span> <span class='ocrx_word' id='word_1_726' title='bbox 693 5297 1016 5366; x_wconf 82' lang='grc' dir='ltr'><strong>ἀμφίϐολον.</strong></span> <span class='ocrx_word' id='word_1_727' title='bbox 1049 5299 1188 5366; x_wconf 77' lang='grc' dir='ltr'><strong>Φησὶ</strong></span> <span class='ocrx_word' id='word_1_728' title='bbox 1217 5298 1325 5366; x_wconf 82' lang='grc' dir='ltr'><strong>γάρ</strong></span> <span class='ocrx_word' id='word_1_729' title='bbox 1349 5313 1364 5328; x_wconf 75' lang='grc'><strong>⁸</strong></span> <span class='ocrx_word' id='word_1_730' title='bbox 1394 5299 1459 5350; x_wconf 84' lang='grc' dir='ltr'>Εἰ</span> <span class='ocrx_word' id='word_1_731' title='bbox 1485 5315 1566 5360; x_wconf 81' lang='grc' dir='ltr'><strong>τις</strong></span> <span class='ocrx_word' id='word_1_732' title='bbox 1602 5297 1659 5349; x_wconf 85' lang='grc' dir='ltr'>δὲ</span> <span class='ocrx_word' id='word_1_733' title='bbox 1694 5301 1773 5361; x_wconf 84' lang='grc' dir='ltr'><strong>είς</strong></span> 
     </span>
    </p>
   </div>
   <div class='ocr_carea' id='block_1_102' title="bbox 205 5388 1773 5459">
    <p class='ocr_par' dir='ltr' id='par_1_102' title="bbox 205 5388 1773 5459">
     <span class='ocr_line' id='line_1_102' title="bbox 205 5388 1773 5459; baseline 0.002 -17"><span class='ocrx_word' id='word_1_734' title='bbox 205 5389 502 5459; x_wconf 79' lang='grc' dir='ltr'><strong>μοναχικὸν</strong></span> <span class='ocrx_word' id='word_1_735' title='bbox 527 5388 644 5458; x_wconf 85' lang='grc' dir='ltr'><strong>βίον</strong></span> <span class='ocrx_word' id='word_1_736' title='bbox 672 5389 846 5442; x_wconf 80' lang='grc' dir='ltr'><strong>ἐλθεῖν</strong></span> <span class='ocrx_word' id='word_1_737' title='bbox 885 5389 1198 5459; x_wconf 83' lang='grc' dir='ltr'><strong>βουληθείη,</strong></span> <span class='ocrx_word' id='word_1_738' title='bbox 1228 5389 1547 5459; x_wconf 82' lang='grc' dir='ltr'><strong>κελεύομεν,</strong></span> <span class='ocrx_word' id='word_1_739' title='bbox 1584 5392 1692 5453; x_wconf 79' lang='grc' dir='ltr'><strong>ἵνα,</strong></span> <span class='ocrx_word' id='word_1_740' title='bbox 1724 5393 1773 5445; x_wconf 80' lang='grc' dir='ltr'><strong>εἰ</strong></span> 
     </span>
    </p>
   </div>
   <div class='ocr_carea' id='block_1_103' title="bbox 201 5479 1774 5550">
    <p class='ocr_par' dir='ltr' id='par_1_103' title="bbox 201 5479 1774 5550">
     <span class='ocr_line' id='line_1_103' title="bbox 201 5479 1774 5550; baseline 0.003 -20"><span class='ocrx_word' id='word_1_741' title='bbox 201 5479 302 5546; x_wconf 76' lang='grc' dir='ltr'><strong>μὲν</strong></span> <span class='ocrx_word' id='word_1_742' title='bbox 332 5479 646 5548; x_wconf 80' lang='grc' dir='ltr'><strong>γνὼρισμὸς</strong></span> <span class='ocrx_word' id='word_1_743' title='bbox 672 5480 821 5531; x_wconf 76' lang='grc' dir='ltr'><strong>ἐστιν</strong></span> <span class='ocrx_word' id='word_1_744' title='bbox 855 5480 936 5531; x_wconf 79' lang='grc' dir='ltr'><strong>ὅτι</strong></span> <span class='ocrx_word' id='word_1_745' title='bbox 971 5479 1196 5550; x_wconf 70' lang='grc' dir='ltr'><strong>οὐδεμιᾷ</strong></span> <span class='ocrx_word' id='word_1_746' title='bbox 1223 5479 1359 5549; x_wconf 72' lang='grc' dir='ltr'><strong>τύχῃ</strong></span> <span class='ocrx_word' id='word_1_747' title='bbox 1411 5481 1714 5546; x_wconf 81' lang='grc' dir='ltr'><strong>ὑπόκειται,</strong></span> <span class='ocrx_word' id='word_1_748' title='bbox 1747 5484 1774 5534; x_wconf 87' lang='grc' dir='ltr'>ὁ</span> 
     </span>
    </p>
   </div>
   <div class='ocr_carea' id='block_1_104' title="bbox 207 5567 1772 5639">
    <p class='ocr_par' dir='ltr' id='par_1_104' title="bbox 207 5567 1772 5639">
     <span class='ocr_line' id='line_1_104' title="bbox 207 5567 1772 5639; baseline 0.003 -21"><span class='ocrx_word' id='word_1_749' title='bbox 207 5567 508 5637; x_wconf 66' lang='grc' dir='ltr'><strong>ἡγούμενος</strong></span> <span class='ocrx_word' id='word_1_750' title='bbox 541 5567 637 5618; x_wconf 83' lang='grc' dir='ltr'><strong>τοῦ</strong></span> <span class='ocrx_word' id='word_1_751' title='bbox 670 5567 1060 5637; x_wconf 84' lang='grc' dir='ltr'><strong>μοναστηρίου,</strong></span> <span class='ocrx_word' id='word_1_752' title='bbox 1111 5570 1200 5620; x_wconf 77' lang='grc' dir='ltr'><strong>ὅτε</strong></span> <span class='ocrx_word' id='word_1_753' title='bbox 1249 5569 1456 5639; x_wconf 74' lang='grc' dir='ltr'><strong>συνίδῃ,</strong></span> <span class='ocrx_word' id='word_1_754' title='bbox 1501 5572 1560 5620; x_wconf 71' lang='grc' dir='ltr'><strong>τὸ</strong></span> <span class='ocrx_word' id='word_1_755' title='bbox 1590 5569 1772 5638; x_wconf 80' lang='grc' dir='ltr'><strong>σχῆμα</strong></span> 
     </span>
    </p>
   </div>
   <div class='ocr_carea' id='block_1_105' title="bbox 201 5659 1772 5732">
    <p class='ocr_par' dir='ltr' id='par_1_105' title="bbox 201 5659 1772 5732">
     <span class='ocr_line' id='line_1_105' title="bbox 201 5659 1772 5732; baseline 0.002 -20"><span class='ocrx_word' id='word_1_756' title='bbox 201 5659 353 5730; x_wconf 76' lang='grc' dir='ltr'><strong>αὐτῷ</strong></span> <span class='ocrx_word' id='word_1_757' title='bbox 395 5660 654 5731; x_wconf 78' lang='grc' dir='ltr'><strong>παράσχῃ</strong></span> <span class='ocrx_word' id='word_1_758' title='bbox 683 5678 696 5691; x_wconf 89' lang='grc'><strong>·</strong></span> <span class='ocrx_word' id='word_1_759' title='bbox 737 5663 784 5712; x_wconf 79' lang='grc' dir='ltr'><strong>εἰ</strong></span> <span class='ocrx_word' id='word_1_760' title='bbox 813 5661 868 5713; x_wconf 81' lang='grc' dir='ltr'><strong>δὲ</strong></span> <span class='ocrx_word' id='word_1_761' title='bbox 901 5662 973 5730; x_wconf 76' lang='grc' dir='ltr'><strong>μὴ</strong></span> <span class='ocrx_word' id='word_1_762' title='bbox 1006 5661 1357 5730; x_wconf 78' lang='grc' dir='ltr'><strong>γνωρίζεται,</strong></span> <span class='ocrx_word' id='word_1_763' title='bbox 1393 5664 1440 5713; x_wconf 83' lang='grc' dir='ltr'><strong>εἰ</strong></span> <span class='ocrx_word' id='word_1_764' title='bbox 1485 5664 1772 5732; x_wconf 65' lang='grc' dir='ltr'><strong>οίςιὸήποτε</strong></span> 
     </span>
    </p>
   </div>
   <div class='ocr_carea' id='block_1_106' title="bbox 205 5753 1772 5826">
    <p class='ocr_par' dir='ltr' id='par_1_106' title="bbox 205 5753 1772 5826">
     <span class='ocr_line' id='line_1_106' title="bbox 205 5753 1772 5826; baseline 0.003 -23"><span class='ocrx_word' id='word_1_765' title='bbox 205 5754 488 5807; x_wconf 73' lang='grc' dir='ltr'><strong>ὑπόκειται</strong></span> <span class='ocrx_word' id='word_1_766' title='bbox 525 5753 688 5826; x_wconf 77' lang='grc' dir='ltr'><strong>τύχῃ,</strong></span> <span class='ocrx_word' id='word_1_767' title='bbox 737 5753 886 5816; x_wconf 75' lang='grc' dir='ltr'><strong>ἔντὶς</strong></span> <span class='ocrx_word' id='word_1_768' title='bbox 922 5755 1087 5823; x_wconf 74' lang='grc' dir='ltr'><strong>τριῶν</strong></span> <span class='ocrx_word' id='word_1_769' title='bbox 1132 5755 1397 5808; x_wconf 75' lang='grc' dir='ltr'><strong>ἐνιαυτῶν</strong></span> <span class='ocrx_word' id='word_1_770' title='bbox 1432 5756 1506 5826; x_wconf 84' lang='grc' dir='ltr'><strong>μὴ</strong></span> <span class='ocrx_word' id='word_1_771' title='bbox 1559 5755 1772 5826; x_wconf 69' lang='grc' dir='ltr'><strong>λαμϐἁο</strong></span> 
     </span>
    </p>
   </div>
   <div class='ocr_carea' id='block_1_107' title="bbox 192 5846 1770 5914">
    <p class='ocr_par' dir='ltr' id='par_1_107' title="bbox 192 5846 1770 5914">
     <span class='ocr_line' id='line_1_107' title="bbox 192 5846 1770 5914; baseline 0.003 -17"><span class='ocrx_word' id='word_1_772' title='bbox 192 5863 312 5899; x_wconf 81' lang='grc' dir='ltr'><strong>νειν</strong></span> <span class='ocrx_word' id='word_1_773' title='bbox 345 5846 507 5900; x_wconf 83' lang='grc' dir='ltr'><strong>αὐτὸν</strong></span> <span class='ocrx_word' id='word_1_774' title='bbox 537 5847 596 5898; x_wconf 87' lang='grc' dir='ltr'><strong>τὸ</strong></span> <span class='ocrx_word' id='word_1_775' title='bbox 629 5846 926 5907; x_wconf 51' lang='lat' dir='ltr'><strong>nova-(mw</strong></span> <span class='ocrx_word' id='word_1_776' title='bbox 977 5849 1188 5914; x_wconf 76' lang='grc' dir='ltr'><strong>σχῆμα,</strong></span> <span class='ocrx_word' id='word_1_777' title='bbox 1224 5847 1338 5898; x_wconf 78' lang='grc' dir='ltr'><strong>ἀλλ’</strong></span> <span class='ocrx_word' id='word_1_778' title='bbox 1376 5848 1530 5910; x_wconf 69' lang='grc' dir='ltr'><strong>ἐντὸς</strong></span> <span class='ocrx_word' id='word_1_779' title='bbox 1571 5848 1664 5901; x_wconf 78' lang='grc' dir='ltr'><strong>τοῦ</strong></span> <span class='ocrx_word' id='word_1_780' title='bbox 1698 5850 1770 5901; x_wconf 86' lang='grc' dir='ltr'><strong>εί-</strong></span> 
     </span>
    </p>
   </div>
   <div class='ocr_carea' id='block_1_108' title="bbox 1878 4677 3455 4758">
    <p class='ocr_par' dir='ltr' id='par_1_108' title="bbox 1878 4677 3455 4758">
     <span class='ocr_line' id='line_1_108' title="bbox 1878 4677 3455 4758; baseline 0.01 -30"><span class='ocrx_word' id='word_1_781' title='bbox 1878 4684 2004 4744; x_wconf 90' lang='lat' dir='ltr'><strong>post</strong></span> <span class='ocrx_word' id='word_1_782' title='bbox 2035 4677 2385 4746; x_wconf 88' lang='lat' dir='ltr'><strong>probationes</strong></span> <span class='ocrx_word' id='word_1_783' title='bbox 2426 4697 2534 4734; x_wconf 90' lang='lat' dir='ltr'><strong>non</strong></span> <span class='ocrx_word' id='word_1_784' title='bbox 2580 4685 2827 4748; x_wconf 87' lang='lat' dir='ltr'><strong>tondent,</strong></span> <span class='ocrx_word' id='word_1_785' title='bbox 2869 4694 2921 4739; x_wconf 91' lang='lat' dir='ltr'><strong>et</strong></span> <span class='ocrx_word' id='word_1_786' title='bbox 2950 4701 3011 4738; x_wconf 89' lang='lat' dir='ltr'><strong>ea</strong></span> <span class='ocrx_word' id='word_1_787' title='bbox 3039 4688 3091 4740; x_wconf 93' lang='lat' dir='ltr'><strong>in</strong></span> <span class='ocrx_word' id='word_1_788' title='bbox 3126 4704 3181 4741; x_wconf 87' lang='lat' dir='ltr'><strong>re</strong></span> <span class='ocrx_word' id='word_1_789' title='bbox 3211 4705 3455 4758; x_wconf 80' lang='lat' dir='ltr'><strong>pra-sen-</strong></span> 
     </span>
    </p>
   </div>
   <div class='ocr_carea' id='block_1_109' title="bbox 1883 4773 3454 4844">
    <p class='ocr_par' dir='ltr' id='par_1_109' title="bbox 1883 4773 3454 4844">
     <span class='ocr_line' id='line_1_109' title="bbox 1883 4773 3454 4844; baseline 0.011 -26"><span class='ocrx_word' id='word_1_790' title='bbox 1883 4777 1986 4821; x_wconf 90' lang='lat' dir='ltr'><strong>tem</strong></span> <span class='ocrx_word' id='word_1_791' title='bbox 2048 4784 2313 4824; x_wconf 89' lang='lat' dir='ltr'><strong>eanonem</strong></span> <span class='ocrx_word' id='word_1_792' title='bbox 2375 4773 2541 4825; x_wconf 87' lang='lat' dir='ltr'><strong>veluti</strong></span> <span class='ocrx_word' id='word_1_793' title='bbox 2601 4778 3113 4844; x_wconf 80' lang='lat' dir='ltr'><strong>transgrediuntur;</strong></span> <span class='ocrx_word' id='word_1_794' title='bbox 3150 4782 3454 4844; x_wconf 80' lang='lat' dir='ltr'><strong>existimo,</strong></span> 
     </span>
    </p>
   </div>
   <div class='ocr_carea' id='block_1_110' title="bbox 1878 4862 3451 4939">
    <p class='ocr_par' dir='ltr' id='par_1_110' title="bbox 1878 4862 3451 4939">
     <span class='ocr_line' id='line_1_110' title="bbox 1878 4862 3451 4939; baseline 0.01 -29"><span class='ocrx_word' id='word_1_795' title='bbox 1878 4862 2020 4928; x_wconf 91' lang='lat' dir='ltr'><strong>quod</strong></span> <span class='ocrx_word' id='word_1_796' title='bbox 2050 4865 2082 4915; x_wconf 81' lang='lat'>5</span> <span class='ocrx_word' id='word_1_797' title='bbox 2114 4877 2232 4930; x_wconf 89' lang='lat' dir='ltr'><strong>cap.</strong></span> <span class='ocrx_word' id='word_1_798' title='bbox 2258 4864 2414 4931; x_wconf 89' lang='lat' dir='ltr'><strong>primi</strong></span> <span class='ocrx_word' id='word_1_799' title='bbox 2475 4865 2653 4932; x_wconf 90' lang='lat' dir='ltr'><strong>tituli,</strong></span> <span class='ocrx_word' id='word_1_800' title='bbox 2710 4883 2760 4920; x_wconf 81' lang='lat' dir='ltr'><strong>Iv</strong></span> <span class='ocrx_word' id='word_1_801' title='bbox 2794 4868 2914 4932; x_wconf 89' lang='lat' dir='ltr'><strong>lib.,</strong></span> <span class='ocrx_word' id='word_1_802' title='bbox 2974 4869 3118 4939; x_wconf 76' lang='lat' dir='ltr'><strong>Quod</strong></span> <span class='ocrx_word' id='word_1_803' title='bbox 3148 4874 3285 4925; x_wconf 64' lang='lat' dir='ltr'><strong>estt</strong></span> <span class='ocrx_word' id='word_1_804' title='bbox 3327 4889 3451 4938; x_wconf 81' lang='lat' dir='ltr'><strong>cap.</strong></span> 
     </span>
    </p>
   </div>
   <div class='ocr_carea' id='block_1_111' title="bbox 1879 4952 3454 5020">
    <p class='ocr_par' dir='ltr' id='par_1_111' title="bbox 1879 4952 3454 5020">
     <span class='ocr_line' id='line_1_111' title="bbox 1879 4952 3454 5020; baseline 0.008 -14"><span class='ocrx_word' id='word_1_805' title='bbox 1879 4954 1984 5007; x_wconf 70' lang='grc'><strong>125</strong></span> <span class='ocrx_word' id='word_1_806' title='bbox 2032 4952 2326 5008; x_wconf 81' lang='lat' dir='ltr'><strong>Justiniani</strong></span> <span class='ocrx_word' id='word_1_807' title='bbox 2362 4954 2636 5020; x_wconf 61' lang='lat' dir='ltr'><strong>Novella,</strong></span> <span class='ocrx_word' id='word_1_808' title='bbox 2678 4958 2781 5013; x_wconf 89' lang='lat' dir='ltr'><strong>hoc</strong></span> <span class='ocrx_word' id='word_1_809' title='bbox 2826 4961 3048 5013; x_wconf 90' lang='lat' dir='ltr'><strong>dubium</strong></span> <span class='ocrx_word' id='word_1_810' title='bbox 3101 4965 3280 5016; x_wconf 80' lang='lat' dir='ltr'><strong>solvit.</strong></span> <span class='ocrx_word' id='word_1_811' title='bbox 3319 4964 3454 5019; x_wconf 81' lang='lat' dir='ltr'><strong>Dicit</strong></span> 
     </span>
    </p>
   </div>
   <div class='ocr_carea' id='block_1_112' title="bbox 1877 5045 3449 5120">
    <p class='ocr_par' dir='ltr' id='par_1_112' title="bbox 1877 5045 3449 5120">
     <span class='ocr_line' id='line_1_112' title="bbox 1877 5045 3449 5120; baseline 0.007 -22"><span class='ocrx_word' id='word_1_812' title='bbox 1877 5045 2019 5098; x_wconf 88' lang='lat' dir='ltr'><strong>enim</strong></span> <span class='ocrx_word' id='word_1_813' title='bbox 2047 5063 2058 5099; x_wconf 92' lang='lat'><strong>:</strong></span> <span class='ocrx_word' id='word_1_814' title='bbox 2101 5045 2156 5098; x_wconf 89' lang='lat' dir='ltr'><strong>Si</strong></span> <span class='ocrx_word' id='word_1_815' title='bbox 2187 5046 2309 5113; x_wconf 91' lang='lat' dir='ltr'><strong>quis</strong></span> <span class='ocrx_word' id='word_1_816' title='bbox 2331 5047 2399 5117; x_wconf 85' lang='lat' dir='ltr'><strong>ad</strong></span> <span class='ocrx_word' id='word_1_817' title='bbox 2437 5050 2788 5103; x_wconf 85' lang='lat' dir='ltr'><strong>monasticam</strong></span> <span class='ocrx_word' id='word_1_818' title='bbox 2815 5052 2945 5105; x_wconf 86' lang='lat' dir='ltr'><strong>velit</strong></span> <span class='ocrx_word' id='word_1_819' title='bbox 2977 5054 3143 5105; x_wconf 87' lang='lat' dir='ltr'><strong>vitam</strong></span> <span class='ocrx_word' id='word_1_820' title='bbox 3171 5057 3449 5120; x_wconf 80' lang='lat' dir='ltr'><strong>accedere,</strong></span> 
     </span>
    </p>
   </div>
   <div class='ocr_carea' id='block_1_113' title="bbox 1873 5135 3452 5208">
    <p class='ocr_par' dir='ltr' id='par_1_113' title="bbox 1873 5135 3452 5208">
     <span class='ocr_line' id='line_1_113' title="bbox 1873 5135 3452 5208; baseline 0.009 -22"><span class='ocrx_word' id='word_1_821' title='bbox 1873 5135 2151 5205; x_wconf 86' lang='lat' dir='ltr'><strong>jubemus,</strong></span> <span class='ocrx_word' id='word_1_822' title='bbox 2188 5147 2265 5199; x_wconf 92' lang='lat' dir='ltr'><strong>ut,</strong></span> <span class='ocrx_word' id='word_1_823' title='bbox 2302 5138 2346 5191; x_wconf 93' lang='lat' dir='ltr'><strong>si</strong></span> <span class='ocrx_word' id='word_1_824' title='bbox 2379 5139 2452 5191; x_wconf 86' lang='lat' dir='ltr'><strong>sit</strong></span> <span class='ocrx_word' id='word_1_825' title='bbox 2490 5141 2706 5208; x_wconf 89' lang='lat' dir='ltr'><strong>quidem</strong></span> <span class='ocrx_word' id='word_1_826' title='bbox 2738 5151 2927 5196; x_wconf 90' lang='lat' dir='ltr'><strong>notum</strong></span> <span class='ocrx_word' id='word_1_827' title='bbox 2961 5158 3082 5197; x_wconf 90' lang='lat' dir='ltr'><strong>eum</strong></span> <span class='ocrx_word' id='word_1_828' title='bbox 3133 5147 3266 5199; x_wconf 93' lang='lat' dir='ltr'><strong>nulli</strong></span> <span class='ocrx_word' id='word_1_829' title='bbox 3328 5162 3452 5200; x_wconf 54' lang='lat' dir='ltr'><strong>esse</strong></span> 
     </span>
    </p>
   </div>
   <div class='ocr_carea' id='block_1_114' title="bbox 1879 5226 3434 5306">
    <p class='ocr_par' dir='ltr' id='par_1_114' title="bbox 1879 5226 3434 5306">
     <span class='ocr_line' id='line_1_114' title="bbox 1879 5226 3434 5306; baseline 0.009 -28"><span class='ocrx_word' id='word_1_830' title='bbox 1879 5226 2109 5280; x_wconf 68' lang='lat' dir='ltr'><strong>fortunae</strong></span> <span class='ocrx_word' id='word_1_831' title='bbox 2136 5229 2466 5297; x_wconf 83' lang='lat' dir='ltr'><strong>subjectum,</strong></span> <span class='ocrx_word' id='word_1_832' title='bbox 2507 5233 2832 5287; x_wconf 88' lang='lat' dir='ltr'><strong>monasterii</strong></span> <span class='ocrx_word' id='word_1_833' title='bbox 2864 5235 3174 5303; x_wconf 70' lang='lat' dir='ltr'><strong>prtefectus,</strong></span> <span class='ocrx_word' id='word_1_834' title='bbox 3211 5241 3434 5306; x_wconf 88' lang='lat' dir='ltr'><strong>quando</strong></span> 
     </span>
    </p>
   </div>
   <div class='ocr_carea' id='block_1_115' title="bbox 1879 5317 3450 5396">
    <p class='ocr_par' dir='ltr' id='par_1_115' title="bbox 1879 5317 3450 5396">
     <span class='ocr_line' id='line_1_115' title="bbox 1879 5317 3450 5396; baseline 0.008 -25"><span class='ocrx_word' id='word_1_835' title='bbox 1879 5317 1982 5372; x_wconf 87' lang='lat' dir='ltr'><strong>hoc</strong></span> <span class='ocrx_word' id='word_1_836' title='bbox 2026 5321 2368 5388; x_wconf 80' lang='lat' dir='ltr'><strong>cognoverit,</strong></span> <span class='ocrx_word' id='word_1_837' title='bbox 2405 5322 2653 5377; x_wconf 85' lang='lat' dir='ltr'><strong>habitum</strong></span> <span class='ocrx_word' id='word_1_838' title='bbox 2680 5325 2760 5379; x_wconf 88' lang='lat' dir='ltr'><strong>illi</strong></span> <span class='ocrx_word' id='word_1_839' title='bbox 2808 5326 3093 5396; x_wconf 66' lang='lat' dir='ltr'><strong>prebeat:</strong></span> <span class='ocrx_word' id='word_1_840' title='bbox 3138 5329 3223 5381; x_wconf 91' lang='lat' dir='ltr'><strong>sin</strong></span> <span class='ocrx_word' id='word_1_841' title='bbox 3268 5342 3450 5385; x_wconf 86' lang='lat' dir='ltr'><strong>autem</strong></span> 
     </span>
    </p>
   </div>
   <div class='ocr_carea' id='block_1_116' title="bbox 1877 5410 3452 5487">
    <p class='ocr_par' dir='ltr' id='par_1_116' title="bbox 1877 5410 3452 5487">
     <span class='ocr_line' id='line_1_116' title="bbox 1877 5410 3452 5487; baseline 0.01 -25"><span class='ocrx_word' id='word_1_842' title='bbox 1877 5410 2144 5477; x_wconf 88' lang='lat' dir='ltr'><strong>uescitur,</strong></span> <span class='ocrx_word' id='word_1_843' title='bbox 2173 5429 2240 5467; x_wconf 91' lang='lat' dir='ltr'><strong>an</strong></span> <span class='ocrx_word' id='word_1_844' title='bbox 2280 5414 2371 5466; x_wconf 92' lang='lat' dir='ltr'><strong>ulli</strong></span> <span class='ocrx_word' id='word_1_845' title='bbox 2410 5415 2479 5468; x_wconf 92' lang='lat' dir='ltr'><strong>sit</strong></span> <span class='ocrx_word' id='word_1_846' title='bbox 2505 5415 2736 5470; x_wconf 68' lang='lat' dir='ltr'><strong>fortuna:</strong></span> <span class='ocrx_word' id='word_1_847' title='bbox 2766 5418 3048 5487; x_wconf 87' lang='lat' dir='ltr'><strong>subjectus</strong></span> <span class='ocrx_word' id='word_1_848' title='bbox 3077 5460 3092 5482; x_wconf 92' lang='lat'><strong>,</strong></span> <span class='ocrx_word' id='word_1_849' title='bbox 3151 5422 3292 5477; x_wconf 87' lang='lat' dir='ltr'><strong>intra</strong></span> <span class='ocrx_word' id='word_1_850' title='bbox 3340 5435 3452 5479; x_wconf 83' lang='lat' dir='ltr'><strong>tres</strong></span> 
     </span>
    </p>
   </div>
   <div class='ocr_carea' id='block_1_117' title="bbox 1877 5504 3448 5579">
    <p class='ocr_par' dir='ltr' id='par_1_117' title="bbox 1877 5504 3448 5579">
     <span class='ocr_line' id='line_1_117' title="bbox 1877 5504 3448 5579; baseline 0.01 -28"><span class='ocrx_word' id='word_1_851' title='bbox 1877 5515 2052 5554; x_wconf 87' lang='lat' dir='ltr'><strong>annos</strong></span> <span class='ocrx_word' id='word_1_852' title='bbox 2083 5504 2445 5556; x_wconf 89' lang='lat' dir='ltr'><strong>monasticum</strong></span> <span class='ocrx_word' id='word_1_853' title='bbox 2482 5505 2725 5559; x_wconf 85' lang='lat' dir='ltr'><strong>habitum</strong></span> <span class='ocrx_word' id='word_1_854' title='bbox 2764 5523 2829 5560; x_wconf 89' lang='lat' dir='ltr'><strong>ne</strong></span> <span class='ocrx_word' id='word_1_855' title='bbox 2853 5510 3120 5579; x_wconf 76' lang='lat' dir='ltr'><strong>accipiat;</strong></span> <span class='ocrx_word' id='word_1_856' title='bbox 3158 5514 3251 5566; x_wconf 87' lang='lat' dir='ltr'><strong>sed</strong></span> <span class='ocrx_word' id='word_1_857' title='bbox 3308 5515 3448 5568; x_wconf 84' lang='lat' dir='ltr'><strong>intra</strong></span> 
     </span>
    </p>
   </div>
   <div class='ocr_carea' id='block_1_118' title="bbox 1876 5593 3446 5672">
    <p class='ocr_par' dir='ltr' id='par_1_118' title="bbox 1876 5593 3446 5672">
     <span class='ocr_line' id='line_1_118' title="bbox 1876 5593 3446 5672; baseline 0.008 -27"><span class='ocrx_word' id='word_1_858' title='bbox 1876 5593 2076 5645; x_wconf 78' lang='lat' dir='ltr'><strong>dictum</strong></span> <span class='ocrx_word' id='word_1_859' title='bbox 2112 5603 2343 5663; x_wconf 83' lang='lat' dir='ltr'><strong>tempus,</strong></span> <span class='ocrx_word' id='word_1_860' title='bbox 2393 5595 2512 5664; x_wconf 81' lang='lat' dir='ltr'><strong>ejus</strong></span> <span class='ocrx_word' id='word_1_861' title='bbox 2548 5599 2667 5651; x_wconf 72' lang='lat' dir='ltr'><strong>vita&quot;:</strong></span> <span class='ocrx_word' id='word_1_862' title='bbox 2697 5604 3137 5657; x_wconf 82' lang='lat' dir='ltr'><strong>conversationis</strong></span> <span class='ocrx_word' id='word_1_863' title='bbox 3168 5643 3180 5666; x_wconf 90' lang='lat'><strong>,</strong></span> <span class='ocrx_word' id='word_1_864' title='bbox 3246 5606 3289 5658; x_wconf 84' lang='lat' dir='ltr'><strong>is</strong></span> <span class='ocrx_word' id='word_1_865' title='bbox 3357 5609 3446 5672; x_wconf 87' lang='lat' dir='ltr'><strong>qui</strong></span> 
     </span>
    </p>
   </div>
   <div class='ocr_carea' id='block_1_119' title="bbox 1878 5685 3444 5757">
    <p class='ocr_par' dir='ltr' id='par_1_119' title="bbox 1878 5685 3444 5757">
     <span class='ocr_line' id='line_1_119' title="bbox 1878 5685 3444 5757; baseline 0.01 -21"><span class='ocrx_word' id='word_1_866' title='bbox 1878 5685 2215 5738; x_wconf 84' lang='lat' dir='ltr'><strong>monasterio</strong></span> <span class='ocrx_word' id='word_1_867' title='bbox 2246 5700 2461 5754; x_wconf 65' lang='lat' dir='ltr'><strong>przeem,</strong></span> <span class='ocrx_word' id='word_1_868' title='bbox 2501 5690 2803 5757; x_wconf 80' lang='lat' dir='ltr'><strong>periculum</strong></span> <span class='ocrx_word' id='word_1_869' title='bbox 2863 5692 3049 5757; x_wconf 87' lang='lat' dir='ltr'><strong>faciat,</strong></span> <span class='ocrx_word' id='word_1_870' title='bbox 3129 5704 3181 5748; x_wconf 85' lang='lat' dir='ltr'><strong>et</strong></span> <span class='ocrx_word' id='word_1_871' title='bbox 3230 5707 3444 5751; x_wconf 66' lang='lat' dir='ltr'><strong>ca&#39;tcta.</strong></span> 
     </span>
    </p>
   </div>
   <div class='ocr_carea' id='block_1_120' title="bbox 1877 5776 3445 5845">
    <p class='ocr_par' dir='ltr' id='par_1_120' title="bbox 1877 5776 3445 5845">
     <span class='ocr_line' id='line_1_120' title="bbox 1877 5776 3445 5845; baseline 0.01 -18"><span class='ocrx_word' id='word_1_872' title='bbox 1877 5776 2240 5840; x_wconf 83' lang='lat' dir='ltr'><strong>Quamobrem</strong></span> <span class='ocrx_word' id='word_1_873' title='bbox 2277 5777 2566 5845; x_wconf 67' lang='lat' dir='ltr'><strong>praefectus</strong></span> <span class='ocrx_word' id='word_1_874' title='bbox 2605 5791 2746 5836; x_wconf 85' lang='lat' dir='ltr'><strong>recte</strong></span> <span class='ocrx_word' id='word_1_875' title='bbox 2776 5783 2963 5837; x_wconf 89' lang='lat' dir='ltr'><strong>tondet</strong></span> <span class='ocrx_word' id='word_1_876' title='bbox 2992 5785 3344 5841; x_wconf 87' lang='lat' dir='ltr'><strong>accedentem</strong></span> <span class='ocrx_word' id='word_1_877' title='bbox 3378 5790 3445 5842; x_wconf 89' lang='lat' dir='ltr'><strong>ad</strong></span> 
     </span>
    </p>
   </div>
   <div class='ocr_carea' id='block_1_121' title="bbox 1875 5869 3442 5940">
    <p class='ocr_par' dir='ltr' id='par_1_121' title="bbox 1875 5869 3442 5940">
     <span class='ocr_line' id='line_1_121' title="bbox 1875 5869 3442 5940; baseline 0.006 -18"><span class='ocrx_word' id='word_1_878' title='bbox 1875 5883 2021 5926; x_wconf 89' lang='lat' dir='ltr'><strong>eum.</strong></span> <span class='ocrx_word' id='word_1_879' title='bbox 2054 5870 2270 5927; x_wconf 87' lang='lat' dir='ltr'><strong>quando</strong></span> <span class='ocrx_word' id='word_1_880' title='bbox 2297 5869 2442 5923; x_wconf 87' lang='lat' dir='ltr'><strong>illum</strong></span> <span class='ocrx_word' id='word_1_881' title='bbox 2470 5874 2713 5934; x_wconf 80' lang='lat' dir='ltr'><strong>noverit;</strong></span> <span class='ocrx_word' id='word_1_882' title='bbox 2770 5883 2820 5928; x_wconf 88' lang='lat' dir='ltr'><strong>et</strong></span> <span class='ocrx_word' id='word_1_883' title='bbox 2865 5876 3112 5940; x_wconf 89' lang='lat' dir='ltr'><strong>probatio</strong></span> <span class='ocrx_word' id='word_1_884' title='bbox 3164 5878 3220 5933; x_wconf 78' lang='lat' dir='ltr'><strong>ﬁt</strong></span> <span class='ocrx_word' id='word_1_885' title='bbox 3268 5881 3442 5934; x_wconf 82' lang='lat' dir='ltr'><strong>solum</strong></span> 
     </span>
    </p>
   </div>
  </div>
