4166 6438
758 350 890 429 1031

2008 372 2288 437 TIIEOD.
2328 377 2418 436 BA
2428 379 2733 443 LSAMON

3886 389 4026 454 1032

767 519 957 557 eorum
982 502 1049 559 de
1081 504 1280 573 quibus
1313 505 1611 572 dubitatur,
1660 524 1946 563 servorum
2006 511 2221 566 scilicet
2276 526 2314 567 ci

2438 495 2684 561 ρημένου
2715 493 2909 565 χρόνον
2938 495 3331 566 ἀποκειράσθω
3363 496 3464 567 τῆς
3499 497 3691 552 τούτου
3742 500 4025 569 ἀναστρος

756 595 1094 660 reliquorum
1131 597 1220 664 qui
1252 596 1439 651 eodem
1465 600 1642 666 capite
1673 601 2043 654 continentur.

2442 590 2547 657 φῆς
2580 587 2732 642 οτοῦ
2774 588 3145 655 μοναστηρίου
3200 588 3542 658 ἡγούμενοςο
3594 592 3690 642 καὶ
3741 591 3811 643 τὰ
3865 590 4023 660 ὲξῆς.

751 685 920 736 Ὠστε
952 688 1132 749 καλῶς
1168 692 1196 741 6
1222 690 1627 758 καθηγούμενος
1666 690 1960 763 ἀποκείρῃ,
2011 695 2097 746 ὅτε
2133 693 2339 764 συνίδῃ,
2378 689 2468 742 τὸν
2500 681 2866 755 προσελθόντα
2895 680 3047 747 αὖτῷ
3090 697 3103 710 ·
3133 681 3246 748 καὶ,
3273 681 3306 749 ἡ
3340 680 3632 748 δοκιμασία
3680 682 3899 749 γίνεται
3943 690 4023 748 εἰς

750 784 952 851 μόνους
980 784 1105 844 τοὺς
1126 784 1480 851 ἀμφιϐόλους,
1513 785 1731 849 δούλους
1754 788 1938 857 τυχὸν,
1970 789 2064 841 καὶ
2096 787 2315 850 λοιποὺς
2351 784 2432 854 τῷ
2464 779 2615 850 αὐτῷ
2641 776 2923 845 κεφαλαίῳ
2958 774 3403 845 περιεχομένους.

816 871 974 942 341
1002 872 1251 927 ZONAR.
1284 873 1567 931 Neminem
1622 878 1709 930 hic
1743 893 1865 933 can.
1909 880 2013 933 nisi
2051 880 2205 949 prius
2240 894 2333 933 ει·
2369 941 2379 947 _

747 966 1054 1031 perimento
1103 968 1392 1034 probatum
1420 1009 1433 1029 ,
1464 969 1678 1023 tonderi
1707 970 1861 1025 sinit.
1885 969 2119 1035 Quidam
2155 971 2326 1035 enim,

748 1056 947 1123 inquit,
980 1072 1107 1111 sese
1142 1059 1440 1112 temerario
1475 1060 1687 1129 impetu
1724 1061 1779 1115 in
1832 1062 2210 1118 monasticam
2239 1064 2325 1117 vi-

754 1155 863 1199 tam
926 1149 1302 1217 projicientes,
1340 1150 1442 1204 hoc
1489 1161 1594 1216 est,
1632 1168 1739 1207 non
1793 1153 2008 1223 judicio
2054 1154 2322 1218 adhibito,

749 1242 844 1291 sed
904 1238 1220 1294 inconsulte
1256 1256 1485 1310 prorsus
1518 1243 1572 1295 in
1614 1243 1669 1297 id
1722 1245 1845 1297 vita:
1895 1260 2069 1315 genus
2118 1246 2327 1299 immit-

748 1337 953 1384 tentes.
992 1330 1063 1385 Ut
1093 1333 1238 1385 enim
1282 1348 1369 1385 res
1407 1334 1650 1401 projecta
1685 1351 1788 1388 nou
1821 1336 2131 1405 composite
2157 1336 2324 1406 jacet,

752 1422 847 1473 scd
880 1430 937 1473 ut
967 1424 1167 1475 accidit
1203 1440 1215 1475 :
1257 1425 1339 1477 sic
1378 1433 1432 1478 et
1469 1424 1548 1478 illi
1600 1437 1862 1493 tanquam
1921 1428 2154 1496 projecti
2202 1428 2327 1496 qui-

747 1515 870 1565 dam
914 1514 1165 1567 homines
1198 1522 1346 1571 sunt.
1384 1516 1667 1585 vitamque
1698 1518 1847 1570 nulla
1882 1518 2187 1573 honestatis
2230 1529 2323 1573 aut

748 1607 961 1659 ordinis
997 1608 1178 1658 habita
1215 1608 1431 1661 ratione
1471 1610 1784 1661 traducunt.
1820 1607 2145 1665 Deficientes
2176 1626 2326 1663 nam-

745 1714 858 1766 que
889 1697 1094 1761 animo,
1130 1706 1184 1750 et
1217 1700 1540 1770 monasticae
1569 1700 1875 1769 disciplinae
1926 1702 2209 1770 asperitati
2258 1718 2323 1757 ac

745 1789 1027 1843 laboribus
1059 1768 1508 1854 sucedmbentes,
1546 1791 1613 1846 ad
1657 1794 1824 1846 vitam
1861 1794 2080 1847 mollem
2128 1808 2322 1852 rursus

742 1882 1215 1951 voluptariamque
1268 1891 1638 1938 revertuntur.
1683 1883 2054 1949 Quamobrem
2102 1887 2217 1941 haec
2265 1889 2320 1942 in

746 1984 1025 2042 posterum
1083 1990 1151 2029 ne
1206 1974 1358 2039 fiant,
1412 1976 1633 2030 triennii
1696 1978 1875 2046 spatio
1923 1980 2166 2050 synodus
2204 1995 2319 2048 eos,

744 2068 837 2135 qui
876 2067 941 2119 ad
980 2068 1339 2121 monasticam
1378 2068 1548 2122 vitam
1598 2074 1960 2136 accesserint,
2005 2073 2319 2142 probandos

742 2171 868 2209 esse
896 2156 1168 2209 decernit.
1203 2158 1280 2210 Ac
1327 2158 1372 2211 si
1424 2157 1646 2225 quidem
1691 2167 1800 2211 tam
1856 2160 2002 2229 longi
2054 2164 2319 2232 temper-is

737 2247 1117 2316 experimento
1150 2250 1363 2318 probati
1397 2262 1723 2321 appareant,
1756 2268 1925 2321 seque
1958 2253 2178 2323 dignos,
2223 2256 2315 2324 qui

740 2335 807 2386 ad
843 2336 975 2388 illud
1007 2338 1131 2390 vita:
1188 2352 1361 2406 genus
1412 2338 1800 2402 admittantur,
1852 2340 2169 2403 ostendant,
2202 2349 2315 2394 tum

739 2424 958 2479 demum
1016 2426 1264 2480 hanitmn
1316 2427 1426 2482 illis
1489 2429 1858 2484 monasticum
1923 2430 2076 2499 (nisi
2133 2432 2317 2500 gravis

740 2517 1033 2585 egritudo,
1075 2534 1137 2571 ex
1174 2534 1281 2586 qua
1314 2521 1438 2572 vita:
1478 2534 1701 2589 quoque
1759 2520 2059 2589 periculum
2104 2522 2316 2590 impen-

735 2609 886 2672 deat,
918 2608 1099 2663 medio
1145 2610 1236 2663 illo
1271 2618 1517 2680 tempore
1555 2612 1953 2679 supervenerit,
2003 2622 2137 2666 tunc
2167 2613 2313 2668 enim

736 2700 991 2755 contrahi
1030 2701 1372 2769 probationis
1403 2703 1641 2771 spatium
1685 2702 1894 2772 licebit)
1926 2704 2155 2757 concedi
2198 2704 2313 2773 pla-

736 2800 850 2845 cet.
879 2790 1036 2857 Quod
1074 2794 1116 2846 si
1152 2803 1331 2847 tamen
1385 2794 1465 2846 vir
1504 2794 1706 2863 aliquis
1745 2795 2013 2865 religione
2056 2806 2310 2862 ornatus,

731 2884 1110 2953 quique-inter
1143 2886 1326 2938 saeculi
1361 2885 1552 2939 turbas
1587 2886 1983 2939 monachorum
2030 2902 2181 2941 more
2233 2888 2312 2940 vi-

2500 874 2749 930 ΖΩΝΔΡ.
2782 870 2843 924 '0
2868 870 3058 936 παρὼν
3085 868 3265 922 κανὼν
3286 869 3474 922 οὐδένα
3494 869 3746 939 βούλεται
3777 872 4017 925 ἀποκεί-

2430 966 2643 1038 ρεσθαι,
2676 965 2806 1033 πρὶν
2861 964 2895 1033 ἢ
2937 960 3183 1031 δοκίμιον
3218 961 3418 1015 ἑαυτοῦ
3455 960 3637 1014 δώσει.
3680 962 3846 1024 Τινὲς
3882 964 4014 1032 γὰρ,

2426 1060 2584 1128 φησὶ,
2615 1054 2907 1127 προπετῶς
2929 1055 3007 1116 εἰς
3030 1053 3120 1105 τὸν
3145 1052 3437 1123 μοναχικδν
3461 1053 3572 1121 βίον
3599 1054 3829 1115 ἑαυτοὺς
3856 1056 4017 1124 ὲπιῤ-

2426 1151 2742 1221 ῥίπτοντες,
2772 1148 2895 1201 ἀντὶ
2932 1145 3026 1201 τοῦ
3086 1148 3147 1199 οὐ
3185 1146 3324 1215 μετά
3356 1146 3610 1215 κρίσεως,
3652 1147 3768 1199 ἀλλ’
3800 1148 4016 1215 ἀπροσ-

2423 1242 2598 1302 έκτως
2665 1236 3043 1300 εἰσωθοῦντες.
3082 1236 3294 1303 Ὠσπερ
3327 1237 3435 1305 γὰρ
3464 1236 3524 1288 τὸ
3559 1237 3894 1305 ῥιπτόμενον
3916 1241 4015 1289 οὐκ

2424 1332 2736 1400 εὐκόσμως,
2766 1328 2904 1392 ἀλλ’,
2933 1328 3010 1391 ὼς
3041 1326 3220 1396 ἔτυχε,
3248 1330 3425 1380 κεῖται
3447 1342 3460 1356 °
3492 1324 3635 1378 οὕτω
3658 1328 3913 1379 κάκεῖνοι
3944 1326 4015 1388 ὡς

2424 1420 2755 1492 ἐρριμμένοι
2796 1420 2926 1485 εἰσὶ,
2962 1420 3057 1471 καὶ
3116 1418 3177 1469 οὐ
3247 1416 3390 1469 κατά
3433 1416 3637 1485 κόσμον
3694 1419 3793 1469 καὶ
3858 1417 4015 1479 τάξιν

2421 1511 2725 1578 διάγουσιν.
2771 1509 3242 1579 Ἀπαγορεύοντες
3280 1509 3390 1579 γάρ
3422 1508 3557 1578 πρὸς
3586 1506 3650 1561 τὸ
3697 1510 3880 1578 τραχὺ
3923 1512 4014 1561 καὶ

2425 1603 2687 1655 ἐπίπονον
2719 1601 2821 1669 τῆς
2845 1600 3155 1667 ἀσκήσεως,
3191 1599 3353 1652 πάλιν
3385 1600 3480 1651 ἐπὶ
3526 1600 3619 1651 τὸν
3676 1599 4013 1668 φιλόσαρκον

2426 1694 2522 1747 καὶ
2543 1692 2827 1763 φιλήδονον
2862 1690 2978 1760 βίον
2996 1689 3493 1760 ὲπαναστρέφουσι.
3510 1690 3602 1742 Διὸ
3620 1690 3708 1743 ἶνα
3741 1690 3819 1760 μὴ
3839 1690 4013 1744 ταῦτα

2424 1788 2708 1855 γίνωνται,
2744 1784 2946 1854 ὥρισεν
2977 1786 3010 1854 ἡ
3059 1782 3277 1846 σύνοδος
3312 1784 3402 1835 ἐπὶ
3439 1783 3681 1853 τριετίαν
3716 1784 4013 1853 δοκιμάζει

2425 1878 2548 1933 σθαι
2583 1877 2710 1940 τοὺς
2735 1875 3207 1947 προσερχομένους
3236 1876 3328 1927 ἐπὶ
3352 1874 3430 1945 τῷ
3456 1875 3713 1945 μονάσαι.
3752 1877 3868 1929 Καὶ
3886 1876 4011 1928 ὅταν

2421 1969 2510 2022 διὰ
2537 1968 2633 2022 τοῦ
2692 1967 2952 2021 τοσούτου
2992 1967 3187 2037 χρόνου
3225 1967 3355 2019 δῶσι
3399 1969 3596 2037 πεῖραν
3642 1968 3887 2028 ἑαυτῶν.
3922 1968 4012 2021 καὶ

2421 2060 2638 2130 δόκιμοι
2676 2058 2886 2128 φανῶσι
2927 2059 3021 2111 καὶ
3045 2058 3186 2121 ἄξιοι
3223 2057 3320 2110 τοῦ
3372 2057 3671 2127 μοναχικοῦ
3702 2057 3854 2127 βίον,
3890 2059 4011 2112 τότε

2418 2150 2514 2204 τοῦ
2546 2152 2822 2222 σχήματος
2854 2148 3054 2212 αὐτοὺς
3075 2148 3375 2214 ἀξιοῦσθαι,
3412 2151 3461 2201 εί
3488 2149 3563 2219 μή
3592 2149 3695 2202 πού
3726 2166 3816 2213 τις
3852 2153 3915 2203 ἐν
3936 2150 4010 2219 τῷ

2422 2239 2576 2308 μέσῳ
2603 2238 3074 2309 συμϐαίηβαρεῖα
3098 2238 3275 2305 νόσος,
3299 2238 3394 2291 καὶ
3415 2238 3645 2292 θάνατον
3675 2238 4010 2292 ἀπειλοῦσαι

2417 2330 2539 2383 τότε
2568 2332 2678 2399 γὰρ
2715 2333 2743 2383 6
2770 2329 2870 2399 τῆς
2900 2328 3231 2398 δοκιμασίας
3263 2330 3453 2399 καιρὸς
3484 2330 3919 2399 συσταλήσεται.
3948 2329 4011 2383 El

2416 2419 2475 2474 δέ
2498 2438 2578 2485 τις
2620 2423 2765 2492 ἀνὴρ
2812 2419 3084 2493 προσέλθῃ
3121 2420 3377 2491 εὐλαϐὴς,
3434 2421 3530 2475 καὶ
3590 2421 3649 2473 ὲν
3679 2422 3763 2491 τῷ
3818 2422 4010 2492 κόσμῳ

2416 2516 2559 2568 κατά
2594 2515 2859 2585 μοναχοὺς
2919 2513 3052 2578 ζῶν,
3102 2513 3199 2566 καὶ
3233 2513 3390 2584 δῆλος
3431 2515 3682 2589 κάκεῖνος
3732 2509 3791 2587 ᾗ,
3826 2516 3930 2567 καὶ
3951 2514 4011 2565 τὶ

2417 2606 2662 2675 θεοφιλὲς
2685 2606 2784 2676 τῆς
2811 2604 2977 2659 αὑτοῦ
3012 2605 3220 2675 βιοτῆς,
3251 2603 3559 2674 τηνικαῦτα
3578 2606 3660 2669 είς
3688 2607 4013 2675 ἀπόπειραν

2418 2699 2584 2752 αὑτοῦ
2616 2700 2709 2751 καὶ
2737 2697 3068 2768 δοκιμασίαν
3092 2699 3125 2768 ἡ
3156 2696 3374 2760 σύνοδος
3400 2697 3671 2766 ἀρκοῦντα
3706 2699 4011 2771 ἐδοκίμασε

2413 2793 2504 2846 τὸν
2542 2791 2898 2863 ἑξαμηνιαῖον
2930 2790 3141 2861 χρόνον.
3186 2790 3329 2845 Ἀλλ’
3359 2789 3489 2846 ἔνιοι
3536 2794 3649 2846 τῶν
3675 2796 4011 2865 ἡγουμένων

2413 2886 2531 2936 νυνὶ
2566 2884 2636 2937 τὰ
2664 2885 2845 2937 οἰκεῖα
2880 2882 3161 2953 θελήματα
3191 2884 3301 2954 πρὸ
3323 2884 3433 2937 τῶν
3472 2886 3720 2939 κανόνων
3749 2888 3973 2941 τιθέασι
3994 2905 4009 2919 ·

733 2984 842 3029 tam
882 2988 1029 3043 agat,
1069 2976 1160 3045 qui
1188 2985 1244 3029 et
1276 2976 1394 3045 ipse
1426 2976 1704 3045 cognitus,
1741 2984 1795 3029 et
1820 2977 2027 3046 pietate
2057 2977 2131 3031 sit
2157 2993 2307 3048 egre-

2416 2977 2506 3029 καὶ
2534 2978 2661 3038 τοὺς
2695 2976 2794 3044 μὲν
2827 2975 2953 3044 ἄρτι
2983 2974 3436 3044 ἐπιδημήσαντας
3473 2976 3676 3028 αὐτίκα
3728 2979 4008 3047 κείρουσι,

729 3066 816 3133 gie
850 3078 1164 3136 perspecta,
1221 3067 1624 3120 monachorum
1678 3066 1991 3121 institutum
2046 3070 2305 3140 amplecti

728 3157 881 3221 velit,
911 3156 977 3209 ad
1005 3157 1123 3226 ejus
1156 3157 1593 3227 experimentum
1630 3172 1693 3210 ac
1738 3158 2116 3227 probationem
2172 3162 2305 3216 satis

728 3248 950 3317 longum
1009 3265 1104 3304 sex
1161 3252 1436 3304 mensium
1492 3250 1840 3304 intervallum
1898 3253 2142 3322 synodus
2182 3268 2306 3309 esse

728 3340 1055 3395 declaravit.
1085 3341 1192 3395 Sed
1244 3357 1393 3396 nunc
1439 3343 1657 3412 quidem
1707 3342 2089 3412 praefectorum
2135 3345 2302 3414 aliqui

730 3434 1072 3486 voluntatum
1130 3448 1353 3488 suarum
1405 3435 1587 3489 studia
1644 3435 1963 3489 auctoritati
2026 3451 2298 3493 canonum

726 3530 1107 3591 anteponunt;
1146 3538 1211 3576 ac
1260 3524 1403 3577 alios
1458 3525 1677 3592 quidem
1739 3526 1887 3581 illico
1927 3528 2299 3589 advenientes.

725 3608 866 3663 alios
902 3610 1089 3678 paucis
1120 3610 1428 3679 interjeetis
1456 3612 1674 3676 diebus,
1725 3620 1783 3666 et
1816 3628 1949 3667 vero
1980 3614 2152 3669 totius
2186 3630 2302 3669 mo-

2411 3073 2539 3130 τοὺς
2562 3067 2618 3120 δὲ
2641 3067 2779 3135 μετά
2804 3066 3065 3137 βραχείας
3089 3066 3323 3136 ἡμέρας,
3351 3066 3642 3121 καὶταῦτα
3671 3067 4010 3139 ἀνθρώπους

2412 3157 2524 3211 οὐδ’
2550 3159 2577 3211 ὃ
2605 3175 2658 3211 τι
2679 3158 2798 3211 ἐστὶ
2827 3158 2889 3210 τὸ
2919 3157 3217 3227 μοναχικὸν
3242 3159 3452 3219 είδότας
3500 3160 3838 3230 ἐπάγγελμα
3860 3177 3877 3190 ·
3918 3166 4010 3215 καὶ

2413 3248 2535 3301 οὐδὲ
2562 3249 2624 3300 τὸ
2655 3248 2928 3318 ἐπιτίμιον
2954 3247 3049 3301 τοῦ
3079 3247 3303 3311 κανόνος
3335 3249 3653 3303 ἀναστέλλει
3676 3252 3891 3314 αὐτοὺς
3914 3254 4011 3321 τῆς

2411 3340 2605 3407 ἀλόγου
2629 3339 2810 3410 ὁρμῆς
2834 3338 3035 3403 αὐτῶν,
3065 3340 3206 3409 ὅπερ
3237 3341 3355 3393 ἐστὶ
3392 3342 3488 3411 τῆς
3510 3343 3891 3411 ἡγουμενείας
3921 3343 4011 3397 ἔκ-

2413 3449 2640 3495 πτωσις,
2669 3431 2763 3484 καὶ
2795 3434 2875 3494 είς
2900 3431 3181 3502 ὑποταγὴν
3206 3428 3363 3495 αὖθις
3391 3433 3714 3503 ἀναστροφὴ
3757 3434 3849 3487 διὰ.
3878 3448 4009 3488 mt-

2409 3526 2559 3578 δείαν
2589 3526 2687 3593 τῆς
2716 3522 2961 3587 ἀταξίας.
3007 3524 3111 3577 Τὸν
3145 3523 3200 3577 δὲ
3241 3524 3483 3594 ἀκρίτως
3530 3525 3855 3595 μονᾶσαντα
3916 3528 4007 3581 καὶ

2409 3615 2561 3685 παρὰ
2590 3616 2684 3668 τὸν
2710 3616 3043 3684 τεταγμένον
3070 3615 3265 3687 καιρόν
3285 3618 3313 3669 6
3340 3616 3521 3669 κανὼν
3563 3615 3647 3677 εἰς
3678 3616 3891 3686 ἑτέραν
3918 3634 4005 3671 κε-

724 3701 949 3756 ιιιιειίεαι
986 3701 1345 3771 professionis
1392 3704 1615 3774 ignaros
1650 3702 1999 3759 detondent:
2056 3721 2155 3761 nec
2202 3723 2298 3762 eos

2416 3707 2553 3760 λεύει
2578 3706 2748 3778 μονὴν
2773 3706 3164 3778 παραδίδοσθαι
3200 3708 3501 3777 μοναχικην
3530 3706 3820 3777 τηροῦσαν
3844 3709 4002 3778 ἀκρέο

722 3796 915 3847 saltem
966 3809 1141 3864 paenae
1199 3809 1229 3848 a
1264 3811 1478 3850 canone
1510 3795 1727 3851 inflicta:
1763 3802 1942 3853 metus
1974 3796 2044 3852 ab
2080 3798 2295 3867 impetu
2405 3797 2575 3852 ϐειαν.

729 3886 1024 3940 temerario
1058 3886 1329 3951 deterret;
1360 3903 1481 3955 qua:
1510 3887 1730 3956 quidem
1763 3898 1852 3945 est
1892 3891 2029 3956 haec,
2090 3900 2148 3945 ut
2189 3889 2478 3961 praefectus
2536 3887 2863 3957 praefectura
2911 3888 3125 3943 excidat
3151 3896 3191 3953 ,‘
3257 3901 3564 3959 rursusque
3650 3888 3726 3943 ad
3816 3891 3987 3945 casti-

726 3981 959 4046 gandam
1014 3979 1375 4047 petulantiam
1444 3980 1767 4036 obedientiae
1852 3984 2160 4040 addicatur.
2222 3985 2325 4049 Qui
2401 3996 2534 4037 vero
2571 3983 2970 4037 monachorum
3019 3980 3223 4041 ordini,
3282 3981 3431 4036 nullo
3480 3980 3700 4037 delectu
3766 3983 3978 4049 habito,

725 4083 829 4123 nec
873 4075 1195 4136 exspectato
1249 4076 1557 4138 temporum
1595 4069 1908 4138 intervallo,
1967 4075 2282 4144 adscriptas
2321 4083 2426 4139 est,
2469 4075 2524 4129 in
2558 4072 2707 4128 aliud
2742 4074 3164 4142 monasterium,
3236 4079 3295 4131 tn
3337 4088 3447 4143 quo
3508 4072 3831 4144 disciplinae
3888 4077 3945 4131 di

725 4158 903 4230 ligens
952 4160 1267 4215 observatio
1312 4162 1515 4231 vigeat,
1571 4178 1752 4219 canon
1804 4168 2290 4225 transmittendum
2332 4184 2454 4226 esse
2482 4169 2754 4225 decernit.
2865 4174 2879 4180 ’

722 4249 952 4306 AltlST.
987 4270 1005 4301 ι
1039 4251 1209 4305 Nemo
1236 4253 1548 4308 monastico
1572 4253 1761 4310 habitu
1785 4257 1985 4328 dignus
2010 4259 2298 4325 habeatur,

796 4364 814 4396 ι
855 4346 963 4399 nisi
994 4346 1087 4416 qui
1130 4346 1374 4403 triennio
1406 4348 1692 4417 probatus,
1745 4350 1947 4421 dignus
1998 4364 2292 4423 appareat;

2403 4260 2630 4315 ΔΡΙΣΤ.
2664 4279 2683 4312 ι
2714 4261 2923 4329 Μηδεὶς
2969 4258 3241 4325 ἀξιούσθω
3286 4258 3383 4313 τοῦ
3410 4260 3735 4330 ,μοναχινοῦ
3777 4266 3992 4335 σχῆμα-

2485 4370 2504 4402 ι
2544 4369 2653 4416 τος,
2676 4352 2724 4404 εί
2756 4353 2855 4424 μὴ,
2883 4352 2976 4406 ἐπὶ
3004 4351 3247 4422 τριετίαν
3275 4349 3653 4420 δοκιμασθεὶς,
3678 4354 3841 4418 ἄξιος
3868 4357 3995 4408 ἀνα-

794 4455 813 4487 ι
853 4438 962 4491 nisi
1007 4438 1193 4507 gravis
1227 4436 1461 4493 forsitan
1496 4440 1728 4495 morbus
1758 4450 1974 4511 tempus
2006 4454 2295 4499 contraxe-

2480 4461 2498 4495 ι
2540 4442 2737 4513 φανείη
2784 4458 2800 4476 ·
2864 4442 3006 4512 πλὴν
3036 4444 3083 4495 εί
3114 4442 3192 4513 μὴ
3223 4441 3415 4513 βαρεῖα
3453 4442 3610 4509 νόσος
3646 4445 3749 4496 τὸν
3806 4447 3991 4517 χρόνον

792 4545 814 4579 ο
854 4527 969 4581 rit:
1005 4528 1073 4581 ad
1102 4528 1383 4583 hominem
1416 4546 1548 4585 vero
1596 4531 1774 4601 pium,
1804 4543 1859 4588 et
1896 4536 2291 4591 monachorum

792 4635 813 4670 ι
854 4633 1006 4672 more
1031 4632 1091 4672 se
1121 4629 1426 4689 gerentem,
1463 4633 1736 4695 semestre
1767 4624 2004 4692 spatium
2037 4625 2292 4682 sulliciet.

797 4728 817 4761 ι
860 4709 919 4764 Si
976 4711 1108 4779 quid
1175 4721 1360 4767 autem
1425 4724 1624 4782 praeter
1684 4716 1798 4770 haec
1851 4716 2055 4771 factum
2105 4717 2293 4784 fuerit,

791 4822 809 4851 ε
856 4802 1154 4874 ρταξΐεειιιε
1185 4805 1405 4875 quidem
1445 4806 1776 4876 praefectura
1832 4810 2073 4876 excidet,
2133 4819 2187 4865 et
2232 4812 2287 4865 itt

789 4914 821 4949 ι.
848 4895 1246 4965 subjectionem
1277 4898 1639 4967 detrudetur;
1678 4902 1982 4957 monachus
2008 4913 2190 4959 autem
2230 4904 2287 4958 in

786 5006 807 5040 ι
843 4998 1164 5043 accuratum
1198 4992 1596 5047 monasterium
1625 4996 2050 5051 transmittatur.
2085 5013 2105 5048 ι

1315 5082 1547 5138 CANON
1588 5083 1675 5137 Vl.

718 5186 740 5223 ι
778 5168 1027 5229 Monach:
1085 5176 1223 5230 nihil
1270 5175 1471 5231 debent
1525 5176 1727 5230 habere
1784 5176 2067 5246 proprium
2115 5193 2135 5232 :

789 5278 809 5313 ι
855 5264 1039 5319 omnia
1074 5281 1267 5322 eorum
1300 5265 1640 5322 monasterio
1680 5267 2097 5324 adscribuntur.
2145 5266 2289 5323 Dicit

2480 4551 2499 4587 ι
2540 4535 2841 4588 συστείλειε
2880 4550 2897 4567 ο
2924 4534 3020 4588 καὶ
3067 4535 3145 4597 είς
3180 4534 3348 4605 ἀνδρα
3378 4533 3433 4587 δὲ
3462 4533 3697 4605 εὐλαϐῆ,
3729 4541 3830 4591 καὶ
3858 4541 3992 4593 κατά

2476 4645 2495 4678 ι
2539 4627 2810 4698 μοναχοὺς
2833 4626 3036 4693 ζῶντα,
3064 4627 3293 4697 ἀρκέσει
3317 4627 3346 4680 6
3375 4626 3747 4698 ἐξαμηνιαῖος
3774 4633 3985 4703 χρόνος.

2477 4736 2497 4771 ι
2542 4720 2604 4772 Ei
2626 4719 2683 4772 δὲ
2714 4720 2867 4791 παρά
2887 4719 3044 4773 τοῦτο
3073 4721 3321 4790 γένηται,
3360 4720 3687 4776 ἐκπεσεῖται
3753 4724 3862 4793 μὲν
3897 4726 3989 4794 τῆς

2476 4828 2496 4863 ι
2536 4810 2902 4880 ἡγουμενείας
2952 4812 2981 4864 6
3035 4800 3365 4881 ἡγούμενος,
3409 4811 3507 4864 καὶ
3561 4814 3648 4877 είς
3709 4816 3987 4885 ὑποταγὴν

2472 4918 2491 4952 ι
2530 4902 2684 4954 ἔσται
2708 4916 2721 4931 ·
2757 4903 2785 4954 6
2807 4900 2865 4954 δὲ
2895 4901 3139 4971 μονάσας
3185 4903 3269 4965 είς
3310 4903 3538 4974 ἀκριϐὲς
3608 4911 3983 4979 μοναστήριον

2470 5010 2489 5045 ι
2530 4992 2987 5065 ἀπενεχθήσεται.
3028 5012 3049 5046 ι

2990 5087 3235 5141 ΚΑΝΩΝ
3272 5088 3363 5156 ς’.

2190 5178 2286 5233 sed
2398 5197 2418 5233 ι
2458 5178 2522 5230 ()l
2553 5179 2777 5248 μοναχοὶ
2809 5178 2964 5232 οὐδὲν
2993 5180 3125 5233 ίδιον
3151 5180 3267 5251 (5|)
3303 5178 3621 5250 ὀφείλουσιν
3654 5184 3837 5255 ἔχειν·
3864 5188 3982 5241 πάν-

2467 5289 2485 5322 ι
2531 5287 2600 5324 τα
2632 5270 2688 5323 δὲ
2717 5271 2785 5324 τὰ
2818 5269 2999 5325 αὐτῶν
3020 5272 3465 5344 προσκληροῦται
3490 5274 3571 5345 τῷ
3603 5280 3977 5351 μοναστηρίῳ.

1960 5432 2144 5494 Guill.
2175 5434 2498 5514 Beveregn
2543 5444 2732 5497 notae.

786 5594 899 5666 (5|)
951 5597 1017 5649 Οἱ
1061 5577 1319 5679 μοναχοὶ
1348 5596 1555 5683 esset:
1600 5596 1807 5683 ἴδιον.¹
1839 5597 2283 5683 Βατιιρεηοριιιιιε

2485 5601 2874 5681 μοναστήριον.
2918 5604 3162 5683 Είδέ-τις
3193 5596 3431 5683 μοναχδς
3456 5609 3756 5683 φωραθείη
3793 5615 3858 5667 ὲκ
3884 5612 3975 5665 τῶν

709 5664 861 5738 hunc
883 5664 1158 5720 canonem
1194 5669 1248 5719 in
1277 5667 1565 5738 epitomenr
1599 5669 1681 5721 sic
1717 5668 1945 5736 redegit,
1976 5670 2003 5720 6
2034 5664 2271 5738 μονάσαιι

708 5736 1029 5807 βουλόμενος
1075 5739 1205 5807 περ)⁸
1238 5738 1347 5789 τῶν
1373 5737 1569 5789 ἑαυτοῦ
1607 5738 1875 5807 πρότερον
1914 5736 2266 5796 διατιθέσθω.

705 5806 859 5860 Μετὰ
893 5808 1000 5875 γὰρ
1037 5808 1096 5860 τὸ
1128 5806 1381 5877 μονάσαι,
1410 5807 1519 5860 τῶν
1550 5809 1716 5861 αὑτοῦ
1738 5806 1958 5863 πάντων
1989 5810 2273 5882 κυριεύσει

2393 5671 2564 5753 αὐτοῦ
2596 5671 3213 5753 τιλπαρυποκρατῄσας,
3247 5671 3413 5753 αὐτὸς
3443 5671 3561 5748 μὲν
3583 5671 3974 5753 προσηκόντως

2386 5740 2775 5823 ἐπιτιμᾶσθωδ
2825 5740 3002 5823 ἐκεῖνο
3042 5740 3101 5797 δὲ
3134 5747 3287 5817 παρά
3318 5748 3417 5823 tot?
3440 5740 3859 5823 προεστῶτὸςῆ
3889 5740 3971 5805 τοῖι

2386 5811 2694 5866 ἐπισκόπου
2719 5815 3175 5884 πιπρασκόμενον
3208 5811 3446 5881 πτωγοίς
3482 5811 3583 5871 καὶ
3616 5811 3972 5886 ἀπόοόιέδια-
