4166 6438
153 399 285 460 ttile

1369 401 1444 458 IN
1480 401 1641 457 CAN.
1680 397 1752 456 VI
1795 399 2002 456 CONC.
2046 401 2152 458 ΠΡ.

3233 402 3365 466 ιοπε

144 513 306 577 κειμέ
318 525 374 574 ιη
393 511 447 561 ἐν
464 509 689 573 τῷτέλει
703 510 795 562 τοῦ
817 518 864 577 γ’
879 512 1058 586 τίτλου
1080 512 1172 570 τοῦ
1189 509 1268 580 με’
1285 511 1488 580 βιϐλίου
1507 514 1712 578 πρῶτον

1822 511 2010 561 statuit
2071 512 2268 564 liberos
2334 513 2565 577 primum
2626 517 2935 565 iii-cessatio
2987 516 3148 567 δι·γὶὺὶ
3183 520 3379 572 debere

147 604 278 661 τοὺς
313 601 510 663 παῖδας
543 602 835 668 διορίζεται
853 604 1160 672 γράφεσθαι
1204 605 1262 668 ἐξ
1295 604 1537 670 ἀνάγκης
1586 603 1714 667 κλη-

151 693 421 760 ρονόμους
463 709 477 722 ·
544 694 750 746 παίδων
795 695 852 747 δὲ
909 697 997 765 ,μὴ
1055 696 1324 759 ὑπόντων,
1360 698 1480 757 τοὺς
1515 698 1709 762 γονεῖς.

148 787 376 854 ’Ἕτερον
409 785 466 838 δὲ
499 786 691 840 οὐδένα
725 789 1148 857 ἀναγκαζόμεθα
1183 791 1276 841 καὶ
1309 791 1534 850 ἄκοντες
1571 789 1708 854 γρά-

145 894 271 943 φειν
317 877 679 945 κληρονόμον.
720 880 779 930 Εἰ
818 879 872 930 δὲ
912 881 1191 942 ἀδιάθετος
1241 872 1552 946 τελευτήσει
1610 896 1710 941 τις,

144 970 286 1037 ἔχων
313 973 490 1038 γονεῖς
525 971 615 1022 καὶ
643 971 924 1036 ἀδελφοὺς,
950 973 1144 1038 ἐπίσης
1166 971 1317 1040 παρὰ
1351 972 1553 1024 τούτων
1586 971 1715 1038 κλη-

145 1061 601 1129 ρονομηοήσεται.
631 1064 738 1114 Καὶ
757 1062 1067 1129 ἁνάγνωσον
1093 1063 1192 1132 τὴν
1211 1063 1464 1132 ῥηθεῖσαν
1495 1062 1711 1130 νεαρὰν,

142 1155 452 1218 ἀναγκαίαν
477 1149 661 1206 οὖσαν.
688 1157 796 1208 Καὶ
833 1154 1007 1207 ταῦτα
1033 1156 1128 1223 μὲν
1155 1156 1444 1223 γενήσεται
1490 1158 1580 1206 ἐπὶ
1602 1158 1714 1216 τοῖς

144 1246 250 1312 πρὸ
282 1247 380 1312 τῆς
404 1248 760 1315 ἀποκὰρσεως
809 1249 1069 1315 προσοῦσι
1102 1249 1180 1316 τῷ
1210 1248 1458 1316 μέλλοντι
1484 1249 1712 1315 μονάσαι

141 1343 466 1408 πράγμασιν
494 1359 507 1372 ‘
542 1344 620 1404 είς
654 1343 709 1394 δὲ
742 1346 808 1395 τὰ
843 1345 980 1411 μετὰ
1000 1346 1099 1413 τὴν
1130 1346 1440 1408 smnpm
1498 1341 1716 1408 περιελ-

142 1431 304 1481 θόντα
327 1433 403 1491 είς
429 1433 592 1484 αὑτὸν
624 1434 732 1486 ἀπὸ
760 1435 1024 1503 διαθήκης
1061 1437 1092 1498 ἢ
1127 1435 1184 1499 ἐξ
1218 1434 1496 1486 ἁδιαθέτου
1526 1434 1712 1483 τελευ‹

139 1527 766 1594 τησαντωνπροσγενῶν
797 1527 984 1588 αὑτοῦ,
1029 1529 1058 1596 ἦ
1100 1527 1365 1595 ὲτέρωθέν
1432 1526 1617 1584 ποθεν,
1664 1529 1713 1577 τί

521 1617 738 1681 Λύσις.
810 1620 1106 1686 ’Λνάγνωθι
1155 1621 1253 1688 τὴν
1303 1619 1344 1670 ε’
1391 1621 1589 1686 νεαρὰν
1622 1618 1711 1671 τοῦ

140 1708 391 1776 ἀοιδίμου
427 1708 686 1777 βασιλέως
731 1711 902 1782 κυροῦ
944 1713 1170 1774 Λέοντος
1205 1712 1299 1764 τοῦ
1339 1711 1546 1778 Σοφοῦ,
1600 1711 1715 1762 δια-

139 1801 524 1869 λαμίάνουσαν
548 1802 604 1852 ἐν
659 1805 902 1874 ὲπιτόμῳ
928 1807 1023 1857 καὶ
1068 1806 1138 1857 τὰ
1169 1805 1401 1874 ρηθέντα
1439 1805 1536 1873 μὲν
1571 1803 1704 1856 ἄνω-

141 1892 258 1954 Οεν,
286 1895 342 1945 ὲν
367 1893 442 1962 τῷ
472 1892 616 1943 τέλει
647 1893 704 1945 δὲ
740 1895 836 1948 καὶ
868 1897 1114 1964 περὶτοῦ
1147 1899 1223 1965 μὴ
1252 1896 1483 1948 καθόλου
1515 1894 1712 1962 ἀπείρ-

141 1989 336 2053 γεσθαι
359 1991 484 2051 τοὺς
515 1992 873 2060 μεναχοὺςλὲκ
906 1990 1002 2040 τοῦ
1034 1988 1244 2041 δικαίου
1280 1988 1376 2056 τῆς
1425 1987 1712 2055 διαθήκης,

141 2081 556 2148 εὐπορήσαντας
591 2083 720 2141 ἴσως
765 2081 904 2148 μετὰ
940 2080 1002 2131 τὸ
1058 2081 1289 2146 μονὰσαι
1346 2080 1712 2149 πραγμάτων.

157 2172 299 2222 Ἀλλ’
334 2175 380 2226 εί
410 2176 506 2244 μὲν
530 2173 792 2243 ὤφθησάν
831 2192 882 2226 τι
924 2171 1436 2242 προκαταῦαλόντες
1480 2172 1555 2240 τῷ
1619 2189 1718 2240 μο-

140 2268 444 2336 ναστηρίῳ,
479 2268 622 2321 κατὰ
654 2269 746 2320 τὸν
777 2268 969 2336 καιρὸν
1001 2268 1089 2318 ὅτε
1117 2265 1296 2334 τούτῳ
1319 2269 1713 2335 προσήρχοντο.

141 2355 285 2410 εἶναι
319 2361 518 2420 αὐτοὺς
557 2361 685 2429 περὶ
717 2359 826 2410 τῶν
859 2359 1086 2428 ὓστερον
1134 2360 1542 2428 ἑπικτηθέντων
1617 2377 1717 2411 κυ-

138 1619 429 1683 γενήσεται
461 1633 475 1679 ;

143 2454 322 2522 ρίους.
348 2452 488 2504 ὥστε
529 2453 754 2504 διοικεῖν
795 2451 936 2503 αὐτὰ
963 2450 1143 2512 καθὼς
1187 2450 1508 2519 αἱροῦνται·
1564 2453 1612 2503 εί
1672 2450 1719 2503 δ’

139 2546 297 2598 οὐδὲν
331 2544 802 2614 προκατεϐἀλοντο
831 2544 965 2613 πρός
989 2543 1087 2612 τὴν
1123 2543 1310 2611 μονὴν,
1351 2544 1548 2604 αὐτοὺς
1618 2544 1716 2612 μὲν

141 2638 275 2706 περὶ
308 2637 401 2689 τοῦ
430 2636 680 2705 διμοίρου
713 2637 857 2704 ἔχειν
889 2635 1076 2689 ἄδειαν
1106 2634 1310 2704 ὁρίζειν
1357 2634 1452 2686 καὶ
1487 2635 1719 2687 διατίθε-

147 2729 276 2780 σθαι
299 2727 444 2779 κατὰ
468 2727 664 2794 νόμους
691 2742 704 2753 ·
739 2725 800 2776 τὸ
836 2725 1200 2793 μοναστήριον
1248 2722 1305 2774 δὲ
1341 2723 1400 2774 τὸ
1451 2723 1578 2775 ἄλλο
1624 2726 1717 2792 μέ-

147 2837 243 2887 ρος
285 2820 404 2888 ἦτοι
448 2817 509 2870 τὸ
574 2817 758 2886 τρίτον
809 2815 1309 2884 ἀναλαμόἁνεσθαι.
1335 2815 1399 2865 Τί
1435 2815 1513 2879 δὲ,
1548 2817 1594 2866 εί
1643 2817 1716 2884 μὴ

143 2911 364 2980 θελήσει
407 2913 434 2963 ό
485 2909 719 2987 μοναχὸς
767 2908 897 2977 περὶ
949 2907 1060 2958 τῶν
1114 2906 1520 2974 ἐπικτηθέντων
1579 2908 1716 2975 μετὰ

142 3003 244 3073 τὴν
296 3003 604 3071 ἁπόκαρσιν
650 3001 830 3070 ὁρίσαι
892 3017 965 3062 τι,
1009 2998 1294 3062 ἀνθέξεται
1349 3001 1567 3051 πάντων
1609 3000 1715 3049 τῶν

141 3095 490 3165 πραγμάτων
542 3095 574 3162 ἡ
642 3092 798 3161 μονὴ,
836 3093 870 3163 ἦ
921 3091 1122 3160 μᾶλλον
1185 3091 1234 3143 οἱ
1297 3091 1621 3159 καλούμενοι
1657 3091 1714 3156 ἐξ

1821 598 2111 655 limi-edes:
2167 604 2208 654 si
2272 617 2447 654 autem
2512 620 2617 655 non
2678 616 2804 656 sunt
2865 605 3040 666 liberi,
3101 621 3376 675 parentes.

1817 689 2044 744 Nullum
2076 706 2255 746 autem
2286 695 2449 746 alium
2478 695 2638 765 343
2669 697 2929 748 lia-redeiu
2959 700 3196 750 scriliei'c
3217 704 3377 752 etiam

1819 784 1972 835 inviti
2003 787 2271 852 cogimur.
2303 785 2358 837 Si
2392 792 2516 852 quis
2559 797 2736 839 autem
2782 790 3070 841 intestatus
3117 792 3381 843 moriatur

1819 877 2026 928 habens
2060 888 2318 944 parentes
2355 889 2408 930 et
2456 879 2676 940 fratres,
2725 881 2758 932 ii
2810 881 3049 933 lia‘i‘edes
3095 899 3159 936 ex
3211 885 3381 952 aequis

1819 970 2066 1036 partibus
2098 981 2278 1022 erunt.
2338 971 2404 1023 Et
2445 973 2560 1040 lege
2613 973 2749 1024 hanc
2801 974 3090 1037 novellam,
3146 993 3264 1043 qua:
3298 987 3382 1029 est

1817 1063 2150 1114 necessaria.
2190 1060 2255 1114 Et
2289 1062 2403 1116 liiec
2460 1065 2681 1131 quidem
2740 1069 2868 1116 lient
2911 1065 2963 1118 iii
3001 1067 3186 1128 rebus,
3245 1084 3381 1135 quas

1817 1153 1864 1205 is
1901 1152 2067 1204 habet
2102 1162 2228 1205 ante
2254 1161 2536 1206 t0iisuram
2571 1156 2662 1222 qui
2699 1155 2918 1208 futurus
2947 1168 3026 1211 est
3057 1162 3376 1212 monachus.

1820 1244 1892 1296 lle
1944 1246 2010 1298 iis
2071 1253 2268 1308 autem,
2307 1261 2426 1312 quae
2477 1255 2598 1314 post
2652 1257 2952 1309 tonsuram,
2994 1250 3072 1301 vel
3109 1265 3171 1302 ex
3221 1261 3380 1304 testa-

1819 1351 2001 1392 inento
2043 1340 2123 1392 vel
2185 1342 2253 1392 ah
2300 1340 2584 1403 intestato,
2651 1342 2884 1393 mortuis
2937 1343 3082 1406 ejus.
3113 1346 3380 1410 Cognatis,

1817 1433 1897 1482 vel
1937 1433 2120 1497 aliqua
2164 1434 2267 1484 alia
2304 1433 2536 1487 ratione.
2576 1435 2639 1484 ad
2679 1449 2808 1485 eum
2847 1438 3216 1498 pervenerint,
3252 1437 3379 1502 quid

1818 1519 1941 1570 liet?
1973 1517 2203 1572 Salutio.
2254 1520 2392 1582 Lege
2441 1523 2684 1586 quintam
2727 1524 2991 1575 noxellam
3047 1526 3380 1578 crleberrimi

1819 1609 2171 1674 imperatoris
2213 1613 2420 1665 domini
2473 1613 2672 1665 Leonis
2725 1616 3023 1682 Sapientis,
3073 1633 3192 1684 qum
3241 1635 3383 1671 coin-

1819 1703 2018 1767 pendio
2059 1713 2258 1758 tractat
2301 1721 2362 1758 ea
2399 1721 2520 1775 qua:
2549 1711 2804 1776 superius
2839 1710 2981 1762 dicta
3023 1721 3171 1774 sunt,
3223 1724 3275 1764 et
3330 1717 3380 1765 ii:

1819 1798 1921 1848 line
1951 1808 2130 1859 cavet,
2169 1812 2232 1849 ne
2269 1812 2296 1848 a
2329 1800 2453 1863 jure
2487 1801 2797 1853 testamenti
2831 1804 3056 1854 omnino
3095 1816 3385 1857 arceantur

1822 1887 2115 1949 monachi;
2152 1888 2243 1953 qui
2276 1887 2436 1949 forte,
2471 1899 2758 1956 postquam
2794 1892 3046 1943 monachi
3083 1892 3206 1944 iacti
3234 1908 3380 1952 sunt,

1820 1978 2015 2032 divites
2047 1989 2364 2031 evaserunt.
2398 1980 2499 2032 Sed
2530 1979 2573 2032 si
2609 1981 2812 2047 aliquid
2860 1983 3078 2049 quidem
3111 1995 3387 2037 monaste-

1821 2071 1903 2121 rio
1949 2069 2100 2136 prius
2143 2069 2360 2123 dedisse
2412 2071 2510 2122 visi
2573 2081 2722 2131 sunt,
2761 2088 2824 2123 eo
2857 2085 3117 2140 tempore,
3167 2093 3276 2143 quo
3319 2083 3382 2127 ad

1821 2165 1996 2232 ipsum
2031 2174 2389 2215 accesserunt
2415 2204 2428 2225 ,
2473 2179 2592 2217 esse
2622 2180 2718 2216 eos
2770 2182 2978 2225 eoi-uni,
3016 2184 3147 2234 ,quze
3199 2180 3382 2236 postea

1821 2257 2088 2321 acquisita
2129 2254 2355 2315 fuerint,
2394 2255 2672 2317 dominos,
2708 2269 2764 2308 ut
2804 2273 2861 2308 ea
2898 2259 3282 2313 administrent
3329 2270 3386 2313 ιιι

1820 2349 2031 2401 volunt.
2095 2348 2188 2400 Sin
2253 2360 2434 2401 autem
2492 2351 2824 2401 monasterio
2893 2351 3027 2403 nihil
3077 2352 3382 2412 dederunt,

1822 2441 1971 2510 ipsos
2003 2441 2224 2507 quidem
2259 2443 2323 2493 de
2360 2440 2572 2492 duabus
2608 2455 2768 2508 posse
2818 2442 3063 2508 partibus
3093 2443 3386 2512 disponere

1819 2534 1874 2578 (ιι
1929 2527 2114 2579 testari
2175 2527 2471 2578 secundum
2517 2525 2705 2593 leges:
2763 2529 3155 2580 monasterium
3207 2541 3386 2585 autem

1820 2619 1981 2670 aliain
2039 2628 2268 2682 partem,
2329 2620 2541 2672 scilicet
2605 2619 2864 2684 tertiani,
2931 2623 3192 2688 recipere.
3246 2623 3384 2688 Quid

1819 2723 2037 2773 autem,
2105 2711 2148 2764 si
2206 2711 2444 2763 uoluerit
2495 2717 2796 2766 monachus
2845 2713 2909 2765 de
2965 2714 3051 2774 iis,
3102 2731 3218 2782 quie
3270 2731 3389 2784 post

1822 2812 2105 2855 tousoram
2154 2803 2424 2870 acquisiti
2472 2812 2597 2855 sunt
2641 2805 2958 2871 disponere.
3018 2806 3388 2861 \indicabitne

1819 2905 1874 2949 et
1907 2896 2282 2964 appreliendet
2312 2896 2496 2947 omnia
2532 2898 2951 2958 monasterium,
2989 2914 3056 2950 an
3095 2899 3126 2950 ii
3183 2901 3390 2967 potius,

1819 2988 1911 3056 qui
1943 2988 2010 3040 ab
2054 2988 2314 3038 intestato
2373 2996 2674 3049 vocantur,
2729 3002 2812 3038 res
2870 3003 2961 3042 eas
3018 2990 3296 3056 rcripieni,
3340 3003 3392 3043 et

1823 3077 2063 3129 maxime
2125 3076 2167 3127 si
2230 3075 2525 3128 defunctus
2593 3075 2796 3142 aliquid
2858 3077 2920 3128 ad
3001 3081 3389 3143 monasterium

141 3187 424 3240 ἀδιαθέτου
459 3186 528 3238 τὰ
564 3185 790 3238 τοιαῦτα
811 3185 1116 3254 πράγματα
1149 3182 1553 3236 ἀναλάόωνται.
1613 3186 1707 3234 καὶ

1819 3167 2038 3220 attulit?
2085 3166 2309 3220 Salutio.
2343 3165 2659 3232 Philosophi
2713 3165 2939 3234 quidem
2988 3170 3204 3221 novella
3256 3172 3391 3224 nihil

149 3277 352 3347 μᾶλλον
383 3277 544 3347 εἰπερ
572 3280 600 3330 ὁ
634 3275 973 3345 τελευτήσας
1008 3273 1355 3343 προσήνεγκε
1391 3291 1443 3326 τι
1493 3272 1570 3340 τῷ
1615 3289 1712 3340 μο-

140 3370 453 3440 ναστηρίῳ;
485 3371 700 3434 Λύσις.
744 3366 810 3420 Ἥ
853 3369 952 3433 μὲν
993 3366 1163 3435 νεαρὰ
1183 3364 1275 3416 τοῦ
1301 3367 1594 3432 Φιλοσόφου
1624 3365 1715 3417 οὺ-

139 3461 233 3517 δέν
263 3479 314 3512 τι
349 3463 476 3531 περὶ
535 3461 724 3512 τούτου
769 3459 1055 3511 ἐθέσπισεν
1088 3473 1102 3486 ·
1147 3457 1270 3526 ἐμοὶ
1320 3457 1377 3508 δὲ
1430 3457 1580 3510 δοκεί
1641 3457 1715 3520 ὡς

141 3557 330 3606 ἐκεῖνα
377 3552 677 3621 τηνικαῦτα
720 3551 1031 3620 γενήσεται,
1075 3549 1175 3600 ὅσα
1215 3551 1247 3616 ὴ
1289 3547 1494 3616 ἄνωθεν
1551 3564 1716 3599 κατα-

144 3647 448 3717 πρωθείσα
475 3647 644 3717 νεαρὰ
673 3643 969 3714 διορίζεται
1003 3643 1257 3711 γενέσθαι
1291 3647 1368 3704 εἰς
1394 3642 1461 3694 τὰ
1493 3647 1597 3710 πρὸ
1620 3642 1716 3709 τῆς

141 3742 505 3806 ἀποκάρσεως
541 3737 813 3807 προσόντα
853 3719 1156 3805 πράγματα
1187 3732 1266 3802 τῷ
1307 3731 1546 3802 μοναχῷ,
1610 3732 1714 3783 οπο

139 3833 308 3902 ηνίκα
333 3826 489 3893 οὗτος
529 3814 838 3897 τελευτήσει
871 3827 1171 3888 ἀδιάθετος.
1216 3825 1386 3891 Λόγος
1425 3823 1481 3875 δὲ
1521 3823 1711 3890 γέγονὲ

141 3942 278 3979 Ιιιιοτε
301 3927 380 3985 εἰς
410 3923 470 3976 τὸ
491 3924 841 3991 δικαστήριον
870 3921 996 3986 περὶ
1020 3919 1131 3970 τῶν
1160 3919 1468 3984 ἀσωμάτων
1488 3916 1713 3968 δικαίων

140 4015 239 4068 τοῦ
264 4014 519 4086 μοναχοῦ,
545 4013 652 4065 τῶν
704 4013 780 4081 μὴ
827 4011 1149 4080 φθασάντων
1206 4010 1310 4078 πρὸ
1337 4009 1435 4076 τῆς
1471 4007 1714 4076 ἀποκάρ-

143 4125 283 4170 σεως
306 4105 726 4175 οἱκονομηθῆναι
755 4102 906 4173 παρὰ
923 4101 1134 4155 τούτου.
1167 4099 1538 4168 Μοναχοῦγοὶρ
1567 4117 1712 4161 τινος

139 4199 586 4274 ἑλκύσαντοςκείς
613 4196 962 4263 δικαστήριον
1027 4199 1154 4264 περὶ
1195 4193 1384 4254 ὃάνους
1426 4192 1570 4256 τινὰ,
1594 4176 1714 4243 συν-

138 4293 383 4364 εζητήθη
435 4293 483 4343 εί
553 4289 778 4341 δύναται
835 4289 1065 4357 μοναχὸς
1118 4285 1474 4353 ἑνάγειν,καὶ
1535 4285 1712 4348 ἔδοξεν

137 4382 518 4451 ἁπαράδεκτος
547 4380 626 4442 είς
657 4377 836 4431 τοῦτο.
874 4378 1164 4446 Ἐλθούσης
1200 4376 1256 4427 δὲ
1295 4376 1393 4444 τῆς
1434 4375 1599 4444 μονῆς
1633 4378 1711 4436 εἰς

1819 3259 1887 3312 de
1919 3259 1985 3311 iis
2014 3257 2303 3312 constituit
2338 3275 2349 3309 :
2389 3258 2518 3310 mihi
2556 3268 2737 3310 autem
2790 3257 3025 3318 videtur,
3066 3260 3210 3326 quod
3260 3270 3393 3314 tunc

1821 3351 1911 3403 illa
1947 3352 2241 3418 tieiit,qu:e
2273 3350 2528 3415 superius
2563 3354 2666 3403 siia
2699 3349 2912 3402 novella
2947 3343 3389 3416 ﬁeri‘constituit,

1823 3443 1877 3495 in
1938 3458 1978 3494 τι
1999 3442 2105 3496 bus
2161 3456 2298 3510 quas
2348 3441 2510 3492 habet
2560 3441 2861 3492 monachus
2917 3449 3042 3493 ante
3083 3453 3389 3506 tonsuram,

1817 3531 2039 3601 quando
2074 3531 2118 3584 is
2149 3531 2445 3585 intestatus
2480 3529 2802 3583 decesserit.
2835 3529 3034 3583 Exorta
3075 3543 3160 3586 est
3206 3543 3391 3588 autem

1820 3625 2122 3691 aliquando
2178 3617 2556 3676 controversia
2594 3623 2648 3675 in
2681 3621 2892 3690 judicio
2944 3625 3088 3676 circa
3140 3625 3392 3680 monachi

1814 3718 1936 3785 jura
1979 3715 2365 3784 incorporalia,
2423 3730 2544 3783 qua:
2575 3713 2643 3766 ah
2685 3730 2750 3766 eo
2799 3725 2927 3766 ante
2966 3726 3241 3770 tonsuram
3282 3733 3392 3771 non

1821 3810 1972 3861 fuere
2022 3807 2361 3875 dispensata.
2418 3807 2550 3859 Cum
2608 3807 2755 3859 enim
2807 3806 3112 3860 monachus
3169 3811 3392 3877 quidam

1819 3916 1916 3968 pro
1957 3911 2148 3953 mutuo
2179 3900 2416 3967 aliquem
2454 3898 2505 3950 in
2539 3899 2630 3967 jus
2679 3900 2957 3963 traxiSSet,
2993 3903 3280 3968 quarsituin
3309 3914 3393 3956 est

1818 4007 1886 4043 an
1922 3991 2092 4058 possit
2119 3991 2422 4043 monachus
2464 3991 2738 4042 actionem
2793 3990 3096 4050 intendere.
3139 3990 3208 4043 et'
3239 3993 3391 4046 visus

1817 4092 1901 4136 est
1950 4097 2058 4134 non
2122 4096 2243 4135 esse
2300 4079 2370 4132 ad
2425 4081 2526 4133 hoc
2580 4080 2975 4146 admittendus.
3025 4080 3160 4133 Cum
3207 4094 3389 4136 autem

1819 4176 2222 4227 monasterium
2253 4173 2321 4225 ad
2361 4173 2630 4242 judicium
2666 4175 2928 4234 venisset,
2963 4183 3016 4226 et
3062 4187 3393 4240 proponeret

1811 4268 1938 4336 jura
1980 4266 2234 4319 monachi
2275 4274 2534 4330 tanquam
2569 4279 2632 4316 ex
2664 4278 2874 4316 canone
2908 4262 2973 4315 ad
3007 4278 3065 4316 se
3090 4265 3390 4331 pertinere,

1817 4359 1962 4428 quod
1997 4371 2121 4411 ante
2154 4367 2442 4410 tonsuram
2475 4357 2541 4410 de
2579 4356 2645 4410 iis
2687 4371 2795 4408 non
2827 4357 3198 4422 disposuerit;
3245 4357 3392 4409 dixe.

133 4449 594 4543 τὸδικαστήριον,
652 4473 746 4526 καὶ
789 4472 1233 4541 προσαλλομένης
1259 4471 1351 4537 ,τὰ
1393 4469 1577 4523 δίκαια
1617 4469 1711 4522 τοῦ

1819 4461 1944 4504 runt
1974 4465 2190 4505 reorum
2235 4449 2575 4512 defensores,
2607 4449 2748 4517 quod
2789 4465 2964 4518 neque
2993 4453 3387 4505 monasterium

145 4567 386 4640 μοναχοῦ
413 4568 488 4628 ὡς
521 4570 583 4618 ἐκ
613 4567 707 4617 τοῦ
738 4565 960 4625 κανόνος
995 4563 1352 4631 περιελθόντα
1407 4564 1488 4624 είς
1543 4562 1712 4630 αὐτὴν

136 4662 236 4713 διὰ
277 4659 330 4711 τὸ
359 4659 434 4728 μὴ
479 4656 824 4725 ὃιοικηθῆναι
865 4656 971 4724 πρὸ
1009 4656 1107 4722 τῆς
1136 4655 1523 4724 ἀποκάρσεως,
1559 4649 1712 4706 εἷπον

136 4750 350 4819 οἱπερὶ
384 4751 511 4808 τοὺς
564 4746 930 4815 ἐναγομένους
962 4745 1191 4798 ὅτιοῦτε
1242 4747 1444 4815 ή-μονὴ
1508 4745 1631 4797 οὔτε
1684 4747 1713 4797 ὁ

139 4842 375 4912 μοναχὸς
401 4841 617 4907 ἐνάγειν
669 4839 914 4891 δύναται.
961 4838 1020 4889 '0
1051 4838 1152 4906 μὲν
1185 4838 1316 4906 γὰρ,
1365 4837 1439 4900 ὠς
1469 4837 1570 4908 ήδη
1620 4855 1712 4889 τε-

134 4936 406 5003 λευτήσας
436 4936 528 4985 καὶ
560 4933 858 5000 πράγματα
885 4929 959 5000 μὴ
976 4929 1139 4998 ἔχων,
1163 4929 1538 4998 ἁωράδεκτός
1563 4931 1712 4982 ἐστιν

135 5027 222 5094 εἰς
281 5026 341 5076 τὸ
391 5023 716 5076 δικάσασθαι
746 5036 762 5052 ·
817 5024 871 5091 ἠΔ
898 5021 978 5082 δὲ,
1031 5021 1104 5082 ὡς
1136 5021 1210 5089 μὴ
1233 5019 1615 5089 ὲκχωρηθείσα
1648 5023 1708 5072 τὸ

135 5114 438 5184 ἀσώματον
475 5115 683 5166 δίκαιον
726 5113 827 5180 τῆς
868 5111 1110 5179 ἀγωγῆς,
1163 5111 1449 5180 ἁμετόχως
1490 5113 1710 5178 ἐνάγει.

134 5194 494 5276 ¹Ἐμὲμνηντο
543 5205 599 5255 δὲ
657 5203 752 5255 καὶ
813 5203 976 5270 νόμου
1014 5201 1284 5268 λέγοντος.
1312 5203 1383 5253 To
1425 5201 1713 5269 ἀσώματον

133 5301 370 5362 (Σίκαιον,
404 5299 450 5348 εἰ
484 5297 560 5366 μὴ
588 5294 905 5364 ὲκχωρηθῇ,
934 5295 995 5345 οὐ
1051 5292 1366 5360 μεταϐαίνει
1411 5293 1546 5362 πρὸς
1595 5293 1711 5343 ἓτε-

138 5407 239 5458 ρον
259 5405 273 5418 °
299 5390 395 5441 καὶ
419 5387 610 5457 ἤθελον
639 5387 714 5458 μὴ
743 5386 999 5439 ’ἑλκ-εσθαι
1041 5388 1131 5437 τὸν
1162 5385 1491 5454 ἐναγὸμενον
1531 5384 1621 5438 διὰ
1652 5385 1712 5436 τὸ

133 5483 569 5546 τειουτοτρόπως
595 5469 884 5544 σϐεσθῆναι
930 5479 1067 5546 τάχα
1115 5478 1215 5546 τὴν
1263 5478 1509 5546 ἀγωγήν.
1571 5477 1712 5529 Ἀλλ’

133 5577 243 5628 οὐκ
272 5575 497 5645 ἤρεσαν,
536 5577 708 5624 ταῦτα
758 5572 1032 5639 λέγοντες.
1090 5568 1401 5638 Διεγνώσθη
1453 5571 1559 5639 γὰρ
1598 5570 1708 5632 ὡς,

135 5668 266 5719 ἐπεὶ
294 5667 353 5718 οὐ
391 5665 533 5716 κατὰ
567 5663 887 5734 προαίρεσιν
912 5662 1006 5714 τοῦ
1059 5663 1273 5730 ἔχοντος
1317 5664 1374 5712 τὸ
1420 5660 1711 5731 ἀσώματον

133 5763 344 5812 δίκαιον
379 5758 614 5828 μοναχοῦ
647 5756 1038 5826 μεταϐαίνονσι
1075 5756 1141 5806 τὰ
1175 5757 1477 5825 πράγματα
1516 5757 1709 5807 τούτου

136 5858 222 5917 εἰς
263 5855 357 5920 τὴν
412 5853 600 5920 μονὴν.
648 5851 759 5904 ἀλλ’
813 5850 920 5904 ἀπὺ
944 5851 1040 5918 τῆς
1085 5848 1368 5912 αὐθεντίας
1397 5849 1488 5904 τοῦ
1525 5850 1711 5918 κάμον,

1821 4560 1999 4612 neque
2033 4543 2287 4596 monachi
2325 4550 2556 4610 possunt
2589 4542 2861 4595 actionem
2924 4543 3231 4596 intendere.
3279 4543 3389 4595 Mo-

1818 4637 2027 4690 naclius
2057 4636 2202 4690 enim
2234 4637 2325 4705 qui
2363 4639 2474 4703 jam
2511 4645 2566 4688 ut
2617 4644 2865 4688 mortuus
2924 4652 2991 4690 ne
3040 4653 3126 4690 res
3170 4638 3386 4705 quidem

1817 4731 2000 4788 habet.
2051 4727 2327 4790 additein
2385 4726 2706 4779 movendam
2771 4725 2982 4778 admitti
3041 4743 3148 4780 non
3205 4729 3386 4780 debet.

1819 4822 2208 4875 Monasterium
2246 4834 2394 4886 vero,
2426 4830 2485 4871 ut
2519 4819 2604 4872 cui
2641 4819 2731 4886 jus
2763 4819 2994 4871 actionis
3046 4820 3388 4887 incorporale

1818 4931 2144 4970 concessum
2175 4931 2283 4967 non
2315 4923 2419 4977 est,
2458 4913 2727 4965 actionem
2767 4913 3024 4974 intendit,
3079 4913 3237 4979 cujus
3277 4929 3385 4964 non

1817 5015 1899 5062 est
1954 5008 2250 5076 particeps.
2301 5003 2666 5058 Meminerant
2717 5014 2897 5056 autem
2954 5013 3009 5057 et
3064 5005 3220 5074 legis,
3267 5023 3389 5073 qua:

1817 5099 1981 5153 dicit:
2015 5081 2120 5153 Jus.
2149 5096 2490 5165 incorporale
2523 5095 2566 5147 si
2601 5096 2667 5146 ali
2699 5095 2788 5147 illo
2834 5113 2940 5147 nou
2992 5096 3226 5156 ceditur,
3279 5116 3385 5151 nou

1818 5194 2019 5248 transit
2054 5192 2118 5244 ad
2154 5192 2387 5243 alterum
2426 5205 2438 5240 :
2477 5197 2529 5240 et
2567 5187 2821 5239 volebant
2855 5203 3004 5239 reum
3065 5189 3116 5239 iu
3149 5190 3238 5255 jus
3285 5204 3388 5241 non

1818 5303 1941 5340 esse
2000 5281 2353 5345 trahendum,
2404 5281 2548 5350 quod
2603 5294 2665 5331 eo
2717 5279 2878 5331 modo
2910 5279 3089 5330 statim
3120 5280 3392 5332 εχειίιιυιςι

1819 5381 1889 5434 sit
1939 5380 2106 5430 artio.
2165 5375 2289 5429 llaéc
2338 5385 2519 5427 tamen
2567 5375 2811 5425 dicentes
2875 5387 2980 5423 non
3047 5373 3389 5438 placuerunt.

1823 5461 2104 5523 Statiiii'iin
2137 5471 2282 5522 eiiiiii
2312 5477 2417 5528 est,
2454 5466 2601 5536 quod
2641 5465 2898 5533 quoniam
2943 5481 3049 5516 iiun
3089 5481 3150 5516 ex
3199 5479 3396 5531 propo-

1817 5566 1924 5616 sito
1954 5564 2230 5623 monachi,
2258 5562 2349 5630 qui
2382 5562 2544 5614 habet
2575 5561 2666 5628 jus
2699 5559 3070 5624 incorporale,
3105 5557 3244 5608 bona
3275 5570 3394 5620 ejus

1819 5658 1882 5710 ad
1921 5655 2318 5710 monasterium
2356 5663 2662 5717 transeunt,
2691 5654 2785 5705 sed
2827 5668 2854 5703 a
2887 5652 3017 5714 legis
3044 5659 3391 5708 auctoritate,

1820 5754 1920 5804 rite
1973 5752 2136 5802 etiam
2206 5748 2322 5802 sine
2396 5748 2646 5800 cessioae
2706 5746 2882 5813 ipsum
2950 5741 3049 5795 sibi
3115 5751 3388 5792 actionem

1827 5845 2104 5898 niti-Lbiiet.
2137 5840 2406 5894 Pra'terca
2453 5840 2710 5894 dicebant
2761 5834 3034 5898 nonnulli,
3085 5846 3229 5903 quon
3285 5842 3396 5883 niti.
