4166 6438
121 422 288 485 ιθιι»
924 439 956 471 ο

1339 428 1418 486 ΙΝ
1448 425 1612 483 CAN.
1652 423 1762 480 Vll
1822 423 2029 484 CONC.
2063 426 2171 485 ΕΡ.

3227 419 3363 491 1012

126 545 302 601 pauc,
335 550 507 594 reum,
550 543 674 602 apla
708 537 1067 605 catigatione
1095 539 1160 591 ad
1237 544 1528 593 sanitatem
1593 531 1778 584 reduci
1824 533 2013 595 placet.
2048 534 2242 587 Eadem
2273 550 2436 604 porro
2464 537 2664 606 inquii,
2704 554 2730 588 a
2764 541 3088 592 inanialilms
3129 555 3365 608 quoque,

115 642 468 690 quaecuuouc
495 629 560 679 de
596 629 880 681 monachis
913 631 1015 684 hoc
1050 645 1259 685 canone
1291 639 1417 683 sunt
1449 629 1693 682 dettl'cla.
1739 635 2046 680 SQI‘VPIIIItr.

112 724 353 776 ⁴ΧΡΙΣΊῖ
389 741 408 772 1
469 724 616 787 Ἐξὸν
655 725 714 776 ὃν
764 729 872 788 τοῖς
915 729 1148 795 μονάσαι
1197 707 1542 796 βουλομένοις
1593 720 1704 772 δια·

1833 720 2039 778 ιιιιδΤ.
2077 745 2094 776 1
2137 725 2486 780 Monasticam
2523 728 2681 779 vitam
2711 729 3041 795 amplexnris
3069 737 3367 782 teslaiuen-

213 833 231 864 1
280 814 466 867 Θέσοσι
514 816 800 885 πρότερον,
849 817 896 868 εἰ
937 819 1012 886 μὴ
1060 818 1344 878 διάθοιντο,
1378 817 1486 868 τῶν
1519 816 1700 875 αὐτοῖς

207 924 227 955 1
279 905 588 974 προσόντων
622 911 902 975 κυριεύσει
931 911 990 959 τὸ
1023 911 1412 977 μοναστήριον.
1446 909 1508 959 ΕΞ
1559 908 1614 960 δέ
1649 925 1702 959 τι

210 1014 229 1043 1
281 996 692 1066 ἱδιοποιήσαιτο,
729 1000 822 1051 καὶ
855 999 930 1069 μὴ
962 1001 1376 1072 ἀποκληρώσειε
1416 1001 1477 1052 τὸ
1534 1018 1701 1066 μονα-

210 1108 227 1169 1
278 1090 520 1158 στήριον,
550 1091 700 1160 παρά
730 1093 823 1144 τοῦ
851 1094 1160 1162 ἡγουμένου
1203 1095 1236 1165 ἢ
1273 1094 1368 1147 τοῦ
1401 1094 1702 1146 ἐπισκόπου

211 1200 230 1232 1
280 1183 531 1252 φανερῶς
583 1188 1054 1255 πιπρασκόμενον,
1085 1191 1320 1257 πτωχοῖς
1369 1189 1703 1258 διανεμηθή-

212 1293 232 1326 1
281 1293 470 1329 σεται·
529 1280 624 1331 καὶ
677 1279 705 1330 δ
763 1281 1160 1348 νοσφισάμενος
1219 1283 1698 1351 ὲπιτιμηθήσεται.

210 1387 234 1418 1
282 1368 564 1437 Κρατήσει
589 1369 761 1422 ταῦτα
791 1373 885 1422 καὶ
920 1374 998 1433 είς
1032 1373 1391 1439 μοναζούσας.
1431 1393 1447 1424 1

738 1464 978 1516 ΚΑΝΩΝ
1032 1465 1106 1519 Z'.

128 1572 154 1602 1
209 1552 416 1615 Πολλάς
459 1553 566 1605 τῶν
614 1556 930 1608 ἐπισκοπῶν
981 1558 1198 1628 ὁρῶμεν
1230 1559 1700 1622 καταπππτούσας,

209 1663 231 1694 1
281 1645 373 1696 καὶ
405 1646 918 1718 ἀφανισμῷ-τελείῳ
947 1650 1368 1713 κινδυνευούσας
1418 1651 1706 1718 παραδίδο-

206 1755 230 1787 1
283 1736 425 1799 σθαι,
454 1738 644 1808 ὅτιπερ
677 1741 723 1790 οἱ
757 1740 962 1792 τούτων
992 1742 1393 1809 προεστηκότες
1441 1743 1539 1812 τὴν
1581 1745 1706 1811 περὶ

211 1847 231 1877 1
283 1813 462 1881 αὐτῶν
495 1831 755 1898 φροντίδα
805 1833 902 1884 καὶ
958 1833 1275 1902 ἐπιμέλειαν
1309 1838 1389 1897 εἰς
1419 1837 1706 1906 νεουργίας

217 1939 238 1970 1
290 1924 664 1992 μοναστ-ηρίων
694 1925 1176 1990 καταναλίσκουσι,
1213 1928 1305 1978 καί
1352 1926 1552 1988 ταύτας
1594 1928 1708 1978 δια-

212 2032 235 2064 1
287 2014 562 2078 σπῶντες,
617 2017 712 2069 καὶ
763 2017 854 2069 τὸν
910 2019 1275 2087 σςετερισμδν
1325 2021 1434 2071 τῶν
1487 2011 1730 2070 είσόδων

213 2123 233 2153 1
288 2105 763 2175 ἐκμηχανώμενοι,
796 2107 894 2178 τὴν
925 2109 1148 2161 ἐκείνων
1193 2109 1493 2177 ἐπαύξησιν
1531 2126 1712 2178 πραγος

211 2215 237 2246 1
288 2198 633 2264 ματεύονται.
661 2197 884 2267 Ὠρισεν
913 2199 1005 2252 οὖν
1033 2200 1118 2254 διὰ
1143 2200 1300 2253 τοῦτο
1345 2203 1377 2270 ἡ
1422 2203 1550 2268 ἀγία
1581 2206 1708 2254 σύν.
1741 2251 1744 2253 .

208 2309 230 2339 1
283 2290 400 2351 οδος
428 2291 616 2358 μηδενὶ
642 2291 748 2343 τῶν
773 2293 1087 2345 ἐπισκόπων
1115 2293 1318 2355 ἐξεῖναι
1348 2299 1710 2363 μοναστήριον

216 2398 236 2430 1
287 2379 416 2431 [διον
482 2382 576 2432 επὶ
632 2382 926 2436 καταλύσει
982 2385 1080 2453 τῆς
1139 2385 1348 2448 οἰκείας
1407 2386 1711 2454 ἐπισκοπῆς

215 2491 235 2519 1
287 2475 588 2540 νεουργεῖν.
638 2474 699 2526 Ei
731 2473 785 2526 δέ
831 2491 916 2535 τις
947 2476 1226 2546 φωραθείη
1274 2475 1433 2529 τοῦτο
1476 2476 1711 2544 τολμῶν,

215 2583 235 2612 1
282 2564 447 2615 αὐτὸν
498 2565 596 2633 μὲν
657 2565 734 2632 τῷ
781 2569 1114 2636 προσήκοντι
1165 2568 1423 2636 ἐπιτιμίῳ
1471 2568 1713 2621 καθυπὸ-

216 2674 240 2704 1
290 2656 609 2723 ϐάλλεσθαι,
661 2659 724 2710 τὸ
772 2660 828 2711 δὲ
883 2659 1208 2728 νεουργηθὲν
1272 2662 1364 2713 ὑπ’
1410 2662 1596 2725 αὑτοῦ,
1640 2663 1714 2725 ὼς

219 2765 240 2796 1
292 2746 427 2814 μηδὲ
473 2747 573 2816 τὴν
620 2750 798 2820 ἀρχὴν
849 2753 1212 2821 μοναστηρίου
1253 2752 1459 2805 δίκαιον
1491 2755 1715 2825 ἀπειλη-

218 2858 242 2889 1
288 2841 407 2908 φὺς,
451 2841 524 2901 ὼς
570 2841 840 2895 ἰδιωτικὸν
891 2843 969 2912 τῷ
1003 2846 1341 2916 ὲπισκοπείῳ
1373 2848 1716 2918 προσκυροῦο

221 2951 243 2981 1
295 2932 437 2985 σθαι.
474 2933 641 2986 Οὐδὲν
671 2935 780 3003 γὰρ
810 2936 921 2987 τῶν
954 2938 1287 3006 παρανόμως
1318 2940 1412 2991 καὶ
1463 2942 1716 3000 ἀτάκτως

223 3042 244 3074 1
292 3025 791 3091 παρυφισταμένων
842 3026 902 3077 τὸ
946 3027 1227 3096 πρόκριμα
1266 3027 1373 3078 τῶν
1416 3027 1716 3079 κανονικῶν

225 3133 247 3164 1
293 3115 702 3181 συνισταμένων
734 3115 1110 3184 ἀποφέρεσθαι
1142 3116 1386 3173 δύναται.
1425 3139 1443 3170 ι

221 3203 419 3258 ΒΑΔΣ.
467 3205 811 3285 Ἐπισκόπων
840 3206 1023 3271 τινῶν,
1071 3207 1146 3270 ὡς
1192 3210 1356 3274 ἔοικε,
1400 3211 1720 3279 νεουργούν-

137 3316 258 3350 των
289 3299 628 3366 μοναστήρια
664 3301 758 3351 καὶ
786 3300 1298 3354 καταναλισκόντων
1344 3302 1444 3365 τὰς
1477 3304 1719 3366 εἰσόδους

142 3390 263 3442 τῶν
292 3389 631 3453 ἐπισκοπῶν,
658 3391 838 3461 ἇσπερ
860 3390 1092 3461 ὤφειλον
1126 3396 1264 3462 μετά
1288 3395 1384 3463 τὴν
1417 3397 1720 3461 ἀναγκαίαν

140 3480 356 3533 τούτων
381 3481 627 3550 δαπάνην
663 3483 741 3545 είς
771 3485 1124 3554 περιποίησιν
1147 3486 1255 3537 τῶν
1283 3487 1384 3554 τῆς
1416 3489 1719 3556 ἐπισκοπῆς

140 3573 436 3641 ταμιεύειν
467 3576 611 3626 κατά
645 3574 734 3628 τὸν
785 3577 1144 3630 ἁποστολικόν
1175 3580 1398 3639 κανόνα,
1429 3581 1724 3633 κάντεῦθεν

145 3665 266 3717 τῶν
308 3649 614 3731 ἐκκλησιῶν
652 3666 832 3719 αὐτῶν
881 3671 1360 3732 καταπιπτουσῶν,
1399 3674 1490 3723 καὶ
1539 3674 1618 3734 είς
1668 3672 1725 3724 τὸ

150 3757 325 3827 μηδὲν
359 3758 548 3826 σχεδὸν
596 3760 1036 3829 περιισταμένων
1063 3778 1077 3792 ο
1120 3761 1330 3831 ὥρισαν
1378 3765 1428 3814 oi
1481 3765 1726 3835 Πατέρες

147 3852 234 3922 μὴ
288 3856 568 3922 νεουργεῙν
617 3854 915 3907 ἐπίσκοπον
965 3857 1329 3926 μοναστήριον
1363 3859 1494 3910 ἴδιον
1524 3858 1613 3911 διά
1665 3859 1726 3910 τὸ

147 3945 254 3999 ἐπὶ
282 3946 576 3999 καταλύσει
601 3948 702 4016 τῆς
731 3949 1040 4018 ἐπισκοπῆς
1066 3949 1227 4004 τοῦτο
1258 3951 1622 4015 καινίζεσοαι.
1660 3951 1723 4005 Et

143 4035 210 4086 δὲ
265 4035 410 4106 παρὰ
458 4036 632 4091 ταῦτά
680 4055 762 4100 τις
797 4039 1092 4102 ἐπίσκοπος
1146 4043 1384 4110 ποιήσει,
1423 4044 1588 4105 αὐτὸς
1627 4044 1727 4113 μὲν

145 4128 431 4197 ἐπιτιμίῳ,
464 4129 1052 4200 καθυποσληθήσεταιο
1097 4132 1159 4184 τὸ
1220 4133 1276 4185 δὲ
1333 4135 1726 4205 καινουργηθὲν

151 4219 525 4289 μοναστήριον
572 4221 678 4272 ὑπὸ
730 4223 828 4290 τὴν
865 4223 1165 4290 κυριότητα
1217 4224 1420 4276 ὲσεῖται
1473 4227 1571 4292 τῆς
1610 4228 1729 4278 ὲπι-

150 4311 391 4381 σκοπῆς.
428 4313 538 4366 Καὶ
564 4314 592 4365 ό
615 4313 713 4382 μὲν
745 4312 922 4366 κανὼν
952 4317 1009 4367 ὲν
1028 4314 1259 4377 τούτοις.
1286 4316 1482 4378 Καλῶς
1515 4317 1572 4369 δὲ
1602 4313 1726 4371 εἷπε

153 4403 238 4470 μὴ
266 4400 406 4470 ἔχειν
437 4403 522 4455 ἐπ’
546 4402 731 4466 ἀδείας
761 4405 850 4455 τὸν
881 4405 1179 4458 ἐπίσκοπον
1210 4407 1273 4457 ἐκ
1301 4405 1422 4459 νέου
1463 4409 1727 4471 καινίζειν

155 4496 526 4566 μοναστήριον
572 4496 672 4550 ἐπὶ
717 4496 1016 4549 καταλύσει
1064 4499 1162 4567 τῆς
1208 4499 1348 4560 ιδίας
1397 4501 1722 4570 ἐπισκοπῆς.

153 4589 222 4641 Εἰ
258 4589 364 4657 γὰρ
399 4587 459 4640 τὸ
487 4589 653 4660 προδν
690 4591 1055 4660 μοναστήριον
1089 4592 1426 4656 ἁνακαινίζει
1456 4610 1559 4658 τις,
1595 4594 1729 4659 φθα-

154 4699 266 4734 σαν
317 4682 767 4750 καταπτωθῆναι,
819 4682 912 4734 καὶ
968 4683 1102 4752 μηδὲ
1154 4685 1222 4736 τὰ
1269 4684 1366 4754 τῆς
1421 4685 1727 4754 ἐπισκοπῆς

1877 834 1898 865 ‹
1941 826 2054 869 tum
2082 819 2229 885 prius
2261 819 2493 872 condere
2518 821 2678 872 licet:
2705 823 2950 872 siautem
2981 830 3364 873 testamentum

1881 928 1898 958 1
1943 925 2047 961 non
2085 909 2336 972 iecerint,
2361 911 2498 964 bona
2529 925 2719 962 eorum
2757 910 3053 978 possidebit
3089 920 3365 962 umnaste-

1883 1019 1901 1052 1
1947 1001 2112 1054 rium.
2141 1001 2238 1055 Sin
2275 1003 2572 1069 quidquam
2612 1003 2713 1055 sibi
2750 1005 2874 1070 quis
2906 1003 3286 1060 resvrvaverit.
3317 1011 3368 1054 et

1884 1113 1903 1145 1
1938 1097 2333 1148 monasterium
2369 1095 2499 1148 illud
2531 1110 2638 1148 non
2667 1096 2919 1149 sortitum
2961 1093 3144 1157 fuerit,
3175 1111 3202 1146 a
3234 1111 3371 1158 prte-

1881 1205 1900 1236 1
1941 1185 2081 1240 tecto
2115 1187 2195 1240 vel
2217 1188 2473 1256 episcopo
2503 1189 2677 1255 palam
2705 1187 3004 1246 venditum,
3043 1188 3370 1254 pauperibus

1855 1298 1903 1330 ~1
1944 1280 2347 1332 distrilmetur:
2398 1289 2453 1333 et
2500 1279 2594 1346 qui
2656 1280 2943 1344 surripuit,
2995 1279 3371 1347 castigabitur.

1884 1391 1902 1422 1
1942 1371 2142 1425 Eadem
2176 1384 2231 1424 et
2266 1373 2317 1424 in
2352 1372 2686 1425 monialibns
2719 1373 2996 1424 valebunt.
3033 1390 3051 1421 ι

2397 1461 2624 1516 CANON
2669 1463 2778 1516 VII.

1812 1573 1830 1604 1
1871 1555 2066 1609 Multos
2119 1557 2468 1624 episcopatus
2522 1572 2709 1616 ruere.
2765 1568 2819 1609 et
2872 1565 3133 1624 perpetuo
3201 1554 3370 1608 exitio

1885 1666 1903 1698 1
1940 1650 2078 1702 tradi
2115 1650 2388 1714 videmus,
2423 1651 2564 1718 quod
2606 1650 2698 1717 qui
2731 1651 2812 1704 eis
2858 1658 3124 1718 pnesunt,
3153 1663 3370 1701 omnem

1889 1756 1912 1793 1
1949 1741 2015 1794 de
2069 1742 2151 1797 eis
2198 1758 2385 1796 curam
2432 1752 2486 1795 et
2522 1742 2954 1797 sollicitudinem
3014 1742 3067 1792 in
3129 1747 3373 1792 recentes

1883 1851 1902 1881 1
1942 1835 2407 1887 monasteriorum
2469 1834 2874 1886 exstructiones
2933 1833 3258 1893 conferunt,
3319 1842 3374 1884 et

1884 1943 1904 1973 1
1944 1939 2038 1976 eos
2072 1925 2392 1978 divellentes
2444 1941 2505 1977 ac
2556 1927 2945 1986 distrahentes,
3006 1934 3060 1977 et
3111 1935 3168 1977 ut
3213 1924 3276 1976 ad
3311 1940 3370 1977 se.

1890 2033 1907 2066 1
1949 2016 2253 2084 pertineant
2311 2016 2537 2080 reditus,
2611 2017 2913 2077 molientes,
2979 2026 3037 2069 ut
3098 2017 3211 2083 ipsa
3273 2033 3368 2068 au—

1884 2127 1903 2158 1
1947 2116 2196 2177 geantnr,
2258 2109 2528 2161 laborant.
2581 2107 2694 2161 Hoc
2752 2124 2879 2178 ergo
2941 2109 3132 2161 statuit
3180 2118 3366 2160 sancta

1887 2219 1904 2250 1
1951 2201 2192 2270 synodus
2219 2217 2245 2264 ,'
2284 2201 2416 2253 nulli
2461 2201 2624 2254 licere
2657 2201 2914 2267 episc0po
2945 2201 3214 2268 privatum
3264 2214 3378 2250 mo-

1890 2308 1907 2339 1
1952 2290 2250 2344 nasterium
2281 2291 2345 2344 ad
2376 2291 2576 2359 proprii
2612 2292 2964 2359 episcopatus
2992 2291 3283 2357 perniciem
3315 2289 3377 2340 de

1891 2398 2090 2435 1novo
2142 2390 2450 2436 exstruere.
2504 2381 2560 2435 Si
2615 2383 2741 2450 quis
2797 2391 2974 2433 alitem
3032 2383 3131 2433 hoc
3178 2382 3379 2434 audere

1891 2495 1909 2526 1
1952 2476 2324 2544 deprehensus
2360 2477 2543 2535 inierit,
2575 2476 2749 2542 ipSom
2784 2475 2998 2542 quidem
3031 2477 3378 2527 convenienli

1890 2585 1908 2616 1
1953 2582 2125 2634 paena:
2162 2566 2360 2635 subjici
2405 2585 2417 2620 :
2473 2568 2616 2635 quod
2677 2566 2745 2617 ab
2802 2566 2919 2633 ipso
2958 2575 3136 2618 autem
3193 2581 3382 2620 recens

1894 2678 1910 2708 1
1951 2667 2291 2711 exstructum
2322 2667 2426 2722 est,
2460 2668 2520 2710 ut
2545 2657 2688 2725 quod
2722 2672 2822 2711 nec
2849 2667 2932 2710 est
2984 2659 3050 2710 ab
3083 2658 3240 2709 initio
3288 2659 3378 2725 jus

1892 2771 1911 2802 1
1956 2742 2274 2805 monasterii
2311 2752 2592 2813 sortitum,
2626 2759 2682 2802 ut
2719 2751 2987 2817 privatum
3035 2751 3376 2818 episcopatui

1895 2863 1913 2894 1
1955 2843 2217 2896 adscribi.
2247 2841 2390 2896 Nihil
2421 2844 2566 2896 enim
2601 2858 2812 2904 eorum,
2859 2858 2976 2910 quae
3006 2851 3202 2910 pra-ter
3237 2841 3383 2910 leges

1902 2956 1920 2986 1
1962 2947 2015 2988 et
2067 2937 2321 2990 ordinate
2391 2937 2745 2997 consistunt,
2811 2936 2876 2987 iis
2936 2951 3055 3001 quae
3119 2935 3380 2986 canonice
3432 2963 3434 2965 >

1899 3046 1916 3077 1
1962 3027 2265 3080 constituta
2334 3035 2462 3080 sunt
2491 3068 2505 3089 ,

1899 3134 1916 3164 1
1954 3125 2082 3167 test.
2125 3134 2143 3165 ι

1894 3203 2088 3258 BALS.
2121 3204 2254 3258 Cum
2285 3206 2527 3272 episcopi
2563 3204 2811 3270 quidam,
2850 3215 2906 3256 ut
2936 3213 3019 3258 est
3067 3200 3384 3266 verisimile,

1828 3295 2156 3349 monasteria
2187 3295 2254 3349 de
2286 3311 2430 3349 novo
2461 3306 2830 3355 exstruerem,
2865 3304 2917 3347 et
2967 3295 3383 3362 episcopalunm

1825 3388 2036 3445 reditus
2068 3398 2483 3452 consumerent,
2525 3402 2664 3456 quos
2693 3388 2946 3449 debeant,
2985 3394 3102 3454 post
3133 3399 3388 3438 necessa-

1829 3481 1936 3534 rias
1973 3482 2253 3549 impensas
2284 3481 2348 3534 ad
2382 3495 2442 3534 ea
2493 3480 2859 3549 comparanda
2906 3495 3026 3548 quae.
3060 3478 3124 3530 ad
3173 3479 3386 3546 episco-

1827 3583 2010 3643 patum
2043 3573 2318 3642 pertinent
2367 3573 2687 3633 recondcre,
2727 3569 2887 3640 355
2945 3578 3002 3622 ut
3051 3572 3163 3621 vult
3210 3583 3377 3622 canor

1826 3667 2194 3735 apostolicus;
2234 3675 2286 3718 et
2312 3680 2433 3718 cum
2462 3664 2710 3716 ecclesiae
2747 3678 2807 3715 ea
2841 3661 2907 3714 de
2944 3676 3106 3715 causa
3144 3675 3385 3719 ruerent.

1827 3769 1880 3814 et
1910 3758 1977 3812 ad
2013 3759 2240 3812 nihilum
2261 3756 2372 3810 fere
2395 3755 2808 3821 redigerentur:
2843 3764 3152 3809 Statuerunt
3177 3754 3386 3817 Patres,

1826 3869 1894 3906 ne
1947 3853 2238 3920 episc0pus
2297 3851 2572 3916 privatum
2641 3849 3034 3902 monasterium
3109 3849 3175 3900 de
3251 3861 3390 3900 novo

1827 3954 2156 4005 exstrueret,
2211 3943 2355 4010 quod
2416 3942 2518 3994 hoc
2562 3942 2628 3995 ad
2681 3942 3032 4010 episc0patus
3093 3939 3389 4007 perniciem

1830 4041 2204 4092 innovaretur.
2245 4034 2300 4087 Si
2341 4035 2464 4103 quis
2494 4045 2675 4085 aulem
2713 4033 3004 4099 episcopus
3049 4041 3246 4099 praeter
3278 4031 3392 4082 hzec

1831 4132 2042 4195 fecerit,
2076 4131 2192 4197 ipse
2228 4126 2449 4196 quidem
2485 4141 2660 4195 poena!
2712 4124 3038 4190 subjicietur
3072 4141 3084 4175 :
3133 4123 3198 4174 de
3254 4135 3394 4174 novo

1827 4235 2010 4280 autem
2085 4222 2288 4275 factum
2341 4219 2738 4272 monasterium
2811 4216 2913 4269 erit
2973 4215 3076 4267 sub
3149 4214 3394 4266 dominio

1829 4318 2199 4386 episcopatus.
2265 4309 2330 4362 Et
2380 4310 2431 4362 in
2488 4309 2572 4362 his
2618 4309 2836 4376 quidem
2888 4306 3140 4360 consistit
3193 4319 3392 4357 canon.

1829 4410 1996 4464 Recte
2026 4419 2207 4462 autem
2247 4403 2407 4468 dixit,
2444 4418 2552 4455 non
2605 4404 2766 4454 licere
2812 4400 3072 4468 episcopo
3124 4399 3399 4450 monaste-

1833 4503 1968 4557 rium
2009 4501 2078 4554 de
2118 4512 2260 4553 novo
2290 4509 2595 4555 exstruere,
2643 4495 2708 4547 ad
2746 4494 2828 4545 sui
2883 4491 3237 4560 episc0patus
3279 4488 3398 4540 exi-

1833 4596 1989 4665 tium.
2023 4593 2079 4646 Si
2118 4590 2243 4660 quis
2275 4589 2420 4641 enim
2474 4587 2618 4654 quod
2665 4595 2790 4636 ante
2833 4592 2951 4635 erat
3000 4579 3394 4633 monasterium

1833 4697 1885 4742 et
1919 4687 2068 4756 prius
2104 4687 2419 4740 corruerat,
2463 4685 2711 4738 renovet,
2766 4688 2864 4725 nec
2916 4687 3016 4725 suo
3057 4668 3395 4738 episcopatui

2577 3025 2954 3093 praeiudicium
3028 3022 3224 3078 aﬂ‘erre
3280 3039 3379 3091 [’0'

156 4774 331 4828 αὑτοῦ
360 4776 705 4844 λυμαίνεται.
732 4776 792 4828 ού
825 4775 1203 4847 κωλυθήσεται
1254 4780 1480 4845 ποιῆσαι
1507 4778 1573 4830 τὰ
1607 4778 1726 4848 βου-

1835 4781 2222 4836 detrimentum
2281 4772 2498 4833 afferat,
2524 4786 2629 4822 non
2665 4765 3043 4837 prohibebitur
3075 4765 3254 4848 facere
3281 4778 3401 4830 qua:

154 4870 334 4937 λητέα
363 4868 529 4938 αύτῷ·
567 4869 756 4939 ὥσπερ
785 4872 846 4922 ού
877 4869 1278 4940 κωλυθήσεται,
1304 4871 1377 4933 ὡς
1413 4871 1537 4940 ἐμοὶ
1562 4871 1729 4936 δοκεῖ,

157 4963 264 5016 καὶ
289 4963 647 5033 μοναστήριον
686 4965 749 5014 ὲκ
781 4962 978 5031 καινῆς
1011 4963 1313 5030 ἀνεγεῖραι,
1346 4963 1506 5032 εἴπερ
1539 4964 1606 5015 τὰ
1635 4967 1734 5033 τῆς

158 5057 472 5126 ἑπισκοπῆς
498 5056 560 5108 ού
597 5055 938 5125 λυμαίνεται.
973 5055 1088 5109 ἀλλ’
1116 5055 1329 5108 οἴκοθεν
1362 5055 1460 5126 τὴν
1487 5056 1732 5126 δαπάνην

161 5151 330 5202 mai.
375 5148 449 5203 Τὸ
482 5151 590 5218 γὰρ
639 5148 1000 5211 ἀδιαστίκτως
1032 5146 1196 5208 οὕτω,
1227 5149 1320 5200 καὶ
1360 5151 1456 5199 ὅτε
1492 5149 1564 5218 μὴ
1605 5149 1733 5218 βλα-

161 5259 360 5295 πτεται
391 5244 423 5312 ἡ
459 5242 752 5311 ἑπισκοπὴ,
797 5240 1096 5294 κωλύσεται
1145 5241 1236 5292 τὸν
1271 5241 1566 5293 ἐπίσκοπον
1609 5259 1729 5294 και-

159 5339 414 5406 νουργεῖν
462 5337 825 5407 μοναστήριον
859 5337 938 5400 εἰς
969 5334 1280 5402 δοξολογίαν
1311 5332 1444 5386 Θεοῦ
1496 5334 1592 5385 καὶ
1612 5353 1731 5386 σω-

163 5430 365 5499 τηρίαν
408 5428 596 5498 ψυχῶν
641 5430 742 5482 οὐκ
788 5429 938 5481 εστιν
989 5427 1416 5493 εύπαράδεκτον,
1469 5426 1590 5478 οὐδὲ
1629 5427 1730 5496 τῆς

161 5523 279 5578 τῶν
310 5523 568 5592 Πατέρων
598 5522 920 5591 διακρίσεως
951 5521 1203 5584 ἐπάξιον.
1239 5521 1347 5572 Καὶ
1374 5519 1536 5582 αὐτὸς
1565 5520 1674 5590 γὰρ
1705 5522 1732 5572 ὁ

162 5617 269 5684 τῆς
319 5615 597 5687 παρούσης
647 5615 862 5668 συνόδου
919 5615 1133 5686 πρῶτος
1165 5654 1180 5676 ,
1235 5616 1262 5664 ὁ
1313 5615 1734 5682 μακαριώτατος

164 5707 396 5770 Φώτιος,
422 5705 523 5774 τὴν
552 5704 644 5758 τοῦ
671 5704 925 5774 Μανουὴλ
954 5703 1124 5774 μονὴν
1155 5705 1218 5756 ἐκ
1251 5703 1532 5774 κρηπίδων
1554 5705 1733 5755 αὐτῶν

171 5797 359 5866 σχεδὸν
391 5800 470 5860 εἰς
499 5798 528 5850 ὃ
561 5797 655 5850 νῦν
689 5798 886 5868 ὁρᾶται
917 5796 1111 5860 κάλλος
1154 5796 1247 5850 καὶ
1282 5794 1514 5864 μέγεθος
1566 5796 1734 5847 κατέ-

178 5905 361 5958 στησε.
397 5889 504 5944 Καὶ
529 5892 557 5944 ό
585 5890 890 5959 ἀγιώτατος
934 5889 1140 5952 ἐκεῖνος
1173 5887 1519 5960 πατριάρχης
1571 5887 1734 5959 κυρὸς

1835 4874 2006 4928 velit:
2052 4865 2516 4938 quemadmodum
2571 4877 2668 4914 nec
2719 4858 3120 4928 prohibebitur,
3164 4842 3397 4908 ut‘mihi

1829 4965 2051 5036 quidem
2085 4961 2318 5016 videtur.
2358 4953 2749 5008 monasterium
2788 4952 2853 5002 de
2889 4965 3027 5002 novo
3059 4946 3350 5000 excitarcis
3379 4983 3397 5010 ,

1831 5075 1938 5113 non
1972 5055 2168 5108 aﬂerat
2206 5050 2610 5104 incommodum
2646 5041 3007 5113 episc0patui,
3042 5038 3136 5094 sed
3177 5054 3299 5092 eum
3335 5055 3401 5092 ex

1831 5169 1887 5206 se
1916 5159 2192 5215 sumptum
2228 5144 2414 5199 faciat.
2443 5141 2535 5196 Sic
2564 5138 2707 5194 enim
2736 5135 3077 5200 indistincte,
3103 5142 3157 5186 et
3179 5131 3404 5202 quando

1840 5263 1948 5300 non
2016 5240 2233 5296 [reditur
2289 5238 2660 5306 episcOpatus,
2725 5229 3002 5301 prohiberi
3057 5227 3400 5296 episcopum,

1843 5337 2140 5408 quominus
2180 5332 2244 5384 ad
2301 5329 2390 5382 Dei
2438 5329 2701 5380 honorem
2739 5333 2791 5376 et
2826 5323 3129 5374 animarum
3172 5320 3402 5372 salutem

1842 5435 1908 5489 de
1936 5447 2076 5486 novo
2112 5427 2507 5482 monasterium
2551 5431 2819 5478 exstruat.
2864 5435 2970 5473 non
3000 5427 3082 5472 est
3113 5416 3406 5469 admitten-

1841 5527 1993 5588 dum,
2026 5535 2123 5573 nec
2179 5517 2401 5570 Patrum
2453 5513 2661 5582 judicio
2702 5527 2765 5565 ac
2819 5507 3100 5577 prudentia
3155 5506 3403 5574 dignum.

1843 5611 1975 5664 Nam
2004 5621 2058 5664 et
2083 5612 2196 5679 ipse
2231 5608 2517 5677 prtesentis
2549 5604 2740 5674 synodi
2781 5603 3016 5670 primus,
3051 5597 3405 5652 beatissimus

1837 5701 2090 5764 Photius,
2149 5699 2465 5754 Emanuslis
2519 5695 2915 5748 monasterium
2985 5692 3052 5744 ab
3119 5689 3248 5758 ipsis
3294 5687 3406 5742 fere

1839 5792 2210 5847 fundamentis
2239 5791 2304 5843 ad
2344 5806 2485 5852 eam,
2535 5805 2655 5856 quae
2700 5801 2844 5840 nunc
2887 5785 3123 5846 videtur,
3167 5779 3406 5848 pulchri-

1842 5885 2082 5940 tudinem
2115 5894 2167 5940 et
2198 5881 2625 5952 magnitudinem
2653 5879 2897 5935 deduxit.
2930 5876 2994 5932 Bt
3017 5874 3404 5932 sanctissimus
