4166 6438
139 431 284 495 1049

754 550 990 602 ΚᾹΝΩΝ
1042 544 1118 599 8'.

134 663 150 692 ο
202 643 313 697 Τοῦ
363 641 728 696 ἀποστολικοῦ
765 645 858 694 καὶ
905 641 1048 692 θείου
1085 642 1309 700 κανόνος
1361 640 1486 701 τοὺς
1524 641 1709 709 ἱερεῖς,

202 758 221 786 1
271 736 495 789 τύπτειν
521 736 935 807 ἐπιχειροῦντας
969 735 1198 796 πιστοὺς
1249 734 1712 801 ἁμαρτήσαντας,

203 851 224 880 1
270 832 303 901 ἢ
327 832 591 892 ἀπίστους
610 831 1005 898 ἀδικήσαντας,
1023 827 1342 897 καθαιρέσει
1368 825 1712 878 καθυποόἁλ-

203 943 223 974 1
271 925 477 989 λοντος,
512 927 562 976 οἱ
595 924 686 976 τὸν
737 925 943 974 οἰκεῖον
979 921 1418 992 ἀποθεραπεύειν
1459 920 1712 988 μηχανὼ-

206 1033 225 1064 1
278 1032 430 1084 μενοι
483 1015 679 1082 θυμὸν,
716 1014 810 1066 καὶ
862 1015 959 1073 τὰς
1013 1011 1378 1072 ἁποστολικάς
1436 1011 1711 1074 διατάξεις

203 1128 220 1156 1
273 1111 823 1178 παραχαράσσοντες,
861 1109 990 1168 τοὺς
1046 1105 1362 1174 αὐτοχειρίᾳ
1409 1103 1710 1165 τύπτοντας

205 1220 227 1252 1
277 1201 620 1270 ὲξειλήφασι,
657 1202 797 1270 μήτε
849 1198 944 1251 τοῦ
994 1198 1215 1260 κανόνος
1251 1197 1418 1267 μηδὲν
1471 1197 1710 1248 τοιοῦτον

203 1313 220 1340 1
269 1294 754 1360 ὑποσημαίνοντος.
793 1293 929 1360 μήτε
982 1291 1077 1342 τοῦ
1134 1289 1295 1362 ὀρθοῖ»
1340 1290 1501 1356 λόγου
1547 1289 1710 1342 τοῦτο

202 1407 218 1430 ι
268 1390 407 1438 νοεῖν
464 1388 872 1455 ἐπιτρέποντος.
915 1387 1161 1439 Μάταιον
1208 1384 1317 1453 γὰρ
1367 1384 1439 1442 ὼς
1488 1383 1707 1452 ἀληθῶς

203 1499 219 1527 1
272 1481 363 1529 καὶ
395 1478 516 1530 λίαν
553 1479 858 1546 ἐπισφαλὲς
891 1479 980 1530 τὸν
1019 1479 1337 1547 αὐτοχειρία
1376 1477 1474 1544 μὲν
1527 1477 1584 1528 ἐν
1630 1476 1708 1544 τῷ

201 1591 218 1619 1
266 1571 488 1624 τύπτειν
531 1574 649 1641 τρὶς
698 1573 729 1640 ἢ
775 1573 1034 1642 τετράκις
1087 1573 1366 1641 πλήξαντα
1421 1571 1706 1638 καθαιρεῖ-

200 1682 218 1712 1
268 1661 390 1714 σθαι
419 1679 436 1694 ο
486 1664 671 1726 ἁδείας
712 1664 767 1716 δὲ
796 1664 1103 1732 διδομένης,
1136 1663 1362 1715 τύπτειν
1396 1664 1450 1727 ἐξ
1484 1661 1707 1726 ἐπιτάγ-

199 1769 219 1798 1
272 1767 440 1818 ματος
488 1753 578 1803 τὸν
615 1752 837 1821 ἀπηνῶς
889 1752 983 1804 καὶ
1019 1751 1179 1820 μέχρι
1210 1751 1445 1804 Θανάτου
1496 1751 1594 1819 τὴν
1623 1767 1704 1800 τι-

201 1859 223 1892 1
272 1843 490 1910 μωρίαν
533 1840 841 1906 ἐπαύξοντα
915 1841 1260 1910 παρορᾶσθαι
1332 1842 1699 1910 ἀτιμώρητον.

201 1957 215 1980 ⁸
269 1937 469 2005 Διόπερ
498 1936 594 1987 τοῦ
632 1938 852 1990 κανόνος
882 1936 940 1989 τὸ
972 1937 1194 1988 τύπτειν
1231 1935 1414 1997 ἁπλῶς
1447 1933 1702 1997 κολάζον-

204 2047 222 2075 1
271 2045 380 2088 τος,
413 2029 508 2080 καὶ
537 2032 697 2096 ἡμεῖς
729 2029 874 2081 οὕτω
911 2027 1393 2096 συμπιεζόμεθα.
1445 2025 1564 2094 Χρὴ
1595 2025 1702 2095 γὰρ

206 2137 226 2169 1
272 2121 361 2171 τὸν
397 2120 492 2171 τοῦ
523 2121 658 2172 Θεοῦ
697 2121 845 2188 ἱερέα
882 2120 1234 2181 διδασκαλίας
1266 2123 1361 2170 καὶ
1393 2117 1700 2178 νουθεσίας,

205 2231 222 2260 1
271 2211 381 2262 ἐσθ’
403 2215 490 2264 ὅτε
523 2212 577 2264 δὲ
611 2215 703 2265 καὶ
730 2216 841 2276 τοῖς
877 2213 1352 2282 ὲκκ).ησιαστικοίς
1384 2209 1701 2278 ἐπιτιμίοις,

203 2323 224 2356 1
267 2305 359 2356 τὸν
411 2307 760 2359 ἀτακτοῦντα
822 2307 1214 2371 παιδαγωγεῖν,
1267 2303 1403 2356 ἀλλὰ
1458 2307 1530 2371 μὴ
1585 2306 1703 2360 ταῖς

207 2419 225 2448 1
276 2399 496 2466 μάστιξι
529 2400 620 2451 καὶ
650 2402 770 2461 ταῖς
801 2399 1036 2465 πληγαῖς
1070 2400 1147 2459 είς
1176 2397 1242 2448 τὰ
1268 2397 1378 2446 τῶν
1403 2393 1704 2465 ἀνθρώπων

202 2510 222 2539 1
273 2491 503 2560 σώματα
563 2491 855 2561 ὲπιπηδᾷν.
891 2492 951 2542 El
986 2491 1042 2543 δέ
1072 2507 1218 2551 τινες
1265 2485 1378 2540 εἷεν
1426 2486 1702 2547 παντελῶς

201 2600 222 2628 1
268 2581 819 2644 ἀνυποτακτοῦντες,
880 2582 974 2633 καὶ⁸
1026 2579 1103 2648 τῷ
1165 2576 1530 2649 σωφρονισμῷ
1593 2577 1704 2628 τῶν

204 2695 222 2724 1
273 2677 567 2744 ἐπιτιμίων
598 2676 674 2744 μὴ
708 2674 1049 2735 ὑπείκοντες,
1078 2673 1299 2734 τούτους
1330 2671 1419 2722 διὰ
1443 2670 1542 2738 τῆς
1568 2667 1704 2738 πρὸς

197 2791 216 2820 1
267 2770 392 2830 τοὺς
426 2769 570 2821 κατά
616 2769 709 2819 τὸν
746 2768 911 2820 τόπον
946 2769 1212 2837 ἄρχοντας
1245 2765 1561 2831 ὲγκλήσεως
1609 2759 1672 2812 οὐ

197 2879 218 2912 1
263 2859 372 2922 δεὶς
417 2859 614 2912 κωλύει
670 2857 1131 2928 σωφρονίζεσθαι·
1166 2859 1258 2908 καὶ
1302 2855 1410 2922 γὰρ
1443 2855 1471 2906 ό
1499 2855 1597 2922 τῆς
1633 2854 1692 2903 ὲν

198 2972 218 3001 1
277 2952 580 3022 Ἀντιοχείᾳ
617 2950 839 3002 συνόδου
877 2951 1126 3018 πέμπτος
1158 2948 1337 3001 κανὼν
1374 2949 1498 3009 τοὺς
1534 2945 1701 3012 θορυ-

199 3064 216 3094 1
265 3044 493 3106 δοῦντας
544 3046 638 3097 καὶ
689 3045 906 3108 στάσεις
957 3046 1022 3112 τῇ
1077 3042 1374 3109 Ἐκκλησία
1425 3037 1696 3108 παρεισὰο

200 3158 218 3187 1
267 3154 458 3206 γοντας
508 3139 593 3191 διὰ
647 3138 745 3204 τῆς
775 3136 977 3202 ἔξωθεν
1006 3136 1182 3207 χειρὸς
1230 3136 1548 3187 ὲκανόνισεν
1580 3132 1672 3180 ἐπι

196 3250 217 3280 1
265 3231 612 3299 στρέφεσίαι.
637 3251 654 3282 ι

196 3322 387 3374 ΒᾹΛΣ.
436 3323 492 3374 '0
531 3323 628 3391 μὲν
668 3318 748 3384 κζ’
789 3321 1154 3382 ἁποστολικδς
1181 3319 1362 3372 κανὼν
1407 3319 1694 3388 καθαιρεῖ-

115 3415 250 3466 σθαι.
278 3414 571 3483 διορίζεται
602 3416 730 3476 τοὺς
768 3415 1102 3484 ἱερωμένους
1138 3413 1441 3476 τύπτοντας
1493 3413 1696 3482 οἱονδή-

110 3523 243 3558 τινα
276 3507 470 3558 πιστὸν
500 3507 532 3575 ἦ
567 3506 798 3559 ἄπιστον
834 3506 1175 3575 ἀδικήσαντα
1207 3505 1238 3572 ἢ
1272 3507 1691 3575 ἁμαρτήσαντα·

108 3602 140 3649 ὁ
194 3597 254 3649 δὲ
306 3598 496 3667 παρὼν
545 3599 726 3650 κανών
758 3617 923 3669 φησιν
956 3597 1030 3660 ὦς
1062 3616 1207 3660 τινες
1255 3598 1562 3668 ἱερωμένοι,
1597 3599 1696 3668 τὴν

106 3690 228 3742 ἀπὸ
256 3690 346 3742 τοῦ
383 3691 606 3748 κανόνος
639 3691 987 3760 ἐπαγομένην
1020 3693 1082 3743 ὲκ
1118 3690 1308 3743 τούτου
1371 3691 1693 3760 καθαίρεσιν

109 3781 464 3849 τιτοούμενοι,
520 3784 856 3852 αύτοχείρως
899 3783 995 3852 μὲν
1025 3784 1084 3834 οὐ
1120 3782 1417 3851 πλήττουσι
1445 3823 1459 3844 ,
1516 3784 1605 3835 τὸν
1636 3783 1692 3834 δὲ

107 3878 317 3927 οἰκεῖον
364 3875 534 3943 θυμὸν
587 3875 1005 3944 θεραπεύοντες,
1039 3877 1108 3928 δι’
1141 3877 1345 3946 ἐτέρων
1369 3876 1691 3929 τύπτουσιν·

105 3970 191 4030 ὡς
229 3967 319 4020 τοῦ
349 3967 711 4021 ἀποστολικοῦ
745 3969 969 4028 κανόνος
1005 3970 1079 4039 μὴ
1131 3969 1312 4038 ῥητῶς
1341 3970 1480 4038 τάχα
1516 3968 1693 4021 κωλύ-

109 4048 311 4122 σαντος
367 4061 462 4113 καὶ
522 4061 699 4113 τοίτο.
759 4061 1073 4113 Κάντεῦθεν
1139 4063 1538 4130 περιγράφουσι
1595 4064 1694 4128 τὴν

105 4152 482 4220 ἁποστολικὴν
514 4153 915 4219 παραγγελίαν.
955 4154 1113 4204 Ἐστι
1148 4154 1202 4204 δὲ
1239 4154 1334 4205 καὶ
1366 4155 1690 4219 ἐπισφαλὲς,

112 4245 326 4314 μᾶλλον
375 4247 474 4314 μὲν
525 4245 617 4298 οὖν
674 4247 768 4297 καὶ
810 4247 1029 4310 ἄτοπον,
1073 4245 1134 4297 τὸ
1175 4246 1356 4313 λέγειν
1408 4249 1539 4312 περὶ
1587 4249 1694 4300 τῶν

106 4335 431 4387 ἀποστόλων
457 4335 532 4396 ὡς
561 4334 868 4405 τιμωροῦσι
906 4336 1006 4404 μὲν
1036 4335 1127 4386 τὸν
1155 4335 1305 4400 ἅπαξ
1332 4337 1362 4405 ἦ
1394 4337 1474 4398 δὶς
1531 4339 1693 4406 τυχὸν

105 4429 492 4499 οἰκειοχείρως
522 4427 800 4498 πλήξαντα
829 4446 843 4460 ·
877 4428 968 4479 τὸν
1001 4428 1056 4481 δὲ
1087 4428 1145 4494 ἐξ
1180 4430 1486 4497 ἐπιτροπῆς
1533 4431 1694 4482 θανα-

105 4521 312 4589 σίμους
342 4521 436 4572 καὶ
463 4518 668 4582 πόλλὰς
699 4520 912 4589 πληγάς
940 4538 1047 4572 τινι
1074 4521 1349 4588 ἐπάγοντα
1404 4522 1478 4591 μὴ
1535 4523 1693 4575 κολά-

1326 434 1406 495 IN
1449 434 1611 495 CAN.
1653 435 1735 494 lX
1770 436 1956 498 CONC
2020 440 2124 497 (.‘I'.

1741 553 1786 607 Λ

1739 1906 1778 1959 Β

1732 3269 1772 3324 C

1757 4055 1772 4080 ς

3241 441 3378 504 1030

2427 547 2653 603 CANON
2697 549 2784 602 IX.

1820 661 1838 692 ι
1877 643 2011 694 (lum
2048 651 2386 710 apostoiicus
2442 659 2504 694 ac
2556 643 2767 695 divinus
2813 657 2986 696 canon
3037 644 3379 704 sacerdotes,

1889 755 1907 785 1
1941 735 2033 805 qui
2098 735 2389 788 verberare
2447 736 2862 804 aggrediuntur,
2915 737 2996 790 vel
3045 736 3230 790 fideles
3287 740 3382 804 qui

1891 843 1908 875 1
1952 835 2276 894 peccarunt,
2302 826 2386 877 vel
2419 825 2666 879 infideles
2704 826 2792 894 qui
2822 826 3075 895 injuriam
3111 827 3381 887 fecerunt,

1892 937 1908 968 1
1949 918 2288 985 depositioni
2322 919 2620 987 subjiciat:
2660 919 2693 972 ii
2745 919 2838 988 qui
2896 935 3008 973 sure
3036 921 3128 972 irm
3174 920 3378 973 mederi

1891 1029 1909 1060 1
1958 1011 2283 1074 moliuntur,
2319 1019 2372 1064 et
2419 1013 2758 1078 apostolicas
2808 1014 3234 1066 constitutiones
3285 1013 3383 1063 de—

1892 1122 1910 1154 1
1949 1111 2232 1170 torquent,
2284 1120 2379 1159 eos
2443 1105 2863 1170 intellexerunt,
2923 1106 3012 1175 qui
3061 1123 3157 1161 sua
3214 1105 3379 1160 niamt

1889 1213 1908 1245 1
1953 1194 2265 1258 verberant,
2299 1212 2402 1248 nec
2430 1210 2638 1248 canone
2698 1197 2803 1248 tale
2831 1195 2960 1264 quid
3013 1194 3380 1264 significante,

1892 1305 1909 1336 1
1950 1301 2049 1340 nec
2086 1297 2230 1340 recta
2270 1289 2480 1340 ratione
2515 1287 2618 1340 hoc
2663 1287 2968 1356 intelligere
3009 1289 3380 1355 permittente.

1886 1399 1902 1429 1
1947 1380 2040 1432 Est
2069 1380 2213 1432 enim
2251 1394 2440 1432 revera
2495 1381 2742 1448 ineptum
2777 1391 2830 1431 et
2879 1380 3032 1431 valde
3081 1377 3380 1439 lubricum,

1847 1515 1854 1523 .
1893 1491 1910 1522 1
1957 1473 2141 1540 utqui
2195 1488 2290 1524 sua
2339 1473 2556 1540 quidem
2595 1488 2757 1525 manu
2818 1484 2896 1524 ter
2951 1472 3033 1522 vel
3093 1481 3292 1539 quater
3329 1469 3380 1520 in

1892 1581 1910 1613 1
1955 1562 2292 1615 verberando
2323 1565 2679 1632 percusserit.
2725 1563 3070 1632 deponatur:
3108 1564 3230 1613 data
3281 1575 3382 1610 an-

1885 1675 1901 1705 1
1946 1665 2055 1708 tem
2091 1655 2343 1708 facultate
2373 1657 2440 1716 is,
2478 1656 2570 1724 qui
2615 1656 2770 1722 jussu
2806 1653 3128 1708 verberandi
3183 1653 3379 1704 imma-

1889 1765 1908 1797 1
1955 1747 2097 1804 niter
2127 1757 2180 1801 et
2215 1763 2390 1816 usque
2423 1747 2486 1799 ad
2526 1757 2755 1799 mortem
2792 1747 3117 1815 supplicium
3149 1743 3383 1795 inflictu-

1890 1861 1907 1891 1
1952 1856 2049 1894 rus
2084 1851 2186 1902 est,
2221 1843 2443 1905 impune
2471 1840 2520 1891 id
2571 1839 2715 1892 ferre
2766 1839 3128 1907 permittatur.
3181 1835 3384 1900 Quam-

1885 1953 1904 1982 ι
1943 1934 2130 1986 obrem
2214 1947 2426 1984 canone
2514 1948 2612 1998 pro
2686 1931 3064 1985 verberatione
3133 1929 3382 1982 absolute

1897 2045 1914 2077 1
1951 2028 2228 2095 puniente,
2264 2039 2366 2078 nos
2398 2040 2616 2093 quoque
2654 2026 2818 2079 simul
2871 2039 2996 2078 cum
3044 2039 3107 2076 eo
3157 2024 3229 2074 ita
3286 2023 3384 2073 de-

1888 2139 1904 2169 1
1949 2121 2251 2174 cernimus.
2292 2120 2518 2187 Oportet
2562 2119 2707 2172 enim
2744 2118 2835 2171 Dei
2895 2118 3232 2171 sacerdotem
3282 2115 3378 2168 do-

1942 2212 2136 2264 ctrinis
2153 2219 2208 2264 et
2239 2209 2733 2268 admonitionibus.
2761 2225 3155 2276 nonnunquam
3186 2215 3370 2259 autem

1885 2321 1902 2352 1
1941 2315 1993 2356 et
2024 2305 2203 2372 ptenis
2262 2303 2564 2365 canonicis,
2614 2318 2762 2365 eum,
2821 2301 2910 2369 qui
2963 2316 3019 2352 se
3053 2299 3377 2352 immodeste

1887 2415 1904 2447 1
1953 2405 2007 2449 et
2042 2397 2343 2449 insolenter
2401 2396 2562 2465 gerit,
2609 2396 2935 2459 instituere;
2994 2393 3087 2448 sed
3122 2408 3229 2446 non
3284 2394 3382 2446 lla--

1881 2507 1898 2538 1
1943 2489 2098 2556 gellis
2131 2498 2184 2540 et
2225 2488 2547 2540 verberibus
2585 2487 2638 2540 in
2686 2487 2968 2539 hominum
3011 2499 3243 2553 corpora
3295 2485 3378 2536 in-

1885 2599 1902 2630 1
1947 2582 2173 2634 sultare.
2214 2580 2268 2631 Si
2323 2581 2415 2649 qui
2478 2589 2660 2633 autem
2721 2587 2848 2632 sunt
2899 2593 3102 2630 morem
3156 2576 3378 2630 omnino

1886 2692 1902 2722 1
1946 2691 2053 2726 non
2110 2681 2387 2741 gerentes,
2437 2681 2490 2725 ct
2543 2686 2824 2740 poenarum
2879 2668 3208 2723 correctioni
3271 2684 3378 2721 non

1883 2785 1900 2815 1
1943 2767 2204 2818 cedentes
2240 2777 2296 2819 ut
2327 2767 2359 2820 ii
2397 2769 2538 2835 apud
2574 2769 2678 2820 loci
2706 2769 2853 2820 illius
2891 2767 3242 2832 magistratus
3284 2781 3377 2817 ac-

1881 2877 1898 2907 1
1943 2867 2204 2911 cusentur
2262 2869 2315 2911 et
2373 2861 2757 2927 cziStigentur,
2863 2874 3023 2912 nemo
3103 2859 3376 2925 prohibet.

1886 2970 1903 3002 1
1943 2951 2300 3004 Antiochente
2331 2951 2475 3003 enim
2511 2952 2704 3021 synodi
2760 2966 2935 3004 canon
2988 2952 3212 3019 quintus
3261 2968 3378 3014 eos,

1883 3063 1902 3096 1
1941 3045 2033 3113 qui
2063 3044 2329 3098 tumultus
2358 3045 2620 3108 excitant,
2642 3057 2694 3098 et
2717 3044 3019 3100 seditiones
3040 3045 3097 3098 in
3135 3044 3376 3098 Ecclesia

1882 3156 1901 3190 1
1941 3139 2319 3200 introducunt,
2375 3154 2468 3205 per
2521 3155 2743 3196 manum
2795 3147 3078 3193 externam
3127 3149 3373 3193 converti

1884 3247 1902 3279 1
1938 3239 2192 3299 oportere
2226 3231 2436 3286 statuit.
2473 3250 2491 3282 ι

1878 3321 2073 3379 BALS.
2123 3323 2426 3379 Vicesimus
2484 3334 2748 3390 septimus
2799 3339 2976 3378 canon
3034 3328 3373 3390 apostolicus

1793 3415 1951 3482 jubet
1991 3417 2303 3470 sacerdotes
2333 3417 2557 3484 deponi,
2591 3418 2680 3484 qui
2723 3433 3108 3486 quemcunque
3157 3418 3370 3470 fidelem

1798 3510 1881 3560 vel
1917 3509 2188 3562 infidelem
2225 3508 2390 3580 348
2435 3511 2526 3577 qui
2582 3510 2826 3576 peccarit
2878 3511 2960 3562 vel
3003 3511 3257 3578 injuriam
3295 3511 3372 3563 fe-

1797 3601 1960 3667 cerit,
1993 3601 2303 3656 verberant.
2333 3601 2578 3656 Praesens
2614 3613 2797 3655 autem
2830 3619 3002 3658 canon
3039 3605 3194 3668 dicit,
3224 3605 3369 3674 quod

1799 3697 2020 3764 quidam
2052 3697 2398 3756 sacerdotes,
2432 3711 2552 3764 qua:
2579 3713 2642 3750 ex
2677 3713 2887 3750 canone
2924 3697 3226 3764 inducitur,
3277 3698 3369 3750 de-

1796 3790 2122 3859 positionetn
2153 3789 2279 3842 hinc
2310 3800 2587 3854 verentes,
2652 3805 2746 3842 sua
2781 3790 2998 3859 quidem
3043 3807 3207 3843 manu
3257 3807 3363 3844 non

1796 3883 2108 3952 percutiunt
2138 3923 2152 3944 ,
2182 3881 2274 3937 sed
2307 3883 2399 3934 irze
2442 3899 2556 3936 sua:
2587 3884 2890 3944 medentes,
2937 3901 3031 3952 per
3077 3887 3212 3940 alios
3253 3901 3373 3939 ver-

1796 3978 2015 4040 beraitt;
2052 3976 2196 4043 quod
2262 3977 2470 4030 scilicet
2511 3992 2687 4030 canon
2737 3979 3070 4046 apostolicus
3123 3981 3224 4033 hoc
3266 3997 3364 4034 ex-

1796 4084 1980 4136 presse
2014 4067 2239 4123 forsitan
2275 4084 2384 4121 non
2417 4070 2778 4137 prohibuerit.
2805 4071 2868 4125 Et
2891 4073 3012 4125 ideo
3033 4084 3364 4142 praaceptnm

1794 4162 2154 4238 apostolicum
2187 4163 2678 4218 circumscribunt.
2715 4164 2810 4218 Est
2841 4166 3028 4234 itaque
3066 4167 3362 4230 lubricum,

1795 4255 1875 4306 vel
1915 4254 2099 4323 potius
2152 4254 2478 4318 absurdum,
2531 4257 2715 4310 dicere
2769 4261 2834 4311 de
2884 4259 3172 4327 apostolis,
3216 4259 3361 4328 quod

1794 4363 1917 4401 eum
1959 4347 2179 4414 quidem
2214 4349 2471 4414 puniunt.
2523 4349 2614 4416 qui
2653 4349 2820 4403 semel
2875 4353 2958 4402 vel
3002 4351 3084 4404 bis
3129 4351 3364 4406 fortasse

1797 4438 2018 4506 prepria
2061 4453 2226 4491 manu
2262 4439 2534 4503 percussit
2568 4456 2581 4494 :
2621 4455 2742 4492 eum
2782 4451 2984 4504 autem,
3023 4441 3360 4510 cujttsjttssu

1795 4531 2108 4600 complures
2165 4532 2336 4599 plagae
2396 4531 2657 4584 mortales
2724 4532 2952 4584 cuilibet
3015 4530 3359 4595 inferuntur,

102 4612 325 4674 ζεσθαι.
361 4612 452 4663 Διὸ
481 4613 576 4663 καὶ
609 4611 818 4678 ὥρισαν
856 4614 903 4662 οἱ
942 4611 1185 4682 Πατέρες
1238 4612 1545 4676 ἀκολούθως
1581 4617 1689 4675 τοῖς

1795 4639 1902 4676 non
1935 4625 2137 4693 puniri.
2174 4622 2240 4677 Et
2270 4625 2392 4677 ideo
2424 4634 2736 4678 statuerunt
2761 4622 2976 4680 Patres.
3019 4639 3361 4691 consequen-

103 4703 267 4772 παρά
294 4705 403 4756 τῶν
447 4705 619 4771 ἁγίων
668 4705 987 4757 ἀποστόλων
1020 4705 1338 4774 διορισθεῖσι.
1369 4709 1504 4776 μήτε
1533 4708 1693 4760 αὐτοι

103 4799 312 4867 χείρως
353 4797 481 4858 τοὺς
526 4797 856 4867 ίερωμένους
906 4797 1158 4862 κολᾴζειν
1208 4788 1510 4867 οἱδνδήτινα
1551 4801 1689 4867 μήτε

99 4893 176 4942 δι’
205 4891 399 4958 ἐτέρας
451 4892 656 4959 χειρὸς,
690 4891 823 4943 ἀλλὰ
855 4892 942 4943 διὰ
973 4892 1265 4944 νουθεσιῶν
1296 4893 1328 4962 ἢ
1387 4892 1482 4943 καὶ
1518 4895 1690 4945 ὲπιτι-

106 4984 256 5053 μίων
307 4984 585 5036 παιδεύειν
633 4987 760 5047 τοὺς
813 4985 1274 5054 ἁμαρτάνοντας·
1325 4988 1450 5047 τοὺς
1505 4987 1563 5039 δὲ
1614 4987 1688 5058 μὴ

99 5079 538 5147 ἐπιστρέφοντας
573 5078 662 5129 διὸ.
691 5079 897 5130 τούτων
923 5077 1010 5130 διὰ
1037 5077 1446 5144 προσελεύσεως
1488 5081 1685 5150 αρχον-

95 5170 268 5235 τικῆς
302 5171 685 5240 τιμωρεῖσθαι.
724 5171 940 5241 Ὠσπερ
979 5171 1034 5223 δέ
1086 5189 1232 5234 τινος
1289 5174 1535 5236 εἰπόντος
1593 5175 1687 5225 καὶ

95 5265 271 5316 τοῦτο
302 5265 551 5332 ἀπρεπὲς
585 5259 727 5316 εἶναι
765 5265 854 5314 καὶ
893 5264 1162 5317 ἀνοίκειον
1193 5267 1307 5328 τοῖς
1341 5266 1683 5335 ίερωμένοις,

101 5359 278 5424 φησὶν
304 5359 332 5408 δ
361 5357 539 5409 κανὼν
570 5357 644 5418 ὠς
677 5357 710 5426 ἠ
746 5359 806 5408 ἐν
845 5358 1149 5427 ’Δντιοχεὶᾳ
1185 5357 1405 5419 σύνοδος
1432 5359 1490 5409 ἐν
1520 5365 1560 5408 ε’
1589 5376 1686 5410 κα-

100 5450 225 5500 νόνι
261 5450 385 5510 τοὺς
435 5446 799 5518 θορυϐοῦντας
846 5449 946 5517 τὴν
1006 5449 1335 5517 Ἐκκλησίαν
1390 5448 1685 5517 κληρικοὺς

101 5542 544 5609 σωφρονίζεσθαι
574 5541 665 5592 διὰ
693 5541 792 5608 τῆς
820 5541 1018 5602 ἔξωθεν
1043 5543 1226 5610 χειρός
1260 5541 1378 5610 ἦτοι
1411 5542 1508 5610 τῆς
1536 5543 1685 5596 πολι-

99 5635 270 5702 τικῆς
298 5634 606 5706 διωρίσατο.
638 5634 795 5686 Εἴποι
829 5634 883 5686 δέ
908 5634 1138 5696 τις,Καὶ
1165 5634 1300 5696 πῶς,
1332 5634 1426 5687 τοῦ
1457 5635 1682 5697 κανόνος

98 5730 282 5782 ταῦτα
308 5727 700 5799 ὃιοριζομένου,
738 5731 787 5781 σί
820 5730 926 5780 τῶν
958 5717 1282 5798 ἐλευθερίων
1335 5729 1684 5792 σπουδασμαο

97 5840 219 5874 των
256 5821 588 5883 διδάσκαλοι,
622 5821 1001 5890 γραμματικοὶ
1034 5818 1277 5888 δηλονότι
1314 5821 1404 5871 καὶ
1446 5819 1682 5870 τοιοῦτοι

97 5917 314 5982 Erepsi,
351 5915 633 5985 ἱερωμένοι
666 5914 837 5979 ὄντες,
871 5914 1395 5984 ἀπροκριματίστως
1417 5912 1675 5964 τύπτουσι

1796 4729 1882 4772 ter
1926 4719 1990 4770 iis
2023 4733 2146 4784 qua:
2183 4732 2211 4768 a
2262 4718 2472 4770 sanctis
2501 4716 2789 4786 apostolis
2844 4723 3051 4768 statuta
3101 4725 3261 4780 sunt,
3304 4725 3360 4768 nt

1794 4809 2113 4862 sacerdotes
2169 4822 2344 4874 neque
2418 4809 2536 4862 suis
2593 4807 2844 4859 manibus
2916 4822 3093 4874 neque
3167 4807 3361 4860 alienis

1790 4911 2120 4964 quemquam
2159 4896 2484 4959 verberent;
2519 4895 2612 4948 sed
2663 4911 2758 4962 per
2799 4895 3227 4962 admonitiones,
3276 4900 3358 4950 vel

1789 4988 1956 5039 etiam
2002 5001 2197 5056 pmnas
2229 4989 2546 5050 canonicas,
2609 5005 2703 5040 eos
2749 4989 2838 5056 qui
2876 4999 3122 5054 peccant,
3181 4991 3356 5041 corri-

1787 5095 1954 5150 gam:
1995 5081 2028 5133 ii
2061 5091 2264 5144 autem,
2299 5081 2393 5147 qui
2426 5096 2521 5149 per
2555 5079 2668 5140 haec
2699 5096 2801 5132 non
2841 5080 3219 5148 corriguntur.
3263 5097 3359 5149 per

1788 5175 2107 5229 citationem
2139 5173 2205 5227 ad
2241 5174 2588 5243 magistratus
2615 5175 2936 5241 puniantur.
2973 5173 3208 5229 Perinde
3261 5193 3358 5226 au-

1786 5277 1894 5321 tem
1926 5284 1985 5321 ac
2025 5269 2068 5320 si
2100 5267 2332 5320 dixisset
2361 5265 2662 5336 quispiam,
2694 5267 2798 5320 hoc
2846 5282 3064 5337 quoque
3093 5266 3357 5320 sacerdo—

1786 5361 1929 5414 tibus
1965 5377 2072 5415 non
2107 5360 2423 5424 convenire,
2455 5359 2588 5413 dicit
2613 5359 2977 5428 canon,quod
3015 5359 3354 5413 Antioche-na

1786 5453 2049 5520 Syltodtts,
2092 5451 2144 5503 in
2192 5453 2384 5519 quinto
2435 5467 2665 5515 canone,
2709 5453 2961 5509 clericos.
3013 5453 3103 5520 qui
3164 5450 3356 5506 Eccle-

1785 5543 1919 5597 siam
1967 5542 2318 5606 conturbant,
2381 5558 2474 5610 per
2528 5551 2809 5594 externam
2861 5556 3081 5594 manum
3129 5556 3224 5594 seu
3276 5544 3357 5594 ci-

1742 5634 1944 5684 vilem
2009 5631 2265 5700 rastigari
2319 5642 2571 5701 Oportere
2636 5631 2848 5685 statuit.
2910 5629 3117 5684 Dixerit
3169 5639 3350 5683 autem

1783 5727 2089 5793 quiSpiam:
2130 5722 2192 5776 Et
2249 5725 2566 5794 quomodo.
2645 5725 2758 5778 haec
2819 5726 3145 5778 decernente
3195 5741 3352 5777 cano-

1787 5832 1876 5879 ne,
1933 5816 2238 5870 liheralium
2303 5820 2612 5872 studiorum
2667 5817 2953 5887 magistri,
3007 5817 3353 5885 grammatici

1787 5910 1998 5965 scilicet
2035 5919 2087 5963 et
2123 5909 2396 5977 ejusmodi
2435 5911 2548 5975 alii,
2581 5910 2704 5965 licet
2741 5911 2847 5967 sint
2899 5909 3075 5964 sacris
3126 5910 3352 5973 initiati,
