4166 6438
779 411 906 476 1051

1995 357 2291 462 ληίτου.
2320 392 2719 452 BALSA‘MON’

3873 392 4004 460 1052

774 533 894 580 sine
937 524 1256 593 praeiudicio
1289 541 1419 578 suos
1447 525 1748 594 discipulos
1803 523 2133 577 verberant?
2169 498 2324 577 Sola;

2447 519 2549 579 τοὺς
2586 516 2830 585 μαθητὰς
2859 517 3036 569 αὐτῶν
3063 535 3076 582 ;
3107 519 3316 582 Λύσις.
3347 517 3418 569 Τὸ
3448 517 3505 582 ἐξ
3534 517 3751 585 ἀμύνης
3785 517 3882 568 καὶ
3912 516 4002 567 θυ-

773 620 865 669 tio.
915 615 1144 683 Propter
1202 616 1500 669 vindictam
1567 628 1619 670 et
1681 618 1818 669 iram
1876 615 2208 677 verberare,
2251 622 2335 668 est

778 699 934 774 poma
978 710 1237 778 dignum;
1291 727 1394 763 non
1433 716 1624 764 autem
1665 727 1750 773 ea,
1805 727 1926 778 quae
1971 711 2233 765 doctrina:
2282 717 2337 763 et

771 799 1101 866 eruditimiis
1132 801 1304 863 gratia
1337 810 1390 854 et
1426 803 1604 855 verbis
1649 812 1703 854 et
1753 819 1914 856 manu
1947 803 2021 862 fit.
2054 794 2335 855 m‘otlerata

777 891 1163 957 magistrorum
1237 893 1527 946 correctio.
1576 894 1876 960 Propterea
1940 899 2088 948 enim
2156 909 2335 946 canon

776 997 999 1049 quoque
1049 983 1182 1036 dicit
1226 985 1426 1050 puniri,
1484 986 1530 1039 si
1579 987 1892 1040 sacerdotes
1948 987 2000 1040 in
2052 987 2334 1040 hominum

775 1089 1005 1138 corpora
1063 1076 1370 1129 insultent:
1427 1092 1520 1144 per
1582 1078 1684 1131 hoc
1739 1082 1987 1143 verbum,
2045 1075 2340 1143 insultare,’

773 1165 1089 1222 signiﬁcans
1129 1169 1426 1221 amentium
1469 1172 1642 1222 instar
1669 1173 1879 1225 ratione
1924 1186 2199 1226 carentem
2239 1189 2337 1241 ap-

775 1259 1093 1324 petitionem
1148 1276 1363 1324 eorum,
1424 1278 1516 1329 qui
1571 1279 1695 1316 cum
1753 1265 1831 1316 ira
1887 1267 2222 1333 percutiunt.
2276 1275 2334 1320 δι

773 1352 916 1402 enim
950 1347 1333 1420 prohiberetur
1361 1355 1748 1424 magistrorum
1784 1358 2058 1426 ejusmodi
2107 1375 2336 1430 percus-

775 1445 878 1505 sio,
914 1461 1013 1498 nec.
1065 1447 1428 1502 ecclesiastici
1485 1450 1675 1504 clerici
1738 1451 1913 1506 ferula
1976 1455 2338 1520 castigarem,

776 1538 936 1605 primi
974 1538 1286 1593 defensoris
1317 1556 1507 1604 suasu,
1542 1557 1661 1608 eos,
1701 1546 1795 1613 qui
1830 1527 2076 1612 peccant,
2133 1547 2339 1602 liberos

779 1618 835 1685 εἰ
891 1647 1104 1694 servos,
1171 1633 1236 1686 ad
1310 1634 1544 1700 primum
1595 1635 1937 1691 defensorem
1991 1639 2338 1695 accedentes.

781 1723 885 1778 Sed
917 1725 1019 1778 hoc
1067 1735 1245 1778 tamen
1280 1726 1338 1778 fit
1371 1726 1439 1780 ab
1474 1728 1554 1781 eis
1577 1729 1786 1795 absque
1833 1722 1963 1782 ullo‘
1995 1731 2337 1800 praejudicio.

775 1815 1147 1880 Quamobrem
1180 1818 1223 1869 si
1253 1818 1377 1884 quis
1414 1817 1674 1874 sacerdos
1716 1817 1886 1889 'primi
1925 1821 2227 1878 defensoris
2259 1823 2340 1878 fe-
2369 1838 2418 1896 Β

779 1907 896 1960 rula
929 1908 1169 1972 aliquem
1210 1913 1548 1977 percusserit
1579 1928 1703 1964 cum
1739 1914 1818 1965 ira
1859 1922 1913 1968 et
1956 1914 2165 1979 furore,
2199 1925 2259 1969 ut
2286 1925 2340 1969 et

777 2001 943 2053 etiam
993 2001 1287 2069 aliquando
1346 2005 1579 2069 contigit
1630 2006 1683 2058 in
1749 2008 2072 2074 patriarcha:
2135 2010 2340 2063 domini

776 2090 937 2145 Luca:
967 2093 1308 2158 pontificatu,
1340 2110 1445 2148 non
1469 2094 1687 2164 effugiet
1717 2099 2048 2164 supplicium
2085 2117 2098 2153 :
2134 2110 2186 2153 et
2221 2116 2344 2152 rur-

777 2199 894 2246 sus,
926 2183 969 2237 si
1001 2200 1124 2237 cum
1161 2186 1240 2237 ira
1275 2187 1604 2256 discipulum
1643 2201 1948 2259 praeceptor
1985 2193 2340 2259 percusserit,

777 2292 908 2329 usus
946 2274 1142 2335 baculo
1180 2294 1289 2346 quo
1313 2291 1501 2347 posset
1536 2282 1710 2334 caedes
1759 2282 1899 2346 fieri,
1933 2282 1987 2336 id
2043 2299 2150 2337 non
2204 2284 2345 2340 feret

778 2371 1019 2436 impune.

857 2461 1112 2518 ZONAR.
1144 2461 1422 2518 Vicesimo
1475 2466 1706 2532 septimo
1756 2477 1933 2536 apost.
1977 2485 2184 2526 canone
2231 2487 2343 2527 non

779 2552 947 2608 licere
1007 2555 1286 2623 episcopo,
1357 2557 1680 2626 presbytero
1733 2569 1826 2612 aut
1868 2560 2101 2616 diacono
2153 2577 2345 2631 quem-

778 2661 943 2711 quam
974 2646 1042 2700 ob
1072 2649 1283 2701 crimen
1332 2649 1632 2704 admissum
1665 2650 1993 2715 verberare,
2037 2654 2242 2724 quique
2289 2654 2344 2708 id

781 2734 997 2802 focerit,
1029 2738 1380 2806 depositione
1404 2757 1528 2795 eum
1564 2743 1936 2797 nmlctandum
1987 2748 2108 2799 esse
2158 2747 2346 2800 decer-

780 2831 958 2884 nitur.
981 2831 1137 2886 llunc
1163 2848 1292 2904 ergo
1319 2848 1585 2888 canonem
1610 2835 1680 2889 ita
1704 2837 1949 2890 nonnulli
1977 2837 2345 2906 explicabant,

2441 608 2543 670 μοῦ
2584 607 2808 658 τύπτειν
2848 607 3153 669 κολάζεται,
3185 609 3246 659 οὐ
3277 607 3383 676 μὴν
3411 609 3443 675 ἡ
3468 607 3555 660 διὰ
3586 608 3881 659 παίδευσιν
3911 611 3999 660 καὶ

2441 683 2679 771 μάθησιν
2733 702 2870 769 μετὰ
2921 702 3211 769 λόγου¹καὶ
3261 703 3444 771 χειρὸς
3490 703 3690 770 μετρία
3724 702 4005 763 παίδευσις

2435 796 2545 848 τῶν
2596 796 2952 849 διδασκάλων.
3003 794 3101 846 Διὰ
3132 795 3288 846 τοῦτο
3317 795 3427 863 γὰρ
3454 795 3548 846 καὶ
3591 797 3619 846 ό
3661 795 3850 848 κανὼν
3890 791 4004 847 εἷπε

2436 888 2765 952 κολάζεσθαι
2814 887 2873 940 τὸ
2919 887 3190 957 ὲπιπηδᾷν
3243 889 3370 948 τοὺς
3417 889 3753 954 ιερωμένους
3811 889 3896 948 είς
3945 889 4006 939 τὰ

2438 983 2544 1035 τῶν
2581 980 2882 1050 ἀνθρώπων
2914 978 3142 1047 σώματα
3167 992 3184 1008 ·
3218 979 3500 1048 παριστῶν
3540 980 3631 1032 διὰ
3674 980 3774 1032 τοῦ
3809 981 4005 1046 ἐπιπη-

2437 1070 2534 1137 δᾷν
2566 1071 2808 1141 ῥήματος
2853 1069 2954 1136 τὴν
2996 1069 3135 1120 κατὰ
3192 1071 3549 1137 μαινομένους
3586 1070 3789 1137 ἄλογον
3835 1071 4007 1138 ὄρεξιν
4085 1104 4093 1109 -

2439 1162 2546 1212 τῶν
2583 1162 2720 1230 μετὰ
2769 1160 2943 1228 θυμοῦ
2969 1161 3304 1214 τυπτόντων.
3346 1162 3497 1213 Ἐπεί
3524 1163 3606 1214 τοί
3634 1178 3722 1227 γε.
3775 1162 3827 1214 εξ
3875 1166 4003 1213 ἐκω-

2439 1253 2597 1306 λύετο
2650 1257 2680 1323 ἡ
2725 1254 2949 1325 τοιαύτη
2996 1255 3105 1306 τῶν
3149 1253 3486 1308 διδασκάλων
3537 1255 3749 1324 πληγὴ.
3799 1255 3922 1307 οὐδὲ
3964 1257 4006 1307 el

2441 1346 2884 1414 ἑκκλησιαστικοὶ
2914 1346 3174 1415 κληρικοὶ
3203 1346 3292 1399 διὰ
3325 1346 3599 1415 σκυτάλης
3648 1346 3719 1399 ἃν
3767 1330 4007 1415 ἱσωφρό-

2441 1437 2587 1501 νιζον
2616 1439 2757 1491 κατὰ
2793 1436 3112 1508 προτροπὴν
3159 1439 3600 1508 πρωτεκδικικὴν
3647 1439 3782 1499 τοὺς
3840 1438 4008 1506 ἁμαρ-

2441 1529 2702 1589 τάνοντας
2747 1529 2965 1592 δούλους
3011 1528 3109 1581 καὶ
3155 1529 3476 1599 ἐλευθέρους
3518 1528 3595 1597 τῷ
3651 1529 4009 1598 πρωτεκδίκῳ

2443 1623 2930 1690 προσερχομένους.
2947 1622 3088 1675 Ἀλλ’
3120 1623 3271 1690 ὅμως
3294 1626 3461 1675 τοῦτο
3481 1622 4008 1692 ἀπροκριματίστως

2443 1713 2671 1777 γίνεται.
2705 1714 2890 1777 Ὅστε,
2919 1714 2973 1765 εί
3003 1730 3085 1775 τις
3124 1715 3426 1784 ίερωμένος
3457 1715 3614 1784 τύψει
3635 1715 3780 1768 ’τινὰ
3809 1716 3903 1768 διὰ
3923 1717 4014 1784 τῆς

2445 1807 2886 1878 πρωτεκδικικῆς
2935 1806 3209 1876 σκυτάλης
3263 1808 3404 1875 μετὰ
3431 1807 3607 1877 θυμοῦ
3645 1810 3744 1863 καὶ
3799 1810 4013 1877 mihi;

2450 1897 2525 1959 ὡς
2569 1901 2662 1951 καὶ
2704 1898 2895 1951 ἄλλοτέ
2939 1915 3072 1951 ποτε
3108 1899 3307 1969 συνέϐη
3352 1901 3447 1953 ἐπὶ
3470 1903 3572 1968 τῆς
3604 1903 3900 1971 ίερατείας
3931 1903 4013 1956 τοῦ

2443 1990 2747 2057 ἀγιωτάτου
2793 1992 3132 2063 πατριάρχου
3186 1992 3354 2064 κυροῦ
3396 1995 3603 2055 Λουκᾶ,
3661 1994 3769 2046 οὐκ
3819 1997 4016 2061 ἱκφευ-

2444 2084 2610 2150 ξεῖται
2656 2086 2752 2154 τὴν
2787 2087 3043 2138 κόλασιν·
3079 2087 3173 2138 καὶ
3217 2086 3393 2148 αὖθις,
3437 2087 3485 2138 εί
3533 2085 3626 2138 καὶ
3660 2087 3814 2155 μετά
3849 2084 4014 2155 θυμοῦ

2443 2177 2601 2244 τύψει
2633 2159 2724 2230 τδν
2757 2178 3005 2248 μαθητὴν
3034 2179 3062 2230 ό
3087 2166 3429 2240 διδάσκαλος,
3464 2178 3825 2250 φονευτηρίῳ
3854 2177 4015 2244 ῥοπά-

2444 2271 2519 2340 λῳ
2547 2273 2912 2342 χρησάμενος,
2943 2273 3042 2324 οὐκ
3071 2272 3417 2342 ἀτιμώρητος
3443 2270 3618 2324 ἔσται.

2516 2457 2760 2513 ΖΩΝΛΡ.
2810 2457 2869 2509 '0
2896 2456 3005 2508 τῶν
3037 2455 3208 2522 ἁγίων
3237 2453 3552 2508 ἀποστόλων
3576 2451 3836 2515 εἰκοστὸς
3869 2453 4014 2505 ἕϐδο-

2449 2569 2548 2622 μος
2583 2550 2764 2604 κανὼν
2811 2548 2935 2602 οὔτε
2971 2549 3268 2602 ἐπίσκοπον
3323 2547 3447 2601 οὗτε
3483 2545 3871 2617 πρεσσύτερον
3899 2545 4020 2598 οὔτε

2443 2644 2688 2696 διάκονον
2715 2642 2779 2712 ἑᾷ
2800 2641 3026 2693 τύπτειν
3057 2642 3182 2702 τοὺς
3217 2640 3636 2709 ἁμαρτάνοντας
3655 2654 3674 2670 °
3724 2640 4020 2707 καθαιρεῖ-

2447 2737 2571 2790 σθαι
2621 2737 2729 2806 γάρ
2781 2737 2874 2788 τὸν
2921 2733 3080 2788 τοῦτο
3128 2732 3387 2786 ποιοῦντα
3431 2732 3664 2786 κελεύει.
3718 2732 3886 2794 Τινὲς
3931 2726 4022 2782 οὖν

2447 2829 2960 2899 παρερμηνεύοντες
2994 2827 3086 2880 τὸν
3143 2825 3344 2879 κανόνα
3397 2825 3584 2892 ελεγον
3632 2826 3718 2877 ὅτι
3765 2823 3866 2877 διὰ
3913 2823 4022 2875 τῶν

779 2936 842 2978 ιιι
872 2927 1004 2994 ipsis
1039 2929 1261 2995 quidem
1322 2929 1464 2983 sacri
1530 2930 1742 2986 ordinis
1793 2930 2108 2986 hominibus
2157 2946 2348 3000 quem-

2447 2921 2661 2975 οἰκείων
2708 2920 2908 2990 χειρῶν
2937 2922 3165 2971 τύπτειν
3191 2918 3315 2979 τοὺς
3350 2917 3682 2986 ίερωμένους
3738 2916 4023 2969 ἐκώλυσεν

775 3020 920 3088 piam
959 3008 1294 3085 percussisse
1340 3021 1443 3075 hoc
1472 3037 1680 3076 canone
1726 3024 1990 3087 vetitum;
2043 3021 2135 3077 sed
2192 3038 2346 3076 man-

2447 3014 2472 3066 ό
2529 3011 2747 3065 κανώνο
2807 3012 2978 3080 ἑτέρῳ
3029 3009 3086 3062 δὲ
3131 3009 3495 3079 προστάσσειν
3538 3009 3632 3061 καὶ
3682 3008 3750 3062 δι’
3806 3009 4022 3060 ἐκείνου

780 3110 912 3163 dare
943 3110 1099 3164 alteri
1137 3111 1409 3179 negotium
1441 3114 1778 3181 verberaque
1809 3127 1904 3180 per
1934 3113 2083 3167 illum
2120 3113 2340 3180 inferre,

2447 3105 2668 3158 τύπτειν
2693 3103 2991 3156 ἀκώλυτον.
3035 3101 3204 3153 Τοῦτο
3237 3095 3331 3153 οὖν
3363 3101 3391 3151 ό
3425 3098 3614 3168 παρὼν
3648 3099 3844 3152 κανὼν
3879 3101 4024 3169 διορ-

780 3201 832 3253 id
870 3218 1000 3255 vero
1027 3203 1182 3256 nullo
1214 3204 1377 3257 modo
1424 3200 1776 3259 interdictum
1811 3221 1933 3260 esse
1988 3207 2342 3261 affirmarent.

2450 3195 2729 3265 θούμενος,
2771 3194 2916 3260 λέγει
2943 3194 3143 3247 ἄτοπον
3170 3187 3306 3245 εἶναι
3337 3193 3431 3244 καὶ
3454 3192 3755 3258 ἐπισφαλὲς
3805 3192 3870 3243 τὸ
3919 3195 4029 3244 οξε-

779 3294 887 3348 Sed
930 3295 1070 3348 hanc
1097 3288 1411 3364 opinionem
1458 3296 1544 3349 hic
1570 3313 1744 3350 canon
1781 3299 2026 3368 corrigit,
2049 3315 2132 3360 ac,
2159 3299 2346 3366 Neque

779 3388 1147 3448 absurditate,
1179 3387 1379 3456 inquit,
1416 3403 1596 3455 neque
1633 3390 1883 3457 periculo
1933 3403 2106 3454 caret,
2135 3392 2188 3445 'si
2245 3394 2347 3445 hoc

778 3496 970 3536 sacros
1025 3481 1301 3548 apostolos
1325 3481 1646 3549 praecepisse
1681 3481 2082 3548 existimemus,
2119 3493 2175 3535 ut
2227 3487 2351 3552 qui-

786 3590 1002 3639 cunque
1045 3576 1276 3627 alterum
1326 3584 1406 3628 ter
1461 3587 1723 3643 quaterve
1775 3576 1890 3629 suis
1946 3577 2059 3645 ipse
2094 3579 2346 3630 manibus

784 3667 1173 3734 percussisset,
1208 3665 1359 3717 illum
1408 3657 1607 3731 depOni
1645 3661 1843 3717 vellent
1877 3683 1890 3719 :
1929 3667 2020 3733 qui
2071 3681 2199 3718 vero
2255 3682 2350 3733 per

786 3758 1018 3812 alterum
1054 3758 1352 3811 crudeliter
1386 3756 1982 3824 vehementissimeque
2039 3759 2175 3811 adeo
2223 3758 2350 3825 (hoc

785 3865 1020 3916 namque
1058 3850 1190 3903 illud
1225 3850 1481 3918 fignificat
1515 3865 1685 3914 usque
1717 3849 1782 3900 ad
1812 3849 2022 3916 necem)
2068 3849 2199 3901 ca~di
2230 3847 2351 3914 jus-

783 3941 969 4003 sissct,
1004 3941 1226 4008 impune
1264 3940 1542 3993 hominem
1582 3940 1734 3993 abire
1779 3948 2129 4008 paterentur;
2189 3940 2352 4007 idque

787 4031 1046 4093 maxime,
1083 4046 1209 4084 cum
1267 4029 1751 4084 indiscriminatim
1796 4029 2128 4097 apostolicus
2175 4044 2350 4082 canon

785 4127 1066 4190 loquatur,
1101 4138 1163 4176 ac
1201 4123 1517 4185 verberanti
1537 4137 1755 4191 poenam
1791 4123 2046 4176 universe
2069 4122 2349 4177 decernat.

782 4220 930 4276 idem
960 4217 1148 4285 igitur,
1184 4217 1438 4282 inquiunt
1472 4215 1661 4285 synodi
1681 4213 1893 4275 Patres,
1927 4217 2069 4284 quod
2094 4217 2350 4284 apostoli,

790 4330 892 4368 nos
926 4325 1146 4379 quoque
1175 4309 1560 4370 decernimus;
1590 4323 1657 4359 ne
1689 4306 1939 4359 videlicet
1975 4309 2204 4362 sacratis
2254 4309 2351 4361 ho-

788 4404 1032 4458 minibus
1067 4418 1212 4458 cum.
1249 4399 1339 4468 qui
1375 4397 1689 4467 deliquerit,
1727 4409 1819 4450 aut
1853 4413 1948 4465 per
1994 4413 2072 4462 se,
2133 4410 2224 4450 aut
2257 4415 2350 4467 per

2452 3288 2573 3342 σθαι
2605 3289 2730 3348 τοὺς
2767 3286 2946 3356 ἱεροὺς
2982 3283 3310 3344 ἀποστόλους
3346 3283 3644 3353 προστάξαι
3676 3281 3772 3334 τὸν
3807 3283 3915 3351 μὲν
3939 3283 4025 3336 διὰ

2417 3381 2556 3442 ἕτῶν
2609 3376 2823 3429 οἰκείων
2881 3373 3078 3443 χειρῶν
3139 3373 3262 3442 τρὶς
3323 3372 3354 3440 ἢ
3416 3371 3673 3438 τετράκις
3737 3371 4028 3438 πλήξαντα

2449 3469 2853 3536 καθαιρεῖσθαι,
2912 3467 3004 3518 τδν
3059 3464 3118 3517 δὲ
3179 3463 3238 3528 ἐξ
3290 3463 3666 3529 ἐπιτάγματος
3722 3462 3797 3513 δι’
3834 3463 4026 3533 ἑτέρου

2403 3584 2412 3596 ·
2449 3565 2720 3618 τύπτοντα
2771 3559 2993 3628 ἀπηνῶς
3025 3556 3118 3608 καὶ
3146 3554 3268 3608 λίαν
3299 3554 3633 3622 σφοδρότατα
3682 3553 3877 3622 (τοῦτο
3923 3555 4029 3622 γάρ

2451 3657 2509 3710 τὸ
2557 3657 2718 3725 μέχρι
2775 3653 3004 3704 θανάτου
3058 3648 3227 3718 δηλοῖ)
3271 3645 3612 3715 ἀτιμώρητον
3654 3645 3888 3710 ἐᾶσθαι,
3938 3646 4026 3698 καὶ

2451 3749 2620 3800 ταῦτα
2673 3743 2766 3796 τοῦ
2813 3739 3173 3794 άποστολικοῦ
3231 3738 3454 3799 κανόνος
3505 3739 3579 3806 μὴ
3621 3737 4027 3799 διαστίζοντος.

2452 3839 2565 3894 ἀλλ’
2594 3836 2778 3896 ἁπλῶς
2814 3837 2874 3886 τὸ
2899 3833 3126 3885 τύπτειν
3150 3829 3491 3893 κολάζοντος.
3519 3828 3608 3879 Διό
3647 3844 3827 3894 φασιν
3859 3831 3911 3879 οἱ
3939 3829 4029 3894 τῆς

2453 3930 2669 3984 συνόδου
2707 3926 2967 3994 Πατέρες,
2999 3922 3104 3976 Καὶ
3128 3923 3292 3989 ἡμεῖς
3322 3920 3518 3988 ὁμοίως
3546 3919 3661 3978 τοῖς
3697 3920 4030 3978 ἀποστόλοις

2452 4020 2802 4094 ψηφιζόμεθα
2830 4034 2842 4047 ·
2891 4017 2975 4069 ἵνα
3013 4016 3151 4084 μήτε
3197 4013 3284 4064 διὰ
3333 4011 3442 4090 τῶν
3491 4009 3713 4062 οἰκείων
3745 4010 3962 4092 χειρῶν
3991 4008 4034 4060 οἱ

2454 4114 2743 4184 ίερωμένοι
2797 4111 2931 4179 μήτε
2987 4108 3045 4172 ἐξ
3100 4102 3367 4171 ἐπιταγῆς
3414 4101 3481 4155 δι’
3520 4103 3716 4171 ἑτέρου
3782 4102 4032 4154 τύπτωσί

2451 4225 2572 4260 τινα
2602 4206 3018 4274 άμαρτήσαντα.
3060 4198 3197 4260 Τοὺς
3228 4191 3336 4265 γὰρ
3379 4193 3471 4247 τοῦ
3509 4193 3643 4246 Θεοῦ
3675 4195 3858 4264 ίερείς
3887 4194 4031 4245 διδασ
4111 4241 4118 4249 ,

2454 4298 2699 4360 σκαλίαις
2728 4284 2822 4349 καὶ
2849 4291 3153 4352 νουθεσίαις
3179 4289 3283 4359 χρὴ
3316 4285 3589 4340 παιδεύειν
3616 4287 3721 4338 καὶ
3755 4286 4032 4353 σωφρονί-

2455 4396 2566 4458 ζειν
2595 4390 2719 4450 τοὺς
2749 4384 3174 4454 σφαλλομένους
3213 4377 3322 4431 ἐσθ’
3353 4379 3442 4430 ὅτε
3474 4377 3527 4428 δὲ
3557 4377 3651 4427 καὶ
3681 4376 3801 4436 τοῖς
3837 4377 4036 4442 enati.

790 4497 956 4551 alium
986 4494 1072 4548 cui
1129 4493 1234 4561 ipsi
1266 4491 1666 4551 mandaverint,
1709 4491 1937 4543 omnino
1972 4490 2134 4543 liceat
2167 4490 2348 4543 verbe-

2457 4483 2754 4542 σιαστικοῖς
2776 4477 3092 4544 ἐπιτιμίοις,
3109 4471 3411 4533 τουτέστιν,
3429 4470 3517 4521 ὅτε
3543 4468 3621 4536 μὴ
3645 4466 4038 4536 διδασκόμενοι

785 4605 927 4655 rare.
958 4587 1286 4642 Sacerdotes
1323 4599 1556 4653 namque
1599 4582 1690 4636 Dei
1722 4582 1972 4636 docendo
2001 4592 2049 4636 et
2084 4583 2351 4635 movendo

791 4687 1080 4748 peccantes
1106 4678 1384 4746 corrigere
1416 4684 1582 4744 atque
1607 4675 1897 4728 emendare
1937 4690 2034 4742 par
2061 4684 2147 4728 est
2171 4692 2184 4726 :
2218 4674 2350 4741 quin

783 4776 838 4830 et
868 4772 1260 4827 ecclesiasticis
1285 4768 1615 4840 quandoque
1651 4767 1856 4833 pomis,
1888 4769 2107 4835 quando
2139 4768 2351 4821 scilicet

790 4865 1162 4917 admonitione
1197 4870 1289 4914 aut
1341 4860 1727 4913 cohortatione
1775 4874 1804 4911 a
1855 4857 2062 4927 ﬂagitio
2107 4858 2351 4912 revocari

789 4957 1107 5011 inullatenus
1139 4963 1362 5020 queant.
1398 4950 1586 5020 Neque
1633 4950 1777 5004 enim
1830 4969 1860 5001 υ
1903 4950 2354 5018 ρωηίεβιιετὶυε

785 5037 1108 5105 instituendi
1158 5045 1584 5116 corrigendique
1630 5044 1952 5112 primordia.
2003 5044 2095 5099 sed
2141 5060 2170 5098 a
2211 5061 2352 5114 pra:-

780 5144 952 5212 ceptis
987 5152 1146 5196 antea
1175 5154 1338 5210 atque
1368 5137 1864 5203 admonitionibus,
1897 5136 2148 5191 ducenda
2179 5150 2346 5201 sunt;

788 5237 1024 5304 indeque
1088 5235 1153 5287 ad
1212 5232 1622 5286 vehementiora
1672 5232 2059 5298 asperioraque
2109 5230 2352 5284 remedia

787 5328 1212 5382 deveniendum.
1246 5324 1488 5379 Verbera
1526 5322 1690 5395 349
1731 5336 1862 5376 vero
1907 5337 1970 5377 ac
2024 5323 2208 5392 plagas
2258 5323 2356 5375 ho-

790 5425 998 5475 mimnn
1037 5418 1361 5487 corporibus
1393 5416 1620 5478 inferre,
1649 5415 1842 5482 eisque
1873 5415 1974 5468 hac
2031 5416 2242 5490 ratione
2275 5417 2357 5468 in-

791 5515 1020 5576 sultare,
1049 5513 1271 5565 omnino
1307 5518 1452 5563 vetat
1479 5523 1676 5562 canon.
1737 5506 1859 5572 Quo
1911 5507 2128 5576 quidem
2182 5508 2356 5562 insul-

787 5609 941 5661 tandi
1015 5607 1181 5659 verbo
1263 5604 1528 5657 furiosum
1595 5601 1836 5670 ipsorum
1920 5601 2356 5670 iracundumque

787 5706 1048 5767 impetum
1082 5701 1312 5753 innuere
1344 5711 1407 5750 ac
1439 5696 1683 5750 indicare
1729 5694 1921 5747 voluit.
1974 5692 2028 5746 Si
2068 5693 2162 5762 qui
2202 5709 2351 5756 vero,

787 5793 982 5861 inquit,
1037 5806 1213 5860 neque
1272 5785 1584 5857 praeceptis,
1637 5801 1816 5854 neque
1863 5785 2351 5850 admonitiOnibus,

786 5903 964 5957 neque
990 5886 1373 5942 canonicarum
1408 5897 1628 5953 quoque
1661 5895 1944 5949 poenarum
1981 5889 2128 5936 metu
2179 5881 2347 5936 curri-

2453 4577 2548 4630 κα¹ι
2583 4570 2992 4639 νουθετούμενοι
3026 4568 3075 4619 οἱ
3106 4562 3518 4634 ἁμαρτάνοντες
3574 4558 4034 4627 σωφρονίζονται.

2454 4669 2527 4721 Οὐ
2561 4667 2669 4734 γὰρ
2694 4665 2753 4729 ἐξ
2784 4663 3075 4730 ἐπιτιμίων
3104 4654 3370 4726 ἄρχεσθαι
3398 4653 3494 4722 τῆς
3522 4650 3784 4719 παιδείας
3818 4653 3922 4703 καὶ
3946 4652 4036 4717 τῆς

2452 4757 2790 4828 διορθώσεως
2828 4755 2931 4816 δεῖ,
2975 4749 3112 4803 ἀλλὰ
3175 4746 3446 4800 διδάσκειν
3496 4745 3696 4831 αὐτοὺς
3761 4745 4036 4813 πρότερον

2454 4853 2548 4906 καὶ
2595 4849 2887 4908 νουθετεῖν,
2945 4844 3038 4897 καὶ
3087 4840 3232 4894 οὕτω
3278 4840 3378 4908 τὴν
3423 4835 3890 4906 δραστικωτέραν
3948 4835 4035 4886 καὶ
4064 4843 4075 4859 ·

2455 4936 2863 5005 ἐπιπονωτέραν
2914 4931 3158 4999 ἰατρείαν
3207 4913 3454 4994 ἐπάγειν.
3507 4926 3580 4976 Τὸ
3631 4924 3692 4976 δὲ
3741 4925 4033 4993 μαστίζειν

2455 5032 2548 5086 καὶ
2582 5029 2793 5099 πληγὰς
2823 5025 3125 5079 ἐπιτιθέναι
3150 5024 3262 5084 τοῖς
3290 5019 3398 5073 τῶν
3425 5017 3737 5087 ἀνθρώπων
3783 5018 4030 5085 σώμασι,

2456 5125 2548 5178 καὶ
2597 5123 2784 5176 τοῦτον
2840 5120 3019 5180 αὐτοῖς
3060 5114 3329 5184 ὲπιπηδᾷν
3379 5111 3467 5164 τὸν
3525 5109 3751 5179 τρόπον,
3807 5111 4033 5168 τελείίις

2455 5216 2811 5287 ἀπαγορεύει.
2865 5211 2966 5266 Διὰ
3019 5210 3113 5263 τοῦ
3171 5208 3442 5277 ὲπιπηδᾷν
3508 5207 3566 5258 δὲ
3620 5204 3722 5274 τὴν
3792 5206 4034 5270 μανικὴν

2455 5312 2636 5367 αὐτῶν
2667 5311 2760 5363 καὶ
2785 5308 3002 5379 ὀργίλον
3029 5305 3204 5374 φορὰν
3236 5300 3457 5373 ῄνίξατό
3490 5315 3546 5350 τε
3581 5297 3679 5350 καὶ
3723 5297 4028 5364 ὑπέφηνεν.

2456 5407 2519 5458 Εἰ
2548 5404 2604 5456 δέ
2635 5418 2801 5465 τινες,
2838 5401 2990 5468 φησὶ,
3032 5396 3172 5466 μὴ’τε
3226 5390 3619 5452 διδασκαλίαις,
3656 5392 3800 5457 μήτε
3842 5389 4032 5440 xta-.6:-

2459 5502 2623 5561 σίαις,
2662 5498 2796 5567 μήτε
2830 5494 2934 5564 μὴν
2964 5489 3264 5554 ἐπιτιμίοις
3310 5485 3616 5546 κανονικοίς
3655 5481 4031 5551 διορθοῦνται,

2455 5594 2580 5655 τοὺς
2609 5589 2883 5649 τοιούτους
2917 5584 3007 5638 διὰ
3033 5583 3144 5635 τῶν
3176 5577 3317 5633 κατὰ
3344 5576 3542 5640 τόπους
3589 5574 3880 5643 ἀρχόντων
3932 5589 4031 5623 σω-

2459 5682 2808 5755 φρονίζεσθαι
2869 5679 2990 5740 δεῖ,
3063 5668 3634 5740 ὑπομιμνησκομένων
3703 5664 3860 5734 παρὰ,
3928 5662 4029 5712 τῶν

2461 5780 2671 5850 ἱερέων,
2703 5769 2782 5836 οἷς
2814 5769 3122 5826 νουθετοῦσι
3155 5766 3246 5820 καὶ
3276 5764 3450 5834 ἠπίως
3480 5757 3890 5831 θεραπεύουσιν
3938 5757 4030 5806 ob:

2457 5871 2808 5942 ἐπείσθησαν.
2846 5866 2915 5920 Τὸ
2943 5863 2996 5917 δὲ
3033 5861 3120 5916 διὰ
3150 5860 3257 5913 τῶν
3287 5856 3560 5928 ἀρχόντων
3592 5851 3720 5914 τοὺς
3753 5852 4029 5906 ἀτάκτους
