4166 6438
210 457 352 518 105'}
1477 469 1550 525 ΙΝ
1594 469 1756 527 (IAN.
1789 470 1830 526 Χ

1789 470 1830 526 Χ
1870 471 2074 532 Cthti.
2103 476 2211 531 (ΣΡ.
3292 473 3431 536 ἶοὸιϐ

205 591 270 623 co
297 574 643 641 φρονίζεσθαι
674 580 765 629 καὶ
796 579 1218 648 Ξπιστρὲφεσθαι
1252 585 1342 634 καὶ
1372 583 1535 635 πάλαι
1562 585 1772 636 δεικνῦ-
1803 599 1842 653 Α

1803 599 1842 653 Α
1879 597 2094 655 gantur,
2155 603 2248 639 eos
2310 587 2408 641 loci
2466 592 2883 658 magistratuum
2949 603 3114 656 Opi-ra
3178 597 3431 654 t-asttgatt‘l

200 680 358 715 ουσιν
410 665 627 734 ὁρισθὲν
678 667 828 737 παρά
878 671 976 739 τῆς
1025 673 1082 724 ἐν
1123 675 1420 744 Ἀντιοχείᾳ.
1467 676 1684 726 συνόδου
1721 678 1776 728 ἐν

1883 679 2150 743 oportebit
2183 697 2196 730 :
2239 695 2375 744 quos
2403 681 2618 749 quidem
2659 689 2768 733 tota
2798 681 2861 732 de
2901 697 2955 732 re
2995 680 3070 732 illi
3120 683 3436 732 sacerdotes

204 757 446 825 ττέμττῳ
473 759 640 826 αὐτῆς
668 764 868 815 κανόνι.
1887 767 2404 832 commonefacicnt,
2438 771 2640 838 quibus
2694 770 2796 836 ipsi
2832 770 3273 837 praecipientibus
3307 769 3443 820 leui-

200 862 318 913 :gue
352 850 636 901 curatione
693 853 974 906 utentibus
1064 868 1169 906 non
1224 855 1691 924 obtemperat-unt.
1776 856 1848 907 De
1889 859 2252 925 inuuorigeris
2285 875 2446 926 porro
2479 860 2789 913 hominibus
2826 864 3242 926 magistratuum
3279 875 3442 927 opera

202 941 549 1001 mrrigeudis
603 952 657 994 et
710 945 774 998 ad
804 961 991 999 sanam
1033 955 1269 1000 mentem
1331 947 1674 1013 reducendis,
1711 948 1763 1000 id
1801 947 1847 1016 jzl

1801 947 1910 1016 jam
1944 949 2070 1000 olim
2108 953 2173 1000 ab
2206 954 2545 1006 Antiocbena
2580 954 2784 1022 synodo
2812 953 3004 1020 quinto
3071 969 3280 1005 eanom:
3349 951 3441 1004 dc-

205 1034 424 1083 lin'tum
457 1049 577 1088 esse
615 1037 974 1093 demonstrat.

209 1123 437 1174 ΛΡΙΣΤ.
489 1142 506 1174 ι
569 1128 630 1177 Οἱ
690 1128 940 1200 ἱερείς,ἢ
1003 1134 1226 1194 πιστοὺς
1281 1134 1702 1202 ἁμαρτήσαντας
1746 1134 1779 1205 ἦ

287 1237 304 1266 ι
351 1219 610 1282 ἀπίστους
636 1224 997 1294 ἀδικήσαντας
1040 1229 1358 1295 τύπτοντες,
1398 1231 1428 1302 ἢ
1467 1230 1779 1300 αὐτοχειρία

286 1330 302 1358 ι
354 1311 384 1378 ἢ
435 1315 802 1382 ἐπιτάγματι,
866 1320 1362 1390 καθαιρείσθωσαν·
1412 1325 1516 1392 χρὴ
1551 1327 1653 1393 γᾶρ
1703 1325 1781 1378 8:-

287 1423 304 1452 ι
352 1404 707 1470 δασκαὶίαις,
771 1411 1102 1477 νουθεσίαις,
1157 1417 1248 1468 καὶ
1311 1417 1778 1483 ἐκκλησιαστικοίς

283 1516 300 1546 ι
356 1499 649 1567 ἐπιτιμίοις
677 1505 801 1565 τοὺς
840 1507 1104 1571 ἀτάκτους
1149 1510 1537 1576 παιδαγωγεῖν,
1573 1510 1631 1560 οὐ
1670 1511 1777 1577 μά-

284 1608 300 1638 ι
352 1589 523 1655 στιξιν
553 1593 582 1660 ἦ
613 1595 849 1661 πληγαῖς
873 1615 887 1629 ·
923 1599 969 1649 εί
1001 1599 1054 1650 δὲ
1088 1599 1162 1668 μὴ
1191 1600 1529 1662 ὑπακούοιεν,
1564 1601 1649 1653 διὰ
1681 1605 1777 1670 τῆς

286 1700 305 1732 ι
352 1683 488 1752 πρὸς
518 1685 643 1748 τοὺς
689 1686 953 1757 ἄρχοντας
986 1691 1293 1760 ἐγκλήσεως
1326 1691 1518 1752 αὐτοὺς
1561 1709 1776 1762 σωφρο-

281 1793 298 1825 ι
346 1777 527 1841 νίζειν.
575 1797 593 1828 ι

823 1874 1081 1928 ΚΑΝΩΝ.
1126 1877 1179 1928 1’.

1886 1131 2104 1186 ARIS'I.
2144 1153 2161 1183 ι
2202 1134 2526 1187 Sacerdotes
2553 1135 2642 1202 qui
2681 1135 2757 1186 vel
2793 1136 2976 1188 linit-les
3007 1135 3095 1201 qui
3131 1150 3442 1205 perrarout,

1961 1247 1978 1276 ι
2024 1230 2103 1278 vel
2155 1229 2396 1282 inlideles
2428 1230 2516 1296 qui
2565 1229 2758 1295 injuria
2797 1229 3097 1280 alim-erunt
3127 1270 3138 1286 ,
3180 1229 3288 1279 sive
3324 1247 3446 1297 pro-

1958 1337 1975 1368 ι
2015 1322 2126 1385 pria
2175 1334 2358 1378 manu,
2394 1321 2505 1372 sive
2544 1321 2797 1373 mandato
2830 1322 3132 1378 vello-rant,
3169 1325 3447 1385 i'oponau-

1957 1431 1974 1463 ι
2016 1422 2124 1464 tur.
2156 1411 2376 1480 Oportet
2429 1415 2570 1465 enim
2636 1414 2922 1473 doctrinis,
2981 1414 3445 1468 :tdlttOlllltmIlllllS

1954 1525 1971 1556 ι
2009 1517 2057 1559 et
2097 1509 2270 1575 pcenis
2301 1508 2689 1561 ecclesizhticis
2728 1509 3105 1573 immorigeros
3134 1509 3442 1569 instituere,

1957 1615 1974 1647 ι
2022 1613 2124 1649 non
2169 1614 2294 1650 vero
2346 1597 2570 1665 llagc-llis
2615 1606 2666 1650 et
2715 1597 3029 1650 verlmribus
3059 1612 3070 1647 :
3103 1596 3147 1650 si
3201 1598 3440 1649 nondum

1958 1709 1975 1739 ι
2017 1700 2193 1742 autem
2235 1705 2437 1741 morem
2493 1689 2799 1756 gesseiint,
2831 1704 2923 1741 eos
2979 1703 3072 1756 per
3107 1691 3442 1756 provocatio-

1955 1801 1973 1831 ε
2012 1797 2133 1834 nem
2169 1779 2234 1832 ad
2268 1781 2615 1848 magistratus
2646 1781 2932 1847 castigare.
2969 1799 2986 1830 ι

2476 1872 2704 1932 CANON
2751 1871 2814 1926 Χ.

205 1974 223 2006 ι
278 1959 339 2009 Ol
370 1963 481 2022 τοῖς
513 1960 740 2015 πάθευιν
779 1965 1006 2028 ἑαυτοὺς
1040 1967 1287 2031 ἐκδότους
1327 1970 1776 2039 παραστήσαντες
1811 1945 1847 1998 Β

1811 1945 1847 1998 Β
1884 1987 1899 2018 ι
1939 1967 2040 2032 Qui
2075 1967 2285 2035 seipsos
2319 1966 2542 2018 tradunt
2575 1966 2740 2019 animi
2769 1967 3290 2036 perturbationibus,
3331 1982 3436 2020 non

282 2069 298 2101 ι
346 2051 405 2103 οὐ
441 2053 601 2119 μόνον
628 2054 725 2123 τὴν
773 2057 879 2108 ἀπὸ
903 2058 1010 2109 τῶν
1049 2060 1209 2128 ἱερῶν
1239 2063 1476 2115 κανόνων
1506 2062 1775 2132 τιμωρίαν

277 2163 294 2193 ι
345 2145 406 2196 οὐ
439 2147 776 2214 φρίττουσιν,
806 2151 939 2204 ἀλλά
980 2152 1072 2204 καὶ
1110 2153 1289 2206 αὐτῶν
1321 2155 1550 2206 ἐκείνων
1578 2173 1776 2220 autop-

277 2253 296 2286 ι
347 2237 556 2302 χεῖσθαι
615 2241 1003 2312 τετολμήκασι.
1055 2244 1379 2310 Στρεῦλοῦσι
1419 2245 1527 2317 γὰρ
1558 2247 1773 2310 αὐτοὺς,

279 2345 296 2377 ι
348 2329 613 2399 καὶπρὸς
665 2331 724 2383 τὸ
769 2333 1013 2400 ἐμπαθὲς
1060 2335 1238 2388 αὐτῶν
1289 2337 1776 2406 ἀποκιῦδηλεύουσι

342 2419 436 2472 τοῦ
469 2421 792 2491 θελήματος,
822 2425 906 2476 ἵνα
933 2428 995 2494 τῇ
1021 2427 1302 2498 φιλοτιμίᾳ
1327 2428 1427 2496 τῆς
1451 2430 1772 2497 ἐμπαθείας.

350 2513 489 2563 κατὰ
522 2513 614 2564 τὸν
658 2515 916 2582 Θεολὸγον
953 2518 989 2568 Γ
996 2520 1272 2588 ρηγόριον,
1310 2520 1383 2590 μὴ
1423 2523 1580 2588 μόνον
1613 2521 1776 2574 ἀνεύ-

339 2601 496 2653 θυνον
529 2603 711 2666 αὐτοῖς
809 2607 868 2658 τὸ
899 2609 1092 2671 κακὸν,
1129 2609 1265 2662 ἀλλά
1315 2611 1404 2662 καὶ
1438 2611 1602 2680 θεῖον⁴
1623 2611 1776 2680 νομί-

349 2693 515 2756 ζοιτο.
571 2697 674 2748 Τὸν
733 2700 841 2769 γὰρ
899 2702 1253 2754 ἀποστολικὸν
1307 2707 1507 2756 κανόνα
1548 2705 1636 2756 τὸν
1686 2705 1772 2757 λέ-

348 2803 547 2853 γοντα·
586 2790 785 2853 Σκεῦος
830 2793 1131 2865 χρυσοῦνῆ
1186 2797 1464 2866 ἀργυροῦν
1510 2800 1774 2862 ἁγιασθὲν

346 2879 378 2947 ἢ
413 2881 625 2948 ὀθόνην,
666 2884 852 2952 μηδεὶς
888 2887 964 2937 ἔτι
1002 2889 1078 2949 εἰς
1119 2888 1326 2941 οἰκείαν
1354 2890 1541 2958 χρείαν
1586 2909 1775 2958 σφετε-

344 2973 595 3041 ριζέσθω·
653 2978 970 3046 παράνομον
1005 2980 1143 3050 γάρ·
1187 2983 1235 3032 εἰ
1269 2981 1326 3032 δέ
1359 2999 1441 3045 τις
1468 2983 1770 3053 φωραθείη,

336 3064 677 3133 ἐπιτιμάσθω
724 3069 1014 3137 ἀφορισμῴ
1041 3087 1053 3098 ·
1107 3070 1295 3124 τοῦτον
1327 3073 1405 3134 είς
1446 3076 1771 3143 συνηγορίαν

338 3155 444 3209 τῶν
468 3159 684 3211 οἰκείων
715 3163 1201 3231 παρανομημάτων
1231 3165 1679 3234 ἐκλαμϐάνοντες,
1710 3167 1769 3219 οὐ

340 3250 476 3315 φασὶ
521 3251 629 3302 δεῖν
675 3253 1047 3323 καθαιρέσεως
1094 3255 1275 3318 ἀξίους
1318 3257 1596 3326 κρίνεσθαι
1643 3260 1766 3323 τοὺς
1793 3280 1836 3336 c

269 3265 287 3298 ι

271 3361 290 3390 ι
341 3343 438 3410 τὴν
470 3344 774 3414 σεϐασμίαν
813 3349 911 3414 τῆς
945 3348 1104 3411 ἁγίας
1136 3349 1414 3418 τραπέζης
1442 3352 1663 3420 ἐνδυτὴν
1693 3354 1770 3417 είς

268 3454 286 3486 ι
334 3437 533 3490 οἰκεῖον
567 3453 789 3506 χιτωνα,
821 3437 853 3506 ἢ
885 3440 961 3501 εἰς
996 3439 1181 3509 ἕτερόν
1214 3459 1264 3492 τι
1296 3442 1402 3493 τῶν
1431 3443 1652 3512 ἀμφίων
1683 3462 1770 3512 με·

268 3547 284 3579 ι
327 3530 868 3598 τασχηματίζονταςο
918 3533 975 3584 οὐ
1028 3532 1132 3600 μὴν
1184 3534 1299 3586 ἀλλ’
1342 3535 1460 3586 οὐδὲ
1531 3537 1657 3598 τοὺς
1710 3539 1769 3589 τι

265 3637 282 3670 ι
332 3620 488 3688 ἅγιον
522 3624 812 3691 ποτήριον’
844 3621 888 3675 ὣ
915 3623 1011 3692 τῆς
1049 3625 1335 3688 ἀσεϐείαςί
1366 3629 1396 3696 ἦ
1448 3629 1539 3680 τὸν
1576 3631 1768 3682 σεπτὸν

269 3728 288 3760 ι
339 3713 545 3775 δίσκον,
580 3713 612 3782 ἢ
645 3715 710 3766 τὰ
757 3714 966 3778 τούτοις
1013 3717 1370 3786 παραπλήσια
1401 3721 1480 3782 είς
1513 3721 1648 3773 ἰδίαν
1673 3725 1763 3774 ἐκ-

268 3821 288 3854 (
341 3805 700 3866 δαπανῶντας
727 3807 937 3875 χρείαν,
973 3808 1001 3875 ἦ
1043 3811 1527 3879 καταχραίνοντας.
1570 3815 1627 3866 Ὀ
1658 3815 1765 3886 γὰρ

265 3915 283 3948 ι
332 3896 534 3965 κανὼν,
565 3899 716 3966 φασὶ.
739 3901 863 3959 τοὺς
889 3901 968 3960 εἰς
1003 3901 1156 3953 τοῦτο
1178 3904 1601 3972 περιπίπτοντας
1637 3908 1764 3973 ἀφο-

264 4002 283 4033 ι
333 3985 510 4054 ρισμῴ
537 3987 638 4053 μὲν
663 3988 1190 4056 καθυποὸἀλλεσθαι,
1220 3993 1333 4044 ἀλλ’
1363 3995 1422 4046 οὺ
1449 3998 1762 4068 καθαιρέσει

264 4095 285 4127 ε
333 4077 670 4132 ἐδικαίωσεν.
730 4079 889 4132 Ἀλλά
941 4082 1024 4142 τίς
1084 4083 1148 4134 ἂν
1203 4085 1488 4156 ἀνάσχοιτο
1520 4090 1612 4141 τοῦ
1664 4091 1762 4156 τῆς

263 4185 280 4216 ι
326 4167 596 4236 τοσαύτης
643 4172 1066 4240 παραποιήσεως
1120 4175 1212 4225 καὶ
1261 4173 1572 4239 δυσσεϐείας
1603 4180 1762 4248 μεγέ-

263 4281 283 4314 ι
331 4261 486 4327 θους;
524 4263 630 4314 Τοῦ
671 4265 776 4333 γάρ
811 4265 1034 4326 κανόνος
1066 4268 1176 4328 τοῖς
1219 4267 1277 4318 τὸ
1308 4269 1466 4337 μόνον
1503 4272 1760 4338 ἀγιαοθὲν

260 4371 278 4404 ι
328 4354 406 4415 εἰς
435 4355 652 4423 χρῆσιν,
686 4355 798 4407 ἀλλ’
832 4358 931 4408 οὐκ
960 4359 1038 4420 είς
1069 4360 1280 4412 τελείαν
1316 4362 1592 4432 ἁρπαγὴν*
1629 4383 1758 4434 δίεπ’

261 4465 278 4496 ι
326 4447 697 4516 τεριζομένοις
720 4447 810 4499 τὸν
844 4449 1146 4518 ἀφορισμὸν
1176 4453 1583 4524 ἐπιπέμποντος
1606 4497 1619 4518 ,
1663 4461 1759 4510 αὑ-

260 4558 277 4588 ι
334 4540 415 4590 τοὶ
448 4540 541 4591 καί
572 4532 698 4600 τοὺς
740 4540 1194 4610 καθαρπάζοντας
1228 4547 1318 4598 καὶ
1348 4547 1758 4618 ἱεροσυλοῦντας

263 5203 280 5233 1

325 4628 391 4680 τὰ
447 4629 553 4680 τῶν
607 4629 776 4695 ἁγίων
830 4631 993 4699 Ἀγια
1033 4634 1372 4705 ἐλευθεροῦσι
1418 4640 1514 4707 τῆς
1575 4643 1756 4696 καθαι·
1793 4639 1835 4692 D

329 4723 566 4790 ρέσεως“,
620 4724 713 4774 καὶ
767 4723 890 4786 τοὺς
940 4727 1020 4787 είς
1096 4726 1399 4797 βρωμάτων
1457 4733 1757 4802 ὑπηρεσίαν

325 4817 447 4868 ὅσον
472 4832 536 4883 γε
583 4818 646 4884 τῇ
687 4816 777 4884 ὑφ’
808 4818 1017 4870 ἑαυτῶν
1055 4820 1232 4889 κρίσει
1279 4825 1403 4886 τοὺς
1430 4826 1757 4894 σεϐασμίους

330 4906 578 4968 δίσκους,
623 4906 656 4975 ἦ
708 4907 776 4958 τὰ
825 4909 946 4978 ἱερὰ
999 4911 1234 4980 ποτήρια
1289 4917 1756 4983 καταμολύνοντας

324 4998 716 5069 ἀκαθαιρὲτους
759 5001 1075 5066 εἰσάγουσι·
1106 5005 1279 5056 καίτοι
1333 5006 1565 5076 φανεροῦ
1621 5008 1755 5062 καθα

329 5094 618 5159 εστηκότος
681 5094 774 5143 τοῦ
830 5095 1155 5163 μιάσματος,
1205 5100 1296 5150 καὶ
1326 5100 1483 5163 δῆλον
1515 5100 1573 5152 ὃν
1599 5103 1674 5164 ὠς
1705 5105 1754 5154 οἱ

330 5183 396 5234 τὰ
441 5183 667 5235 τοιαῦτα
711 5186 1038 5254 πράττοντες
1077 5189 1137 5240 οὐ
1171 5190 1331 5258 μόνον
1362 5194 1752 5262 καθαιρέσεως,

330 5273 462 5326 ἀ).λέ
501 5276 592 5325 καὶ
615 5275 713 5341 τῆς
740 5276 974 5346 ἐσχάτης
998 5278 1316 5342 δυσσεὸείας
1346 5283 1419 5350 τῷ
1452 5283 1754 5351 ἐγκλήματι

326 5366 735 5433 πείιπίπτουσι.
789 5371 986 5437 Διόπερ
1040 5371 1237 5442 ὥρισεν
1289 5374 1484 5442 ήάγία
1539 5376 1752 5436 σύνοδος

328 5459 450 5517 τοὺς
487 5457 545 5508 ἓν
592 5477 642 5508 τι
691 5461 797 5510 τῶν
842 5464 898 5514 ἐν
927 5462 1003 5530 τῷ
1033 5463 1405 5534 θυσιαστηρίῳ
1449 5468 1607 5534 ἱερῶν
1659 5471 1753 5521 καὶ

324 5546 496 5610 ἁγίων
545 5549 753 5600 σκευῶν
784 5550 815 5616 ἢ
860 5552 1266 5620 ἀμφιασμάτων
1297 5559 1375 5617 είς
1408 5557 1532 5609 ἴδιον
1561 5559 1750 5626 κέρδος

325 5639 781 5706 ὑφαρπάζοντας,
854 5643 884 5710 ἦ
942 5645 1019 5705 είς
1075 5646 1272 5714 χρῆσιν
1325 5650 1750 5717 ἀποχρωμένους

323 5727 554 5797 ἀνίερον,
589 5731 840 5781 παντελεῖ
881 5732 1193 5800 καθαιρέσει
1221 5737 1743 5794 καθυποὸἀ).λεσθαι.

322 5820 394 5870 Τὸ
446 5822 541 5887 μὲν
573 5824 679 5889 γάρ
709 5825 823 5874 ἐστι
870 5824 1195 5892 βεϐηλῶσαι,
1233 5829 1290 5879 τὸ
1335 5829 1387 5881 δὲ
1424 5831 1649 5898 συλῆσαι
1683 5836 1743 5886 τὰ

258 5927 277 5961 ι
317 5910 466 5978 ἀγια.
500 5913 634 5974 Τοὺς
663 5915 845 5980 μέντοι
896 5917 960 5967 τὰ
998 5915 1192 5980 ἔξωθεν
1220 5918 1312 5971 τοῦ
1359 5920 1740 5989 θυσιαστηρίου

1954 2078 1971 2108 ι
2010 2060 2225 2118 solum,
2274 2057 2416 2126 quod
2472 2073 2498 2108 a
2555 2058 2725 2110 sacris
2779 2059 3080 2112 ranonibus
3141 2059 3441 2111 intentatur

1952 2171 1968 2201 σ
2009 2151 2355 2220 supplicium,
2401 2167 2504 2204 non
2541 2151 2764 2204 borrent
2789 2191 2803 2215 ,
2834 2153 2927 2205 sed
2964 2153 3043 2205 eis
3071 2153 3234 2204 etiam
3267 2151 3442 2204 insul-

1952 2264 1968 2294 ι
2011 2253 2122 2297 tare
2154 2242 2270 2296 ausi
2299 2252 2446 2295 sunt.
2475 2242 2627 2310 Ipsos
2653 2243 2796 2296 enim
2823 2252 3095 2311 torqueant,
3116 2252 3168 2295 et
3191 2240 3256 2294 ad
3285 2256 3438 2295 suam

1954 2355 1972 2385 ε
2011 2335 2172 2387 animi
2213 2334 2680 2402 perturbationem
2712 2349 2900 2388 eorum
2939 2349 3157 2402 quoque
3188 2333 3440 2385 volunta-

1957 2447 1973 2478 ι
2017 2435 2122 2479 tem
2173 2427 2481 2480 adulterant
2513 2442 2526 2479 :
2561 2437 2617 2478 ut
2668 2439 2887 2495 propter
2925 2427 3089 2478 animi
3125 2428 3209 2476 sui
3261 2432 3438 2476 motus

1959 2539 1977 2572 ‹
2016 2521 2450 2582 contentionem,
2482 2529 2538 2572 ut
2575 2520 2744 2588 inquit
2779 2519 3073 2588 Gregorius
3098 2516 3436 2582 Theologus,

1953 2631 1969 2662 ι
2011 2629 2115 2667 non
2146 2613 2323 2666 solum
2369 2614 2436 2666 sit
2484 2627 2672 2666 eorum
2724 2611 2923 2664 malum
2960 2610 3288 2664 correctioni
3328 2625 3434 2661 nou

1951 2722 1968 2755 ι
2011 2704 2329 2766 obnoxium,
2365 2704 2456 2757 sed
2503 2704 2750 2756 divinant
2791 2719 3010 2772 quoque
3065 2703 3435 2756 existimetur.

1949 2819 1966 2848 ι
2011 2799 2381 2867 Apostolicum
2439 2801 2584 2850 enim
2638 2811 2943 2859 t-anonem,
2992 2796 3083 2864 qui
3132 2795 3438 2848 dicit:Vas

1949 2909 1965 2938 ι
2008 2904 2233 2941 aureum
2260 2889 2343 2941 vel
2363 2897 2675 2958 argenteum
2708 2887 3130 2949 sanctiﬁcatum,
3152 2886 3235 2938 vel
3256 2885 3432 2937 velum

1948 2999 1965 3032 ι
2010 2981 2231 3043 lineum,
2266 2997 2424 3034 neruo
2450 2981 2671 3050 postbac
2706 2983 2756 3032 in
2783 2996 2941 3034 suum
2977 2993 3134 3032 usum
3164 2977 3430 3045 accipiat;

1951 3092 1968 3124 ι
2007 3080 2088 3126 est
2123 3075 2264 3125 enim
2317 3082 2511 3142 praeter
2563 3073 2743 3141 leges:
2779 3074 2820 3124 si
2857 3072 2980 3139 quis
3029 3081 3209 3125 autem
3240 3070 3435 3138 depre-

1947 3185 1965 3218 ι
2011 3167 2212 3220 hensus
2245 3165 2425 3227 fuerit,
2451 3168 2823 3235 segregatione
2852 3166 3144 3228 multetur;
3176 3179 3299 3219 eum
3365 3161 3431 3214 ad

1946 3277 1964 3309 ι
2007 3274 2228 3312 suorum
2256 3259 2576 3311 delictorum
2620 3259 2994 3327 patrocinium
3056 3265 3426 3316 assumentes,

1947 3371 1965 3403 ι
2002 3353 2190 3406 dicunt
2221 3367 2314 3406 eos
2364 3367 2469 3403 non
2513 3360 2765 3420 oportere
2813 3350 3047 3417 judicari
3092 3348 3432 3416 depositione

1946 3459 1963 3490 ι
2004 3441 2217 3510 dignos,
2252 3441 2344 3509 qui
2387 3441 2751 3493 venerandum
2803 3450 3007 3493 sanctae
3047 3453 3249 3490 mensae
3281 3437 3434 3488 indu-

1945 3553 1963 3584 ι
2006 3545 2242 3586 mentum
2293 3535 2345 3586 in
2396 3535 2666 3603 propriam
2703 3533 2978 3592 tunicam,
3008 3530 3088 3583 vel
3122 3531 3173 3582 in
3211 3527 3429 3596 aliquod

1946 3644 1962 3676 ι
2005 3625 2146 3678 aliud
2201 3627 2582 3679 vestimentum
2651 3623 3041 3677 transformant
3077 3640 3088 3673 :
3121 3622 3216 3676 sed
3251 3636 3429 3689 neque

1942 3736 1959 3767 ι
1998 3733 2090 3770 eos
2123 3718 2215 3786 qui
2249 3727 2498 3772 sanctum
2557 3716 2806 3776 calicem,
2863 3733 2895 3767 ι)
2947 3715 3310 3784 impietatem!
3349 3714 3430 3765 vel

1945 3825 1961 3857 ι
2002 3807 2363 3860 venerabilem
2387 3807 2622 3870 discum,
2657 3807 2740 3858 vel
2770 3823 2832 3859 ea
2865 3821 2985 3874 qua:
3013 3815 3142 3858 sunt
3179 3805 3245 3858 iis
3276 3805 3428 3857 simi-

1943 3920 1958 3950 ι
2001 3900 2092 3964 lia,
2120 3902 2170 3952 in
2209 3901 2486 3969 prOprimn
2512 3915 2666 3952 usum
2694 3899 3003 3961 insumunt,
3040 3899 3123 3950 vel
3154 3897 3424 3966 polluunt.

1949 4013 1963 4042 ι
2008 3992 2192 4045 Canou
2221 3993 2391 4055 enim,
2425 3991 2697 4057 inquiunt,
2757 4005 2852 4043 cos
2889 3996 2982 4058 qui
3036 3991 3087 4042 in
3153 3991 3254 4043 boc
3292 3988 3427 4042 inci-

1940 4105 1958 4137 ι
1998 4087 2151 4146 dunt,
2181 4100 2300 4138 esse
2332 4086 2688 4153 segregatioui
2715 4125 2727 4146 ,
2764 4100 2871 4137 non
2907 4083 3261 4153 depositioni,
3293 4083 3427 4137 sub-

1936 4197 1952 4227 ι
1985 4175 2252 4245 Ῑίυἰυηιιοε
2281 4191 2496 4244 αξηυιιιιι
2531 4175 2766 4228 censuit.
2795 4175 2899 4228 Sed
2931 4176 3055 4244 quis
3083 4183 3249 4227 tantas
3301 4190 3425 4242 per-

1939 4289 1954 4320 ι
1994 4269 2268 4323 versitatis
2311 4278 2364 4321 et
2417 4269 2713 4336 impietatis
2777 4268 3201 4338 nagnitudinem
3252 4267 3426 4320 lerat?

1935 4380 1953 4414 ι
1988 4361 2122 4421 Cum
2150 4361 2291 4415 enim
2323 4377 2498 4415 canon
2529 4377 2646 4425 eos,
2675 4362 2767 4429 qui
2799 4402 2812 4420 .
2847 4363 2988 4427 quod
3023 4363 3425 4415 sanctiﬁcatum

1939 4473 1956 4504 ι
1994 4464 2100 4516 est,
2128 4453 2193 4506 ad
2229 4471 2384 4506 usum
2414 4454 2611 4514 solum,
2667 4463 2720 4507 cl.
2764 4469 2871 4507 non
2905 4455 2969 4507 ad
3007 4452 3302 4523 perfectam
3334 4469 3425 4505 ra-

1939 4567 1955 4596 (
1995 4548 2173 4616 pinam
2207 4547 2310 4600 sibi
2351 4547 2662 4611 vindicant,
2697 4546 3058 4616 segregationi
3121 4545 3421 4612 subjiciat:

1941 4658 1958 4689 ι
2001 4639 2100 4706 ipsi
2152 4654 2266 4701 eos,
2316 4639 2406 4706 qui
2463 4636 2663 4692 Sancta
2713 4649 3025 4692 sanctorum
3075 4639 3326 4708 rapiunt,
3369 4647 3424 4692 et

1937 4750 1955 4783 ι
2000 4731 2291 4800 Sacrilegis-
2331 4730 2582 4784 manibus
2621 4729 2909 4792 auferunt,
2965 4730 3305 4799 depositione
3379 4730 3422 4782 i-

1935 4842 1953 4874 ι
1997 4823 2221 4887 berant;
2256 4833 2309 4876 et
2338 4838 2431 4876 eos
2456 4863 2470 4882 .
2513 4824 2601 4891 qui
2637 4823 2702 4875 ad
2740 4822 2985 4877 ciborum
3033 4823 3421 4888 ministerium,

1934 4937 1951 4966 ι
1995 4932 2096 4969 suo
2123 4917 2342 4985 quidem
2371 4925 2517 4969 certe
2558 4917 2767 4984 judicio
2822 4915 3165 4970 venerabiles
3212 4917 3418 4980 discos,

1933 5032 1952 5058 ς
1995 5018 2086 5060 aut
2117 5024 2308 5062 sacros
2335 5009 2530 5062 calices
2568 5009 2873 5078 inquinant,
2926 5023 3033 5062 non
3065 5008 3419 5078 deponendos

1936 5120 1952 5152 ι
1999 5101 2297 5164 inducunt,
2341 5103 2591 5169 quamvis
2629 5102 2698 5154 sit
2741 5111 2988 5168 apertum
3025 5101 3336 5170 piaculum;
3366 5109 3421 5154 et

1937 5211 1956 5242 ι
2000 5193 2207 5246 clarum
2239 5203 2345 5255 est,
2377 5193 2519 5261 quod
2553 5194 2644 5260 qui
2680 5194 2792 5247 haec
2845 5193 3069 5254 iaciunt,
3102 5208 3207 5246 non
3241 5193 3414 5246 solum

1933 5303 1949 5333 ‹
1995 5284 2048 5335 in
2087 5283 2500 5352 depositionem,
2539 5283 2631 5336 sed
2669 5284 2722 5335 in
2747 5295 3001 5336 extremae
3029 5283 3188 5335 etiam
3222 5284 3415 5350 impie-

1931 5395 1947 5426 ι
1991 5377 2115 5429 tatis
2143 5376 2348 5430 crimen
2396 5376 2665 5431 incidunt.
2716 5376 2777 5429 Et
2817 5376 2936 5429 ideo
2994 5379 3183 5429 statuit
3226 5386 3413 5427 sancta

1937 5489 1951 5518 ι
1998 5471 2262 5539 synodus,
2299 5484 2417 5531 eos,
2463 5469 2550 5537 qui
2595 5485 2759 5521 unum
2794 5467 3009 5537 aliquod
3058 5482 3335 5520 sacrorum
3359 5477 3411 5520 et

1932 5582 1951 5612 ι
1992 5572 2302 5614 sanctorum
2355 5563 2406 5613 in
2446 5562 2603 5613 altari
2637 5576 2886 5614 vasorum
2938 5560 3016 5612 vel
3064 5559 3413 5611 vestimento-

1930 5675 1946 5705 ι
1991 5670 2108 5708 rum
2146 5654 2210 5705 ad
2247 5653 2524 5724 proprium
2559 5668 2718 5707 usum
2750 5654 2986 5722 rapiunt,
3023 5650 3102 5704 vel
3130 5650 3194 5703 ad
3227 5652 3410 5720 prola-

1925 5763 1944 5796 ι
1989 5761 2117 5796 num
2167 5761 2324 5796 usum
2363 5751 2728 5806 convertunt,
2778 5743 3037 5796 absolutae
3084 5742 3409 5811 depositioni

1926 5853 1944 5884 ι
1985 5833 2202 5900 subjici.
2249 5832 2362 5886 Hoc
2404 5834 2543 5887 enim
2596 5844 2680 5886 est
2731 5833 3054 5900 profanare:
3100 5833 3229 5886 illud
3279 5850 3406 5885 Vero

1929 5947 1945 5978 ι
1991 5927 2274 5991 subripere
2319 5941 2495 5982 saera.
2530 5924 2636 5980 Eos
2669 5925 2889 5994 quidem
2941 5935 3086 5980 certe
3109 5966 3123 5983 .
3157 5927 3246 5984 qui
3282 5939 3408 5978 vasa
