4166 6438
853 538 871 568 1
911 531 1083 584 eaque
1130 515 1289 581 longe
1335 513 1614 567 verissima
1645 550 1659 574 ,
1693 510 1906 565 duobus
1943 510 2184 564 donn‘nis
2221 523 2339 562 ser-
2369 517 2419 564 Λ

852 631 870 660 1
911 611 1042 662 vire.
1086 626 1106 658 ι

847 701 1040 754 BALS.
1070 700 1316 752 Praesens
1341 713 1515 751 canon
1546 697 1832 766 praedictos
1851 709 2111 756 canones,
2138 693 2230 762 qui
2259 708 2348 746 ca-

783 805 910 858 vent
944 810 1008 846 ne
1047 791 1361 845 sacerdotes
1389 778 1812 856 magistratuum
1841 797 2065 838 munera
2091 785 2345 843 subeant,

774 889 1130 944 confirmans.
1168 883 1377 948 adjicit.
1413 893 1470 934 ut
1514 895 1620 932 non
1663 879 1837 933 solum
1873 877 1966 946 qui
2000 886 2128 929 sunt
2161 873 2339 928 sancti

775 976 1086 1035 tribunalis,
1110 974 1201 1026 sed
1238 974 1404 1024 etiam
1441 970 1625 1023 clerici
1674 969 1764 1034 qui
1807 977 1957 1020 extra
1989 976 2136 1038 sunt,
2165 966 2208 1016 si
2240 966 2348 1017 tale

774 1071 902 1136 quid
946 1069 1167 1128 faciant,
1201 1082 1234 1119 e
1273 1065 1420 1116 clero
1457 1063 1824 1130 expcllantur.
1858 1059 2128 1125 Quoniam
2161 1066 2344 1110 autem

777 1165 825 1214 in
899 1176 1104 1215 canone
1159 1159 1452 1226 apostolico
1481 1158 1512 1210 6
1545 1168 1596 1208 et
1624 1157 1676 1207 in
1710 1154 1769 1206 8l
1827 1163 1878 1205 et
1935 1153 1985 1204 in
2019 1151 2138 1203 aliis
2178 1163 2344 1203 cano-

777 1256 954 1314 nibus,
1002 1252 1132 1320 quin
1167 1251 1405 1304 etiamin
1435 1263 1553 1315 cap.
1588 1246 1654 1298 15
1679 1250 1766 1298 tit.
1793 1244 1824 1297 8
1857 1243 2137 1312 praesontis
2164 1241 2346 1306 operis

774 1347 906 1397 satis
939 1348 1002 1398 de
1024 1341 1102 1396 'eo
1131 1343 1480 1411 scripsimus,
1534 1341 1648 1407 lege
1687 1353 1750 1391 ea
1778 1377 1793 1400 ,
1843 1347 1900 1390 et
1959 1332 2231 1389 sufficient
2281 1333 2346 1385 ad

773 1440 1293 1508 interpretationem.

843 1700 1092 1756 ZONAB.
1132 1699 1335 1769 Magna:
1379 1699 1784 1754 venerabilibus
1828 1698 2091 1768 apostolis
2131 1713 2197 1753 ac
2249 1714 2341 1768 sy-

2009 401 2108 459 TH
2120 400 2286 458 EOD.
2338 399 2424 455 BA
2439 400 2651 458 LSAW
2663 401 2733 457 )N

3879 400 4000 462 10ῧο

2520 527 2538 558 ‹
2579 510 2714 562 Θεοῦ
2762 509 2920 578 ἡμῶν
2974 509 3230 570 ἀληθινοῦ
3289 509 3608 565 αὖτόλεκτον
3660 511 3754 562 καὶ
3796 509 4013 576 Mys-J6:-

2527 621 2543 651 1
2587 602 2787 671 στάτην
2816 601 3017 670 φωνὴν.
3044 602 3163 652 δυσὶ
3198 601 3408 670 κυρίοις
3434 601 3733 653 δουλεύειν.
3775 619 3796 651 ι

2525 692 2719 743 ΒΑΛΣ.
2788 692 2846 742 ’0
2907 692 3122 760 παρὼν·
3160 690 3374 752 κανὼν,
3443 691 3836 759 ἐπικρατύνων
3906 694 4020 746 tot:

2451 782 2982 854 προεκφωνηθέντας
3028 783 3259 845 κανόνας
3306 782 3465 851 χάριν
3516 783 3606 837 τοῦ
3639 784 3723 852 μὴ
3785 785 4020 851 ἐνεργεῖν

2449 876 2575 936 τοὺς
2634 875 2963 942 ἱερωμένους
3011 878 3304 942 κοσμικαῖς
3350 875 3633 946 δουλείαις,
3697 876 4020 945 προστίθησι

2451 963 2526 1031 μὴ
2567 962 2729 1030 μόνον
2764 965 2887 1024 τοὺς
2915 963 3067 1024 ἐντὸς
3098 962 3192 1014 τοῦ
3230 964 3386 1028 ἁγίου
3421 945 3696 1032 βήματος,
3940 972 4018 1018 και

2448 1056 2573 1117 τοὺς
2619 1055 2773 1116 ὲκτδς
2824 1054 2992 1107 αὑτοῦ
3038 1055 3336 1124 κληρικοὺς
3380 1052 3618 1118 τοιοῦτόν
3651 1075 3705 1109 τι
3739 1055 4019 1117 ποιοῦντας

2449 1150 2512 1201 ἐκ
2541 1149 2634 1200 τοῦ
2669 1149 2869 1218 κλήρου
2891 1134 3201 1201 διώκεσθαι.
3242 1147 3396 1200 Ἐπεὶ
3415 1147 3470 1198 δὲ
3493 1151 3549 1199 ὲν
3579 1147 3656 1214 τῷ
3686 1153 3743 1209 ς’
3790 1149 4018 1199 ἀποστο-

2447 1241 2584 1310 λικῷ
2616 1242 2802 1293 κανόνι
2834 1241 2927 1293 καὶ
2963 1243 3019 1293 ὲν
3050 1241 3129 1311 τῷ
3185 1247 3275 1294 πα¹
3311 1242 3402 1292 ul.
3451 1242 3509 1291 ἐν
3533 1240 3748 1308 ἑτέροις
3780 1238 4017 1291 κανόσιν.

2446 1333 2581 1385 ἀλλὰ
2616 1334 2720 1402 μὴν
2756 1335 2848 1384 καὶ
2897 1336 2954 1384 ὲν
2986 1332 3061 1401 τῷ
3100 1331 3167 1400 ιγ’
3219 1352 3345 1399 κεφ.
3405 1334 3497 1386 τοῦ
3570 1341 3617 1403 η’
3699 1333 3894 1386 τίτλου
3939 1335 4018 1385 τοῦ

2447 1425 2715 1491 παρόντος
2753 1426 3135 1492 συντάγματος
3182 1426 3383 1486 ίκανῶς
3436 1427 3563 1493 περὶ
3605 1425 3806 1476 τούτου
3866 1427 4018 1490 ἐγρα-

2444 1512 2652 1582 ψαμεν,
2690 1514 2967 1580 ἀνάγνωθι
3003 1515 3198 1572 ταῦτα.
3231 1518 3326 1566 καὶ
3373 1518 3703 1578 ἀρκέσουσιν
3735 1517 3817 1576 εἰς
3854 1516 4022 1582 ἑρμη-

2447 1606 2614 1657 νείαν.

2517 1680 2762 1754 ΖΩΝΔΡ.
2817 1695 3023 1766 Πολλὴν
3075 1697 3255 1749 ἔθεντο
3313 1698 3546 1767 σπουδὴν
3589 1703 3684 1750 καὶ
3733 1701 3782 1749 οί
3839 1704 4020 1749 σεπτοι

773 1797 980 1848 nodicis
1011 1794 1262 1847 Patribns
1298 1808 1444 1847 cura:
1482 1793 1602 1854 fuit,
1637 1801 1694 1843 ut
1726 1794 1898 1846 sacris
1924 1793 2122 1845 initiati
2163 1808 2191 1845 a
2221 1808 2344 1862 pro-

2445 1787 2732 1841 ἀπόστολοι
2764 1790 2857 1840 καὶ
2910 1791 2960 1841 οἱ
3011 1790 3121 1842 τῶν
3151 1790 3382 1842 συνόδων
3412 1791 3656 1858 Πατέρες
3698 1793 3828 1851 τοὺς
3868 1792 4019 1857 ἱερωο

775 1886 911 1939 fanis
939 1885 1366 1953 magistratibus,
1393 1891 1555 1952 atque
1587 1883 1652 1935 ab
1675 1884 1818 1937 bmni
1861 1883 2201 1950 negotiorum
2231 1896 2342 1938 tra-

2448 1880 2640 1947 μένους
2698 1880 2971 1948 κοσμικὰς
3027 1881 3272 1954 ἀρχὰςῆ
3328 1881 3620 1949 διοικήσεις
3672 1882 4018 1948 πραγμάτων

770 1982 1026 2039 ctatione,
1064 1979 1277 2042 penitus
1307 1976 1686 2038 abstinerent,
1727 1975 1989 2041 multique
2020 1975 2120 2027 hac
2167 1977 2233 2026 de
2285 1991 2342 2028 re

769 2085 1011 2124 canentes
1046 2070 1176 2122 editi
1215 2078 1376 2127 sunt;
1425 2082 1562 2135 quos
1596 2067 1814 2134 quidem
1851 2068 1953 2119 hoc
2003 2049 2121 2120 loco
2152 2067 2342 2121 Patres

770 2162 931 2229 lmjns
973 2161 1203 2214 canonis
1240 2161 1459 2214 decreto
1494 2162 1840 2221 conlirmant,
1887 2176 1950 2213 ac
2009 2161 2212 2230 aliquid
2253 2162 2331 2213 in-

767 2271 932 2322 super
965 2254 1031 2306 ad
1080 2269 1144 2306 ea
1167 2294 1181 2316 ,
1228 2271 1348 2320 qua:
1397 2254 1465 2305 ab
1503 2253 1605 2305 illis
1636 2267 1794 2305 antea
1827 2252 2047 2324 deﬁnita
2081 2253 2336 2318 fuerant,

767 2349 1084 2414 ailjn-ngnnt.
1115 2346 1390 2414 Siquidem
1444 2346 1521 2397 illi
1571 2361 1808 2396 canones
1841 2347 1909 2398 de
1962 2346 2337 2418 Sacerdotibus

765 2452 818 2491 et
849 2439 1092 2490 dial-onis
1127 2439 1558 2505 promulgavere,
1612 2452 1845 2504 quorum
1902 2438 2119 2492 decreto
2169 2441 2338 2503 magi-

765 2543 972 2585 stratus
1007 2539 1060 2582 et
1087 2530 1313 2597 profana
1373 2532 1585 2597 negotia
1641 2527 1918 2592 suscipere
1970 2539 2282 2582 veterentnr
2320 2549 2333 2584 :

767 2622 818 2674 lii
852 2637 979 2674 vero
1007 2620 1135 2673 nulli
1174 2620 1398 2673 omnino
1433 2620 1634 2672 clerico
1666 2618 1923 2686 profanos
1963 2620 2334 2688 magistratus,

765 2721 855 2764 aut
887 2727 1008 2780 quae
1043 2712 1094 2764 in
1134 2711 1550 2778 magistratuum
1585 2708 1840 2762 domibus
1870 2699 1962 2760 aut
1992 2709 2134 2778 agris
2176 2717 2335 2764 cura-

765 2807 942 2857 tiones
991 2780 1430 2870 appellabantur:
1483 2801 1814 2868 suscipiendi
1869 2800 2178 2855 facultatem
2215 2819 2336 2858 esse

764 2896 1089 2948 decernunt.
1119 2893 1220 2957 Qui
1258 2907 1386 2945 vero
1416 2891 1612 2944 canoni
1648 2905 1757 2942 non
1795 2892 2290 2968 obtemperaverint
2315 2931 2333 2957 ,

763 3002 859 3041 eos
889 2989 1033 3039 clero
1063 2986 1265 3038 moveri
1303 2985 1514 3052 iubent.
1557 2980 1726 3035 Nemo
1765 2983 1964 3035 etenim
1995 2992 2213 3050 potest,
2247 2983 2332 3036 in-

765 3079 981 3145 quiunt,
1037 3076 1249 3129 duobus
1305 3075 1540 3127 dominis
1589 3072 1816 3135 servire,
1876 3073 2363 3141 quemadmodum,

768 3168 937 3235 ipsius
974 3165 1186 3219 Domini
1222 3180 1353 3218 voce
1387 3173 1638 3217 testatum
1676 3170 1781 3215 est.

2364 3189 2406 3246 ϐ

762 3257 992 3311 ARIST.
1023 3275 1040 3307 1
1084 3257 1140 3309 Si
1186 3256 1310 3324 quis
1342 3271 1555 3317 eorum,
1619 3255 1792 3323 quiin
1838 3254 2040 3307 clerum
2084 3266 2344 3324 cooptan-

844 3368 863 3400 1
903 3362 1010 3413 tur,
1034 3349 1320 3402 saeculares
1350 3349 1703 3416 magistratus
1723 3346 2023 3415 susceperit
2044 3349 2123 3400 vel
2146 3364 2265 3418 quae
2287 3336 2344 3404 inf

836 3463 854 3494 1
900 3442 1106 3496 aedibus
1145 3450 1238 3494 aut
1267 3440 1542 3494 subnrbiis
1573 3421 1704 3492 fiunt
1726 3442 2057 3501 curationes,
2077 3441 2226 3496 clero
2250 3458 2343 3496 ex-

837 3553 858 3588 1
901 3535 1152 3604 pellatur.
1189 3531 1360 3586 Nemo
1391 3531 1534 3584 enim
1563 3530 1673 3584 Deo
1694 3537 1745 3582 et
1782 3544 2108 3584 mammona:
2137 3514 2341 3588 servire

845 3645 863 3678 1
904 3637 1104 3695 potest.
1146 3643 1162 3674 ι

1350 3732 1576 3788 CANON
1635 3732 1749 3787 XII.

771 3849 791 3884 1
830 3831 962 3885 Cum
999 3835 1188 3883 sancta
1225 3837 1278 3881 et
1311 3827 1641 3880 universalis
1672 3838 1827 3882 sexta
1887 3827 2152 3897 synodus.
2179 3827 2340 3881 cleri-

847 3942 866 3974 1
909 3936 1026 3984 cos,
1065 3921 1156 3988 qui
1193 3920 1244 3972 in
1277 3919 1558 3981 oratoriis,
1586 3933 1706 3986 quae
1745 3925 1875 3972 sunt
1909 3918 2052 3970 intra
2093 3920 2334 3983 domum,
2417 3930 2420 3939 '

841 4034 862 4067 1
905 4024 1097 4082 praeter
1127 4012 1368 4082 episcopi
1421 4011 1761 4064 voluntatem
1810 4010 2088 4065 celebrant
2119 4013 2203 4065 vel
2253 4011 2341 4065 ba-

847 4126 864 4157 1
903 4107 1130 4176 plizant,
1154 4104 1476 4172 depositioni
1501 4104 1788 4176 subjiciat;
1820 4119 1920 4158 nos
1951 4118 2169 4171 quoque
2196 4103 2336 4158 idem

845 4219 860 4250 1
904 4199 1272 4252 decernimus.
1324 4195 1457 4248 Cotti
1491 4175 1633 4249 enim
1672 4206 1862 4248 sancta
1895 4193 2136 4250 Ecclesia
2194 4203 2340 4250 recte

844 4310 862 4342 1
905 4291 1215 4356 dispertiat,
1289 4303 1587 4357 veramque
1644 4291 1912 4342 rationem
1959 4289 2233 4352 defendat,
2284 4297 2339 4340 et

847 4404 864 4434 1
905 4383 1264 4437 venerabilem
1308 4396 1372 4434 ac
1423 4380 1708 4433 honestam
1765 4381 1920 4434 bona:
1976 4380 2338 4434 institutionis

846 4495 863 4528 1
907 4477 1134 4530 formam
1174 4476 1369 4527 doceat
1393 4485 1447 4528 et
1481 4482 1794 4536 conservet,
1832 4473 2226 4528 inconcinnum
2251 4482 2336 4528 est

845 4587 864 4618 1
907 4578 960 4621 et
1000 4567 1270 4634 ineptum,
1312 4574 1373 4618 ut
1407 4567 1497 4632 qui
1529 4565 1580 4617 in
1617 4564 1910 4633 petulantia
1951 4573 2005 4618 et
2045 4564 2334 4618 insolentia
2370 4536 2412 4590 θ

845 4681 862 4710 1
906 4675 969 4713 ac
1027 4661 1080 4712 in
1132 4658 1497 4711 inobedientia
1554 4658 1716 4710 vitam
1773 4666 1962 4724 agunt,
1991 4657 2182 4716 domos
2215 4657 2340 4710 sub-
2393 4680 2399 4690 -

843 4770 860 4802 1
905 4762 1111 4813 euntes,
1172 4751 1373 4804 bonum
1444 4749 1563 4816 ejus
1620 4749 1864 4802 ordinem
1918 4748 2243 4811 convellant,
2285 4756 2339 4801 et
2392 4803 2397 4808 ,

841 4864 859 4895 1
897 4845 1062 4897 multa
1097 4843 1504 4910 perturbatione
1542 4850 1597 4894 et
1627 4840 2022 4896 offensionibus
2051 4842 2331 4912 impleant.
2420 4869 2422 4871 -

842 4956 859 4986 1
903 4935 969 4987 Et
1005 4934 1124 4987 ideo
1152 4931 1312 4986 ‘sacra
1361 4947 1507 4985 nunc
1539 4941 1593 4983 et
1623 4929 1886 4983 divinitus
1936 4940 2125 4983 coacta
2171 4943 2339 4999 syno-

843 5047 861 5079 1
888 5029 1026 5088 'dns,
1059 5025 1349 5079 universali
1375 5035 1546 5078 sextae
1576 5022 1785 5093 synodo
1808 5023 2180 5086 consentiens,
2211 5036 2336 5084 eos,

842 5141 858 5172 1
903 5123 994 5190 qui
1040 5123 1091 5174 in
1126 5118 1384 5172 oratoriis
1413 5163 1426 5182 ,
1465 5132 1586 5185 quae
1622 5125 1749 5169 sunt
1782 5115 1925 5168 intra
1957 5114 2168 5176 domos,
2199 5116 2341 5170 cele-

843 5236 860 5262 σ
899 5219 1077 5276 brant,
1113 5215 1258 5268 clero
1302 5220 1516 5266 amotos
1563 5226 1686 5265 esse
1726 5210 1957 5275 statuit;
1995 5224 2022 5260 a
2080 5209 2223 5262 clero
2254 5208 2338 5260 vi-

843 5327 860 5357 1
903 5308 1099 5360 delicet
1130 5306 1408 5358 amotione
1435 5305 1519 5356 eis
1548 5301 1616 5355 ab
1648 5302 1770 5369 ejus
1807 5301 1908 5354 loci
1946 5299 2186 5369 episcopi
2220 5297 2338 5352 edi-

841 5421 858 5450 1
907 5410 1014 5452 eta.
1056 5398 1112 5452 Si
1150 5400 1242 5465 qui
1295 5407 1472 5449 autem
1517 5404 1711 5458 ιιι-αξιοι
1751 5408 1863 5452 eos,
1928 5408 2035 5446 non
2089 5407 2340 5446 consen-

845 5512 859 5543 t
911 5496 1076 5545 tiente
1118 5491 1375 5559 episcopo
1402 5531 1414 5548 ,
1449 5486 1611 5557 352
1643 5488 1694 5538 in
1726 5487 1918 5539 domos
1949 5486 2216 5538 irruentes
2251 5499 2340 5538 ce-

841 5606 857 5633 1
903 5581 1216 5636 lebrationis
1273 5579 1630 5632 ministerium
1694 5577 1959 5644 attingere
2001 5575 2268 5636 audeant;
2305 5575 2338 5627 ii

839 5691 855 5720 1
898 5673 1117 5740 quidem
1155 5670 1498 5740 deponantur
1532 5685 1547 5721 :
1576 5668 1665 5738 qui
1707 5683 1835 5722 vero
1863 5683 2052 5722 eorum
2094 5681 2339 5719 commu-

838 5785 856 5815 ο
898 5768 1077 5818 nionis
1104 5775 1233 5819 sunt
1286 5764 1596 5833 participes,
1622 5759 1989 5831 segregationi
2043 5757 2309 5828 subjician

843 5877 862 5907 ι
910 5870 1010 5911 lttr.
1053 5875 1071 5908 ι

2446 1968 2522 2036 μὴ
2557 1969 2932 2038 ἀναδέχεσθαι.
2959 1972 3067 2023 Καὶ
3099 1972 3344 2040 διάφοροι
3390 1974 3609 2034 κανόνες
3648 1975 3777 2040 περὶ
3828 1972 4019 2024 τούτου

2442 2059 2884 2130 ἑξεφωνήθησαν,
2918 2062 3011 2123 οὓς
3037 2063 3086 2114 oi
3117 2064 3361 2133 Πατέρε;
3398 2059 3542 2116 οὗτοι
3565 2064 3654 2116 διὰ
3678 2064 3768 2114 τοῦ
3808 2067 4018 2131 παρόν-

2439 2171 2531 2216 τος
2593 2158 2818 2218 κανόνος
2874 2159 3324 2225 ἐπικρατύνουσι,
3386 2158 3768 2224 προστιθέντες
3819 2159 3918 2210 καί
3967 2177 4020 2208 τι

2441 2247 2605 2298 πλέον
2642 2247 2794 2316 παρὰ
2826 2248 2893 2299 τὰ
2943 2249 3172 2308 ἐκείνοις
3223 2251 3581 2318 διωρισμέναἸ
3638 2251 3700 2301 Οἱ
3749 2250 3855 2317 μὲν
3909 2252 4019 2318 γὰρ

2442 2338 2569 2404 περὶ
2615 2337 2804 2407 ίερέων
2853 2338 2949 2390 καὶ
2985 2338 3247 2389 διακόνων
3296 2339 3424 2398 τοὺς
3480 2339 3709 2398 κανόνας
3740 2341 4019 2404 ἐξέθεντο.

2439 2435 2747 2496 κωλύοντας
2775 2435 2970 2499 αὐτοὺς
2991 2435 3164 2505 ἀρχὰς
3193 2435 3286 2487 καὶ
3315 2421 3613 2504 φροντίδας
3652 2437 4019 2504 ἀναδέχεσθαι

2439 2527 2735 2594 κοσμικὰς*
2766 2521 2912 2579 οὗτοι
2948 2528 3003 2579 δὲ
3044 2532 3228 2579 ’πάντα
3253 2529 3514 2596 κληρικὸν
3561 2530 3892 2599 διορίζονται
3940 2533 4019 2600 μὴ

2441 2618 2927 2688 μεταχειρίζεσθαι
2955 2619 3226 2686 κοσμικὰς
3272 2619 3538 2690 ἀρχὰς,ἧ
3581 2621 3677 2681 τὰς
3731 2623 3790 2670 ἐν
3849 2622 4019 2681 οἴκοις

2436 2712 2779 2779 ἁρχοντικοῖς
2829 2710 2922 2762 καὶ
2978 2713 3165 2778 ἀγροῖς
3193 2695 3535 2780 καλουμένας
3581 2717 4019 2782 κουρατωρείας.

2439 2803 2578 2863 Τοὺς
2604 2802 2660 2853 δὲ
2702 2804 2793 2853 τὸν
2829 2803 3028 2855 κανόνα
3064 2803 3502 2872 παραϐαίνοντας
3533 2805 3904 2857 ἑκδιώκεσθαι
3932 2808 4019 2858 τοῦ

2439 2893 2643 2963 κλήρου
2678 2893 3010 2946 κελεύουσιν.
3055 2893 3242 2955 Οὐδεὶς
3271 2895 3380 2961 γὰρ
3408 2894 3649 2959 δύναται,
3711 2899 3877 2973 φασὶ,
3909 2899 4024 2950 δυσὶ

2439 2983 2646 3054 κυρίοις
2669 2985 2962 3048 δουλεύειν,
2995 2984 3132 3036 κατά
3157 2985 3254 3054 τὴν
3280 2986 3410 3054 παρ’
3431 2987 3594 3038 αὑτοῦ
3614 2986 3910 3067 λεχθεῖσαν
3935 2990 4022 3040 τοὺ

2437 3075 2641 3145 Κυρίου
2677 3080 2885 3147 φωνήν.

2445 3256 2665 3311 ΔΡΙΣΤ.
2724 3277 2743 3308 1
2783 3259 2850 3311 Εί
2880 3277 2963 3324 τις
2990 3262 3098 3314 τῶν
3125 3264 3184 3315 ὲν
3210 3261 3399 3334 κλήρῳ
3433 3265 3882 3336 κατειλεγμένων
3937 3290 4024 3323 κο-

2523 3367 2542 3400 1
2583 3352 2781 3419 σμικάς
2846 3353 3021 3422 ἀρχὰς
3088 3357 3540 3428 μεταχειρίζοιτο,
3597 3363 3628 3428 ἢ
3675 3363 3773 3424 τὰς
3807 3365 3889 3424 ἐν,
3921 3368 4023 3425 τοῖς

2521 3459 2540 3493 1
2579 3443 2748 3505 οίκοις
2796 3443 2830 3513 ἢ
2878 3448 3225 3514 προαστείοις
3279 3454 3708 3521 κουραωρείας,
3763 3457 4022 3508 inomni-

2517 3552 2535 3585 1
2577 3534 2688 3588 σθω
2719 3536 2813 3590 τοῦ
2851 3538 3057 3608 κλήρου
3080 3555 3094 3569 ·
3115 3541 3177 3594 οὗ
3208 3541 3319 3610 γὰρ
3340 3544 3565 3598 δύναται
3592 3547 3712 3612 Θεῷ
3746 3547 4023 3603 δουλεύειν

2516 3646 2534 3678 1
2575 3629 2669 3679 καὶ
2697 3632 2995 3702 μαμμωνᾷ.
3044 3652 3063 3684 ι

3047 3725 3286 3779 ΚΔΝΩΝ
3312 3727 3414 3782 lB'.

2448 3830 2466 3860 1
2510 3813 2619 3881 Τῆς
2646 3815 2811 3882 ἁγίας
2842 3817 2936 3869 καὶ
2961 3818 3351 3888 οίκουμενικῆς
3397 3821 3568 3890 ἕκτης
3617 3795 3852 3881 συνόδου
3907 3834 4022 3891 τοὺς

2516 3925 2534 3957 1
2579 3909 2635 3959 ὲν
2665 3910 2778 3969 τοῖς
2827 3909 3139 3978 εύκτηρίοις
3190 3911 3381 3975 οίκοις,
3437 3913 3587 3966 ἔνδον
3649 3919 3838 3981 οίκίας
3889 3917 4018 3981 οὖσι,

2515 4019 2532 4047 1
2573 3998 3024 4067 λειτουργοῦντας
3056 4000 3088 4068 ἢ
3124 4000 3487 4069 βαπτίζοντας
3535 4006 3844 4076 κληρικοὺς
3880 4017 4022 4082 παρὰ

2513 4109 2530 4140 1
2570 4089 2796 4160 γνώμην
2835 4091 2928 4143 τοῦ
2959 4092 3262 4146 ἐπισκόπου
3308 4095 3626 4164 καθαιρέσει
3663 4103 4021 4156 καθυποδαλ-

2515 4201 2534 4234 1
2578 4181 2796 4252 λούσης.
2831 4183 2924 4235 καὶ
2963 4185 3124 4252 ἡμεῖς
3151 4186 3325 4254 τούτῳ
3380 4188 3879 4258 συμψηφιζόμιθα.
3919 4195 4022 4261 Τῆς

2514 4292 2533 4325 1
2573 4277 2680 4344 γὰρ
2705 4274 2866 4341 ἁγίας
2913 4276 3238 4346 Ἐκκλησίας
3293 4278 3726 4352 όρθοτομούσης,
3785 4288 3887 4338 καὶ
3940 4290 4022 4340 τὸν

2438 4445 2441 4448 Ι
2515 4383 2532 4416 1
2578 4365 2753 4434 ἀληθῆ
2794 4365 3208 4435 πρεσϐευούσης
3249 4369 3428 4457 λόγρν,
3457 4373 3642 4423 καὶτὸ
3677 4377 3888 4442 σεμνὸν
3931 4380 4020 4444 τῆς

2520 4477 2538 4509 1
2577 4458 2853 4518 πολιτείας
2902 4460 3274 4530 συντηρούσης
3332 4480 3390 4514 τε
3435 4467 3528 4516 καὶ
3574 4465 4016 4541 ὲνδιδασκούσης,

2517 4567 2534 4600 1
2574 4549 2788 4617 ἀπηχὲς
2823 4551 2920 4601 καὶ
2942 4551 3158 4603 ἀνόσιον
3201 4560 3549 4622 παραχωρεῖν
3581 4559 3716 4619 τοὺς
3758 4562 4019 4613 ἀπαιδευ-

2514 4657 2531 4688 1
2577 4638 2793 4710 σία-καὶ
2831 4641 3066 4711 ἀναρχίᾳ⁸
3099 4643 3399 4708 συζῶντας,
3436 4648 3514 4709 είς
3544 4648 3644 4710 τάς
3674 4651 3862 4715 οἰκίας
3893 4655 4016 4704 ὐπο-

2453 4779 2475 4809 ῒ
2516 4750 2533 4781 1
2573 4732 2891 4800 δυομένους,
2927 4733 3024 4802 τὴν
3057 4733 3262 4803 ταύτης
3297 4736 3551 4799 εὐταξίαν
3616 4738 3889 4812 διασπᾷν,
3933 4746 4014 4795 καὶ

2518 4842 2536 4873 1
2573 4823 2774 4893 πολλῆς
2808 4823 3056 4893 ταραχῆς
3125 4826 3222 4877 καὶ
3267 4829 3580 4882 σκανδάλων
3636 4833 4012 4903 ἀποπληροῦν.

2519 4932 2537 4965 1
2573 4915 2828 4985 Διόπερή
2869 4913 2962 4964 νῦν
3013 4915 3134 4983 ιερὰ
3183 4911 3279 4968 καὶ
3315 4917 3749 4991 θεοσυνέργητος
3779 4925 4010 4987 σύνοδος.

2518 5023 2535 5054 1
2577 5006 2642 5072 τῇ
2682 5005 3034 5072 οἱκουμενικῇ
3061 5003 3196 5074 ἕκτῃ
3233 5007 3434 5077 συνόδῳ
3457 5012 3864 5078 συμφωνοῦσα,
3887 5018 4010 5068 ἀπο-

2521 5115 2539 5147 1
2581 5095 3038 5164 κεκληρωμένους
3098 5092 3241 5149 εἶναι
3292 5101 3421 5162 τοὺς
3460 5102 3517 5151 ἐν
3549 5105 3661 5164 τοῖς
3707 5107 4012 5175 εὐκτηρίοις

2519 5207 2536 5238 1
2578 5187 2746 5249 οἴκοις
2785 5187 2936 5238 ἔνδον
2967 5188 3145 5249 οἰκίας
3176 5185 3294 5241 οὖσι
3349 5190 3808 5261 λειτουργοῦντας
3840 5199 4010 5265 6:199!-

2519 5301 2536 5331 1
2580 5296 2731 5342 σατο,
2788 5279 2888 5347 τῆς
2926 5279 3370 5348 ἁποκληρὼσεως
3417 5283 3664 5352 δηλονότι
3725 5276 3892 5359 παρά
3933 5288 4008 5340 τοῦ

2517 5391 2535 5423 1
2581 5373 2725 5424 κατὰ
2766 5372 2858 5422 τὸν
2885 5372 3054 5424 τόπον
3091 5374 3395 5427 ἐπισκόπου
3429 5377 3613 5440 αὐτοῖς
3657 5381 4006 5451 ἐπινεμηθεξο

2521 5487 2538 5517 1
2583 5483 2701 5534 σης,
2751 5465 2809 5516 Εἰ
2853 5465 2909 5517 δέ
2947 5482 3090 5526 τινες
3121 5467 3272 5536 παρὰ
3311 5469 3551 5533 τούτους,
3588 5471 3682 5523 τοῦ
3723 5477 4006 5526 ἐπισκόπου

2519 5578 2536 5609 1
2579 5558 2654 5627 μὴ
2703 5557 3072 5621 εὐδοκοῦντος,
3108 5559 3192 5622 είς
3255 5561 3350 5622 τὰς
3401 5564 3578 5623 οἰκίας
3641 5565 4008 5625 εἰσπίπτοντες

2521 5673 2538 5703 1
2583 5651 2856 5705 ἅπτεσθαι
2884 5654 2983 5721 τῆς
3008 5654 3358 5726 λειτουργίας
3388 5642 3776 5724 ἀποτολμὼσι,
3801 5659 4006 5716 τούτους

2521 5766 2537 5798 1
2584 5749 2681 5816 μὲν
2705 5747 3128 5817 κιθαιρεῐσθαι·
3158 5752 3285 5812 τοὺς
3312 5751 3370 5804 δὲ
3433 5751 3535 5819 τῆς
3588 5753 3783 5805 αὐτῶν
3836 5771 4006 5805 κοινω-

2523 5862 2540 5893 1
2579 5843 2697 5903 νίας
2729 5843 3102 5912 μετασχόντας
3143 5846 3222 5912 τῷ
3272 5845 3562 5916 ἀφορισμῷ
3613 5846 4005 5901 καθυποϐἀὶλε-

2525 5956 2543 5985 1
2587 5936 2726 5988 σθαι.
2765 5953 2784 5986 ι
