4166 6438
156 409 276 473 ιθδι

221 525 417 579 ΙῑΑᾹΣ.
451 527 564 589 Καὶ
621 530 648 579 ὁ
711 528 900 596 παρὼν
950 528 1151 590 κανὼν,
1209 530 1716 596 παρακελευόμενος
1752 535 1789 582 Α

149 618 531 685 καθαιρεῖσθαι
558 618 685 680 τοὺς
714 618 1168 688 λειτουργοῦντας
1201 621 1229 689 ἦ
1265 621 1716 690 βαπτίςσλνταςεὶς

146 709 410 778 εὑκτήρια
442 711 591 779 παρὰ
620 709 849 780 γνώμην
877 712 972 764 τοῦ
1007 713 1333 778 ἐπισκόπου,
1391 713 1714 782 ήρμηνεῦθη

148 800 205 850 ἐν
237 799 409 867 τῷλα⁹
442 800 625 852 κανόνι
654 800 753 866 τῆς
787 804 845 854 ἐν
871 804 946 872 τῷ
974 804 1230 873 Τρούλλῳ
1261 802 1502 867 συνόδου,
1529 805 1621 856 καὶ
1661 805 1717 854 ἐν

145 890 601 959 τῷάποστολικῷ
656 890 739 944 λα’
791 895 1010 946 κανόνιο
1053 897 1147 946 καὶ
1216 893 1490 962 ἀνάγνωθι
1542 894 1611 946 τὰ
1661 895 1719 945 ἐν

146 982 376 1041 ἐκείνοις
414 982 713 1049 γραφέντα.

217 1074 458 1126 ΖΩΝΑΙ).
506 1076 563 1126 ’0
587 1077 684 1141 τῆς
715 1074 881 1142 ἕκτης
903 1075 1124 1128 συνόδου
1147 1081 1471 1146 τριακοστὸς
1501 1077 1718 1148 πρῶτος

147 1164 350 1224 κανὼν,
392 1159 453 1215 οὗ
493 1166 771 1232 μέμνηται
827 1168 854 1217 ὁ
913 1167 1092 1218 κανὼν
1146 1165 1319 1229 οὗτος.
1377 1169 1718 1237 ἡρμήνευται

144 1257 283 1316 ἐκεῖ,
316 1250 359 1322 ᾧ
385 1255 667 1324 σύμψηφοι
700 1257 961 1323 γεγόνασι
1008 1258 1103 1310 καὶ
1131 1258 1179 1308 οἱ
1213 1257 1399 1309 τοῦτον
1435 1259 1717 1326 ἐκθέμενοι

141 1347 236 1395 τὸν
289 1348 508 1408 κανόνα,
569 1347 857 1415 ὁρίσαντες
925 1347 1496 1416 ἀποκεκληρωμένους
1556 1343 1715 1416 εἶναι,

139 1439 316 1506 ⁴ἤγουν
376 1438 720 1510 ὡρισμένους
778 1441 872 1492 καὶ
908 1442 1438 1508 ὲπιτετραμμένους,
1486 1443 1720 1511 ἐκκεχω-

141 1530 444 1598 ρημένους,
469 1532 595 1593 τοὺς
632 1533 690 1583 ὲν
723 1533 1038 1603 εὐκτηρίοις
1079 1535 1229 1597 ἐντὸς
1259 1534 1426 1586 οῐκων
1451 1532 1570 1586 οῦσι
1601 1534 1715 1586 λει-

134 1626 398 1691 τουργεῖν
456 1625 749 1693 μέλλοντας
800 1625 902 1693 τῆς
958 1626 1416 1696 ἁποκληρὼσεως,
1472 1632 1715 1679 τουτέστι

135 1718 243 1784 τῆς
276 1720 661 1787 ἐκχωρήσεως,
699 1721 850 1786 παρὰ
875 1718 969 1770 τοῦ
1013 1719 1157 1772 κατὰ
1189 1720 1372 1789 χώραν
1407 1722 1716 1773 ἐπισκόπου

134 1811 461 1878 γενομένης.
496 1811 557 1862 Ei
608 1811 652 1862 δ’
701 1811 880 1880 ἕτεροί
921 1829 1066 1873 τινες
1116 1813 1266 1882 παρὰ
1311 1813 1436 1874 τοὺς
1469 1815 1717 1881 ἐκχωρη·

183 1904 342 1966 έντας
368 1904 702 1972 τολμήσουσι
721 1904 1108 1975 λειτουργῆσαι
1136 1908 1193 1958 ἐν
1213 1907 1544 1982 εὐκτηρίοις,
1565 1906 1714 1959 οὖσιν

132 1997 295 2056 ἐντὸς
327 1996 535 2058 οἰκιῶν,
566 1996 696 2049 ἄνευ
731 1995 957 2065 γνώμης
987 1996 1084 2049 τοῦ
1117 1999 1445 2062 ἐπισκόπου,
1470 1998 1714 2060 ἐκείνους

132 2087 248 2154 μὲν
281 2088 686 2157 καθαιρεῖσθαι,
710 2090 838 2153 τοὺς
875 2089 934 2144 δὲ
962 2095 1509 2163 συγκοινωνήσαντας
1531 2093 1714 2154 αὐτοῖς

129 2181 526 2248 ἀφορίζεσθαι.

130 2295 366 2349 ΑΙῚΣΤ.
408 2317 424 2347 ι
467 2299 672 2368 Μηδεὶς
713 2301 771 2352 ὲν
821 2300 951 2368 ναῷ,
989 2300 1135 2352 ἔνδον
1169 2300 1346 2361 οἶκίας
1375 2304 1724 2370 τυγχάνοντι,-

220 2409 239 2435 ι
281 2391 663 2459 λειτουργείτω
694 2393 725 2463 ἦ
765 2391 1076 2462 βαπτιξέτω
1112 2393 1372 2462 κληρικὸς
1406 2394 1560 2464 παρά
1576 2393 1716 2460 γνώ-

219 2501 238 2531 ι
285 2500 390 2552 μην
413 2483 507 2536 τοῦ
540 2485 865 2536 ὲπισκόπου’
908 2485 1254 2554 καθαιρεῖται
1310 2487 1440 2556 γάρ.
1484 2487 1715 2538 Ἀποκε-

221 2593 239 2623 ι
287 2576 636 2646 κληρωμένοι
667 2573 762 2630 οῦν
815 2576 966 2647 παρὰ
998 2577 1090 2630 τοῦ
1142 2578 1444 2631 ἐπισκόπου
1476 2579 1719 2632 ἔστωσαν

218 2687 238 2717 α
288 2670 338 2719 οί
384 2670 442 2720 ἐν
471 2670 783 2738 εὐκτηρίοις
810 2669 958 2722 ἔνδον
989 2671 1154 2723 οἴκων
1189 2669 1308 2723 οὖσι
1337 2671 1720 2742 λειτουργοῦν-

221 2779 241 2810 (
289 2778 396 2823 τες.
433 2764 497 2814 Οἱ
525 2763 581 2814 δὲ
631 2761 780 2834 παρά
804 2761 960 2814 τοῦτο
989 2763 1295 2832 τολμῶντες
1324 2763 1720 2831 καθαιρείσθω-

218 2871 240 2903 ιι
291 2870 411 2906 σαν·
442 2863 536 2908 καὶ
559 2857 606 2908 οἱ
645 2854 1030 2919 κοινωνοῦντες
1064 2855 1531 2925 ἀφοριζέσθωσαν.
1590 2875 1607 2907 ι

748 2990 988 3042 ΚᾹΝΩΝ
1026 2990 1119 3045 1Γ’.

138 3120 160 3152 σ
219 3103 336 3162 Τὰς
366 3104 475 3154 τῶν
506 3105 801 3172 αἱρετικῶν
824 3105 1080 3168 ζιζανίων
1103 3107 1408 3174 ἐπισπορὰς
1434 3109 1492 3159 ὲν
1531 3110 1598 3178 τῇ
1623 3107 1718 3160 τοῦ

219 3213 242 3244 ι
286 3195 519 3265 Χριστοῦ
570 3197 869 3268 Ἐκκλησία
913 3201 940 3249 ό
979 3198 1337 3267 παμπόνηρος
1371 3199 1722 3265 καταϐαλὼν,

220 3309 243 3341 ι
289 3291 381 3342 καὶ
411 3290 614 3352 ταυτας
672 3291 814 3359 ὁρῶν
845 3293 911 3360 τῇ
971 3292 1216 3361 μαχαίρᾳ
1272 3290 1367 3343 τοῦ
1407 3292 1723 3362 Πνεῦματος
1751 3279 1794 3337 C

230 3401 252 3433 ι
294 3382 634 3452 τεμνομένας
663 3383 1015 3453 προρρίζους,
1049 3383 1132 3450 ἐφ’
1161 3384 1358 3454 ἑτέραν
1382 3379 1513 3454 ἦλθε
1562 3384 1722 3454 μεθο-

218 3497 238 3528 ι
285 3477 431 3538 δείας
472 3475 589 3528 ὁδὸν
639 3478 703 3543 τῇ
749 3476 859 3527 τῶν
902 3476 1278 3544 σχισματικῶν
1316 3479 1485 3548 μανῖᾳ
1525 3478 1585 3530 τὸ
1626 3477 1721 3529 τοῦ

286 3567 524 3637 Χριστοῦ
560 3568 719 3635 σῶμα
779 3566 1025 3637 μερίζειν
1073 3569 1390 3636 ἐπιχειρῶν·
1457 3569 1590 3622 ἀλλὰ
1630 3571 1722 3622 καὶ

286 3662 493 3728 ταύτην
547 3660 711 3711 αὐτοῦ
757 3658 854 3728 τὴν
905 3658 1266 3729 ἐπιϐουλὴνή
1326 3660 1451 3727 ἁγία
1509 3661 1722 3721 σύνοδος

292 3752 718 3813 ἀναστέλλουσα,
747 3750 1026 3813 παντελῶς
1060 3750 1228 3822 ὥρισε
1260 3751 1354 3803 τοῦ
1393 3752 1582 3804 λοιποῦ
1613 3754 1719 3812 ῖνα,

285 3845 333 3896 εῖ
357 3861 437 3907 τις
495 3841 924 3912 πρεσϐύτεροςῆ
979 3841 1247 3905 διάκονος,
1294 3842 1369 3902 ὼς
1423 3843 1579 3911 δῆθεν
1636 3842 1721 3894 ἐπ’

295 3935 607 4005 ἐγκλήμασί
656 3951 765 3986 τισι
818 3933 912 3986 τοῦ
952 3934 1156 3986 οἰκείου
1208 3935 1568 4002 κατεγνωκὼς
1606 3937 1723 3987 ἐπιο

252 4059 261 4066 ·
294 4032 523 4093 σκόπου,
561 4029 666 4099 πρὸ
704 4028 986 4096 συνοδικῆς
1013 4027 1382 4095 διαγνώσεως,
1417 4029 1510 4081 καὶ
1543 4028 1724 4092 ἐξετά-

296 4139 454 4184 σεως,
482 4121 688 4189 καὶτῆς
716 4119 803 4173 ἐπ’
823 4120 970 4190 αὐτῷ
989 4120 1198 4182 τελείας
1217 4120 1591 4190 κατακρίσεως
1612 4120 1722 4189 (ἕὸ)

288 4213 591 4282 ἀποστῆναι
636 4213 897 4281 τολμήσοι
950 4213 1046 4281 τῆς
1083 4213 1242 4264 αὑτοῦ
1293 4214 1597 4271 κοινωνίας,
1631 4213 1723 4263 καὶ

289 4307 349 4357 τὸ
382 4305 551 4375 ὄνομα
581 4305 746 4358 αὑτοῦ
775 4307 833 4357 ἐν
866 4309 985 4366 ταῖς
1020 4306 1192 4373 ἱεραῖς
1227 4305 1337 4375 (56)
1365 4306 1472 4356 τῶν
1491 4307 1726 4374 λειτουρ-

297 4395 430 4462 γιῶν
462 4399 651 4465 εὐχαῖς
685 4397 900 4448 κατὰτὸ
933 4395 1371 4464 παραδεδομένον
1394 4400 1456 4465 τῇ
1503 4398 1724 4464 Ἐκκλη-

294 4488 385 4559 σία
417 4487 491 4558 μὴ
515 4489 795 4558 ἀναφέροι,
821 4488 1008 4540 τοῦτον
1038 4487 1359 4540 ὑποκεῖσθαι
1380 4489 1721 4556 καθαιρέσει,

290 4585 383 4638 καὶ
423 4585 602 4654 πάσης
643 4584 922 4654 ἱερατικῆς
969 4582 1393 4652 ἀποστερεῖσθαι
1426 4582 1614 4650 τιμῆς.
1661 4581 1721 4634 ὐ

220 4699 248 4731 ι
291 4679 398 4748 γὰρ
425 4681 482 4731 ἐν
527 4677 900 4748 πρεσϐυτέρου
927 4677 1079 4743 τάξει
1112 4677 1470 4745 τεταγμένος,
1495 4678 1587 4730 καὶ
1611 4677 1720 4729 τῶν

216 4790 242 4822 ι
295 4769 707 4841 μητροπολιτῶν
756 4770 1019 4838 ἁρπάζων
1074 4770 1173 4838 τὴν
1233 4769 1435 4838 κρίσιν,
1497 4771 1588 4821 καὶ
1619 4769 1725 4840 πρὸ

222 4885 246 4914 α
295 4864 532 4934 κρίσεως
565 4863 727 4926 αὐτὸς
782 4863 1150 4934 κατακρίνων,
1189 4864 1313 4915 ὅσον
1349 4863 1408 4915 τὸ
1463 4863 1550 4914 ἐπ’
1577 4863 1725 4931 αὐτῷ

218 4977 242 5005 α
297 4956 391 5007 τὸν
424 4957 624 5007 οἰκεῖον
675 4955 886 5024 πατέρα
922 4955 1015 5007 καὶ
1063 4955 1380 5017 ἐπίσκοπον,
1414 4948 1565 5015 οὗτος
1605 4955 1725 5007 οὐδὲ

220 5067 247 5099 ι
296 5051 394 5117 τῆς
424 5048 517 5100 τοῦ
552 5047 926 5116 πρεσϐυτέρου
969 5049 1116 5099 ἐστὶν
1149 5047 1298 5110 ἄξιος
1337 5046 1506 5116 τιμῆς
1537 5048 1568 5116 ἦ
1606 5046 1726 5098 ὀνο-

222 5157 252 5188 e
294 5139 514 5206 μασίας.
544 5138 606 5189 Οἱ
637 5136 692 5188 δὲ
728 5137 938 5200 τούτοις
980 5137 1357 5205 συνεπόμενοι,
1387 5139 1434 5189 εἰ
1478 5137 1576 5205 μὲν
1615 5137 1726 5188 τῶν

224 5253 250 5285 ι
299 5233 612 5301 ἱερωμένων
664 5227 776 5282 εἶέν
807 5247 972 5293 τινες,
1036 5229 1130 5282 κα)⁵
1173 5229 1329 5281 αὐτοὶ
1381 5228 1477 5298 τῆς
1521 5229 1726 5289 οἰκείας

1368 417 1447 474 1N
1488 416 1651 472 (ΛΥ.
1691 413 1833 470 ΧΙΗ
1885 413 2090 472 CONC.
2137 412 2241 471 ΕΡ.

1743 1871 1790 1930 Β

3255 416 3385 478 10⁸ϋὲ

1895 530 2084 582 IMLS.
2109 528 2355 580 Praesens
2378 541 2592 594 quoque
2625 541 2822 588 canon,
2864 526 2955 593 qui
2987 524 3142 595 jubet
3170 525 3388 594 deponi.

1819 644 1913 678 eos
1945 625 2037 692 qui
2081 623 2360 675 celebrant
2396 619 2475 673 vel
2508 619 2780 686 baptizant
2813 620 2864 672 in
2904 618 3160 674 oratoriis
3197 629 3388 687 [πίνει-ιν

1819 715 2058 783 episcopi
2099 715 2433 766 voluntatem
2458 752 2474 775 ,
2512 711 2797 776 expositus
2831 720 2911 763 est
2958 710 3008 761 in
3037 726 3163 762 ean.
3195 709 3256 761 51
3302 725 3389 776 sy-

1820 809 1944 862 nodi
1980 811 2030 861 in
2064 807 2270 868 Trullo,
2303 816 2356 859 et
2392 807 2443 857 in
2479 818 2689 857 canone
2717 802 3020 871 apostolico
3044 803 3105 857 5|
3141 819 3154 855 :
3194 811 3250 856 et
3278 803 3392 869 legi:

1819 918 1938 971 qua:
1968 903 2020 954 iit
2064 902 2168 955 illis
2201 902 2402 968 Scripta
2439 909 2567 952 Sunt

1889 1082 2141 1139 ZONAR.
2176 1080 2540 1134 Triccsimum
2579 1081 2808 1148 primum
2844 1087 3008 1131 sext:e
3063 1074 3252 1147 synodi
3296 1093 3392 1128 ca-

1823 1197 2012 1234 ιιοιιθιιι
2049 1176 2205 1244 cujus
2263 1177 2346 1228 Inc
2383 1189 2562 1226 canon
2607 1173 2870 1233 meminit,
2914 1172 3114 1224 ibidem
3156 1171 3393 1237 explica-

1823 1275 2018 1327 vimus.
2057 1273 2113 1325 In
2153 1273 2398 1324 eamdem
2433 1266 2760 1321 sententiam
2800 1265 2942 1318 hunc
2975 1279 3192 1334 quoque
3220 1279 3386 1315 cano-

1822 1383 1943 1420 nem
1977 1365 2163 1418 Patres
2203 1363 2446 1424 edidere,
2481 1377 2589 1429 quo
2639 1358 2856 1428 quidem
2899 1368 2956 1412 ut
2987 1358 3079 1425 qui
3127 1359 3176 1409 in
3212 1357 3393 1425 priva-

1819 1471 1996 1513 torum
2025 1458 2235 1512 (edibus
2263 1469 2421 1508 sacra
2460 1454 2660 1505 facturi
2695 1462 2845 1514 sunt,
2877 1466 2905 1502 α
2938 1452 3081 1503 clero
3104 1450 3397 1516 sec-regali.

1822 1551 1923 1604 hoc
1953 1558 2067 1613 est,
2102 1547 2299 1602 deleCIi
2333 1556 2386 1601 et
2415 1546 2640 1598 admissi
2668 1545 3040 1612 descriptique
3076 1545 3181 1596 sint
3207 1557 3395 1610 segre-

1820 1643 2054 1711 gatione,
2090 1641 2190 1693 hoc
2219 1645 2321 1699 est,
2351 1637 2726 1706 designatione
2754 1651 2782 1688 a
2810 1636 2911 1690 loci
2944 1635 3200 1702 episcopo
3225 1633 3392 1694 facta,

1819 1733 2136 1786 decernunt.
2175 1729 2328 1794 Quod
2373 1729 2416 1783 si
2452 1728 2544 1781 alii
2578 1731 2913 1795 quicunque,
2949 1739 3140 1794 praeter
3175 1727 3393 1792 eoa-equi

1821 1822 2086 1891 designati
2120 1819 2322 1874 fuerint
2373 1820 2425 1872 in
2472 1820 2810 1889 privatorum
2858 1818 3096 1878 sacellis,
3147 1832 3253 1869 non
3291 1817 3394 1868 ob-

1821 1923 1966 1968 tenta
2008 1915 2076 1967 ab
2110 1913 2369 1982 episcopo
2401 1912 2681 1974 facultate,
2719 1925 2877 1965 sacra
2909 1909 3091 1963 facere
3121 1925 3240 1964 aIlSl
3273 1910 3393 1963 l'ne-

1820 2008 1963 2071 rint;
1997 2007 2146 2074 ipsos
2179 2007 2400 2074 quidem
2434 2006 2629 2072 deponi
2669 2044 2685 2068 ,
2719 2007 2812 2072 qui
2860 2019 2988 2058 vero
3034 2004 3114 2058 eis
3147 2019 3394 2057 εοιιιιιιιιο

1777 2148 1783 2153 .
1821 2101 2150 2158 nicaverint.
2182 2099 2448 2169 segregari
2475 2097 2690 2166 jubent.

1889 2309 2113 2366 ARIST.
2162 2329 2180 2360 ‹
2222 2309 2415 2362 Nullus
2469 2309 2700 2364 clericus
2751 2310 2802 2363 in
2865 2310 3094 2378 templo,
3144 2308 3287 2376 quod
3340 2308 3395 2360 in

1828 2422 1846 2454 ι
1889 2403 2098 2457 aedibus
2145 2411 2229 2456 est
2291 2417 2450 2455 sacra
2498 2401 2772 2461 celebret.
2812 2404 2893 2456 vel
2948 2401 3206 2468 baptizet,
3261 2401 3396 2453 citra

1826 2514 1846 2547 ι
1889 2495 2132 2566 episcopi
2171 2496 2537 2558 sententiam;
2572 2509 2694 2547 nam
2734 2493 3044 2562 deponitur.
3079 2492 3181 2558 Qui
3234 2491 3398 2562 igitur

1829 2604 1847 2634 ι
1890 2586 1942 2638 in
1975 2586 2252 2648 oratoriis,
2274 2601 2394 2654 qua:
2423 2595 2549 2637 sunt
2575 2585 2714 2638 intra
2737 2586 2882 2638 aedes
2910 2600 3062 2638 sacra
3095 2583 3397 2645 celebrant,

1827 2695 1846 2728 ι
1884 2678 1951 2730 ab
1989 2677 2244 2746 episcopo
2290 2679 2435 2731 clero
2471 2678 2830 2746 expellantur.
2883 2675 2984 2741 Qui
3029 2689 3156 2728 vero
3204 2681 3399 2742 pra‘ter

1827 2786 1844 2818 ι
1890 2765 2003 2819 haec
2035 2767 2214 2820 facere
2244 2770 2361 2819 ausi
2400 2765 2626 2830 fuerint,
2664 2768 3028 2836 depooantur.
3069 2766 3132 2818 Et
3182 2764 3274 2834 qui
3327 2765 3399 2817 iis

1830 2876 1848 2909 ι
1891 2858 2322 2920 communicant,
2353 2867 2728 2927 segregentur.
2768 2877 2786 2909 ι

2383 2990 2608 3045 CANO'N
2681 2991 2824 3046 Xlll.

1829 3125 1848 3159 α
1897 3105 2284 3161 Ηιεεειίοιιτυιιι
2321 3107 2651 3160 zizaniarnm
2693 3107 2899 3160 semina
2951 3109 3002 3162 in
3038 3107 3241 3163 Christi
3293 3108 3398 3163 Ec-

1902 3219 1919 3250 ι
1960 3200 2122 3254 clesia
2156 3199 2423 3269 malignus
2457 3199 2738 3267 dejiciens,
2771 3210 2821 3253 et
2851 3216 2944 3255 eas
2974 3201 3164 3255 videns
3215 3202 3395 3270 gladio

1903 3309 1921 3343 t
1965 3290 2199 3360 Spiritus
2235 3290 2478 3344 exscindi
2521 3291 2800 3353 radicitus,
2838 3293 2901 3344 ad
2937 3292 3095 3346 aliam
3135 3295 3276 3348 venit
3308 3298 3395 3347 in-

1899 3403 1916 3434 ι
1955 3385 2217 3438 sidiaruin
2246 3384 2408 3445 viam,
2442 3382 2911 3436 scbismaticorutn
2947 3383 3156 3438 insania
3188 3383 3390 3437 Clu-isti

1900 3496 1918 3527 ι
1963 3493 2160 3545 corpus
2202 3476 2445 3529 dividere
2481 3477 2802 3543 aggrediens
2850 3492 2862 3526 :
2913 3476 3092 3530 sedet
3146 3479 3241 3529 bas
3275 3479 3396 3545 ejus

1899 3590 1916 3622 ι
1958 3571 2185 3623 insidias
2237 3582 2423 3623 saneta
2483 3569 2724 3639 synodus
2770 3571 3122 3638 reprimens,
3171 3573 3400 3624 omnino

1900 3684 1916 3715 ι
1961 3665 2168 3717 deliniit
2202 3664 2484 3733 deinceps,
2520 3672 2579 3715 ut
2611 3663 2655 3718 si
2688 3665 2809 3732 quis
2839 3665 3122 3734 presbyter
3167 3669 3244 3717 vel
3280 3664 3400 3718 dia-

1900 3777 1919 3808 ι
1955 3773 2126 3810 conus
2157 3795 2168 3818 ,
2202 3766 2257 3809 nt
2287 3755 2378 3825 qui
2413 3757 2598 3823 utique
2646 3754 2716 3810 ob
2761 3756 2939 3824 aliqua
2991 3757 3218 3810 crimina
3271 3773 3397 3826 pro-

1901 3869 1918 3902 t
1964 3852 2139 3918 prium
2191 3850 2506 3916 episcopum
2540 3849 2941 3909 condemnarit,
2989 3860 3115 3902 ante
3160 3851 3398 3915 synoda-

1903 3963 1918 3993 ι
1957 3944 2057 3996 lem
2091 3943 2455 4011 cognitionem
2504 3949 2555 3994 et
2605 3941 3083 4006 cxaminationem,
3124 3953 3176 3996 ct
3222 3943 3399 4010 perle-

1899 4055 1914 4085 ι
1958 4045 2102 4088 ctam
2137 4035 2253 4102 ejus
2292 4033 2798 4086 condemnationem
2821 4073 2836 4096 ,
2870 4033 2937 4085 ab
2977 4034 3120 4086 illius
3153 4050 3368 4085 connnu

1900 4147 1918 4180 ι
1959 4127 2120 4181 nione
2147 4127 2430 4196 discedere
2463 4142 2630 4180 ausus
2660 4125 2816 4179 fuerit
2843 4135 2894 4179 et
2931 4125 3048 4191 ejus
3100 4142 3292 4178 nomen
3344 4124 3394 4176 in

1907 4212 2140 4274 (sacris
2197 4202 2622 4273 celebrationum
2682 4219 2974 4286 precibus,
3027 4227 3082 4270 ut
3146 4219 3403 4272 Ecclesia:

1901 4331 1918 4362 ι
1967 4313 2222 4364 traditum
2258 4320 2360 4373 est,
2397 4327 2502 4363 non
2534 4308 2758 4371 referat,
2794 4308 2838 4360 is
2874 4309 3192 4377 depositioni
3227 4311 3393 4375 subji-

1902 4423 1920 4454 ι
1960 4405 2136 4458 ciatur
2164 4445 2178 4466 ,
2215 4413 2267 4457 et
2305 4405 2450 4456 omni
2501 4402 2824 4457 sacerdotali
2885 4403 3088 4455 bonore
3137 4403 3396 4469 privetur.

1901 4514 1918 4546 ι
1958 4495 2060 4561 Qui
2101 4495 2242 4548 enim
2273 4503 2356 4546 est
2399 4494 2449 4546 in
2487 4493 2815 4548 sacerdotali
2853 4492 3046 4545 ordine
3073 4492 3394 4551 collocatus,

1905 4607 1922 4640 ι
1962 4598 2012 4642 et
2044 4589 2584 4655 metropolitanorum
2609 4586 2872 4655 judicium
2905 4585 3169 4653 pratripit,
3201 4595 3250 4637 ι·ι
3276 4594 3402 4635 ante

1905 4697 1924 4729 ι
1958 4677 2220 4747 judicium
2261 4678 2394 4746 ipse,
2442 4690 2708 4745 quantum
2754 4677 2804 4728 in
2857 4690 2914 4728 se
2969 4685 3072 4734 est,
3110 4677 3391 4742 proprium

1906 4791 1923 4822 ι
1967 4779 2171 4840 patrem
2203 4781 2254 4821 et
2287 4769 2601 4837 episcnpum
2645 4767 2972 4820 condemnat
3000 4783 3019 4830 ;.
3053 4768 3095 4819 is
3147 4783 3241 4816 nec
3278 4781 3400 4832 pre-

1905 4882 1923 4914 ι
1968 4863 2172 4932 sbyleri
2213 4862 2435 4923 honore,
2472 4877 2570 4914 nec
2625 4861 2844 4913 nomine
2893 4859 3086 4927 (lignus
3136 4869 3235 4910 est.
3290 4856 3398 4921 Qui

1905 4974 1922 5003 ι
1961 4965 2140 5007 aUtem
2172 4967 2265 5007 eos
2296 4961 2731 5017 consequuntur,
2755 4951 2797 5003 si
2835 4949 2942 5002 sint
2973 4949 3193 5016 quidem
3227 4965 3287 4999 et:
3329 4949 3400 4998 iis

1905 5063 1922 5096 ι
1969 5047 2058 5115 qui
2093 5056 2222 5099 sunt
2267 5045 2439 5098 sacris
2468 5044 2690 5101 initiati,
2725 5042 2822 5108 ipsi
2851 5056 3070 5109 quoque
3107 5055 3136 5093 ιι
3173 5041 3400 5104 proprio

1909 5156 1927 5188 t
1967 5139 2171 5190 honore
2199 5136 2452 5188 excidant
2484 5150 2496 5186 :
2531 5135 2612 5188 sin
2649 5143 2831 5186 autem
2870 5132 2976 5184 sint
3016 5130 3289 5185 monachi.
3315 5129 3398 5179 ιιιί

1912 5246 1929 5277 ι
1974 5228 2116 5290 laic.,
2149 5243 2210 5279 ex
2247 5223 2488 5278 Ecclesia
2544 5225 2768 5277 omnino
2803 5233 3181 5290 segregeutur;
3224 5221 3404 5272 donec

1379 5386 1564 5446 Guill.
1608 5386 1790 5446 Bevet
1807 5386 1925 5462 egii
1971 5395 2159 5448 notae.

221 5546 352 5614 (53)
389 5547 497 5597 Καὶ
552 5542 660 5609 τῆς
712 5541 803 5594 ἐπ’
846 5539 1005 5614 αὑτῷ
1040 5540 1272 5614 τελείας
1305 5539 1734 5614 κατακρίσεως.

112 5609 291 5681 Haec
313 5609 474 5668 verba
509 5631 613 5666 non
649 5614 810 5666 modo
846 5614 897 5664 in
929 5609 1222 5663 Parismnsi
1253 5609 1512 5670 editione,
1543 5625 1728 5681 verum

112 5678 330 5745 ;*II:IIII
381 5688 430 5736 in
472 5687 662 5738 codice
689 5683 1126 5735 Ainerbaeliiauo
1151 5681 1502 5731 omittuntur.
1543 5678 1647 5730 Sed
1675 5680 1731 5732 in

115 5761 384 5820 TJiano
416 5770 568 5823 teque
599 5771 661 5808 ac
709 5757 760 5805 in
813 5752 1107 5805 Bodleiano
1163 5762 1353 5802 nostro
1401 5765 1501 5801 tns.
1543 5750 1733 5817 legun-

205 5846 270 5882 r.

205 5851 270 5882 r.

117 5851 193 5891 μὶ
221 5895 354 5960 {56)
391 5894 491 5947 Καὶ
524 5894 585 5945 τὸ
611 5894 797 5954 ὄνομα
836 5891 1021 5945 αὑτοῦ
1062 5889 1130 5942 ἐν
1162 5888 1286 5952 ταῖς
1318 5889 1518 5956 {qui}.
1561 5888 1728 5941 Nimi—

1849 5554 1966 5590 rum
2005 5555 2127 5591 cnm
2160 5551 2312 5590 sacra
2375 5535 2633 5605 mysteria
2687 5545 3037 5603 peraguntur.
3074 5529 3225 5583 Tunc
3252 5533 3400 5583 enim

1847 5609 2106 5661 Sacerdos
2141 5623 2238 5676 pro
2267 5607 2521 5674 episcopo
2566 5607 2668 5660 sub
2703 5605 3022 5657 nominatim
3064 5617 3220 5654 orare
3253 5613 3399 5676 tene-

1846 5689 1933 5731 tur
1977 5689 2076 5730 :ut
2126 5674 2176 5729 in
2235 5677 2472 5745 Liturgia
2517 5677 2902 5745 Cliiysosmtni
2942 5676 3084 5745 inter
3131 5674 3402 5745 orandum

1846 5752 1979 5801 dicit
2016 5751 2107 5800 καὶ
2155 5749 2296 5814 ὑπὲρ
2326 5743 2759 5814 ἀρχιεπισκόπου
2791 5743 2966 5814 ἡμῶν,
2999 5747 3025 5796 ὁ
3071 5744 3262 5808 δεῖνος,
3311 5743 3405 5795 δὶς

1845 5820 2043 5886 ιιίιεδίειι
2074 5821 2125 5870 in
2156 5817 2504 5885 Encltolugio.
