4166 6438
127 421 258 482 1065

1275 419 1352 475 IN
1383 417 1525 474 CAN
1585 416 1713 474 XIV
1758 413 1966 470 CONC.
2014 412 2221 470 CPOL.

3231 403 3362 470 1066

117 531 504 597 συγκοινωνετν
530 528 704 597 αὐτῷ,
733 527 866 596 μηδέ
896 526 1196 597 ἀναφέρειν
1229 530 1287 581 τὸ
1318 529 1490 615 ὄνομα
1525 527 1691 579 αὐτοῦ

1798 525 2082 592 subjectus
2110 533 2190 576 est
2222 521 2561 580 subtrahere,
2610 534 2673 572 ac
2716 518 2883 578 illius.
2918 517 3072 584 quasi
3107 515 3365 570 videlicet

113 625 248 675 κατὰ
287 622 349 673 τὸ
379 622 524 682 ἐθος,
564 619 640 680 ὡς
659 619 802 687 τάχα
830 618 1217 685 κατεγνωκότα
1252 618 1347 670 τοῦ
1377 619 1684 670 ἐπισκόπου

113 711 297 775 αὑτοῦ,
362 711 493 779 πρὶν
526 709 558 778 ἦ
603 705 899 770 συνοδικῶς
933 706 1141 776 ζητηθῇ
1170 706 1204 776 ἡ
1238 705 1381 759 κατά
1419 704 1512 757 τοῦ
1567 707 1687 758 ἐπι-

117 807 322 858 σκόπου
368 803 642 872 φερομένη
663 800 812 853 αἰτία
842 799 936 852 καὶ
969 800 1152 852 τελεία
1177 797 1481 867 προενεχθῇ
1505 796 1687 866 ψῆφος

113 893 519 963 κατικρίνουσα
558 892 741 942 αὐτόν·
784 889 874 942 τὸν
911 889 969 943 δέ
984 890 1143 942 τοῦτο
1164 889 1469 958 ποιήσαντα
1487 889 1682 939 καθαι-

114 988 348 1051 ρείαθαι.
389 985 450 1036 ’0
488 982 600 1052 γὰρ
634 984 691 1041 ἐν
725 982 1104 1053 πρεσϐυτέρου
1135 981 1262 1053 ἀξία
1313 981 1413 1041 ὢν.
1449 986 1542 1034 καὶ
1579 981 1686 1034 τῶν

115 1073 536 1148 μητροπολιτῶν
567 1075 831 1146 ἁρπάζων
885 1077 985 1144 τὴν
1020 1075 1202 1144 κρίσιν
1247 1075 1394 1144 (τοὺς
1421 1075 1530 1145 γὰρ
1568 1076 1687 1127 ἐπι-

111 1169 407 1228 σκόπουςοί
433 1165 829 1236 μητροπολίται
857 1164 1148 1232 κρίνουσι),
1187 1164 1280 1214 καὶ
1313 1164 1420 1230 πρ³›
1451 1162 1686 1230 κρίσεως

114 1262 198 1308 τὴν
241 1261 442 1310 οἰκεῖον
471 1259 791 1318 ἐπίσκοπον,
822 1255 879 1317 ὃς
917 1254 1100 1324 πατήρ
1151 1255 1298 1305 ἐστιν
1347 1253 1512 1304 αὑτοῦ
1546 1255 1686 1304 κατά

111 1347 349 1416 πνεῦμα,
405 1347 633 1414 κρίνων,
665 1347 766 1398 οὐκ
795 1345 945 1397 ἔστιν
987 1343 1137 1407 ἄξιος
1183 1344 1256 1405 ὡς
1318 1343 1686 1412 πρεσϐύτερος

111 1440 379 1506 τιμᾶσθαι
414 1440 446 1506 ἢ
476 1428 859 1506 ὀνομάζεσθαι.
906 1436 1076 1488 Καὶοί
1123 1437 1480 1503 συνεπόμενοι
1519 1435 1575 1485 δὲ
1610 1435 1685 1500 τῷ

111 1528 479 1598 σχισματικῷ,
506 1531 600 1582 καὶ
629 1526 1020 1597 ἀποσχίζοντες
1050 1529 1147 1580 καὶ
1181 1527 1356 1588 αὐτοὶ,
1396 1526 1687 1594 ίερωμένοι

115 1622 211 1686 μὲν
257 1621 431 1683 ὄντες,
466 1618 963 1691 καθαιρείσθωσαν,
1003 1619 1182 1672 λαῖκοὶ
1234 1618 1292 1670 δέ
1332 1619 1687 1687 τυγχάνοντες

112 1714 143 1780 ἦ
187 1714 437 1782 μοναχοὶ,
478 1713 933 1783 ἁφοριζέσθωσαν
953 1712 1228 1776 παντελῶς
1254 1713 1352 1783 τῆς
1374 1713 1686 1782 ἐκκλησίας,

99 1805 230 1873 ρντὶ
283 1806 376 1856 τοῦ
443 1804 878 1878 ἐξωθ-είσθωσαν,
935 1799 1077 1857 ὥᾶτε
1133 1805 1268 1876 μηδέ
1328 1805 1553 1859 εἰσιέναι
1611 1810 1690 1868 είς

1791 619 1858 670 ab
1893 617 2007 685 ipso
2045 616 2416 677 condemnati,
2449 602 2528 666 vel
2557 612 2996 665 communionem
3030 610 3318 679 repudiare
3343 656 3360 676 ,

1789 709 1873 762 vel
1907 709 1976 762 ab
2008 707 2253 776 ejusdem
2300 705 2519 758 nomine
2557 702 2624 758 de
2671 717 2822 756 more
2869 701 3162 756 referendo
3213 700 3360 760 desi-

1791 813 1934 854 stere
1990 799 2208 860 audeat,
2258 799 2576 868 priusquam
2622 796 2862 864 episcopi
2901 809 3064 848 causa
3102 794 3155 846 in
3202 808 3356 864 syno-

1789 895 1913 947 dico
1946 901 2218 949 conventu
2255 892 2564 947 examinata
2609 899 2662 943 et
2706 890 2921 957 cognita
2965 887 3152 951 fuerit,
3183 889 3364 942 omni-

1792 1001 1970 1054 noque
1999 986 2123 1039 latis
2151 983 2425 1050 suffragiis
2475 982 2541 1036 de
2575 982 2721 1036 illius
2755 980 3102 1033 damnatione
3133 979 3203 1032 sit
3243 994 3362 1047 pro-

1789 1077 2129 1139 nuntiatum;
2169 1075 2370 1144 quique
2425 1071 2476 1126 id
2513 1072 2721 1132 fecerit.
2755 1070 3096 1138 depositione
3141 1068 3361 1122 multari

1785 1165 2061 1235 jubemus.
2136 1166 2395 1235 Quisquis
2471 1152 2615 1220 enim
2697 1163 3020 1218 sacerdotali
3096 1162 3366 1232 dignitate

1790 1259 2069 1326 praeditus,
2110 1275 2230 1328 quae
2260 1259 2804 1328 metropolitanorum
2834 1255 3029 1324 judicii
3084 1263 3211 1308 sunt
3258 1255 3365 1310 sibi

1790 1361 2046 1419 arrogat.
2101 1351 2325 1420 (quippe
2363 1349 2430 1404 de
2467 1349 2740 1418 episcopis
2771 1347 3020 1415 judicare
3051 1345 3366 1414 metropoli-

1792 1449 2048 1494 tanorum
2079 1442 2358 1509 proprium
2385 1451 2467 1494 est
2490 1438 2718 1503 numus)
2741 1455 2805 1492 ac
2832 1440 3147 1506 episcopum
3179 1452 3362 1498 suum,

1790 1531 1880 1598 qui
1916 1531 2219 1598 spiritualis
2271 1532 2444 1601 ipsius
2488 1539 2643 1600 pater
2694 1539 2798 1588 est.
2851 1530 3173 1598 priusquam
3206 1529 3272 1582 de
3303 1544 3368 1581 eo

1790 1623 2085 1692 quidquam
2129 1624 2431 1694 judicatum
2474 1623 2675 1686 fuerit,
2717 1622 2834 1690 ipse
2878 1623 3226 1683 condemnet,
3280 1620 3368 1674 hic

1793 1716 2103 1770 sacerdotis
2143 1717 2348 1769 honore
2395 1724 2489 1768 aut
2531 1716 2896 1783 appellatione
2942 1713 3366 1783 haudquaquam

1799 1815 1884 1861 est
1942 1808 2158 1877 dignus.
2194 1808 2262 1862 Et
2306 1822 2434 1860 vero
2464 1806 2776 1876 quicunque
2822 1805 3188 1860 schismaticis
3236 1818 3369 1857 cou-

107 1897 432 1984 ικκλησίαν.
487 1874 651 1949 Ἐστι
681 1897 792 1966 γὰρ
819 1873 1245 1968 ἀφορισμδςγκαὶ
1279 1896 1339 1950 τὺ
1378 1900 1547 1968 μόνης
1573 1898 1686 1968 εἴρ-

1793 1900 2096 1954 sentientes
2126 1899 2229 1968 ipsi
2257 1915 2474 1969 quoque
2513 1913 2633 1954 sese
2660 1913 2784 1951 cum
2817 1897 2924 1951 illis
2959 1896 3281 1964 abjungunt,
3320 1893 3366 1946 si

108 1986 304 2052 γεσθαι
366 1988 462 2056 τῆς
525 1988 882 2056 μεταλήψεως
945 1989 1053 2040 τῶν
1117 1989 1276 2041 θείων
1349 1990 1681 2058 μυστηρίων·

109 2078 228 2129 ἐστι
280 2078 335 2130 δέ
369 2080 464 2130 καὶ
486 2079 547 2130 τὸ
605 2078 710 2142 ἔξω
749 2081 848 2148 τῆς
890 2081 1223 2152 Ἐκκλησίας
1270 2077 1433 2140 εἶναι,
1463 2082 1521 2134 ὃν
1552 2101 1684 2134 παν-

108 2173 238 2240 τελῆ
281 2173 596 2240 ὠνόμασαν,
630 2173 704 2234 ὡς
737 2171 1058 2242 βαρύτερον.
1098 2171 1303 2240 Καιρὸν
1336 2171 1392 2223 δὲ
1448 2170 1524 2240 τῷ
1548 2173 1684 2238 ἀφο-

112 2250 298 2333 ρισμῷ
355 2265 528 2333 τούτῳ
591 2264 833 2334 ὁρίζουσι
892 2265 989 2334 τὴν
1052 2265 1274 2316 ἐκείνων
1328 2265 1683 2332 ἐπιστροφήν.

116 2357 374 2408 Ἔσονται
404 2359 535 2425 γὰρ,
570 2360 756 2424 φησὶν,
784 2356 1161 2426 ἀφωρισμένοι
1187 2354 1382 2424 μέχρις
1416 2354 1481 2407 ἂν
1507 2356 1582 2424 τῷ
1603 2357 1686 2406 οἰ-

109 2448 250 2516 κείῳ
280 2449 565 2517 ἐπισκόπῳ
610 2447 976 2517 προσέλθωσι,
1011 2447 1349 2516 μισήσαντες
1396 2447 1496 2515 τὴν
1551 2448 1688 2513 πρὸς

113 2540 244 2601 τοὺς
277 2541 676 2609 σχισματικοὺς
707 2540 1013 2592 οίκείωσιν.

1791 1992 2010 2061 quidem
2057 1993 2233 2047 sacris
2261 1993 2455 2046 initiati
2502 1991 2634 2053 sint,
2663 1978 3006 2059 deponantur
3057 2004 3072 2041 :
3120 1989 3204 2043 sin
3236 2002 3366 2042 vero

1794 2083 1918 2138 laici
1949 2089 2044 2137 aut
2074 2084 2351 2145 monachi.
2383 2083 2601 2150 penitus
2650 2089 3025 2149 segregentur,
3086 2079 3191 2132 hoc
3236 2089 3321 2132 est
3349 2119 3363 2141 ,

1794 2175 1892 2233 ita.
1925 2183 1984 2227 ut
2010 2190 2078 2228 ne
2111 2175 2398 2229 ecclesiam
2430 2175 2648 2242 quidem
2699 2173 2832 2241 ipsis
2866 2171 3076 2241 ingredi
3127 2170 3214 2224 fas
3273 2170 3367 2232 sit.

1795 2266 2106 2333 ejiciantur.
2160 2267 2252 2321 Est
2303 2282 2533 2335 namque
2574 2265 2876 2335 segregatio
2909 2266 3102 2329 etiam,
3158 2272 3279 2317 cum
3337 2278 3368 2316 a

1798 2359 1920 2410 solo
1953 2358 2265 2412 divinorum
2297 2359 2678 2426 mySteriorum
2712 2357 3063 2425 perceptione
3096 2355 3367 2424 quispiam

1796 2459 2201 2505 summovetur:
2221 2459 2304 2506 est
2326 2451 2514 2514 etiam,
2547 2465 2672 2503 cum
2694 2448 2942 2502 ecclesia:
2967 2460 3187 2516 quoque
3216 2445 3369 2498 aditu

1795 2545 2068 2613 segregati
2134 2544 2531 2612 prohibentur;
2592 2544 2745 2611 quod
2809 2540 3025 2610 penitus
3096 2537 3369 2606 segregari

107 2635 392 2696 dixerunt,
420 2634 546 2704 quia
580 2636 798 2702 gravior
841 2649 903 2688 ea
935 2634 1237 2703 segregatio
1280 2636 1372 2689 sit.
1431 2635 1680 2704 Spatium
1721 2650 1910 2705 porro,
1939 2655 2226 2710 quousque
2253 2641 2319 2692 ad
2343 2641 2637 2694 sanitatem
2695 2636 2943 2690 homines
2998 2640 3370 2690 revertantur,

107 2725 477 2794 segregaﬁoui
546 2725 872 2793 pra-liniunt.
955 2725 1126 2780 Erunt
1176 2727 1479 2795 siquidem,

109 2814 483 2870 schisrttatiCis
516 2814 908 2883 lamiliaritate,
939 2831 998 2870 se
1033 2817 1405 2885 adjuuxerint.

110 2905 336 2959 ΑΡΙΣΤ.
376 2925 395 2956 ι
442 2907 508 2960 Εἰ
536 2925 618 2970 τις
675 2907 1099 2978 πρεσϐύτεροςῆ
1139 2909 1407 2971 διάκονος,
1437 2908 1691 2977 ὡςδῆθεν

190 3016 209 3046 ι
255 2997 341 3046 ἐπ’
371 2997 678 3065 ἐγκλήματι
707 2997 801 3049 τοῦ
826 2997 1030 3051 οίκείου
1073 2998 1438 3067 κατεγνωκὼς
1465 2999 1691 3051 ἐπισκό-

193 3103 210 3131 ι
260 3100 386 3146 που,
419 3087 551 3153 ’πρὸ
608 3085 894 3152 συνοδικῆς
956 3085 1300 3152 διαγνώσεως
1339 3089 1552 3156 ἀποστῇ
1593 3087 1692 3155 τῆς

193 3194 211 3224 ι
264 3177 430 3228 αὐτοῦ
485 3179 795 3242 κοινωνίας,
856 3181 950 3232 καὶ
993 3179 1072 3249 μὴ
1123 3180 1386 3250 ἀναφέρει
1428 3180 1591 3232 αὑτοῦ
1633 3181 1693 3232 τὸ

195 3288 213 3318 r
264 3269 455 3338 ὄνομα,
489 3270 881 3340 καθαιρείσθω,
918 3273 1013 3325 καὶ
1039 3272 1220 3340 πάσης
1263 3273 1543 3343 ἱερατικῆς
1576 3289 1693 3324 στε-

193 3378 214 3409 ι
266 3361 466 3430 ρείσθω
518 3365 708 3432 τιμῆς.
771 3364 835 3415 Ol
900 3364 956 3416 δὲ
999 3363 1377 3439 συνεπόμενοι,
1431 3364 1696 3432 ίερατικοὶ

203 3471 223 3502 ι
277 3455 374 3521 μὲν
438 3453 611 3518 ὄντες,
648 3455 747 3524 τῆς
775 3455 981 3518 οἰκείας
1039 3456 1205 3525 τιμῆς
1260 3457 1694 3519 ἐκπιπτέτωσαν,

199 3562 219 3595 ι
271 3545 495 3614 μοναχοὶ
561 3547 618 3599 δέ
669 3547 702 3617 ἦ
749 3549 951 3612 λαῖκοὶ,
1005 3545 1454 3615 ἀφοριζέσθωσαν
1505 3547 1697 3618 μέχρις

200 3654 222 3686 ί
269 3640 674 3707 ἐπιστραφεῖεν.
722 3657 740 3689 ι

758 3732 996 3785 ΚΑΝΩΝ
1025 3731 1126 3786 ΙΔ’.

119 3841 138 3873 ι
184 3823 255 3876 Εἴ
291 3841 373 3885 τις
403 3824 729 3889 ἐπίσκοπος,
768 3826 1118 3895 ἐγκλήματος
1174 3826 1452 3896 πρόφασιν
1513 3824 1699 3876 ποιούο

195 3934 215 3965 ι
266 3933 424 3984 μενος
461 3917 709 3968 κατάτοῦ
748 3917 951 3968 οίκείου
996 3918 1396 3987 μητροπολίτου
1429 3918 1535 3987 πρὸ
1565 3936 1695 3970 συν-

196 4029 218 4060 (
261 4010 451 4078 οδικῆς
491 4008 859 4076 διαγνώσεως,
892 4011 1193 4080 ἀποστήσει
1223 4010 1418 4062 ἐαυτὸν
1444 4011 1542 4079 τῆς
1563 4011 1698 4080 πρδς

198 4121 218 4152 ι
269 4103 431 4153 αὑτὸν
481 4100 792 4164 κοινωνίας,
854 4100 950 4151 καὶ
987 4099 1062 4170 μὴ
1118 4101 1378 4170 ἀναφέρει
1417 4101 1478 4153 ea
1524 4102 1697 4169 ὄνομα

201 4214 222 4245 ε
270 4192 436 4247 αὐτοῦ
475 4192 616 4246 κατὰ
643 4192 703 4244 τὸ
729 4191 1036 4260 εἰθισμένον
1075 4193 1133 4244 ἐν
1159 4196 1225 4263 τῇ
1257 4192 1375 4264 θείᾳ
1408 4210 1698 4264 μυσταγω-

195 4307 216 4338 ι
265 4288 384 4356 γία,
413 4285 605 4336 τοῦτον
645 4283 845 4353 ὥρισεν
876 4286 909 4353 ἡ
941 4286 1072 4352 ἁγία
1114 4284 1331 4346 σύνοδος
1373 4285 1696 4356 καθῃρημέ-

197 4396 221 4427 ε
271 4395 358 4428 νον
419 4373 584 4440 εἶναι,
635 4375 684 4426 εί
734 4375 895 4444 μόνον
934 4375 1239 4445 ἐλεγχθείη,
1307 4376 1553 4438 ἀποστὰς
1603 4373 1697 4427 τοῦ

203 4489 224 4520 ‹
271 4468 477 4521 οἰκείου
511 4465 912 4537 μητροπολίτου
945 4468 1038 4519 καὶ
1072 4466 1276 4536 σχίσμα
1308 4466 1538 4536 ποιήσας
1572 4481 1588 4497 ο
1617 4465 1700 4518 δεῖ

200 4581 221 4612 ‹
270 4566 379 4630 γαρ
422 4561 655 4612 ἕκαστον
687 4560 752 4612 τὰ
807 4561 984 4611 οἰκεία
1043 4559 1219 4626 μέτρα
1260 4557 1568 4624 γινώσκειν,
1604 4559 1698 4610 καί⁹

197 4676 216 4706 ι
266 4655 403 4722 μήτε
435 4653 527 4703 τὸν
561 4651 934 4720 πρεσϐύτερόν
977 4652 1344 4719 καταφρονεῖν
1366 4651 1463 4702 τοῦ
1493 4652 1693 4704 οἰκείου
1730 4677 1776 4733 D

191 4767 211 4796 ι
265 4745 591 4804 ἐπισκόπου,
640 4743 778 4812 μήτε
833 4742 925 4802 τὸν
975 4742 1280 4794 ἐπίσκοπον
1337 4741 1431 4793 τοῦ
1491 4743 1693 4794 οἰκείου

195 4859 214 4888 ι
271 4836 697 4906 μητροπολίτου.
751 4854 770 4885 ι

188 4931 390 4982 ΒΑΛΣ.
432 4929 544 4982 Καὶ
578 4929 606 4979 ὁ
645 4925 840 4995 παρὼν
888 4926 1068 4979 κανὼν
1100 4927 1287 4994 ὅμοιος
1342 4930 1483 4980 κατὰ
1517 4927 1696 4978 πάντα

105 5023 241 5077 ἐστὶ
279 5023 357 5090 τῷ
401 5020 505 5091 πρὸ
547 5017 734 5084 αὑτοῦ,
778 5019 882 5072 κᾶν
905 5019 1197 5090 διαλλάττει
1250 5020 1476 5089 περὶτὰ
1521 5021 1694 5088 πρόσο

105 5131 270 5168 ωπα.

193 5209 445 5266 ΖΩΝΔΡ.
487 5207 569 5262 Τά
613 5207 754 5261 αὑτά
787 5205 884 5260 τοῦ
919 5207 1196 5276 ἀνωτέρου
1237 5209 1458 5267 κανόνος
1515 5208 1606 5259 καὶ
1670 5207 1698 5257 ὁ

109 5300 308 5356 κανὼν
336 5291 491 5364 οὗτος
532 5300 664 5371 περὶ
696 5299 1018 5354 ἐπισκόπων
1050 5300 1460 5369 ἀποσχιζόντων
1492 5301 1556 5351 ἐκ
1589 5300 1698 5351 τῶν

110 5397 277 5448 ἰδίων
309 5393 747 5464 μητροπολιτῶν,
785 5394 881 5443 καὶ
910 5391 985 5460 μὴ
1031 5389 1438 5443 κοινωνούντων
1487 5390 1694 5450 αὐτοῖς,

109 5486 265 5558 μηδὲ
295 5485 679 5555 ἀναφερόντων
704 5483 924 5548 αὐτοὺς,
952 5483 1271 5552 διορίζεται.

105 5581 345 5637 ΑΡΙΣΤ.
383 5601 401 5633 ι
437 5583 549 5637 Καὶ
605 5580 659 5633 εἰ
695 5563 803 5642 τιςῇ
848 5577 1146 5639 ἐπίσκοπος
1202 5577 1334 5629 αὐτὸ
1383 5575 1540 5628 τοῦτο
1580 5576 1700 5628 τολ-

200 5692 224 5726 ε
277 5675 437 5745 μήσει
475 5672 618 5727 κατὰ
654 5673 750 5725 τοῦ
789 5671 992 5724 οἰκείου
1031 5669 1459 5740 μητροπολὶτου,
1505 5668 1700 5721 καθαι-

195 5786 218 5819 ε
273 5766 490 5837 ρείσθω.
533 5769 624 5818 Δεῖ
652 5766 757 5836 γὰρ
791 5764 1022 5817 ἕκαστον
1046 5763 1116 5815 τά
1140 5765 1311 5814 οἰκεῖα
1339 5764 1512 5832 μέτρα
1541 5761 1700 5828 γινὼ-

195 5878 218 5912 (
275 5877 442 5915 σκειν.

449 5954 717 6013 ΡΑτῐιοι,
771 5952 884 6010 GR.
933 5949 1268 6010 CXXXVII.

1565 2728 1781 2794 lnquit.
1825 2731 2128 2800 segregati,
2183 2732 2361 2786 donec
2396 2731 2658 2800 episcopo
2719 2743 2842 2793 suo,
2903 2724 3189 2794 repudiata
3245 2738 3371 2776 cunt

1798 2910 2025 2966 ARIST.
2060 2932 2077 2963 ι
2115 2912 2171 2966 Si
2193 2911 2316 2980 quis
2348 2913 2629 2981 presbyter
2661 2910 2743 2964 vel
2772 2910 3038 2963 diaconus
3063 2946 3079 2969 .
3109 2905 3366 2960 nimirum

1876 3023 1894 3054 ι
1933 3021 1996 3059 ac
2015 3005 2059 3058 si
2081 3006 2392 3074 episcopqu
2415 3019 2572 3058 suum
2597 3004 2893 3056 etcrim‘tue
2910 3003 3093 3069 aliquo
3116 2997 3258 3053 cond
3279 3013 3369 3048 1n-

1874 3114 1892 3144 ι
1941 3105 2116 3159 naret,
2167 3105 2291 3150 ante
2323 3095 2638 3165 synodalem
2693 3093 3083 3160 cognitionem,
3129 3088 3198 3142 ab
3227 3088 3370 3142 illius

1876 3207 1894 3237 ι
1936 3189 2322 3242 communione
2351 3203 2408 3241 se
2443 3185 2786 3251 subduxerit,
2820 3197 2873 3239 et
2901 3198 3094 3237 nomen
3125 3183 3243 3251 ejus
3264 3194 3372 3234 non

1876 3299 1894 3327 ι
1941 3280 2210 3341 retulerit.
2238 3281 2566 3349 deponatur,
2586 3289 2638 3333 et
2667 3279 2815 3332 omni
2833 3275 3158 3331 sacerdotali
3196 3275 3374 3342 digiti-

1876 3393 1892 3421 ε
1938 3381 2048 3426 tate
2076 3373 2339 3442 privetur.
2373 3372 2477 3436 Qui
2503 3381 2681 3425 autem
2707 3386 2829 3425 eum
2863 3377 3294 3440 consequuntur,
3325 3366 3370 3419 si

1875 3484 1892 3515 ι
1930 3463 2147 3532 quidem
2175 3464 2344 3518 sacris
2390 3464 2499 3518 sint
2554 3462 2770 3526 initiati,
2808 3461 3070 3527 dignitate
3107 3475 3206 3514 sua
3228 3459 3374 3513 ext-i-

1877 3575 1894 3606 ‹
1932 3556 2060 3609 dant
2088 3575 2103 3610 :
2129 3555 2212 3610 sin
2238 3555 2491 3610 monachi
2515 3555 2594 3608 vel
2627 3555 2768 3618 laici,
2794 3563 3164 3624 segregentur,
3199 3566 3372 3621 usque

1876 3666 1893 3696 ι
1933 3647 2060 3700 dum
2103 3649 2304 3703 reversi
2334 3648 2556 3702 fuerint.
2598 3667 2616 3698 ι

2247 3737 2412 3811 354
2449 3736 2680 3793 CANON
2731 3736 2869 3792 xw.

1808 3850 1824 3880 ι
1865 3829 1917 3882 Si
1973 3833 2100 3899 quis
2163 3833 2455 3901 episcopus
2513 3832 2923 3901 metropolitani
2976 3846 3183 3887 crttnen
3235 3849 3373 3902 pra:-

1883 3944 1900 3974 ‹
1942 3934 2154 3988 texens,
2196 3933 2325 3979 ante
2365 3925 2683 3996 synodalem
2714 3927 3103 3996 cognitionem,
3135 3929 3371 3995 seipsum

1880 4038 1896 4067 ι
1947 4019 2016 4072 ab
2053 4019 2173 4087 ejus
2224 4021 2608 4074 communione
2659 4020 3024 4082 subduxerit.
3068 4031 3118 4075 et
3161 4013 3368 4076 nomen

1879 4129 1896 4158 ι
1933 4109 2050 4178 ejus
2078 4111 2130 4162 in
2174 4109 2343 4163 divini
2379 4111 2628 4181 mysterii
2659 4112 3024 4167 celebratione
3056 4121 3116 4166 ut
3143 4129 3373 4170 consue-

1877 4221 1895 4252 ι
1937 4209 2051 4255 tum
2081 4211 2185 4265 est,
2218 4217 2324 4256 non
2354 4201 2584 4267 referat;
2612 4213 2799 4257 sancta
2840 4205 3083 4274 synodus
3123 4220 3249 4259 eum
3282 4207 3374 4260 de-

1880 4313 1897 4344 ι
1939 4293 2176 4363 positum
2206 4310 2329 4349 esse
2353 4296 2568 4359 statuit,
2595 4297 2640 4349 si
2666 4305 2876 4350 tantum
2903 4299 3185 4352 convictus
3211 4299 3374 4356 fuerit

1879 4407 1897 4436 ‹
1937 4402 1966 4439 a
1995 4387 2217 4455 proprio
2241 4388 2674 4456 metropolitano
2724 4389 3018 4444 recessisse
3047 4398 3100 4444 et
3130 4393 3371 4448 schisnia

1877 4499 1895 4530 ‹
1939 4479 2152 4534 fecisse.
2183 4478 2418 4549 Oportet
2444 4481 2587 4534 enim
2633 4493 3075 4551 unumquemque
3123 4486 3373 4554 praprias

1877 4591 1895 4620 σ
1945 4587 2230 4626 mensuras
2265 4587 2597 4641 cognoscere
2623 4582 2677 4626 et
2706 4588 2803 4626 nec
2832 4575 3207 4644 presbyterum
3243 4593 3374 4647 pro-

1878 4685 1895 4715 ι
1935 4668 2110 4733 prium
2156 4662 2465 4735 episcopum
2503 4676 2853 4722 contemnere
2907 4683 3006 4722 nec
3051 4670 3367 4739 episcopum

1877 4775 1894 4806 ‹
1938 4760 2219 4826 proprium
2253 4760 2751 4826 metropolitanum.
2792 4778 2810 4809 ι

1874 4935 2066 4990 BALS.
2110 4935 2354 4991 Praesens
2388 4952 2602 5006 quoque
2633 4952 2807 4990 canon
2843 4938 3168 5004 prmcedeuti
3202 4950 3285 4992 est
3315 4940 3368 4992 in

1802 5029 2054 5083 omnibus
2087 5028 2305 5092 similis,
2339 5029 2552 5082 etiarnsi
2582 5029 2633 5081 iu
2665 5027 2913 5098 personis
2953 5028 3224 5086 diﬂerant.

1772 5265 1784 5274 ,
1873 5210 2122 5266 ZONAR.
2155 5209 2354 5265 Eadem
2387 5225 2509 5264 cum
2536 5209 2804 5279 superiori
2837 5224 3044 5264 canone
3069 5210 3136 5264 de
3164 5211 3365 5278 episcoo

1805 5306 1910 5374 pis,
1946 5305 2034 5372 qui
2083 5318 2143 5356 se
2191 5318 2220 5355 a
2265 5302 2807 5371 metropolitanorum
2857 5317 3082 5355 suorum
3149 5303 3370 5367 conjun-

1803 5398 1993 5448 ctione
2026 5394 2312 5452 divellunt.
2355 5408 2454 5446 nec
2487 5393 2566 5446 eis
2595 5392 3021 5458 communicant,
3053 5408 3154 5448 nec
3184 5410 3372 5448 eorum

1803 5489 2023 5542 nomina
2054 5486 2317 5548 referunt,
2353 5488 2438 5540 hic
2470 5500 2684 5554 quoque
2713 5500 2885 5539 canon
2916 5486 3183 5539 decernit.

1874 5579 2099 5632 ARIST.
2142 5599 2158 5629 ι
2197 5579 2264 5632 Et
2307 5579 2352 5632 si
2393 5553 2514 5647 quis
2545 5553 2834 5645 episc0pus
2889 5578 2941 5631 id
2979 5577 3157 5648 ipSum
3207 5594 3370 5634 ausus

1811 5693 1830 5726 ι
1875 5674 2036 5727 Interit
2064 5684 2255 5725 contra
2297 5687 2455 5724 suum
2494 5671 2970 5740 metropolitanum
2996 5711 3011 5733 ,
3047 5669 3372 5738 deponatur.

1811 5784 1829 5816 ι
1867 5762 2092 5830 Oportet
2128 5765 2270 5816 enim
2300 5777 2738 5832 unumquemque
2775 5760 3028 5831 proprias
3061 5776 3191 5816 suas
3228 5776 3371 5815 mem

1811 5875 1828 5906 ι
1869 5872 2028 5911 suras
2058 5871 2406 5928 cognoscere.
2448 5875 2464 5906 ι

2910 5949 2984 6010 34
