4166 6438
115 417 256 478 1073

1229 427 1309 487 IN
1352 428 1513 488 CAN.
1560 429 1692 486 XVI
1762 430 1968 489 CONC.
2009 434 2214 490 Cl’OL.

3204 432 3343 497 1074

114 551 234 601 ρες,
268 534 342 596 ὡς
386 534 539 588 Ἐπεὶ
571 536 726 589 τοῦτο
763 538 1007 591 στάσεων
1063 538 1156 591 καὶ
1201 540 1445 609 θορυοων
1479 540 1674 608 ἐκκλη-

1800 554 1906 597 ‘tlnt
1929 555 2055 614 ergo
2082 545 2267 597 Patres
2294 563 2305 596 :
2337 544 2600 606 Quoniam
2636 545 2685 597 id
2722 545 3047 599 seditionum
3078 558 3131 599 ct
3162 550 3334 601 eccle-

115 630 414 684 σιαστικῶν
443 633 558 684 ἐστι
591 633 904 701 παραίτιον,
946 622 1202 711 ὁρίζομεν
1235 635 1311 704 μὴ
1346 636 1677 702 ψηφίζεσθαι

113 722 441 787 ἐπίσκοπον,
472 723 673 788 ζῶντος
715 724 810 777 τοῦ
841 726 1107 795 προέδρου
1140 726 1239 799 τῆς
1285 727 1600 795 ἐκκλησίας,
1631 732 1679 779 εἰ

117 817 293 882 μήπω
323 815 430 866 άπὸ
455 816 866 879 κατεξετάσεως
896 817 1143 886 ἀναφανῇ
1171 817 1337 885 δεκτὴ
1363 819 1395 886 ἡ
1427 819 1521 870 τοῦ
1546 819 1683 880 ζῶν-

112 926 213 972 τος
237 912 590 979 παραίτησις,
621 909 654 979 ἦ
689 912 1058 980 καταδικασθῇ
1090 913 1201 965 ἀπὸ
1231 912 1511 981 συνοδικῆς
1542 914 1681 965 ἀπο-

113 1003 361 1067 φάσεως.
398 1002 709 1070 Τηνικαῦτα
744 1004 855 1073 γάρ
906 1005 997 1056 καὶ
1032 1004 1232 1068 ζῶντος
1279 1004 1470 1058 τούτου
1511 1024 1685 1075 χειροο

80 1093 477 1163 ,τονηθήσεται
516 1095 720 1163 ἕτερος.
764 1097 852 1157 Ὠς
908 1097 964 1151 δέ
1019 1114 1164 1159 τινος
1217 1097 1484 1161 εἰπόντος,
1533 1100 1596 1152 Τί
1628 1102 1684 1154 δὲ

112 1185 413 1254 γενήσεται
441 1187 521 1247 εἰς
553 1187 643 1239 τδν
673 1188 803 1241 λαὸν
828 1189 928 1256 τῆς
960 1190 1288 1259 ἐπισκοπῆς,
1314 1190 1407 1242 ἐάν
1444 1193 1472 1243 ό
1524 1198 1684 1261 προῖ-

114 1278 389 1341 στάμινος
448 1278 653 1348 ταύτης
706 1282 766 1332 οὐ
818 1282 962 1333 ποιεῖ
995 1282 1323 1350 παραίτησιν
1373 1286 1682 1354 κανονικὴν,

111 1367 257 1419 ἀλλὰ
287 1370 626 1436 χρονοτριόεῖ
670 1370 774 1434 ἔξω
801 1374 901 1440 τῆς
938 1372 1145 1435 οίκείας
1172 1376 1479 1439 ἐπισκοπῆς
1508 1394 1523 1439 ;
1554 1378 1689 1444 ὲπὴ-

110 1474 311 1523 γαγον,
346 1458 417 1520 ὡς
467 1460 530 1512 Et
557 1477 637 1521 τις
671 1462 967 1525 ἐπίσκοπος
1000 1464 1140 1533 ὑπὲρ
1174 1466 1234 1517 τὸ
1268 1466 1536 1536 ἑξάμηνον
1560 1470 1691 1520 ἁπο-

116 1549 363 1619 δημὴσει
408 1552 473 1603 ὲκ
502 1551 600 1627 τῆς
626 1552 918 1623 ἐκκλησίας
952 1555 1115 1609 αὐτοῦ
1144 1558 1312 1627 χωρὶς
1345 1558 1625 1625 βασιλικῆς
1652 1559 1684 1626 ἦ

118 1642 528 1711 πατριαρχικῆς
572 1646 939 1709 προστάξεως,
988 1647 1019 1717 ἢ
1068 1648 1191 1717 δίχα
1229 1649 1453 1717 βαρείας
1510 1651 1687 1714 νόσου,

124 1732 205 1800 μὴ
255 1734 690 1804 παραχωροὺσης
725 1736 877 1806 αὑτῷ
906 1740 969 1790 ἐκ
994 1740 1157 1790 τόπου
1188 1744 1267 1803 εἰς
1308 1743 1474 1809 τόπον
1520 1757 1688 1807 μετα-

116 1824 353 1884 ϐαίνειν,
381 1825 658 1896 ἀλλότριος
685 1828 786 1895 τῆς
822 1829 1233 1899 ἀρχιερωσύνης
1256 1834 1565 1901 γενήσεται,
1596 1833 1693 1884 καὶ

1787 637 2129 690 siasticarum
2162 637 2630 704 perturbationmn
2671 650 2833 689 causa
2865 644 2982 692 est.
3016 638 3332 698 statuimus,

1783 744 1849 781 ne
1878 726 2103 796 eligatur
2133 728 2421 796 episcopus
2454 726 2573 778 viVo
2633 726 2878 778 ecclesiae
2938 726 3187 791 prtesule,
3236 727 3336 779 nisi

1785 822 1973 889 utique
2000 819 2077 873 vel
2104 834 2170 873 ex
2199 818 2604 872 examinatione
2641 817 2947 869 constiterit
2981 831 3107 869 esse
3145 817 3332 868 admit-

1785 913 1995 966 tendam
2033 913 2262 967 viventis
2290 910 2773 970 renuntiationem,
2808 909 2887 959 vel
2928 908 3172 978 synodali
3220 925 3335 962 Sen-

1786 1006 1949 1059 tentia
2004 1005 2397 1059 condemnatus
2449 1003 2629 1057 fuerit.
2679 1003 2833 1055 Tunc
2871 1004 3012 1055 enim
3061 1017 3127 1054 eo
3175 1003 3333 1054 etian

1790 1098 1997 1151 vivente
2032 1094 2374 1150 ordinabitur
2400 1093 2744 1159 alius.Quasi
2772 1110 2901 1148 vero
2931 1094 3159 1147 dixisset
3191 1093 3314 1161 quis

1786 1188 1951 1256 piam,
1981 1188 2119 1251 Quid
2149 1202 2278 1239 vero
2313 1187 2405 1240 lict
2442 1187 2494 1239 in
2546 1188 2744 1255 populo
2774 1186 3121 1254 episcopatus
3144 1224 3159 1246 ,
3197 1185 3240 1236 si
3281 1183 3345 1243 is,

1787 1282 1878 1349 qui
1931 1282 2005 1334 illi
2060 1290 2275 1347 praeest,
2308 1295 2414 1332 non
2465 1278 2594 1331 facit
2634 1278 2949 1331 canonicam
2989 1275 3339 1329 renuntiatio-

1789 1389 1931 1435 IICIII,
1976 1373 2069 1427 sed
2100 1380 2254 1426 extra
2290 1384 2448 1425 suum
2479 1371 2850 1437 episcopatum
2884 1367 3163 1420 moratur?
3206 1366 3317 1418 iutn

1791 1454 1986 1527 lerunt,
2020 1463 2163 1533 quod
2197 1463 2241 1518 si
2279 1462 2402 1531 quis
2428 1463 2719 1529 episcopus
2748 1461 2885 1512 ultra
2930 1474 3021 1512 sex
3067 1472 3283 1511 menses
3316 1472 3346 1509 a

1790 1569 1885 1609 sua
1938 1555 2168 1609 ecclesia
2198 1551 2453 1614 abfuerit,
2495 1552 2613 1605 sine
2665 1550 2933 1618 imperiali
2984 1548 3066 1601 vel
3117 1548 3347 1615 patriar-

1789 1646 1929 1701 cliali
1963 1646 2233 1713 jussione,
2265 1644 2345 1697 vel
2379 1643 2495 1696 sine
2529 1642 2677 1711 gravi
2713 1643 2918 1696 lllOl‘ilO,
2953 1639 3044 1707 qui
3079 1654 3183 1692 non
3221 1654 3347 1705 per-

1793 1738 1956 1791 mittit
1988 1746 2047 1790 ut
2079 1737 2248 1803 possit
2286 1736 2462 1788 locum
2493 1736 2609 1787 loco
2636 1743 2864 1795 mutare,
2904 1732 2948 1783 is
2975 1733 3080 1785 erit
3105 1746 3133 1783 a
3160 1744 3345 1783 sacer-

1792 1830 1937 1883 dotio
1966 1831 2201 1891 alienus,
2235 1840 2286 1880 et
2314 1828 2453 1881 alius
2480 1842 2574 1895 pro
2598 1843 2662 1879 eo
2692 1826 3051 1879 ordinabitur.
3081 1825 3347 1888 Quoniam

118 1914 243 1964 ἀντ’
294 1914 459 1985 αὑτοῦ
502 1918 1011 1986 χειροτονηθήσεται
1060 1897 1274 1989 ἔτεροςξ
1317 1897 1465 1973 Ἐπεὶ
1510 1922 1567 1974 δὲ
1624 1925 1688 1974 ὲκ

1800 1930 1969 1975 autem
2009 1937 2072 1974 ex
2122 1919 2207 1971 bis
2240 1919 2460 1988 quidem
2498 1931 2760 1986 apparet,
2814 1934 2934 1970 esse
2970 1919 3352 1977 adinittendas.

114 2009 327 2061 τούτων
385 2009 483 2076 μὲν
529 2010 882 2075 ἀναφαίνεται
948 2014 1323 2079 παραδεκτέας
1375 2010 1513 2067 εἶναι
1591 2016 1688 2078 τὰς

119 2102 280 2167 παρὰ
308 2100 416 2151 τῶν
449 2102 763 2154 ἐπισκόπων
792 2104 1143 2172 ὁπωσδήποτε
1166 2106 1455 2173 γινομένας
1489 2125 1685 2175 παραι-

119 2194 336 2258 τήσεις·
361 2192 539 2261 ἕτεροι
568 2192 623 2244 δὲ
656 2193 899 2257 κανόνες,
954 2197 1047 2247 καὶ
1078 2196 1213 2265 αὐτὴ
1241 2199 1273 2266 ἡ
1328 2198 1459 2266 πρὸς
1485 2200 1691 2267 Δόμνον

119 2286 385 2352 ἐπιστολὴ
430 2284 524 2338 τοῦ
572 2285 729 2350 ἁγίου
795 2287 1081 2357 Κυρίλλου,
1134 2289 1249 2357 ἦτοι
1284 2290 1340 2341 τδ
1388 2296 1435 2341 α’
1480 2292 1572 2343 καὶ
1638 2288 1686 2356 γ’

121 2396 258 2447 κεφ.
290 2380 478 2447 αὐτῆς,
510 2379 834 2448 διορίζονται
870 2382 943 2449 μὴ
972 2383 1424 2451 ἀπεριμερίμνως
1461 2385 1559 2445 τὰς
1588 2386 1693 2436 τῶν

116 2470 444 2522 ἐπισκόπων
474 2472 839 2541 παραιτήσεις
888 2472 1157 2540 δέχεσθαι·
1204 2473 1439 2538 ὀφείλεις
1473 2476 1566 2524 καὶ
1600 2475 1693 2525 τὸν

115 2562 368 2631 παρόντα
408 2562 608 2615 κανόνα
636 2563 769 2631 πρὸς
806 2566 987 2616 ἐκεῖνα
1015 2563 1364 2633 συμϐιϐάσαι.
1406 2566 1680 2630 Ἀνὶγνω-

116 2671 218 2705 σον
249 2654 342 2705 κτλ
370 2654 431 2706 τὸ
462 2659 528 2705 ια’
549 2670 677 2720 κεφ.
710 2653 804 2707 τοῦ
831 2654 872 2705 9'
926 2655 1103 2707 τίτλου
1168 2656 1255 2707 τοῦ
1288 2657 1549 2725 παρόντος
1576 2675 1695 2708 συνο

112 2752 401 2815 τάγματος
467 2748 562 2800 καὶ
590 2748 657 2799 τὰ
685 2749 741 2799 ἐν
773 2747 942 2816 αὐτῷ.
977 2745 1102 2802 Ὀτι
1146 2749 1201 2801 δὲ
1250 2750 1308 2799 το
1353 2751 1453 2817 μὲν
1482 2749 1529 2817 β’
1559 2766 1686 2815 κεφ.

112 2838 218 2889 τοῦ
269 2844 316 2907 η’
358 2838 537 2891 τίτλου
576 2839 668 2891 τοῦ
706 2839 970 2909 παρόντος
1040 2843 1443 2910 συντάγματος,
1486 2841 1606 2910 ἢτοι
1637 2842 1698 2890 τὸ

111 2934 182 2981 ὲν
241 2932 414 2999 τούτῳ
461 2932 964 3035 περιεχόμενον“ιη’
1019 2932 1113 2984 καὶ
1168 2930 1230 2985 ιθ¹
1287 2951 1410 3000 κεφ.
1482 2935 1576 2985 τοῦ
1640 2940 1695 2987 α’

108 3021 301 3073 τίτλου
330 3021 422 3075 τοῦ
450 3020 498 3089 γ’
555 3020 760 3092 βιϐλίου
792 3022 899 3075 τῶν
924 3023 1249 3085 Βασιλικῶν,
1281 3026 1416 3093 ὅπερ
1447 3025 1563 3076 ἐστὶ
1596 3028 1695 3094 μὲ-

113 3127 216 3179 ρος
233 3114 335 3177 τῆς
363 3108 477 3181 ρκγ⁹
504 3111 927 3165 ’ίουστινιανὲίου
983 3113 1219 3181 Νεαρᾶς,
1249 3114 1394 3165 δοκεῖ
1416 3114 1691 3166 tume

1793 2027 1911 2077 quae
1942 2011 2437 2080 quomodocunque
2474 2009 2610 2061 liunt
2646 2009 2711 2061 ab
2758 2009 3029 2076 episcopis
3078 2008 3357 2061 renuntia-

1792 2108 1988 2167 tiones;
2014 2105 2102 2159 alii
2134 2118 2261 2157 vero
2291 2118 2550 2161 canones.
2584 2111 2638 2153 et
2669 2101 2843 2154 sancti
2874 2099 3061 2169 Cyrilli
3093 2099 3157 2152 ad
3184 2096 3361 2151 Dom-

1796 2209 1922 2245 ιιιιιιι
1973 2194 2200 2260 epistola
2228 2232 2243 2255 ,
2286 2192 2400 2245 εἰναι
2458 2191 2477 2242 1
2523 2202 2571 2244 ct
2610 2191 2642 2243 3
2682 2190 2800 2257 ejus
2841 2204 3203 2257 responsum,
3253 2196 3359 2243 sta—

1795 2294 1974 2343 tuunt.
2010 2299 2118 2337 non
2151 2299 2271 2337 esse
2303 2282 2708 2335 inconsiderate
2745 2280 3111 2335 admittendas
3140 2279 3355 2346 episco-

1797 2389 1987 2441 porum
2039 2372 2501 2431 renuntiationes.
2558 2371 2723 2423 debes
2770 2380 3086 2437 praesentem
3144 2382 3365 2436 quoque

1796 2480 2058 2517 canonem
2112 2463 2178 2517 ad
2240 2464 2327 2514 illa
2386 2462 2666 2516 reducere.
2723 2460 2863 2529 Lege
2895 2462 2949 2512 ll
2991 2474 3207 2527 quoque
3236 2472 3355 2523 cap.

1798 2558 1882 2607 tit.
1922 2545 1954 2609 9
1984 2556 2267 2625 praesentis
2315 2554 2517 2621 operis,
2553 2566 2605 2606 et
2654 2569 2773 2621 qua:
2809 2554 2860 2604 in
2901 2569 2966 2605 eo
3021 2563 3170 2603 sunt.
3227 2550 3361 2613 Quia

1799 2657 1976 2701 autem
2006 2661 2116 2715 cap.
2164 2646 2199 2697 2
2227 2648 2289 2698 tit
2346 2647 2375 2697 8
2409 2647 2689 2715 praesentis
2718 2646 2923 2713 operis,
2958 2644 3037 2694 vel
3064 2634 3183 2711 qua:
3212 2642 3262 2693 iu
3298 2656 3362 2695 eo

1798 2738 2148 2791 continentur
2187 2753 2306 2806 cap.
2361 2738 2426 2791 ’lS
2460 2748 2511 2790 et
2567 2738 2628 2791 19
2685 2736 2825 2789 tit.l
2879 2736 2972 2787 lib.
3032 2750 3088 2786 ιιι
3144 2733 3363 2787 Basilic.

1800 2830 1938 2897 quod
1994 2836 2076 2881 est
2138 2844 2261 2896 pars
2315 2829 2416 2882 123
2460 2827 2751 2883 Jistiuiani
2830 2826 3091 2887 Novellus,
3151 2826 3366 2878 videtur

1804 2924 2054 2991 praesenti
2109 2922 2303 2975 canoni
2362 2936 2683 2989 repugnare,
2734 2920 3022 2988 quaesitum
3061 2927 3142 2969 est
3175 2934 3201 2968 a
3247 2919 3368 2985 qui-

1805 3014 2027 3065 busdam
2061 3050 2075 3073 ,
2121 3012 2380 3079 quidnam
2421 3012 2570 3076 sequi
2616 3010 2934 3063 debeamus.
2970 3006 3234 3061 Videntur
3265 3024 3365 3058 au-

1806 3116 1911 3159 tem
1942 3106 1995 3158 in
2026 3104 2109 3158 bis
2141 3104 2443 3159 adversari;
2474 3103 2659 3157 Canon
2687 3103 2945 3171 episeopo
2979 3115 3070 3155 sex
3099 3100 3362 3154 mensium

111 3200 249 3253 σθαι
270 3200 345 3271 τῷ
367 3201 591 3269 παρόντι
615 3203 820 3254 κανόνι·
848 3203 1185 3273 συνεζητήθη
1216 3205 1365 3273 παρά
1386 3222 1564 3264 τινων.
1588 3204 1692 3257 τίνι

1807 3199 2040 3266 spatium
2076 3197 2139 3248 ad
2179 3197 2279 3247 boc
2316 3206 2373 3247 ut
2422 3197 2591 3263 possit
2623 3194 2951 3261 perigrenari
2985 3193 3129 3245 etab
3162 3193 3371 3259 episco-

110 3292 416 3360 προσέχειν
453 3293 763 3363 ὀφείλομεν.
798 3293 1035 3346 Δοκοῦσι
1095 3295 1153 3347 δὲ
1204 3295 1583 3349 ἐναντιοῦσθαι
1637 3299 1694 3347 ἐν

104 3384 354 3447 τούτοις.
389 3384 451 3436 Ὀ
488 3383 667 3437 κανὼν
701 3386 1126 3452 ἐφιλοτιμήσατο
1157 3387 1237 3447 εἰς
1276 3386 1594 3455 ἀποδημίαν
1618 3385 1695 3456 τῷ

110 3477 411 3546 ἒπισκόπῳ
434 3477 782 3545 ἑξαμηνιαῖον
803 3478 1011 3545 καιρόν·
1038 3479 1071 3548 ἡ
1095 3478 1281 3547 Νεαρὰ
1309 3481 1387 3541 είς
1420 3482 1698 3551 χρονιαῖον

116 3568 405 3635 διάστημα
453 3560 644 3632 τοῦτον
700 3567 1044 3637 ἐφήπλωσεν.
1085 3571 1207 3622 Ἔτι
1258 3573 1285 3622 ό
1333 3569 1512 3623 κανὼν
1570 3574 1698 3631 τοὺς

122 3658 273 3726 ὑπὲρ
324 3659 384 3711 τὸ
436 3660 705 3727 ἑξάμηνον
760 3660 1174 3727 ἀποδημοῦντας
1226 3662 1288 3712 ἐκ
1325 3661 1430 3713 τῶν
1480 3662 1698 3714 οἰκείων

119 3751 436 3820 ἐκκλησιῶν
466 3753 743 3822 ἀρχιερεῖς
765 3753 1120 3821 ὰσυζητήτως
1154 3752 1212 3819 ἐξ
1243 3753 1421 3804 αὐτῶν
1454 3754 1699 3824 ἀλλοτρι-

113 3844 313 3895 οῦσθαι
339 3845 648 3913 διωρίσατο’
675 3846 706 3913 ἡ
741 3844 930 3914 Νεαρὰ
968 3845 1223 3914 πρότερον
1252 3844 1492 3906 δαπάνας
1515 3848 1698 3916 ἀρχιε-

116 3935 284 4004 ρεῦσι
319 3936 394 4007 μὴ
438 3937 798 4007 χορηγεῖσθαι
839 3939 989 4007 παρὰ
1043 3937 1149 3988 τῶν
1196 3937 1499 4005 οἰκονόμων
1554 3940 1695 4008 μετὰ

116 4029 230 4096 τὴν
281 4029 473 4095 χρόνου
513 4028 875 4097 παραδρομὴν
914 4028 1377 4095 παρεκελεύσατο,
1420 4029 1517 4081 καὶ
1552 4030 1697 4082 οὕτω

90 4130 91 4133 ‘
124 4116 558 4185 μετακαλείσθαι
593 4117 789 4179 αὐτοὺς
820 4116 925 4168 ὑπὸ
956 4116 1065 4169 τῶν
1114 4118 1333 4169 οἰκείων
1378 4118 1655 4187 κληρικῶν
1681 4135 1695 4148 ο

118 4205 225 4258 καὶ
255 4204 303 4256 εἰ
349 4204 484 4273 μηδὲ
534 4204 678 4257 οὕτω
737 4205 1057 4272 πεισθῶσιν,
1106 4207 1325 4275 ἐτέρους
1374 4214 1699 4278 χειροτονεί-

118 4296 274 4350 σθαι.
314 4296 374 4348 '0
406 4295 582 4349 κανὼν
610 4299 849 4367 ἐκχωρεί
910 4302 1023 4359 τοῖς
1057 4301 1374 4369 ἀρχιερεῦσι
1406 4303 1498 4353 καὶ
1540 4303 1701 4353 πλέον

116 4386 226 4438 τοῦ
256 4388 501 4439 ἐνιαυτοῦ
522 4388 849 4457 ἀποδημεῖν,
874 4390 1032 4459 παρά
1064 4389 1330 4456 βασιλέων
1358 4392 1389 4461 ἢ
1418 4409 1695 4461 πατριαρ-

120 4478 243 4551 χῶν
271 4482 678 4548 κατεχομένοις,
711 4480 742 4547 ἢ
772 4480 860 4533 διὰ
882 4482 1037 4533 νόσον
1066 4481 1293 4552 βαρεῖαν
1316 4483 1697 4552 κωλυομένοις·

1801 3300 1923 3359 patu
1958 3290 2170 3354 abesse,
2209 3291 2433 3361 largitus
2466 3300 2547 3343 est
2574 3305 2588 3340 :
2614 3286 2831 3340 Novella
2866 3302 2991 3357 vero
3026 3285 3076 3341 id
3106 3285 3170 3336 ad
3206 3284 3367 3337 unius

1798 3381 1921 3434 anni
1953 3381 2296 3433 intervallum
2332 3378 2586 3434 extendit.
2622 3375 2887 3429 Prtelerea
2919 3384 3091 3425 canon
3120 3385 3235 3428 eos.
3274 3370 3365 3433 qui

1801 3473 1938 3524 ultra
1969 3488 2062 3525 sex
2093 3486 2307 3524 menses
2344 3486 2373 3523 a
2407 3471 2519 3524 sols
2582 3466 2830 3521 ecclesiis
2862 3463 3369 3525 absunt,aatistites

1798 3564 1933 3615 citra
1990 3562 2398 3631 inquisitionem
2443 3562 2510 3613 ab
2548 3560 2623 3613 iis
2669 3557 2803 3628 ipsis
2846 3556 3073 3610 alienati
3111 3556 3305 3607 statuit
3357 3573 3366 3602 :

1801 3654 2019 3709 Novella
2058 3665 2307 3722 stnnptus
2353 3654 2505 3722 prius
2550 3653 2617 3704 ab
2648 3651 3003 3705 (Bconomicis
3028 3646 3371 3701 antistitibus

1804 3765 1911 3801 non
1938 3746 2275 3816 suppeditari
2305 3747 2481 3815 jubet,
2518 3743 2677 3813 357
2722 3753 2843 3809 post
2871 3751 3082 3810 tempus
3105 3739 3372 3805 elapsom,

1800 3853 1854 3896 et
1878 3843 1957 3897 sic
1988 3858 2015 3894 a
2038 3843 2151 3896 Suis
2183 3840 2396 3895 clericis
2419 3840 2704 3903 accersiri;
2734 3846 2787 3890 et
2816 3837 2860 3891 si
2892 3851 2994 3888 non
3020 3835 3098 3885 sie
3131 3835 3372 3902 persuasi

1803 3933 2024 3998 iuerint,
2056 3934 2191 3987 alios
2225 3932 2489 3986 ordinari.
2520 3932 2707 3986 Canon
2744 3928 3009 3999 permittit
3034 3927 3375 3981 antistitibus

1800 4027 1961 4079 etiam
1996 4026 2133 4078 ultra
2164 4041 2367 4077 annum
2399 4025 2595 4077 abesse
2620 4063 2635 4087 ,
2665 4023 2709 4077 si
2740 4023 2807 4074 ab
2844 4019 3263 4088 imperatoribus
3294 4031 3372 4067 νρι

1804 4134 1830 4170 a
1860 4117 2186 4187 patriarcbis
2213 4116 2588 4178 detineantur,
2625 4114 2707 4166 vel
2739 4124 2956 4181 propter
2981 4124 3197 4179 gravem
3228 4123 3373 4159 nor.-

1806 4211 1930 4261 bum
1958 4208 2351 4278 prohibeantur
2389 4224 2398 4257 :
2434 4205 2657 4260 Novella
2691 4205 2823 4256 nilnil
2850 4212 3047 4257 tractat
3079 4201 3371 4268 ejusmodi.

1803 4299 1973 4370 Magis
2017 4314 2144 4368 ergo
2177 4300 2319 4366 quod
2359 4299 2410 4349 in
2474 4306 2623 4366 parte
2650 4296 2682 4348 6
2714 4296 3004 4350 .Iustiniani
3058 4296 3279 4346 novella:
3312 4295 3377 4343 de

1801 4393 1911 4445 Solc
1944 4393 2269 4461 imperatore
2307 4390 2636 4453 continetur,
2664 4399 2715 4441 et
2739 4404 2770 4441 a
2800 4387 2991 4441 Pltolio
3012 4388 3062 4438 in
3085 4388 3227 4438 dicto
3251 4401 3372 4451 cap.

1800 4484 1835 4536 2
1868 4482 1951 4536 tit.
1991 4482 2023 4536 8
2056 4483 2340 4551 prteseutis
2368 4481 2554 4551 operis
2587 4481 2753 4534 situm
2804 4488 2913 4543 est,
2969 4476 3201 4546 repetita
3239 4490 3376 4543 pra:-

115 4572 155 4639 ή
190 4569 377 4640 Νεαρὰ
409 4572 565 4623 οὐδέν
589 4589 640 4623 τι
668 4573 913 4625 τοιοῦτον
941 4574 1319 4643 διαλαμϐάνει.
1350 4575 1570 4628 Μᾶλλον
1600 4578 1700 4644 μὲν

1808 4576 1968 4628 lectio
2025 4589 2131 4627 non
2162 4575 2407 4643 recepit,
2446 4573 2540 4626 sed
2587 4572 2831 4639 expulit;
2886 4572 3073 4623 Visun!
3120 4577 3203 4623 est
3245 4582 3375 4635 ergo

112 4656 220 4713 οὖν
247 4665 305 4714 τὸ
337 4663 395 4715 ἐν
435 4663 589 4731 μέρει
623 4663 719 4731 τῆς
748 4663 803 4728 ς’
863 4665 1295 4719 Ἰουστινιανείου
1327 4668 1546 4735 Νεαρᾶς
1578 4669 1706 4736 περὶ

118 4754 290 4824 μόνου
318 4754 410 4806 τοῦ
437 4754 703 4823 βασιλέως
734 4757 1146 4826 περιεχόμενον,
1178 4761 1271 4811 καὶ
1308 4760 1697 4829 καταστρωθὲν

114 4848 281 4915 παρὰ
311 4846 404 4899 τοῦ
434 4846 639 4900 Φωτίου
671 4850 728 4900 ὲν
758 4848 834 4917 τῷ
868 4850 1082 4918 ῥηθέντι
1119 4849 1164 4919 β’
1229 4868 1352 4919 κεφ.
1389 4852 1482 4904 τοῦ
1512 4860 1573 4919 η’
1624 4853 1707 4903 τί-

114 4940 254 4991 τλον
286 4940 378 4992 τοῦ
412 4933 677 5009 παρόντος
709 4942 1115 5011 συντάγματος,
1146 4945 1575 5014 ἡὰνακάθαρσις
1600 4945 1701 4996 οὐκ

114 5027 366 5095 ἐδέξατο,
402 5029 517 5083 ἀλλ’
568 5030 789 5095 ἐδίωξεν
814 5048 829 5063 ’
866 5031 1013 5097 ἔδοξε
1049 5033 1181 5099 γοῦν
1233 5037 1298 5086 τὰ
1334 5032 1428 5086 τοῦ
1472 5035 1697 5096 κανόνος

120 5123 333 5193 μᾶλλον
381 5126 620 5193 ὀφείλειν
665 5131 906 5192 κρατεῖν.
958 5126 1103 5194 Ἐγὼ
1135 5127 1191 5178 δὲ
1251 5127 1346 5178 καὶ
1394 5126 1476 5178 ἔτι
1530 5129 1701 5196 sum.

1802 4682 2068 4721 canonem
2107 4668 2287 4734 potius
2336 4664 2541 4717 servari
2588 4672 2860 4731 oportere.
2892 4661 3002 4730 Ego
3036 4675 3163 4713 vero
3199 4659 3376 4711 adhuc

1805 4759 1969 4813 etiam
1999 4758 2212 4811 dubito.
2244 4757 2529 4821 Quatenus
2569 4757 2710 4808 enim
2744 4767 2827 4807 cst
2858 4753 3084 4823 qumstio
3116 4750 3374 4805 ecclesia-

1809 4851 1970 4916 stica,
2008 4857 2095 4902 sto
2136 4848 2204 4901 ab
2244 4846 2354 4900 illis
2385 4848 2476 4915 qui
2505 4847 2697 4899 dicunt
2732 4860 2996 4899 canouem
3045 4845 3228 4910 magis.
3256 4857 3374 4893 ser-

1808 4944 1921 4995 vari
1959 4950 2210 5011 oportere
2244 4958 2257 4993 :
2299 4948 2575 5009 quatenus
2604 4950 2782 4991 autem
2814 4937 3037 4990 Basilica
3082 4944 3374 5003 repurgata

1806 5044 1935 5088 sunt
1982 5044 2103 5102 post
2145 5032 2509 5085 noinocanoui
2561 5031 3065 5098 compositionem,
3112 5037 3167 5080 et
3218 5026 3378 5093 hujus

1810 5126 2037 5179 canonis
2066 5118 2395 5186 editionem,
2431 5123 2584 5176 alteri
2618 5125 2907 5177 sententim
2949 5122 3245 5175 assentior.

118 5216 328 5275 ϐάλλω.
354 5220 547 5284 Καθὼς
586 5222 685 5291 μὲν
719 5224 829 5292 γάρ
886 5225 1005 5275 ἐστι
1042 5224 1101 5275 τ’»
1135 5225 1361 5293 ζήτημα
1440 5223 1923 5294 ἐκκλησιαστικὸν,
1990 5222 2329 5292 πρόσκειμαι
2393 5221 2506 5282 τοῖς
2562 5219 2815 5285 λέγουσιν
2865 5218 3101 5287 ὀφείλειν
3180 5216 3379 5283 μᾶλλον

118 5311 200 5367 τὰ
231 5312 325 5365 τοῦ
350 5315 576 5377 κανόνος
616 5318 838 5385 κρατεῖν
874 5333 887 5346 ·
918 5316 1053 5369 καθὸ
1084 5316 1140 5369 δὲ
1169 5320 1237 5371 τὰ
1273 5316 1539 5370 Βασιλικὰ
1570 5315 2027 5383 άνεκαθάρθησαν
2058 5314 2195 5383 μετα
2230 5314 2329 5381 τὴν
2400 5311 2497 5363 τοῦ
2560 5312 2919 5379 νομοκανόνου
2996 5309 3216 5379 ποίησιν
3284 5309 3379 5361 mi

118 5408 229 5479 τὴν
265 5408 361 5463 τοῦ
404 5410 629 5473 κανόνος
679 5414 870 5465 τούτου
908 5412 1194 5474 ἀπόλυσιν,
1243 5413 1579 5485 πρόσκειμαι
1628 5415 1694 5482 τῇ
1737 5414 1899 5483 ἑτέρᾳ
1932 5410 2145 5481 γνώμῃ.

574 5503 774 5572 Ἑτέρα
805 5506 954 5575 ἐρμη
962 5508 1089 5560 νειά
1127 5508 1258 5576 (58).

212 5592 301 5645 Ἐν
319 5593 432 5655 τοῖς
470 5593 570 5661 μὲν
612 5594 935 5664 ἐγράψαμεν
969 5597 1209 5664 ὀφείλειν
1244 5598 1311 5650 τὰ
1340 5600 1417 5667 τῷ
1466 5613 1697 5670 παρόντι

2284 5506 2463 5559 Altera
2503 5506 2892 5573 interpretatio.

1880 5598 1935 5652 in
1969 5599 2053 5653 bis
2089 5598 2305 5668 quidem
2341 5597 2664 5666 scripsimus
2692 5596 2894 5649 servavi
2926 5606 3180 5663 oportere
3208 5635 3221 5657 ,
3255 5603 3380 5663 quae

524 5774 525 5779 η
1318 5712 1514 5773 Guill.
1548 5715 1876 5792 Beveregii
1924 5724 2110 5776 notae.

204 5804 319 5883 t58)
368 5805 567 5886 Ἑτέρα
592 5809 893 5886 ἑρμηνεία.
938 5813 1061 5867 lber:
1088 5815 1254 5869 altera
1314 5819 1695 5886 interpretatio

1802 5832 1852 5871 et
1889 5820 1942 5872 in
1995 5818 2435 5872 Amerbacliiano
2460 5858 2474 5879 ,
2512 5832 2722 5870 necnon
2773 5817 2823 5868 in
2887 5822 3266 5883 supplemento
3305 5817 3369 5871 ad

131 5878 299 5943 hujus
330 5882 555 5933 (‘illlUl'iS
599 5898 706 5934 non
742 5885 898 5936 uiodo
948 5888 997 5937 in
1032 5886 1223 5943 codice
1258 5878 1689 5953 Bodleianoﬁed

1806 5890 2167 5945 Parisiensem
2202 5888 2539 5943 Balsatnonis
2573 5888 2867 5942 editionem
2912 5898 3110 5943 exstat.
