4166 6438
148 405 288 468 1085

138 610 412 682 καταδίκῃ
449 614 726 680 ἐπιτιμίου
753 617 1206 686 ἐκκλησιαστιγοῦ
1237 627 1711 700 καθυποίὴλλόμε-

135 719 241 762 νοι,
278 702 429 769 παρὰ
455 703 546 754 τοῦ
600 705 793 774 θρόνου
836 712 936 772 τῆς
987 714 1226 776 παλαιᾶς
1268 717 1506 789 Ῥώμης,
1540 741 1708 791 προσ-

131 812 372 864 τρχοντο
396 797 471 866 τῷ
503 796 676 867 θρόνῳ
703 803 799 868 τῆς
833 804 1456 876 Κωνσταντινουπόλεως
1478 829 1492 845 ⁸
1529 819 1621 869 καὶ
1647 820 1708 870 τὸ

131 887 435 942 ἀνάπαλιν.
504 892 611 942 Καὶ
642 894 765 945 ἐπεὶ
796 895 860 945 ὲκ
885 897 1072 950 τούτου
1104 902 1369 956 σκάνδαλα
1405 907 1569 974 μέσον
1598 910 1707 962 τῶν

128 980 227 1030 δύο
293 981 630 1051 Ἐκκλησιῶν
687 988 1008 1055 ἀνεφύοντο,
1064 991 1408 1065 ἐλαλήθησαν
1465 1001 1533 1052 τα
1579 1004 1706 1071 περὶ

131 1073 334 1126 τ’.ύτου
385 1077 524 1130 κατὰ
553 1082 644 1130 τὸν
688 1081 877 1149 καιρὸν
929 1084 1027 1150 τῆς
1076 1087 1458 1160 οἱκουμενικῆς
1505 1093 1705 1158 ταύτης

131 1168 378 1221 συνόδου.
411 1171 503 1231 Εἰς
526 1173 868 1242 περιαίρεσιν
901 1173 994 1228 οὖν
1028 1180 1322 1233 σκανδάλου
1359 1188 1553 1246 παντὸς
1578 1185 1705 1252 ὤρι-

128 1277 234 1311 σαν
289 1262 337 1312 οἱ
388 1265 628 1332 Πατέρες
694 1267 820 1328 τοὺς
869 1270 1214 1340 ὁπωσδήποτε
1272 1280 1703 1346 κατακριθέντας

124 1355 287 1418 παρα
351 1354 444 1406 τοῦ
505 1360 704 1410 πάππα
768 1358 906 1413 εἶναι
962 1367 1054 1414 καὶ
1106 1367 1256 1432 παρὰ
1285 1367 1362 1435 τῷ
1393 1371 1705 1441 πατριάρχῃ

123 1448 759 1516 Κωνςταντινουπὸλεως
814 1456 1425 1524 καταδεδικασμένους·
1480 1465 1572 1513 καὶ
1646 1465 1705 1514 το

636 1545 685 1559 ιιι

121 1540 428 1594 ἀνάπαλιν.
490 1543 576 1604 Ὠς
630 1545 685 1596 δέ
731 1563 875 1604 τινος
935 1548 1030 1600 τοῦ
1089 1551 1148 1613 ἐξ
1182 1552 1416 1614 Ἰταλίας
1461 1555 1702 1616 εἰπόντος

117 1635 213 1683 ἰπὶ
247 1639 561 1706 περιγραφῇ
589 1638 695 1688 τῶν
752 1641 1066 1708 προνομίων
1101 1642 1195 1694 τοῦ
1234 1643 1424 1711 θρόνου
1452 1647 1548 1714 τῆς
1601 1663 1701 1696 πα-

117 1728 282 1788 λαιᾶς
323 1727 538 1796 Ῥώμης
569 1730 740 1781 ταῦτα
789 1733 1139 1794 θεσπίζεσθαι
1181 1735 1268 1786 διὰ
1295 1737 1394 1804 τὴν
1422 1737 1702 1802 ἐξίσωσιν,

117 1820 455 1886 προσέθεντο
486 1822 897 1890 ἁκαινοτόμητα
934 1828 1319 1894 συντηρεῖσθαι
1370 1831 1448 1891 εἰς
1480 1831 1540 1882 τὸ
1572 1831 1697 1899 ἑξῆς

114 1914 185 1959 τα
220 1914 506 1974 πρεσὸεῖα,
561 1916 653 1965 καὶ
714 1916 812 1984 τὴν
858 1919 1022 1986 τιμὴν
1066 1919 1158 1969 τοῦ
1199 1921 1464 1990 προέδρου
1506 1924 1696 1991 αὐτῆς.
1736 1896 1773 1948 Β

130 2004 291 2054 Ἐπεὶ
324 2005 432 2072 γὰρ
469 2005 758 2074 ἠρώτησαν
792 2028 955 2072 τινες,
985 2011 1058 2072 ὡς
1123 2011 1214 2062 τοῦ
1265 2015 1482 2076 κανόνος
1530 2017 1702 2083 μόνων

121 2097 231 2146 τῶν
269 2097 360 2148 δύο
392 2099 640 2166 μεγάλων
670 2102 972 2170 ἀρχιερέων
1003 2110 1373 2174 μεμνημένου,
1409 2109 1462 2159 τί
1486 2111 1702 2177 γενήτε-

114 2206 210 2238 ται
255 2191 334 2249 εἰς
387 2195 513 2252 τους
540 2193 729 2254 ἄλλους
784 2196 1121 2266 πατριάρχας
1148 2215 1160 2258 ;
1193 2199 1371 2266 φαμὲν
1396 2199 1585 2262 κοινῶς
1609 2202 1699 2253 καὶ

113 2280 206 2331 διὰ
243 2283 456 2343 πάντας
483 2285 866 2354 ἐκφωνηθῆναι
899 2288 988 2338 τὸν
1022 2289 1244 2341 κανόνα.
1282 2290 1404 2340 "Ott
1443 2293 1534 2342 καὶ
1584 2291 1698 2342 ἓτε-

117 2388 206 2436 ροι
245 2372 470 2434 κανόνες
505 2377 816 2443 παρομοίω;
850 2377 1177 2445 διορίζονται
1209 2380 1573 2448 ἀκοινώνητον
1614 2375 1694 2432 εἷ·

112 2479 206 2510 ναι
243 2461 337 2512 τὸν
363 2463 798 2532 προσδεχόμενον
828 2467 1128 2518 ἐπίσκοπον
1167 2471 1293 2530 τοὺς
1324 2470 1472 2538 παρὰ
1501 2471 1688 2539 ἑτέρου

109 2557 424 2607 ἐ.τιτκόπου
459 2559 876 2626 άφορισθέντας,
914 2561 944 2630 ἦ
995 2562 1088 2612 καὶ
1137 2562 1311 2624 ἄλλως
1343 2564 1693 2633 ἐπιτιμηθέν-

109 2665 244 2709 τας,
278 2650 364 2700 δια
398 2651 456 2702 τὸ
484 2651 540 2702 ἓν
569 2653 727 2719 σῶμα
755 2653 1069 2718 λογίζεσθαι
1101 2655 1280 2717 πάσας
1305 2657 1400 2717 τὰς
1423 2658 1515 2709 τοῦ
1553 2655 1688 2709 Θεοῦ

110 2740 440 2809 ἐκκλησίας.
519 2746 872 2814 Ἐγράυηταν
941 2747 997 2799 δὲ
1083 2747 1153 2798 τὰ
1215 2750 1272 2800 ἐν
1323 2749 1400 2818 τῷ
1460 2750 1689 2817 παρόντι

110 2835 312 2887 λαγόνι
345 2837 528 2899 ίόικῶς
559 2836 645 2889 διὰ
676 2838 744 2889 τὰ
773 2838 894 2890 τότε
931 2839 1283 2906 συμπεσόντα
1316 2838 1586 2892 σκάνδαλα
1619 2841 1683 2891 ἐκ

106 2927 213 2977 τοῦ
262 2929 526 2988 πολλάκις
610 2928 1079 2997 καταϐιϐασθῆναι
1145 2932 1239 2983 τὸν
1306 2935 1654 3001 πατριάχρην

107 3020 405 3073 Φώτιονὲκ
437 3021 530 3073 τοῦ
579 3021 975 3091 πατριαρχικού
1028 3023 1241 3092 θρόνου.
1277 3025 1370 3074 καὶ
1423 3022 1685 3085 πολλάκις

106 3115 583 3184 ὰποκαταστῆιαι.
617 3114 909 3166 κάντεῦθεν)
961 3116 1130 3167 πολλὰ
1169 3117 1447 3185 σχίσματα
1484 3134 1696 3187 συμπε-

107 3221 254 3257 σειν.

189 3298 439 3354 ΖΩΝΛΡ.
463 3299 554 3368 Μὴ
587 3299 944 3367 διαφέρεσθαι
977 3299 1222 3362 θέλοντες
1259 3301 1310 3351 οἱ
1349 3301 1446 3368 τῆς
1476 3301 1689 3352 συνόδου
1718 3305 1762 3366 C

111 3396 260 3462 πρὸς
293 3393 551 3464 ἀλλήλους
570 3393 661 3445 τόν
685 3411 744 3444 τε
766 3393 861 3460 τῆς
890 3391 1266 3462 πρεσὸυτέρας
1301 3392 1517 3462 Ῥώμης
1547 3395 1695 3444 πάπ-

103 3505 228 3538 τταν
274 3487 367 3538 καὶ
408 3487 501 3538 τὸν
559 3486 658 3555 τῆς
715 3487 840 3546 νέας
877 3484 1080 3553 ταύτης
1121 3487 1214 3550 τῆς
1259 3487 1692 3538 Κωνσταντινου-

106 3576 326 3637 πόλεως
356 3575 724 3643 πατριάρχην,
754 3575 866 3626 ἀλλ’
897 3577 1135 3643 ὁμονοεῖν
1164 3574 1414 3645 ἀλλήλοις
1441 3593 1455 3605 ·
1479 3575 1556 3627 ἔτι
1586 3577 1693 3642 γὰρ

103 3663 261 3728 ἦσαν
282 3666 521 3734 ὁμόδοξοι
542 3667 635 3717 καὶ
657 3665 958 3735 ὁμόθρονοι·
983 3665 1184 3736 ὥρισαν
1209 3667 1300 3719 καὶ
1324 3668 1448 3729 τοὺς
1477 3666 1581 3719 ὑπὸ
1599 3665 1692 3720 τοῦ

105 3763 315 3811 ’πάππα
332 3758 779 3826 δεδεσμημένους,
803 3758 968 3826 ἤγουν
996 3761 1426 3828 ἀφωρισμένως,
1453 3758 1548 3812 καὶ
1567 3760 1693 3821 τοὺς

105 3850 560 3921 καθῃρημένους,
596 3849 692 3900 καί
721 3850 850 3910 τοὺς
884 3850 1187 3918 ἁναθέματι
1220 3851 1690 3921 ὑποϐεϐλημένους

104 3944 177 3991 ἐκ
213 3940 319 3992 τιῖιν
354 3939 415 4003 ἐξ
469 3939 701 4001 Ἰταλίας
752 3939 1026 4009 κληρικῶν
1060 3941 1092 4009 ἢ
1137 3943 1363 4005 λαῖκῶν,
1401 3942 1432 4011 ἢ
1476 3943 1692 3994 ἐπισκό-

106 4052 258 4094 πων,
292 4032 393 4084 κᾶν
421 4034 479 4085 ἐν
507 4035 570 4100 τῇ
621 4032 777 4102 Ἀσία
825 4032 1085 4098 διάγοιεν,
1127 4035 1298 4104 ἤγουν
1336 4038 1401 4104 τῇ
1433 4034 1686 4104 ἀνατολῇ,

108 4125 222 4176 κᾶν
281 4126 338 4174 ὲν
380 4127 448 4194 τῇ
493 4125 752 4196 Εὐρώπῃ,
800 4126 971 4195 ἤγουν
1003 4128 1067 4194 τῇ
1111 4125 1283 4190 δύσει,
1338 4126 1443 4179 κᾶν
1502 4127 1560 4177 ἐν
1621 4129 1686 4195 τῇ

104 4216 292 4287 Λιϐύη
341 4216 592 4283 (κάκείνη
632 4219 740 4287 γὰρ
787 4218 906 4268 τότε
944 4216 1048 4267 ὑπὸ
1075 4215 1142 4267 τα
1167 4217 1353 4270 δίκαια
1392 4216 1492 4283 τῆς
1540 4215 1691 4285 βασι-

105 4307 267 4367 λείας
285 4305 486 4376 ταύτης
515 4306 733 4376 ἐτέλει),
766 4300 908 4359 εἶναι
937 4308 1040 4359 ὑπὸ
1069 4307 1128 4358 τὸ
1156 4306 1287 4358 αὐτὸ
1312 4304 1687 4375 ὲπιτίμιοντοῦ

105 4396 428 4468 ἀφορισμοῦ
475 4398 508 4468 ἢ
551 4398 652 4467 τῆς
687 4397 1083 4468 καθαιρέσεως,
1126 4397 1158 4466 ἦ
1200 4396 1294 4450 τοῦ
1326 4396 1684 4466 ἁναθέματος,

106 4493 211 4544 καὶ
258 4491 406 4559 παρὰ
450 4491 641 4560 Φωτίῳ
673 4490 750 4559 τῷ
777 4491 897 4543 τότε
952 4489 1379 4559 πατριαρχοῦντι
1423 4491 1482 4541 ὲν
1536 4491 1689 4548 Κων-

111 4584 576 4640 σταντινουπόλει.
626 4584 824 4636 Ἰταλία
875 4584 917 4635 δ’
974 4584 1125 4634 ἐστιν
1179 4585 1212 4652 ὴ
1270 4584 1417 4635 πᾶσα
1465 4581 1618 4652 χώρα
1650 4585 1684 4651 ἡ

915 415 996 473 ΙΝ
1040 421 1198 481 CAN.
1239 424 1257 480 l
1301 425 1509 486 CONC.
1553 431 1630 488 ΙΝ
1661 433 1840 493 f‘.‘EDE
1875 441 1937 498 S.
1978 443 2279 502 SOPHLE
2319 449 2604 510 ll.—\lilTl.

218 517 416 569 ΒΛΛΣ.
449 519 600 581 Τινὲς
635 527 1076 593 κατακρινόμενοι
1104 531 1528 608 ἀκοινωνησίμῆ
1550 544 1708 610 ἑτέρᾳ
1740 557 1781 604 Α

3242 454 3258 513 i
3269 454 3375 516 086

1881 551 2073 607 lilLS.
2129 555 2359 621 Quidam
2397 567 2866 624 «malum.uniuni,
2931 565 3008 617 vel
3058 568 3144 618 alii
3205 586 3373 631 paena:

1811 644 2195 702 ecrlesiastica:
2253 652 2693 707 condemnationi
2754 660 3017 722 subjecti,
3085 675 3112 709 a
3174 662 3372 714 veteris

1813 731 1996 788 llenw
2033 737 2161 792 sede
2209 739 2272 792 ad
2302 739 2960 811 Constantinopolimnam
2996 747 3177 800 sedem
3212 765 3370 800 acce-

1809 826 2036 892 dehant;
2063 841 2117 883 et
2146 843 2355 886 contra.
2382 832 2443 884 Et
2467 835 2721 902 quoniam
2751 852 2811 889 ex
2845 856 2910 891 eo
2941 842 3193 893 scandala
3227 843 3371 893 inim-

1809 918 1946 974 duas
2006 922 2286 976 Ecclesias
2345 927 2681 990 oriebantur,
2741 943 2802 979 ea
2837 929 2997 997 hujus
3046 933 3369 984 uinvei-salis

1809 1015 1998 1072 svnodi
2033 1025 2273 1086 tempore
2301 1018 2365 1070 ad
2401 1035 2517 1072 eam
2556 1022 2723 1074 relata
2755 1031 2905 1074 sunt.
2943 1023 3022 1075 Ad
3049 1041 3208 1078 omne
3239 1042 3370 1092 ergo

1811 1110 2110 1162 tollendum
2169 1113 2489 1166 scandalum
2547 1124 2857 1170 statuerunt
2910 1115 3118 1188 Patres,
3174 1129 3230 1170 ut
3276 1123 3366 1187 qui

1807 1201 2304 1272 quomodocunque
2340 1220 2367 1256 a
2405 1220 2538 1274 papa
2601 1218 2730 1261 sunt
2782 1209 3154 1270 condemnati,
3196 1211 3226 1261 ii
3261 1214 3368 1265 sint

1807 1294 1946 1361 apud
2008 1296 2371 1363 patriarcham
2434 1314 2652 1366 quoque
2703 1301 3364 1370 ConstantinOpolitanum

1805 1386 2184 1452 condemnati;
2217 1399 2268 1442 et
2302 1391 2419 1445 vice
2451 1406 2629 1446 versa.
2662 1393 2939 1461 Tanquam
2980 1404 3159 1448 autem
3198 1395 3371 1446 dixis-

1805 1491 1886 1534 set
1916 1481 2083 1534 Italus
2112 1483 2384 1550 quispiam
2412 1525 2426 1546 ,
2464 1485 2574 1537 haec
2611 1487 2677 1537 ad
2713 1488 3189 1540 circumveniemla
3222 1500 3369 1542 vete-

1806 1575 1880 1626 ris
1936 1571 2193 1627 Romana:
2241 1576 2389 1628 sedis
2443 1578 2718 1646 privilegia
2779 1578 3021 1640 deem-ni,
3077 1591 3361 1646 propterea

1803 1670 1946 1735 quod
1983 1667 2267 1720 inducatur
2296 1668 2614 1736 aequalitas;
2649 1670 2990 1737 adjecerunt,
3049 1673 3181 1724 nihil
3218 1675 3368 1740 peni-

1805 1770 1893 1812 tus
1924 1761 2176 1814 iunovata
2213 1764 2267 1816 in
2324 1773 2598 1831 posterum
2656 1767 2862 1817 servari
2898 1765 3017 1832 ejus
3057 1766 3363 1834 privilegia.

1803 1861 1858 1904 et
1891 1852 2012 1916 ejus
2047 1855 2308 1907 antistitis
2345 1855 2626 1908 honorem.
2661 1856 2932 1919 Quoniam
2983 1866 3163 1909 autem
3203 1858 3364 1927 rog’a-

1811 1951 2005 1996 verunt
2035 1945 2309 2006 nonnulli,
2343 1961 2464 1998 cum
2500 1961 2674 2000 canon
2709 1950 2942 2000 duorum
3003 1959 3212 2001 tantum
3245 1966 3366 2002 ma-

1807 2053 2036 2102 gnorum
2077 2038 2384 2092 antistitum
2441 2041 2765 2097 meminerit.
2823 2038 2963 2104 Quid
2998 2041 3088 2093 [iet
3135 2040 3203 2094 dc
3245 2043 3367 2094 aliis

1807 2129 2166 2196 patriarchis?
2195 2131 2430 2186 dicimus
2456 2135 2813 2185 connuuniter
2842 2145 2896 2187 et
2926 2144 3147 2202 pr0pter
3177 2149 3368 2188 omnes

1804 2221 2007 2274 editum
2038 2236 2159 2274 esse
2188 2237 2476 2277 canonem.
2531 2221 2664 2275 Nam
2723 2224 2810 2277 alii
2859 2240 3073 2293 quoque
3125 2240 3366 2279 canones

1804 2313 2056 2364 similiter
2081 2313 2386 2366 decernunt
2438 2330 2557 2368 esse
2586 2317 3117 2369 excommunicatum
3155 2319 3366 2382 episco-

1805 2420 1953 2468 pum,
1986 2405 2078 2471 qui
2116 2405 2182 2456 ab
2213 2405 2319 2455 alio
2348 2405 2605 2473 episcopo
2644 2415 2954 2474 segregatos
2993 2408 3243 2474 suscipit,
3283 2409 3362 2459 vel

1801 2496 1981 2558 aliqua
2033 2497 2137 2548 alia
2191 2510 2348 2563 pinna
2396 2497 2653 2561 allectos;
2713 2514 2778 2550 eo
2829 2498 2972 2565 quod
3028 2517 3215 2554 clunes
3271 2499 3361 2553 Dei

1799 2589 2040 2642 ccclesize
2087 2605 2251 2641 unum
2290 2604 2486 2656 corpus
2514 2599 2850 2656 reputentur.
2878 2591 3007 2654 Quae
3029 2600 3206 2643 autem
3236 2602 3361 2644 sunt

1720 2717 1731 2738 ρ
1797 2684 1850 2734 in
1884 2682 2131 2750 pnesenti
2170 2697 2377 2734 canone
2409 2683 2722 2750 specialiter
2772 2683 2974 2750 scripta
3041 2690 3188 2748 sunt,
3242 2699 3364 2750 pro-

1797 2785 1914 2841 pter
1950 2772 2204 2826 scandala
2240 2789 2362 2840 qua:
2394 2783 2522 2826 tunc
2559 2773 2930 2842 contigerunt.
2983 2789 3048 2826 eo
3081 2775 3225 2841 quod
3261 2791 3358 2842 pa-

1793 2866 2031 2918 triarcha
2059 2862 2281 2918 Photius
2317 2880 2457 2932 saepe
2504 2881 2568 2918 ex
2608 2865 2815 2918 throno
2866 2865 3216 2930 patriarchali
3268 2870 3359 2917 ile-
3421 2855 3425 2860 ’

1788 2954 2099 3025 jectuslest,
2131 2967 2183 3009 et
2215 2971 2352 3022 sarpe
2386 2956 2667 3010 restitutus
2697 2975 2707 3008 :
2743 2967 2796 3010 et
2832 2958 2952 3011 ideo
2984 2958 3153 3010 multa
3186 2957 3361 3011 schis-

1796 3057 1940 3102 mata
1975 3046 2303 3101 inciderunt.

3224 3169 3246 3187 η

1866 3297 2120 3354 ZONAR.
2173 3299 2308 3353 Cum
2344 3299 2484 3351 inter
2519 3297 2703 3351 Romae
2755 3301 2988 3369 antiqua:
3045 3316 3261 3370 papam,
3301 3301 3355 3358 et

1796 3408 1943 3446 novae
1979 3393 2138 3461 hujus
2159 3391 2707 3457 Constantinopoleos
2742 3395 3102 3462 patriarcham
3136 3405 3359 3450 contro-

1796 3486 1990 3540 versiae
2018 3486 2151 3539 nihil
2182 3486 2436 3550 existere,
2472 3495 2635 3555 atque
2682 3488 2827 3540 inter
2877 3490 3026 3556 ipsos
3091 3503 3254 3558 quam
3295 3504 3358 3542 o-

1793 3577 1960 3646 ptime
2007 3576 2318 3639 convenire,
2359 3577 2548 3645 synodi
2604 3574 2793 3631 Patres
2849 3586 3101 3646 optarent
3165 3581 3356 3648 (erant

1792 3665 1937 3718 enim
1965 3664 2142 3717 adhuc
2178 3665 2420 3733 quidem,
2469 3677 2523 3720 et
2554 3665 2954 3719 sententiarum
2993 3668 3268 3736 opinione,
3299 3681 3353 3723 et

1793 3762 1869 3812 rei
1919 3759 2305 3812 ecclesiasticae
2359 3759 2616 3813 concordi
2677 3759 3165 3821 administratione,
3223 3777 3355 3814 con-

1787 3850 2021 3919 juncti),
2074 3850 2389 3919 quicunque
2417 3867 2483 3904 ex
2515 3851 2666 3904 Italia
2695 3852 2902 3914 clerici,
2937 3863 3030 3905 aut
3080 3854 3224 3915 laici,
3260 3864 3354 3906 aut

1791 3941 2028 4011 episc0pi
2063 3958 2090 3994 a
2120 3957 2257 4012 papa
2307 3943 2476 4012 ligati,
2531 3944 2632 3997 hoc
2667 3952 2772 4008 est,
2823 3945 3135 4014 quicunque
3166 3960 3352 4012 segre-

1790 4032 2026 4100 gatione,
2057 4033 2260 4101 quique
2292 4033 2654 4102 depositione,
2709 4043 2800 4087 aut
2829 4035 3178 4088 anathemate
3209 4038 3347 4087 mul-

1792 4125 1886 4177 tati
1917 4125 2166 4188 l'uissent,
2202 4126 2321 4181 sive
2375 4125 2428 4179 in
2464 4127 2620 4185 Asia.
2672 4129 2774 4180 hoc
2825 4137 2931 4192 est,
2994 4128 3050 4181 in
3104 4126 3347 4191 Oriente,

1787 4217 1899 4269 sive
1932 4217 1984 4268 in
2019 4215 2258 4286 Europa,
2311 4217 2413 4272 hoc
2443 4227 2547 4281 est,
2583 4219 2633 4270 in
2671 4219 2980 4280 Occidente.
3005 4218 3119 4273 sive
3169 4219 3222 4272 in
3255 4217 3350 4271 Li-

1789 4312 1888 4380 bya
1945 4310 2205 4379 degerent
2290 4287 2452 4381 (nain
2529 4327 2591 4365 ea
2645 4327 2860 4381 quoque
2911 4323 3040 4366 tunc
3090 4312 3349 4380 temporis

1788 4402 1950 4473 hujus
1983 4403 2182 4471 regina
2212 4403 2429 4458 urbium
2463 4404 2692 4472 imperio
2725 4407 2973 4473 subjecta
3001 4403 3172 4473 erat),
3204 4405 3347 4471 apud

1787 4499 1964 4566 ipsum
1985 4511 2201 4567 quoque
2219 4495 2501 4560 Photium,
2520 4491 2611 4566 qui
2645 4496 3077 4565 patriarchatum
3100 4495 3256 4564 361
3284 4511 3349 4548 eo

1787 4595 2033 4654 tempore
2084 4586 2552 4655 Constantinopoli
2631 4587 2873 4655 gerebat,
2929 4586 3345 4655 segregationis,

109 4681 250 4745 περὶ
302 4675 400 4744 τὴν
459 4674 701 4745 Ῥώμην,
748 4677 841 4728 καὶ
872 4677 905 4744 ἡ
960 4673 1101 4726 κατὰ
1147 4674 1352 4742 ταύτην
1398 4673 1682 4742 διοίκησις.

1791 4679 1871 4730 vel
1927 4676 2306 4745 depOsitionis,
2357 4679 2441 4731 vel
2511 4678 2874 4731 anathematis
2930 4677 3121 4729 iisdem
3173 4676 3348 4743 pinnis

123 4769 318 4838 Ῥώμη
347 4769 405 4822 δὲ
434 4769 679 4821 καλεῖται
715 4769 746 4837 ὴ
781 4767 955 4830 πόλις,
991 4768 1054 4818 ὲκ
1083 4764 1177 4819 τοῦ
1218 4767 1421 4836 ταύτην
1450 4765 1687 4833 δομησα-

111 4863 282 4930 μένου
318 4859 598 4930 Ῥωμύλου
640 4859 1036 4930 κληρωσαμένη
1070 4859 1266 4927 ὄνομα.
1299 4858 1404 4910 Καὶ
1438 4852 1593 4922 αὖθις
1629 4857 1685 4908 δὲ

105 4952 242 5012 τοὺς
268 4951 370 5004 ὑπὸ
407 4952 507 5005 τοῦ
539 4953 882 5021 πατριάρχου
919 4953 1126 5004 Φωτίου
1165 4946 1504 5019 ἁπανταχοῦ,
1534 4951 1684 5016 φασὶ,

107 5046 436 5108 κληρικσιίις,
469 5045 502 5114 ἢ
537 5043 783 5108 λαῖκοὺς,
812 5045 844 5113 ἢ
881 5044 1007 5105 τοὺς
1039 5043 1098 5108 ἐξ
1136 5040 1449 5112 ἱεραρχικού
1477 5041 1689 5110 τάγμα-

104 5155 206 5197 τος
250 5135 647 5205 γενησομένους
691 5137 791 5186 ὑπὸ
818 5135 1206 5205 ἀφορισμ)ιν,ῆ
1256 5133 1599 5203 καθαίρεσιν,
1654 5133 1686 5202 ἦ

107 5234 143 5281 α
167 5229 388 5295 καθεμιι,
423 5229 567 5297 ἔχειν
597 5228 799 5288 αὐτοὺς
843 5229 937 5279 καὶ
978 5227 1068 5278 τὸν
1114 5226 1414 5292 ἁγιώτατον
1454 5224 1688 5276 πάππαν

108 5329 213 5372 καὶ
248 5322 345 5388 την
388 5320 496 5370 τῶν
569 5317 850 5387 Ῥωμαίων
926 5317 1252 5384 Ἐκκλησίαν
1297 5317 1356 5368 ἐν
1412 5314 1489 5382 τῷ
1542 5315 1688 5384 αὐτῷ

107 5416 396 5481 ἐπιτιμίῳ.
433 5412 514 5464 Τά
566 5411 622 5464 δὲ
655 5411 941 5480 πρεσϐεῖα,
975 5411 1142 5480 ἤγουν
1186 5407 1284 5476 τὴν
1338 5406 1685 5475 προτίμησιν,

108 5509 213 5559 καὶ
248 5505 314 5556 τὰ
340 5506 631 5575 προνόμια,
664 5497 739 5554 ὢν
770 5502 1004 5571 ἠξιώθη,
1057 5502 1200 5568 ἔχειν
1239 5497 1340 5567 τὴν
1400 5497 1688 5563 Ῥωμαίων

125 5598 462 5666 Ἐκκλησίαν
490 5597 923 5663 ἁκαινοτόμητα.
986 5594 1145 5646 Ἀλλὰ
1197 5590 1372 5643 ταῦτα
1428 5591 1570 5650 τότε,
1596 5589 1683 5640 ὅτε

111 5689 273 5745 arma
295 5690 423 5757 περὶ
452 5689 548 5759 τὴν
572 5690 752 5741 πίστιν
784 5689 817 5757 ὴ
857 5687 1140 5756 Ῥωμαίων
1168 5683 1464 5746 Ἐκκλησία
1485 5682 1683 5750 ἐσφάλ-

113 5784 262 5844 λετο,
323 5784 415 5833 καὶ
474 5782 606 5851 πρὸς
652 5782 794 5850 ἡμᾶς
828 5779 1142 5848 Giese-5930'
1201 5778 1294 5830 νῦν
1341 5777 1392 5829 δὲ
1437 5778 1567 5845 ἡμῖν
1614 5777 1679 5827 τὰ

116 5876 257 5942 πρὸς
282 5875 492 5943 εκείνην
520 5873 826 5943 άσύμϋατα.

1788 4771 2113 4825 constrictos
2143 4771 2314 4823 teneri
2339 4769 2718 4823 decreverunt.
2746 4769 2909 4823 Italiae
2939 4785 3070 4823 vero
3105 4772 3342 4844 nomine,

1789 4863 2098 4916 universam
2155 4861 2302 4915 circa
2331 4860 2555 4914 Romam
2609 4863 2903 4930 regionem,
2957 4862 3116 4930 eique
3152 4860 3348 4927 adjun-

1788 4962 1929 5005 ctam
1962 4952 2241 5006 dimcesim
2290 4953 2663 5022 intelligimus.
2683 4951 2853 5005 Roma
2885 4954 3184 5021 porroipsa
3220 4954 3346 5003 urbs

1786 5041 2007 5103 dicitur,
2041 5055 2071 5093 a
2106 5039 2358 5106 Romulo,
2409 5040 2502 5109 qui
2552 5056 2668 5092 eam
2702 5041 2968 5100 condidit,
3027 5039 3348 5109 appellatio-

1790 5148 1909 5186 nem
1962 5133 2175 5186 sortita.
2225 5130 2440 5202 Quique
2496 5133 2762 5194 vicissim,
2815 5132 3001 5198 aiunt,
3060 5148 3089 5183 a
3150 5130 3346 5184 Photio

1791 5226 2123 5294 patriarcha,
2157 5224 2472 5293 ubicunque.
2524 5226 2788 5288 locorum,
2826 5224 3037 5289 clerici,
3078 5223 3160 5275 vel
3195 5222 3342 5287 laici,

1789 5317 1869 5368 vel
1904 5331 1967 5368 ex
2005 5315 2305 5368 antistitum
2331 5314 2525 5368 ordine
2577 5315 2961 5382 segregationi,
2993 5314 3344 5382 depositioni,

1788 5415 1880 5458 aut
1910 5406 2235 5459 anathemati
2265 5405 2622 5474 subjicieutur
2645 5445 2660 5469 ,
2700 5421 2727 5457 a
2751 5407 3100 5460 sanctissimo
3129 5423 3346 5475 quoque

1792 5514 1928 5567 papa
1959 5509 2012 5554 et
2048 5499 2416 5553 Romanorum
2452 5498 2691 5554 Ecclesia
2748 5501 2923 5555 cidem
2963 5517 3135 5568 paenae
3166 5503 3343 5553 υιηιυ-

1792 5593 1910 5645 xios
1979 5593 2306 5646 existimari.
2383 5592 2773 5662 Prwrogativas
2819 5603 3022 5656 autem,
3085 5595 3185 5646 hoc
3238 5607 3342 5653 est.

1791 5685 2022 5751 primum
2052 5683 2278 5735 honoris
2311 5683 2509 5745 locum,
2566 5683 2779 5750 aliaq‘ue
2813 5681 3113 5750 privilegia,
3144 5680 3341 5748 quibus

1790 5772 2158 5826 lloinanorum
2220 5773 2462 5826 Ecclesia
2527 5775 2811 5826 honestata
2877 5773 3000 5836 fuit,
3089 5771 3338 5824 inviolau

1788 5868 1991 5920 servari
2029 5868 2222 5934 placet.
2257 5869 2361 5921 Sxd
2395 5868 2504 5919 lucc
2532 5866 2638 5934 jam
2669 5864 2822 5929 olim,
2852 5881 2975 5916 cum
3011 5871 3063 5917 in
3097 5865 3181 5927 iis,
3219 5879 3338 5931 qua:
