4166 6438
805 419 935 483 1091

2053 412 2328 473 THEOD.
2363 412 2765 471 BALSAMON

3916 415 4040 479 Ῑῖῦθὲ

806 540 1029 591 verbum
1067 533 1351 603 apposuit;
1390 534 1434 585 si
1484 531 1702 601 quidem
1754 546 1783 585 e
1832 531 2028 584 summi
2081 528 2367 583 sacerdotii

2474 528 2857 588 ταπεινώσεως
2892 526 3296 598 χθαμαλότητα,
3361 531 3455 579 καὶ
3513 528 3575 580 ὲκ
3644 529 3737 581 τοῦ
3776 534 4040 598 πατρωτώ

808 628 1026 697 fastigio
1061 628 1125 681 ad
1162 627 1401 699 jnfitnam
1435 620 1762 693 abjectionis
1810 622 2194 685 humilitatem,
2218 629 2273 672 et
2301 637 2366 673 ex

812 722 1136 786 patriarcha:
1189 725 1351 786 atque
1402 717 1640 771 doctoris
1671 714 1984 784 dignatione
2029 714 2083 767 in
2118 712 2365 766 ordinem

817 817 1047 867 liliorum
1087 827 1151 863 ac
1205 811 1595 879 discipulorum
1652 824 1791 872 sese,
1840 810 1934 879 qui
1971 808 2241 869 tondetur,
2276 810 2369 858 tle—

812 905 992 975 mittit)
1026 908 1119 957 sed
1149 919 1292 957 nunc
1317 904 1558 959 decrevit
1607 903 1866 973 synodus,
1912 911 1971 955 ut
2021 902 2113 968 qui
2168 900 2368 955 summi

809 994 1093 1050 sacerdotii
1141 997 1401 1066 dignitate
1452 995 1657 1063 prtediti
1706 994 1771 1047 ad
1823 994 2134 1047 monasticae
2186 1003 2369 1060 postea

811 1090 933 1142 vitae
970 1091 1272 1143 institutum
1302 1087 1587 1142 deflectere
1620 1086 1931 1148 voluerunt,
1961 1099 2027 1137 ne
2051 1098 2211 1151 quam
2243 1083 2372 1149 ipsis

810 1182 927 1250 ejus
994 1182 1269 1252 dignitatis
1324 1189 1530 1250 partem
1580 1179 1812 1249 amplius
1870 1193 2137 1246 usurpare
2188 1178 2369 1231 iiceat.

810 1276 975 1341 Cujus
1007 1275 1220 1344 quidem
1252 1276 1328 1326 rei
1363 1274 1502 1328 hanc
1522 1275 1782 1327 rationem
1812 1271 2028 1340 subjicit
2059 1272 2370 1340 :quoniam,

804 1369 1005 1434 inquit,
1039 1368 1182 1422 illius
1211 1369 1302 1436 qui
1341 1369 1597 1421 tondetur
1630 1365 1845 1435 propria
1891 1363 2216 1434 abjectionis
2252 1379 2376 1434 pro-

813 1462 976 1512 fessio
1007 1469 1113 1524 est,
1144 1475 1315 1527 seque
1352 1460 1397 1514 is
1432 1458 1784 1528 discipttlum,
1814 1465 1867 1513 et
1893 1458 1959 1511 ab
1990 1457 2113 1511 aliis
2146 1471 2375 1526 pascen-

807 1549 956 1613 dum,
977 1568 1083 1604 Imll
1117 1552 1289 1621 ipsum
1326 1561 1623 1620 pastorem.
1645 1551 1889 1605 fttturum
1911 1565 2032 1604 esse
2051 1550 2372 1618 despondet.

811 1640 930 1705 Quo
965 1653 1121 1711 pacto
1158 1644 1343 1711 igitur,
1381 1655 1433 1697 et
1466 1658 1563 1713 pro
1596 1643 1795 1696 summi
1829 1641 2115 1696 sacerdotii
2151 1655 2377 1694 munere

806 1734 931 1786 aliis
966 1732 1268 1801 praefectus,
1315 1746 1370 1787 et
1396 1734 1463 1788 ob
1494 1734 1774 1786 monastici
1826 1732 2043 1785 babitus
2084 1731 2375 1786 demissio-

809 1842 930 1878 netu
965 1824 1125 1881 fuerit
1152 1827 1408 1880 identmet
1435 1824 1719 1895 abjectus?
1756 1839 1860 1892 qua
1892 1825 2102 1878 ratione
2130 1823 2374 1891 doctoris

806 1927 859 1968 et
886 1917 1131 1985 discipuli
1160 1918 1321 1971 simul
1345 1917 1660 1970 muneribus
1695 1916 2039 1970 satisfaciet?
2060 1915 2367 1984 Propterea,

808 2025 875 2063 ne
902 2025 981 2073 se,
1018 2012 1190 2081 inquit
1211 2011 1444 2080 amplius
1470 2011 1524 2064 in
1562 2011 1736 2065 locmn
1767 2010 2139 2079 pmnitentium
2169 2008 2368 2063 summi

806 2104 1118 2156 sacerdotes
1152 2103 1442 2159 demittant
1487 2103 1904 2173 (monachorum
1957 2102 2228 2171 siquidem
2262 2101 2371 2153 vita

806 2194 1138 2260 poenitentia:
1191 2196 1437 2265 quaedam
1484 2194 1758 2266 professio
1811 2195 1916 2263 est)
1966 2193 2368 2248 constituimus.

803 2285 958 2349 Quod
990 2288 1033 2342 si
1070 2287 1193 2357 quis
1226 2288 1432 2350 fecerit,
1466 2288 1664 2341 summi
1698 2288 1991 2341 sacerdotii
2045 2288 2367 2354 dignitatem

805 2378 906 2431 sibi
937 2381 1164 2444 ipsemet
1198 2380 1564 2448 abrogaverit,
1602 2395 1701 2433 nec
1752 2381 1897 2433 illius
1953 2382 2148 2431 iterum
2188 2377 2365 2429 vindi—

805 2466 991 2520 canda:
1014 2455 1244 2523 facultas
1278 2470 1512 2536 amplius
1558 2467 1916 2536 relinquetur.
1966 2466 2143 2518 Verba
2202 2476 2367 2531 porro

806 2557 916 2615 illa.
953 2556 1030 2613 Ne
1068 2574 1127 2613 se
1180 2558 1237 2612 in
1272 2560 1446 2612 locum
1501 2557 1881 2626 ptenitentinm
1938 2554 2263 2616 demittant;
2318 2560 2372 2606 et

805 2652 936 2715 alia,
970 2653 1123 2716 Quod
1156 2653 1200 2706 si
1228 2653 1352 2718 quis
1387 2653 1439 2705 id
1476 2651 1654 2706 facere
1683 2652 1914 2713 audeat;
1973 2661 2079 2700 non
2125 2646 2197 2698 ita
2230 2646 2375 2699 acci-

2471 622 2567 674 καὶ
2624 618 3006 699 διδασκαλικοῦ
3060 619 3368 688 ἀξιώματος
3423 621 3501 682 είς
3563 622 3685 673 υἱοῦ
3749 621 3909 684 τάξιν
3964 628 4046 674 καὶ

2474 711 2742 779 μαθητοῦ)
2776 712 2892 763 ἀλλ’
2919 712 3083 779 ὥρισε
3120 712 3212 764 νῦν
3252 713 3283 781 ἡ
3318 712 3532 774 σύνοδος
3562 716 3687 776 τοὺς
3727 717 4046 783 ἀρχιερατι-

2469 806 2568 858 κοῦ
2620 804 2931 872 ἀξιώματος
2969 806 3360 874 τυγχάνοντας,
3393 802 3511 857 εἶτα
3554 809 3634 866 εἰς
3683 807 3784 859 τὸν
3842 812 4044 877 “(Nam

2472 897 2585 965 βίον
2630 896 2962 966 θελήσαντας
3006 897 3317 960 ἀποκλῖναι,
3355 899 3550 965 μηκέτι
3600 900 3700 966 τῆς
3738 901 4049 968 ἀρχιερατι-

2472 989 2573 1052 κῆς
2622 988 2778 1053 ἀξίας
2836 990 3279 1041 ἀντιποιεῖσθαι·
3333 991 3428 1042 καὶ
3461 990 3560 1059 τὴν
3615 993 3810 1043 αἰτίαν
3864 992 4047 1056 ἐπάγει

2469 1079 2647 1143 λέγων
2677 1081 2758 1131 ὅτι
2810 1081 2837 1131 ὁ
2877 1081 3196 1149 κειρόμενος
3240 1081 3571 1134 ταπείνωσιν
3627 1082 4047 1149 ἐπαγγέλλεται,

2471 1173 2568 1225 καὶ
2619 1170 2863 1242 μαθητὴς
2916 1167 3057 1225 εἶναι
3104 1173 3435 1235 συντίθεται,
3490 1175 3580 1226 καὶ
3637 1174 4047 1242 ποιμαίνεσθαι,

2471 1258 2589 1311 ἀλλ’
2640 1262 2760 1331 οὐχὶ
2814 1263 3145 1329 ποιμαίνειν.
3189 1263 3313 1327 Πῶς
3345 1259 3440 1317 οὖν
3482 1268 3511 1317 ὁ
3562 1266 3729 1328 αὐτὸς
3784 1266 3886 1317 καὶ
3934 1284 4053 1335 προ-

2473 1352 2708 1418 εδρεύων
2758 1354 2909 1407 ἔσται
2967 1356 3055 1409 διὰ
3109 1354 3207 1426 τὴν
3252 1356 3689 1427 ἀρχιερωσύνην,
3727 1358 3833 1410 καὶ
3870 1359 3961 1411 διὰ
4000 1360 4053 1411 τὸ

2475 1445 2663 1513 σχῆμα
2695 1446 2756 1498 τὸ
2791 1448 3084 1516 μοναχικδν
3123 1448 3593 1517 ταπεινούμενοςξ
3638 1450 3769 1511 Πῶς
3826 1449 3887 1502 δὲ
3923 1450 4053 1504 διδά-

2476 1555 2620 1591 σκων
2646 1538 2799 1591 ἔσται
2831 1541 2921 1592 καὶ
2946 1538 3330 1608 διδασκόμενος
3352 1559 3366 1604 ;
3395 1542 3507 1605 Διδ,
3532 1544 3692 1610 φησὶ,
3726 1543 4053 1610 θεσπίξομεν

2474 1633 2600 1693 τοὺς
2654 1632 2931 1701 ἀρχιερεῖς
2998 1632 3196 1702 μηκέτι
3255 1633 3650 1695 καταϐιϐάζειν
3692 1636 3935 1697 ἑαυτοὺς
3986 1640 4052 1697 ab;

2474 1726 2637 1777 τόπον
2699 1723 3107 1793 μετανοούντων
3160 1727 3472 1793 (μετανοίας
3501 1726 3610 1796 γάρ
3668 1728 3699 1778 δ
3766 1728 4051 1795 μοναχικές

2477 1818 2591 1886 βίος
2636 1818 3004 1885 ἐπάγγελμα).
3030 1818 3092 1870 EE
3118 1818 3178 1870 δὲ
3212 1819 3367 1871 τοῦτὸ
3390 1836 3471 1881 τις
3499 1820 3709 1892 πράξῃ,
3745 1820 3919 1881 αὐτὸς
3943 1822 4051 1871 ἑαν-

2476 1910 2564 1962 τὸν
2606 1911 2903 1978 ἀποστερεῖ
2927 1911 3028 1978 τῆς
3062 1911 3457 1981 ἀρχιερατικῆς
3490 1912 3674 1975 ἀξίας,
3724 1915 3831 1965 καὶ
3881 1913 4050 1965 οὐκέτι

2450 2004 2614 2072 ,πρὸς
2660 2005 2720 2056 τὸ
2775 2003 3043 2073 πρότερον
3076 2003 3177 2073 τῆς
3203 2005 3617 2075 ἀρχιερωσύνης
3650 2007 4050 2074 ὲπαναστρέιῇι

2474 2094 2712 2164 ἀξίωμα.
2745 2096 2929 2149 Ταῦτα
2959 2095 3040 2161 δὲ,
3069 2096 3239 2165 ἤγουν
3265 2097 3327 2149 τὸ
3372 2097 3449 2167 μὴ
3498 2098 3915 2161 καταϐιϐάζειν
3946 2102 4049 2153 ἑαν-

2473 2185 2601 2247 τοὺς
2651 2186 2731 2243 είς
2786 2186 2971 2254 χώραν
3029 2185 3452 2255 μετανοούντων,
3484 2186 3577 2239 καὶ
3607 2190 3693 2252 τὸ,
3750 2189 3819 2241 Ei
3870 2190 3926 2241 δέ
3979 2206 4049 2249 τις

2475 2278 2765 2347 τολμήσειε
2818 2279 2975 2331 τοῦτο
3033 2278 3265 2348 πρᾶξαι,
3324 2280 3423 2333 οὐκ
3472 2281 3911 2349 ἀπαγορεύοντα
3967 2286 4047 2350 τὴν

2479 2371 2764 2441 μετάνοιαν
2790 2374 2904 2434 τοῖς
2934 2369 3281 2440 ἀρχιερεῦσιν
3325 2372 3561 2441 εἴρηται,
3593 2373 3715 2425 ἀλλ’
3759 2373 4048 2426 ἑκδείκνυςῑ

2475 2464 2752 2524 τοιούτους
2776 2457 2919 2515 εἶναι
2953 2463 3065 2515 δεῖν
3092 2466 3215 2525 τοὺς
3244 2466 3546 2534 ἀρχιερεῖς,
3579 2467 3681 2519 καὶ
3718 2466 3876 2521 οὕτω
3897 2467 4048 2537 βιοῦν,

2477 2557 2552 2619 ὼς
2587 2556 2720 2626 μηδὲ
2750 2556 2964 2610 δεῖσθαι
3014 2557 3304 2625 μετανοίας
3355 2559 3562 2626 σχεδὸν,
3620 2560 3768 2611 ἀλλά
3818 2561 3917 2612 καὶ
3956 2565 4051 2617 τοῖς

2480 2645 2663 2707 ἄλλοις
2695 2644 2784 2697 διὰ
2814 2646 2922 2697 τῶν
2945 2644 3162 2697 οἰκείων
3192 2646 3486 2710 ἐντεύξεων
3518 2650 3577 2703 τὸ
3609 2649 3776 2701 Θεῖον
3807 2652 4048 2714 egomt".

807 2741 997 2807 pianda
1054 2751 1200 2805 ευιιι,
1256 2741 1411 2811 quasi
1474 2741 1797 2810 pﬂBSIIlHHJS
1841 2737 1986 2790 omni
2036 2734 2371 2803 poenitentia:
2401 2748 2599 2804 genere
2629 2734 2701 2788 sit
2760 2732 3158 2788 interdictum:
3198 2735 3292 2788 sed
3324 2746 3382 2789 ut
3444 2739 3714 2807 ejusmodi
3792 2743 4053 2800 antiSIites

804 2845 944 2891 esse.
971 2832 1155 2899 itaque
1187 2832 1349 2885 vitam
1382 2833 1666 2885 instituere
1736 2830 1935 2884 debere
2004 2830 2318 2887 ostendant,
2343 2825 2436 2895 qui
2477 2841 2544 2880 ue
2575 2826 2683 2879 ulla
2710 2824 2928 2895 quidem
2957 2826 3274 2895 poenitentia
3308 2827 3477 2883 ferme
3509 2830 3845 2903 indigeant;
3878 2851 4050 2888 verum

804 2924 926 2975 aliis
960 2939 1174 2991 quoque
1209 2922 1473 2978 offensum
1518 2923 1725 2977 Numen
1779 2936 1874 2975 sua
1928 2919 2030 2989 ipsi
2080 2917 2457 2986 deprecatione
2487 2917 2801 2970 concilient.

806 3014 1028 3069 ARIST.
1068 3034 1085 3065 ι
1121 3013 1175 3069 Si
1210 3019 1331 3084 quis
1356 3016 1422 3069 ab
1444 3016 1704 3070 antistitis
1736 3011 2069 3068 sublimitate
2091 3010 2157 3063 ad
2180 3022 2371 3062 mona-

883 3121 901 3153 ι
938 3104 1150 3167 stieam,
1223 3116 1273 3157 et
1328 3122 1356 3157 e
1401 3104 1697 3166 contrario,
1770 3103 1937 3155 vitam
1992 3099 2366 3163 descenderit;

885 3218 902 3249 ι
933 3199 1192 3252 antistitis
1226 3198 1538 3266 dignitatem
1570 3196 1803 3265 amplius
1826 3209 1892 3249 ne
1924 3201 2171 3262 usurpet.
2202 3209 2219 3239 ι

1391 3289 1618 3345 (ΣΑΝΟΝ
1688 3291 1781 3343 HI.

809 3400 831 3438 ε
862 3384 916 3438 Si
954 3386 1076 3454 quis
1114 3386 1285 3439 laicus
1331 3386 1655 3439 auctoritate
1691 3390 1845 3446 usus,
1903 3380 2105 3435 divinis
2152 3378 2370 3449 quidem

838 3513 844 3520 -
882 3496 899 3528 r
928 3488 982 3530 et
1012 3478 1172 3545 regiis
1212 3478 1379 3545 jussis
1424 3477 1773 3540 contemptis,
1825 3474 2243 3542 reverendisque
2273 3472 2373 3525 Ec-

881 3590 899 3621 r
932 3571 1110 3625 clesite
1138 3572 1335 3650 ritibus
1379 3579 1429 3625 et
1463 3570 1672 3640 legibus
1724 3569 1924 3631 irrisis,
1976 3567 2211 3636 aliquem
2262 3567 2375 3634 epi-

882 3686 899 3716 t
933 3681 1157 3734 scopum
1197 3667 1487 3719 verberare
1517 3679 1687 3718 ausus
1724 3663 1889 3717 fuerit
1939 3662 2025 3715 vel
2081 3662 2134 3714 in
2188 3672 2371 3715 costo-

875 3776 895 3809 r
929 3758 1073 3810 ilium
1115 3759 1347 3819 tradere,
1400 3757 1478 3811 vel
1527 3757 1645 3810 sine
1674 3770 1857 3818 causa,
1895 3754 1978 3809 vel
2031 3754 2211 3821 aliqua
2242 3769 2374 3808 con-

880 3870 896 3927 ,
936 3853 1057 3905 licta
1087 3866 1273 3913 causa,
1305 3852 1350 3905 is
1383 3850 1454 3903 sit
1485 3850 1796 3903 anathema.
1833 3865 1851 3900 ι
2174 3820 2207 3855 θ

882 4027 1070 4082 BALS.
1113 4027 1453 4099 Episcopalis
1502 4027 1739 4095 digmtas
1790 4042 2003 4082 omnem
2043 4026 2154 4081 fere
2202 4028 2373 4080 Itono-

807 4137 920 4176 rem
939 4129 1178 4190 superat.
1201 4120 1523 4189 Apostolica:
1548 4120 1690 4173 enim
1708 4118 1956 4189 dignitati
1986 4121 2369 4189 aequiparatur,

810 4224 1047 4284 propter
1104 4214 1368 4267 doctrinae
1426 4211 1840 4283 professionem.
1925 4211 2191 4277 Quoniam
2246 4228 2375 4283 ergo

806 4306 1022 4376 quidatn
1078 4317 1427 4375 arrOgantes,
1483 4312 1537 4359 et
1587 4304 1897 4358 divinorum
1976 4314 2368 4373 praeceptorum

804 4406 1229 4463 contemptores,
1265 4396 1760 4450 ecclesiasticorum
1791 4394 1998 4449 scilicet
2031 4405 2084 4449 et
2112 4394 2372 4463 imperia-

808 4488 936 4540 lium
972 4487 1205 4541 absurda
1239 4487 1483 4556 quaedam
1514 4495 1569 4540 et
1597 4486 1995 4540 contumeliosa
2027 4487 2083 4539 in
2107 4486 2370 4555 quosdam

2475 3010 2699 3062 ΑΡΙΣΤ.
2746 3028 2764 3060 ι
2812 3010 2880 3062 Εἴ
2925 3026 3009 3072 τις
3074 3012 3181 3063 ἀπὸ
3234 3012 3546 3083 ἱεραρχικοῦ
3605 3016 3786 3084 ὕψους
3838 3022 3921 3077 εἰς
3976 3024 4050 3073 tt»

2553 3120 2571 3150 ι
2623 3102 2933 3167 μοναδικὸν,
2964 3103 3061 3155 καὶ
3088 3102 3349 3171 ἔμπαλιν,
3376 3107 3630 3159 κατέλθοι
3678 3110 3831 3175 βίον,
3873 3118 4050 3183 μηκέτι

2553 3213 2571 3245 ι
2620 3195 2938 3265 ίεραρχικῆς
2964 3196 3353 3250 ἀντιποιείσθω
3379 3198 3556 3265 ἀξίας.

3072 3290 3310 3343 ΚΑΝΩΝ
3361 3291 3437 3341 I".

2488 3398 2505 3429 ι
2553 3379 2619 3431 Εἴ
2646 3397 2729 3443 τις
2752 3378 2860 3433 τῶν
2896 3381 3100 3435 λαῖκῶν
3131 3382 3471 3451 αὑθεντήσας
3502 3388 3595 3438 καὶ
3629 3394 4049 3462 καταφρονὴςις

2552 3492 2568 3520 α
2619 3471 2722 3540 μὲν
2754 3472 2862 3525 τῶν
2902 3472 3060 3526 θείων
3091 3475 3185 3527 καὶ
3236 3474 3531 3541 βασιλικῶν
3578 3486 4044 3549 προσταγμάτων.

2554 3583 2573 3614 ‹
2620 3566 3005 3631 καταγελάσας
3034 3567 3092 3618 δὲ
3123 3567 3218 3620 καὶ
3249 3568 3360 3619 τῶν
3391 3571 3646 3639 φρικτῶν
3690 3573 3796 3640 τῆς
3845 3576 4048 3643 Ἐκκλη-

2555 3676 2572 3706 t
2620 3658 2741 3721 σίας
2791 3658 3008 3729 θεσμῶν
3045 3677 3103 3713 τε
3160 3663 3255 3713 καὶ
3304 3662 3514 3731 νόμων,
3565 3665 3911 3734 τολμήσειεν
3950 3670 4044 3719 ἐτε-

2556 3769 2573 3800 (
2624 3753 2825 3805 σκοπόν
2844 3771 2963 3804 τινα
2992 3755 3157 3822 τύψαι
3186 3755 3215 3823 ἦ
3246 3757 3563 3823 φυλακίσαι,
3600 3759 3635 3827 ἢ
3684 3763 3869 3828 χωρὶς
3891 3763 4041 3819 αἰτίας

2552 3861 2569 3892 ι
2614 3843 2645 3909 ἦ
2680 3849 2775 3894 καὶ
2834 3844 3291 3914 συμπλασάμενος
3336 3850 3536 3912 αἰτίαν,
3575 3852 3603 3901 ὁ
3635 3851 3896 3914 τοιοῦτος
3932 3856 4045 3905 ἀνέ-

2556 3952 2574 3984 ι
2619 3935 2761 4003 θεμα
2788 3936 2949 3992 ἔστω.
2985 3957 3004 3988 ι

2549 4026 2744 4079 ΒΑΛΣ.
2771 4026 2843 4078 Τὸ
2868 4031 2966 4098 τῆς
2984 4030 3396 4100 ἀρχιερωσύνης
3416 4032 3639 4102 ἀξίωμα
3666 4038 3870 4103 σχεδον
3895 4039 4041 4104 ὑπέρ-

2474 4134 2648 4171 κειται
2696 4117 2876 4187 πάσης
2915 4121 3104 4189 τιμῆς.
3151 4124 3261 4191 Τῆς
3310 4126 3421 4194 γὰρ
3475 4126 3865 4198 ἀποστολικῆς
3909 4133 4045 4195 ἀξίας

2478 4211 2786 4265 ἰσοστάσιον
2813 4214 2932 4265 ἐστι
2961 4214 3051 4266 διά
3089 4215 3150 4266 τὸ
3179 4215 3277 4283 τῆς
3313 4216 3665 4280 διδασκαλίας
3704 4223 4043 4291 ἐπάγγελμα.

2487 4302 2641 4355 Ἐπεὶ
2689 4302 2784 4357 οὖν
2841 4322 2985 4367 τινες
3029 4304 3281 4370 αὐθάδεις
3328 4311 3423 4361 καὶ
3476 4316 3908 4383 καταφρονηταὶ
3957 4317 4043 4365 tela

2475 4394 2633 4447 θείων
2692 4395 3212 4466 παραγγελμάτων,
3268 4399 3755 4468 ἐκκλησιαπικῶν
3820 4405 4043 4475 δηλονότι

2480 4486 2569 4537 καὶ
2598 4484 2916 4553 βασιλικῶν,
2950 4488 3129 4541 ἄτοπά
3166 4505 3289 4541 τινα
3313 4495 3408 4542 καὶ
3435 4490 3752 4561 ὲφύδριστα
3786 4498 3871 4557 εἷς
3913 4516 4043 4557 τινες

805 4581 1077 4632 antistites
1115 4578 1351 4633 fecerant
1379 4596 1392 4643 ;
1426 4578 1755 4633 definierunt
1780 4579 1956 4632 sancti
1990 4578 2196 4641 Patres,
2222 4580 2369 4647 quod

2475 4578 2800 4647 εἰργάσαντο
2833 4580 3135 4648 ἀρχιερεῖς,
3171 4582 3378 4649 ὥρισαν
3401 4583 3450 4634 οἱ
3488 4582 3642 4650 ἅγιοι
3682 4585 3935 4655 Πατέρες
3962 4591 4040 4649 ὡν,

806 4672 848 4722 si
886 4672 1007 4739 quis
1066 4672 1236 4724 laicus
1289 4676 1614 4725 auctoritate
1662 4686 1818 4734 usus,
1855 4670 2063 4725 scilicet
2095 4670 2370 4723 authenti-

806 4775 923 4811 eatn
949 4762 1028 4811 vel
1062 4764 1409 4826 magistratus
1443 4742 1763 4829 potestatem
1800 4769 2014 4824 nactus,
2042 4759 2210 4828 jndex
2234 4759 2371 4812 forte

807 4851 889 4902 vel
920 4860 1141 4903 exactor
1171 4854 1528 4912 constitutus.
1582 4851 1917 4905 confidenter
1972 4852 2205 4919 aliquem
2255 4856 2371 4920 epi-

806 4958 1027 5010 scopum
1065 4944 1457 5004 verberaverit,
1516 4944 1601 4997 vel
1657 4944 1710 4997 in
1767 4944 2014 4997 custodia
2062 4944 2367 5006 incluserit,

806 5037 925 5089 sine
953 5049 1113 5088 causa
1150 5036 1230 5088 vel
1259 5050 1381 5089 cum
1410 5040 1642 5089 conlicta
1674 5045 1727 5090 et
1770 5035 1905 5090 falsa
1952 5050 2139 5097 causa,
2187 5038 2235 5087 id
2264 5046 2368 5098 εει,

806 5128 924 5178 sine
958 5124 1205 5188 ratione;
1258 5126 1304 5178 is
1342 5126 1408 5179 sit
1445 5126 1758 5189 anathema,
1801 5127 1901 5180 hoc
1948 5138 2054 5190 ρει,
2084 5141 2114 5177 a
2155 5128 2259 5179 Deo
2295 5128 2370 5181 sit

808 5227 1123 5285 separatus.
1170 5217 1328 5287 3G3
1381 5229 1435 5271 et
1466 5218 1713 5271 tradatur
1756 5220 2006 5283 daemoni,
2059 5229 2117 5273 ut
2172 5237 2369 5273 munus

806 5311 950 5374 quod
983 5310 1029 5361 ei
1082 5324 1378 5375 appensum
1438 5310 1743 5363 dedicatur.
1803 5310 1938 5364 Cum
1992 5319 2172 5365 autem
2209 5316 2369 5364 audis

807 5416 1071 5454 tuitionem
1105 5402 1395 5461 dicentem.
1426 5404 1571 5469 quod
1608 5402 1697 5455 ille
1730 5402 1908 5457 laicus
1940 5404 2369 5457 anathematiza-

810 5506 913 5553 tur,
949 5495 1037 5561 qui
1074 5496 1192 5546 sine
1241 5507 1424 5555 causa,
1466 5494 1544 5548 vel
1576 5509 1698 5548 cum
1736 5494 1857 5549 ficta
1891 5511 2079 5559 causa,
2131 5498 2232 5551 hoc
2261 5509 2366 5559 est,

811 5594 1003 5651 prretcr
1036 5585 1329 5647 rationem,
1369 5586 1481 5639 sola
1516 5589 1838 5641 auctoritate
1868 5605 2022 5651 usus,
2051 5589 2366 5658 episcopum

812 5679 891 5725 vel
924 5676 1306 5738 vcrberaverit,
1338 5678 1421 5730 vel
1447 5678 1710 5733 custodiae
1741 5680 2060 5746 tradiderit;
2094 5697 2160 5735 ne
2195 5685 2366 5743 dieus,

811 5780 1132 5835 argumento
1164 5770 1507 5835 acontrario
1555 5781 1792 5841 sumpto,
1846 5772 2006 5827 licere
2054 5775 2207 5828 laicis
2258 5790 2369 5827 rna-

816 5860 1136 5927 gtstratibus
1185 5860 1471 5931 episcopos
1504 5878 1568 5917 ex
1617 5862 1765 5930 justa
1797 5874 1850 5919 et
1886 5866 2149 5933 probabili
2205 5882 2365 5921 causa

2471 4672 2525 4722 εἴ
2547 4687 2629 4733 τις
2665 4670 2853 4731 λαῖκὸς
2884 4670 3249 4741 αὐθεντήσας,
3281 4673 3449 4743 ἤγουν
3481 4674 3831 4744 ἀρχοντικῆς
3868 4680 4042 4731 adﬂav-

2471 4760 2589 4820 τίας
2650 4761 2744 4812 καὶ
2793 4759 3038 4823 ἐξουσίας
3090 4760 3446 4830 δραξάμενος,
3494 4763 3771 4834 δικαστὴς
3820 4769 3977 4835 τυχὸν

2476 4851 2742 4919 πράκτωρ
2770 4851 3073 4913 καταστὰς,
3096 4852 3384 4922 τολμηρῶς
3412 4854 3723 4923 οίονὸήτινα
3758 4860 4039 4910 ἐπίσκοπε»

2470 4944 2652 5010 τύψει,
2685 4945 2717 5013 ἢ
2756 4947 2813 4996 ἐν
2845 4944 3061 5020 φυλακῇ
3109 4945 3445 5009 ἀποκλείσει,
3500 4946 3534 5016 ἢ
3570 4949 3749 5016 χωρὶς
3786 4952 4034 5017 ἀπίεικῆ

2473 5036 2612 5102 μετά
2646 5036 2744 5102 τῆς
2772 5036 3106 5088 ὲπιπλάστου
3141 5037 3236 5088 καὶ
3274 5036 3503 5104 ψευδοῦς
3527 5039 3738 5101 αἰτίας.
3775 5047 4035 5094 τουτέστεεε

2470 5126 2802 5193 ἀνευλὸγως,
2835 5106 2890 5189 ,ὀδ
2916 5125 3161 5187 τοιοῦτος
3189 5128 3443 5193 ἀνάθεμα
3476 5128 3644 5191 ἔστω,
3680 5132 3862 5200 ἤγουν
3893 5152 4035 5198 κεχωο

2472 5218 2728 5285 ρισμένο·
2782 5218 2890 5269 ἀπὸ
2928 5216 3021 5268 τοῦ
3064 5218 3198 5269 Θεοῦ
3228 5218 3388 5281 ἔστω,
3419 5221 3510 5269 καὶ
3549 5224 3938 5288 παραδεδόσθω
3978 5225 4035 5289 af:

2467 5311 2728 5380 δαίμονι,
2777 5312 2852 5375 ὡς
2918 5312 3192 5379 ἀνάθεμα.

2467 5406 2715 5470 λέγοντος
2775 5405 2849 5466 ὡς

3270 5315 3508 5378 Ἀκούων
3566 5316 3627 5367 δὲ
3685 5317 3787 5368 τοῦ
3841 5324 4033 5378 κανᾷονς

2911 5408 3119 5468 ἐκεῖνος
3162 5410 3190 5458 ὁ
3243 5372 3431 5465 latice:
3488 5410 3977 5479 ἀναθεματίζεττι.
4014 5432 4031 5463 ι

2470 5497 2638 5565 χωρὶς
2692 5500 2895 5561 αἰτίας,
2944 5499 2976 5569 ἦ
3020 5499 3163 5567 μετὰ
3203 5501 3381 5560 αἰτίας
3434 5501 3867 5573 πεπλασμένης,
3911 5525 4025 5558 τοτ’-

2468 5588 2615 5639 ἐστιν
2644 5591 2972 5658 ἀνευλόγως,
3010 5595 3147 5643 κατὰ
3203 5592 3368 5660 μόνην
3399 5592 3699 5648 αὐθεντίαν
3730 5599 4029 5667 timeant?

2468 5681 2644 5750 τύψας
2689 5683 2722 5751 ἣ
2772 5681 3077 5745 φυλακίσας
3111 5685 3430 5747 ἐπίσκοπον,
3473 5688 3549 5752 μὴ
3582 5690 3754 5760 εἴπῃς
3813 5696 3870 5759 ἐξ
3911 5697 4028 5743 ἀντι.

2469 5772 2754 5841 διαστολῆς
2786 5773 2930 5842 ἕχειν
2952 5772 3037 5824 ἐπ’
3069 5774 3251 5833 ἀδείας
3302 5776 3424 5835 τοὺς
3454 5777 3686 5842 λαῐκοὺς
3711 5783 3967 5852 ἄρχοντας
3989 5782 4024 5843 ἐξ

2471 5867 2694 5931 εὔλὸγου
2732 5867 2907 5927 αἰτίας
2941 5865 3164 5919 τύπτειν
3197 5866 3290 5918 καὶ
3318 5870 3651 5933 φυλακίζςιν
3690 5879 3821 5937 τοὺς
3847 5881 4025 5927 smn:-
