4166 6438
129 388 262 451 1097

1236 382 1317 442 IN
1358 382 1525 442 CAN.
1568 381 1593 439 1
1635 379 1849 441 CONC.
1878 378 2261 439 CARTHAG.

3227 371 3363 433 1098

123 504 217 555 καὶ
278 501 388 570 μετ’
443 497 610 568 αὐτὴν
666 499 725 551 ἐν
798 494 1099 565 Ἀντιοχείᾳ
1148 494 1248 564 τῆς
1298 494 1498 565 Συρίας
1545 493 1689 547 κατὰ

1818 494 1895 548 υἱι
1926 492 1980 546 in
2008 492 2296 547 Antiochia
2332 487 2503 559 Syria:
2535 488 2801 544 adversus
2854 486 3080 541 Paulum
3117 482 3367 540 Samosa-

126 592 324 645 Παῦλον
350 591 443 642 τοῦ
479 590 836 659 Σαμοσατέως
862 587 956 640 ἐπὶ
1006 585 1348 654 Αύρηλιανοῦ
1400 585 1688 653 βασιλέως.

1795 596 1978 641 tenum
2002 586 2105 639 sub
2146 583 2441 637 Aureliano
2468 582 2816 650 imperatore.
2864 580 3191 649 Congregati
3238 587 3369 631 sunt

125 684 593 757 Συνηθροίσθησαν
614 683 669 734 δέ
697 682 775 744 είς
802 679 1130 749 Καρχηδόνα
1178 680 1511 748 ὀγδοήκοντα
1554 677 1689 745 πρὸς

1817 687 1975 731 ιυιεηι
2003 674 2331 745 Carthagine
2357 674 2425 728 84
2472 672 2648 729 sancti
2700 672 2891 726 Patres
2917 711 2931 735 ,
2973 678 3027 723 et
3076 670 3369 740 quaesitum

127 781 237 840 τοῖς
269 778 560 844 τέσσαρσιν
604 772 753 841 ἅγιοι
787 773 1053 841 Πατέρες,
1085 770 1178 822 καὶ
1215 769 1611 838 συνεζήτησαν,
1642 768 1691 819 εί

1817 783 1899 837 rst,
1927 787 1993 825 an
2033 770 2311 837 baptizare
2347 774 2728 837 oporteateos,
2766 764 2859 834 qui
2917 771 3273 817 revertuntur
3302 778 3370 817 ex

124 872 229 941 χρὴ
253 865 606 939 βαπτίζεσθαι
646 866 771 927 τοὺς
821 864 882 927 ἐξ
938 862 1200 933 αἱρέσεως
1264 860 1693 929 ἐπιστρέφοντας

126 959 488 1021 εἰδωλοθύτας,
547 956 689 1009 κατὰ
722 954 822 1025 τὴν
864 956 992 1025 περὶ
1033 953 1225 1006 τούτου
1272 950 1543 1023 ἐρώτησιν
1598 950 1693 1004 τοῦ

124 1051 413 1103 ἐπισκόπου
482 1046 767 1101 Ἰοὸιανοῦ.
818 1045 943 1098 Ὀτι
995 1042 1051 1097 δὲ
1101 1044 1221 1095 τότε
1249 1042 1345 1095 καὶ
1385 1042 1413 1094 ό
1443 1040 1695 1103 Ναυάτος

128 1138 493 1208 πρεσϐύτερος
529 1135 604 1189 ὣν
656 1136 757 1204 τῆς
820 1132 1114 1201 Ῥωμαίων
1161 1128 1490 1200 Ἑκκλησίσς
1522 1129 1695 1202 καθῃ-

130 1232 274 1302 ρέθη,
294 1229 367 1292 ὡς
404 1229 478 1299 μὴ
504 1228 797 1297 δεχόμενος
820 1226 901 1288 εἰς
936 1224 1226 1295 μετάνοιαν
1272 1222 1400 1285 τοὺς
1428 1221 1697 1285 θύσαντας

127 1326 237 1383 τοῖς
262 1320 519 1382 εἰδώλοις,
548 1317 849 1372 κάντεῦθεν
876 1315 1050 1368 ἐποίει
1094 1314 1300 1384 σχίσμα
1340 1315 1479 1383 μετά
1534 1330 1697 1366 τινων

126 1412 414 1476 ἀσυνέτων,
430 1406 1057 1478 ἐπολυπραγμονήθηςεί
1075 1406 1183 1477 χρὴ
1201 1407 1295 1459 καὶ
1318 1406 1445 1467 τοὺς
1463 1420 1698 1475 σχίσμα-

126 1504 306 1564 τικοὺς
335 1501 720 1571 βαπτίζεσθαι,
749 1498 825 1563 ὡς
862 1498 1139 1552 καὶτοῦτο
1168 1497 1548 1568 ἐρωτήσαντος
1572 1494 1699 1557 τοὺς

142 1594 243 1648 ’1οῆ
251 1593 417 1647 ιανοῦ.

198 1687 438 1743 ΖΩΝΑΡ.
478 1686 629 1756 Αὕτη
687 1686 724 1757 ὴ
776 1685 993 1749 σύνοδος
1054 1684 1245 1737 πασῶν
1302 1682 1409 1736 τῶν
1466 1680 1701 1734 συνόδων

125 1782 523 1850 προγενεστέρα
555 1781 695 1834 ἐστί.
745 1778 1074 1851 Προτερεύει
1108 1778 1209 1847 μὲν
1239 1778 1345 1846 γὰρ
1391 1776 1499 1827 τῶν
1526 1773 1700 1829 ἄλλων

1798 864 1989 919 haeresi
2026 877 2215 917 eorum
2248 861 2339 930 qui
2363 859 2523 913 idolis
2565 857 3003 922 immolaverant,
3038 855 3373 909 convenien-

1798 964 1881 1009 ter
1903 951 2316 1021 interrogationi
2363 950 2521 1004 taetre
2554 950 2622 1002 de
2653 963 2716 1003 ea
2759 961 2816 1001 re
2863 947 2932 1000 ab
2980 946 3239 1015 episcopo
3275 941 3373 997 Jo-

1798 1046 1983 1101 viano.
2037 1044 2176 1110 Quia
2221 1053 2402 1099 autem
2482 1049 2617 1097 tunc
2698 1039 2939 1094 Novatus
2998 1037 3374 1092 Romanorum

1800 1139 2058 1196 Ecclesiae
2099 1138 2388 1208 presbyter
2413 1134 2701 1205 depositus
2730 1142 2835 1198 est,
2874 1140 2933 1186 ut
2972 1131 3064 1201 qui
3108 1131 3173 1183 ad
3203 1128 3376 1197 poeni-

1801 1232 2025 1287 tentiam
2066 1245 2177 1286 non
2239 1227 2552 1283 admitteret
2584 1231 2692 1292 jeos
2728 1224 2822 1295 qui
2878 1223 3035 1277 idolis
3088 1222 3377 1277 sacriﬁca-

1799 1332 2027 1389 verant;
2067 1332 2123 1376 et
2150 1322 2270 1375 ideo
2303 1335 2427 1375 eum
2457 1316 2788 1388 quibusdam
2844 1314 3232 1384 insipientibus
3290 1311 3374 1366 la-

1802 1416 1984 1470 ciebat
2010 1415 2282 1477 schisma:
2320 1413 2587 1481 agitatum
2618 1418 2726 1473 est,
2755 1423 2827 1461 an
2880 1408 3048 1462 etiam
3097 1406 3372 1461 schisma-

1804 1508 1946 1561 ticos
1998 1504 2280 1575 baptizare
2337 1509 2628 1570 oporteat,
2686 1509 2947 1569 tanquam
3003 1499 3106 1552 hoc
3155 1510 3376 1567 quoque

1812 1595 2080 1651 Jovianus
2108 1593 2472 1664 quaesivisset.

1874 1685 2127 1742 ZONAR.
2152 1686 2248 1740 Est
2277 1685 2394 1740 haec
2417 1684 2661 1754 synodus
2689 1682 2936 1735 omnium
2969 1678 3378 1749 antiquissima.

1805 1778 1943 1833 Nam
1996 1780 2117 1833 aliis
2158 1778 2379 1848 quidem
2428 1776 2708 1846 antiquior
2762 1784 2845 1828 est
2901 1769 3141 1842 ea,'quaa
3190 1770 3384 1825 Antio-

124 1839 253 1940 ﬂ'év'
295 1839 597 1941 Ἀντιοχείᾳ
616 1870 715 1939 τῆς
752 1839 954 1939 Συρίας
982 1839 1260 1935 γεγονυῖα-
1284 1839 1501 1926 σύνοδος
1559 1862 1702 1915 κατὰ

1817 1874 1945 1927 cbize
1974 1872 2030 1927 in
2064 1839 2225 1943 Syria
2260 1878 2454 1925 contra
2482 1839 2716 1923 Paulum
2748 1839 3169 1921 Samosatenum
3205 1865 3383 1918 Aure-

128 1962 334 2015 Παύλου
387 1960 483 2013 τοῦ
531 1961 915 2031 Σαμοσατέως,
948 1960 1070 2030 ἥτις
1105 1960 1199 2012 ἐπὶ
1223 1956 1565 2029 Αύρηλιανοῦ
1604 1956 1702 2025 βαο

130 2054 316 2115 σιλέως
354 2052 662 2122 ἡθροίσθη·
729 2052 870 2122 αὕτη
939 2051 997 2103 δὲ
1054 2052 1321 2119 κάκείνης
1370 2048 1705 2120 ἀρχαιοτέρα

126 2144 295 2197 ἐστίν.
330 2143 392 2196 ὀ
419 2145 529 2213 γὰρ
567 2143 740 2212 μέγας
760 2143 1076 2213 Κυπριανὸς
1103 2142 1196 2194 ἐπὶ
1220 2142 1412 2194 Δεκίου
1439 2140 1707 2210 βασιλέως

126 2236 220 2287 τὸν
268 2235 366 2304 τῆς
435 2236 748 2305 μαρτυρίας
802 2236 968 2305 ἤνυσε
1028 2234 1232 2305 δρόμον
1260 2248 1274 2263 ⁸
1323 2233 1616 2297 πολλοστὸς
1661 2234 1706 2286 δ’

134 2326 282 2378 ἐστιν
330 2328 357 2378 ό
416 2326 759 2397 Δύρηλιανὸς
818 2327 957 2396 πρὸς
1005 2326 1098 2379 τὸν
1121 2326 1339 2381 Δέκιον.
1370 2327 1565 2380 Πολλοὶ
1600 2326 1708 2397 γὰρ

131 2416 270 2485 μετὰ
300 2418 393 2471 τὸν
422 2418 615 2470 Δέκιον
662 2418 977 2488 ἐκράτησαν
1003 2418 1430 2488 αὐτοκράτορες,
1464 2420 1583 2489 μεθ’
1614 2418 1709 2484 οὒς

124 2508 461 2577 Αύρηλιανδς
522 2508 621 2571 τῆς
659 2508 941 2578 βασιλείας
1002 2507 1228 2579 ἠξίωτο.
1277 2513 1433 2566 Οὕτω
1484 2512 1585 2583 μὲν
1615 2510 1709 2565 οὖν

129 2599 536 2669 προγενεστέρα
572 2598 764 2652 πασῶν
791 2600 959 2654 ἐστιν.
1002 2599 1404 2672 Ἦθροίσθησαν
1431 2602 1475 2655 δ’
1508 2602 1567 2654 ἐν
1614 2603 1713 2657 αύ-

125 2694 197 2762 τῇ
232 2692 519 2745 ἐπίσκοποι
560 2691 697 2759 πρὸς
736 2692 1030 2761 τέσσαρσιν
1063 2692 1713 2767 όγδοήκοντα,ζητήσεως

130 2784 454 2855 γενομένης,
490 2786 539 2836 εἰ
568 2786 693 2846 τοὺς
729 2784 787 2849 ἐξ
829 2783 1094 2853 αἱρέσεως
1129 2785 1562 2857 ἐπιστρέφοντας
1618 2787 1714 2841 καὶ

128 2879 258 2939 τοὺς
301 2878 696 2946 σχισματικοὺς
736 2877 1097 2947 βαπτίζεσθαι
1134 2883 1215 2934 δεῖ
1236 2881 1715 2951 προσερχομένους

128 2972 202 3039 τῇ
236 2969 498 3041 καθολικῇ
544 2970 863 3043 Ἐκκλησία.
929 2973 1186 3038 Ἰο6ιανδς
1225 2975 1334 3046 γάρ
1367 2992 1451 3038 τις
1488 2975 1714 3028 ἐπίσκο-

131 3078 236 3123 πος
269 3062 548 3115 ἐπέστειλε
580 3064 709 3134 περὶ
736 3063 926 3116 τούτου
959 3066 1035 3135 τῷ
1068 3067 1197 3137 θείῳ
1228 3067 1553 3138 Κυπριανῷ,
1574 3069 1715 3136 ἐρω-

1808 1966 1954 2019 liano
1977 1963 2353 2019 Romanorum
2403 1964 2744 2030 imperatore
2798 1957 3076 2011 celebrata
3116 1954 3240 2019 fuit,
3271 1956 3386 2008 hac

1808 2072 1943 2111 vero
2011 2062 2289 2111 vetustate
2340 2054 2487 2107 illam
2540 2064 2761 2121 quoque
2801 2048 3098 2104 antecedit.
3155 2046 3386 2118 Magnus

1809 2149 2079 2219 siquidem
2127 2146 2462 2219 Cyprianus,
2507 2144 2670 2199 Decio
2722 2142 3072 2211 imperatore,
3140 2137 3388 2208 martyrii

1808 2256 2035 2297 cursum
2089 2238 2367 2295 confecit:
2423 2244 2479 2291 at
2537 2250 2668 2290 vero
2723 2234 2885 2303 longo
2927 2231 3216 2286 intervallo
3264 2240 3389 2299 post

1811 2335 2040 2391 Decium
2103 2332 2436 2387 Aurelianus
2516 2328 2641 2384 fuit.
2694 2327 2852 2381 Multi
2910 2324 3181 2394 siquidem
3225 2322 3390 2378 Decio

1817 2428 2100 2484 exstincto
2148 2438 2451 2495 regnavere
2499 2422 2885 2491 imperatores,
2918 2418 3121 2488 quibus
3170 2417 3390 2471 demum

1816 2518 2150 2574 Aurelianus
2180 2517 2233 2569 in
2279 2514 2513 2584 imperio
2538 2512 2801 2567 sull‘ectus
2847 2519 2953 2565 est.
2997 2508 3184 2579 Itaque
3234 2509 3392 2579 longe

1814 2608 1937 2663 haec
1960 2604 2205 2677 synodus
2235 2603 2481 2659 omnium
2508 2600 2901 2671 antiquissima
2931 2608 3034 2654 est.
3056 2597 3114 2651 ln
3140 2612 3201 2651 ea
3228 2612 3391 2667 porro

1815 2706 2053 2770 quatuor
2093 2712 2261 2767 supra
2289 2695 2570 2764 octoginta
2602 2692 2849 2763 episcopi
2882 2690 3204 2760 congregati
3239 2699 3391 2753 sunt,

1816 2805 1882 2846 ac
1917 2789 1983 2845 de
2015 2790 2105 2852 iis,
2132 2790 2227 2858 qui
2266 2786 2520 2841 abdicata
2550 2785 2742 2839 haeresi
2775 2783 3133 2851 resipiscunt,
3155 2796 3219 2836 ac
3242 2780 3393 2836 sebi-

1818 2884 2087 2948 smaticis,
2142 2882 2234 2951 qui
2274 2878 2342 2934 ad
2376 2878 2681 2933 Ecclesiam
2726 2882 3106 2935 revertuntur,
3169 2887 3238 2925 an
3300 2871 3397 2924 ba-

1817 2975 2060 3047 ptizandi
2096 2974 2297 3039 forent,
2336 2970 2654 3041 qumsitum.
2684 2966 2951 3021 Jovianus
2989 2964 3256 3033 siquidem
3282 2962 3399 3033 epi-

1822 3084 2025 3139 scopus
2069 3066 2318 3136 quidam,
2368 3079 2432 3118 ea
2472 3063 2539 3117 de
2592 3076 2675 3125 re,
2726 3076 2795 3113 an
2849 3058 3066 3114 scilicet
3125 3055 3398 3125 ejusmodi

127 3154 263 3217 τῶν,
297 3156 346 3207 εἰ
366 3155 449 3207 δεῖ
476 3156 603 3218 τοὺς
621 3156 897 3223 τοιούτους
920 3159 1300 3228 βαπτίζεσθαι.
1321 3160 1455 3212 Τότε
1484 3160 1594 3230 γὰρ
1625 3160 1713 3213 καὶ

1826 3160 2076 3214 homines
2108 3156 2377 3226 baptizari
2415 3160 2721 3223 oporteret,
2771 3150 3107 3221 Cyprianum
3136 3164 3232 3219 per
3278 3149 3397 3215 epi-

128 3247 158 3295 ὁ
192 3244 443 3309 Ναυάτος
491 3245 592 3314 τῆς
646 3248 754 3300 τῶν
778 3247 1091 3316 λεγομένων
1132 3250 1406 3321 Καθαρῶν
1449 3250 1719 3321 αἱρέσεως

125 3330 290 3406 ἦρξε,
337 3336 709 3408 πρεσϐύτερος
759 3340 1001 3407 γεγονὼς
1051 3341 1145 3410 τῆς
1192 3342 1520 3412 Ἑκκηλσίας
1588 3341 1721 3396 Ῥω-

132 3427 338 3495 μαίων,
374 3429 736 3497 σχισματικὸς
767 3428 843 3483 ὣν
880 3432 1107 3503 κυρίως,
1146 3433 1264 3485 ἀλλ’
1290 3434 1388 3503 οὐχ
1413 3434 1717 3505 αίρετικός.

127 3517 211 3569 Οὐ
260 3518 369 3585 γὰρ
418 3519 556 3585 πρὸς
598 3520 775 3589 δόγμα
805 3538 858 3575 τι
911 3525 1023 3586 τοῖς
1070 3524 1370 3597 όρθόφροσι
1401 3526 1716 3595 διεφέρετοτ

127 3607 275 3662 ἀλλὰ
319 3611 432 3670 τοῖς
469 3610 529 3661 ἐν
574 3610 839 3679 διωγμοῖς
880 3613 1199 3684 ὑποκύψασί
1252 3633 1311 3668 τε
1364 3618 1461 3671 καὶ
1490 3618 1721 3671 θύσασιν

124 3700 446 3770 ἀπηγόρευε
475 3702 574 3771 τὴν
603 3707 916 3772 μετάνοιαν.
964 3706 1184 3779 Ἐπειδὴ
1217 3708 1244 3760 ὁ
1266 3708 1389 3761 τότε
1429 3709 1528 3779 τῆς
1571 3709 1711 3762 Ῥω-

128 3791 317 3859 μαίων
400 3790 732 3863 Ἐκκλησίας
800 3797 1160 3868 προεστηκὼς
1221 3800 1522 3871 Κορνήλιος
1582 3802 1724 3873 μετὰ

123 3884 242 3935 τῶν
304 3883 396 3936 ὑπ’
447 3884 612 3939 αὑτὸν
663 3888 1003 3955 ἐπισκόπων,
1053 3891 1392 3962 ζητήσαντες
1448 3895 1579 3963 περὶ
1626 3894 1721 3948 τοῦ

123 3976 525 4044 εἰσαγομένου,
595 3978 938 4049 ἐψηφίσαντο
1003 3981 1256 4052 δέχεσθαι
1297 3984 1378 4047 είς
1430 3985 1723 4053 μετάνοιαν

124 4069 231 4121 καὶ
267 4071 394 4132 τοὺς
428 4069 819 4137 ἐπιθύσαντας,
880 4074 908 4135 ό
955 4072 1013 4126 δέ
1060 4074 1314 4137 Ναυάτος
1363 4076 1464 4144 τῆς
1518 4078 1725 4141 οἰκείας

123 4163 445 4226 ὲνστὰσεως
489 4163 551 4216 οὐ
616 4164 873 4235 μεθίετο·
938 4165 1206 4237 ἐξέκοψαν
1257 4167 1359 4238 τῆς
1394 4168 1725 4239 Ἐκκλησίας

126 4257 352 4308 ἐκεῖνον
402 4257 500 4309 καὶ
557 4257 919 4330 ἀπεκήρυξαν
992 4259 1065 4323 ὡς
1123 4260 1476 4330 μισάδελφον.
1546 4261 1607 4315 '0
1669 4264 1726 4316 δέ

126 4348 237 4399 καὶ
294 4349 491 4411 ἄλλους
512 4350 824 4419 ὁμόφρονας
846 4351 1099 4421 ἐσχηκὼς
1130 4354 1250 4405 καθ’
1274 4354 1466 4407 ἑαυτὸν
1490 4355 1727 4407 ἐποιεῖτο

130 4444 572 4511 παραωνάξεις,
625 4446 719 4496 καὶ
744 4443 953 4515 σχίσμα
982 4448 1135 4518 παρὰ
1183 4450 1249 4519 τῇ
1294 4446 1597 4519 Ἐκκλησία
1628 4449 1725 4501 ὑπ’

122 4534 355 4588 ἐκείνου
392 4538 490 4589 καὶ
529 4538 640 4593 τῶν
696 4541 847 4610 αὑτῳ
909 4541 1427 4607 συγκοινωνούντων
1479 4540 1721 4608 ἐγένετο.

122 4627 279 4696 Περὶ
319 4632 699 4699 σχισματικῶν
730 4633 914 4684 τοίνυν
942 4632 1038 4683 καὶ
1073 4632 1374 4701 αίρετικῶν
1400 4634 1722 4703 ἐρωτήσαν-

121 4738 227 4783 τος
289 4721 576 4788 Ἰοὸιανοῦ,
626 4725 1047 4787 ἀντεπέστειλεν
1096 4725 1245 4795 αύτῷ
1315 4742 1374 4779 τε
1461 4726 1557 4781 καὶ
1615 4729 1727 4791 τοῖς

126 4816 573 4879 συνεπισκόποις
600 4815 768 4869 αὑτοῦ
796 4820 822 4869 ὁ
852 4818 1031 4886 μέγας
1060 4818 1379 4889 Κυπριανδς
1413 4818 1508 4871 καὶ
1537 4820 1568 4889 ή
1627 4819 1725 4873 σὺν

126 4908 293 4978 αὐτῷ
333 4909 553 4973 σύνοδος
592 4913 690 4981 τὴν
722 4912 1008 4982 ἐπιστολὴν
1044 4912 1269 4985 ταύτην.

1824 3253 2023 3309 stolam
2070 3251 2450 3308 consuluerat.
2484 3246 2642 3301 Tunc
2682 3246 2829 3300 enim
2879 3242 3124 3298 Navatus
3182 3256 3403 3312 quoque

1822 3360 2013 3403 eorum
2053 3353 2237 3407 secta,
2273 3341 2365 3412 qui
2395 3338 2620 3395 Cathari
2654 3337 2781 3407 (hoc
2812 3346 2899 3391 est
2937 3335 3081 3404 puri)
3138 3334 3405 3389 diceban-

1823 3446 1933 3504 tur,
1964 3452 2022 3492 se
2048 3436 2355 3506 principem
2395 3430 2779 3502 proﬁtebatur,
2836 3427 3101 3482 Romana:
3148 3424 3405 3483 Ecclesiae

1824 3529 2135 3601 presbyter,
2168 3525 2563 3581 scbismaticus
2613 3522 2861 3594 proprie,
2918 3536 3027 3574 non
3090 3518 3406 3576 haereticus.

1824 3622 1935 3678 Nec
1964 3622 2109 3678 enim
2140 3623 2194 3675 in
2227 3620 2315 3683 iis,
2354 3632 2477 3690 quas
2517 3617 2584 3671 ad
2631 3616 2890 3687 dogmata
2940 3614 3241 3682 pertinent,
3291 3614 3406 3667 ullo

1826 3726 1993 3788 pacto
2035 3728 2066 3768 a
2089 3704 2396 3770 Catl'iolicis
2421 3710 2819 3767 dissentiebat:
2875 3708 2973 3763 sed
3030 3708 3126 3778 qui
3160 3706 3406 3762 adversis

1825 3808 2141 3877 reipublicae
2154 3805 2483 3861 Christianae
2505 3800 2852 3871 temporibus
2879 3801 3022 3856 malo
3046 3800 3174 3855 victi
3203 3814 3407 3854 succu-

1828 3897 2101 3961 bnissent,
2120 3895 2341 3964 diisque
2366 3892 2770 3955 immolassent,
2792 3890 2860 3945 ad
2894 3888 3271 3959 paenitentiam
3299 3902 3409 3942 non

1826 3984 2168 4040 admittebat.
2192 3982 2326 4037 Cum
2347 3996 2477 4038 vero
2491 3979 2747 4037 Ecclesia
2775 3978 3147 4034 Romanorum
3183 3976 3414 4048 prefec-

1829 4085 1995 4132 tuseo
2010 4084 2255 4146 tempore
2281 4073 2733 4137 Cornelius,cum
2761 4070 2865 4126 sibi
2888 4067 3158 4138 subjectis
3191 4068 3413 4135 episcov

1831 4170 1939 4240 pis,
1974 4169 2177 4238 agitata
2216 4168 2541 4237 quaestione,
2569 4180 2664 4219 eos
2696 4177 2916 4233 quoque
2952 4161 3044 4231 qui
3095 4159 3414 4215 immolave-

1830 4271 1957 4317 rant
1989 4262 2056 4317 ad
2092 4259 2476 4332 paenitentiam
2531 4254 2906 4313 admittendos
2964 4268 3087 4308 esse
3139 4250 3415 4306 decrevis-

1831 4365 1975 4419 sent,
2023 4368 2205 4424 neque
2232 4361 2414 4407 tamen
2484 4348 2727 4403 Navatus
2766 4345 2973 4416 aliquid
3004 4344 3071 4398 de
3111 4341 3415 4411 pertinacia

1831 4448 2164 4511 remitteret,
2220 4444 2374 4499 illum
2410 4441 2480 4497 ab
2531 4438 2795 4495 Ecclesia:
2848 4450 3081 4505 corpore
3140 4433 3415 4495 excisum,

1753 4522 2035 4608 unippe
2096 4534 2333 4589 fratrum
2403 4545 2619 4586 osorem
2693 4527 2914 4581 decreto
2976 4520 3415 4594 promulgavere.

1834 4632 1986 4689 Alios
2020 4643 2152 4684 vero
2179 4628 2272 4683 ille
2303 4634 2607 4683 sectatores
2642 4631 2867 4684 nactus,
2900 4616 3134 4673 seorsim
3180 4627 3419 4667 conven—

1836 4736 1926 4781 tus
1961 4738 2247 4794 peragere,
2307 4718 2722 4785 schismateque
2770 4714 2900 4768 hinc
2943 4710 3069 4765 inde
3117 4724 3243 4763 cum
3303 4706 3419 4760 suis

1838 4817 2154 4892 gregalibus
2206 4813 2511 4869 Ecclesiam
2566 4811 2812 4865 lacerare
2871 4806 3098 4861 adortus
3125 4809 3243 4869 _est.
3280 4799 3415 4854 Cum

1841 4928 1976 4983 ergo
2009 4912 2078 4966 de
2110 4906 2485 4967 schismaticis
2511 4912 2564 4961 et
2589 4901 2863 4958 haereticis
2914 4905 3061 4953 esset
3092 4912 3120 4949 a
3188 4893 3418 4948 Joviano

127 5000 461 5067 quaesitum,
495 5000 563 5055 ad
594 5016 719 5057 eum
749 5003 975 5073 ejusque
1008 5002 1369 5073 eoepiscopos
1402 5016 1636 5073 magnus
1659 5002 1965 5074 Cyprianus
1993 5016 2118 5057 cum
2142 5014 2242 5057 sua
2275 4997 2489 5071 synodo
2529 4994 2842 5052 rescribens
2882 4990 3184 5059 subjectam
3213 4985 3418 5057 cpisto.

124 5090 248 5142 lam
279 5090 549 5144 exaravit.

759 5176 1001 5231 KANQN
1035 5175 1116 5232 A'.

133 5287 158 5321 ι
223 5268 329 5323 Ἐκ
374 5266 723 5338 κοινοὸουλίῳ
774 5268 948 5333 ὀντες,
973 5268 1249 5337 ἀγαπητοὶ
1291 5267 1532 5338 ἀδελφοὶ,
1604 5269 1729 5323 ἀνέ-

219 5381 241 5414 ι
284 5379 506 5431 γνωμεν
549 5364 858 5434 γράμματα
908 5363 1004 5431 ἀφ’
1052 5361 1209 5432 ὑμῶν
1269 5363 1539 5416 σταλέντα
1598 5363 1730 5433 περὶ

2476 5172 2705 5230 CANON
2735 5173 2774 5229 Ι.

1844 5292 1863 5326 ι
1908 5272 2046 5328 Cum
2082 5273 2137 5328 in
2176 5271 2456 5327 communi
2479 5270 2714 5325 consilio
2747 5280 3025 5329 essemus,
3060 5263 3249 5318 dilecti
3301 5262 3413 5315 fra-

1915 5384 1933 5417 ι
1969 5375 2102 5429 tres,
2129 5363 2358 5436 legimus
2382 5364 2595 5419 litteras
2626 5374 2656 5415 a
2682 5360 2839 5416 vobis
2860 5359 3061 5415 missas
3086 5356 3154 5413 de
3184 5357 3276 5421 iis,
3319 5356 3417 5425 qui

1412 5477 1613 5542 Guill.
1646 5480 1981 5560 Beveregii
2023 5487 2213 5542 notua.

128 5602 495 5657 Balsamonis
525 5600 864 5675 editionibus
898 5616 1161 5675 canones
1197 5604 1391 5674 synodi
1433 5604 1724 5675 Carthagi-

129 5675 365 5736 nensis,
393 5683 451 5726 ut
483 5673 743 5728 aGraacis
798 5684 1087 5738 vocantur,
1153 5674 1257 5728 hoc
1318 5687 1424 5737 est,
1476 5673 1722 5729 codicem

129 5759 427 5815 canonum
479 5744 736 5799 Εεειοειω
797 5744 1094 5807 Africanae,
1146 5744 1289 5798 inter
1355 5746 1726 5815 supradictam

130 5814 425 5888 synodum
462 5817 803 5885 Aucyranam
841 5816 1134 5884 lnterponi.
1196 5815 1397 5870 Verum
1424 5814 1533 5872 non
1566 5820 1728 5871 modo

400 5908 673 5971 Panos.
718 5912 835 5971 (in.
880 5910 1251 5975 CXXXVII.

1836 5604 1890 5659 in
1930 5602 2229 5658 Bodleiano
2253 5602 2441 5657 codice
2472 5618 2636 5673 quem
2667 5604 2871 5674 ubique
2902 5601 3211 5673 sequimur,
3246 5598 3338 5651 sed
3371 5603 3427 5647 et

1838 5676 2306 5748 Amerbacbiano,
2342 5674 2485 5728 idem
2513 5677 2647 5748 ordo
2681 5677 3018 5748 synodorum
3068 5676 3421 5748 observatur.

1840 5760 1951 5814 quo
1984 5746 2096 5817 llic
2131 5747 2541 5815 imprimuntur,
2578 5742 2732 5815 juxta
2767 5762 2928 5817 quem
2985 5756 3225 5801 veterem
3274 5742 3422 5801 illam

1844 5816 2333 5889 Lartbaginensem
2366 5818 2602 5887 synodus
2638 5816 2928 5890 Ancyrana
2966 5820 3189 5888 excipit.

2970 5926 3045 5986 35
