4166 6438
99 383 238 453 1101

1236 379 1318 440 IN
1359 371 1529 438 CAN.
1569 375 1594 434 1
1635 372 1845 434 CONC.
1885 372 2260 432 eamme.
3232 342 3368 434 mg

170 519 188 549 ι
235 494 565 566 ἀμαρτωλοῦ
621 493 697 565 μὴ
719 491 1002 546 λιπανάτω
1033 490 1132 561 τὴν
1192 491 1435 559 κεφαλήν
1494 505 1619 557 μου.
1664 504 1680 534 ι
1719 490 1761 544 Α

1726 490 1761 544 Α
1870 501 1888 532 ι
1927 483 2150 552 aliquis,
2177 492 2230 536 et
2259 497 2286 534 a
2323 489 2472 536 recta
2513 481 2598 534 via
2633 481 2904 536 aberrans
2958 481 3104 550 apud
3157 481 3371 535 haereti“

171 609 191 642 ι
245 591 310 642 ⁸0
343 589 406 658 δὴ
438 590 534 641 κα)⁸
571 587 739 641 πάλαι
771 585 1013 655 ἐμήνυσε
1049 584 1108 636 τὸ
1163 581 1388 650 Πνεῦμα
1418 580 1480 631 τὸ
1533 578 1688 646 ἀγιον

176 703 195 734 ι
247 683 304 736 ὲν
321 681 602 751 Ψαλμοῖς,
636 680 834 749 μήπως
864 674 1178 745 ὲξιχνιασθῇ
1209 690 1315 746 τις,
1347 675 1442 724 καὶ
1467 670 1688 736 ὑπὸτῆς

179 793 199 824 σ
243 773 459 834 εὐθείας
525 769 649 841 ὁδοῦ
681 768 976 837 πλανηθεὶς
1039 768 1192 837 παρά
1250 765 1362 825 τοῖς
1393 762 1689 834 αἱρετικοίς

175 884 193 915 ι
243 866 355 926 τοῖς
393 861 488 915 τοῦ
555 859 795 930 Χριστοῦ
826 857 1146 918 ἀντιπάλοις
1182 853 1406 922 χρισθῇ.
1467 850 1594 913 Πῶς
1633 850 1690 901 δὲ

177 975 196 1005 ι
238 953 455 1016 εὔξεται
513 951 655 1020 ὑπὲρ
717 947 811 1001 τοῦ
862 946 1255 1019 βαπτισθέντος
1295 947 1416 1014 οὐχὶ
1486 942 1687 1011 ἱερεὺς,

175 1067 194 1099 ι
239 1047 351 1099 ἀλλ’
424 1043 705 1114 ίερόσυλος
747 1042 841 1093 καὶ
888 1039 1235 1111 ἁμαρτωλὸς,
1291 1034 1560 1104 λεγούσης
1593 1031 1691 1100 τῆς

179 1157 198 1189 ι
245 1137 467 1205 Γραφῆς
502 1134 583 1187 ὅτι
640 1152 657 1184 ι
710 1131 770 1184 ’0
822 1129 953 1193 Θεὸς
981 1127 1322 1199 ἁμαρτωλῶν
1352 1126 1452 1178 οὐκ
1480 1122 1689 1186 ἀκούει,

182 1247 202 1278 ι
241 1225 356 1279 ἀλλ’
378 1226 474 1277 ὲάν
511 1239 596 1285 τις
646 1219 911 1290 θεοσεϐὴς
935 1216 991 1288 ἦ,
1055 1220 1152 1272 καὶ
1174 1217 1234 1269 τὸ
1259 1216 1475 1286 θέλημα
1523 1211 1690 1266 αὑτοῦ

184 1339 204 1371 ι
248 1320 400 1389 ποιῇ,
434 1315 633 1368 τούτου
656 1312 879 1378 ἀκούει;
921 1332 940 1364 ι
973 1315 1071 1365 Διά
1096 1310 1195 1380 τῆς
1257 1309 1419 1376 ἁγίας
1468 1307 1695 1376 Ἐκκλη-

181 1429 202 1461 ‹
253 1410 375 1471 σίας
414 1406 644 1475 νοοῦμεν
672 1405 869 1473 ἀφεσιν
925 1400 1216 1473 ἁμαρτιῶν
1251 1414 1264 1429 °
1315 1399 1400 1462 τίς
1440 1399 1496 1451 δὲ
1533 1398 1694 1450 δύνα-

177 1522 196 1549 c
241 1519 332 1555 ται
363 1499 551 1552 δοῦναι
579 1501 714 1569 ὅπερ
755 1497 922 1560 αὐτὸς
953 1496 1054 1548 οὐκ
1084 1497 1231 1565 exat;
1263 1493 1296 1564 ἦ
1330 1493 1448 1555 πῶς
1469 1490 1694 1544 δύναται

179 1615 197 1645 ι
247 1591 595 1662 πνευματικά
645 1588 981 1660 ἐργάζεσθαι
1020 1587 1048 1638 ὁ
1109 1583 1406 1640 ἀποϐαλὼν
1468 1579 1695 1650 Πνεῦμα

181 1707 200 1737 ι
241 1685 436 1754 ἀγιον;
495 1682 597 1735 Διά
653 1682 814 1735 τοῦτο
879 1679 971 1733 καὶ
1032 1675 1390 1732 ἀνανεοῦσθαι
1440 1673 1697 1744 ὀφείλειὸ

182 1801 201 1830 σ
257 1779 394 1847 πρὸς
448 1778 550 1847 τὴν
633 1773 964 1845 Ἐκκλησίαν
1023 1770 1356 1842 ἐρχόμενος,
1408 1767 1498 1819 ἵνα
1585 1765 1696 1817 ἔσω

183 1890 203 1921 ι
250 1870 339 1922 διά
397 1869 505 1921 τῶν
579 1866 752 1934 ἁγίων
833 1861 1098 1933 ἀγιασθῇ.

179 1981 199 2012 ι
249 1962 330 2014 δτι
369 1979 387 2012 ι
432 1960 616 2028 Ἀγιοι
665 1957 874 2020 ἔσεσθε,
927 1955 1114 2018 καθὼς
1153 1953 1267 2021 ἐγὼ
1315 1953 1469 2020 ἅγιός
1495 1954 1632 2020 είμι,
1672 1968 1690 2001 ι

183 2073 204 2104 ι
251 2054 402 2121 λέγει
445 2052 676 2122 Κύριος.
705 2050 828 2102 Ἵνα
854 2050 950 2101 καὶ
987 2051 1014 2102 ὁ
1037 2049 1218 2117 πλάνῃ
1246 2044 1605 2116 βουκοληθεὶς
1639 2047 1696 2114 εν

182 2167 203 2198 ι
247 2147 327 2214 τῷ
358 2147 550 2216 ἀληθεῖ
581 2145 678 2197 καὶ
700 2143 1148 2212 ἐκκλησιαστικῷ
1208 2138 1551 2210 βαπτίσματι
1604 2137 1699 2190 καὶ

187 2260 208 2292 ι
255 2240 418 2302 αὐτὸς
462 2237 624 2291 τοῦτο
664 2236 1035 2306 ἀποδύσηται,
1077 2235 1225 2296 ὅστις
1258 2233 1394 2302 πρὸς
1427 2231 1561 2284 Θεὸν
1609 2231 1700 2300 έρ-

186 2354 206 2383 ‹
249 2332 478 2402 χόμενος
528 2331 840 2402 ἄνθρωπος,
899 2331 993 2380 καὶ
1051 2327 1202 2397 ίερέα
1262 2323 1562 2394 ἐπιζητῶν,
1643 2324 1701 2374 ὲν

183 2446 204 2475 ι
244 2426 420 2497 πλάνῃ
446 2425 690 2494 εὑρεθεὶς
714 2421 976 2494 ίεροσύλῳ
1013 2420 1341 2491 προσέπεσε.
1374 2416 1702 2486 Δοκιμάζειν

191 2503 211 2568 .
252 2517 360 2586 γάρ
402 2518 520 2568 ἐστι
542 2515 606 2567 τὺ
636 2514 746 2568 τῶν
770 2501 1065 2582 αἱρετικῶν
1101 2512 1405 2582 βάπτισμα,
1427 2509 1486 2562 τὸ
1515 2525 1704 2561 συνευ-

189 2626 212 2656 ι
253 2606 430 2658 δοκεῖν
457 2607 569 2668 τοῖς
602 2603 695 2657 ὑπ’
723 2605 948 2655 ἐκείνων
973 2601 1460 2671 βεϐαπτισμένοις.
1487 2599 1565 2651 Οὐ
1591 2597 1702 2667 γὰρ

185 2719 209 2748 ι
255 2698 480 2750 δύναται
509 2697 567 2750 ὲν
595 2695 751 2766 μέρει
784 2693 1162 2764 ὑπερισχύειν.
1196 2693 1260 2744 Ei
1319 2689 1560 2760 ἠδυνήθη
1613 2690 1708 2760 βα-

91 2796 98 2803 ’
199 2805 217 2834 ‹
270 2785 485 2849 πτίσαι,
522 2785 710 2855 ἴσχυσε
753 2785 846 2837 καὶ
907 2784 1063 2850 ἅγιον
1118 2781 1340 2852 Πνεῦμα
1377 2779 1596 2833 δοῦναιο
1657 2779 1707 2832 εί

201 2897 219 2930 ι
267 2879 369 2930 οὐκ
387 2877 654 2946 ἠδυνήθη,
688 2877 767 2929 δτι
791 2875 895 2940 ἔξω
916 2874 990 2927 ὢν
1021 2875 1245 2944 Πνεῦμα
1263 2873 1415 2940 ἇγιον
1449 2873 1548 2924 οὑκ
1571 2871 1707 2941 ἔχει,

188 2989 208 3021 ι
250 2971 310 3024 οὗ
338 2969 563 3023 δύναται
594 2971 684 3022 τὸν
736 2970 1037 3039 ἐρχόμενον
1075 2968 1356 3038 βαπτίσαι,
1401 2965 1533 3027 tvo;
1557 2965 1710 3028 ὄντος

197 3083 214 3112 ι
262 3062 358 3115 τοῦ
408 3061 810 3132 βαπτίσματος,
872 3061 968 3113 καὶ
1017 3062 1133 3123 ἐνὸς
1181 3059 1336 3119 ὄντος
1398 3055 1494 3109 τοῦ
1551 3056 1708 3125 ἁγίου

194 3176 212 3205 ε
259 3155 598 3224 Πνεύματος,
630 3154 726 3205 καλ.
752 3155 884 3223 μιᾶς
933 3151 1266 3221 Ἐκκλησίας
1308 3149 1414 3204 ὑπὸ
1467 3149 1704 3220 Χριστοῦ

194 3271 212 3303 ι
259 3250 352 3303 τοῦ
382 3251 590 3321 Κυρίου
613 3250 770 3320 ἡμῶν
792 3249 976 3303 ἐπάνω
1010 3248 1220 3317 Πέτρου
1252 3247 1346 3299 τοῦ
1376 3245 1702 3310 ἀποστόλου,

192 3362 212 3393 ο
269 3341 510 3412 ἀρχῆθεν
579 3340 856 3408 λέγοντος,
893 3340 1142 3410 ένότητος
1205 3338 1701 3408 τεθεμελιωμένης.

193 3452 210 3482 ι
255 3433 363 3484 Καὶ
414 3431 503 3483 διά
545 3430 705 3482 τοῦτο
734 3431 801 3481 τά
847 3429 941 3480 ὑπ’
990 3428 1172 3480 αὐτῶν
1218 3429 1484 3497 γινόμενα
1528 3427 1700 3498 ψευδῆ

194 3544 211 3574 ι
252 3524 344 3576 καὶ
378 3527 511 3576 κενά
537 3522 854 3591 ὑπάρχοντα
883 3521 1061 3574 πάντα
1094 3521 1242 3573 ἐστὶν
1271 3521 1526 3590 ἀδόκιμα.
1569 3520 1704 3572 Οὐδὲ

192 3633 210 3666 ι
253 3615 361 3684 γὰρ
391 3613 614 3667 δύναται
638 3613 827 3666 δεκτὸν
869 3614 962 3665 καὶ
985 3612 1201 3682 αἱρετὸν
1243 3606 1379 3664 εἶναι
1411 3612 1562 3682 παρὰ
1585 3609 1705 3680 θεῷ

195 3725 211 3757 ι
249 3704 358 3757 τῶν
390 3705 483 3757 ὑπ’
531 3705 760 3757 ικείνων
791 3703 1124 3774 γινομένων,
1165 3702 1260 3766 οὓς
1300 3704 1325 3754 ό
1355 3702 1560 3772 Κύριος
1617 3719 1706 3753 πο-

196 3817 215 3848 ι
257 3798 482 3870 λεμίους
538 3799 633 3850 καὶ
681 3797 1017 3860 ἀντιπάλους
1057 3795 1222 3849 αὑτοῦ
1281 3796 1430 3863 λέγει
1487 3798 1545 3848 ἐν
1594 3798 1708 3858 τοῖς

197 3909 214 3941 ι
261 3888 650 3958 Εὑαγγελίοις’
693 3906 712 3941 ι
738 3889 798 3942 Ὃ
831 3888 907 3959 μὴ
953 3887 1029 3940 ὢν
1079 3888 1197 3958 μετ’
1223 3887 1358 3956 ἐμοῦ
1391 3887 1511 3940 κατ’
1568 3884 1706 3954 ἐμοῦ

198 4003 215 4033 ι
268 3983 408 4047 ἐστι,
430 3984 527 4034 καὶ⁵
551 3984 579 4035 ό
610 3982 685 4052 μὴ
723 3983 974 4048 συνάγων
1005 3980 1124 4050 μετ’
1156 3979 1314 4049 ἐμοῦ,
1343 3979 1658 4049 σκορπίζει.
1681 3997 1700 4029 ι

201 4093 218 4124 ι
267 4073 421 4125 Καὶό
475 4074 749 4142 μακάριος
787 4071 1086 4133 ἀπόστολος
1147 4071 1426 4138 Ἰωάννης,
1490 4069 1710 4133 ἐντολὰς

203 4186 222 4216 ι
270 4166 478 4235 Κυρίου
541 4164 747 4235 τηρῶν,
788 4164 844 4216 ὲν
875 4166 942 4234 τῇ
999 4164 1289 4232 Ἐπιστολῇ
1341 4161 1707 4231 προέγραψεν·

195 4279 212 4310 ι
279 4257 580 4311 Ἠκούσατε
611 4259 694 4310 δτι
721 4256 1105 4326 ὀάντίχριστος
1125 4254 1364 4325 ἔρχεται,
1397 4253 1492 4306 καὶ
1518 4255 1612 4304 νῦν
1657 4253 1713 4305 δὲ

197 4371 215 4403 ι
267 4349 601 4420 ἀντίχριστοι
661 4348 845 4401 πολλοὶ
875 4348 1168 4416 γεγόνασιν
1213 4346 1336 4399 ὅθεν
1371 4334 1712 4414 γινώσκομεν

198 4465 215 4493 ι
269 4443 350 4494 ὅτι
387 4442 592 4510 ἐσχάτη
613 4439 729 4510 ὥρα
758 4441 930 4492 ἐστίν.
969 4459 986 4490 ι
1034 4438 1304 4508 Ἐξήμῶν
1332 4439 1571 4508 ἐξῆλθον,
1599 4438 1712 4491 ἀλλ’

1191 1861 1508 1929 Γέγραπται
1560 1859 1693 1929 γὰρ,
1727 1849 1770 1904 Β

1868 589 1885 622 ι
1923 585 2020 626 cos
2088 571 2296 627 Christi
2379 571 2730 627 adversarios
2825 571 3149 641 inungatur.
3225 572 3372 636 Quo-

1866 681 1884 714 ι
1921 664 2083 718 modo
2108 674 2293 719 autem
2325 679 2425 733 pro
2475 678 2542 718 eo
2592 664 2686 733 qui
2727 663 3036 729 baptizatus
3072 670 3157 716 est
3184 676 3376 730 preca-

1867 774 1885 807 ι
1925 757 2095 822 bitur,
2129 771 2237 810 non
2269 757 2551 818 sacerdos,
2585 756 2679 810 sed
2712 755 3039 822 sacrilegus,
3077 762 3136 809 et
3183 767 3376 822 pecca-

1867 871 1884 902 ι
1931 851 2051 905 tor?
2116 852 2330 906 dicente
2380 850 2663 920 Scriptura
2690 892 2704 916 ,
2758 850 2906 920 quod
2949 868 2968 902 ι
2997 849 3144 904 Deus
3175 862 3376 916 pecca-

1867 961 1886 992 ι
1923 952 2068 998 tores
2102 960 2212 998 non
2242 945 2429 998 audit:
2458 943 2555 999 sed
2584 944 2628 998 si
2689 944 2813 1012 quis
2866 953 2952 996 est
2984 943 3105 1010 pius
3151 955 3216 994 ac
3246 940 3378 992 reli-

1869 1055 1888 1098 ς
1926 1037 2137 1107 giosus,
2157 1045 2210 1092 et
2227 1038 2344 1105 ejus
2368 1039 2710 1092 voluntatem
2732 1035 2885 1100 facit,
2905 1051 3028 1090 eum
3050 1035 3203 1089 audit
3227 1034 3279 1065 "
3302 1032 3325 1085 ?
3351 1049 3370 1082 ι

1867 1146 1887 1179 ι
1927 1129 2028 1183 Ρει·
2063 1137 2309 1183 sanctam
2341 1129 2645 1184 Ecclesiam
2685 1138 3037 1199 peccatorum
3086 1125 3376 1181 remissio-

1871 1239 1890 1272 ι
1924 1237 2050 1276 nem
2086 1222 2482 1291 intellegimus.
2545 1221 2684 1288 Quis
2719 1230 2904 1275 autem
2941 1221 3074 1273 dare
3099 1226 3282 1288 potest
3319 1216 3374 1271 id

1871 1329 1890 1362 ι
1929 1311 2076 1382 quod
2133 1313 2251 1381 ipse
2303 1328 2413 1366 non
2474 1311 2794 1366 liabettvel
2860 1310 3145 1381 quomodo
3195 1316 3383 1378 petest

1872 1422 1889 1454 ι
1930 1404 2149 1472 operari
2174 1404 2506 1472 spiritualia,
2548 1405 2641 1474 qui
2675 1403 2942 1474 Spiritum
2979 1409 3229 1455 sanctum
3279 1398 3379 1452 ab-

1875 1514 1893 1546 ι
1924 1494 2096 1564 jecit?
2135 1494 2201 1549 Et
2234 1496 2360 1550 ideo
2418 1496 2582 1549 etiam
2637 1495 2892 1549 renovari
2938 1491 3118 1558 debet,
3160 1492 3253 1561 qui
3310 1491 3381 1545 ad

1875 1604 1893 1636 ι
1930 1586 2233 1641 Ecclesiam
2266 1587 2502 1651 accedit,
2533 1594 2596 1640 ut
2644 1587 2796 1639 intus
2833 1600 2930 1654 per
2977 1593 3202 1638 sanctos
3249 1596 3380 1636 san-

1871 1699 1889 1731 (
1929 1680 2225 1735 ctilicetur.
2261 1677 2542 1748 Scriptum
2567 1688 2652 1732 est
2683 1679 2831 1732 enim
2861 1695 2875 1731 :
2909 1695 2927 1728 ι
2971 1675 3162 1730 Sancti
3194 1675 3379 1735 eritis,

1875 1791 1894 1824 ι
1935 1771 2078 1827 sicut
2108 1779 2162 1827 et
2182 1786 2286 1842 ego
2317 1779 2544 1826 sanctus
2577 1785 2701 1826 sum
2743 1771 2812 1836 “,
2839 1789 2857 1821 ι
2897 1771 3034 1824 dicit
3075 1769 3380 1823 Dominus:

1874 1883 1889 1914 ι
1930 1871 1990 1916 ιιι
2024 1862 2115 1932 qui
2152 1863 2210 1915 in
2239 1877 2430 1917 errore
2479 1870 2670 1932 pastus
2710 1871 2816 1926 est,
2865 1862 2919 1916 in
2949 1875 3080 1915 vero
3115 1870 3170 1915 et
3206 1860 3386 1916 eccle-

1878 1979 1895 2006 I
1934 1955 2158 2010 siastico
2208 1957 2537 2026 baptismate
2612 1958 2730 2025 ipse
2781 1971 3002 2027 quoque
3045 1955 3150 2010 hoc
3188 1962 3378 2019 exuat,

1878 2066 1896 2100 ι
1936 2049 2030 2117 qui
2062 2049 2228 2102 homo
2262 2048 2327 2102 ad
2363 2049 2527 2104 Deum
2589 2049 2883 2115 accedens,
2921 2056 2978 2104 et
3037 2047 3383 2102 sacerdotem

1831 2127 1843 2139 ’
1879 2158 1898 2190 ι
1940 2156 2229 2209 quaerens,
2290 2142 2346 2194 in
2404 2156 2591 2197 errore
2639 2141 2898 2198 inventus
2955 2140 3011 2194 in
3056 2138 3386 2207 sacrilegum

1881 2252 1898 2284 ι
1948 2233 2159 2288 incidit.
2205 2233 2305 2288 Est
2336 2234 2481 2288 enim
2511 2234 2890 2289 haereticorum
2926 2213 3385 2288 etschismatico-

1883 2345 1902 2378 ι
1946 2343 2066 2380 rum
2097 2327 2336 2382 hazresin
2378 2327 2704 2398 approbare,
2748 2325 2850 2392 eis,
2901 2325 2997 2395 qui
3041 2325 3110 2379 ab
3152 2324 3259 2377 illis
3293 2322 3390 2377 ba-

1881 2441 1898 2470 σ
1937 2419 2122 2490 ptizali
2160 2429 2310 2485 sunt,
2358 2420 2692 2474 consentire.
2751 2417 2872 2472 Non
2921 2418 3068 2472 enim
3113 2425 3293 2486 potest
3333 2416 3389 2469 in

1884 2531 1900 2562 ι
1945 2524 2096 2581 parte
2117 2513 2321 2566 valere.
2347 2512 2405 2566 Si
2431 2513 2609 2581 potuit
2641 2512 2942 2582 baptizare,
2975 2510 3157 2581 potuit
3178 2519 3233 2566 et
3257 2525 3393 2565 san-

1880 2592 1902 2656 ἱ
1942 2617 2092 2658 ctum
2123 2605 2394 2673 Spiritum
2429 2603 2590 2659 dare:
2632 2606 2675 2658 si
2713 2605 2815 2659 hoc
2855 2619 2966 2658 non
2993 2603 3191 2673 potuit,
3239 2603 3392 2671 quia,

1888 2717 1905 2748 ι
1945 2715 2066 2751 eum
2121 2711 2277 2752 εχει-ο
2308 2697 2400 2762 sit,
2443 2696 2706 2768 Spiritum
2751 2707 3002 2752 sanctum
3055 2714 3164 2751 non
3206 2695 3396 2762 habet,

1887 2809 1904 2842 ι
1951 2806 2049 2844 nec
2085 2797 2262 2860 potest
2290 2790 2603 2844 venientem
2642 2789 2959 2856 baptizare;
2995 2804 3120 2843 cum
3147 2787 3218 2841 sit
3248 2801 3394 2841 unus

1892 2902 1908 2931 ‹
1945 2881 2279 2952 baptismus,
2309 2890 2364 2935 et
2419 2897 2565 2936 unus
2605 2891 2837 2935 sanctus
2885 2881 3149 2951 Spiritus,
3193 2888 3247 2934 et
3283 2897 3390 2934 una

1889 2994 1905 3024 ι
1945 2972 2194 3028 Ecclesia
2232 2989 2261 3026 a
2293 2972 2514 3028 Christo
2551 2972 2782 3028 Domino
2820 2981 3034 3039 nostro,
3066 2974 3117 3027 id
3144 2973 3212 3028 ab
3235 2974 3396 3027 initio

1892 3083 1909 3114 ι
1953 3064 2202 3130 dicente,
2276 3079 2444 3133 supra
2502 3064 2720 3119 Petrum
2786 3065 3098 3133 apostolum
3167 3064 3396 3120 fundata

1891 3174 1907 3204 ι
1950 3156 2179 3209 unitate.
2207 3153 2273 3208 Et
2315 3155 2439 3209 ideo
2463 3170 2586 3226 qua:
2632 3155 2702 3210 ab
2769 3155 2849 3211 eis
2885 3155 3028 3211 facta
3073 3163 3222 3220 sunt,
3267 3171 3392 3210 cum

1888 3265 1904 3296 ι
1947 3246 2058 3300 sint
2093 3245 2228 3299 falsa
2254 3255 2308 3299 et
2333 3260 2500 3310 vana,
2532 3247 2715 3300 omnia
2749 3257 2878 3301 sunt
2936 3247 3249 3315 reprobata.
3290 3246 3390 3301 Νε-

1887 3357 1903 3388 ι
1936 3353 2045 3406 que
2073 3339 2219 3391 enim
2256 3339 2366 3393 Deo
2399 3345 2614 3408 gratum
2640 3347 2693 3393 et
2724 3351 3010 3408 acceptum
3068 3354 3191 3394 esse
3215 3348 3399 3410 potest

1883 3449 1899 3480 ι
1943 3429 2244 3500 quidquam
2272 3445 2484 3494 eorum,
2517 3429 2682 3500 367
2711 3435 2832 3499 qua:
2856 3432 2924 3485 ab
2946 3431 3054 3486 illis
3075 3431 3231 3494 fiunt,
3258 3446 3398 3500 quos

1883 3540 1902 3572 ι
1947 3521 2210 3577 Dominus
2247 3524 2432 3578 hostes
2473 3531 2530 3577 et
2569 3523 2918 3578 adversarios
2961 3523 3100 3578 dicit
3128 3526 3181 3578 in
3216 3523 3398 3579 Evan-

1886 3634 1903 3665 ‹
1941 3615 2125 3684 geliis:
2169 3634 2188 3666 ι
2216 3615 2321 3681 Qui
2359 3629 2470 3669 non
2492 3624 2578 3670 est
2615 3630 2856 3680 mecum,
2915 3626 3108 3672 contra
3144 3633 3232 3673 me
3271 3627 3396 3673 est:

1886 3723 1904 3756 ι
1941 3715 1995 3760 et
2034 3706 2127 3776 qui
2180 3721 2290 3761 non
2345 3705 2559 3776 colligit
2622 3721 2882 3770 mecum,
2939 3708 3208 3779 dispergit
3267 3707 3337 3763 ⁸⁸.
3375 3727 3394 3760 ι

1887 3819 1904 3850 ι
1940 3799 2081 3866 Quin
2109 3800 2273 3855 etiam
2300 3799 2496 3855 beatus
2522 3801 2810 3870 apostolus
2833 3798 3095 3867 Joannes,
3128 3810 3399 3872 praecepta

1889 3911 1907 3944 ι
1947 3891 2164 3946 Domini
2203 3906 2454 3956 servans,
2479 3891 2532 3945 in
2565 3891 2808 3961 Epistula
2849 3892 3218 3963 praescripsit:
3258 3895 3403 3947 «Au-

1890 4003 1907 4034 ι
1945 3981 2160 4039 divistis
2196 3984 2341 4054 quod
2371 3981 2744 4040 Antichrisms
2769 3985 2945 4049 venit,
2982 3993 3035 4039 et
3058 4000 3208 4039 nunc
3235 3983 3400 4040 etiam

1893 4097 1910 4129 ι
1948 4077 2106 4131 multi
2162 4078 2479 4132 antichristi
2542 4077 2675 4132 facti
2703 4085 2874 4142 sunt;
2910 4077 3063 4132 unde
3119 4081 3406 4150 cognosci-

1892 4193 1910 4224 ι
1951 4190 2070 4228 mus
2096 4173 2244 4243 quod
2269 4181 2517 4228 extrema
2567 4175 2700 4228 hora
2765 4174 2919 4228 adest
2942 4173 3011 4228 ⁸⁸.
3050 4192 3070 4225 ι
3117 4173 3196 4227 Ex
3247 4174 3406 4228 nobis

1891 4284 1908 4316 ι
1949 4265 2222 4330 exierunt,
2259 4266 2356 4320 sed
2386 4280 2495 4319 non
2530 4272 2690 4320 erant
2728 4280 2856 4320 cum
2908 4266 3093 4331 nobis,
3155 4266 3299 4320 unde
3352 4273 3408 4320 et

1894 4378 1910 4408 ‹
1946 4373 2045 4412 nos
2083 4359 2388 4429 intelligere
2414 4368 2468 4412 et
2506 4358 2752 4428 COgitare
2777 4359 3067 4426 debemus,
3102 4358 3148 4412 si
3184 4355 3407 4412 Domini

1896 4470 1913 4500 ι
1955 4450 2187 4513 inimici,
2213 4459 2267 4504 et
2298 4450 2390 4520 qui
2423 4450 2732 4505 antichriSIi
2770 4461 2900 4505 sunt
2934 4451 3224 4515 nominati,
3305 4450 3408 4504 Do-

195 4559 214 4586 ι
271 4535 372 4586 οὐκ
429 4528 574 4606 ἦσαν
637 4532 758 4603 μεθ’
806 4535 990 4603 ὴμοῖν,
1064 4533 1188 4586 δθεν
1247 4534 1342 4584 καὶ
1384 4534 1544 4601 ἡμεῖς
1585 4548 1712 4584 συν·-
1747 4565 1793 4622 D

1760 4565 1793 4622 ί)
1899 4563 1915 4592 ι
1964 4541 2094 4595 mini
2158 4543 2389 4612 gratiam
2452 4541 2583 4597 dare
2615 4557 2726 4597 non
2769 4551 3043 4609 possunt;
3107 4545 3228 4598 ideo
3280 4560 3405 4610 nos,

195 4647 214 4678 ι
262 4626 397 4678 ιέναι
427 4625 720 4693 ὀφείλομεν
747 4625 842 4678 καὶ
881 4627 1044 4690 νοεῖν,
1075 4626 1123 4678 εί
1163 4626 1212 4677 οί
1248 4625 1434 4696 ἐχθροὶ
1479 4625 1710 4694 Κυρίου,

197 4741 215 4768 ι
273 4720 370 4770 καὶ
403 4718 454 4770 oi
494 4719 834 4788 ἀντίχριστοι
893 4712 1303 4787 ὠνομασμένοι,
1361 4718 1579 4770 δυνατοὶ
1613 4718 1714 4770 οὐκ

196 4832 216 4864 ι
265 4809 378 4864 εἷεν
409 4814 571 4881 χάριν
611 4812 798 4864 δοῦναι
855 4812 949 4863 τοῦ
1002 4813 1234 4882 Κυρίου,
1266 4814 1361 4865 καὶ
1413 4813 1500 4865 διὰ
1556 4812 1714 4864 τοῦτο

195 4924 213 4954 ‹
265 4905 427 4973 ἡμεῖς
472 4903 522 4954 oi
560 4905 658 4955 σὺν
681 4900 870 4972 Κυρίῳ
905 4902 1096 4966 ίόντες,
1128 4903 1224 4955 καὶ
1247 4904 1477 4971 ἑνότητα
1505 4904 1712 4974 Κυρίου

199 5016 218 5049 ι
272 4996 624 5069 κρατοῦντες,
647 4997 744 5048 καὶ
770 4996 914 5049 κατά
937 4996 1037 5068 τὴν
1057 4997 1214 5062 ἀξίαν
1245 4995 1412 5049 αὑτοῦ
1443 4996 1711 5067 χορηγού-

196 5111 216 5144 ι
273 5107 446 5160 μενοι,
474 5091 574 5162 τὴν
605 5091 879 5160 ίερατείαν
906 5090 1075 5143 αὑτοῦ
1101 5091 1160 5143 ὲν
1190 5089 1575 5160 τῇἚκκλησίᾳ
1602 5089 1713 5140 λει-

193 5206 219 5247 ρ
263 5183 644 5254 τουργοῦντες,
668 5185 769 5237 ὅσα
793 5184 842 5237 οί
869 5183 1240 5254 ἀντικείμενοι
1263 5181 1435 5253 αὐτῷ,
1458 5184 1712 5236 τουτέστι

199 5299 220 5332 ι
269 5279 522 5349 πολέμιοι
571 5280 666 5333 καὶ
715 5277 1053 5348 ἀντίχριστοι
1108 5276 1385 5341 ποιοῦσιν,
1453 5275 1713 5330 ἀποδοκι-

199 5389 221 5422 ι
268 5370 438 5440 μάσαι
472 5371 569 5424 καὶ
603 5369 943 5441 ἀποποιῑμιι
985 5372 1080 5424 καὶ
1139 5369 1474 5442 ἀπορῤίῴαι,
1512 5370 1607 5424 καὶ
1633 5370 1710 5432 ὡς

199 5482 222 5516 ί
270 5460 476 5533 βέϐηλα
508 5461 678 5533 ἔχειν,
729 5463 1046 5536 ὀφείλομεν·
1083 5465 1320 5527 καὶτοῖς
1345 5467 1452 5520 ἀπὸ
1499 5465 1711 5534 πλάνης

1899 4653 1915 4683 ι
1955 4634 2202 4701 quicum
2244 4635 2479 4690 Domino
2521 4636 2720 4699 simus,
2777 4644 2832 4690 et
2876 4635 3094 4690 Domini
3142 4636 3407 4690 unitatem

1899 4746 1916 4778 ι
1957 4735 2231 4790 tenemus,
2265 4735 2322 4781 ut
2349 4744 2447 4798 pro
2506 4729 2627 4797 eius
2660 4714 2928 4798 dignitate
2981 4729 3413 4784 subministran-

1906 4837 1922 4868 ι
1966 4830 2068 4884 tes,
2106 4821 2482 4874 sacerdotium
2552 4821 2671 4889 ejus
2709 4822 2763 4873 in
2822 4819 3071 4875 Ecclesia
3126 4822 3410 4891 gerimus,

1905 4931 1922 4962 ι
1962 4928 2308 4983 qumcunque
2341 4914 2645 4968 adversarii
2688 4913 2831 4983 ejus,
2859 4915 2964 4968 hoc
2987 4923 3090 4977 est,
3122 4915 3310 4972 hostes
3358 4924 3416 4970 et

1905 5021 1924 5056 ι
1966 5006 2278 5059 antichristi
2334 5005 2566 5068 faciunt.
2619 5006 2942 5076 reprobare,
3007 5021 3316 5072 removere,
3357 5018 3413 5062 et

1903 5114 1921 5146 ι
1954 5095 2292 5164 abjicere,et
2323 5112 2422 5166 pro
2457 5095 2702 5166 profanis
2739 5096 2940 5152 habere
2969 5095 3266 5151 debemus:
3313 5097 3380 5151 iis
3409 5133 3414 5137 -

1901 5206 1920 5240 ι
1962 5205 2092 5260 que,
2133 5191 2223 5260 qui
2260 5191 2329 5244 ab
2352 5205 2542 5244 errore
2575 5198 2628 5244 et
2667 5190 3025 5258 perversitate
3061 5189 3126 5244 ad
3163 5204 3304 5246 verae
3354 5200 3412 5246 et

1903 5283 2346 5338 «ecclesiastica:
2408 5283 2532 5338 lidei
2584 5283 2953 5353 cognitionem
3014 5283 3267 5346 veniunt,
3330 5281 3415 5336 di-

1911 5396 1929 5429 ‹
1968 5380 2110 5432 vina:
2142 5378 2403 5450 potentia
2433 5383 2789 5449 mysterium,
2829 5378 3057 5437 unitatis
3089 5387 3144 5433 et
3185 5376 3325 5448 .ﬁdei
3361 5387 3418 5431 et

1899 5498 1919 5529 ‹
1964 5475 2234 5538 veritatis,
2269 5473 2498 5528 omnino
2540 5474 2695 5530 dare.

198 5580 223 5615 ι
275 5562 372 5615 καὶ
441 5561 834 5633 στρεὸλότητος
894 5564 1219 5634 ἐρχομένοις
1275 5567 1369 5618 ἐπὶ
1458 5569 1659 5636 γνώσει
1685 5576 1785 5644 τῆς
1861 5572 2132 5647 ἀληθινῆς
2184 5573 2280 5626 καὶ
2354 5571 2826 5644 έκκλησιαστικῆς
2907 5572 3145 5636 πίστεως
3229 5570 3417 5626 δοῦναι

198 5676 225 5712 ι
267 5657 497 5712 καθόλου
529 5657 681 5720 θείας
721 5657 1008 5729 δυνάμεως
1033 5659 1366 5732 μυστήριον,
1400 5663 1651 5737 ἑνότητός
1691 5686 1753 5721 τε
1791 5671 1885 5723 χαι
1918 5669 2161 5728 πίστεως
2201 5666 2296 5720 καὶ
2329 5665 2615 5736 ἀληθείας.
2655 5687 2672 5719 ι

237 5838 284 5870 ⁸⁸
313 5836 472 5894 Joan.
507 5851 586 5906 ιι,
608 5837 698 5896 Si.
813 5839 861 5872 "
885 5839 1061 5897 chit.
1093 5856 1173 5909 ιι,
1214 5841 1304 5897 45.

1417 5842 1462 5874 ⁸⁸
1499 5843 1686 5900 Matth.
1723 5860 1818 5913 xu,
1847 5844 1935 5900 '50.

2049 5845 2094 5876 "
2117 5842 2279 5902 Joan.
2317 5861 2379 5909 ιι,
2411 5845 2500 5899 18.
