4166 6438
769 443 910 517 ι103

2022 436 2309 500 ἾῊΕΟΒ.
2338 434 2743 496 BALSAMON
2788 446 2793 451 “

3905 435 4027 499 11ύί

839 555 1033 610 lt.t|.S.
1091 552 1360 619 Scriptum
1395 550 1557 607 estin
1591 547 1856 619 prommio
1889 564 2054 619 quam
2109 548 2179 601 ob
2209 562 2341 601 cau-

2506 544 2703 598 ΒᾹᾹΣ.
2760 544 2849 596 Ἐν
2890 541 2968 614 τῷ
2992 542 3270 616 προοιμίῳ
3304 542 3616 614 γέγραπται
3668 542 3817 606 τίνος
3874 548 4030 613 χάρτν

766 662 884 701 sam
917 660 1157 717 prmsens
1192 643 1425 714 epistola
1480 642 1580 695 fuit
1640 640 1789 694 edita
1822 659 1833 694 ι
1864 651 1917 694 et
1943 639 2061 709 ipsa
2111 638 2337 708 quidem

766 737 978 796 statuit,
1016 736 1186 803 utqui
1208 732 1275 786 ad
1320 732 1649 810 catholicam
1687 730 1992 785 Ecclesium
2018 729 2088 783 ab
2124 729 2343 782 haereti-

766 829 847 881 cis
873 826 953 880 vel
978 824 1671 885 sehismatieis‘accedunt,
1707 823 2075 892 baptizentur,
2125 821 2341 876 etiamsi

764 921 833 973 ab
886 920 994 975 illis
1051 919 1204 987 prius
1243 917 1504 986 baptizati
1555 915 1781 970 fuerint.
1825 914 2107 985 Septimus
2156 923 2340 966 autem

765 1024 938 1064 canon
979 1011 1233 1065 secundm
1264 1008 1457 1078 synodi
1492 1007 1814 1062 universalis
1864 1023 2078 1071 eorum,
2112 1007 2204 1076 qui
2246 1005 2344 1058 ba-

765 1102 957 1171 ptizari
1008 1109 1062 1155 et
1117 1102 1207 1172 qui
1248 1114 1355 1153 non
1407 1098 1668 1169 baptizari
1705 1097 1925 1162 debent,
1980 1096 2341 1151 diﬂerentiam

767 1196 1157 1257 constituens,
1216 1193 1318 1246 alia
1379 1194 1625 1259 quaedam
1688 1191 1952 1261 pra'cipit.
2019 1189 2162 1259 Lege
2214 1202 2345 1258 ergo

766 1301 914 1351 eum,
954 1296 1007 1340 et
1056 1296 1293 1339 mentem
1328 1284 1525 1339 adhibe
1572 1283 1639 1337 iis
1672 1298 1793 1353 qua:
1829 1284 1883 1336 in
1918 1284 2035 1350 ipso
2067 1287 2198 1337 sunt
2246 1296 2345 1349 po-

768 1380 1021 1433 steriora.
1068 1376 1219 1447 Lege
1264 1392 1395 1445 ergo
1424 1376 1589 1429 etiam
1617 1374 1654 1427 2
1686 1390 1949 1429 canouem
1982 1373 2177 1446 synodi
2225 1388 2347 1444 quae

767 1483 851 1527 est
880 1473 930 1525 in
950 1469 1158 1531 Trullo,
1195 1480 1248 1523 et
1275 1470 1437 1531 scies,
1467 1469 1613 1537 quod
1638 1483 1758 1536 qua:
1785 1470 1884 1522 hac
1911 1468 2139 1537 epistola
2165 1467 2346 1521 conti-

771 1576 987 1628 nentur,
1047 1564 1116 1617 ab
1159 1564 1415 1616 onmilms
1458 1561 1714 1615 Patribus
1758 1560 1998 1615 admissa
2046 1575 2152 1613 non
2192 1570 2343 1614 sunt.

771 1658 862 1713 Sic
917 1659 1063 1713 enim
1095 1656 1227 1710 dicit
1262 1657 1394 1725 ipsis
1438 1652 1619 1709 verbis
1654 1671 1666 1707 :
1704 1654 1976 1707 Praeterea
2010 1663 2190 1707 autem
2224 1662 2278 1706 et
2318 1667 2347 1705 a

767 1749 1063 1821 Cypriane,
1105 1748 1197 1816 qui
1233 1748 1486 1800 Alrorum
1529 1743 1770 1813 regionis
1806 1743 2101 1813 episcopus
2136 1740 2250 1797 fuit
2295 1752 2351 1797 et

768 1850 997 1910 martyr,
1058 1848 1112 1892 et
1169 1854 1196 1892 a
1256 1842 1503 1907 synodo,
1558 1824 1680 1904 quae
1731 1835 1800 1888 ab
1856 1834 1949 1888 illo
2008 1833 2191 1888 habita
2240 1841 2345 1895 est.

2448 637 2479 701 ή
2524 635 2773 705 παροῦσα
2808 635 3027 706 ἐξετέθη
3061 635 3363 705 ἐπιστολή·
3407 637 3500 687 καὶ
3532 636 3675 706 αὕτη
3711 636 3814 703 μὲν
3868 637 4033 703 διορί·

2450 728 2604 792 ζεται
2638 730 2765 791 τοὺς
2812 728 3293 799 προσερχομένους
3348 732 3413 799 τῇ
3463 728 3727 797 καθολικῇ
3812 728 4034 795 Ἐκκλη-

2453 821 2543 891 σία
2573 822 2681 874 ἀπὸ
2709 822 3006 893 αἱρετικῶν
3036 824 3068 895 ἦ
3102 823 3480 893 σχισματικῶν
3524 822 3916 892 βαπτίζεσθαι,
3940 826 4035 874 xiv

2452 915 2541 966 ὑπ’
2582 916 2810 968 ἐκείνων
2843 915 3363 985 προεδαπτίσθησαν
3402 927 3416 942 ⁸
3448 918 3475 968 ό
3503 915 3557 967 δὲ
3623 914 3668 978 ζ’
3710 915 3900 966 κανὼν
3946 916 4035 979 τῆς

2452 1007 2838 1076 οίκουμενικῆς
2870 1008 2912 1076 β’
2956 1007 3197 1072 συνόδου,
3236 1008 3553 1076 ποιούμενος
3582 1006 3862 1075 διαίρεσιν
3938 1007 4038 1055 τῶι·

2452 1098 2779 1167 ὀφειλόντων
2805 1098 3167 1167 βαπτίζεσθαι
3198 1100 3291 1151 καὶ
3320 1100 3415 1170 μὴ,
3444 1100 3612 1168 ’ἐτερά
3672 1116 3803 1151 τινα
3869 1115 4037 1166 παρα-

2455 1190 2757 1243 κελεύεται.
2800 1187 3215 1258 Ἀνάγνωθιοῦν
3248 1190 3459 1255 τοῦτον,
3496 1192 3590 1243 καὶ
3623 1190 3908 1260 πρόσσχες
3940 1198 4038 1239 toi:

2453 1284 2511 1335 ἐν
2543 1282 2696 1354 αὐτῷ
2719 1284 3207 1352 μεταγενεστέροις
3236 1282 3405 1335 οὖσιν.
3488 1282 3797 1350 Ἀνάγνωθι
3835 1286 3929 1332 καὶ
3960 1284 4036 1331 τί»

2456 1374 2498 1443 β’
2533 1375 2738 1429 κανόνα
2772 1376 2867 1445 τῆς
2905 1378 2961 1429 ἐν
3016 1375 3098 1445 τῷ
3124 1376 3383 1447 Τρούλ).ῳ
3442 1376 3687 1436 συνόδου,
3724 1375 3826 1426 καὶ
3871 1375 4041 1445 μάθῃς

2454 1467 2536 1519 ὅτι
2565 1467 2634 1520 τά
2653 1471 2751 1537 τῆς
2782 1468 3067 1539 παρούσης
3098 1468 3388 1537 ἐπιστολῆς
3416 1469 3516 1521 οὐκ
3548 1467 3865 1535 ἐδέχθησαν
3899 1483 4042 1533 παρα

2454 1559 2676 1611 πάντων
2704 1560 2813 1610 τῶν
2848 1560 3129 1629 Ιιατέρων.
3154 1560 3292 1629 Φησὶ
3332 1560 3439 1627 γὰρ
3483 1558 3629 1612 οὕτω
3682 1560 3935 1628 ῥήμασιν
3956 1558 4039 1608 :5-

2455 1652 2570 1712 τοῖς
2604 1666 2617 1681 ο
2662 1650 2783 1703 Ἔτι
2846 1651 2953 1719 μὴν
2994 1652 3206 1704 καὶτὸν
3245 1652 3351 1704 ὑπο
3412 1651 3762 1720 Κυπριανοῦ,
3819 1651 4043 1716 γενομέ-

2457 1758 2548 1795 νου
2582 1743 2883 1793 ἐπισκόπου
2916 1745 3015 1811 τῆς
3039 1742 3266 1811 ’Ᾱφρων
3292 1742 3475 1813 χώρας
3501 1744 3595 1794 καὶ
3628 1739 4045 1810 μάρτυρος,κα“ι

2460 1834 2556 1903 τῆς
2594 1833 2714 1885 κατ’
2745 1832 2909 1886 αὑτὸν
2941 1833 3165 1886 σινόδου
3228 1834 3530 1886 ἐκτεθέντα
3570 1835 3785 1887 κανόνα
3844 1832 3905 1893 ὃς
3961 1834 4044 1882 καὶ

767 1929 975 1985 editum
1020 1943 1322 1993 canonem,
1360 1928 1452 1995 qui
1508 1926 1560 1979 in
1608 1924 1993 1995 praedictorum
2047 1926 2343 1995 primulum

2456 1926 2508 1976 ἐν
2542 1926 2661 1986 τοῖς
2719 1924 2827 1975 τῶν
2875 1924 3297 1994 προειρημένων
3351 1924 3636 1995 προέδρων
3686 1924 3887 1983 τόποις
3960 1928 4043 1973 καὶ

770 2020 927 2083 locis,
959 2019 1131 2087 iisque
1160 2018 1316 2081 solis,
1341 2018 1495 2086 juxta
1542 2016 1650 2069 illis
1699 2016 1959 2068 traditam
1986 2016 2345 2069 consuetudi-

768 2123 914 2174 nem,
949 2109 1207 2161 obtinuit.
1244 2106 1379 2160 llinc
1401 2122 1533 2173 ergo
1565 2114 1808 2170 notatur,
1842 2103 1989 2173 quod
2012 2120 2039 2157 a
2074 2103 2346 2174 principio

768 2216 876 2254 non
911 2209 1031 2253 erat
1077 2199 1129 2252 in
1164 2214 1262 2253 usu
1299 2197 1439 2267 apud
1485 2210 1678 2250 unmes
1723 2194 1809 2249 hic
1847 2210 2047 2248 canon.
2076 2194 2215 2249 Nota
2249 2210 2348 2248 au~

767 2300 901 2358 tem,
936 2291 1079 2361 quod
1105 2289 1220 2344 Alii
1246 2290 1508 2343 dicuntur
1547 2286 2028 2355 Carthaginienses.
2063 2288 2202 2353 Quia
2250 2302 2347 2339 au-

770 2394 879 2439 tem
941 2384 995 2437 in
1047 2382 1328 2436 nonnullis
1370 2380 1774 2449 exemplaribus
1827 2392 2012 2449 aperte
2054 2378 2348 2448 descripta:

767 2476 1123 2531 inveniuntur
1205 2474 1274 2527 84
1341 2472 1725 2542 episcoporum
1782 2472 2101 2536 sententire,
2144 2471 2238 2541 qui
2293 2472 2348 2525 in

769 2568 961 2624 eadem
1030 2567 1255 2619 luerunt
1290 2565 1549 2634 Opinione
1607 2578 1731 2617 eum
1782 2572 1973 2617 saneto
2023 2563 2346 2632 Cypriane:

767 2674 989 2715 eramus
1032 2672 1123 2713 eas
1171 2671 1390 2727 quoque
1456 2655 1718 2725 scripturi
1782 2663 1837 2709 et
1890 2655 2345 2725 interpretaturi:

769 2752 865 2807 sed
897 2752 1048 2819 quia,
1088 2760 1149 2805 ut
1179 2750 1384 2803 dictum
1414 2756 1522 2813 est,
1559 2748 1828 2817 septimus
1864 2748 2121 2802 secundae
2151 2747 2348 2817 synodi

767 2862 945 2901 canon
995 2846 1099 2900 alia
1158 2845 1406 2913 quietiam
1463 2844 1757 2897 constituit
1819 2842 1887 2895 ab
1929 2843 2017 2906 iis,
2071 2858 2192 2911 qua:
2245 2844 2349 2897 hac

770 2938 1027 3011 priesenti
1079 2937 1308 3005 cpistola
1375 2937 1765 2997 continentur,
1832 2933 1901 2988 de
1960 2934 2236 2989 haereticis
2295 2945 2350 2990 et

768 3029 1142 3087 schismaticis
1192 3029 1286 3097 qui
1340 3026 1405 3080 ad
1445 3027 1604 3079 tidem
1641 3025 1933 3089 accedunt,
1977 3026 2348 3095 praetermissa

768 3134 853 3180 est
878 3138 1068 3177 eorum
1091 3122 1380 3189 expositio.

842 3213 1097 3269 ZONAR.
1137 3212 1370 3282 Epistola
1416 3212 1529 3266 haec
1561 3225 1922 3282 quoscunque
1958 3213 2026 3266 ah
2072 3214 2345 3269 haereticis

771 3320 861 3363 aut
906 3309 1280 3363 schismaticis
1319 3306 1646 3375 baptizatos,
1701 3307 1747 3361 si
1808 3306 1874 3359 ad
1912 3305 2209 3362 Ecelesiam
2254 3325 2345 3362 ca-

772 3402 1031 3455 tholicam
1098 3415 1157 3453 se
1209 3399 1523 3468 recipiant,
1583 3399 1780 3451 iterum
1846 3398 2113 3467 baptizari
2164 3400 2345 3469 jubet,

772 3506 1007 3559 eamque
1053 3490 1381 3544 sententiam
1411 3488 1576 3543 variis
1598 3490 2113 3556 epichirematibus,
2142 3494 2345 3560 enthy-

775 3580 1024 3634 mematis
1074 3578 1481 3647 Srripturaeque
1548 3578 1875 3632 testimoniis
1917 3578 2228 3632 continuat.
2282 3584 2349 3632 At

774 3684 904 3723 vero
932 3668 1173 3723 secunda
1210 3667 1547 3721 (ecumeniea
1576 3667 1819 3736 synodus
1852 3681 2063 3722 canone
2094 3670 2349 3738 septimo,

775 3776 883 3816 non
921 3775 1135 3822 euntes,
1167 3759 1262 3827 qui
1305 3774 1367 3811 ex
1426 3761 1617 3811 haeresi
1676 3758 2012 3825 demigrant,
2077 3760 2351 3828 baptismo

776 3856 971 3906 iterum
1021 3850 1348 3921 expiandos,
1400 3852 1492 3904 sed
1541 3850 1682 3904 alios
1727 3849 1974 3919 quidem,
2014 3851 2059 3903 si
2102 3849 2247 3905 datis
2291 3854 2354 3905 li-

777 3944 934 3997 bellis
962 3956 1116 3994 suam
1160 3952 1419 4009 praeterea
1460 3942 1695 4009 quisque
1725 3938 1986 4003 hazresin,
2021 3953 2355 4010 omnemque

778 4052 806 4087 ιι
838 4035 1104 4087 catholica
1143 4043 1195 4086 ct
1231 4034 1530 4101 apostolica
1586 4031 1680 4085 Dei
1714 4029 1958 4085 Ecclesia
1999 4031 2237 4086 alienum
2267 4047 2356 4087 er-

779 4137 957 4175 rorem
1017 4130 1397 4185 exsecrentur,
1446 4122 1765 4175 charactere
1816 4130 2058 4186 notatos,
2109 4120 2214 4177 hoc
2269 4129 2357 4179 est

778 4223 971 4269 saneto
1020 4213 1320 4266 chrismate
1370 4214 1628 4267 iuunctos
1680 4212 1895 4267 admitti
1942 4223 2202 4283 oportere
2256 4213 2358 4269 de-

777 4307 996 4372 cernit;
1054 4307 1190 4358 alios
1236 4320 1362 4359 vero
1414 4321 1628 4368 clunes,
1680 4320 1744 4360 ex
1794 4307 1997 4376 quibus
2059 4306 2357 4361 nonnullos

776 4400 1107 4451 nominatim
1144 4397 1432 4466 designat,
1474 4397 1783 4466 baptizari,
1829 4408 1996 4468 atque
2045 4409 2103 4451 ut
2138 4396 2357 4451 Graecos

779 4488 1017 4549 admitti,
1062 4488 1237 4555 jubet.
1272 4488 1373 4551 Qui
1403 4488 1623 4555 quidem
1673 4490 1838 4541 etiam
1882 4503 2059 4541 canon
2103 4504 2207 4542 suo
2242 4491 2359 4543 loco

2455 2016 2637 2084 μόνοις
2676 2016 2821 2067 κατὰ
2851 2016 2911 2067 τὸ
2939 2017 3244 2086 παραδοθὲν
3302 2017 3488 2077 αὐτοῖς
3533 2015 3659 2077 ἐθος
3747 2017 4039 2082 ἐκράτησε.

2452 2104 2741 2157 Διίκνυται
2775 2104 2868 2158 οὖν
2919 2106 3172 2159 ἐντεῦθεν
3202 2108 3282 2159 ὅτι
3308 2106 3556 2179 ἀρχῆθεν
3586 2107 3648 2159 ού
3692 2107 3859 2175 παρα
3888 2105 4039 2156 πᾶσιν

2449 2192 2517 2268 ἦν
2544 2198 2783 2266 ἐνεργῶν
2804 2200 2832 2251 ὁ
2856 2197 3058 2252 κανών.
3084 2200 3403 2269 Σημείωσαι
3454 2201 3512 2253 δὲ
3577 2202 3663 2253 δτι
3696 2201 3910 2270 ’Δςρροι
3961 2197 4037 2247 λέ-

2451 2303 2639 2355 γονται
2664 2289 2712 2341 οῑ
2739 2289 3126 2359 Καρχηδόνιοι.
3192 2291 3319 2343 Ἐπὶ
3351 2290 3408 2343 δὲ
3458 2290 3518 2342 έν
3543 2306 3688 2343 τισιν
3769 2292 4036 2359 ἀντιγρά-

2452 2397 2573 2449 φοις
2610 2380 2792 2451 ῥητῶς
2823 2380 3178 2450 εὑρίσκονται
3258 2384 3803 2453 καταγεγραμμέναι
3827 2386 3884 2435 αί
3945 2387 4039 2436 τῶν

2450 2473 2786 2542 ὁγδοήκοντα
2816 2474 2954 2541 πρὸς
2982 2476 3095 2537 τοῖς
3130 2474 3426 2545 τέσσαρσιν
3463 2476 3805 2539 ἐπισκόποις
3836 2478 4040 2546 γνῶμαι

2450 2565 2561 2618 τῶν
2593 2568 3273 2637 συνομογνωμονησάντων
3331 2568 3471 2637 μετὰ
3536 2570 3635 2620 τοῦ
3724 2569 3894 2636 ἁγίου
3948 2573 4045 2624 Κυ-

2454 2655 2709 2727 πριανοῦ,
2740 2657 3044 2726 ἐμέλλομεν
3073 2658 3169 2711 καὶ
3226 2659 3435 2721 ταύτας
3472 2661 3689 2729 γράψαι
3750 2663 3853 2715 καὶ
3888 2664 4046 2732 ἑρμηο

2452 2747 2643 2803 νεῦσαι
2676 2762 2690 2776 ⁶
2724 2749 2806 2802 ὅτι
2835 2748 2914 2811 δέ,
2944 2750 3019 2813 ὡς
3044 2751 3285 2820 εἴρηται,
3310 2752 3338 2803 ό
3373 2750 3417 2813 ζ’
3451 2752 3634 2803 κανὼν
3670 2754 3774 2820 τῆς
3814 2754 3859 2822 β’
3890 2755 4039 2805 συνόο

2452 2841 2544 2894 δου
2575 2842 2743 2913 ἐτερά
2766 2860 2889 2895 τινα
2917 2841 3176 2894 ἐθέσπισε
3236 2843 3475 2913 παρὰτὰ
3538 2846 3925 2914 περιεχόμενα
3990 2846 4047 2912 τῇ

2453 2931 2705 3003 παρούσῃ
2756 2932 3016 3003 ἐπιστολῇ
3052 2933 3213 3003 χάριν
3267 2935 3379 2986 τῶν
3441 2937 3916 3004 προσερχομένων
3990 2940 4047 3003 τῇ

2452 3024 2638 3077 πίστει
2703 3025 2999 3094 αίρετικῶν
3044 3027 3139 3078 καὶ
3215 3025 3619 3095 σχισματικὼν,
3696 3029 3951 3096 παρείθη
4021 3030 4048 3093 ἡ

2450 3116 2658 3169 τούτων
2683 3116 2971 3187 ἐξήγησις.

2528 3207 2773 3262 ΖΩΝΑΡ.
2803 3208 2953 3277 Αὕτη
2984 3209 3016 3279 ἡ
3060 3210 3320 3280 ἐπιστολὴ
3336 3208 3593 3274 καθάπαξ
3621 3213 3756 3277 τοὺς
3785 3214 3893 3268 ὑπὸ
3912 3219 4053 3286 sip:-

2448 3299 2620 3352 τικῶν
2653 3299 2686 3369 ἢ
2714 3300 3095 3369 σχισματικῶν
3131 3299 3542 3379 βαπτισθέντας
3565 3312 4049 3377 προσερχομένου;

2448 3395 2514 3461 τῇ
2552 3390 3130 3462 καθολικῇῈκκ).ησίᾳ
3177 3392 3946 3467 βαπτίζεσθαιδιατάττεται,
3970 3406 4052 3454 aut

2450 3483 2515 3536 ἐκ
2533 3482 2806 3553 διαφόρων
2828 3483 3228 3557 ἐνθυμημάτων
3248 3485 3340 3537 καὶ
3362 3488 3823 3557 ἐπιχειρημάτων
3850 3495 3944 3547 καὶ
3972 3497 4052 3564 ρη-

2450 3578 2558 3629 τῶν
2590 3576 2879 3648 γραφικῶν
2902 3577 2992 3629 τὸν
3025 3580 3224 3629 οἰκεῖον
3271 3577 3429 3646 λόγον
3487 3585 3939 3647 κατασκευάζει.
3994 3587 4047 3638 Ἦ

2450 3669 2506 3721 δὲ
2539 3668 2772 3738 δευτέρα
2809 3669 3165 3738 οἱκουμενικὴ
3225 3668 3466 3736 σύνοδος,
3499 3672 3559 3724 ἐν
3613 3676 3815 3728 κανόνι
3888 3681 4049 3747 αὑτῆς

2454 3759 2665 3829 ἑϐδόμῳ
2732 3760 2794 3813 ού
2860 3762 3070 3823 πάντας
3146 3760 3206 3826 ἐξ
3272 3762 3541 3831 αἱρέσεων
3616 3766 4048 3839 ἐπιστρέφοντας

2455 3848 2663 3903 ἄνωθεν
2725 3850 2945 3904 κελεύει
2996 3851 3386 3920 βαπτίζεσθαι,
3421 3854 3541 3907 ἀλλ’
3597 3856 3924 3929 ἀπαριθμεῖ
3978 3880 4048 3914 tt-

2457 3959 2555 4005 νας
2614 3942 2713 4012 μὲν
2797 3942 2881 3996 δεῖ
2958 3944 3212 4014 δέχεσθαι
3276 3944 3524 4010 διδόντας
3579 3946 3910 4021 λιϐέλὶους,
3971 3960 4050 4008 καὶ

2457 4035 2966 4105 ἁναθεματίζοντας
2997 4040 3096 4107 τήν
3146 4053 3206 4089 τε
3234 4037 3445 4091 οἰκείαν
3526 4040 3749 4113 αἵρεσιν
3805 4046 4046 4109 ἑκαστον,

2459 4128 2554 4181 καὶ
2596 4127 2780 4181 πᾶσαν
2830 4128 2906 4197 μὴ
2967 4128 3276 4197 φρονοῦσαν
3336 4130 3413 4193 ὠς
3466 4132 3499 4199 ἠ
3568 4133 3707 4200 ἁγία
3773 4137 3873 4190 τοῦ
3929 4139 4047 4191 Θεοῦ

2462 4217 2728 4289 καθολική
2757 4220 2854 4272 καὶ
2891 4220 3233 4292 ἁποστολικὴ
3277 4222 3577 4293 Ἐκκλησία
3632 4230 3860 4296 φρονεῖ,
3889 4246 4045 4299 σφρα-

2461 4310 2783 4380 γιζομένους
2809 4310 2927 4380 ἢτοι
2975 4315 3300 4381 χριομένους
3329 4313 3408 4384 τῷ
3467 4314 3614 4385 ἁγίῳ
3670 4317 3844 4389 μύρῳ
3874 4336 3890 4350 .
3940 4323 4047 4382 “5,;

2464 4403 2519 4455 δὲ
2548 4402 2769 4465 λοιποὺς
2800 4404 3029 4469 πάντας,
3064 4397 3140 4458 ὧν
3165 4420 3321 4468 τινας
3349 4412 3448 4458 καὶ
3500 4406 3784 4476 ὀνομαστὶ
3837 4414 4047 4465 κατα.ὶέ-

2470 4509 2581 4561 γει,
2606 4492 2972 4562 βαπτίζεσθαι
3007 4494 3280 4564 ὁρίζεται,
3316 4496 3650 4566 δεχομένους
3695 4501 3781 4565 ὡς
3854 4504 4040 4572 Ἕλλη.

778 4582 1080 4649 explicatus
1124 4588 1227 4634 est.
1270 4578 1424 4634 Unde
1451 4581 1570 4649 ejus
1610 4581 1842 4635 canonis
1890 4583 2349 4635 constitutionem

2464 4601 2560 4645 νας
2582 4600 2595 4613 ο
2629 4584 2689 4647 ὃς
2723 4584 2858 4653 δῆτα
2886 4584 3067 4637 κανὼν
3104 4588 3198 4639 καὶ
3232 4590 3290 4639 ἐν
3315 4587 3391 4656 τῷ
3422 4588 3539 4659 ίδίῳ
3563 4591 3724 4661 τόπῳ
3770 4595 4043 4665 ἐξήγηται.

778 4690 807 4724 a
854 4672 1062 4725 sanctis
1108 4682 1291 4739 postea
1342 4670 1595 4726 l’atribus
1646 4680 1921 4739 receptam
1982 4672 2128 4726 haud
2178 4672 2353 4728 fuisse

780 4762 938 4816 facile
969 4773 1213 4829 apparet.
1242 4761 1379 4814 Cum
1410 4762 1573 4828 igitur
1609 4764 1674 4816 de
1695 4764 1884 4817 eadem
1919 4780 1975 4818 re
2014 4767 2133 4817 dua:
2161 4765 2355 4833 synodi

780 4860 1051 4907 contraria
1089 4856 1229 4907 inter
1263 4870 1319 4908 se
1348 4856 1567 4908 decreta
1619 4856 1975 4920 protulerint,
2022 4858 2205 4925 potior
2263 4858 2361 4909 ha-

781 4950 957 5001 beuda
1016 4959 1094 5000 cst
1151 4945 1403 5001 secunda:
1474 4945 1664 5016 synodi
1721 4948 2040 5000 constitutio
2077 4987 2092 5013 ,
2158 4947 2360 5017 quippe

781 5056 903 5109 qua:
979 5046 1032 5091 et
1082 5038 1351 5106 posterior
1396 5037 1524 5099 fuit,
1587 5047 1641 5091 et
1705 5039 2069 5101 meumenica,
2132 5038 2185 5091 in
2252 5053 2359 5107 qua

782 5145 975 5184 onmes
1052 5132 1263 5183 scilicet
1313 5130 1630 5199 quicunque
1693 5130 2114 5199 patriarehicam
2175 5134 2358 5185 sedem

781 5223 1055 5287 obtinent,
1114 5233 1209 5275 aut
1240 5223 1465 5291 ipsimet
1498 5224 1847 5291 patriarchae,
1878 5235 1975 5275 aut
2003 5224 2246 5291 ipsorum
2286 5226 2361 5276 le-

782 5315 896 5385 gati
936 5314 1247 5369 adfuerunt.
1291 5314 1459 5367 νυνι-ο
1508 5316 1652 5367 hunc
1703 5330 1966 5369 eauonem
2012 5330 2359 5385 nequaquam

786 5426 815 5461 a
864 5408 1074 5462 sanctis
1103 5407 1360 5461 Patribus
1399 5408 1673 5460 universis
1712 5420 1989 5475 receptum
2026 5405 2221 5470 fuisse,
2277 5418 2361 5471 Vel

786 5518 851 5554 ex
885 5498 1129 5554 secundo
1157 5512 1366 5551 canone
1415 5499 1606 5566 synodi
1653 5499 1707 5550 in
1740 5495 1925 5551 Trullo
1960 5499 2193 5563 habita,
2239 5514 2363 5568 qua:

787 5606 940 5648 sexta
971 5593 1210 5655 dicitur,
1272 5593 1499 5661 intelligi
1539 5592 1685 5646 licet.
1750 5592 1829 5646 lbi
1886 5608 2124 5663 namque
2183 5594 2359 5648 sancti

780 5684 977 5741 Patres
1017 5687 1083 5739 iis
1114 5685 1445 5751 canouibus,
1474 5698 1710 5754 quorum
1740 5695 1860 5738 rata
1898 5683 2197 5739 auctoritas
2239 5698 2363 5739 esse

784 5777 966 5839 debet,
1001 5775 1275 5844 sigillatim
1335 5773 1691 5834 enumeratis,
1726 5772 1793 5826 de
1822 5772 1925 5826 hoc
1959 5786 2168 5827 canone
2200 5770 2366 5842 368

780 5866 1007 5921 tetidem
1057 5864 1277 5917 omnino
1318 5862 1498 5917 verbis
1559 5864 1631 5916 ita
1669 5860 2051 5931 pronuntiant.
2092 5860 2360 5916 Praeterea

2464 4674 2629 4727 Ὅθεν
2652 4675 2907 4743 φαίνεται
2933 4676 3134 4729 ὅτιούκ
3163 4677 3357 4747 ἐδέχθη
3390 4682 3546 4751 παρὰ
3596 4682 3713 4734 τῶν
3754 4690 4042 4754 μετέπειτα

2463 4766 2633 4833 ἁγίων
2664 4767 2926 4836 Πατέρων
2951 4769 2983 4837 ἡ
3010 4769 3245 4839 διαταγὴ
3276 4769 3443 4841 αὕτη.
3491 4772 3756 4829 Ἐναντία
3791 4780 3972 4831 τοίνυν
4000 4783 4046 4831 iv

2461 4857 2637 4927 τούτῳ
2660 4857 2736 4924 τῷ
2772 4858 3055 4928 κεφιλαίῳ
3097 4862 3206 4911 των
3235 4862 3329 4913 δύο
3384 4863 3631 4917 συνόδων
3688 4868 4042 4937 ﬁgurando,

2462 4950 2529 5002 τὰ
2566 4949 2663 5018 τῆς
2698 4949 2961 5020 δευτέρας
2988 4954 3187 5018 κρατεί
3226 4954 3474 5018 συνόδου,
3540 4957 3630 5008 δτι
3655 4975 3716 5012 τε
3762 4980 4045 5031 μεταγενε-

2462 5041 2629 5111 στέρα
2653 5043 2789 5103 ἐστὶ,
2812 5044 2905 5095 καὶ
2936 5043 3015 5095 δτι
3033 5046 3409 5117 οίκουμενικη,
3435 5042 3551 5121 ἐν
3580 5051 3817 5118 πάντως
3835 5057 3900 5109 ἐκ
3929 5057 4043 5109 πάν-

2462 5150 2572 5186 των
2606 5133 2718 5187 τῶν
2745 5136 3173 5204 πατριαρχικῶν
3206 5136 3416 5207 θρόνων
3458 5142 3708 5211 συνῆσαν
3746 5148 3782 5215 ἧ
3849 5151 3897 5200 οἱ
3957 5165 4042 5199 rs-

2461 5226 2721 5295 τριάρχαι
2757 5226 2932 5289 αὐτοὶ,
2963 5226 2996 5282 ἢ
3030 5232 3425 5300 τοποτηρηταί.
3450 5232 3573 5285 Ὅτι
3635 5236 3696 5288 δέ
3731 5239 3844 5293 οὐκ
3872 5241 4037 5310 ἐδέχθη

2462 5318 2490 5369 ό
2521 5316 2703 5386 παρὼ.
2764 5317 2947 5371 κανὼν
2990 5320 3144 5390 παρὰ
3165 5324 3385 5374 πάντων
3406 5324 3516 5376 τῶν
3544 5326 3726 5394 άγίων
3776 5332 4036 5402 Πατέριυν.

2462 5408 2718 5478 δηλοῦται
2749 5410 2843 5463 καὶ
2870 5412 2934 5462 ἐκ
2968 5410 3063 5463 τοῦ
3096 5411 3355 5481 δευτέρου
3396 5416 3627 5480 κανόνος
3686 5418 3794 5488 τῆς
3853 5424 3912 5473 ἐν
3977 5422 4038 5490 τῷ

2466 5500 2723 5570 Τρού>.λῳ
2750 5502 3052 5571 γενομένης
3074 5503 3295 5556 συνόδου
3327 5504 3627 5577 λεγομένης
3658 5509 3859 5579 ἕκτης.
3899 5514 4038 5566 Ἀπα-

2468 5589 2726 5659 ρίθμησιν
2755 5590 2864 5661 γὰρ
2911 5593 2970 5644 ἐν
3007 5592 3155 5661 αύτῴ
3224 5595 3273 5645 οί
3305 5595 3553 5648 ,συνόδου
3634 5600 3794 5665 ᾰγιοι
3826 5602 4036 5670 Πατὲγςες

2466 5683 2684 5752 ἐκείνης
2723 5683 3042 5754 ποιούμενοι
3073 5685 3180 5737 τῶν
3201 5686 3529 5755 ὀφειλόντων
3573 5695 3815 5759 κρατεῖν
3898 5693 4032 5744 κανό-

2468 5790 2600 5837 νων,
2632 5772 2811 5827 ταῦτα
2845 5775 2975 5845 περὶ
3007 5774 3101 5827 τοῦ
3122 5777 3351 5837 κανόνος
3415 5778 3611 5830 τούτου
3684 5783 3927 5852 ῥήμασιν
3951 5783 4030 5834 αὑ·

2467 5869 2580 5927 τοῖς
2613 5866 2875 5931 διεξίασιν
2909 5883 2922 5898 ·
2957 5868 3039 5920 ἐτι
3082 5869 3191 5937 μὴν
3220 5869 3421 5924 καὶτὸν
3442 5872 3547 5923 ὑπὸ
3582 5871 3916 5937 Κυπριανοῦ
3954 5869 4027 5925 τοῦ
