  <div class='ocr_page' id='page_1' title='image "/cluster/home/n/w/nwhite01/storage/ocr_20150623/137/nnc1.0046979786/592.png"; bbox 0 0 4166 6438; ppageno 0'>
   <div class='ocr_carea' id='block_1_1' title="bbox 150 420 282 479">
    <p class='ocr_par' dir='ltr' id='par_1_1' title="bbox 150 420 282 479">
     <span class='ocr_line' id='line_1_1' title="bbox 150 420 282 479; baseline 0.008 -2"><span class='ocrx_word' id='word_1_1' title='bbox 150 420 282 479; x_wconf 64' lang='lat' dir='ltr'><strong>IVS</strong></span> 
     </span>
    </p>
   </div>
   <div class='ocr_carea' id='block_1_2' title="bbox 1269 419 2289 483">
    <p class='ocr_par' dir='ltr' id='par_1_2' title="bbox 1269 419 2289 483">
     <span class='ocr_line' id='line_1_2' title="bbox 1269 419 2289 483; baseline 0.004 -4"><span class='ocrx_word' id='word_1_2' title='bbox 1269 419 1351 479; x_wconf 87' lang='grc' dir='ltr'>ΙΝ</span> <span class='ocrx_word' id='word_1_3' title='bbox 1390 419 1557 479; x_wconf 78' lang='lat' dir='ltr'><strong>CAN.</strong></span> <span class='ocrx_word' id='word_1_4' title='bbox 1605 419 1631 478; x_wconf 90' lang='grc' dir='ltr'>Ι</span> <span class='ocrx_word' id='word_1_5' title='bbox 1675 420 2289 483; x_wconf 72' lang='lat' dir='ltr'><strong>CONC.CARTHAG.</strong></span> 
     </span>
    </p>
   </div>
   <div class='ocr_carea' id='block_1_3' title="bbox 3253 419 3387 483">
    <p class='ocr_par' dir='ltr' id='par_1_3' title="bbox 3253 419 3387 483">
     <span class='ocr_line' id='line_1_3' title="bbox 3253 419 3387 483; baseline 0.007 -1"><span class='ocrx_word' id='word_1_6' title='bbox 3253 419 3387 483; x_wconf 66' lang='lat'><strong>1106</strong></span> 
     </span>
    </p>
   </div>
   <div class='ocr_carea' id='block_1_4' title="bbox 148 530 1732 602">
    <p class='ocr_par' dir='ltr' id='par_1_4' title="bbox 148 530 1705 601">
     <span class='ocr_line' id='line_1_4' title="bbox 148 530 1705 601; baseline 0 -19"><span class='ocrx_word' id='word_1_7' title='bbox 148 532 435 600; x_wconf 77' lang='grc' dir='ltr'><strong>γενομένου</strong></span> <span class='ocrx_word' id='word_1_8' title='bbox 464 530 896 601; x_wconf 82' lang='grc' dir='ltr'><strong>ἀρχιεπισκόπου</strong></span> <span class='ocrx_word' id='word_1_9' title='bbox 934 534 1030 601; x_wconf 80' lang='grc' dir='ltr'><strong>τῆς</strong></span> <span class='ocrx_word' id='word_1_10' title='bbox 1090 533 1317 600; x_wconf 83' lang='grc' dir='ltr'><strong>Ἀφρων</strong></span> <span class='ocrx_word' id='word_1_11' title='bbox 1363 533 1547 601; x_wconf 82' lang='grc' dir='ltr'><strong>χώρας</strong></span> <span class='ocrx_word' id='word_1_12' title='bbox 1609 532 1705 583; x_wconf 77' lang='grc' dir='ltr'><strong>καὶ</strong></span> 
     </span>
    </p>
   </div>
   <div class='ocr_carea' id='block_1_5' title="bbox 1836 530 3393 602">
    <p class='ocr_par' dir='ltr' id='par_1_5' title="bbox 1836 530 3393 602">
     <span class='ocr_line' id='line_1_5' title="bbox 1836 530 3393 602; baseline 0.001 -18"><span class='ocrx_word' id='word_1_13' title='bbox 1836 548 1969 593; x_wconf 67' lang='grc' dir='ltr'><strong>,νει-ο,</strong></span> <span class='ocrx_word' id='word_1_14' title='bbox 2000 533 2273 602; x_wconf 90' lang='lat' dir='ltr'><strong>inquiunt,</strong></span> <span class='ocrx_word' id='word_1_15' title='bbox 2295 540 2347 587; x_wconf 90' lang='lat' dir='ltr'><strong>et</strong></span> <span class='ocrx_word' id='word_1_16' title='bbox 2376 546 2404 585; x_wconf 84' lang='lat' dir='ltr'><strong>a</strong></span> <span class='ocrx_word' id='word_1_17' title='bbox 2425 530 2718 601; x_wconf 92' lang='lat' dir='ltr'><strong>Cypriano,</strong></span> <span class='ocrx_word' id='word_1_18' title='bbox 2752 532 2842 601; x_wconf 94' lang='lat' dir='ltr'><strong>qui</strong></span> <span class='ocrx_word' id='word_1_19' title='bbox 2875 530 3131 586; x_wconf 68' lang='lat' dir='ltr'><strong>Afrorum</strong></span> <span class='ocrx_word' id='word_1_20' title='bbox 3157 533 3393 601; x_wconf 75' lang='lat' dir='ltr'><strong>regionis</strong></span> 
     </span>
    </p>
   </div>
   <div class='ocr_carea' id='block_1_6' title="bbox 151 623 1716 693">
    <p class='ocr_par' dir='ltr' id='par_1_6' title="bbox 151 623 1716 693">
     <span class='ocr_line' id='line_1_6' title="bbox 151 623 1716 693; baseline -0.002 -16"><span class='ocrx_word' id='word_1_21' title='bbox 151 625 449 693; x_wconf 81' lang='grc' dir='ltr'><strong>μάρτυρος,</strong></span> <span class='ocrx_word' id='word_1_22' title='bbox 514 624 611 675; x_wconf 74' lang='grc' dir='ltr'><strong>καὶ</strong></span> <span class='ocrx_word' id='word_1_23' title='bbox 641 624 744 691; x_wconf 81' lang='grc' dir='ltr'><strong>τῆς</strong></span> <span class='ocrx_word' id='word_1_24' title='bbox 771 624 891 677; x_wconf 87' lang='grc' dir='ltr'><strong>κατ’</strong></span> <span class='ocrx_word' id='word_1_25' title='bbox 914 625 1077 677; x_wconf 73' lang='grc' dir='ltr'><strong>αὐτὸν</strong></span> <span class='ocrx_word' id='word_1_26' title='bbox 1105 625 1363 687; x_wconf 87' lang='grc' dir='ltr'><strong>¹συνόδου,</strong></span> <span class='ocrx_word' id='word_1_27' title='bbox 1426 623 1716 677; x_wconf 78' lang='grc' dir='ltr'><strong>ἐκτεθέντα</strong></span> 
     </span>
    </p>
   </div>
   <div class='ocr_carea' id='block_1_7' title="bbox 148 713 1715 785">
    <p class='ocr_par' dir='ltr' id='par_1_7' title="bbox 148 713 1715 785">
     <span class='ocr_line' id='line_1_7' title="bbox 148 713 1715 785; baseline 0.001 -20"><span class='ocrx_word' id='word_1_28' title='bbox 148 714 369 777; x_wconf 84' lang='grc' dir='ltr'><strong>κανόνα,</strong></span> <span class='ocrx_word' id='word_1_29' title='bbox 404 713 465 775; x_wconf 86' lang='grc' dir='ltr'><strong>ὃς</strong></span> <span class='ocrx_word' id='word_1_30' title='bbox 492 714 548 764; x_wconf 93' lang='grc' dir='ltr'><strong>ἐν</strong></span> <span class='ocrx_word' id='word_1_31' title='bbox 583 715 701 776; x_wconf 88' lang='grc' dir='ltr'><strong>τοῖς</strong></span> <span class='ocrx_word' id='word_1_32' title='bbox 737 713 848 766; x_wconf 77' lang='grc' dir='ltr'><strong>τῶν</strong></span> <span class='ocrx_word' id='word_1_33' title='bbox 872 715 1155 785; x_wconf 82' lang='grc' dir='ltr'><strong>προέδρων</strong></span> <span class='ocrx_word' id='word_1_34' title='bbox 1182 718 1373 778; x_wconf 86' lang='grc' dir='ltr'><strong>τόποις</strong></span> <span class='ocrx_word' id='word_1_35' title='bbox 1403 719 1500 768; x_wconf 76' lang='grc' dir='ltr'><strong>καὶ</strong></span> <span class='ocrx_word' id='word_1_36' title='bbox 1536 715 1715 784; x_wconf 85' lang='grc' dir='ltr'><strong>μόνοις</strong></span> 
     </span>
    </p>
   </div>
   <div class='ocr_carea' id='block_1_8' title="bbox 149 804 1718 877">
    <p class='ocr_par' dir='ltr' id='par_1_8' title="bbox 149 804 1718 877">
     <span class='ocr_line' id='line_1_8' title="bbox 149 804 1718 877; baseline 0.003 -22"><span class='ocrx_word' id='word_1_37' title='bbox 149 804 291 857; x_wconf 83' lang='grc' dir='ltr'><strong>κατά</strong></span> <span class='ocrx_word' id='word_1_38' title='bbox 325 805 389 857; x_wconf 83' lang='grc' dir='ltr'><strong>τὸ</strong></span> <span class='ocrx_word' id='word_1_39' title='bbox 413 805 721 874; x_wconf 78' lang='grc' dir='ltr'><strong>παραδοθὲν</strong></span> <span class='ocrx_word' id='word_1_40' title='bbox 751 807 934 869; x_wconf 87' lang='grc' dir='ltr'><strong>αὐτοῖς</strong></span> <span class='ocrx_word' id='word_1_41' title='bbox 963 807 1083 870; x_wconf 80' lang='grc' dir='ltr'><strong>ἔθος</strong></span> <span class='ocrx_word' id='word_1_42' title='bbox 1131 808 1455 877; x_wconf 69' lang='grc' dir='ltr'><strong>ἐκράτησεν.</strong></span> <span class='ocrx_word' id='word_1_43' title='bbox 1505 806 1718 859; x_wconf 83' lang='grc' dir='ltr'><strong>Ἐντεῦ-</strong></span> 
     </span>
    </p>
   </div>
   <div class='ocr_carea' id='block_1_9' title="bbox 148 896 1718 967">
    <p class='ocr_par' dir='ltr' id='par_1_9' title="bbox 148 896 1718 967">
     <span class='ocr_line' id='line_1_9' title="bbox 148 896 1718 967; baseline 0.002 -20"><span class='ocrx_word' id='word_1_44' title='bbox 148 898 244 948; x_wconf 85' lang='grc' dir='ltr'><strong>θεν</strong></span> <span class='ocrx_word' id='word_1_45' title='bbox 270 896 359 949; x_wconf 86' lang='grc' dir='ltr'><strong>οῦν</strong></span> <span class='ocrx_word' id='word_1_46' title='bbox 384 898 666 950; x_wconf 78' lang='grc' dir='ltr'><strong>δείκνυται</strong></span> <span class='ocrx_word' id='word_1_47' title='bbox 695 898 775 949; x_wconf 84' lang='grc' dir='ltr'><strong>ὃτι</strong></span> <span class='ocrx_word' id='word_1_48' title='bbox 803 898 895 950; x_wconf 80' lang='grc' dir='ltr'><strong>καὶ</strong></span> <span class='ocrx_word' id='word_1_49' title='bbox 935 898 1178 967; x_wconf 82' lang='grc' dir='ltr'><strong>ἀρχῆθεν</strong></span> <span class='ocrx_word' id='word_1_50' title='bbox 1226 900 1288 952; x_wconf 91' lang='grc' dir='ltr'><strong>οὐ</strong></span> <span class='ocrx_word' id='word_1_51' title='bbox 1353 900 1507 966; x_wconf 89' lang='grc' dir='ltr'><strong>παρά</strong></span> <span class='ocrx_word' id='word_1_52' title='bbox 1552 902 1718 952; x_wconf 80' lang='grc' dir='ltr'><strong>πᾶσιν</strong></span> 
     </span>
    </p>
   </div>
   <div class='ocr_carea' id='block_1_10' title="bbox 146 982 1720 1061">
    <p class='ocr_par' dir='ltr' id='par_1_10' title="bbox 146 982 1720 1061">
     <span class='ocr_line' id='line_1_10' title="bbox 146 982 1720 1061; baseline 0.004 -23"><span class='ocrx_word' id='word_1_53' title='bbox 146 982 219 1056; x_wconf 78' lang='grc' dir='ltr'><strong>ἦν</strong></span> <span class='ocrx_word' id='word_1_54' title='bbox 239 988 476 1057; x_wconf 75' lang='grc' dir='ltr'>ἐνεργῶν</span> <span class='ocrx_word' id='word_1_55' title='bbox 502 988 531 1041; x_wconf 82' lang='grc'>6</span> <span class='ocrx_word' id='word_1_56' title='bbox 560 988 763 1044; x_wconf 87' lang='grc' dir='ltr'><strong>κανών.</strong></span> <span class='ocrx_word' id='word_1_57' title='bbox 786 988 974 1044; x_wconf 84' lang='grc' dir='ltr'><strong>Ταῦτα</strong></span> <span class='ocrx_word' id='word_1_58' title='bbox 1008 991 1107 1059; x_wconf 83' lang='grc' dir='ltr'><strong>μὲν</strong></span> <span class='ocrx_word' id='word_1_59' title='bbox 1136 990 1228 1044; x_wconf 82' lang='grc' dir='ltr'><strong>οῦν</strong></span> <span class='ocrx_word' id='word_1_60' title='bbox 1253 994 1322 1044; x_wconf 80' lang='grc' dir='ltr'><strong>τὰ</strong></span> <span class='ocrx_word' id='word_1_61' title='bbox 1368 992 1469 1061; x_wconf 80' lang='grc' dir='ltr'><strong>τῆς</strong></span> <span class='ocrx_word' id='word_1_62' title='bbox 1503 994 1720 1045; x_wconf 78' lang='grc' dir='ltr'><strong>ἐπιστο-</strong></span> 
     </span>
    </p>
   </div>
   <div class='ocr_carea' id='block_1_11' title="bbox 150 1080 1717 1154">
    <p class='ocr_par' dir='ltr' id='par_1_11' title="bbox 150 1080 1717 1154">
     <span class='ocr_line' id='line_1_11' title="bbox 150 1080 1717 1154; baseline 0.006 -25"><span class='ocrx_word' id='word_1_63' title='bbox 150 1080 250 1148; x_wconf 83' lang='grc' dir='ltr'><strong>λῆς</strong></span> <span class='ocrx_word' id='word_1_64' title='bbox 273 1096 286 1109; x_wconf 90' lang='grc'><strong>·</strong></span> <span class='ocrx_word' id='word_1_65' title='bbox 322 1081 379 1132; x_wconf 80' lang='grc' dir='ltr'><strong>αἱ</strong></span> <span class='ocrx_word' id='word_1_66' title='bbox 432 1080 490 1132; x_wconf 83' lang='grc' dir='ltr'><strong>δὲ</strong></span> <span class='ocrx_word' id='word_1_67' title='bbox 518 1081 577 1133; x_wconf 92' lang='grc' dir='ltr'><strong>ἐν</strong></span> <span class='ocrx_word' id='word_1_68' title='bbox 614 1084 680 1150; x_wconf 78' lang='grc' dir='ltr'><strong>τῇ</strong></span> <span class='ocrx_word' id='word_1_69' title='bbox 710 1085 862 1153; x_wconf 80' lang='grc' dir='ltr'><strong>κοινῇ</strong></span> <span class='ocrx_word' id='word_1_70' title='bbox 888 1083 1173 1151; x_wconf 76' lang='grc' dir='ltr'><strong>διασκέψει</strong></span> <span class='ocrx_word' id='word_1_71' title='bbox 1203 1083 1444 1139; x_wconf 78' lang='grc' dir='ltr'><strong>δοθεῖσαι</strong></span> <span class='ocrx_word' id='word_1_72' title='bbox 1498 1085 1717 1154; x_wconf 83' lang='grc' dir='ltr'><strong>γνῶμαι</strong></span> 
     </span>
    </p>
   </div>
   <div class='ocr_carea' id='block_1_12' title="bbox 150 1170 1721 1246">
    <p class='ocr_par' dir='ltr' id='par_1_12' title="bbox 150 1170 1721 1246">
     <span class='ocr_line' id='line_1_12' title="bbox 150 1170 1721 1246; baseline 0.006 -25"><span class='ocrx_word' id='word_1_73' title='bbox 150 1170 286 1239; x_wconf 87' lang='grc' dir='ltr'><strong>παρ’</strong></span> <span class='ocrx_word' id='word_1_74' title='bbox 324 1172 558 1225; x_wconf 82' lang='grc' dir='ltr'><strong>ἐκάστου</strong></span> <span class='ocrx_word' id='word_1_75' title='bbox 587 1172 699 1225; x_wconf 85' lang='grc' dir='ltr'><strong>τῶν</strong></span> <span class='ocrx_word' id='word_1_76' title='bbox 750 1174 811 1225; x_wconf 93' lang='grc' dir='ltr'><strong>ἐν</strong></span> <span class='ocrx_word' id='word_1_77' title='bbox 874 1176 942 1244; x_wconf 80' lang='grc' dir='ltr'><strong>τῇ</strong></span> <span class='ocrx_word' id='word_1_78' title='bbox 1021 1175 1227 1245; x_wconf 82' lang='grc' dir='ltr'><strong>συνόδῳ</strong></span> <span class='ocrx_word' id='word_1_79' title='bbox 1289 1176 1721 1246; x_wconf 75' lang='grc' dir='ltr'><strong>συνειλεγμένων</strong></span> 
     </span>
    </p>
   </div>
   <div class='ocr_carea' id='block_1_13' title="bbox 150 1258 1069 1333">
    <p class='ocr_par' dir='ltr' id='par_1_13' title="bbox 150 1258 1069 1333">
     <span class='ocr_line' id='line_1_13' title="bbox 150 1258 1069 1333; baseline 0.007 -23"><span class='ocrx_word' id='word_1_80' title='bbox 150 1258 363 1328; x_wconf 66' lang='grc' dir='ltr'><strong>ἐχουσιν</strong></span> <span class='ocrx_word' id='word_1_81' title='bbox 391 1259 538 1314; x_wconf 81' lang='grc' dir='ltr'><strong>οὕτω</strong></span> <span class='ocrx_word' id='word_1_82' title='bbox 601 1263 724 1316; x_wconf 83' lang='grc' dir='ltr'><strong>κατ’</strong></span> <span class='ocrx_word' id='word_1_83' title='bbox 773 1263 1069 1333; x_wconf 89' lang='grc' dir='ltr'><strong>ἐπιτομήν.</strong></span> 
     </span>
    </p>
   </div>
   <div class='ocr_carea' id='block_1_14' title="bbox 595 1438 1155 1507">
    <p class='ocr_par' dir='ltr' id='par_1_14' title="bbox 595 1438 1155 1507">
     <span class='ocr_line' id='line_1_14' title="bbox 595 1438 1155 1507; baseline 0.005 -13"><span class='ocrx_word' id='word_1_84' title='bbox 595 1442 937 1507; x_wconf 76' lang='grc' dir='ltr'><strong>Κυπριανὸς</strong></span> <span class='ocrx_word' id='word_1_85' title='bbox 964 1438 1155 1497; x_wconf 76' lang='grc' dir='ltr'><strong>εἶπεν.</strong></span> 
     </span>
    </p>
   </div>
   <div class='ocr_carea' id='block_1_15' title="bbox 237 1528 1723 1609">
    <p class='ocr_par' dir='ltr' id='par_1_15' title="bbox 237 1528 1723 1609">
     <span class='ocr_line' id='line_1_15' title="bbox 237 1528 1723 1609; baseline 0.009 -30"><span class='ocrx_word' id='word_1_86' title='bbox 237 1528 558 1595; x_wconf 81' lang='grc' dir='ltr'><strong>Ἠκούσατε,</strong></span> <span class='ocrx_word' id='word_1_87' title='bbox 593 1531 871 1602; x_wconf 79' lang='grc' dir='ltr'><strong>ἀγαπητοὶ</strong></span> <span class='ocrx_word' id='word_1_88' title='bbox 902 1535 1318 1602; x_wconf 85' lang='grc' dir='ltr'><strong>συνεπίσκοποι,</strong></span> <span class='ocrx_word' id='word_1_89' title='bbox 1349 1536 1405 1591; x_wconf 87' lang='grc' dir='ltr'><strong>τί</strong></span> <span class='ocrx_word' id='word_1_90' title='bbox 1434 1554 1525 1607; x_wconf 85' lang='grc' dir='ltr'><strong>μοι</strong></span> <span class='ocrx_word' id='word_1_91' title='bbox 1551 1538 1723 1609; x_wconf 74' lang='grc' dir='ltr'><strong>ἐγραο</strong></span> 
     </span>
    </p>
   </div>
   <div class='ocr_carea' id='block_1_16' title="bbox 145 1619 1725 1701">
    <p class='ocr_par' dir='ltr' id='par_1_16' title="bbox 145 1619 1725 1701">
     <span class='ocr_line' id='line_1_16' title="bbox 145 1619 1725 1701; baseline 0.009 -31"><span class='ocrx_word' id='word_1_92' title='bbox 145 1619 252 1683; x_wconf 71' lang='grc' dir='ltr'><strong>ψεν</strong></span> <span class='ocrx_word' id='word_1_93' title='bbox 298 1620 557 1684; x_wconf 83' lang='grc' dir='ltr'><strong>Ἰοϐιανὸς</strong></span> <span class='ocrx_word' id='word_1_94' title='bbox 640 1623 669 1675; x_wconf 89' lang='grc' dir='ltr'><strong>ό</strong></span> <span class='ocrx_word' id='word_1_95' title='bbox 722 1625 1123 1689; x_wconf 87' lang='grc' dir='ltr'><strong>συνεπίσκοπος</strong></span> <span class='ocrx_word' id='word_1_96' title='bbox 1204 1628 1364 1698; x_wconf 79' lang='grc' dir='ltr'><strong>ήμῶν</strong></span> <span class='ocrx_word' id='word_1_97' title='bbox 1414 1629 1725 1701; x_wconf 82' lang='grc' dir='ltr'><strong>συμϐουλὴν</strong></span> 
     </span>
    </p>
   </div>
   <div class='ocr_carea' id='block_1_17' title="bbox 156 1712 1727 1790">
    <p class='ocr_par' dir='ltr' id='par_1_17' title="bbox 156 1712 1727 1790">
     <span class='ocr_line' id='line_1_17' title="bbox 156 1712 1727 1790; baseline 0.005 -27"><span class='ocrx_word' id='word_1_98' title='bbox 156 1712 310 1781; x_wconf 79' lang='grc' dir='ltr'><strong>παρά</strong></span> <span class='ocrx_word' id='word_1_99' title='bbox 340 1713 439 1783; x_wconf 85' lang='grc' dir='ltr'><strong>τῆς</strong></span> <span class='ocrx_word' id='word_1_100' title='bbox 474 1714 829 1783; x_wconf 83' lang='grc' dir='ltr'><strong>μετριότητός</strong></span> <span class='ocrx_word' id='word_1_101' title='bbox 888 1734 990 1785; x_wconf 86' lang='grc' dir='ltr'><strong>μου</strong></span> <span class='ocrx_word' id='word_1_102' title='bbox 1020 1717 1341 1788; x_wconf 87' lang='grc' dir='ltr'><strong>βουλόμενος</strong></span> <span class='ocrx_word' id='word_1_103' title='bbox 1377 1718 1562 1773; x_wconf 89' lang='grc' dir='ltr'><strong>λαϐεῖν</strong></span> <span class='ocrx_word' id='word_1_104' title='bbox 1596 1720 1727 1790; x_wconf 76' lang='grc' dir='ltr'><strong>περὶ</strong></span> 
     </span>
    </p>
   </div>
   <div class='ocr_carea' id='block_1_18' title="bbox 144 1805 1721 1883">
    <p class='ocr_par' dir='ltr' id='par_1_18' title="bbox 144 1805 1721 1883">
     <span class='ocr_line' id='line_1_18' title="bbox 144 1805 1721 1883; baseline 0.004 -26"><span class='ocrx_word' id='word_1_105' title='bbox 144 1805 244 1858; x_wconf 88' lang='grc' dir='ltr'><strong>τοῦ</strong></span> <span class='ocrx_word' id='word_1_106' title='bbox 277 1807 490 1860; x_wconf 80' lang='grc' dir='ltr'>ἀνοσίου</span> <span class='ocrx_word' id='word_1_107' title='bbox 516 1807 613 1861; x_wconf 72' lang='grc' dir='ltr'><strong>καὶ</strong></span> <span class='ocrx_word' id='word_1_108' title='bbox 633 1806 839 1878; x_wconf 81' lang='grc' dir='ltr'>ἀνόμου</span> <span class='ocrx_word' id='word_1_109' title='bbox 870 1808 1248 1878; x_wconf 82' lang='grc' dir='ltr'><strong>βαπτίσματος</strong></span> <span class='ocrx_word' id='word_1_110' title='bbox 1276 1811 1388 1864; x_wconf 88' lang='grc' dir='ltr'><strong>τῶν</strong></span> <span class='ocrx_word' id='word_1_111' title='bbox 1409 1812 1721 1883; x_wconf 73' lang='grc' dir='ltr'><strong>αἱρετικῶν,</strong></span> 
     </span>
    </p>
   </div>
   <div class='ocr_carea' id='block_1_19' title="bbox 146 1884 1802 1970">
    <p class='ocr_par' dir='ltr' id='par_1_19' title="bbox 146 1884 1802 1970">
     <span class='ocr_line' id='line_1_19' title="bbox 146 1884 1802 1970; baseline 0.005 -23"><span class='ocrx_word' id='word_1_112' title='bbox 146 1896 247 1948; x_wconf 74' lang='grc' dir='ltr'><strong>καὶ</strong></span> <span class='ocrx_word' id='word_1_113' title='bbox 272 1896 323 1949; x_wconf 90' lang='grc' dir='ltr'><strong>τί</strong></span> <span class='ocrx_word' id='word_1_114' title='bbox 356 1897 470 1966; x_wconf 84' lang='grc' dir='ltr'><strong>ἐγὼ</strong></span> <span class='ocrx_word' id='word_1_115' title='bbox 499 1898 649 1968; x_wconf 90' lang='grc' dir='ltr'><strong>αὐτῷ</strong></span> <span class='ocrx_word' id='word_1_116' title='bbox 678 1899 1023 1969; x_wconf 73' lang='grc' dir='ltr'><strong>ἀντέγραψα,</strong></span> <span class='ocrx_word' id='word_1_117' title='bbox 1052 1901 1426 1970; x_wconf 73' lang='grc' dir='ltr'><strong>δογματίζων,</strong></span> <span class='ocrx_word' id='word_1_118' title='bbox 1496 1903 1525 1956; x_wconf 85' lang='grc' dir='ltr'>δ</span> <span class='ocrx_word' id='word_1_119' title='bbox 1578 1902 1727 1968; x_wconf 73' lang='grc' dir='ltr'><strong>ἅπαξ</strong></span> <span class='ocrx_word' id='word_1_120' title='bbox 1759 1884 1802 1941; x_wconf 73' lang='grc' dir='ltr'><strong>Β</strong></span> 
     </span>
    </p>
   </div>
   <div class='ocr_carea' id='block_1_20' title="bbox 146 1985 1727 2064">
    <p class='ocr_par' dir='ltr' id='par_1_20' title="bbox 146 1985 1727 2064">
     <span class='ocr_line' id='line_1_20' title="bbox 146 1985 1727 2064; baseline 0.006 -26"><span class='ocrx_word' id='word_1_121' title='bbox 146 1990 246 2039; x_wconf 76' lang='grc' dir='ltr'><strong>καὶ</strong></span> <span class='ocrx_word' id='word_1_122' title='bbox 270 1985 526 2060; x_wconf 80' lang='grc' dir='ltr'><strong>δεύτερον</strong></span> <span class='ocrx_word' id='word_1_123' title='bbox 556 1990 651 2045; x_wconf 80' lang='grc' dir='ltr'><strong>καὶ</strong></span> <span class='ocrx_word' id='word_1_124' title='bbox 685 1991 947 2055; x_wconf 82' lang='grc' dir='ltr'><strong>πολλάκις</strong></span> <span class='ocrx_word' id='word_1_125' title='bbox 976 1991 1296 2062; x_wconf 85' lang='grc' dir='ltr'><strong>ἐκρίναμεν.</strong></span> <span class='ocrx_word' id='word_1_126' title='bbox 1362 1993 1491 2057; x_wconf 81' lang='grc' dir='ltr'><strong>τοὺς</strong></span> <span class='ocrx_word' id='word_1_127' title='bbox 1520 1996 1727 2064; x_wconf 76' lang='grc' dir='ltr'><strong>αἱρετι-</strong></span> 
     </span>
    </p>
   </div>
   <div class='ocr_carea' id='block_1_21' title="bbox 143 2080 1727 2156">
    <p class='ocr_par' dir='ltr' id='par_1_21' title="bbox 143 2080 1727 2156">
     <span class='ocr_line' id='line_1_21' title="bbox 143 2080 1727 2156; baseline 0.006 -26"><span class='ocrx_word' id='word_1_128' title='bbox 143 2080 279 2142; x_wconf 81' lang='grc' dir='ltr'><strong>κοὺς</strong></span> <span class='ocrx_word' id='word_1_129' title='bbox 308 2082 435 2143; x_wconf 81' lang='grc' dir='ltr'><strong>τοὺς</strong></span> <span class='ocrx_word' id='word_1_130' title='bbox 470 2082 947 2153; x_wconf 70' lang='grc' dir='ltr'><strong>προσερχομένους</strong></span> <span class='ocrx_word' id='word_1_131' title='bbox 976 2086 1042 2153; x_wconf 79' lang='grc' dir='ltr'><strong>τῇ</strong></span> <span class='ocrx_word' id='word_1_132' title='bbox 1062 2083 1363 2156; x_wconf 72' lang='grc' dir='ltr'><strong>Ἐκκλησία</strong></span> <span class='ocrx_word' id='word_1_133' title='bbox 1386 2084 1727 2155; x_wconf 76' lang='grc' dir='ltr'><strong>βαπτίσματι</strong></span> 
     </span>
    </p>
   </div>
   <div class='ocr_carea' id='block_1_22' title="bbox 144 2169 1730 2240">
    <p class='ocr_par' dir='ltr' id='par_1_22' title="bbox 144 2169 1730 2240">
     <span class='ocr_line' id='line_1_22' title="bbox 144 2169 1730 2240; baseline 0.001 -12"><span class='ocrx_word' id='word_1_134' title='bbox 144 2169 518 2234; x_wconf 78' lang='grc' dir='ltr'><strong>Βαπτίζεσθαι</strong></span> <span class='ocrx_word' id='word_1_135' title='bbox 552 2172 661 2225; x_wconf 87' lang='grc' dir='ltr'>δεῖν</span> <span class='ocrx_word' id='word_1_136' title='bbox 693 2172 787 2227; x_wconf 74' lang='grc' dir='ltr'><strong>καὶ</strong></span> <span class='ocrx_word' id='word_1_137' title='bbox 809 2172 1162 2240; x_wconf 76' lang='grc' dir='ltr'><strong>ἀγιάζεσθαι.</strong></span> <span class='ocrx_word' id='word_1_138' title='bbox 1196 2174 1433 2229; x_wconf 79' lang='grc' dir='ltr'><strong>Ἔπειτα</strong></span> <span class='ocrx_word' id='word_1_139' title='bbox 1484 2175 1543 2229; x_wconf 71' lang='grc' dir='ltr'><strong>δὲ</strong></span> <span class='ocrx_word' id='word_1_140' title='bbox 1604 2176 1730 2229; x_wconf 87' lang='grc' dir='ltr'><strong>ἀνε-</strong></span> 
     </span>
    </p>
   </div>
   <div class='ocr_carea' id='block_1_23' title="bbox 144 2261 1730 2335">
    <p class='ocr_par' dir='ltr' id='par_1_23' title="bbox 144 2261 1730 2335">
     <span class='ocr_line' id='line_1_23' title="bbox 144 2261 1730 2335; baseline 0.004 -21"><span class='ocrx_word' id='word_1_141' title='bbox 144 2261 371 2332; x_wconf 82' lang='grc' dir='ltr'><strong>γνώσθη</strong></span> <span class='ocrx_word' id='word_1_142' title='bbox 399 2263 530 2334; x_wconf 82' lang='grc' dir='ltr'><strong>ὑμῖν</strong></span> <span class='ocrx_word' id='word_1_143' title='bbox 551 2264 649 2317; x_wconf 79' lang='grc' dir='ltr'><strong>καὶ</strong></span> <span class='ocrx_word' id='word_1_144' title='bbox 680 2265 820 2318; x_wconf 78' lang='grc' dir='ltr'><strong>ἄλλα</strong></span> <span class='ocrx_word' id='word_1_145' title='bbox 849 2265 1159 2335; x_wconf 84' lang='grc' dir='ltr'><strong>γράμματα</strong></span> <span class='ocrx_word' id='word_1_146' title='bbox 1230 2266 1514 2329; x_wconf 84' lang='grc' dir='ltr'><strong>Ἰοϐιανοῦ,</strong></span> <span class='ocrx_word' id='word_1_147' title='bbox 1547 2265 1619 2320; x_wconf 82' lang='grc' dir='ltr'><strong>δι’</strong></span> <span class='ocrx_word' id='word_1_148' title='bbox 1653 2262 1730 2321; x_wconf 80' lang='grc' dir='ltr'>ὢν</span> 
     </span>
    </p>
   </div>
   <div class='ocr_carea' id='block_1_24' title="bbox 142 2354 1731 2427">
    <p class='ocr_par' dir='ltr' id='par_1_24' title="bbox 142 2354 1731 2427">
     <span class='ocr_line' id='line_1_24' title="bbox 142 2354 1731 2427; baseline 0.003 -20"><span class='ocrx_word' id='word_1_149' title='bbox 142 2354 294 2407; x_wconf 74' lang='grc' dir='ltr'><strong>κατὰ</strong></span> <span class='ocrx_word' id='word_1_150' title='bbox 324 2355 384 2408; x_wconf 86' lang='grc' dir='ltr'><strong>τδ</strong></span> <span class='ocrx_word' id='word_1_151' title='bbox 433 2354 602 2409; x_wconf 86' lang='grc' dir='ltr'><strong>αὐτοῦ</strong></span> <span class='ocrx_word' id='word_1_152' title='bbox 625 2354 854 2418; x_wconf 82' lang='grc' dir='ltr'><strong>εὐσεϐὲς</strong></span> <span class='ocrx_word' id='word_1_153' title='bbox 906 2356 1268 2426; x_wconf 83' lang='grc' dir='ltr'><strong>ἀντίγραμμα</strong></span> <span class='ocrx_word' id='word_1_154' title='bbox 1297 2358 1357 2410; x_wconf 90' lang='grc' dir='ltr'><strong>οὐ</strong></span> <span class='ocrx_word' id='word_1_155' title='bbox 1405 2356 1567 2427; x_wconf 87' lang='grc' dir='ltr'><strong>μόνον</strong></span> <span class='ocrx_word' id='word_1_156' title='bbox 1596 2358 1731 2427; x_wconf 84' lang='grc' dir='ltr'><strong>ήμῖν</strong></span> 
     </span>
    </p>
   </div>
   <div class='ocr_carea' id='block_1_25' title="bbox 144 2444 1732 2518">
    <p class='ocr_par' dir='ltr' id='par_1_25' title="bbox 144 2444 1732 2518">
     <span class='ocr_line' id='line_1_25' title="bbox 144 2444 1732 2518; baseline 0.002 -20"><span class='ocrx_word' id='word_1_157' title='bbox 144 2444 571 2514; x_wconf 88' lang='grc' dir='ltr'><strong>συνευδόκησεν,</strong></span> <span class='ocrx_word' id='word_1_158' title='bbox 602 2445 739 2499; x_wconf 83' lang='grc' dir='ltr'><strong>ἀλλά</strong></span> <span class='ocrx_word' id='word_1_159' title='bbox 772 2447 866 2501; x_wconf 72' lang='grc' dir='ltr'><strong>καὶ</strong></span> <span class='ocrx_word' id='word_1_160' title='bbox 893 2450 960 2518; x_wconf 79' lang='grc' dir='ltr'><strong>τῇ</strong></span> <span class='ocrx_word' id='word_1_161' title='bbox 995 2448 1297 2517; x_wconf 84' lang='grc' dir='ltr'><strong>ἐπιγνώσει</strong></span> <span class='ocrx_word' id='word_1_162' title='bbox 1326 2450 1426 2518; x_wconf 83' lang='grc' dir='ltr'><strong>τῆς</strong></span> <span class='ocrx_word' id='word_1_163' title='bbox 1467 2448 1732 2513; x_wconf 85' lang='grc' dir='ltr'><strong>ἀληθείας</strong></span> 
     </span>
    </p>
   </div>
   <div class='ocr_carea' id='block_1_26' title="bbox 139 2541 1734 2615">
    <p class='ocr_par' dir='ltr' id='par_1_26' title="bbox 139 2541 1734 2615">
     <span class='ocr_line' id='line_1_26' title="bbox 139 2541 1734 2615; baseline 0.001 -21"><span class='ocrx_word' id='word_1_164' title='bbox 139 2542 311 2613; x_wconf 69' lang='grc' dir='ltr'><strong>χάριν</strong></span> <span class='ocrx_word' id='word_1_165' title='bbox 335 2541 707 2613; x_wconf 84' lang='grc' dir='ltr'><strong>ὡμολόγησεν.</strong></span> <span class='ocrx_word' id='word_1_166' title='bbox 745 2541 1073 2597; x_wconf 83' lang='grc' dir='ltr'><strong>’Υπόλοιπον</strong></span> <span class='ocrx_word' id='word_1_167' title='bbox 1106 2543 1200 2599; x_wconf 85' lang='grc' dir='ltr'><strong>οῦν</strong></span> <span class='ocrx_word' id='word_1_168' title='bbox 1254 2545 1388 2615; x_wconf 72' lang='grc' dir='ltr'><strong>περὶ</strong></span> <span class='ocrx_word' id='word_1_169' title='bbox 1440 2546 1605 2598; x_wconf 84' lang='grc' dir='ltr'><strong>αὐτοῦ</strong></span> <span class='ocrx_word' id='word_1_170' title='bbox 1681 2544 1734 2599; x_wconf 85' lang='grc' dir='ltr'><strong>τί</strong></span> 
     </span>
    </p>
   </div>
   <div class='ocr_carea' id='block_1_27' title="bbox 142 2630 1733 2704">
    <p class='ocr_par' dir='ltr' id='par_1_27' title="bbox 142 2630 1733 2704">
     <span class='ocr_line' id='line_1_27' title="bbox 142 2630 1733 2704; baseline 0.001 -21"><span class='ocrx_word' id='word_1_171' title='bbox 142 2630 387 2694; x_wconf 64' lang='grc' dir='ltr'><strong>ἕκαστος</strong></span> <span class='ocrx_word' id='word_1_172' title='bbox 420 2632 580 2702; x_wconf 84' lang='grc' dir='ltr'><strong>ήμῶν</strong></span> <span class='ocrx_word' id='word_1_173' title='bbox 617 2635 810 2702; x_wconf 88' lang='grc' dir='ltr'><strong>φρονεῖ</strong></span> <span class='ocrx_word' id='word_1_174' title='bbox 853 2635 1050 2699; x_wconf 74' lang='grc' dir='ltr'><strong>εἰπεῖν,</strong></span> <span class='ocrx_word' id='word_1_175' title='bbox 1087 2634 1321 2703; x_wconf 77' lang='grc' dir='ltr'><strong>μηδενὸς</strong></span> <span class='ocrx_word' id='word_1_176' title='bbox 1348 2635 1443 2703; x_wconf 86' lang='grc' dir='ltr'><strong>ἀφ’</strong></span> <span class='ocrx_word' id='word_1_177' title='bbox 1487 2635 1652 2704; x_wconf 87' lang='grc' dir='ltr'><strong>ήμῶν</strong></span> <span class='ocrx_word' id='word_1_178' title='bbox 1676 2634 1733 2686; x_wconf 89' lang='grc' dir='ltr'><strong>ἐν</strong></span> 
     </span>
    </p>
   </div>
   <div class='ocr_carea' id='block_1_28' title="bbox 140 2720 1735 2796">
    <p class='ocr_par' dir='ltr' id='par_1_28' title="bbox 140 2720 1735 2796">
     <span class='ocr_line' id='line_1_28' title="bbox 140 2720 1735 2796; baseline 0.004 -24"><span class='ocrx_word' id='word_1_179' title='bbox 140 2720 329 2790; x_wconf 83' lang='grc' dir='ltr'><strong>τούτῳ</strong></span> <span class='ocrx_word' id='word_1_180' title='bbox 354 2723 895 2794; x_wconf 82' lang='grc' dir='ltr'><strong>κρινομένου,μηδέ,</strong></span> <span class='ocrx_word' id='word_1_181' title='bbox 947 2726 995 2776; x_wconf 82' lang='grc' dir='ltr'><strong>εἰ</strong></span> <span class='ocrx_word' id='word_1_182' title='bbox 1040 2725 1264 2778; x_wconf 78' lang='grc' dir='ltr'><strong>ἐναντία</strong></span> <span class='ocrx_word' id='word_1_183' title='bbox 1340 2727 1591 2796; x_wconf 82' lang='grc' dir='ltr'><strong>φρονοίη,</strong></span> <span class='ocrx_word' id='word_1_184' title='bbox 1639 2726 1735 2779; x_wconf 73' lang='grc' dir='ltr'><strong>καὶ</strong></span> 
     </span>
    </p>
   </div>
   <div class='ocr_carea' id='block_1_29' title="bbox 138 2815 1736 2885">
    <p class='ocr_par' dir='ltr' id='par_1_29' title="bbox 138 2815 1736 2885">
     <span class='ocr_line' id='line_1_29' title="bbox 138 2815 1736 2885; baseline 0.004 -21"><span class='ocrx_word' id='word_1_185' title='bbox 138 2815 520 2884; x_wconf 83' lang='grc' dir='ltr'><strong>ἀκοινωνήτου</strong></span> <span class='ocrx_word' id='word_1_186' title='bbox 577 2816 893 2885; x_wconf 86' lang='grc' dir='ltr'><strong>γινομένου.</strong></span> <span class='ocrx_word' id='word_1_187' title='bbox 947 2816 1086 2870; x_wconf 83' lang='grc' dir='ltr'><strong>Οὐτε</strong></span> <span class='ocrx_word' id='word_1_188' title='bbox 1140 2817 1251 2885; x_wconf 85' lang='grc' dir='ltr'><strong>γάρ</strong></span> <span class='ocrx_word' id='word_1_189' title='bbox 1300 2835 1386 2881; x_wconf 92' lang='grc' dir='ltr'><strong>τις</strong></span> <span class='ocrx_word' id='word_1_190' title='bbox 1437 2820 1736 2872; x_wconf 86' lang='grc' dir='ltr'><strong>ἐπίσκοπον</strong></span> 
     </span>
    </p>
   </div>
   <div class='ocr_carea' id='block_1_30' title="bbox 138 2905 1737 2980">
    <p class='ocr_par' dir='ltr' id='par_1_30' title="bbox 138 2905 1737 2980">
     <span class='ocr_line' id='line_1_30' title="bbox 138 2905 1737 2980; baseline 0.004 -25"><span class='ocrx_word' id='word_1_191' title='bbox 138 2906 346 2959; x_wconf 82' lang='grc' dir='ltr'><strong>ἑαυτὸν</strong></span> <span class='ocrx_word' id='word_1_192' title='bbox 396 2905 747 2974; x_wconf 75' lang='grc' dir='ltr'><strong>κάθίστησιν,</strong></span> <span class='ocrx_word' id='word_1_193' title='bbox 806 2909 930 2961; x_wconf 76' lang='grc' dir='ltr'><strong>οὐδὲ</strong></span> <span class='ocrx_word' id='word_1_194' title='bbox 986 2912 1289 2980; x_wconf 78' lang='grc' dir='ltr'><strong>τυραννικῇ</strong></span> <span class='ocrx_word' id='word_1_195' title='bbox 1340 2910 1602 2979; x_wconf 78' lang='grc' dir='ltr'><strong>αὐθαδείᾳ</strong></span> <span class='ocrx_word' id='word_1_196' title='bbox 1655 2911 1737 2973; x_wconf 81' lang='grc' dir='ltr'><strong>είς</strong></span> 
     </span>
    </p>
   </div>
   <div class='ocr_carea' id='block_1_31' title="bbox 134 2995 1736 3068">
    <p class='ocr_par' dir='ltr' id='par_1_31' title="bbox 134 2995 1736 3068">
     <span class='ocr_line' id='line_1_31' title="bbox 134 2995 1736 3068; baseline 0.001 -19"><span class='ocrx_word' id='word_1_197' title='bbox 134 2995 399 3066; x_wconf 79' lang='grc' dir='ltr'><strong>ἀνάγκην</strong></span> <span class='ocrx_word' id='word_1_198' title='bbox 448 2997 543 3049; x_wconf 88' lang='grc' dir='ltr'><strong>τοῦ</strong></span> <span class='ocrx_word' id='word_1_199' title='bbox 599 2997 833 3065; x_wconf 74' lang='grc' dir='ltr'><strong>ἕπεσθαι</strong></span> <span class='ocrx_word' id='word_1_200' title='bbox 901 2999 1053 3068; x_wconf 91' lang='grc' dir='ltr'><strong>αὐτῷ</strong></span> <span class='ocrx_word' id='word_1_201' title='bbox 1112 3002 1240 3063; x_wconf 88' lang='grc' dir='ltr'><strong>τοὺς</strong></span> <span class='ocrx_word' id='word_1_202' title='bbox 1298 3001 1736 3062; x_wconf 88' lang='grc' dir='ltr'><strong>συνεπισκόπους</strong></span> 
     </span>
    </p>
   </div>
   <div class='ocr_carea' id='block_1_32' title="bbox 138 3086 1736 3159">
    <p class='ocr_par' dir='ltr' id='par_1_32' title="bbox 138 3086 1736 3159">
     <span class='ocr_line' id='line_1_32' title="bbox 138 3086 1736 3159; baseline 0.003 -21"><span class='ocrx_word' id='word_1_203' title='bbox 138 3088 422 3159; x_wconf 52' lang='grc' dir='ltr'><strong>βιάζεται,</strong></span> <span class='ocrx_word' id='word_1_204' title='bbox 455 3088 615 3141; x_wconf 83' lang='grc' dir='ltr'><strong>ὁπότε</strong></span> <span class='ocrx_word' id='word_1_205' title='bbox 640 3086 722 3152; x_wconf 77' lang='grc' dir='ltr'><strong>εἷς</strong></span> <span class='ocrx_word' id='word_1_206' title='bbox 739 3091 973 3153; x_wconf 77' lang='grc' dir='ltr'><strong>ἕκαστος</strong></span> <span class='ocrx_word' id='word_1_207' title='bbox 1013 3090 1312 3153; x_wconf 73' lang='grc' dir='ltr'><strong>ἐπίσκοπος</strong></span> <span class='ocrx_word' id='word_1_208' title='bbox 1346 3091 1595 3155; x_wconf 88' lang='grc' dir='ltr'><strong>ἐξουσίαν</strong></span> <span class='ocrx_word' id='word_1_209' title='bbox 1618 3091 1736 3158; x_wconf 78' lang='grc' dir='ltr'><strong>ἔχει</strong></span> 
     </span>
    </p>
   </div>
   <div class='ocr_carea' id='block_1_33' title="bbox 135 3178 1738 3252">
    <p class='ocr_par' dir='ltr' id='par_1_33' title="bbox 135 3178 1738 3252">
     <span class='ocr_line' id='line_1_33' title="bbox 135 3178 1738 3252; baseline 0.004 -23"><span class='ocrx_word' id='word_1_210' title='bbox 135 3178 415 3245; x_wconf 81' lang='grc' dir='ltr'><strong>πράττειν</strong></span> <span class='ocrx_word' id='word_1_211' title='bbox 442 3178 769 3251; x_wconf 80' lang='grc' dir='ltr'><strong>ἐλευθερίως</strong></span> <span class='ocrx_word' id='word_1_212' title='bbox 800 3181 837 3235; x_wconf 77' lang='grc' dir='ltr'><strong>ἀ</strong></span> <span class='ocrx_word' id='word_1_213' title='bbox 867 3183 1077 3252; x_wconf 87' lang='grc' dir='ltr'><strong>φρονεῖ.</strong></span> <span class='ocrx_word' id='word_1_214' title='bbox 1122 3181 1210 3244; x_wconf 84' lang='grc' dir='ltr'><strong>Ὠς</strong></span> <span class='ocrx_word' id='word_1_215' title='bbox 1238 3181 1358 3252; x_wconf 72' lang='grc' dir='ltr'><strong>γὰρ.</strong></span> <span class='ocrx_word' id='word_1_216' title='bbox 1378 3182 1541 3244; x_wconf 79' lang='grc' dir='ltr'><strong>αὐτὸς</strong></span> <span class='ocrx_word' id='word_1_217' title='bbox 1576 3182 1738 3236; x_wconf 83' lang='grc' dir='ltr'><strong>ἀλλον</strong></span> 
     </span>
    </p>
   </div>
   <div class='ocr_carea' id='block_1_34' title="bbox 137 3270 1738 3342">
    <p class='ocr_par' dir='ltr' id='par_1_34' title="bbox 137 3270 1738 3342">
     <span class='ocr_line' id='line_1_34' title="bbox 137 3270 1738 3342; baseline -0.011 -2"><span class='ocrx_word' id='word_1_218' title='bbox 137 3273 342 3339; x_wconf 74' lang='grc' dir='ltr'><strong>κρῖναι</strong></span> <span class='ocrx_word' id='word_1_219' title='bbox 377 3271 438 3324; x_wconf 87' lang='grc' dir='ltr'><strong>οὐ</strong></span> <span class='ocrx_word' id='word_1_220' title='bbox 472 3270 721 3337; x_wconf 85' lang='grc' dir='ltr'><strong>δύναται,</strong></span> <span class='ocrx_word' id='word_1_221' title='bbox 763 3270 939 3335; x_wconf 74' lang='grc' dir='ltr'><strong>οὕτως</strong></span> <span class='ocrx_word' id='word_1_222' title='bbox 978 3273 1099 3325; x_wconf 90' lang='grc' dir='ltr'><strong>οὐδέ</strong></span> <span class='ocrx_word' id='word_1_223' title='bbox 1167 3273 1274 3325; x_wconf 79' lang='grc' dir='ltr'><strong>ὑπὸ</strong></span> <span class='ocrx_word' id='word_1_224' title='bbox 1322 3272 1487 3325; x_wconf 77' lang='grc' dir='ltr'><strong>ἄλλου</strong></span> <span class='ocrx_word' id='word_1_225' title='bbox 1548 3273 1738 3342; x_wconf 86' lang='grc' dir='ltr'><strong>κριθῆ-</strong></span> 
     </span>
    </p>
   </div>
   <div class='ocr_carea' id='block_1_35' title="bbox 131 3363 1739 3436">
    <p class='ocr_par' dir='ltr' id='par_1_35' title="bbox 131 3363 1739 3436">
     <span class='ocr_line' id='line_1_35' title="bbox 131 3363 1739 3436; baseline 0.001 -19"><span class='ocrx_word' id='word_1_226' title='bbox 131 3380 262 3418; x_wconf 85' lang='grc' dir='ltr'><strong>ναι.</strong></span> <span class='ocrx_word' id='word_1_227' title='bbox 296 3363 675 3434; x_wconf 86' lang='grc' dir='ltr'><strong>Περιμένομεν</strong></span> <span class='ocrx_word' id='word_1_228' title='bbox 703 3365 812 3435; x_wconf 82' lang='grc' dir='ltr'><strong>γὰρ</strong></span> <span class='ocrx_word' id='word_1_229' title='bbox 842 3365 1044 3429; x_wconf 87' lang='grc' dir='ltr'><strong>πάντες</strong></span> <span class='ocrx_word' id='word_1_230' title='bbox 1072 3365 1171 3435; x_wconf 77' lang='grc' dir='ltr'><strong>τὴν</strong></span> <span class='ocrx_word' id='word_1_231' title='bbox 1197 3366 1293 3420; x_wconf 93' lang='grc' dir='ltr'><strong>τοῦ</strong></span> <span class='ocrx_word' id='word_1_232' title='bbox 1337 3365 1545 3436; x_wconf 82' lang='grc' dir='ltr'><strong>Κυρίου</strong></span> <span class='ocrx_word' id='word_1_233' title='bbox 1580 3366 1739 3436; x_wconf 84' lang='grc' dir='ltr'><strong>ήμῶν</strong></span> 
     </span>
    </p>
   </div>
   <div class='ocr_carea' id='block_1_36' title="bbox 148 3452 1739 3527">
    <p class='ocr_par' dir='ltr' id='par_1_36' title="bbox 148 3452 1739 3527">
     <span class='ocr_line' id='line_1_36' title="bbox 148 3452 1739 3527; baseline 0.001 -21"><span class='ocrx_word' id='word_1_234' title='bbox 148 3454 341 3522; x_wconf 82' lang='grc' dir='ltr'><strong>Ἰησοῦ</strong></span> <span class='ocrx_word' id='word_1_235' title='bbox 394 3452 635 3524; x_wconf 78' lang='grc' dir='ltr'><strong>Χριστοῦ</strong></span> <span class='ocrx_word' id='word_1_236' title='bbox 719 3456 925 3526; x_wconf 78' lang='grc' dir='ltr'><strong>κρίσιν,</strong></span> <span class='ocrx_word' id='word_1_237' title='bbox 976 3456 1037 3520; x_wconf 83' lang='grc' dir='ltr'><strong>ὃς</strong></span> <span class='ocrx_word' id='word_1_238' title='bbox 1097 3456 1257 3527; x_wconf 81' lang='grc' dir='ltr'><strong>μόνος</strong></span> <span class='ocrx_word' id='word_1_239' title='bbox 1313 3452 1568 3520; x_wconf 77' lang='grc' dir='ltr'><strong>ἐξουσίαν</strong></span> <span class='ocrx_word' id='word_1_240' title='bbox 1625 3455 1739 3525; x_wconf 83' lang='grc' dir='ltr'><strong>ἐχει</strong></span> 
     </span>
    </p>
   </div>
   <div class='ocr_carea' id='block_1_37' title="bbox 132 3543 1738 3617">
    <p class='ocr_par' dir='ltr' id='par_1_37' title="bbox 132 3543 1738 3617">
     <span class='ocr_line' id='line_1_37' title="bbox 132 3543 1738 3617; baseline -0.001 -21"><span class='ocrx_word' id='word_1_241' title='bbox 132 3543 454 3597; x_wconf 76' lang='grc' dir='ltr'><strong>ἐπίσκοπον</strong></span> <span class='ocrx_word' id='word_1_242' title='bbox 492 3545 759 3615; x_wconf 83' lang='grc' dir='ltr'><strong>καθιστᾷν</strong></span> <span class='ocrx_word' id='word_1_243' title='bbox 807 3547 865 3597; x_wconf 90' lang='grc' dir='ltr'><strong>ἐν</strong></span> <span class='ocrx_word' id='word_1_244' title='bbox 929 3548 996 3616; x_wconf 79' lang='grc' dir='ltr'><strong>τῇ</strong></span> <span class='ocrx_word' id='word_1_245' title='bbox 1059 3545 1229 3617; x_wconf 86' lang='grc' dir='ltr'><strong>αὐτοῦ</strong></span> <span class='ocrx_word' id='word_1_246' title='bbox 1301 3544 1604 3614; x_wconf 74' lang='grc' dir='ltr'><strong>Ἐκκλησία</strong></span> <span class='ocrx_word' id='word_1_247' title='bbox 1645 3544 1738 3597; x_wconf 80' lang='grc' dir='ltr'><strong>καὶ</strong></span> 
     </span>
    </p>
   </div>
   <div class='ocr_carea' id='block_1_38' title="bbox 131 3635 1737 3708">
    <p class='ocr_par' dir='ltr' id='par_1_38' title="bbox 131 3635 1737 3708">
     <span class='ocr_line' id='line_1_38' title="bbox 131 3635 1737 3708; baseline 0 -21"><span class='ocrx_word' id='word_1_248' title='bbox 131 3635 271 3699; x_wconf 78' lang='grc' dir='ltr'><strong>ἑνὸς</strong></span> <span class='ocrx_word' id='word_1_249' title='bbox 333 3636 567 3691; x_wconf 89' lang='grc' dir='ltr'><strong>ἐκάστου</strong></span> <span class='ocrx_word' id='word_1_250' title='bbox 619 3635 719 3708; x_wconf 84' lang='grc' dir='ltr'><strong>τήν</strong></span> <span class='ocrx_word' id='word_1_251' title='bbox 768 3636 969 3708; x_wconf 83' lang='grc' dir='ltr'><strong>πρᾶξιν</strong></span> <span class='ocrx_word' id='word_1_252' title='bbox 1032 3636 1310 3704; x_wconf 80' lang='grc' dir='ltr'><strong>ἐξετάζειν</strong></span> <span class='ocrx_word' id='word_1_253' title='bbox 1369 3636 1464 3691; x_wconf 71' lang='grc' dir='ltr'><strong>καὶ</strong></span> <span class='ocrx_word' id='word_1_254' title='bbox 1506 3635 1737 3704; x_wconf 87' lang='grc' dir='ltr'><strong>δοκιμά-</strong></span> 
     </span>
    </p>
   </div>
   <div class='ocr_carea' id='block_1_39' title="bbox 130 3729 286 3792">
    <p class='ocr_par' dir='ltr' id='par_1_39' title="bbox 130 3729 286 3792">
     <span class='ocr_line' id='line_1_39' title="bbox 130 3729 286 3792; baseline 0.032 -12"><span class='ocrx_word' id='word_1_255' title='bbox 130 3729 286 3792; x_wconf 77' lang='grc' dir='ltr'><strong>ζειν.</strong></span> 
     </span>
    </p>
   </div>
   <div class='ocr_carea' id='block_1_40' title="bbox 459 3818 1377 3892">
    <p class='ocr_par' dir='ltr' id='par_1_40' title="bbox 459 3818 1377 3892">
     <span class='ocr_line' id='line_1_40' title="bbox 459 3818 1377 3892; baseline -0.001 -14"><span class='ocrx_word' id='word_1_256' title='bbox 459 3823 812 3889; x_wconf 59' lang='lat' dir='ltr'><strong>[familliae</strong></span> <span class='ocrx_word' id='word_1_257' title='bbox 837 3823 1183 3892; x_wconf 77' lang='grc' dir='ltr'><strong>Λιϐεράριος</strong></span> <span class='ocrx_word' id='word_1_258' title='bbox 1207 3818 1377 3878; x_wconf 75' lang='grc' dir='ltr'><strong>εἶπεν</strong></span> 
     </span>
    </p>
   </div>
   <div class='ocr_carea' id='block_1_41' title="bbox 228 3914 1737 3988">
    <p class='ocr_par' dir='ltr' id='par_1_41' title="bbox 228 3914 1737 3988">
     <span class='ocr_line' id='line_1_41' title="bbox 228 3914 1737 3988; baseline 0.001 -20"><span class='ocrx_word' id='word_1_259' title='bbox 228 3916 327 3969; x_wconf 85' lang='grc' dir='ltr'><strong>Ἐν</strong></span> <span class='ocrx_word' id='word_1_260' title='bbox 370 3915 657 3986; x_wconf 83' lang='grc' dir='ltr'><strong>βάπτισμα</strong></span> <span class='ocrx_word' id='word_1_261' title='bbox 689 3918 748 3969; x_wconf 91' lang='grc' dir='ltr'><strong>ἐν</strong></span> <span class='ocrx_word' id='word_1_262' title='bbox 799 3918 937 3986; x_wconf 81' lang='grc' dir='ltr'><strong>μόνῃ</strong></span> <span class='ocrx_word' id='word_1_263' title='bbox 963 3919 1031 3987; x_wconf 81' lang='grc' dir='ltr'><strong>τῇ</strong></span> <span class='ocrx_word' id='word_1_264' title='bbox 1076 3917 1378 3988; x_wconf 75' lang='grc' dir='ltr'><strong>Ἐκκλησία</strong></span> <span class='ocrx_word' id='word_1_265' title='bbox 1431 3914 1573 3980; x_wconf 79' lang='grc' dir='ltr'><strong>οἶδα.</strong></span> <span class='ocrx_word' id='word_1_266' title='bbox 1642 3918 1737 3972; x_wconf 75' lang='grc' dir='ltr'><strong>καὶ</strong></span> 
     </span>
    </p>
   </div>
   <div class='ocr_carea' id='block_1_42' title="bbox 125 4010 1736 4083">
    <p class='ocr_par' dir='ltr' id='par_1_42' title="bbox 125 4010 1736 4083">
     <span class='ocr_line' id='line_1_42' title="bbox 125 4010 1736 4083; baseline 0.001 -20"><span class='ocrx_word' id='word_1_267' title='bbox 125 4010 308 4075; x_wconf 76' lang='grc' dir='ltr'><strong>ἐκτὸς</strong></span> <span class='ocrx_word' id='word_1_268' title='bbox 334 4011 436 4081; x_wconf 81' lang='grc' dir='ltr'><strong>τῆς</strong></span> <span class='ocrx_word' id='word_1_269' title='bbox 472 4011 809 4081; x_wconf 86' lang='grc' dir='ltr'><strong>Ἐκκλησίας</strong></span> <span class='ocrx_word' id='word_1_270' title='bbox 874 4012 1137 4083; x_wconf 84' lang='grc' dir='ltr'><strong>οὐδαμοῦ.</strong></span> <span class='ocrx_word' id='word_1_271' title='bbox 1171 4012 1341 4066; x_wconf 88' lang='grc' dir='ltr'><strong>Ἔνθα</strong></span> <span class='ocrx_word' id='word_1_272' title='bbox 1375 4014 1485 4083; x_wconf 84' lang='grc' dir='ltr'><strong>γάρ</strong></span> <span class='ocrx_word' id='word_1_273' title='bbox 1512 4015 1627 4066; x_wconf 91' lang='grc' dir='ltr'><strong>ἐστι</strong></span> <span class='ocrx_word' id='word_1_274' title='bbox 1676 4012 1736 4065; x_wconf 70' lang='grc' dir='ltr'><strong>τὸ</strong></span> 
     </span>
    </p>
   </div>
   <div class='ocr_carea' id='block_1_43' title="bbox 123 4102 1734 4175">
    <p class='ocr_par' dir='ltr' id='par_1_43' title="bbox 123 4102 1734 4175">
     <span class='ocr_line' id='line_1_43' title="bbox 123 4102 1734 4175; baseline -0.001 -18"><span class='ocrx_word' id='word_1_275' title='bbox 123 4104 209 4157; x_wconf 71' lang='grc' dir='ltr'><strong>ἐν</strong></span> <span class='ocrx_word' id='word_1_276' title='bbox 238 4103 548 4173; x_wconf 69' lang='grc' dir='ltr'><strong>βάπτισμα,</strong></span> <span class='ocrx_word' id='word_1_277' title='bbox 590 4104 760 4168; x_wconf 77' lang='grc' dir='ltr'><strong>ὅντως</strong></span> <span class='ocrx_word' id='word_1_278' title='bbox 789 4107 884 4158; x_wconf 78' lang='grc' dir='ltr'><strong>καὶ</strong></span> <span class='ocrx_word' id='word_1_279' title='bbox 912 4102 1070 4169; x_wconf 77' lang='grc' dir='ltr'><strong>ἐλπὶς</strong></span> <span class='ocrx_word' id='word_1_280' title='bbox 1114 4105 1376 4175; x_wconf 82' lang='grc' dir='ltr'><strong>ἀληθείας</strong></span> <span class='ocrx_word' id='word_1_281' title='bbox 1437 4106 1579 4169; x_wconf 76' lang='grc' dir='ltr'><strong>ἐστὶ,</strong></span> <span class='ocrx_word' id='word_1_282' title='bbox 1638 4106 1734 4159; x_wconf 76' lang='grc' dir='ltr'><strong>καὶ</strong></span> 
     </span>
    </p>
   </div>
   <div class='ocr_carea' id='block_1_44' title="bbox 123 4190 1734 4265">
    <p class='ocr_par' dir='ltr' id='par_1_44' title="bbox 123 4190 1734 4265">
     <span class='ocr_line' id='line_1_44' title="bbox 123 4190 1734 4265; baseline 0.004 -23"><span class='ocrx_word' id='word_1_283' title='bbox 123 4190 354 4251; x_wconf 81' lang='grc' dir='ltr'><strong>πίστις.</strong></span> <span class='ocrx_word' id='word_1_284' title='bbox 424 4191 584 4243; x_wconf 78' lang='grc' dir='ltr'><strong>Οὕτω</strong></span> <span class='ocrx_word' id='word_1_285' title='bbox 636 4192 746 4265; x_wconf 86' lang='grc' dir='ltr'><strong>γὰρ</strong></span> <span class='ocrx_word' id='word_1_286' title='bbox 801 4191 1138 4263; x_wconf 83' lang='grc' dir='ltr'><strong>γέγραπται,</strong></span> <span class='ocrx_word' id='word_1_287' title='bbox 1200 4194 1323 4249; x_wconf 82' lang='grc' dir='ltr'><strong>Μία</strong></span> <span class='ocrx_word' id='word_1_288' title='bbox 1389 4197 1616 4261; x_wconf 79' lang='grc' dir='ltr'><strong>πίστις,</strong></span> <span class='ocrx_word' id='word_1_289' title='bbox 1663 4195 1734 4249; x_wconf 77' lang='grc' dir='ltr'><strong>ἐν</strong></span> 
     </span>
    </p>
   </div>
   <div class='ocr_carea' id='block_1_45' title="bbox 109 4282 1736 4357">
    <p class='ocr_par' dir='ltr' id='par_1_45' title="bbox 109 4282 1736 4357">
     <span class='ocr_line' id='line_1_45' title="bbox 109 4282 1736 4357; baseline 0.002 -21"><span class='ocrx_word' id='word_1_290' title='bbox 109 4282 486 4354; x_wconf 71' lang='grc' dir='ltr'><strong>βάπτισμα.</strong></span> <span class='ocrx_word' id='word_1_291' title='bbox 517 4286 591 4338; x_wconf 90' lang='grc' dir='ltr'><strong>Οὐ</strong></span> <span class='ocrx_word' id='word_1_292' title='bbox 632 4285 742 4354; x_wconf 82' lang='grc' dir='ltr'><strong>γὰρ</strong></span> <span class='ocrx_word' id='word_1_293' title='bbox 781 4288 898 4348; x_wconf 89' lang='grc' dir='ltr'><strong>τοῖς</strong></span> <span class='ocrx_word' id='word_1_294' title='bbox 930 4287 1256 4356; x_wconf 81' lang='grc' dir='ltr'><strong>αἱρετικοῖς,</strong></span> <span class='ocrx_word' id='word_1_295' title='bbox 1319 4287 1454 4357; x_wconf 84' lang='grc' dir='ltr'><strong>παρ’</strong></span> <span class='ocrx_word' id='word_1_296' title='bbox 1493 4284 1576 4352; x_wconf 73' lang='grc' dir='ltr'><strong>οἷς</strong></span> <span class='ocrx_word' id='word_1_297' title='bbox 1630 4290 1736 4342; x_wconf 79' lang='grc' dir='ltr'><strong>οὐ-</strong></span> 
     </span>
    </p>
   </div>
   <div class='ocr_carea' id='block_1_46' title="bbox 116 4376 1733 4449">
    <p class='ocr_par' dir='ltr' id='par_1_46' title="bbox 116 4376 1733 4449">
     <span class='ocr_line' id='line_1_46' title="bbox 116 4376 1733 4449; baseline 0.003 -20"><span class='ocrx_word' id='word_1_298' title='bbox 116 4376 199 4429; x_wconf 81' lang='grc' dir='ltr'><strong>δε</strong></span> <span class='ocrx_word' id='word_1_299' title='bbox 213 4377 312 4444; x_wconf 86' lang='grc' dir='ltr'><strong>μία</strong></span> <span class='ocrx_word' id='word_1_300' title='bbox 343 4376 527 4439; x_wconf 88' lang='grc' dir='ltr'><strong>πίστις</strong></span> <span class='ocrx_word' id='word_1_301' title='bbox 559 4376 655 4430; x_wconf 75' lang='grc' dir='ltr'><strong>καὶ</strong></span> <span class='ocrx_word' id='word_1_302' title='bbox 686 4376 868 4442; x_wconf 79' lang='grc' dir='ltr'><strong>ἐλπὶς,</strong></span> <span class='ocrx_word' id='word_1_303' title='bbox 904 4376 1041 4431; x_wconf 83' lang='grc' dir='ltr'><strong>ὅπου</strong></span> <span class='ocrx_word' id='word_1_304' title='bbox 1098 4378 1278 4432; x_wconf 88' lang='grc' dir='ltr'><strong>πάντα</strong></span> <span class='ocrx_word' id='word_1_305' title='bbox 1345 4380 1545 4449; x_wconf 77' lang='grc' dir='ltr'><strong>ψευδῆ,</strong></span> <span class='ocrx_word' id='word_1_306' title='bbox 1599 4382 1733 4435; x_wconf 85' lang='grc' dir='ltr'><strong>ὅπου</strong></span> 
     </span>
    </p>
   </div>
   <div class='ocr_carea' id='block_1_47' title="bbox 114 4467 1736 4544">
    <p class='ocr_par' dir='ltr' id='par_1_47' title="bbox 114 4467 1736 4544">
     <span class='ocr_line' id='line_1_47' title="bbox 114 4467 1736 4544; baseline 0.003 -23"><span class='ocrx_word' id='word_1_307' title='bbox 114 4467 421 4536; x_wconf 73' lang='grc' dir='ltr'><strong>ἐξορκίζει</strong></span> <span class='ocrx_word' id='word_1_308' title='bbox 460 4467 936 4539; x_wconf 79' lang='grc' dir='ltr'><strong>δαιμονιζόμενος,</strong></span> <span class='ocrx_word' id='word_1_309' title='bbox 1011 4473 1315 4541; x_wconf 88' lang='grc' dir='ltr'><strong>μυστήριον</strong></span> <span class='ocrx_word' id='word_1_310' title='bbox 1360 4473 1563 4544; x_wconf 79' lang='grc' dir='ltr'><strong>ἐρωτᾷ,</strong></span> <span class='ocrx_word' id='word_1_311' title='bbox 1591 4469 1653 4529; x_wconf 76' lang='grc' dir='ltr'><strong>οῦ</strong></span> <span class='ocrx_word' id='word_1_312' title='bbox 1675 4474 1736 4526; x_wconf 83' lang='grc' dir='ltr'><strong>τὸ</strong></span> 
     </span>
    </p>
   </div>
   <div class='ocr_carea' id='block_1_48' title="bbox 1826 625 3394 694">
    <p class='ocr_par' dir='ltr' id='par_1_48' title="bbox 1826 625 3394 694">
     <span class='ocr_line' id='line_1_48' title="bbox 1826 625 3394 694; baseline 0 -16"><span class='ocrx_word' id='word_1_313' title='bbox 1826 625 1927 678; x_wconf 83' lang='lat' dir='ltr'><strong>fuit</strong></span> <span class='ocrx_word' id='word_1_314' title='bbox 1962 625 2411 694; x_wconf 83' lang='lat' dir='ltr'><strong>archiepiscopus</strong></span> <span class='ocrx_word' id='word_1_315' title='bbox 2448 633 2502 677; x_wconf 87' lang='lat' dir='ltr'><strong>et</strong></span> <span class='ocrx_word' id='word_1_316' title='bbox 2540 633 2770 691; x_wconf 79' lang='lat' dir='ltr'><strong>martyr,</strong></span> <span class='ocrx_word' id='word_1_317' title='bbox 2823 632 2877 678; x_wconf 93' lang='lat' dir='ltr'><strong>et</strong></span> <span class='ocrx_word' id='word_1_318' title='bbox 2911 639 2939 677; x_wconf 91' lang='lat' dir='ltr'><strong>a</strong></span> <span class='ocrx_word' id='word_1_319' title='bbox 2975 626 3222 692; x_wconf 78' lang='lat' dir='ltr'><strong>synodo,</strong></span> <span class='ocrx_word' id='word_1_320' title='bbox 3272 641 3394 692; x_wconf 77' lang='lat' dir='ltr'><strong>quae</strong></span> 
     </span>
    </p>
   </div>
   <div class='ocr_carea' id='block_1_49' title="bbox 1824 717 3393 786">
    <p class='ocr_par' dir='ltr' id='par_1_49' title="bbox 1824 717 3393 786">
     <span class='ocr_line' id='line_1_49' title="bbox 1824 717 3393 786; baseline 0 -17"><span class='ocrx_word' id='word_1_321' title='bbox 1824 717 1926 770; x_wconf 87' lang='lat' dir='ltr'><strong>sub</strong></span> <span class='ocrx_word' id='word_1_322' title='bbox 1984 731 2048 770; x_wconf 89' lang='lat' dir='ltr'><strong>eo</strong></span> <span class='ocrx_word' id='word_1_323' title='bbox 2113 717 2239 779; x_wconf 81' lang='lat' dir='ltr'><strong>fuit,</strong></span> <span class='ocrx_word' id='word_1_324' title='bbox 2284 718 2492 771; x_wconf 89' lang='lat' dir='ltr'><strong>editum</strong></span> <span class='ocrx_word' id='word_1_325' title='bbox 2559 733 2853 780; x_wconf 89' lang='lat' dir='ltr'><strong>canonem,</strong></span> <span class='ocrx_word' id='word_1_326' title='bbox 2903 719 2994 786; x_wconf 90' lang='lat' dir='ltr'><strong>qui</strong></span> <span class='ocrx_word' id='word_1_327' title='bbox 3062 718 3117 770; x_wconf 91' lang='lat' dir='ltr'><strong>in</strong></span> <span class='ocrx_word' id='word_1_328' title='bbox 3174 718 3393 771; x_wconf 92' lang='lat' dir='ltr'><strong>illorum</strong></span> 
     </span>
    </p>
   </div>
   <div class='ocr_carea' id='block_1_50' title="bbox 1824 807 3395 878">
    <p class='ocr_par' dir='ltr' id='par_1_50' title="bbox 1824 807 3395 878">
     <span class='ocr_line' id='line_1_50' title="bbox 1824 807 3395 878; baseline 0 -18"><span class='ocrx_word' id='word_1_329' title='bbox 1824 808 2119 874; x_wconf 64' lang='lat' dir='ltr'><strong>preesulum</strong></span> <span class='ocrx_word' id='word_1_330' title='bbox 2152 808 2289 862; x_wconf 84' lang='lat' dir='ltr'><strong>locis</strong></span> <span class='ocrx_word' id='word_1_331' title='bbox 2326 809 2702 863; x_wconf 87' lang='lat' dir='ltr'><strong>tantummodo</strong></span> <span class='ocrx_word' id='word_1_332' title='bbox 2728 808 2883 878; x_wconf 76' lang='lat' dir='ltr'><strong>juxta</strong></span> <span class='ocrx_word' id='word_1_333' title='bbox 2919 808 3173 861; x_wconf 87' lang='lat' dir='ltr'><strong>traditam</strong></span> <span class='ocrx_word' id='word_1_334' title='bbox 3220 807 3287 859; x_wconf 86' lang='lat' dir='ltr'><strong>ab</strong></span> <span class='ocrx_word' id='word_1_335' title='bbox 3315 809 3395 861; x_wconf 83' lang='lat' dir='ltr'><strong>eis</strong></span> 
     </span>
    </p>
   </div>
   <div class='ocr_carea' id='block_1_51' title="bbox 1825 898 3395 965">
    <p class='ocr_par' dir='ltr' id='par_1_51' title="bbox 1825 898 3395 965">
     <span class='ocr_line' id='line_1_51' title="bbox 1825 898 3395 965; baseline -0.004 -11"><span class='ocrx_word' id='word_1_336' title='bbox 1825 899 2280 954; x_wconf 85' lang='lat' dir='ltr'><strong>consuetudinem</strong></span> <span class='ocrx_word' id='word_1_337' title='bbox 2332 909 2579 955; x_wconf 88' lang='lat' dir='ltr'><strong>servatus</strong></span> <span class='ocrx_word' id='word_1_338' title='bbox 2623 909 2727 953; x_wconf 90' lang='lat' dir='ltr'><strong>est.</strong></span> <span class='ocrx_word' id='word_1_339' title='bbox 2771 898 2845 952; x_wconf 82' lang='lat' dir='ltr'><strong>Ex</strong></span> <span class='ocrx_word' id='word_1_340' title='bbox 2894 899 2996 951; x_wconf 88' lang='lat' dir='ltr'><strong>hoc</strong></span> <span class='ocrx_word' id='word_1_341' title='bbox 3048 898 3166 951; x_wconf 91' lang='lat' dir='ltr'><strong>loco</strong></span> <span class='ocrx_word' id='word_1_342' title='bbox 3208 898 3395 965; x_wconf 80' lang='lat' dir='ltr'><strong>igitur,</strong></span> 
     </span>
    </p>
   </div>
   <div class='ocr_carea' id='block_1_52' title="bbox 1826 988 3396 1062">
    <p class='ocr_par' dir='ltr' id='par_1_52' title="bbox 1826 988 3396 1062">
     <span class='ocr_line' id='line_1_52' title="bbox 1826 988 3396 1062; baseline -0.003 -18"><span class='ocrx_word' id='word_1_343' title='bbox 1826 992 2018 1061; x_wconf 85' lang='lat' dir='ltr'><strong>primis</strong></span> <span class='ocrx_word' id='word_1_344' title='bbox 2058 1006 2276 1061; x_wconf 87' lang='lat' dir='ltr'><strong>quoque</strong></span> <span class='ocrx_word' id='word_1_345' title='bbox 2315 992 2655 1062; x_wconf 87' lang='lat' dir='ltr'><strong>temporibus</strong></span> <span class='ocrx_word' id='word_1_346' title='bbox 2688 1005 2952 1047; x_wconf 88' lang='lat' dir='ltr'><strong>canonem</strong></span> <span class='ocrx_word' id='word_1_347' title='bbox 2999 988 3144 1043; x_wconf 84' lang='lat' dir='ltr'><strong>hunc</strong></span> <span class='ocrx_word' id='word_1_348' title='bbox 3186 1003 3396 1057; x_wconf 87' lang='lat' dir='ltr'><strong>nequa-</strong></span> 
     </span>
    </p>
   </div>
   <div class='ocr_carea' id='block_1_53' title="bbox 1825 1080 3395 1154">
    <p class='ocr_par' dir='ltr' id='par_1_53' title="bbox 1825 1080 3395 1154">
     <span class='ocr_line' id='line_1_53' title="bbox 1825 1080 3395 1154; baseline -0.004 -18"><span class='ocrx_word' id='word_1_349' title='bbox 1825 1098 1990 1152; x_wconf 87' lang='lat' dir='ltr'><strong>quam</strong></span> <span class='ocrx_word' id='word_1_350' title='bbox 2019 1084 2161 1154; x_wconf 84' lang='lat' dir='ltr'><strong>apud</strong></span> <span class='ocrx_word' id='word_1_351' title='bbox 2186 1098 2378 1139; x_wconf 90' lang='lat' dir='ltr'><strong>omnes</strong></span> <span class='ocrx_word' id='word_1_352' title='bbox 2405 1084 2666 1147; x_wconf 81' lang='lat' dir='ltr'><strong>valuisse,</strong></span> <span class='ocrx_word' id='word_1_353' title='bbox 2694 1082 2852 1138; x_wconf 79' lang='lat' dir='ltr'><strong>facile</strong></span> <span class='ocrx_word' id='word_1_354' title='bbox 2878 1088 3129 1151; x_wconf 82' lang='lat' dir='ltr'><strong>apparet.</strong></span> <span class='ocrx_word' id='word_1_355' title='bbox 3170 1080 3269 1133; x_wconf 85' lang='lat' dir='ltr'><strong>llic</strong></span> <span class='ocrx_word' id='word_1_356' title='bbox 3293 1080 3395 1146; x_wconf 79' lang='lat' dir='ltr'><strong>igi-</strong></span> 
     </span>
    </p>
   </div>
   <div class='ocr_carea' id='block_1_54' title="bbox 1827 1170 3397 1243">
    <p class='ocr_par' dir='ltr' id='par_1_54' title="bbox 1827 1170 3397 1243">
     <span class='ocr_line' id='line_1_54' title="bbox 1827 1170 3397 1243; baseline -0.003 -15"><span class='ocrx_word' id='word_1_357' title='bbox 1827 1182 1920 1228; x_wconf 87' lang='lat' dir='ltr'><strong>tur</strong></span> <span class='ocrx_word' id='word_1_358' title='bbox 1970 1182 2056 1229; x_wconf 87' lang='lat' dir='ltr'><strong>est</strong></span> <span class='ocrx_word' id='word_1_359' title='bbox 2089 1182 2271 1229; x_wconf 82' lang='lat' dir='ltr'><strong>textus</strong></span> <span class='ocrx_word' id='word_1_360' title='bbox 2309 1174 2557 1243; x_wconf 81' lang='lat' dir='ltr'><strong>epistolae</strong></span> <span class='ocrx_word' id='word_1_361' title='bbox 2598 1191 2614 1228; x_wconf 91' lang='lat'><strong>:</strong></span> <span class='ocrx_word' id='word_1_362' title='bbox 2651 1187 2772 1243; x_wconf 66' lang='lat' dir='ltr'><strong>quae</strong></span> <span class='ocrx_word' id='word_1_363' title='bbox 2816 1187 2945 1225; x_wconf 83' lang='lat' dir='ltr'><strong>vero</strong></span> <span class='ocrx_word' id='word_1_364' title='bbox 3003 1173 3060 1225; x_wconf 88' lang='lat' dir='ltr'><strong>in</strong></span> <span class='ocrx_word' id='word_1_365' title='bbox 3120 1170 3397 1225; x_wconf 91' lang='lat' dir='ltr'><strong>communi</strong></span> 
     </span>
    </p>
   </div>
   <div class='ocr_carea' id='block_1_55' title="bbox 1828 1261 3401 1333">
    <p class='ocr_par' dir='ltr' id='par_1_55' title="bbox 1828 1261 3401 1333">
     <span class='ocr_line' id='line_1_55' title="bbox 1828 1261 3401 1333; baseline -0.001 -18"><span class='ocrx_word' id='word_1_366' title='bbox 1828 1262 2227 1329; x_wconf 86' lang='lat' dir='ltr'><strong>disceptatione</strong></span> <span class='ocrx_word' id='word_1_367' title='bbox 2266 1265 2422 1318; x_wconf 85' lang='lat' dir='ltr'><strong>dicta-</strong></span> <span class='ocrx_word' id='word_1_368' title='bbox 2442 1273 2567 1318; x_wconf 90' lang='lat' dir='ltr'><strong>sunt</strong></span> <span class='ocrx_word' id='word_1_369' title='bbox 2602 1279 2631 1317; x_wconf 88' lang='lat' dir='ltr'><strong>a</strong></span> <span class='ocrx_word' id='word_1_370' title='bbox 2668 1263 2920 1333; x_wconf 77' lang='lat' dir='ltr'><strong>singulis,</strong></span> <span class='ocrx_word' id='word_1_371' title='bbox 2952 1263 3045 1331; x_wconf 90' lang='lat' dir='ltr'><strong>qui</strong></span> <span class='ocrx_word' id='word_1_372' title='bbox 3100 1263 3153 1315; x_wconf 90' lang='lat' dir='ltr'><strong>in</strong></span> <span class='ocrx_word' id='word_1_373' title='bbox 3191 1261 3401 1331; x_wconf 85' lang='lat' dir='ltr'><strong>synodo</strong></span> 
     </span>
    </p>
   </div>
   <div class='ocr_carea' id='block_1_56' title="bbox 1829 1356 2685 1421">
    <p class='ocr_par' dir='ltr' id='par_1_56' title="bbox 1829 1356 2685 1421">
     <span class='ocr_line' id='line_1_56' title="bbox 1829 1356 2685 1421; baseline -0.002 -10"><span class='ocrx_word' id='word_1_374' title='bbox 1829 1364 2221 1421; x_wconf 73' lang='lat' dir='ltr'><strong>convenerant,</strong></span> <span class='ocrx_word' id='word_1_375' title='bbox 2252 1356 2324 1408; x_wconf 90' lang='lat' dir='ltr'><strong>ita</strong></span> <span class='ocrx_word' id='word_1_376' title='bbox 2366 1371 2425 1410; x_wconf 90' lang='lat' dir='ltr'><strong>se</strong></span> <span class='ocrx_word' id='word_1_377' title='bbox 2460 1357 2685 1410; x_wconf 76' lang='lat' dir='ltr'><strong>habent.</strong></span> 
     </span>
    </p>
   </div>
   <div class='ocr_carea' id='block_1_57' title="bbox 2364 1446 2856 1517">
    <p class='ocr_par' dir='ltr' id='par_1_57' title="bbox 2364 1446 2856 1517">
     <span class='ocr_line' id='line_1_57' title="bbox 2364 1446 2856 1517; baseline -0.002 -17"><span class='ocrx_word' id='word_1_378' title='bbox 2364 1446 2664 1517; x_wconf 76' lang='lat' dir='ltr'><strong>Cyprianus</strong></span> <span class='ocrx_word' id='word_1_379' title='bbox 2696 1449 2856 1500; x_wconf 74' lang='lat' dir='ltr'><strong>dixit.</strong></span> 
     </span>
    </p>
   </div>
   <div class='ocr_carea' id='block_1_58' title="bbox 1900 1530 3402 1603">
    <p class='ocr_par' dir='ltr' id='par_1_58' title="bbox 1900 1530 3402 1603">
     <span class='ocr_line' id='line_1_58' title="bbox 1900 1530 3402 1603; baseline 0 -18"><span class='ocrx_word' id='word_1_380' title='bbox 1900 1533 2167 1597; x_wconf 83' lang='lat' dir='ltr'><strong>Audistis,</strong></span> <span class='ocrx_word' id='word_1_381' title='bbox 2200 1532 2540 1588; x_wconf 88' lang='lat' dir='ltr'><strong>dilectissimi</strong></span> <span class='ocrx_word' id='word_1_382' title='bbox 2580 1533 2889 1603; x_wconf 90' lang='lat' dir='ltr'><strong>coepiscopi</strong></span> <span class='ocrx_word' id='word_1_383' title='bbox 2915 1573 2930 1599; x_wconf 94' lang='lat'><strong>,</strong></span> <span class='ocrx_word' id='word_1_384' title='bbox 2972 1532 3104 1602; x_wconf 87' lang='lat' dir='ltr'><strong>quid</strong></span> <span class='ocrx_word' id='word_1_385' title='bbox 3147 1533 3275 1586; x_wconf 85' lang='lat' dir='ltr'><strong>mihi</strong></span> <span class='ocrx_word' id='word_1_386' title='bbox 3310 1530 3402 1585; x_wconf 78' lang='grc' dir='ltr'><strong>Ιο-</strong></span> 
     </span>
    </p>
   </div>
   <div class='ocr_carea' id='block_1_59' title="bbox 1830 1623 3399 1693">
    <p class='ocr_par' dir='ltr' id='par_1_59' title="bbox 1830 1623 3399 1693">
     <span class='ocr_line' id='line_1_59' title="bbox 1830 1623 3399 1693; baseline -0.002 -16"><span class='ocrx_word' id='word_1_387' title='bbox 1830 1625 2028 1679; x_wconf 76' lang='lat' dir='ltr'><strong>vianus</strong></span> <span class='ocrx_word' id='word_1_388' title='bbox 2093 1624 2452 1692; x_wconf 86' lang='lat' dir='ltr'><strong>coepiscopus</strong></span> <span class='ocrx_word' id='word_1_389' title='bbox 2488 1633 2697 1687; x_wconf 82' lang='lat' dir='ltr'><strong>noster,</strong></span> <span class='ocrx_word' id='word_1_390' title='bbox 2726 1625 2795 1678; x_wconf 76' lang='lat' dir='ltr'><strong>de</strong></span> <span class='ocrx_word' id='word_1_391' title='bbox 2821 1623 3012 1679; x_wconf 80' lang='lat' dir='ltr'><strong>illicito</strong></span> <span class='ocrx_word' id='word_1_392' title='bbox 3054 1632 3107 1678; x_wconf 84' lang='lat' dir='ltr'><strong>et</strong></span> <span class='ocrx_word' id='word_1_393' title='bbox 3170 1624 3399 1693; x_wconf 80' lang='lat' dir='ltr'><strong>profano</strong></span> 
     </span>
    </p>
   </div>
   <div class='ocr_carea' id='block_1_60' title="bbox 1833 1714 3402 1786">
    <p class='ocr_par' dir='ltr' id='par_1_60' title="bbox 1833 1714 3402 1786">
     <span class='ocr_line' id='line_1_60' title="bbox 1833 1714 3402 1786; baseline -0.004 -14"><span class='ocrx_word' id='word_1_394' title='bbox 1833 1718 2213 1772; x_wconf 70' lang='lat' dir='ltr'><strong>haereticorum</strong></span> <span class='ocrx_word' id='word_1_395' title='bbox 2246 1717 2516 1786; x_wconf 76' lang='lat' dir='ltr'><strong>baptismo</strong></span> <span class='ocrx_word' id='word_1_396' title='bbox 2537 1717 2968 1771; x_wconf 83' lang='lat' dir='ltr'><strong>mediocritatem</strong></span> <span class='ocrx_word' id='word_1_397' title='bbox 3000 1724 3243 1769; x_wconf 89' lang='lat' dir='ltr'><strong>nostram</strong></span> <span class='ocrx_word' id='word_1_398' title='bbox 3270 1714 3402 1767; x_wconf 76' lang='grc' dir='ltr'><strong>ροη-</strong></span> 
     </span>
    </p>
   </div>
   <div class='ocr_carea' id='block_1_61' title="bbox 1834 1807 3402 1878">
    <p class='ocr_par' dir='ltr' id='par_1_61' title="bbox 1834 1807 3402 1878">
     <span class='ocr_line' id='line_1_61' title="bbox 1834 1807 3402 1878; baseline -0.003 -15"><span class='ocrx_word' id='word_1_399' title='bbox 1834 1808 2056 1873; x_wconf 84' lang='lat' dir='ltr'><strong>sulens,</strong></span> <span class='ocrx_word' id='word_1_400' title='bbox 2113 1807 2417 1876; x_wconf 86' lang='lat' dir='ltr'><strong>scripserit,</strong></span> <span class='ocrx_word' id='word_1_401' title='bbox 2477 1818 2532 1861; x_wconf 89' lang='lat' dir='ltr'><strong>et</strong></span> <span class='ocrx_word' id='word_1_402' title='bbox 2570 1807 2701 1878; x_wconf 88' lang='lat' dir='ltr'><strong>quid</strong></span> <span class='ocrx_word' id='word_1_403' title='bbox 2746 1823 2846 1877; x_wconf 67' lang='lat' dir='ltr'><strong>ego</strong></span> <span class='ocrx_word' id='word_1_404' title='bbox 2896 1808 2945 1862; x_wconf 90' lang='lat' dir='ltr'><strong>ei</strong></span> <span class='ocrx_word' id='word_1_405' title='bbox 3000 1807 3402 1875; x_wconf 88' lang='lat' dir='ltr'><strong>rescripserim,</strong></span> 
     </span>
    </p>
   </div>
   <div class='ocr_carea' id='block_1_62' title="bbox 1828 1899 3407 1967">
    <p class='ocr_par' dir='ltr' id='par_1_62' title="bbox 1828 1899 3407 1967">
     <span class='ocr_line' id='line_1_62' title="bbox 1828 1899 3407 1967; baseline -0.001 -14"><span class='ocrx_word' id='word_1_406' title='bbox 1828 1914 2059 1953; x_wconf 79' lang='lat' dir='ltr'><strong>censens</strong></span> <span class='ocrx_word' id='word_1_407' title='bbox 2091 1899 2341 1961; x_wconf 89' lang='lat' dir='ltr'><strong>scilicet,</strong></span> <span class='ocrx_word' id='word_1_408' title='bbox 2370 1899 2512 1967; x_wconf 90' lang='lat' dir='ltr'><strong>quod</strong></span> <span class='ocrx_word' id='word_1_409' title='bbox 2536 1899 2703 1953; x_wconf 88' lang='lat' dir='ltr'><strong>semel</strong></span> <span class='ocrx_word' id='word_1_410' title='bbox 2742 1906 2909 1967; x_wconf 87' lang='lat' dir='ltr'><strong>atque</strong></span> <span class='ocrx_word' id='word_1_411' title='bbox 2938 1899 3134 1953; x_wconf 90' lang='lat' dir='ltr'><strong>lterum</strong></span> <span class='ocrx_word' id='word_1_412' title='bbox 3170 1906 3225 1952; x_wconf 85' lang='lat' dir='ltr'><strong>et</strong></span> <span class='ocrx_word' id='word_1_413' title='bbox 3263 1914 3407 1965; x_wconf 65' lang='lat' dir='ltr'><strong>saepe</strong></span> 
     </span>
    </p>
   </div>
   <div class='ocr_carea' id='block_1_63' title="bbox 1830 1990 3409 2051">
    <p class='ocr_par' dir='ltr' id='par_1_63' title="bbox 1830 1990 3409 2051">
     <span class='ocr_line' id='line_1_63' title="bbox 1830 1990 3409 2051; baseline -0.003 -6"><span class='ocrx_word' id='word_1_414' title='bbox 1830 1991 2173 2051; x_wconf 89' lang='lat' dir='ltr'><strong>censuimus.</strong></span> <span class='ocrx_word' id='word_1_415' title='bbox 2202 1993 2492 2048; x_wconf 64' lang='lat' dir='ltr'><strong>haereticos</strong></span> <span class='ocrx_word' id='word_1_416' title='bbox 2541 1992 2608 2047; x_wconf 89' lang='lat' dir='ltr'><strong>ad</strong></span> <span class='ocrx_word' id='word_1_417' title='bbox 2654 1992 2958 2046; x_wconf 88' lang='lat' dir='ltr'><strong>Ecclesiam</strong></span> <span class='ocrx_word' id='word_1_418' title='bbox 3001 1992 3284 2044; x_wconf 83' lang='lat' dir='ltr'><strong>venientes</strong></span> <span class='ocrx_word' id='word_1_419' title='bbox 3313 1990 3409 2043; x_wconf 82' lang='lat' dir='ltr'><strong>ba-</strong></span> 
     </span>
    </p>
   </div>
   <div class='ocr_carea' id='block_1_64' title="bbox 1829 2080 3405 2151">
    <p class='ocr_par' dir='ltr' id='par_1_64' title="bbox 1829 2080 3405 2151">
     <span class='ocr_line' id='line_1_64' title="bbox 1829 2080 3405 2151; baseline 0.003 -21"><span class='ocrx_word' id='word_1_420' title='bbox 1829 2080 2029 2149; x_wconf 81' lang='lat' dir='ltr'><strong>ptismo</strong></span> <span class='ocrx_word' id='word_1_421' title='bbox 2055 2081 2355 2150; x_wconf 63' lang='lat' dir='ltr'><strong>(Ecclesiae)</strong></span> <span class='ocrx_word' id='word_1_422' title='bbox 2390 2082 2653 2150; x_wconf 84' lang='lat' dir='ltr'><strong>baptizari</strong></span> <span class='ocrx_word' id='word_1_423' title='bbox 2676 2092 2730 2135; x_wconf 87' lang='lat' dir='ltr'><strong>et</strong></span> <span class='ocrx_word' id='word_1_424' title='bbox 2765 2082 3098 2137; x_wconf 84' lang='lat' dir='ltr'><strong>sanctiﬁcari</strong></span> <span class='ocrx_word' id='word_1_425' title='bbox 3128 2090 3405 2151; x_wconf 89' lang='lat' dir='ltr'><strong>oportere.</strong></span> 
     </span>
    </p>
   </div>
   <div class='ocr_carea' id='block_1_65' title="bbox 1830 2170 3410 2241">
    <p class='ocr_par' dir='ltr' id='par_1_65' title="bbox 1830 2170 3410 2241">
     <span class='ocr_line' id='line_1_65' title="bbox 1830 2170 3410 2241; baseline -0.001 -13"><span class='ocrx_word' id='word_1_426' title='bbox 1830 2172 1962 2228; x_wconf 82' lang='lat' dir='ltr'><strong>Item</strong></span> <span class='ocrx_word' id='word_1_427' title='bbox 1993 2173 2144 2226; x_wconf 74' lang='lat' dir='ltr'><strong>lectae</strong></span> <span class='ocrx_word' id='word_1_428' title='bbox 2171 2182 2301 2226; x_wconf 90' lang='lat' dir='ltr'><strong>sunt</strong></span> <span class='ocrx_word' id='word_1_429' title='bbox 2324 2171 2479 2227; x_wconf 80' lang='lat' dir='ltr'><strong>vobis</strong></span> <span class='ocrx_word' id='word_1_430' title='bbox 2497 2181 2552 2226; x_wconf 91' lang='lat' dir='ltr'><strong>et</strong></span> <span class='ocrx_word' id='word_1_431' title='bbox 2575 2173 2692 2227; x_wconf 60' lang='lat' dir='ltr'><strong>alia:</strong></span> <span class='ocrx_word' id='word_1_432' title='bbox 2715 2172 2913 2227; x_wconf 70' lang='lat' dir='ltr'><strong>littera:</strong></span> <span class='ocrx_word' id='word_1_433' title='bbox 2931 2170 3172 2237; x_wconf 82' lang='lat' dir='ltr'><strong>Joviani,</strong></span> <span class='ocrx_word' id='word_1_434' title='bbox 3207 2172 3410 2241; x_wconf 88' lang='lat' dir='ltr'><strong>quibus</strong></span> 
     </span>
    </p>
   </div>
   <div class='ocr_carea' id='block_1_66' title="bbox 1834 2265 3411 2337">
    <p class='ocr_par' dir='ltr' id='par_1_66' title="bbox 1834 2265 3411 2337">
     <span class='ocr_line' id='line_1_66' title="bbox 1834 2265 3411 2337; baseline -0.002 -18"><span class='ocrx_word' id='word_1_435' title='bbox 1834 2282 1932 2335; x_wconf 91' lang='lat' dir='ltr'><strong>pro</strong></span> <span class='ocrx_word' id='word_1_436' title='bbox 1983 2282 2080 2321; x_wconf 89' lang='lat' dir='ltr'><strong>sua</strong></span> <span class='ocrx_word' id='word_1_437' title='bbox 2117 2266 2330 2322; x_wconf 88' lang='lat' dir='ltr'><strong>sincera</strong></span> <span class='ocrx_word' id='word_1_438' title='bbox 2366 2274 2420 2321; x_wconf 89' lang='lat' dir='ltr'><strong>et</strong></span> <span class='ocrx_word' id='word_1_439' title='bbox 2469 2266 2722 2337; x_wconf 79' lang='lat' dir='ltr'><strong>religiosa</strong></span> <span class='ocrx_word' id='word_1_440' title='bbox 2766 2266 3053 2320; x_wconf 79' lang='lat' dir='ltr'><strong>devotione</strong></span> <span class='ocrx_word' id='word_1_441' title='bbox 3096 2266 3162 2318; x_wconf 88' lang='lat' dir='ltr'><strong>ad</strong></span> <span class='ocrx_word' id='word_1_442' title='bbox 3207 2265 3411 2333; x_wconf 78' lang='lat' dir='ltr'><strong>episto-</strong></span> 
     </span>
    </p>
   </div>
   <div class='ocr_carea' id='block_1_67' title="bbox 1833 2354 3413 2417">
    <p class='ocr_par' dir='ltr' id='par_1_67' title="bbox 1833 2354 3413 2417">
     <span class='ocr_line' id='line_1_67' title="bbox 1833 2354 3413 2417; baseline -0.004 -5"><span class='ocrx_word' id='word_1_443' title='bbox 1833 2358 1941 2412; x_wconf 85' lang='lat' dir='ltr'><strong>lam</strong></span> <span class='ocrx_word' id='word_1_444' title='bbox 1986 2366 2227 2411; x_wconf 87' lang='lat' dir='ltr'><strong>nostram</strong></span> <span class='ocrx_word' id='word_1_445' title='bbox 2281 2355 2626 2417; x_wconf 83' lang='lat' dir='ltr'><strong>rescribens,</strong></span> <span class='ocrx_word' id='word_1_446' title='bbox 2671 2370 2780 2408; x_wconf 87' lang='lat' dir='ltr'><strong>non</strong></span> <span class='ocrx_word' id='word_1_447' title='bbox 2830 2364 3038 2409; x_wconf 87' lang='lat' dir='ltr'><strong>tantum</strong></span> <span class='ocrx_word' id='word_1_448' title='bbox 3079 2354 3238 2407; x_wconf 83' lang='lat' dir='ltr'><strong>nobis</strong></span> <span class='ocrx_word' id='word_1_449' title='bbox 3279 2368 3413 2407; x_wconf 84' lang='lat' dir='ltr'><strong>con-</strong></span> 
     </span>
    </p>
   </div>
   <div class='ocr_carea' id='block_1_68' title="bbox 1835 2448 3416 2515">
    <p class='ocr_par' dir='ltr' id='par_1_68' title="bbox 1835 2448 3416 2515">
     <span class='ocr_line' id='line_1_68' title="bbox 1835 2448 3416 2515; baseline -0.007 -9"><span class='ocrx_word' id='word_1_450' title='bbox 1835 2451 2029 2515; x_wconf 83' lang='lat' dir='ltr'><strong>sensit,</strong></span> <span class='ocrx_word' id='word_1_451' title='bbox 2078 2449 2173 2504; x_wconf 86' lang='lat' dir='ltr'><strong>sed</strong></span> <span class='ocrx_word' id='word_1_452' title='bbox 2213 2449 2375 2503; x_wconf 84' lang='lat' dir='ltr'><strong>etiam</strong></span> <span class='ocrx_word' id='word_1_453' title='bbox 2411 2448 2639 2503; x_wconf 83' lang='lat' dir='ltr'><strong>veritate</strong></span> <span class='ocrx_word' id='word_1_454' title='bbox 2679 2448 3010 2503; x_wconf 87' lang='lat' dir='ltr'><strong>instructum</strong></span> <span class='ocrx_word' id='word_1_455' title='bbox 3043 2463 3101 2501; x_wconf 89' lang='lat' dir='ltr'><strong>se</strong></span> <span class='ocrx_word' id='word_1_456' title='bbox 3134 2461 3259 2501; x_wconf 89' lang='lat' dir='ltr'><strong>esse</strong></span> <span class='ocrx_word' id='word_1_457' title='bbox 3289 2460 3416 2514; x_wconf 80' lang='lat' dir='ltr'><strong>gra-</strong></span> 
     </span>
    </p>
   </div>
   <div class='ocr_carea' id='block_1_69' title="bbox 1837 2537 3410 2611">
    <p class='ocr_par' dir='ltr' id='par_1_69' title="bbox 1837 2537 3410 2611">
     <span class='ocr_line' id='line_1_69' title="bbox 1837 2537 3410 2611; baseline -0.003 -16"><span class='ocrx_word' id='word_1_458' title='bbox 1837 2540 1940 2595; x_wconf 87' lang='lat' dir='ltr'><strong>tias</strong></span> <span class='ocrx_word' id='word_1_459' title='bbox 1992 2541 2125 2611; x_wconf 72' lang='lat' dir='ltr'><strong>egit.</strong></span> <span class='ocrx_word' id='word_1_460' title='bbox 2172 2539 2436 2609; x_wconf 90' lang='lat' dir='ltr'><strong>Superest</strong></span> <span class='ocrx_word' id='word_1_461' title='bbox 2489 2540 2564 2595; x_wconf 82' lang='lat' dir='ltr'><strong>de</strong></span> <span class='ocrx_word' id='word_1_462' title='bbox 2588 2542 2690 2594; x_wconf 83' lang='lat' dir='ltr'><strong>hac</strong></span> <span class='ocrx_word' id='word_1_463' title='bbox 2733 2540 2848 2608; x_wconf 87' lang='lat' dir='ltr'><strong>ipsa</strong></span> <span class='ocrx_word' id='word_1_464' title='bbox 2895 2554 2975 2601; x_wconf 91' lang='lat' dir='ltr'><strong>re,</strong></span> <span class='ocrx_word' id='word_1_465' title='bbox 3021 2539 3150 2606; x_wconf 89' lang='lat' dir='ltr'><strong>quid</strong></span> <span class='ocrx_word' id='word_1_466' title='bbox 3211 2537 3410 2606; x_wconf 75' lang='lat' dir='ltr'><strong>singuli</strong></span> 
     </span>
    </p>
   </div>
   <div class='ocr_carea' id='block_1_70' title="bbox 1836 2630 3412 2703">
    <p class='ocr_par' dir='ltr' id='par_1_70' title="bbox 1836 2630 3412 2703">
     <span class='ocr_line' id='line_1_70' title="bbox 1836 2630 3412 2703; baseline -0.003 -16"><span class='ocrx_word' id='word_1_467' title='bbox 1836 2635 2159 2697; x_wconf 82' lang='lat' dir='ltr'><strong>sentiamus,</strong></span> <span class='ocrx_word' id='word_1_468' title='bbox 2215 2632 2483 2703; x_wconf 80' lang='lat' dir='ltr'><strong>proferre,</strong></span> <span class='ocrx_word' id='word_1_469' title='bbox 2532 2632 2809 2686; x_wconf 89' lang='lat' dir='ltr'><strong>neminem</strong></span> <span class='ocrx_word' id='word_1_470' title='bbox 2853 2630 3183 2699; x_wconf 71' lang='lat' dir='ltr'><strong>judicantes,</strong></span> <span class='ocrx_word' id='word_1_471' title='bbox 3236 2639 3330 2684; x_wconf 88' lang='lat' dir='ltr'><strong>aut</strong></span> <span class='ocrx_word' id='word_1_472' title='bbox 3381 2644 3412 2683; x_wconf 87' lang='lat' dir='ltr'><strong>a</strong></span> 
     </span>
    </p>
   </div>
   <div class='ocr_carea' id='block_1_71' title="bbox 1830 2724 3405 2794">
    <p class='ocr_par' dir='ltr' id='par_1_71' title="bbox 1830 2724 3405 2794">
     <span class='ocr_line' id='line_1_71' title="bbox 1830 2724 3405 2794; baseline 0.001 -18"><span class='ocrx_word' id='word_1_473' title='bbox 1830 2724 1955 2794; x_wconf 85' lang='lat' dir='ltr'><strong>jure</strong></span> <span class='ocrx_word' id='word_1_474' title='bbox 1980 2724 2402 2789; x_wconf 87' lang='lat' dir='ltr'><strong>communionis,</strong></span> <span class='ocrx_word' id='word_1_475' title='bbox 2427 2725 2470 2779; x_wconf 90' lang='lat' dir='ltr'><strong>si</strong></span> <span class='ocrx_word' id='word_1_476' title='bbox 2488 2724 2765 2779; x_wconf 84' lang='lat' dir='ltr'><strong>diversum</strong></span> <span class='ocrx_word' id='word_1_477' title='bbox 2786 2724 3040 2785; x_wconf 87' lang='lat' dir='ltr'><strong>senserit,</strong></span> <span class='ocrx_word' id='word_1_478' title='bbox 3068 2730 3405 2778; x_wconf 85' lang='lat' dir='ltr'><strong>amoventes.</strong></span> 
     </span>
    </p>
   </div>
   <div class='ocr_carea' id='block_1_72' title="bbox 1836 2812 3415 2885">
    <p class='ocr_par' dir='ltr' id='par_1_72' title="bbox 1836 2812 3415 2885">
     <span class='ocr_line' id='line_1_72' title="bbox 1836 2812 3415 2885; baseline -0.001 -19"><span class='ocrx_word' id='word_1_479' title='bbox 1836 2812 2026 2885; x_wconf 87' lang='lat' dir='ltr'><strong>Neque</strong></span> <span class='ocrx_word' id='word_1_480' title='bbox 2083 2816 2231 2869; x_wconf 89' lang='lat' dir='ltr'><strong>enim</strong></span> <span class='ocrx_word' id='word_1_481' title='bbox 2289 2816 2579 2885; x_wconf 88' lang='lat' dir='ltr'><strong>quisquam</strong></span> <span class='ocrx_word' id='word_1_482' title='bbox 2624 2814 2940 2884; x_wconf 86' lang='lat' dir='ltr'><strong>episcopum</strong></span> <span class='ocrx_word' id='word_1_483' title='bbox 2994 2828 3052 2867; x_wconf 88' lang='lat' dir='ltr'><strong>se</strong></span> <span class='ocrx_word' id='word_1_484' title='bbox 3103 2812 3415 2876; x_wconf 89' lang='lat' dir='ltr'><strong>constituit,</strong></span> 
     </span>
    </p>
   </div>
   <div class='ocr_carea' id='block_1_73' title="bbox 1838 2906 3413 2976">
    <p class='ocr_par' dir='ltr' id='par_1_73' title="bbox 1838 2906 3413 2976">
     <span class='ocr_line' id='line_1_73' title="bbox 1838 2906 3413 2976; baseline -0.001 -18"><span class='ocrx_word' id='word_1_485' title='bbox 1838 2914 1933 2959; x_wconf 88' lang='lat' dir='ltr'><strong>aut</strong></span> <span class='ocrx_word' id='word_1_486' title='bbox 1964 2907 2252 2976; x_wconf 88' lang='lat' dir='ltr'><strong>tyrannico</strong></span> <span class='ocrx_word' id='word_1_487' title='bbox 2300 2916 2507 2962; x_wconf 86' lang='lat' dir='ltr'><strong>terrore</strong></span> <span class='ocrx_word' id='word_1_488' title='bbox 2544 2907 2611 2961; x_wconf 86' lang='lat' dir='ltr'><strong>ad</strong></span> <span class='ocrx_word' id='word_1_489' title='bbox 2652 2907 2989 2975; x_wconf 81' lang='lat' dir='ltr'><strong>obsequendi</strong></span> <span class='ocrx_word' id='word_1_490' title='bbox 3032 2906 3413 2960; x_wconf 76' lang='lat' dir='ltr'><strong>necessitatem</strong></span> 
     </span>
    </p>
   </div>
   <div class='ocr_carea' id='block_1_74' title="bbox 1838 2998 3420 3071">
    <p class='ocr_par' dir='ltr' id='par_1_74' title="bbox 1838 2998 3420 3071">
     <span class='ocr_line' id='line_1_74' title="bbox 1838 2998 3420 3071; baseline -0.001 -19"><span class='ocrx_word' id='word_1_491' title='bbox 1838 3001 2194 3069; x_wconf 81' lang='lat' dir='ltr'><strong>coepiscopos</strong></span> <span class='ocrx_word' id='word_1_492' title='bbox 2246 3016 2378 3056; x_wconf 87' lang='lat' dir='ltr'><strong>suos</strong></span> <span class='ocrx_word' id='word_1_493' title='bbox 2448 3002 2663 3071; x_wconf 84' lang='lat' dir='ltr'><strong>adigit,</strong></span> <span class='ocrx_word' id='word_1_494' title='bbox 2725 2999 3163 3069; x_wconf 86' lang='lat' dir='ltr'><strong>quandoquidem</strong></span> <span class='ocrx_word' id='word_1_495' title='bbox 3238 2998 3420 3051; x_wconf 91' lang='lat' dir='ltr'><strong>omnis</strong></span> 
     </span>
    </p>
   </div>
   <div class='ocr_carea' id='block_1_75' title="bbox 1838 3090 3422 3161">
    <p class='ocr_par' dir='ltr' id='par_1_75' title="bbox 1838 3090 3422 3161">
     <span class='ocr_line' id='line_1_75' title="bbox 1838 3090 3422 3161; baseline 0 -19"><span class='ocrx_word' id='word_1_496' title='bbox 1838 3091 2125 3159; x_wconf 88' lang='lat' dir='ltr'><strong>episcopus</strong></span> <span class='ocrx_word' id='word_1_497' title='bbox 2174 3100 2497 3161; x_wconf 86' lang='lat' dir='ltr'><strong>potestatem</strong></span> <span class='ocrx_word' id='word_1_498' title='bbox 2554 3093 2717 3148; x_wconf 87' lang='lat' dir='ltr'><strong>habet</strong></span> <span class='ocrx_word' id='word_1_499' title='bbox 2778 3092 2947 3147; x_wconf 88' lang='lat' dir='ltr'><strong>libere</strong></span> <span class='ocrx_word' id='word_1_500' title='bbox 3014 3090 3246 3145; x_wconf 80' lang='lat' dir='ltr'><strong>faciendi</strong></span> <span class='ocrx_word' id='word_1_501' title='bbox 3302 3105 3422 3159; x_wconf 67' lang='lat' dir='ltr'><strong>quas</strong></span> 
     </span>
    </p>
   </div>
   <div class='ocr_carea' id='block_1_76' title="bbox 1843 3180 3419 3253">
    <p class='ocr_par' dir='ltr' id='par_1_76' title="bbox 1843 3180 3419 3253">
     <span class='ocr_line' id='line_1_76' title="bbox 1843 3180 3419 3253; baseline 0 -19"><span class='ocrx_word' id='word_1_502' title='bbox 1843 3180 2031 3235; x_wconf 89' lang='lat' dir='ltr'><strong>sentit.</strong></span> <span class='ocrx_word' id='word_1_503' title='bbox 2104 3181 2174 3237; x_wconf 89' lang='lat' dir='ltr'><strong>Ut</strong></span> <span class='ocrx_word' id='word_1_504' title='bbox 2211 3183 2326 3253; x_wconf 88' lang='lat' dir='ltr'><strong>ipse</strong></span> <span class='ocrx_word' id='word_1_505' title='bbox 2364 3185 2507 3238; x_wconf 91' lang='lat' dir='ltr'><strong>enim</strong></span> <span class='ocrx_word' id='word_1_506' title='bbox 2554 3184 2721 3239; x_wconf 89' lang='lat' dir='ltr'><strong>alium</strong></span> <span class='ocrx_word' id='word_1_507' title='bbox 2750 3183 3003 3249; x_wconf 82' lang='lat' dir='ltr'><strong>judicare</strong></span> <span class='ocrx_word' id='word_1_508' title='bbox 3054 3198 3162 3237; x_wconf 94' lang='lat' dir='ltr'><strong>non</strong></span> <span class='ocrx_word' id='word_1_509' title='bbox 3220 3192 3419 3250; x_wconf 82' lang='lat' dir='ltr'><strong>potest,</strong></span> 
     </span>
    </p>
   </div>
   <div class='ocr_carea' id='block_1_77' title="bbox 1849 3275 3425 3345">
    <p class='ocr_par' dir='ltr' id='par_1_77' title="bbox 1849 3275 3425 3345">
     <span class='ocr_line' id='line_1_77' title="bbox 1849 3275 3425 3345; baseline -0.001 -15"><span class='ocrx_word' id='word_1_510' title='bbox 1849 3275 1928 3330; x_wconf 89' lang='lat' dir='ltr'><strong>sic</strong></span> <span class='ocrx_word' id='word_1_511' title='bbox 1970 3290 2071 3330; x_wconf 89' lang='lat' dir='ltr'><strong>nec</strong></span> <span class='ocrx_word' id='word_1_512' title='bbox 2122 3276 2189 3329; x_wconf 86' lang='lat' dir='ltr'><strong>ab</strong></span> <span class='ocrx_word' id='word_1_513' title='bbox 2233 3276 2340 3330; x_wconf 91' lang='lat' dir='ltr'><strong>alio</strong></span> <span class='ocrx_word' id='word_1_514' title='bbox 2391 3276 2650 3345; x_wconf 77' lang='lat' dir='ltr'><strong>iudicari.</strong></span> <span class='ocrx_word' id='word_1_515' title='bbox 2701 3277 2836 3329; x_wconf 85' lang='lat' dir='ltr'><strong>Nam</strong></span> <span class='ocrx_word' id='word_1_516' title='bbox 2899 3292 3090 3330; x_wconf 88' lang='lat' dir='ltr'><strong>omnes</strong></span> <span class='ocrx_word' id='word_1_517' title='bbox 3142 3287 3425 3342; x_wconf 81' lang='lat' dir='ltr'><strong>exspecta-</strong></span> 
     </span>
    </p>
   </div>
   <div class='ocr_carea' id='block_1_78' title="bbox 1842 3367 3421 3438">
    <p class='ocr_par' dir='ltr' id='par_1_78' title="bbox 1842 3367 3421 3438">
     <span class='ocr_line' id='line_1_78' title="bbox 1842 3367 3421 3438; baseline 0.001 -17"><span class='ocrx_word' id='word_1_518' title='bbox 1842 3384 1966 3421; x_wconf 74' lang='lat' dir='ltr'><strong>mus</strong></span> <span class='ocrx_word' id='word_1_519' title='bbox 2006 3368 2276 3438; x_wconf 84' lang='lat' dir='ltr'><strong>judicium</strong></span> <span class='ocrx_word' id='word_1_520' title='bbox 2341 3367 2554 3421; x_wconf 88' lang='lat' dir='ltr'><strong>Domini</strong></span> <span class='ocrx_word' id='word_1_521' title='bbox 2605 3370 2777 3422; x_wconf 90' lang='lat' dir='ltr'><strong>nostri</strong></span> <span class='ocrx_word' id='word_1_522' title='bbox 2829 3368 2957 3422; x_wconf 80' lang='lat' dir='ltr'><strong>Jesu</strong></span> <span class='ocrx_word' id='word_1_523' title='bbox 3017 3368 3269 3431; x_wconf 89' lang='lat' dir='ltr'><strong>Christi,</strong></span> <span class='ocrx_word' id='word_1_524' title='bbox 3327 3369 3421 3435; x_wconf 84' lang='lat' dir='ltr'><strong>qui</strong></span> 
     </span>
    </p>
   </div>
   <div class='ocr_carea' id='block_1_79' title="bbox 1839 3459 3417 3529">
    <p class='ocr_par' dir='ltr' id='par_1_79' title="bbox 1839 3459 3417 3529">
     <span class='ocr_line' id='line_1_79' title="bbox 1839 3459 3417 3529; baseline -0.001 -15"><span class='ocrx_word' id='word_1_525' title='bbox 1839 3462 1993 3515; x_wconf 90' lang='lat' dir='ltr'><strong>solus</strong></span> <span class='ocrx_word' id='word_1_526' title='bbox 2053 3467 2376 3526; x_wconf 88' lang='lat' dir='ltr'><strong>potestatem</strong></span> <span class='ocrx_word' id='word_1_527' title='bbox 2419 3459 2583 3513; x_wconf 87' lang='lat' dir='ltr'><strong>habet</strong></span> <span class='ocrx_word' id='word_1_528' title='bbox 2612 3459 2663 3511; x_wconf 93' lang='lat' dir='ltr'><strong>iu</strong></span> <span class='ocrx_word' id='word_1_529' title='bbox 2694 3459 2934 3514; x_wconf 69' lang='lat' dir='ltr'><strong>Ecclesia</strong></span> <span class='ocrx_word' id='word_1_530' title='bbox 2968 3474 3067 3513; x_wconf 89' lang='lat' dir='ltr'><strong>sua</strong></span> <span class='ocrx_word' id='word_1_531' title='bbox 3100 3462 3417 3529; x_wconf 88' lang='lat' dir='ltr'><strong>episcopum</strong></span> 
     </span>
    </p>
   </div>
   <div class='ocr_carea' id='block_1_80' title="bbox 1841 3552 3423 3623">
    <p class='ocr_par' dir='ltr' id='par_1_80' title="bbox 1841 3552 3423 3623">
     <span class='ocr_line' id='line_1_80' title="bbox 1841 3552 3423 3623; baseline -0.001 -15"><span class='ocrx_word' id='word_1_532' title='bbox 1841 3553 2241 3619; x_wconf 85' lang='lat' dir='ltr'><strong>constituendi,</strong></span> <span class='ocrx_word' id='word_1_533' title='bbox 2271 3560 2324 3607; x_wconf 89' lang='lat' dir='ltr'><strong>et</strong></span> <span class='ocrx_word' id='word_1_534' title='bbox 2353 3559 2473 3606; x_wconf 82' lang='lat' dir='ltr'><strong>acta</strong></span> <span class='ocrx_word' id='word_1_535' title='bbox 2501 3552 2942 3623; x_wconf 88' lang='lat' dir='ltr'><strong>uniuscujusque</strong></span> <span class='ocrx_word' id='word_1_536' title='bbox 2988 3554 3338 3607; x_wconf 78' lang='lat' dir='ltr'><strong>examinandi</strong></span> <span class='ocrx_word' id='word_1_537' title='bbox 3368 3560 3423 3607; x_wconf 75' lang='lat' dir='ltr'><strong>at</strong></span> 
     </span>
    </p>
   </div>
   <div class='ocr_carea' id='block_1_81' title="bbox 1836 3643 2138 3712">
    <p class='ocr_par' dir='ltr' id='par_1_81' title="bbox 1836 3643 2138 3712">
     <span class='ocr_line' id='line_1_81' title="bbox 1836 3643 2138 3712; baseline 0.003 -13"><span class='ocrx_word' id='word_1_538' title='bbox 1836 3643 2138 3712; x_wconf 74' lang='lat' dir='ltr'><strong>iudicandi.</strong></span> 
     </span>
    </p>
   </div>
   <div class='ocr_carea' id='block_1_82' title="bbox 2240 3825 2994 3882">
    <p class='ocr_par' dir='ltr' id='par_1_82' title="bbox 2240 3825 2994 3882">
     <span class='ocr_line' id='line_1_82' title="bbox 2240 3825 2994 3882; baseline -0.007 0"><span class='ocrx_word' id='word_1_539' title='bbox 2240 3825 2483 3882; x_wconf 72' lang='lat' dir='ltr'><strong>chilius</strong></span> <span class='ocrx_word' id='word_1_540' title='bbox 2502 3825 2807 3879; x_wconf 74' lang='lat' dir='ltr'><strong>Liberarius</strong></span> <span class='ocrx_word' id='word_1_541' title='bbox 2838 3825 2994 3879; x_wconf 73' lang='lat' dir='ltr'><strong>diail.</strong></span> 
     </span>
    </p>
   </div>
   <div class='ocr_carea' id='block_1_83' title="bbox 1912 3919 3422 3990">
    <p class='ocr_par' dir='ltr' id='par_1_83' title="bbox 1912 3919 3422 3990">
     <span class='ocr_line' id='line_1_83' title="bbox 1912 3919 3422 3990; baseline -0.001 -18"><span class='ocrx_word' id='word_1_542' title='bbox 1912 3919 2026 3990; x_wconf 78' lang='lat' dir='ltr'><strong>Ego</strong></span> <span class='ocrx_word' id='word_1_543' title='bbox 2074 3933 2242 3973; x_wconf 89' lang='lat' dir='ltr'><strong>unum</strong></span> <span class='ocrx_word' id='word_1_544' title='bbox 2307 3921 2579 3989; x_wconf 83' lang='lat' dir='ltr'><strong>baptisma</strong></span> <span class='ocrx_word' id='word_1_545' title='bbox 2629 3921 2680 3972; x_wconf 93' lang='lat' dir='ltr'><strong>in</strong></span> <span class='ocrx_word' id='word_1_546' title='bbox 2730 3919 2976 3975; x_wconf 83' lang='lat' dir='ltr'><strong>Ecclesia</strong></span> <span class='ocrx_word' id='word_1_547' title='bbox 3013 3919 3127 3973; x_wconf 83' lang='lat' dir='ltr'><strong>sola</strong></span> <span class='ocrx_word' id='word_1_548' title='bbox 3171 3919 3327 3981; x_wconf 79' lang='lat' dir='ltr'><strong>scio,</strong></span> <span class='ocrx_word' id='word_1_549' title='bbox 3367 3926 3422 3971; x_wconf 81' lang='lat' dir='ltr'><strong>et</strong></span> 
     </span>
    </p>
   </div>
   <div class='ocr_carea' id='block_1_84' title="bbox 1837 4003 3423 4064">
    <p class='ocr_par' dir='ltr' id='par_1_84' title="bbox 1837 4003 3423 4064">
     <span class='ocr_line' id='line_1_84' title="bbox 1837 4003 3423 4064; baseline -0.003 -1"><span class='ocrx_word' id='word_1_550' title='bbox 1837 4020 1987 4063; x_wconf 76' lang='lat' dir='ltr'><strong>extra</strong></span> <span class='ocrx_word' id='word_1_551' title='bbox 2042 4008 2343 4064; x_wconf 81' lang='lat' dir='ltr'><strong>Ecclesiam</strong></span> <span class='ocrx_word' id='word_1_552' title='bbox 2394 4008 2604 4061; x_wconf 89' lang='lat' dir='ltr'><strong>uullibi.</strong></span> <span class='ocrx_word' id='word_1_553' title='bbox 2646 4006 2719 4060; x_wconf 92' lang='lat' dir='ltr'><strong>lbi</strong></span> <span class='ocrx_word' id='word_1_554' title='bbox 2763 4010 2909 4060; x_wconf 86' lang='lat' dir='ltr'><strong>enim</strong></span> <span class='ocrx_word' id='word_1_555' title='bbox 2967 4015 3050 4059; x_wconf 88' lang='lat' dir='ltr'><strong>est</strong></span> <span class='ocrx_word' id='word_1_556' title='bbox 3096 4008 3264 4058; x_wconf 83' lang='lat' dir='ltr'><strong>unum</strong></span> <span class='ocrx_word' id='word_1_557' title='bbox 3312 4003 3423 4058; x_wconf 86' lang='lat' dir='ltr'><strong>ba-</strong></span> 
     </span>
    </p>
   </div>
   <div class='ocr_carea' id='block_1_85' title="bbox 1839 4096 3421 4170">
    <p class='ocr_par' dir='ltr' id='par_1_85' title="bbox 1839 4096 3421 4170">
     <span class='ocr_line' id='line_1_85' title="bbox 1839 4096 3421 4170; baseline -0.003 -16"><span class='ocrx_word' id='word_1_558' title='bbox 1839 4102 2062 4170; x_wconf 88' lang='lat' dir='ltr'><strong>ptisma,</strong></span> <span class='ocrx_word' id='word_1_559' title='bbox 2128 4100 2220 4153; x_wconf 89' lang='lat' dir='ltr'><strong>ubi</strong></span> <span class='ocrx_word' id='word_1_560' title='bbox 2270 4115 2395 4169; x_wconf 88' lang='lat' dir='ltr'><strong>spes</strong></span> <span class='ocrx_word' id='word_1_561' title='bbox 2449 4114 2573 4154; x_wconf 85' lang='lat' dir='ltr'><strong>vera</strong></span> <span class='ocrx_word' id='word_1_562' title='bbox 2632 4105 2686 4153; x_wconf 90' lang='lat' dir='ltr'><strong>et</strong></span> <span class='ocrx_word' id='word_1_563' title='bbox 2730 4098 2863 4153; x_wconf 90' lang='lat' dir='ltr'><strong>ﬁdes</strong></span> <span class='ocrx_word' id='word_1_564' title='bbox 2904 4106 3076 4151; x_wconf 89' lang='lat' dir='ltr'><strong>certa.</strong></span> <span class='ocrx_word' id='word_1_565' title='bbox 3137 4096 3228 4150; x_wconf 86' lang='lat' dir='ltr'><strong>Sic</strong></span> <span class='ocrx_word' id='word_1_566' title='bbox 3276 4096 3421 4149; x_wconf 89' lang='lat' dir='ltr'><strong>enim</strong></span> 
     </span>
    </p>
   </div>
   <div class='ocr_carea' id='block_1_86' title="bbox 1838 4188 3423 4263">
    <p class='ocr_par' dir='ltr' id='par_1_86' title="bbox 1838 4188 3423 4263">
     <span class='ocr_line' id='line_1_86' title="bbox 1838 4188 3423 4263; baseline -0.004 -14"><span class='ocrx_word' id='word_1_567' title='bbox 1838 4195 2101 4263; x_wconf 84' lang='lat' dir='ltr'><strong>scriptum</strong></span> <span class='ocrx_word' id='word_1_568' title='bbox 2121 4202 2237 4247; x_wconf 86' lang='lat' dir='ltr'><strong>est:</strong></span> <span class='ocrx_word' id='word_1_569' title='bbox 2263 4190 2555 4261; x_wconf 74' lang='lat' dir='ltr'><strong>Unajﬁdes,</strong></span> <span class='ocrx_word' id='word_1_570' title='bbox 2576 4208 2740 4243; x_wconf 85' lang='lat' dir='ltr'><strong>unum</strong></span> <span class='ocrx_word' id='word_1_571' title='bbox 2765 4190 3027 4259; x_wconf 75' lang='lat' dir='ltr'><strong>baptisma</strong></span> <span class='ocrx_word' id='word_1_572' title='bbox 3045 4190 3113 4242; x_wconf 82' lang='lat'><strong>&quot;.</strong></span> <span class='ocrx_word' id='word_1_573' title='bbox 3135 4188 3252 4243; x_wconf 83' lang='lat' dir='ltr'><strong>Non</strong></span> <span class='ocrx_word' id='word_1_574' title='bbox 3277 4189 3423 4242; x_wconf 86' lang='lat' dir='ltr'><strong>enim</strong></span> 
     </span>
    </p>
   </div>
   <div class='ocr_carea' id='block_1_87' title="bbox 1839 4282 3421 4357">
    <p class='ocr_par' dir='ltr' id='par_1_87' title="bbox 1839 4282 3421 4357">
     <span class='ocr_line' id='line_1_87' title="bbox 1839 4282 3421 4357; baseline -0.005 -14"><span class='ocrx_word' id='word_1_575' title='bbox 1839 4288 1984 4357; x_wconf 88' lang='lat' dir='ltr'><strong>apud</strong></span> <span class='ocrx_word' id='word_1_576' title='bbox 2018 4286 2328 4349; x_wconf 67' lang='lat' dir='ltr'><strong>haereticos,</strong></span> <span class='ocrx_word' id='word_1_577' title='bbox 2379 4285 2469 4337; x_wconf 91' lang='lat' dir='ltr'><strong>ubi</strong></span> <span class='ocrx_word' id='word_1_578' title='bbox 2503 4299 2630 4353; x_wconf 89' lang='lat' dir='ltr'><strong>spes</strong></span> <span class='ocrx_word' id='word_1_579' title='bbox 2663 4284 2814 4336; x_wconf 89' lang='lat' dir='ltr'><strong>nulla</strong></span> <span class='ocrx_word' id='word_1_580' title='bbox 2846 4290 2950 4347; x_wconf 87' lang='lat' dir='ltr'><strong>est,</strong></span> <span class='ocrx_word' id='word_1_581' title='bbox 2987 4290 3042 4336; x_wconf 93' lang='lat' dir='ltr'><strong>et</strong></span> <span class='ocrx_word' id='word_1_582' title='bbox 3079 4282 3212 4337; x_wconf 88' lang='lat' dir='ltr'><strong>ﬁdes</strong></span> <span class='ocrx_word' id='word_1_583' title='bbox 3255 4282 3421 4340; x_wconf 79' lang='lat' dir='ltr'><strong>falsa:</strong></span> 
     </span>
    </p>
   </div>
   <div class='ocr_carea' id='block_1_88' title="bbox 1837 4375 3429 4446">
    <p class='ocr_par' dir='ltr' id='par_1_88' title="bbox 1837 4375 3429 4446">
     <span class='ocr_line' id='line_1_88' title="bbox 1837 4375 3429 4446; baseline -0.005 -12"><span class='ocrx_word' id='word_1_584' title='bbox 1837 4379 1932 4435; x_wconf 90' lang='lat' dir='ltr'><strong>ubi</strong></span> <span class='ocrx_word' id='word_1_585' title='bbox 1980 4379 2165 4433; x_wconf 90' lang='lat' dir='ltr'><strong>omnia</strong></span> <span class='ocrx_word' id='word_1_586' title='bbox 2214 4392 2310 4446; x_wconf 80' lang='lat' dir='ltr'><strong>per</strong></span> <span class='ocrx_word' id='word_1_587' title='bbox 2350 4376 2695 4431; x_wconf 90' lang='lat' dir='ltr'><strong>mendacium</strong></span> <span class='ocrx_word' id='word_1_588' title='bbox 2749 4382 2989 4441; x_wconf 84' lang='lat' dir='ltr'><strong>aguntur</strong></span> <span class='ocrx_word' id='word_1_589' title='bbox 3020 4414 3034 4437; x_wconf 92' lang='lat'><strong>,</strong></span> <span class='ocrx_word' id='word_1_590' title='bbox 3080 4375 3169 4429; x_wconf 85' lang='lat' dir='ltr'><strong>ubi</strong></span> <span class='ocrx_word' id='word_1_591' title='bbox 3212 4375 3429 4428; x_wconf 81' lang='lat' dir='ltr'><strong>exorci-</strong></span> 
     </span>
    </p>
   </div>
   <div class='ocr_carea' id='block_1_89' title="bbox 1840 4468 3424 4536">
    <p class='ocr_par' dir='ltr' id='par_1_89' title="bbox 1840 4468 3424 4536">
     <span class='ocr_line' id='line_1_89' title="bbox 1840 4468 3424 4536; baseline -0.004 -8"><span class='ocrx_word' id='word_1_592' title='bbox 1840 4482 1927 4528; x_wconf 86' lang='lat' dir='ltr'><strong>zat</strong></span> <span class='ocrx_word' id='word_1_593' title='bbox 1952 4473 2344 4533; x_wconf 66' lang='lat' dir='ltr'><strong>daamoniacus,</strong></span> <span class='ocrx_word' id='word_1_594' title='bbox 2378 4478 2783 4526; x_wconf 87' lang='lat' dir='ltr'><strong>sacramentum</strong></span> <span class='ocrx_word' id='word_1_595' title='bbox 2818 4468 3137 4536; x_wconf 82' lang='lat' dir='ltr'><strong>interrogat,</strong></span> <span class='ocrx_word' id='word_1_596' title='bbox 3178 4469 3335 4533; x_wconf 90' lang='lat' dir='ltr'><strong>cujus</strong></span> <span class='ocrx_word' id='word_1_597' title='bbox 3362 4484 3424 4522; x_wconf 83' lang='lat' dir='ltr'><strong>os</strong></span> 
     </span>
    </p>
   </div>
   <div class='ocr_carea' id='block_1_90' title="bbox 119 4558 1732 4649">
    <p class='ocr_par' dir='ltr' id='par_1_90' title="bbox 119 4559 1732 4631">
     <span class='ocr_line' id='line_1_90' title="bbox 119 4559 1732 4631; baseline 0.004 -19"><span class='ocrx_word' id='word_1_598' title='bbox 119 4560 328 4628; x_wconf 80' lang='grc' dir='ltr'><strong>στόμα</strong></span> <span class='ocrx_word' id='word_1_599' title='bbox 361 4559 603 4631; x_wconf 83' lang='grc' dir='ltr'><strong>λοιμώδη</strong></span> <span class='ocrx_word' id='word_1_600' title='bbox 637 4563 732 4613; x_wconf 76' lang='grc' dir='ltr'><strong>καὶ</strong></span> <span class='ocrx_word' id='word_1_601' title='bbox 755 4560 885 4631; x_wconf 86' lang='grc' dir='ltr'><strong>ίώδη</strong></span> <span class='ocrx_word' id='word_1_602' title='bbox 918 4560 1218 4629; x_wconf 81' lang='grc' dir='ltr'><strong>φθέγγεται</strong></span> <span class='ocrx_word' id='word_1_603' title='bbox 1256 4578 1269 4592; x_wconf 73' lang='grc' dir='ltr'><strong><em>ο</em></strong></span> <span class='ocrx_word' id='word_1_604' title='bbox 1302 4563 1490 4617; x_wconf 88' lang='grc' dir='ltr'><strong>πίστιν</strong></span> <span class='ocrx_word' id='word_1_605' title='bbox 1546 4564 1603 4616; x_wconf 90' lang='grc' dir='ltr'><strong>δέ</strong></span> <span class='ocrx_word' id='word_1_606' title='bbox 1657 4564 1732 4618; x_wconf 87' lang='grc' dir='ltr'><strong>δί-</strong></span> 
     </span>
    </p>
   </div>
   <div class='ocr_carea' id='block_1_91' title="bbox 1836 4558 3429 4649">
    <p class='ocr_par' dir='ltr' id='par_1_91' title="bbox 1842 4558 3429 4634">
     <span class='ocr_line' id='line_1_91' title="bbox 1842 4558 3429 4634; baseline -0.006 -16"><span class='ocrx_word' id='word_1_607' title='bbox 1842 4563 2155 4634; x_wconf 84' lang='lat' dir='ltr'><strong>pestilentia</strong></span> <span class='ocrx_word' id='word_1_608' title='bbox 2184 4570 2239 4616; x_wconf 91' lang='lat' dir='ltr'><strong>et</strong></span> <span class='ocrx_word' id='word_1_609' title='bbox 2278 4574 2555 4615; x_wconf 83' lang='lat' dir='ltr'><strong>venenosa</strong></span> <span class='ocrx_word' id='word_1_610' title='bbox 2602 4566 2814 4613; x_wconf 85' lang='lat' dir='ltr'><strong>eructat</strong></span> <span class='ocrx_word' id='word_1_611' title='bbox 2847 4576 2860 4611; x_wconf 89' lang='lat'>:</span> <span class='ocrx_word' id='word_1_612' title='bbox 2925 4558 3084 4613; x_wconf 87' lang='lat' dir='ltr'><strong>ﬁdem</strong></span> <span class='ocrx_word' id='word_1_613' title='bbox 3117 4568 3299 4611; x_wconf 83' lang='lat' dir='ltr'><strong>autem</strong></span> <span class='ocrx_word' id='word_1_614' title='bbox 3336 4558 3429 4610; x_wconf 83' lang='lat' dir='ltr'><strong>dat</strong></span> 
     </span>
    </p>
   </div>
   <div class='ocr_carea' id='block_1_92' title="bbox 111 4652 1734 4729">
    <p class='ocr_par' dir='ltr' id='par_1_92' title="bbox 111 4652 1734 4729">
     <span class='ocr_line' id='line_1_92' title="bbox 111 4652 1734 4729; baseline 0.004 -24"><span class='ocrx_word' id='word_1_615' title='bbox 111 4655 310 4705; x_wconf 80' lang='grc' dir='ltr'><strong>δωσιν</strong></span> <span class='ocrx_word' id='word_1_616' title='bbox 336 4652 587 4715; x_wconf 75' lang='grc' dir='ltr'><strong>ἄπιστος,</strong></span> <span class='ocrx_word' id='word_1_617' title='bbox 613 4652 807 4721; x_wconf 79' lang='grc' dir='ltr'><strong>ἄφεσιν</strong></span> <span class='ocrx_word' id='word_1_618' title='bbox 855 4654 1143 4724; x_wconf 84' lang='grc' dir='ltr'><strong>ἁμαρτιῶν</strong></span> <span class='ocrx_word' id='word_1_619' title='bbox 1182 4658 1414 4726; x_wconf 83' lang='grc' dir='ltr'><strong>παρέχει</strong></span> <span class='ocrx_word' id='word_1_620' title='bbox 1466 4658 1734 4729; x_wconf 84' lang='grc' dir='ltr'><strong>ἀμαρτω-</strong></span> 
     </span>
    </p>
   </div>
   <div class='ocr_carea' id='block_1_93' title="bbox 109 4743 1731 4820">
    <p class='ocr_par' dir='ltr' id='par_1_93' title="bbox 109 4743 1731 4820">
     <span class='ocr_line' id='line_1_93' title="bbox 109 4743 1731 4820; baseline 0.005 -25"><span class='ocrx_word' id='word_1_621' title='bbox 109 4743 257 4807; x_wconf 84' lang='grc' dir='ltr'><strong>λδς,</strong></span> <span class='ocrx_word' id='word_1_622' title='bbox 282 4743 377 4795; x_wconf 76' lang='grc' dir='ltr'><strong>καὶ</strong></span> <span class='ocrx_word' id='word_1_623' title='bbox 411 4745 491 4804; x_wconf 83' lang='grc' dir='ltr'><strong>είς</strong></span> <span class='ocrx_word' id='word_1_624' title='bbox 531 4743 704 4814; x_wconf 78' lang='grc' dir='ltr'><strong>ὄνομα</strong></span> <span class='ocrx_word' id='word_1_625' title='bbox 732 4745 972 4814; x_wconf 83' lang='grc' dir='ltr'><strong>Χριστοῦ</strong></span> <span class='ocrx_word' id='word_1_626' title='bbox 1005 4746 1298 4816; x_wconf 79' lang='grc' dir='ltr'><strong>βασπτίζει</strong></span> <span class='ocrx_word' id='word_1_627' title='bbox 1360 4749 1731 4820; x_wconf 88' lang='grc' dir='ltr'><strong>ἀντίχριστος,</strong></span> 
     </span>
    </p>
   </div>
   <div class='ocr_carea' id='block_1_94' title="bbox 112 4836 1730 4914">
    <p class='ocr_par' dir='ltr' id='par_1_94' title="bbox 112 4836 1730 4914">
     <span class='ocr_line' id='line_1_94' title="bbox 112 4836 1730 4914; baseline 0.003 -25"><span class='ocrx_word' id='word_1_628' title='bbox 112 4838 496 4905; x_wconf 82' lang='grc' dir='ltr'><strong>ὑπισχνεῖται</strong></span> <span class='ocrx_word' id='word_1_629' title='bbox 518 4836 665 4908; x_wconf 83' lang='grc' dir='ltr'><strong>ζωὴν</strong></span> <span class='ocrx_word' id='word_1_630' title='bbox 689 4839 906 4910; x_wconf 71' lang='grc' dir='ltr'><strong>νεκρὸς,</strong></span> <span class='ocrx_word' id='word_1_631' title='bbox 947 4841 1175 4911; x_wconf 80' lang='grc' dir='ltr'><strong>εἰρήνην</strong></span> <span class='ocrx_word' id='word_1_632' title='bbox 1226 4842 1449 4897; x_wconf 89' lang='grc' dir='ltr'><strong>δίδωσιν</strong></span> <span class='ocrx_word' id='word_1_633' title='bbox 1499 4844 1730 4914; x_wconf 76' lang='grc' dir='ltr'><strong>εἰρήνης</strong></span> 
     </span>
    </p>
   </div>
   <div class='ocr_carea' id='block_1_95' title="bbox 107 4924 1731 5006">
    <p class='ocr_par' dir='ltr' id='par_1_95' title="bbox 107 4924 1731 5006">
     <span class='ocr_line' id='line_1_95' title="bbox 107 4924 1731 5006; baseline 0.002 -25"><span class='ocrx_word' id='word_1_634' title='bbox 107 4924 454 4995; x_wconf 80' lang='grc' dir='ltr'><strong>ἀλλότριος,</strong></span> <span class='ocrx_word' id='word_1_635' title='bbox 486 4928 622 4982; x_wconf 82' lang='grc' dir='ltr'><strong>Θεὸν</strong></span> <span class='ocrx_word' id='word_1_636' title='bbox 670 4931 1009 4985; x_wconf 79' lang='grc' dir='ltr'><strong>ἐπικαλεῖται</strong></span> <span class='ocrx_word' id='word_1_637' title='bbox 1065 4930 1419 5004; x_wconf 81' lang='grc' dir='ltr'><strong>βλάσφημος,</strong></span> <span class='ocrx_word' id='word_1_638' title='bbox 1482 4933 1731 5006; x_wconf 78' lang='grc' dir='ltr'><strong>ἱερατείᾳ</strong></span> 
     </span>
    </p>
   </div>
   <div class='ocr_carea' id='block_1_96' title="bbox 110 5017 1735 5096">
    <p class='ocr_par' dir='ltr' id='par_1_96' title="bbox 110 5017 1735 5096">
     <span class='ocr_line' id='line_1_96' title="bbox 110 5017 1735 5096; baseline 0.005 -25"><span class='ocrx_word' id='word_1_639' title='bbox 110 5017 419 5088; x_wconf 82' lang='grc' dir='ltr'><strong>κέχρηται</strong></span> <span class='ocrx_word' id='word_1_640' title='bbox 445 5018 673 5090; x_wconf 89' lang='grc' dir='ltr'><strong>ἀσεϐής.</strong></span> <span class='ocrx_word' id='word_1_641' title='bbox 702 5022 767 5075; x_wconf 81' lang='grc' dir='ltr'><strong>Οί</strong></span> <span class='ocrx_word' id='word_1_642' title='bbox 797 5023 983 5083; x_wconf 87' lang='grc' dir='ltr'><strong>αὐτοῖς</strong></span> <span class='ocrx_word' id='word_1_643' title='bbox 1036 5025 1463 5096; x_wconf 83' lang='grc' dir='ltr'><strong>συνηγοροῦντες</strong></span> <span class='ocrx_word' id='word_1_644' title='bbox 1490 5027 1735 5079; x_wconf 74' lang='grc' dir='ltr'><strong>εἰπάτω-</strong></span> 
     </span>
    </p>
   </div>
   <div class='ocr_carea' id='block_1_97' title="bbox 112 5112 1734 5191">
    <p class='ocr_par' dir='ltr' id='par_1_97' title="bbox 112 5112 1734 5191">
     <span class='ocr_line' id='line_1_97' title="bbox 112 5112 1734 5191; baseline 0.006 -25"><span class='ocrx_word' id='word_1_645' title='bbox 112 5131 245 5166; x_wconf 83' lang='grc' dir='ltr'><strong>σαν</strong></span> <span class='ocrx_word' id='word_1_646' title='bbox 269 5114 445 5167; x_wconf 91' lang='grc' dir='ltr'><strong>ταῦτα</strong></span> <span class='ocrx_word' id='word_1_647' title='bbox 487 5114 668 5170; x_wconf 84' lang='grc' dir='ltr'><strong>πάντα</strong></span> <span class='ocrx_word' id='word_1_648' title='bbox 705 5116 879 5187; x_wconf 80' lang='grc' dir='ltr'>ψευδῆ</span> <span class='ocrx_word' id='word_1_649' title='bbox 896 5112 1039 5173; x_wconf 70' lang='grc' dir='ltr'><strong>εἶναι</strong></span> <span class='ocrx_word' id='word_1_650' title='bbox 1071 5120 1205 5189; x_wconf 73' lang='grc' dir='ltr'><strong>περὶ</strong></span> <span class='ocrx_word' id='word_1_651' title='bbox 1273 5120 1382 5173; x_wconf 86' lang='grc' dir='ltr'><strong>τῶν</strong></span> <span class='ocrx_word' id='word_1_652' title='bbox 1410 5121 1734 5191; x_wconf 77' lang='grc' dir='ltr'><strong>αἱρετικῶν.</strong></span> 
     </span>
    </p>
   </div>
   <div class='ocr_carea' id='block_1_98' title="bbox 131 5205 1727 5283">
    <p class='ocr_par' dir='ltr' id='par_1_98' title="bbox 131 5205 1727 5283">
     <span class='ocr_line' id='line_1_98' title="bbox 131 5205 1727 5283; baseline 0.006 -28"><span class='ocrx_word' id='word_1_653' title='bbox 131 5205 298 5256; x_wconf 79' lang='grc' dir='ltr'><strong>Ἰδοὺ</strong></span> <span class='ocrx_word' id='word_1_654' title='bbox 327 5205 471 5259; x_wconf 89' lang='grc' dir='ltr'><strong>τίσιν</strong></span> <span class='ocrx_word' id='word_1_655' title='bbox 503 5208 876 5277; x_wconf 79' lang='grc' dir='ltr'><strong>ἀναγκάζεται</strong></span> <span class='ocrx_word' id='word_1_656' title='bbox 904 5215 937 5283; x_wconf 91' lang='grc' dir='ltr'><strong>ή</strong></span> <span class='ocrx_word' id='word_1_657' title='bbox 1004 5211 1307 5280; x_wconf 84' lang='grc' dir='ltr'><strong>Ἐκκλησία</strong></span> <span class='ocrx_word' id='word_1_658' title='bbox 1362 5213 1727 5277; x_wconf 86' lang='grc' dir='ltr'><strong>συνευδοκεῖν,</strong></span> 
     </span>
    </p>
   </div>
   <div class='ocr_carea' id='block_1_99' title="bbox 110 5298 1737 5375">
    <p class='ocr_par' dir='ltr' id='par_1_99' title="bbox 110 5298 1737 5375">
     <span class='ocr_line' id='line_1_99' title="bbox 110 5298 1737 5375; baseline 0.006 -25"><span class='ocrx_word' id='word_1_659' title='bbox 110 5299 235 5350; x_wconf 81' lang='grc' dir='ltr'><strong>ἵνα</strong></span> <span class='ocrx_word' id='word_1_660' title='bbox 292 5299 460 5366; x_wconf 74' lang='grc' dir='ltr'><strong>χωρὶς</strong></span> <span class='ocrx_word' id='word_1_661' title='bbox 517 5298 899 5371; x_wconf 88' lang='grc' dir='ltr'><strong>βαπτίσματος</strong></span> <span class='ocrx_word' id='word_1_662' title='bbox 956 5306 1053 5359; x_wconf 75' lang='grc' dir='ltr'><strong>καὶ</strong></span> <span class='ocrx_word' id='word_1_663' title='bbox 1124 5307 1377 5373; x_wconf 65' lang='grc' dir='ltr'><strong>ἀφέσεως</strong></span> <span class='ocrx_word' id='word_1_664' title='bbox 1447 5304 1737 5375; x_wconf 79' lang='grc' dir='ltr'><strong>ἁμαρτιῶν</strong></span> 
     </span>
    </p>
   </div>
   <div class='ocr_carea' id='block_1_100' title="bbox 110 5387 1739 5467">
    <p class='ocr_par' dir='ltr' id='par_1_100' title="bbox 110 5387 1739 5467">
     <span class='ocr_line' id='line_1_100' title="bbox 110 5387 1739 5467; baseline 0.006 -25"><span class='ocrx_word' id='word_1_665' title='bbox 110 5387 414 5453; x_wconf 81' lang='grc' dir='ltr'><strong>τοιούτοις</strong></span> <span class='ocrx_word' id='word_1_666' title='bbox 445 5395 885 5467; x_wconf 83' lang='grc' dir='ltr'><strong>συγκοινωνήσῃ.</strong></span> <span class='ocrx_word' id='word_1_667' title='bbox 942 5398 1128 5461; x_wconf 87' lang='grc' dir='ltr'><strong>Ὅθεν,</strong></span> <span class='ocrx_word' id='word_1_668' title='bbox 1193 5397 1438 5467; x_wconf 78' lang='grc' dir='ltr'><strong>ἀδελφοὶ,</strong></span> <span class='ocrx_word' id='word_1_669' title='bbox 1511 5397 1739 5467; x_wconf 86' lang='grc' dir='ltr'><strong>φεύγειν</strong></span> 
     </span>
    </p>
   </div>
   <div class='ocr_carea' id='block_1_101' title="bbox 114 5482 1738 5561">
    <p class='ocr_par' dir='ltr' id='par_1_101' title="bbox 114 5482 1738 5561">
     <span class='ocr_line' id='line_1_101' title="bbox 114 5482 1738 5561; baseline 0.004 -25"><span class='ocrx_word' id='word_1_670' title='bbox 114 5482 246 5536; x_wconf 78' lang='grc' dir='ltr'><strong>καὶ</strong></span> <span class='ocrx_word' id='word_1_671' title='bbox 304 5483 579 5537; x_wconf 86' lang='grc' dir='ltr'><strong>ἐκκλίνειν</strong></span> <span class='ocrx_word' id='word_1_672' title='bbox 605 5485 921 5559; x_wconf 75' lang='grc' dir='ltr'><strong>ὀφείλομεν,</strong></span> <span class='ocrx_word' id='word_1_673' title='bbox 950 5492 1046 5545; x_wconf 76' lang='grc' dir='ltr'><strong>καὶ</strong></span> <span class='ocrx_word' id='word_1_674' title='bbox 1066 5492 1330 5561; x_wconf 78' lang='grc' dir='ltr'><strong>χωρίζειν</strong></span> <span class='ocrx_word' id='word_1_675' title='bbox 1353 5491 1586 5555; x_wconf 78' lang='grc' dir='ltr'><strong>ἑαυτοὺς</strong></span> <span class='ocrx_word' id='word_1_676' title='bbox 1628 5492 1738 5544; x_wconf 81' lang='grc' dir='ltr'><strong>ἀπὸ</strong></span> 
     </span>
    </p>
   </div>
   <div class='ocr_carea' id='block_1_102' title="bbox 105 5572 1742 5653">
    <p class='ocr_par' dir='ltr' id='par_1_102' title="bbox 105 5572 1742 5653">
     <span class='ocr_line' id='line_1_102' title="bbox 105 5572 1742 5653; baseline 0.005 -26"><span class='ocrx_word' id='word_1_677' title='bbox 105 5572 414 5627; x_wconf 81' lang='grc' dir='ltr'><strong>τοιούτων</strong></span> <span class='ocrx_word' id='word_1_678' title='bbox 473 5574 994 5650; x_wconf 81' lang='grc' dir='ltr'><strong>πλημμελημάτων,</strong></span> <span class='ocrx_word' id='word_1_679' title='bbox 1022 5584 1115 5636; x_wconf 79' lang='grc' dir='ltr'><strong>καὶ</strong></span> <span class='ocrx_word' id='word_1_680' title='bbox 1144 5581 1204 5635; x_wconf 83' lang='grc' dir='ltr'><strong>ἐν</strong></span> <span class='ocrx_word' id='word_1_681' title='bbox 1264 5582 1551 5653; x_wconf 75' lang='grc' dir='ltr'><strong>βάπτισμα</strong></span> <span class='ocrx_word' id='word_1_682' title='bbox 1578 5582 1742 5637; x_wconf 85' lang='grc' dir='ltr'><strong>κατέ-</strong></span> 
     </span>
    </p>
   </div>
   <div class='ocr_carea' id='block_1_103' title="bbox 106 5663 1738 5812">
    <p class='ocr_par' dir='ltr' id='par_1_103' title="bbox 106 5663 1738 5812">
     <span class='ocr_line' id='line_1_103' title="bbox 106 5663 1738 5812; baseline 0.014 -98"><span class='ocrx_word' id='word_1_683' title='bbox 106 5682 269 5812; x_wconf 57' lang='grc' dir='ltr'><strong>χῐιν</strong></span> <span class='ocrx_word' id='word_1_684' title='bbox 301 5663 365 5719; x_wconf 78' lang='grc' dir='ltr'><strong>τὸ</strong></span> <span class='ocrx_word' id='word_1_685' title='bbox 420 5667 587 5739; x_wconf 83' lang='grc' dir='ltr'><strong>μόνον</strong></span> <span class='ocrx_word' id='word_1_686' title='bbox 612 5670 671 5725; x_wconf 87' lang='grc' dir='ltr'><strong>ἐν</strong></span> <span class='ocrx_word' id='word_1_687' title='bbox 702 5674 771 5745; x_wconf 82' lang='grc' dir='ltr'><strong>τῇ</strong></span> <span class='ocrx_word' id='word_1_688' title='bbox 814 5671 1115 5748; x_wconf 75' lang='grc' dir='ltr'><strong>Ἐκκλησία</strong></span> <span class='ocrx_word' id='word_1_689' title='bbox 1166 5676 1262 5731; x_wconf 85' lang='grc' dir='ltr'><strong>τοῦ</strong></span> <span class='ocrx_word' id='word_1_690' title='bbox 1288 5676 1448 5749; x_wconf 52' lang='grc' dir='ltr'><strong>[Θεοῦ</strong></span> <span class='ocrx_word' id='word_1_691' title='bbox 1495 5674 1738 5747; x_wconf 80' lang='grc' dir='ltr'><strong>δεδωρη-</strong></span> 
     </span>
     <span class='ocr_line' id='line_1_104' title="bbox 115 5777 344 5812; baseline 0.004 -1"><span class='ocrx_word' id='word_1_692' title='bbox 115 5781 183 5812; x_wconf 78' lang='grc' dir='ltr'><strong>υ.</strong></span> <span class='ocrx_word' id='word_1_693' title='bbox 225 5777 344 5812; x_wconf 93' lang='grc' dir='ltr'><strong>νον.</strong></span> 
     </span>
    </p>
   </div>
   <div class='ocr_carea' id='block_1_104' title="bbox 110 5777 344 5833">
    <p class='ocr_par' dir='ltr' id='par_1_104' title="bbox 110 5777 344 5833">
     <span class='ocr_line' id='line_1_105' title="bbox 110 5777 344 5833; baseline 0.009 -21"><span class='ocrx_word' id='word_1_694' title='bbox 110 5777 344 5833; x_wconf 82' lang='grc' dir='ltr'><strong>μενον.</strong></span> 
     </span>
    </p>
   </div>
   <div class='ocr_carea' id='block_1_105' title="bbox 268 5928 713 6021">
    <p class='ocr_par' dir='ltr' id='par_1_105' title="bbox 268 5928 713 6021">
     <span class='ocr_line' id='line_1_106' title="bbox 268 5928 713 6021; baseline 0.016 -37"><span class='ocrx_word' id='word_1_695' title='bbox 268 5928 317 5961; x_wconf 84' lang='grc'><strong>³⁷</strong></span> <span class='ocrx_word' id='word_1_696' title='bbox 348 5931 556 6020; x_wconf 78' lang='lat' dir='ltr'><strong>Ephes.</strong></span> <span class='ocrx_word' id='word_1_697' title='bbox 576 5936 713 6021; x_wconf 71' lang='lat' dir='ltr'><strong>tv,</strong></span> 
     </span>
    </p>
   </div>
   <div class='ocr_carea' id='block_1_106' title="bbox 1845 4652 3428 4721">
    <p class='ocr_par' dir='ltr' id='par_1_106' title="bbox 1845 4652 3428 4721">
     <span class='ocr_line' id='line_1_107' title="bbox 1845 4652 3428 4721; baseline -0.005 -10"><span class='ocrx_word' id='word_1_698' title='bbox 1845 4656 2104 4721; x_wconf 86' lang='lat' dir='ltr'><strong>inﬁdelis,</strong></span> <span class='ocrx_word' id='word_1_699' title='bbox 2145 4654 2359 4710; x_wconf 83' lang='lat' dir='ltr'><strong>veniam</strong></span> <span class='ocrx_word' id='word_1_700' title='bbox 2388 4652 2713 4708; x_wconf 85' lang='lat' dir='ltr'><strong>delictorum</strong></span> <span class='ocrx_word' id='word_1_701' title='bbox 2758 4652 2951 4705; x_wconf 84' lang='lat' dir='ltr'><strong>tribuit</strong></span> <span class='ocrx_word' id='word_1_702' title='bbox 2983 4652 3305 4715; x_wconf 84' lang='lat' dir='ltr'><strong>sceleratus,</strong></span> <span class='ocrx_word' id='word_1_703' title='bbox 3373 4663 3428 4704; x_wconf 87' lang='lat' dir='ltr'><strong>et.</strong></span> 
     </span>
    </p>
   </div>
   <div class='ocr_carea' id='block_1_107' title="bbox 1846 4744 3431 4815">
    <p class='ocr_par' dir='ltr' id='par_1_107' title="bbox 1846 4744 3431 4815">
     <span class='ocr_line' id='line_1_108' title="bbox 1846 4744 3431 4815; baseline -0.003 -14"><span class='ocrx_word' id='word_1_704' title='bbox 1846 4748 1899 4802; x_wconf 91' lang='lat' dir='ltr'><strong>in</strong></span> <span class='ocrx_word' id='word_1_705' title='bbox 1925 4748 2150 4802; x_wconf 88' lang='lat' dir='ltr'><strong>nomine</strong></span> <span class='ocrx_word' id='word_1_706' title='bbox 2173 4746 2379 4801; x_wconf 89' lang='lat' dir='ltr'><strong>Christi</strong></span> <span class='ocrx_word' id='word_1_707' title='bbox 2406 4744 2651 4815; x_wconf 86' lang='lat' dir='ltr'><strong>baptizat</strong></span> <span class='ocrx_word' id='word_1_708' title='bbox 2681 4744 3078 4806; x_wconf 80' lang='lat' dir='ltr'><strong>Anticliristus,</strong></span> <span class='ocrx_word' id='word_1_709' title='bbox 3117 4746 3284 4797; x_wconf 82' lang='lat' dir='ltr'><strong>vitam</strong></span> <span class='ocrx_word' id='word_1_710' title='bbox 3313 4746 3431 4812; x_wconf 82' lang='lat' dir='ltr'><strong>pol-</strong></span> 
     </span>
    </p>
   </div>
   <div class='ocr_carea' id='block_1_108' title="bbox 1844 4836 3433 4908">
    <p class='ocr_par' dir='ltr' id='par_1_108' title="bbox 1844 4836 3433 4908">
     <span class='ocr_line' id='line_1_109' title="bbox 1844 4836 3433 4908; baseline -0.004 -12"><span class='ocrx_word' id='word_1_711' title='bbox 1844 4842 2042 4896; x_wconf 91' lang='lat' dir='ltr'><strong>licetur</strong></span> <span class='ocrx_word' id='word_1_712' title='bbox 2066 4847 2337 4905; x_wconf 86' lang='lat' dir='ltr'><strong>mortuus,</strong></span> <span class='ocrx_word' id='word_1_713' title='bbox 2362 4852 2551 4908; x_wconf 86' lang='lat' dir='ltr'><strong>pacem</strong></span> <span class='ocrx_word' id='word_1_714' title='bbox 2574 4837 2663 4891; x_wconf 87' lang='lat' dir='ltr'><strong>dat</strong></span> <span class='ocrx_word' id='word_1_715' title='bbox 2695 4836 3058 4905; x_wconf 85' lang='lat' dir='ltr'><strong>impacilieus,</strong></span> <span class='ocrx_word' id='word_1_716' title='bbox 3080 4838 3248 4892; x_wconf 85' lang='lat' dir='ltr'><strong>Deum</strong></span> <span class='ocrx_word' id='word_1_717' title='bbox 3279 4840 3433 4890; x_wconf 85' lang='lat' dir='ltr'><strong>invo-</strong></span> 
     </span>
    </p>
   </div>
   <div class='ocr_carea' id='block_1_109' title="bbox 1842 4930 3429 5005">
    <p class='ocr_par' dir='ltr' id='par_1_109' title="bbox 1842 4930 3429 5005">
     <span class='ocr_line' id='line_1_110' title="bbox 1842 4930 3429 5005; baseline -0.003 -16"><span class='ocrx_word' id='word_1_718' title='bbox 1842 4945 1930 4989; x_wconf 89' lang='lat' dir='ltr'><strong>cat</strong></span> <span class='ocrx_word' id='word_1_719' title='bbox 1959 4930 2725 5005; x_wconf 80' lang='lat' dir='ltr'><strong>blasphemus,sacerdotium</strong></span> <span class='ocrx_word' id='word_1_720' title='bbox 2762 4931 3112 4985; x_wconf 86' lang='lat' dir='ltr'><strong>administrat</strong></span> <span class='ocrx_word' id='word_1_721' title='bbox 3142 4930 3429 5000; x_wconf 79' lang='lat' dir='ltr'><strong>profanus.</strong></span> 
     </span>
    </p>
   </div>
   <div class='ocr_carea' id='block_1_110' title="bbox 1842 5023 3433 5098">
    <p class='ocr_par' dir='ltr' id='par_1_110' title="bbox 1842 5023 3433 5098">
     <span class='ocr_line' id='line_1_111' title="bbox 1842 5023 3433 5098; baseline -0.003 -14"><span class='ocrx_word' id='word_1_722' title='bbox 1842 5029 2060 5093; x_wconf 87' lang='lat' dir='ltr'><strong>Dicant,</strong></span> <span class='ocrx_word' id='word_1_723' title='bbox 2077 5029 2166 5098; x_wconf 91' lang='lat' dir='ltr'><strong>qui</strong></span> <span class='ocrx_word' id='word_1_724' title='bbox 2188 5027 2295 5081; x_wconf 89' lang='lat' dir='ltr'><strong>illis</strong></span> <span class='ocrx_word' id='word_1_725' title='bbox 2312 5023 2701 5095; x_wconf 87' lang='lat' dir='ltr'><strong>astipulantur,</strong></span> <span class='ocrx_word' id='word_1_726' title='bbox 2736 5023 2851 5078; x_wconf 57' lang='lat' dir='ltr'><strong>haec</strong></span> <span class='ocrx_word' id='word_1_727' title='bbox 2870 5026 3053 5078; x_wconf 88' lang='lat' dir='ltr'><strong>omnia</strong></span> <span class='ocrx_word' id='word_1_728' title='bbox 3070 5025 3202 5079; x_wconf 79' lang='lat' dir='ltr'><strong>falsa</strong></span> <span class='ocrx_word' id='word_1_729' title='bbox 3224 5041 3344 5079; x_wconf 81' lang='lat' dir='ltr'><strong>esse</strong></span> <span class='ocrx_word' id='word_1_730' title='bbox 3366 5026 3433 5080; x_wconf 82' lang='lat' dir='ltr'><strong>de</strong></span> 
     </span>
    </p>
   </div>
   <div class='ocr_carea' id='block_1_111' title="bbox 1843 5108 3433 5190">
    <p class='ocr_par' dir='ltr' id='par_1_111' title="bbox 1843 5108 3433 5190">
     <span class='ocr_line' id='line_1_112' title="bbox 1843 5108 3433 5190; baseline -0.004 -14"><span class='ocrx_word' id='word_1_731' title='bbox 1843 5108 2290 5178; x_wconf 68' lang='lat' dir='ltr'><strong>haereticis.an</strong></span> <span class='ocrx_word' id='word_1_732' title='bbox 2311 5119 2510 5190; x_wconf 89' lang='lat' dir='ltr'><strong>quibus</strong></span> <span class='ocrx_word' id='word_1_733' title='bbox 2528 5116 2765 5171; x_wconf 76' lang='lat' dir='ltr'><strong>Ecclesia</strong></span> <span class='ocrx_word' id='word_1_734' title='bbox 2787 5118 3097 5171; x_wconf 90' lang='lat' dir='ltr'><strong>consentire</strong></span> <span class='ocrx_word' id='word_1_735' title='bbox 3115 5118 3347 5186; x_wconf 75' lang='lat' dir='ltr'><strong>cogitur,</strong></span> <span class='ocrx_word' id='word_1_736' title='bbox 3374 5127 3433 5171; x_wconf 92' lang='lat' dir='ltr'><strong>ut</strong></span> 
     </span>
    </p>
   </div>
   <div class='ocr_carea' id='block_1_112' title="bbox 1841 5212 3434 5286">
    <p class='ocr_par' dir='ltr' id='par_1_112' title="bbox 1841 5212 3434 5286">
     <span class='ocr_line' id='line_1_113' title="bbox 1841 5212 3434 5286; baseline -0.005 -14"><span class='ocrx_word' id='word_1_737' title='bbox 1841 5218 1961 5272; x_wconf 88' lang='lat' dir='ltr'><strong>sine</strong></span> <span class='ocrx_word' id='word_1_738' title='bbox 1982 5217 2253 5286; x_wconf 88' lang='lat' dir='ltr'><strong>baptismo</strong></span> <span class='ocrx_word' id='word_1_739' title='bbox 2284 5228 2347 5268; x_wconf 89' lang='lat' dir='ltr'><strong>ac</strong></span> <span class='ocrx_word' id='word_1_740' title='bbox 2361 5212 2518 5267; x_wconf 84' lang='lat' dir='ltr'><strong>venia</strong></span> <span class='ocrx_word' id='word_1_741' title='bbox 2549 5212 2873 5266; x_wconf 87' lang='lat' dir='ltr'><strong>delictorum</strong></span> <span class='ocrx_word' id='word_1_742' title='bbox 2899 5227 3025 5266; x_wconf 91' lang='lat' dir='ltr'><strong>cum</strong></span> <span class='ocrx_word' id='word_1_743' title='bbox 3062 5212 3264 5266; x_wconf 89' lang='lat' dir='ltr'><strong>talibus</strong></span> <span class='ocrx_word' id='word_1_744' title='bbox 3287 5227 3434 5265; x_wconf 85' lang='lat' dir='ltr'><strong>com-</strong></span> 
     </span>
    </p>
   </div>
   <div class='ocr_carea' id='block_1_113' title="bbox 1846 5303 3430 5375">
    <p class='ocr_par' dir='ltr' id='par_1_113' title="bbox 1846 5303 3430 5375">
     <span class='ocr_line' id='line_1_114' title="bbox 1846 5303 3430 5375; baseline -0.005 -8"><span class='ocrx_word' id='word_1_745' title='bbox 1846 5312 2109 5367; x_wconf 90' lang='lat' dir='ltr'><strong>municet.</strong></span> <span class='ocrx_word' id='word_1_746' title='bbox 2130 5310 2308 5375; x_wconf 80' lang='lat' dir='ltr'><strong>Quam</strong></span> <span class='ocrx_word' id='word_1_747' title='bbox 2333 5321 2471 5371; x_wconf 89' lang='lat' dir='ltr'><strong>rem,</strong></span> <span class='ocrx_word' id='word_1_748' title='bbox 2502 5303 2723 5370; x_wconf 74' lang='lat' dir='ltr'><strong>fratres,</strong></span> <span class='ocrx_word' id='word_1_749' title='bbox 2758 5305 2945 5374; x_wconf 72' lang='lat' dir='ltr'><strong>lugere</strong></span> <span class='ocrx_word' id='word_1_750' title='bbox 2963 5320 3029 5360; x_wconf 87' lang='lat' dir='ltr'><strong>ac</strong></span> <span class='ocrx_word' id='word_1_751' title='bbox 3055 5305 3227 5359; x_wconf 85' lang='lat' dir='ltr'><strong>vitare</strong></span> <span class='ocrx_word' id='word_1_752' title='bbox 3264 5306 3430 5359; x_wconf 77' lang='lat' dir='ltr'><strong>debe-</strong></span> 
     </span>
    </p>
   </div>
   <div class='ocr_carea' id='block_1_114' title="bbox 1845 5397 3434 5465">
    <p class='ocr_par' dir='ltr' id='par_1_114' title="bbox 1845 5397 3434 5465">
     <span class='ocr_line' id='line_1_115' title="bbox 1845 5397 3434 5465; baseline -0.008 -10"><span class='ocrx_word' id='word_1_753' title='bbox 1845 5417 1992 5465; x_wconf 89' lang='lat' dir='ltr'><strong>mus,</strong></span> <span class='ocrx_word' id='word_1_754' title='bbox 2018 5410 2069 5453; x_wconf 90' lang='lat' dir='ltr'><strong>et</strong></span> <span class='ocrx_word' id='word_1_755' title='bbox 2096 5415 2126 5454; x_wconf 87' lang='lat' dir='ltr'><strong>a</strong></span> <span class='ocrx_word' id='word_1_756' title='bbox 2158 5408 2309 5453; x_wconf 88' lang='lat' dir='ltr'><strong>tanto</strong></span> <span class='ocrx_word' id='word_1_757' title='bbox 2345 5397 2555 5451; x_wconf 89' lang='lat' dir='ltr'><strong>scelere</strong></span> <span class='ocrx_word' id='word_1_758' title='bbox 2588 5410 2687 5448; x_wconf 90' lang='lat' dir='ltr'><strong>nos</strong></span> <span class='ocrx_word' id='word_1_759' title='bbox 2712 5410 2989 5465; x_wconf 87' lang='lat' dir='ltr'><strong>separare,</strong></span> <span class='ocrx_word' id='word_1_760' title='bbox 3045 5404 3100 5450; x_wconf 90' lang='lat' dir='ltr'><strong>et</strong></span> <span class='ocrx_word' id='word_1_761' title='bbox 3138 5411 3303 5449; x_wconf 86' lang='lat' dir='ltr'><strong>unum</strong></span> <span class='ocrx_word' id='word_1_762' title='bbox 3340 5397 3434 5448; x_wconf 75' lang='lat' dir='ltr'><strong>bn-</strong></span> 
     </span>
    </p>
   </div>
   <div class='ocr_carea' id='block_1_115' title="bbox 1844 5486 3434 5566">
    <p class='ocr_par' dir='ltr' id='par_1_115' title="bbox 1844 5486 3434 5566">
     <span class='ocr_line' id='line_1_116' title="bbox 1844 5486 3434 5566; baseline -0.004 -17"><span class='ocrx_word' id='word_1_763' title='bbox 1844 5495 2044 5566; x_wconf 85' lang='lat' dir='ltr'><strong>ptisma</strong></span> <span class='ocrx_word' id='word_1_764' title='bbox 2092 5501 2296 5561; x_wconf 88' lang='lat' dir='ltr'><strong>tenere,</strong></span> <span class='ocrx_word' id='word_1_765' title='bbox 2329 5490 2476 5562; x_wconf 89' lang='lat' dir='ltr'><strong>quod</strong></span> <span class='ocrx_word' id='word_1_766' title='bbox 2512 5488 2695 5546; x_wconf 88' lang='lat' dir='ltr'><strong>solum</strong></span> <span class='ocrx_word' id='word_1_767' title='bbox 2746 5488 3005 5545; x_wconf 72' lang='lat' dir='ltr'><strong>Ecclesiae</strong></span> <span class='ocrx_word' id='word_1_768' title='bbox 3055 5486 3153 5544; x_wconf 89' lang='lat' dir='ltr'><strong>Dei</strong></span> <span class='ocrx_word' id='word_1_769' title='bbox 3204 5502 3434 5542; x_wconf 88' lang='lat' dir='ltr'><strong>conces-</strong></span> 
     </span>
    </p>
   </div>
   <div class='ocr_carea' id='block_1_116' title="bbox 1852 5594 2109 5647">
    <p class='ocr_par' dir='ltr' id='par_1_116' title="bbox 1852 5594 2109 5647">
     <span class='ocr_line' id='line_1_117' title="bbox 1852 5594 2109 5647; baseline -0.016 -2"><span class='ocrx_word' id='word_1_770' title='bbox 1852 5602 1971 5647; x_wconf 83' lang='lat' dir='ltr'><strong>sum</strong></span> <span class='ocrx_word' id='word_1_771' title='bbox 2003 5594 2109 5644; x_wconf 67' lang='grc'><strong>881..</strong></span> 
     </span>
    </p>
   </div>
  </div>
