4166 6438
156 420 294 485 1109

1278 421 1353 481 IN
1386 421 1552 481 CAN.
1601 416 1864 478 ICt)NC.
1912 421 2297 484 CARTIIAG.

3257 418 3405 497 1110

148 537 491 607 ὑπηρετῆσαι
522 537 711 607 χάριτι
742 536 882 591 Θεοῦ
910 535 1009 590 καὶ
1040 535 1295 607 σωτηρίῳ
1330 536 1675 606 βαπτίσματι
1701 548 1713 562 ·

1830 539 2046 593 salutari
2084 539 2360 607 baptismo
2401 536 2749 592 inserviant:
2794 546 2849 593 et
2892 538 3013 594 ideo
3043 554 3241 596 censeo
3282 557 3401 600 eos.

144 630 239 680 καὶ
275 629 362 681 διὰ
387 629 547 683 τοῦτο
580 633 752 700 κρίνω
806 629 932 691 τοὺς
987 631 1057 698 τῇ
1123 628 1425 697 Ἐκκλησία
1494 626 1726 697 προσελ-

146 721 338 785 θόντας
366 721 737 791 βαπτισθῆναι
775 722 907 792 παρ’
933 721 1113 791 ἡμῶν.
1390 766 1394 771 .

480 812 672 882 Φῆλιξ
698 815 817 868 ἀπὸ
845 813 1132 881 Γαμετῶν
1156 809 1349 867 εἶπεν.

223 907 312 971 Ὠς
346 904 541 972 τυφλὸς
578 906 779 974 τυφλὸν
804 905 1015 975 ὁδηγῶν
1047 905 1163 975 ἅμα
1191 905 1270 968 είς
1304 904 1493 975 βόθρον
1521 903 1727 973 ἐμπίπ-

139 1015 347 1065 τουσιν,
368 998 543 1061 οὕτως
560 1000 831 1068 αἱρετικὸς
849 997 1126 1069 αἱρετικὸν
1153 996 1515 1067 βαπτίζωντῷ
1534 998 1727 1067 βατττι⁶

141 1090 356 1160 ζομένῳ
389 1090 844 1160 συναποθνήσκει.
871 1090 978 1143 Καὶ
1014 1089 1103 1142 διὰ
1131 1087 1292 1143 τοῦτο
1318 1090 1448 1158 παρ’
1476 1091 1608 1158 ἡμῖν
1636 1090 1728 1143 τὸν

140 1182 422 1250 αἱρετικὸν
463 1182 834 1252 βαπτισθῆναι
869 1182 969 1247 δεῖ,
1015 1183 1101 1235 ἵνα
1136 1182 1213 1253 μὴ
1257 1184 1421 1253 ἡμεῖς
1452 1185 1501 1236 ot
1525 1183 1728 1247 ζῶντες

146 1276 365 1343 νεκροῖς
396 1276 627 1343 κοινωνή
637 1291 714 1326 σω
721 1290 840 1344 μεν.

249 1364 607 1431 Σουκέντιος
627 1365 750 1420 ἀπὸ
797 1368 1385 1437 ’Δσιργεμαγικιανῆς
1403 1365 1594 1423 εἶπεν.

213 1458 579 1527 Αίρετικοῖςῆ
613 1458 766 1512 οὐδὲν
798 1458 1035 1524 ἔξεστιν,
1076 1464 1108 1531 ἢ
1152 1464 1355 1516 πάντα.
1378 1463 1441 1515 Ei
1471 1462 1726 1516 δύνανται

142 1548 428 1616 Brittium.
494 1550 753 1605 δύνανται
812 1554 906 1605 καὶ
982 1554 1211 1624 Πνεῦμα
1271 1554 1428 1624 ἅγιον
1519 1554 1725 1608 δοῦναι.

154 1640 311 1695 Ἐπει
331 1640 388 1694 δε
420 1640 496 1711 μὴ
520 1641 759 1712 ἔχουσιν,
796 1644 917 1697 οὐδὲ
943 1646 1332 1713 πνευματικῶς
1363 1646 1689 1715 βαπτίζουσι
1712 1661 1724 1675 ο

142 1731 238 1783 καὶ
268 1732 358 1785 διὰ
396 1731 560 1786 τοῦτο
584 1734 756 1801 κρίνω
787 1735 903 1788 δεῖν
975 1736 1103 1799 τοὺς
1160 1737 1475 1807 αίρετικοὺς
1532 1738 1727 1809 βαπτί-

134 1820 349 1883 ζεσθαι.

314 1915 736 1999 Φορτουνάτος
769 1919 887 1973 ἀπὸ
910 1920 1270 1990 Θουκγαϐὧρ
1297 1918 1468 1977 εἶπεν
1492 1941 1504 1953 ο

206 2005 272 2058 Οί
298 2004 403 2072 ἔξω
432 2008 536 2076 τῆς
574 2010 901 2081 Ἑκκλησίας
923 2012 1077 2076 ὄντες
1106 2014 1343 2069 ἐναντίοι
1370 2016 1447 2085 τῷ
1476 2017 1717 2087 Χριστῷ,

131 2096 210 2160 ὡς
243 2097 315 2169 τά
348 2100 601 2169 πρόϐατα
642 2104 736 2156 καὶ
766 2104 868 2175 τὴν
906 2104 1110 2175 ἀγέλην
1166 2108 1335 2162 αὑτοῦ
1393 2109 1720 2180 σκορπίζον-

131 2205 250 2257 τις,
281 2189 568 2262 βαπτίζειν
601 2194 708 2260 ἔξω
746 2197 807 2249 οὐ
847 2196 1130 2253 δύνανται.

487 2286 756 2355 Θήδατος
790 2290 910 2345 ἀπὸ
941 2290 1218 2360 Θουρόὧν
1246 2282 1398 2349 εἷπε.

206 2372 368 2445 Πάσῃ
407 2374 639 2446 δυνάμει
675 2379 1012 2445 ἀγωνιστέον
1044 2382 1130 2435 ἵνα
1162 2386 1237 2452 μὴ
1267 2386 1295 2437 ὁ
1325 2386 1424 2456 τὴν
1477 2387 1587 2441 τῶν
1639 2389 1724 2447 ai-

139 2468 379 2531 ρετικῶν
411 2468 623 2542 πλάνην
677 2473 840 2536 ἀφεὶς
897 2476 958 2529 τὸ
1031 2478 1197 2546 μόνον
1219 2480 1318 2549 τῆς
1389 2481 1723 2553 Ἑκκλησίας

139 2556 431 2629 βάπτισμα
472 2560 703 2634 διστάσῃ
751 2566 961 2632 λαϐεῖν,
1051 2561 1095 2637 ᾧ
1133 2588 1220 2633 τις
1277 2573 1351 2644 μὴ
1402 2572 1724 2643 βαπτισθεὶς

130 2647 523 2720 ἀλλοτριοῦται
560 2658 661 2726 τῆς
691 2657 803 2711 τῶν
831 2660 1079 2728 οὐρανῶν
1108 2663 1413 2733 βασιλείας.

344 2747 753 2816 Προϐατιανὸς
791 2752 910 2805 ἀπὸ
952 2757 1242 2824 Σοφετιης
1258 2753 1451 2816 εἴπεν.

212 2833 278 2887 El
310 2836 419 2889 ἀπὸ
448 2838 584 2892 Θεοῦ
621 2843 653 2913 ἡ
686 2843 902 2912 αἵρεσίς
935 2846 1107 2913 ἐστιν,
1156 2846 1270 2913 ἔξει
1306 2852 1589 2923 αἱρετικδς
1628 2857 1725 2909 καὶ

132 2924 524 2994 δωρεὰν,Θεοῦ
544 2950 555 2962 ·
592 2936 640 2986 εί
666 2935 723 2987 δὲ
753 2937 829 3005 μή
872 2939 1022 2990 ἐστιν
1050 2940 1159 2993 ἀπὸ
1207 2942 1366 3009 Θεοῦ,
1414 2945 1532 3009 πῶς
1562 2946 1724 2999 δύνα-

130 3035 227 3071 ται
257 3020 420 3085 αὐτὸς
461 3024 724 3098 ἔχειντὴν
756 3029 919 3100 χάριν
964 3032 1060 3085 τοῦ
1110 3034 1247 3088 Θεοῦ
1306 3037 1401 3091 καὶ
1443 3038 1589 3107 άλλῳ
1648 3040 1727 3093 δι-

127 3108 287 3165 ὖόναι
316 3130 331 3180 ;

457 3210 814 3279 Μονούαλος
840 3198 959 3269 ἀπὸ
982 3216 1211 3286 Γέρόης
1240 3216 1394 3278 εἷπε.

204 3294 316 3350 Τοῦ
340 3299 552 3370 Κυρίου
585 3304 838 3371 λέγοντος
855 3324 871 3340 ο
892 3311 1239 3367 Βαπτίσατε
1272 3314 1472 3370 πάντα
1487 3316 1560 3371 τὰ
1578 3316 1725 3386 ἔθνη

124 3392 223 3456 εἶς
251 3390 319 3443 τὸ
344 3392 532 3461 ὄνομα
556 3397 664 3451 τοῦ
690 3401 943 3469 Πατρός,
976 3404 1077 3458 καί
1116 3406 1225 3460 τοῦ
1269 3408 1426 3475 Υιοῦ,
1464 3411 1565 3464 καὶ
1620 3413 1728 3466 τοῦ

123 3481 313 3549 ἁγίου
357 3488 723 3556 Πνεύματος,
755 3492 980 3560 οἴδαμεν
1010 3498 1199 3565 σαφῶς
1227 3500 1357 3562 τοὺς
1417 3503 1729 3572 αίρετικοὺς

133 3574 219 3644 μὴ
249 3576 472 3648 Πατέρα
499 3579 647 3661 ἔχειν
683 3584 823 3656 μήτε
853 3585 984 3641 Υίὸν
1058 3590 1196 3659 μήτε
1256 3591 1483 3664 Πνεῦμα
1545 3597 1723 3665 ἅγιον.

126 3667 230 3758 ῥεῖ
251 3666 356 3720 ὀῦν
382 3669 726 3741 ἐρχομένους
761 3678 844 3740 είς
877 3678 979 3750 τὴν
1023 3681 1353 3755 Ἐκκλησίαν
1415 3687 1721 3758 βαπτίζειν,

124 3757 226 3811 ῖνα
244 3760 683 3833 άναγεννηθῶσι.

416 3858 777 3929 Πολιτιανός
824 3864 946 3920 ἀπὸ
971 3869 1206 3936 Μίλεως
1241 3867 1432 3927 εἴπεν.

216 3942 408 4039 Ὀρθόν
453 3950 571 4003 ἑστι
606 3953 701 4006 τὸν
754 3956 865 4010 άπὸ
898 3958 1167 4029 αἱρέσεως
1219 3964 1520 4035 ἐρχόμενον
1550 3968 1609 4020 ὲν
1654 3971 1719 4039 τῇ

138 4032 454 4109 Ἐκκλησία
496 4042 887 4113 βαπτίζεσθαι.

283 4128 527 4200 Θέογνις
557 4135 680 4191 ἀπὸ
723 4137 1018 4209 Ἰππῶνος
1084 4143 1328 4213 Ῥηγίου
1354 4144 1546 4203 εἶπεν.

220 4218 565 4315 ’Δκολούθως
584 4228 663 4299 τῷ
692 4233 982 4306 μυστηρίῳ
1008 4235 1105 4289 τοῦ
1128 4237 1266 4292 Θεοῦ
1299 4241 1398 4295 καὶ
1421 4244 1522 4312 τῆς
1552 4245 1721 4315 οὐρα-

1750 3217 1797 3281 C

1829 634 1923 702 qui
1956 634 2021 685 ad
2061 633 2363 687 Ecclesiam
2392 629 2741 700 confugiunt,
2785 646 2813 684 a
2853 633 3013 687 nobis
3056 648 3177 688 esse
3226 634 3402 703 bapti-

1830 725 2053 781 zandos.

2262 819 2415 873 Felix
2447 836 2479 871 a
2522 818 2756 874 Gametis
2809 819 2968 872 dixit.

1907 911 2063 966 Sicut
2105 926 2286 966 cazcus
2326 926 2531 965 cacum
2559 911 2765 965 ducens
2792 910 2953 965 simul
2982 909 3035 963 in
3063 909 3272 963 foveam
3307 926 3402 964 ca-

1828 1005 2007 1071 dunt;
2065 1006 2139 1060 ita
2198 1005 2487 1059 haereticus
2540 1004 2855 1058 haereticum
2909 1002 3197 1073 baptizans
3240 1003 3403 1056 simui

1829 1116 1954 1168 cum
1984 1114 2052 1154 eo
2077 1099 2129 1152 in
2161 1106 2391 1153 mortem
2427 1098 2594 1151 catlit.
2648 1097 2710 1151 Et
2762 1096 2884 1151 ideo
2918 1094 3282 1163 baptizandus
3317 1104 3402 1148 est

1829 1193 1974 1260 apud
2025 1206 2123 1246 nos
2163 1190 2474 1252 haereticus.
2510 1205 2578 1243 ne
2610 1205 2708 1244 nos
2747 1189 2851 1243 vivi
2896 1188 3127 1241 mortuis
3155 1200 3405 1239 commu-

1832 1285 2097 1338 nicemus.

2046 1375 2356 1431 Succentius
2386 1376 2451 1430 ab
2492 1377 2993 1446 Abirgemaniciana
3029 1375 3189 1426 dixit.

1904 1470 2190 1525 Hmreticfs
2218 1479 2314 1524 aut
2351 1471 2483 1525 nihil
2517 1473 2664 1534 licet,
2702 1479 2798 1523 aut
2833 1471 3040 1524 omnia.
3078 1469 3134 1523 Si
3176 1476 3408 1537 possunt

1831 1558 2132 1628 baptizare,
2191 1569 2424 1629 possunt
2482 1571 2536 1615 et
2592 1561 2725 1614 dare
2798 1559 3060 1628 Spiritum
3128 1568 3404 1615 sanctum.

1831 1653 2103 1719 Quoniam
2156 1664 2336 1708 autem
2370 1670 2478 1709 non
2523 1653 2749 1716 habent,
2785 1668 2882 1708 nec
2910 1653 3191 1723 baptizare
3244 1652 3402 1721 spiri-

1831 1746 2055 1799 tualiter
2095 1755 2328 1815 possunt
2359 1764 2372 1800 :
2427 1754 2718 1816 propterea
2752 1760 2951 1801 censeo
2990 1748 3274 1801 lucreticos
3306 1742 3406 1799 ba-

1759 1866 1801 1922 Β
1833 1838 2121 1908 ptizandos
2153 1853 2296 1893 esse.

2154 1932 2483 1987 Fortunatus
2516 1952 2546 1988 a
2580 1933 2916 1987 Thuchabori
2946 1934 3104 1986 dixit.

1904 2024 2007 2090 Qui
2060 2034 2215 2079 extra
2273 2025 2575 2080 Ecclesiam
2642 2034 2816 2088 sunt,
2869 2033 3063 2080 contra
3127 2022 3409 2077 Christum

1833 2122 2065 2178 stantes,
2093 2126 2151 2171 ut
2172 2117 2265 2188 qui
2298 2131 2430 2171 oves
2467 2117 2585 2184 ejus
2615 2123 2668 2169 et
2713 2130 2930 2186 gregem
2965 2114 3289 2184 dispergunt
3313 2113 3409 2166 ba-

1832 2206 2046 2274 ptizare
2080 2205 2215 2260 foris
2244 2220 2349 2258 non
2381 2213 2635 2274 possunt.

2227 2298 2493 2352 Tltedatus
2520 2316 2551 2352 a
2577 2297 2804 2353 Thurbis
2842 2299 2994 2353 dixit.

1902 2390 2171 2448 Omnibus
2212 2393 2421 2447 viribus
2462 2392 2747 2447 nitendum
2786 2400 2893 2459 est,
2922 2407 2992 2446 ne
3036 2392 3162 2460 quis
3194 2393 3415 2449 haereti-

1832 2502 2020 2542 corum
2084 2502 2327 2543 errorem
2361 2486 2752 2555 derelinquens
2797 2486 3078 2555 singulare
3121 2495 3175 2541 et
3223 2502 3412 2542 verum

1834 2579 2091 2635 Ecclesiae
2120 2578 2685 2649 baptisma'detrectet
2716 2578 2990 2647 accipere,
3018 2593 3128 2648 quo
3161 2579 3414 2647 quisquis

1835 2689 1939 2728 non
1970 2672 2132 2727 fuerit
2173 2672 2481 2739 baptizatus
2512 2685 2539 2724 a
2566 2686 2735 2740 regno
2766 2671 3054 2725 ccclorum‘
3085 2671 3143 2725 [it
3178 2672 3411 2726 alienus.

2183 2764 2545 2819 Probatianus
2584 2782 2615 2818 a
2649 2763 2900 2830 Sophetia
2922 2765 3082 2817 dixit.

1906 2860 1962 2914 Si
2004 2860 2229 2916 haeresis
2261 2874 2291 2913 a
2329 2861 2437 2915 Deo
2473 2867 2578 2922 est,
2623 2858 2846 2913 habebit
2890 2858 3181 2913 haereticus
3222 2866 3277 2912 et
3328 2859 3414 2911 in.

1833 2951 2168 3020 dulgentiain
2211 2950 2474 3005 divinam.
2530 2951 2585 3005 Si
2617 2964 2747 3004 vero
2786 2964 2814 3001 a
2852 2950 2960 3003 Deo
3004 2963 3109 3002 non
3144 2955 3247 3008 est,
3283 2963 3412 3017 quo-

1834 3042 1998 3097 modo
2028 3043 2260 3108 gratiam
2310 3040 2403 3096 Dei
2455 3044 2573 3111 ipse
2620 3040 2827 3097 habere
2862 3048 2916 3093 et
2949 3039 3203 3095 conferre
3250 3040 3413 3094 alicui

1835 3133 2055 3204 potest?

2257 3225 2546 3281 Manualus
2572 3243 2603 3278 a
2626 3224 2797 3279 Gerba
2828 3225 2988 3277 dixit.

1904 3320 2133 3376 Domino
2172 3321 2388 3375 dicente
2420 3331 2433 3371 :
2465 3319 2740 3384 Baptiznte
2779 3333 2957 3371 omnes
2993 3326 3168 3387 gentes
3212 3317 3265 3371 in
3315 3333 3413 3369 uo-

1829 3415 1967 3468 mine
1998 3412 2180 3466 Patris
2215 3419 2264 3465 et
2295 3409 2427 3463 Filii
2469 3418 2515 3463 et
2552 3406 2784 3476 Spiritus
2806 3406 3083 3474 sancti”;
3118 3407 3409 3461 manifeste

1828 3510 2035 3564 scimus
2065 3507 2353 3562 bmreticos
2384 3519 2483 3560 nec
2512 3503 2732 3558 Patrem
2762 3500 2992 3561 habere,
3050 3513 3151 3553 nec
3184 3496 3407 3561 Filium,

1828 3616 1930 3657 nec
1967 3600 2230 3671 Spiritum
2280 3597 2445 3669 370
2504 3604 2781 3653 sanctum.
2841 3590 3048 3647 Debent
3104 3590 3271 3658 igitur
3327 3605 3410 3643 ve-

1826 3697 2041 3751 nientes
2103 3695 2170 3749 ad
2231 3692 2535 3748 Ecclesiam
2592 3686 2902 3758 baptizari,
2988 3693 3048 3739 ut
3116 3699 3414 3741 renascan-

1828 3800 1938 3844 tur.

2265 3881 2569 3934 Politianus
2601 3896 2632 3932 a
2662 3878 2826 3933 Mileo
2856 3879 3015 3931 dixit.

1900 3974 2112 4030 Justum
2158 3983 2242 4029 est
2290 3975 2343 4029 in
2403 3972 2650 4029 Ecclesia
2698 3974 2961 4040 baptizari
3009 3987 3156 4033 eum,
3195 3969 3301 4043 qui
3344 3966 3413 4021 ab

1829 4068 2026 4124 haeresi
2061 4070 2228 4123 venit.

2116 4139 2378 4208 Thengnis
2414 4139 2479 4192 ab
2512 4136 2756 4208 Hippone
2779 4135 2937 4206 Regio
2960 4135 3121 4188 dixit.

1910 4234 2229 4293 Secundum
2254 4241 2664 4287 sacramentum
2700 4230 2794 4284 Dei
2832 4241 2887 4284 et
2926 4229 3116 4299 gratia:
3147 4222 3407 4287 ccelestis,

120 4308 251 4363 νίιου
277 4312 525 4383 χάριτος,
550 4317 620 4389 ῆν
658 4321 1322 4398 είλήφαμεν,βάπτισμα,
1379 4332 1407 4384 ὅ
1464 4308 1633 4390 ἐστιν’
1660 4338 1719 4391 ὲν

1830 4343 1990 4398 quam
2032 4323 2370 4392 accepimus,
2404 4320 2700 4390 baptisma,
2754 4318 2899 4389 quod
2948 4325 3033 4373 est
3086 4318 3137 4371 in
3168 4311 3414 4370 Ecclesia

117 4406 199 4475 τῇ
223 4404 363 4478 ἁγίᾳ
396 4407 720 4485 Ἐκκλησία,
744 4415 990 4483 οἴδαμεν.

488 4501 766 4569 Διστίους
794 4510 828 4561 d
856 4508 1088 4579 Σεάόης
1117 4506 1311 4568 εῖπεν.

218 4584 761 4666 Ἠμεῖς,διφήμῖν
792 4600 965 4665 ἐστιν,
1019 4602 1325 4673 αίρετικοίς
1390 4609 1455 4661 οὐ
1524 4627 1717 4667 κοινω-

117 4676 363 4772 νοῦμεν,
400 4681 496 4737 ἐὰν
525 4686 601 4757 μὴ
651 4687 710 4739 ιν
755 4691 823 4760 τῇ
909 4691 1210 4764 Ἐκκλησία
1254 4695 1553 4772 βαπτισθῇ,
1625 4705 1722 4758 καὶ

110 4770 335 4841 ἄφεσιν
365 4774 656 4846 ἁμαρτιῶν
680 4779 844 4851 λάδῃ.
906 4816 911 4822 -

416 4869 721 4938 Προὸάτος
739 4873 861 4927 ἀπὸ
902 4877 1204 4946 Σοφιστοῦ
1235 4895 1426 4937 aiter.

217 4953 281 5008 '0
317 4956 631 5048 δοκιμάζων
694 4964 846 5035 παρὰ
906 4968 1020 5029 τοῖς
1069 4968 1375 5038 αίρετικοῖς
1436 4973 1721 5048 βάπτισμα

116 5040 279 5101 εἶναι
312 5047 366 5099 τί
406 5047 536 5102 ἄλλο
570 5050 602 5121 ἢ
637 5054 752 5116 τοῖς
775 5055 1076 5124 αἱρετικοῖς
1109 5063 1365 5114 κοινωνεῖ
1394 5080 1409 5127 ;

367 5141 752 5213 ὀρτησιανὸς
778 5148 897 5203 ἀπὸ
917 5152 1266 5222 Ααϐούρνης
1295 5152 1447 5213 εἷπε.

206 5234 322 5288 Καὶ
355 5236 517 5306 ἡμεῖς
547 5238 606 5292 ἓν
668 5239 977 5314 βάπτισμα,
1007 5246 1144 5316 ὅπερ
1201 5249 1260 5299 ὲν
1284 5251 1350 5319 τῇ
1420 5249 1723 5327 Ἐκκλησία

115 5327 385 5397 οἴδαμεν,
410 5329 569 5385 τοῦτο
596 5336 664 5405 τῇ
706 5334 1008 5408 Ἐκκλησία
1049 5337 1398 5410 ὲκδικυῦμεν⁹

460 5427 513 5479 Κ
514 5425 687 5493 άσιος
706 5428 826 5483 ἀπὸ
850 5430 1127 5499 Κομαζῶν
1145 5430 1337 5491 εἶπεν.

206 5513 364 5569 Ἐπεὶ
385 5515 478 5570 δύο
500 5517 857 5591 βαπτίσματα
880 5518 1022 5577 εἶναι
1038 5526 1096 5577 οὑ
1111 5524 1392 5589 δύναται,ὀ
1421 5531 1721 5602 συγχωρῶν

115 5607 255 5668 τοῖς
327 5606 628 5678 αίρετικοῖς
671 5610 959 5683 βάπτισμα
986 5615 1180 5669 ἑαυτὸν
1196 5616 1314 5685 ςτοῦ
1343 5616 1723 5691 βαπτίσματος

118 5702 457 5771 ἀποστερεῖ.
526 5704 617 5756 Διὸ
648 5705 895 5777 ὲπικυρῶ
922 5709 1233 5781 αίρετικοὺς
1264 5714 1546 5782 βαπτίζειν
1589 5715 1721 5781 δεῖν,

249 5884 297 5919 ¹⁹
315 5883 506 5943 Matth.
531 5887 831 5951 xxvtlt,19.

1824 4427 2014 4477 sancta
2047 4415 2321 4471 novimus.

2296 4505 2509 4560 Diutius
2541 4503 2715 4560 Seada
2745 4505 2907 4559 dixit.

1913 4606 2047 4671 Nos,
2076 4610 2343 4675 quantum
2378 4600 2435 4654 in
2468 4600 2629 4655 nobis
2652 4610 2758 4663 est,
2790 4596 3065 4653 haereticis
3104 4610 3211 4649 non
3254 4608 3405 4649 com-

1832 4701 2224 4760 municamus;
2279 4693 2387 4748 nisi
2430 4691 2690 4761 baptizati
2726 4693 2779 4745 in
2810 4689 3057 4745 Ecclesia
3108 4685 3329 4749 iuerint,
3360 4693 3414 4737 et

1831 4787 2216 4846 remissionem
2253 4791 2602 4853 peccatorum
2634 4780 2973 4848 acceperint.
3208 4790 3217 4795 '

2228 4875 2495 4931 Probatus
2517 4892 2547 4927 a
2572 4873 2820 4940 Sophisto
2852 4872 3012 4926 dixit.

1904 4975 2008 5041 Qui
2048 4970 2431 5026 haereticorum
2477 4966 2806 5036 baptismum
2840 4963 3057 5034 probat,
3089 4960 3219 5031 quid
3265 4957 3412 5013 aliud

1837 5083 2001 5141 quam
2034 5063 2315 5133 haereticis
2339 5057 2754 5114 communicat?

2156 5151 2551 5208 Hortensianus
2588 5166 2620 5202 α
2648 5148 2903 5202 Laburna
2930 5147 3091 5202 dixit.

1908 5253 2019 5307 Nos
2045 5263 2215 5304 unum
2253 5246 2525 5316 baptisma
2551 5284 2565 5306 ,
2595 5242 2739 5313 quod
2774 5256 2882 5295 non
2925 5241 3031 5295 nisi
3081 5240 3133 5293 in
3173 5236 3412 5293 Ecclesia

1834 5346 2108 5407 novimus,
2141 5340 2395 5395 Ecclesiae
2424 5336 2791 5391 vindicamus.

2230 5430 2449 5486 Cassius
2475 5446 2506 5482 a
2538 5426 2786 5483 Comazis
2824 5427 2986 5479 dixit.

1902 5529 2040 5583 Cum
2078 5524 2414 5595 haptismata
2446 5522 2557 5576 duo
2601 5534 2723 5575 esse
2759 5534 2868 5573 non
2906 5520 3138 5589 possint,
3172 5517 3263 5583 qui
3296 5517 3409 5569 lue-

1831 5621 2021 5676 reticis
2074 5618 2350 5689 baptisma
2398 5614 2689 5679 concedit,
2742 5614 3014 5683 baptisma
3070 5612 3175 5668 sibi
3247 5609 3410 5664 tollit.

1831 5715 2041 5770 Censeo
2074 5712 2259 5782 itaque
2294 5706 2654 5779 baptizandos
2677 5720 2799 5763 esse
2821 5706 3132 5769 haereticos,
3176 5719 3298 5759 cum
3338 5703 3406 5756 ad
