4166 6438
747 419 882 484 1119

2000 431 2276 494 TIIEOD.
2317 434 2722 499 BALSAMON

3879 440 4014 506 ῙΙΞθ

745 548 796 585 ltt
836 531 1076 585 Ecclesia
1115 533 1424 597 catholica;
1473 542 1525 590 ct
1561 537 1784 604 quando
1826 546 1978 593 extra
2024 540 2321 599 Ecclesiam

2444 546 2504 616 ιὴ
2533 547 2592 599 ἐν
2633 549 2770 619 μόνη
2800 549 2866 618 τῇ
2906 549 3168 622 καθολικῇ
3218 550 3539 623 Ἐκκλησία,
3569 552 3664 606 καὶ
3725 552 3860 607 ὅταν
3913 553 4014 617 ἔξω

744 626 832 686 lit,
869 624 1270 681 simulationem
1304 641 1446 681 esse.

1147 717 1427 774 Salvianus
1457 737 1489 773 a
1521 719 1718 790 Zufala
1747 723 1906 777 dixit.

787 805 1114 884 "Haereticos
1172 812 1306 864 nihil
1373 813 1573 869 habere
1631 824 1888 882 constat,
1967 824 2020 872 et
2084 817 2206 874 ideo
2255 820 2324 875 ad

743 916 848 955 nos
909 902 1176 968 veniunt,
1244 913 1303 957 ut
1370 908 1582 974 possint
1663 909 1915 979 accipere
1996 913 2142 983 quod
2211 929 2325 970 non

743 994 967 1050 habent.

1169 1086 1481 1145 Honoratus
1519 1108 1550 1144 ο
1580 1091 1722 1146 Luca
1747 1094 1904 1151 dixit.

816 1175 954 1230 Cum
982 1176 1237 1235 Christus
1267 1196 1429 1237 verus
1479 1187 1572 1250 sit,
1629 1188 1799 1255 magis
1835 1198 2119 1245 veritatem
2159 1207 2323 1263 quam

746 1268 1199 1324 consuetudinem
1229 1274 1385 1342 sequi
1435 1274 1719 1340 debemus,
1772 1288 1832 1332 ut
1869 1280 2179 1347 haereticos,
2232 1285 2324 1354 qui

748 1357 870 1412 ideo
900 1358 966 1413 ad
998 1365 1098 1417 tios
1129 1363 1382 1430 veniunt,
1413 1367 1541 1436 quia
1565 1367 1700 1424 foris
1727 1369 1860 1425 nihil
1892 1374 2141 1452 accipere
2167 1384 2330 1446 potu-

745 1456 928 1518 erunt,
967 1449 1228 1510 Ecclesiae
1267 1456 1541 1525 baptismo
1561 1449 1992 1519 sanctiﬂcemus.

1207 1634 1389 1692 Victor
1416 1641 1484 1694 ab
1514 1640 1716 1714 Octyvo
1743 1644 1903 1702 dixit.

820 1722 912 1779 Sic
949 1733 1003 1780 et
1032 1726 1148 1796 ipse
1176 1731 1378 1797 sentio,
1428 1742 1487 1788 ut
1513 1735 1604 1804 qui
1633 1736 1701 1790 ab
1740 1736 1934 1794 hzeresi
1965 1740 2187 1797 veniunt
2209 1741 2330 1798 sine

746 1816 915 1873 dubio
941 1820 1309 1899 baptizentttr.

1169 1915 1387 1972 Clarius
1417 1936 1449 1972 ο
1477 1919 1720 1977 Μαεοιιιο
1748 1922 1907 1978 dixit.

823 2001 1111 2061 Manifesta
1181 2017 1266 2063 est
1335 2015 1607 2067 sententia
1684 2014 1897 2072 Domini
1969 2021 2138 2075 nostri
2199 2020 2330 2080 Jesu

744 2095 952 2153 Christi
1005 2101 1288 2169 apostolos
1348 2121 1478 2162 suos
1533 2108 1841 2175 mittentis,
1902 2123 1958 2168 et
2008 2114 2141 2182 ipsis
2199 2117 2334 2175 solis

748 2197 1076 2257 potestatem
1108 2197 1498 2262 permittentis,
1549 2202 1752 2271 quibus
1789 2219 1889 2260 nos
1931 2211 2330 2279 successimus,

746 2280 937 2336 eadem
992 2293 1263 2353 potestate
1315 2288 1616 2347 Ecclesiam
1668 2293 1760 2350 Dei
1813 2297 2223 2366 gubernantes.
2278 2314 2335 2362 et

745 2386 842 2427 eos
895 2375 988 2443 qui
1035 2379 1268 2433 credunt
1317 2381 1686 2453 baptizantes.
1761 2388 1829 2444 Et
1885 2391 2009 2447 ideo
2063 2394 2332 2465 haeretici,

746 2466 842 2533 qui
875 2483 973 2522 nec
1002 2472 1348 2539 potestatem,
1399 2491 1500 2531 nec
1541 2476 1844 2535 Ecclesiam
1884 2483 2109 2551 habent,
2157 2501 2336 2558 neque

750 2555 1029 2627 baptizare
1053 2561 1314 2620 Ecclesia
1345 2566 1620 2638 baptismo
1649 2582 1903 2641 possunt.

1116 2829 1482 2892 Secundianus
1513 2855 1544 2892 α
1575 2837 1777 2896 Tamba
1805 2841 1964 2899 dixit.

819 2920 936 2978 Non
967 2923 1233 2982 debemus
1270 2927 1557 2986 haereticos
1595 2940 1784 2988 nostra
1814 2934 2166 2994 contentione
2188 2938 2338 2995 deci-

749 3029 898 3082 pere.
931 3024 998 3069 ut‘
1021 3014 1075 3070 in
1103 3016 1355 3074 Ecclesia
1385 3019 1597 3075 Domini
1631 3023 1807 3078 nostri
1825 3021 1957 3080 Iesu
1986 3023 2194 3081 Christi
2225 3043 2334 3083 nou

750 3106 1036 3177 baptizati,
1069 3125 1194 3165 cum
1219 3111 1413 3180 judicii
1449 3113 1569 3170 dies
1593 3116 1824 3182 venerit,
1857 3118 2020 3174 nobis
2043 3117 2334 3188 imputent,

749 3199 893 3267 quod
926 3215 1023 3270 per
1051 3216 1153 3256 nos
1186 3218 1295 3258 non
1324 3204 1437 3259 sint
1469 3205 1748 3274 baptizati,
1803 3223 1907 3264 nec
1957 3211 2336 3267 remissionem

751 3305 1100 3361 peccatorum
1133 3298 1415 3352 consecuti
1445 3298 1578 3354 sint.
1657 3300 2026 3367 Quamobrem
2065 3317 2189 3357 cum
2226 3320 2338 3363 una

750 3383 823 3436 sit
850 3382 1095 3441 Ecclesia
1131 3397 1186 3442 et
1219 3404 1387 3444 unum
1422 3391 1714 3461 baptisma,
1769 3394 1988 3464 quando
2017 3396 2085 3451 ad
2117 3410 2218 3451 nos
2248 3411 2343 3452 vc-

749 3479 928 3544 niunt,
961 3477 1128 3534 simul
1158 3496 1282 3536 cum
1307 3480 1550 3543 Ecclesia
1579 3485 1911 3556 baptismum
1943 3488 2110 3544 etiam
2139 3503 2339 3546 conse-

751 3571 844 3637 qui
872 3571 1088 3629 debent.

1146 3761 1394 3816 Aurelius
1437 3783 1469 3819 a
1503 3767 1756 3824 Chollaba
1785 3773 1947 3825 dixit.

822 3851 1062 3909 Joannes
1097 3856 1380 3924 apostolus
1415 3862 1469 3914 in
1501 3859 1741 3931 Epistola
1772 3879 1869 3918 sua
1902 3865 2040 3920 dixit
2072 3881 2084 3918 :
2119 3867 2181 3921 Si
2224 3869 2343 3936 quis

713 3950 821 4010 .ad
883 3963 971 4001 vos
1030 3949 1206 4012 venit,
1278 3961 1329 4004 et
1381 3953 1681 4009 doctrinam
1737 3956 1938 4013 Christi
1989 3975 2093 4014 non
2165 3960 2341 4028 habet,

753 4045 913 4099 nolite
957 4063 1076 4100 eum
1137 4048 1419 4104 admittere
1470 4053 1526 4105 in
1576 4053 1830 4118 domum,
1891 4064 1941 4109 et
1987 4073 2083 4111 ave
2141 4057 2226 4110 illi
2281 4073 2345 4112 ne

751 4139 1001 4192 dixeritis
1025 4139 1092 4193 ⁹¹.
1128 4141 1231 4206 Qui
1265 4143 1410 4197 enim
1442 4145 1640 4206 dixerit
1668 4146 1765 4210 illi,
1797 4162 1921 4212 ave,
1971 4147 2344 4207 communicat

755 4231 938 4286 verbis
982 4243 1036 4288 et
1081 4233 1240 4290 factis
1265 4237 1388 4305 ejus
1415 4237 1597 4294 malls.
1632 4238 1922 4305 Quomodo
1941 4241 2109 4310 igitur
2125 4241 2341 4296 admitti

757 4323 810 4377 in
865 4324 1090 4380 domum
1143 4326 1234 4382 Dei
1282 4339 1550 4398 possunt,
1604 4340 1701 4386 aut
1749 4333 2030 4401 quomodo
2087 4348 2212 4390 cum
2264 4334 2346 4389 eis

757 4419 877 4474 sine
926 4421 1183 4478 Ecclesiae
1233 4423 1506 4494 baptismo
1561 4413 1974 4485 communicare
2022 4440 2342 4497 possumus.

759 4511 892 4579 quin
965 4512 1126 4568 simul
1195 4523 1252 4568 et
1323 4515 1481 4569 malis
1540 4530 1730 4571 eorum
1801 4515 1962 4572 factis
2034 4517 2346 4573 communi-

759 4604 992 4661 cemus?

1197 4701 1376 4767 Victor
1416 4721 1449 4758 a
1485 4703 1733 4760 Gemellis
1764 4705 1923 4762 dixit.

834 4792 897 4847 Si
929 4808 1096 4847 tecm
1128 4811 1326 4848 carrum
1355 4795 1538 4861 ducat,
1561 4795 1714 4849 ambo
1743 4796 1798 4848 in
1827 4797 2029 4866 foveam
2067 4796 2352 4853 cadunt".

2359 1901 2410 1963 B

2429 636 2530 706 τῆς
2574 638 2905 708 Ἑκκλησίας
2933 640 3180 710 γένηται,
3213 643 3553 713 πιθηκισμὸν
3599 639 3762 698 εἶναι.

2668 733 3046 800 Σαλουιαγὸς
3084 734 3205 789 ἀπὸ
3243 736 3537 804 Ζυφάλης
3566 730 3763 790 εἶπεν-λ

2503 823 2644 888 Τοὺς
2669 826 2983 896 αίρετικοὺς
3013 827 3182 897 μηδὲν
3216 826 3363 897 ἔχειν
3397 829 3723 898 συνέστηκε,
3778 828 3882 880 καὶ
3933 826 4017 882 διὰ

2428 916 2590 971 τοῦτο
2660 920 2797 989 πρὸς
2860 921 3006 991 ἡμᾶς
3064 920 3318 993 ἔρχονται
3352 962 3368 988 ,
3423 921 3509 975 ἵνα
3567 921 3838 998 λάϐωσιν,
3871 920 3903 974 ὃ
3948 922 4017 992 μὴ

2431 1008 2673 1081 ἔχουσιν.

2705 1104 3035 1176 Ὁνωράτος
3062 1107 3185 1163 ἀπὸ
3214 1109 3494 1177 Λούγκης
3535 1104 3734 1164 εἶπεν.

2514 1198 2711 1252 Ὅπὸτε
2736 1199 2765 1251 ό
2797 1200 3033 1270 Χριστὸς
3076 1199 3288 1270 ἀληθής
3333 1201 3471 1264 ἔστι,
3517 1198 3725 1269 μᾶλλον
3772 1201 3843 1269 τῇ
3889 1197 4019 1269 d111-

2435 1287 2559 1360 θείᾳ
2607 1291 2640 1360 ἢ
2696 1293 2765 1361 τῇ
2801 1290 3066 1364 συνηθείᾳ
3120 1290 3351 1344 ἔπεσθαι
3391 1289 3715 1360 ὀφείλομεν,
3771 1290 3864 1342 ἵνα
3903 1292 4023 1354 τοὺς

2433 1383 2772 1452 αίρετικοὺς,
2821 1382 2912 1438 διὰ
2958 1384 3122 1438 τοῦτο
3147 1383 3284 1453 πρὸς
3331 1384 3479 1453 ἡμᾶς
3528 1382 3895 1453 ἐρχομένους,
3947 1383 4023 1434 ὅτι

2434 1474 2540 1538 ἔξω
2580 1475 2748 1544 μηδὲν
2792 1474 2976 1529 λαῦεἴν
3015 1475 3388 1547 ἠδυνήθησαν,
3417 1473 3494 1545 τῷ
3529 1475 3631 1546 τῆς
3691 1474 4024 1543 Ἐκκλησίας

2436 1567 2780 1638 βαπτίσματι
2809 1569 3152 1638 ἀγιὰσωμεν.

2762 1663 3024 1729 Θύτκτωρ
3052 1662 3172 1716 ἀπὸ
3223 1663 3510 1717 Ὀκτύὄου
3549 1659 3706 1716 εἴπε.

2507 1752 2685 1807 Τοῦτο
2719 1753 2814 1806 καὶ
2860 1753 3028 1816 αὐτὸς
3065 1753 3251 1824 φρονῶ
3287 1754 3374 1806 ἵνα
3399 1755 3449 1807 oi
3499 1754 3610 1806 ἀπὸ
3637 1753 3916 1824 αἱρέσεως
3945 1752 4027 1821 ἐρ-

2434 1844 2659 1915 χόμενοι
2678 1844 3023 1905 ἀδιστάκτως
3053 1840 3419 1913 βαπτισθῶσι.

2719 1933 2978 2002 Κλάριος
3006 1935 3126 1990 ἀπὸ
3175 1936 3544 2002 Μασκούλης
3583 1937 3742 1990 εἷπε.

2504 2025 2779 2095 Πρόδηλός
2810 2025 3012 2095 ἐστινῄ
3061 2025 3154 2078 τοῦ
3212 2026 3421 2095 Κυρίου
3469 2025 3629 2094 ἡμῶν
3675 2023 3864 2093 Ἰησοῦ
3899 2025 4026 2091 Χρι-

2437 2117 2566 2172 στοῦ
2600 2118 2878 2186 ἀπόφασις
2907 2117 3331 2180 ἀποστέλλοντος
3353 2118 3481 2180 τοὺς
3518 2116 3724 2170 ἑαυτοῦ
3792 2117 4021 2169 ἀποστό-

2435 2213 2582 2276 λους,
2604 2213 2699 2266 καῖ
2726 2212 2911 2272 αὐτοῖς
2941 2210 3127 2278 μόνοις
3185 2209 3286 2281 τὴν
3325 2210 3578 2276 ἐξουσίαν
3611 2209 4025 2280 ἐπιτρέποντος,

2435 2298 2519 2367 οἷς
2542 2305 2706 2374 ἡμεῖς
2756 2300 3248 2372 ἑξακολουθοῦμεν,
3301 2303 3370 2372 τῇ
3429 2301 3618 2355 αὐτῶν
3666 2301 3902 2372 ἐξουσίᾳ
3939 2305 4026 2369 τὴν

2437 2393 2772 2465 Ἐκκλησίαν
2817 2393 2915 2448 τοῦ
2973 2393 3115 2448 Θεοῦ
3167 2393 3563 2464 κυϐερνῶντες,
3620 2393 3723 2446 καὶ
3759 2393 3893 2456 τοὺς
3943 2411 4029 2444 πι-

2439 2488 2731 2552 στεύοντας
2773 2487 3143 2557 βαπτίζοντες.
3183 2485 3293 2539 Καὶ
3327 2487 3416 2540 διὰ
3452 2485 3616 2539 τοῦτο
3656 2485 3710 2538 οί
3745 2486 4027 2554 αίρετιιοὶ,

2437 2583 2485 2636 oi
2518 2581 2658 2650 μήτε
2701 2579 2800 2652 τὴν
2849 2579 3102 2644 ἐξουσίαν
3158 2578 3399 2648 ἔχοντες,
3464 2579 3605 2648 μήτε
3634 2577 3740 2648 τὴν
3801 2576 4029 2645 Ἐκκλη-

2441 2673 2738 2738 clamauit
2770 2672 3057 2742 βαπτίζειν
3110 2671 3187 2740 τῷ
3248 2670 3351 2741 τῆς
3421 2670 3759 2757 Ἐκκλησίας
3832 2667 4026 2738 βαπτί·

2443 2784 2611 2839 σματι
2641 2766 2924 2821 δύνανται.

2672 2859 3115 2923 Σεκουνδιανὸς
3143 2858 3261 2912 ἀπὸ
3293 2856 3534 2926 Θάμϐης
3569 2853 3768 2912 εἶπεν.

2513 2952 2785 3022 Οὐδαμῶς
2835 2952 3127 3021 ὀφείλομεν
3158 2952 3289 3014 τοὺς
3329 2950 3738 3020 αίρετικοὺςτῇ
3787 2948 4036 3018 ἡμετέρᾳ

2441 3045 2748 3117 φιλονεικίᾳ
2786 3043 3111 3116 ἐνεδρεύειν,
3170 3043 3256 3097 ῐνα
3291 3042 3342 3096 oi
3377 3042 3438 3095 ἐν
3475 3044 3540 3112 τῇ
3591 3040 3909 3111 Ἐκκλησία
3949 3037 4038 3092 τοῦ

2441 3139 2650 3210 Κυρίου
2700 3138 2862 3209 ἡμῶν
2939 3136 3119 3208 Ἰησοῦ
3179 3136 3419 3208 Χριστοῦ
3457 3135 3532 3205 μὴ
3596 3135 4036 3204 βαπτπθὲντες,

2443 3233 2645 3286 ὁπόταν
2674 3232 2708 3302 ἡ
2738 3229 2926 3302 ἡμέρα
2966 3231 3066 3300 τῆς
3099 3229 3337 3300 κρίσεως
3369 3227 3520 3298 ἔλθῃ,
3557 3228 3714 3298 ἡμᾶς
3747 3227 4040 3279 alui.ch-

2442 3339 2557 3384 ται,
2587 3323 2671 3375 ὅτι
2696 3321 2764 3375 δι’
2787 3322 2934 3392 ἡμᾶς
2963 3321 3064 3374 οὐκ
3079 3318 3512 3389 ἐϐαπτίσθησαν,
3541 3316 3660 3369 οὐδὲ
3694 3317 3801 3386 τὴν
3842 3317 4034 3384 ἄφεσιν

2443 3416 2555 3471 τῶν
2593 3414 2887 3486 ἁμαρτιῶν
2952 3412 3166 3468 ἔλαϐον.
3243 3412 3456 3481 Διόπερ
3518 3411 3649 3478 μιᾶς
3705 3409 3885 3479 οὔσης
3951 3411 4041 3477 τῆς

2457 3508 2789 3576 Ἐκκλησίας
2826 3507 2921 3560 καὶ
2955 3506 3077 3568 ἑνὸς
3111 3503 3514 3574 βαπτίσματος,
3544 3505 3676 3556 ὅταν
3707 3503 3857 3572 πρὸς
3900 3504 4041 3571 ἡμᾶς

2445 3600 2664 3662 ἔλθωσι,
2693 3599 2831 3669 μετὰ
2860 3598 2959 3663 τῆς
3021 3595 3354 3673 Ἐκιιλησίας
3392 3594 3488 3648 καὶ
3521 3594 3615 3648 τοῦ
3653 3593 4043 3664 βαπτίσματος

2443 3689 2630 3758 τυχεῖν
2663 3687 2989 3753 ὀφείλουσιν.

2686 3778 2986 3845 Αὐρήλιος
3034 3777 3157 3832 ἀπὸ
3201 3775 3526 3844 Χουαὸῆς
3561 3773 3763 3831 εἶπεν.

2535 3871 2793 3941 Ἰωάννης
2818 3873 2846 3922 ὁ
2881 3868 3179 3931 ἀπόστολος
3232 3871 3292 3922 ὲν
3333 3869 3628 3939 Ἐπιστολῇ
3685 3867 3868 3923 αὑτοῦ
3906 3870 4040 3940 ἔφη·

2447 3963 2522 4019 El
2548 3981 2641 4030 τις
2664 3963 2903 4031 ἔρχεται
2937 3964 3089 4029 πρὸς
3111 3959 3300 4031 ὑμᾶς,
3350 3959 3450 4015 καί
3497 3961 3614 4028 τὴν
3643 3960 3926 4031 διδαχὴν
3946 3962 4041 4015 τοῦ

2449 4058 2599 4114 Θεοῦ
2635 4058 2706 4111 οὐ
2745 4056 2936 4126 φέρει,
2960 4056 3047 4125 μὴ
3074 4053 3414 4123 λαμϐάνετε
3457 4054 3649 4109 αὐτὸν
3697 4057 3794 4120 είς
3823 4057 4039 4116 οὶκίαν,

2447 4151 2547 4206 καὶ
2574 4151 2807 4220 χαίρειν
2839 4148 3001 4213 αὐτῷ
3038 4147 3124 4218 μὴ
3153 4147 3382 4217 λέγετε.
3423 4147 3483 4200 '0
3513 4147 3689 4215 λέγων
3727 4149 3890 4216 αὖτῷ
3938 4148 4044 4219 χιε-

2451 4262 2590 4317 ρειν,
2624 4245 2876 4297 κοινωνεί
2939 4242 3054 4304 τοῖς
3081 4239 3263 4308 λόγοις
3308 4239 3475 4293 αὑτοῦ
3529 4239 3626 4292 καὶ
3689 4243 3809 4301 τοῖς
3868 4239 4040 4310 ἔργοις

2449 4340 2566 4400 τοῖς
2595 4337 2875 4407 πονηροῖς.
2906 4333 3039 4396 ’Πῶς
3068 4328 3161 4387 οὖν
3189 4325 3334 4386 οὗτοι
3357 4329 3715 4401 είσδεχθῆναι
3753 4333 3835 4393 είς
3873 4332 4040 4382 οἰκίαι

2449 4427 2545 4480 τοῦ
2579 4425 2716 4480 Θεοῦ
2750 4422 3095 4493 δύνανται,ῆ
3136 4421 3256 4485 πῶς
3309 4421 3499 4483 αὐτοῖς
3560 4422 3741 4490 χωρὶς
3797 4420 3898 4474 τοῦ
3953 4420 4042 4486 τῆς

2458 4513 2799 4585 Ἐκκλησίας
2823 4511 3205 4582 βαπτίσματος
3233 4511 3567 4579 κοινωνῆσαι
3628 4509 3947 4580 δυνάμεθα,
3999 4517 4038 4564 εἰ

2377 4607 2424 4665 D
2458 4610 2532 4682 μὴ
2558 4612 2672 4672 τοῖς
2703 4607 2964 4676 πονηροῖς
2991 4604 3172 4657 αὐτῶν
3199 4603 3385 4673 ἔργοις
3419 4603 3838 4671 κοινωνοῦμεν;

2758 4702 2986 4767 Βίκτωρ
3025 4698 3145 4752 ἀπὸ
3201 4696 3519 4765 Γεμέλλων
3551 4691 3714 4750 εἷπε.

2526 4791 2765 4862 Τυφλὸς
2792 4792 3031 4860 τυφλὸν
3052 4790 3165 4844 ἐὰν
3205 4787 3420 4857 ὁδηγῇ.
3455 4787 3792 4855 ἀμφότεροι
3821 4790 3911 4854 είς
3949 4788 4041 4852 ,Βό-

760 4886 898 4940 Cum
944 4900 1076 4957 ergo
1108 4886 1396 4949 haereticos
1436 4898 1652 4945 constet
1694 4904 1804 4944 non
1851 4903 2012 4958 posse
2038 4889 2339 4944 illuminart

2452 4891 2644 4944 θυνον
2671 4885 3027 4940 πεσοῦνται.
3078 4880 3236 4939 Ἐπεὶ
3268 4877 3365 4935 οὗν
3393 4881 3564 4950 σαφές
3610 4881 3738 4934 ἐστι
3829 4882 3909 4952 μὴ
3959 4881 4038 4934 δύο

761 4993 1117 5051 quemquam,
1171 4997 1294 5038 cum
1344 4981 1448 5052 ipsi
1501 4981 1632 5044 caeci
1677 4982 1809 5048 sint,
1855 4981 2048 5038 talium
2079 4981 2351 5054 baptisma

763 5088 873 5126 non
904 5075 1066 5131 valet.

1117 5258 1283 5332 374
1307 5259 1560 5316 Μοιοιὶιιε
1590 5261 1655 5316 ab
1679 5260 1796 5316 (Ea
1822 5263 1983 5318 dixit.

837 5347 971 5404 Tam
1000 5365 1101 5417 ego
1133 5368 1396 5423 praisens,
1438 5370 1601 5425 quam
1645 5355 1937 5426 Pompeius
1977 5354 2349 5425 Sabratensis,

767 5452 821 5496 et
873 5444 1036 5514 Dioga
1085 5443 1561 5520 Leptimagensis,
1612 5449 1707 5521 qui
1761 5450 1893 5505 mihi
1943 5450 2348 5506 mandaverunt

769 5552 1003 5606 corpore
1051 5541 1272 5608 quidem
1326 5541 1602 5605 absentes,
1656 5541 1752 5598 sed
1796 5542 1990 5612 spiritu
2036 5550 2353 5610 praesentes,

771 5643 1085 5697 censemus,
1132 5632 1280 5702 quod
1330 5640 1384 5688 et
1423 5634 1577 5689 multi
1619 5633 1924 5704 coepiscOpi
1956 5634 2170 5698 nostri;
2207 5633 2354 5706 quod

774 5720 1015 5777 haeretici
1060 5725 1610 5780 communicationem
1661 5725 1862 5781 habere
1913 5725 2199 5783 nobiscum
2247 5739 2354 5782 non

775 5827 1027 5886 possunt,
1065 5816 1172 5872 nisi
1206 5831 1234 5870 a
1265 5817 1424 5876 nobis
1457 5819 1659 5875 fuerint
1689 5817 1968 5889 baptizati.
2151 5815 2155 5819 ’

880 5938 921 5969 οι
959 5934 1180 5994 llJoan.
1220 5957 1256 6006 ι,
1301 5937 1384 5994 l0.
1499 5939 1544 5972 η
1583 5937 1775 5994 Matth.
1811 5896 2046 6000 Χν,14..

2452 4978 2649 5033 νασθαι
2703 4975 2985 5047 αἱρετικόν
3033 4989 3163 5027 τινα
3224 4974 3485 5041 φωτίσαι,
3553 4971 3652 5026 ἁτε
3719 4971 3791 5042 δὴ
3836 4971 4041 5041 τυφλῶν

2456 5069 2643 5125 αὐτῶν
2714 5069 2906 5134 ὄντων,
2970 5064 3082 5121 τῶν
3134 5064 3400 5120 τοιούτων
3453 5065 3516 5117 τὸ
3545 5063 3849 5135 βάπτισμα
3907 5067 4040 5119 οὐδιῆ

2457 5165 2596 5219 ἔστι.

2857 5253 3159 5316 Maedicae
3184 5252 3307 5308 ἀπὸ
3341 5253 3482 5318 Οιας
3508 5247 3662 5306 εἷπε.

2534 5348 2708 5420 Κάγὼ
2733 5347 2945 5419 παρὼν,
2997 5347 3097 5401 καὶ
3124 5347 3414 5416 Πομπήϊος
3468 5346 3577 5398 ἀπὸ
3603 5344 3933 5415 Σαδρὰτων,
3962 5347 4038 5397 καὶ

2460 5441 2661 5511 Διογὰς
2695 5439 2807 5494 ἀπὸ
2839 5437 3262 5507 Δεπτιμὰγνης,
3313 5435 3474 5506 οἷπερ
3532 5434 3888 5489 ἐνετείλαπὸ
3941 5454 4037 5504 μοι,

2459 5536 2675 5606 σώματι
2707 5535 2808 5603 μὲν
2852 5530 3112 5593 ἀπόντες,
3167 5529 3246 5598 τῷ
3298 5527 3358 5581 δι
3414 5526 3695 5596 πνεύματι
3760 5531 4036 5599 παρόντες,

2456 5631 2742 5701 κρίνομεν,
2797 5627 2936 5695 ὅπερ
2998 5622 3096 5676 καὶ
3173 5620 3377 5674 πολλοὶ·
3416 5619 3822 5675 συνεπίσκοποι
3870 5622 4036 5692 ἠμὲν,

2454 5724 2585 5787 τοὺς
2609 5720 2926 5794 αίρετικοὺς
2988 5717 3273 5771 κοινωνεῖν
3305 5714 3442 5785 ἡμῖν
3501 5710 3581 5784 μὴ
3606 5710 3902 5780 δύνασθαι,
3951 5712 4036 5764 εὰν

2461 5815 2538 5888 μη
2575 5813 2708 5886 παρ’
2735 5811 2895 5885 ἡμῶν
2927 5804 3328 5884 βαπτισθῶσιν.
