  <div class='ocr_page' id='page_1' title='image "/cluster/home/n/w/nwhite01/storage/ocr_20150623/137/nnc1.0046979786/602.png"; bbox 0 0 4166 6438; ppageno 0'>
   <div class='ocr_carea' id='block_1_1' title="bbox 127 376 260 444">
    <p class='ocr_par' dir='ltr' id='par_1_1' title="bbox 127 376 260 444">
     <span class='ocr_line' id='line_1_1' title="bbox 127 376 260 444; baseline -0.023 0"><span class='ocrx_word' id='word_1_1' title='bbox 127 376 260 444; x_wconf 69' lang='grc'><strong>1125</strong></span> 
     </span>
    </p>
   </div>
   <div class='ocr_carea' id='block_1_2' title="bbox 1266 377 2218 442">
    <p class='ocr_par' dir='ltr' id='par_1_2' title="bbox 1266 377 2218 442">
     <span class='ocr_line' id='line_1_2' title="bbox 1266 377 2218 442; baseline -0.007 0"><span class='ocrx_word' id='word_1_2' title='bbox 1266 383 1346 442; x_wconf 78' lang='lat' dir='ltr'><strong>IN</strong></span> <span class='ocrx_word' id='word_1_3' title='bbox 1385 382 1554 442; x_wconf 74' lang='lat' dir='ltr'><strong>CAN.</strong></span> <span class='ocrx_word' id='word_1_4' title='bbox 1599 381 1656 439; x_wconf 86' lang='grc' dir='ltr'>Π</span> <span class='ocrx_word' id='word_1_5' title='bbox 1700 378 1907 440; x_wconf 67' lang='lat' dir='ltr'><strong>CONC.</strong></span> <span class='ocrx_word' id='word_1_6' title='bbox 1950 377 2218 436; x_wconf 64' lang='lat' dir='ltr'><strong>ANCYR.</strong></span> 
     </span>
    </p>
   </div>
   <div class='ocr_carea' id='block_1_3' title="bbox 3215 369 3348 436">
    <p class='ocr_par' dir='ltr' id='par_1_3' title="bbox 3215 369 3348 436">
     <span class='ocr_line' id='line_1_3' title="bbox 3215 369 3348 436; baseline 0 -3"><span class='ocrx_word' id='word_1_7' title='bbox 3215 369 3348 436; x_wconf 69' lang='lat' dir='ltr'><strong>lies</strong></span> 
     </span>
    </p>
   </div>
   <div class='ocr_carea' id='block_1_4' title="bbox 117 494 1695 570">
    <p class='ocr_par' dir='ltr' id='par_1_4' title="bbox 117 494 1687 568">
     <span class='ocr_line' id='line_1_4' title="bbox 117 494 1687 568; baseline 0.004 -18"><span class='ocrx_word' id='word_1_8' title='bbox 117 513 172 550; x_wconf 79' lang='grc' dir='ltr'><strong>τι</strong></span> <span class='ocrx_word' id='word_1_9' title='bbox 203 497 322 550; x_wconf 83' lang='grc' dir='ltr'>ἄλλο</span> <span class='ocrx_word' id='word_1_10' title='bbox 362 498 608 567; x_wconf 78' lang='grc' dir='ltr'><strong>ἐνεργεῖν</strong></span> <span class='ocrx_word' id='word_1_11' title='bbox 650 497 963 568; x_wconf 74' lang='grc' dir='ltr'>ίερατικόνο</span> <span class='ocrx_word' id='word_1_12' title='bbox 995 499 1136 552; x_wconf 80' lang='grc' dir='ltr'>ὥστε</span> <span class='ocrx_word' id='word_1_13' title='bbox 1177 498 1235 564; x_wconf 78' lang='grc' dir='ltr'>ἐξ</span> <span class='ocrx_word' id='word_1_14' title='bbox 1281 494 1687 556; x_wconf 79' lang='grc' dir='ltr'>άντιδιαστολῆς</span> 
     </span>
    </p>
   </div>
   <div class='ocr_carea' id='block_1_5' title="bbox 1792 494 3353 570">
    <p class='ocr_par' dir='ltr' id='par_1_5' title="bbox 1792 497 3353 570">
     <span class='ocr_line' id='line_1_5' title="bbox 1792 497 3353 570; baseline -0.002 -19"><span class='ocrx_word' id='word_1_15' title='bbox 1792 499 1922 552; x_wconf 80' lang='lat' dir='ltr'><strong>iliud</strong></span> <span class='ocrx_word' id='word_1_16' title='bbox 1963 499 2305 556; x_wconf 92' lang='lat' dir='ltr'><strong>sacerdotale</strong></span> <span class='ocrx_word' id='word_1_17' title='bbox 2347 507 2741 570; x_wconf 82' lang='lat' dir='ltr'><strong>exsequantur.</strong></span> <span class='ocrx_word' id='word_1_18' title='bbox 2775 497 3142 566; x_wconf 82' lang='lat' dir='ltr'><strong>Quamobrem</strong></span> <span class='ocrx_word' id='word_1_19' title='bbox 3185 509 3353 565; x_wconf 80' lang='lat' dir='ltr'><strong>argu-</strong></span> 
     </span>
    </p>
   </div>
   <div class='ocr_carea' id='block_1_6' title="bbox 119 589 1688 661">
    <p class='ocr_par' dir='ltr' id='par_1_6' title="bbox 119 589 1688 661">
     <span class='ocr_line' id='line_1_6' title="bbox 119 589 1688 661; baseline 0.004 -21"><span class='ocrx_word' id='word_1_20' title='bbox 119 589 167 640; x_wconf 83' lang='lat' dir='ltr'><strong>oi</strong></span> <span class='ocrx_word' id='word_1_21' title='bbox 207 589 399 658; x_wconf 81' lang='grc' dir='ltr'>ἓτεροι,</span> <span class='ocrx_word' id='word_1_22' title='bbox 428 590 477 640; x_wconf 91' lang='grc' dir='ltr'><strong>οί</strong></span> <span class='ocrx_word' id='word_1_23' title='bbox 512 591 661 658; x_wconf 73' lang='grc' dir='ltr'>παρὰ</span> <span class='ocrx_word' id='word_1_24' title='bbox 704 590 926 653; x_wconf 76' lang='grc' dir='ltr'><strong>τούτους</strong></span> <span class='ocrx_word' id='word_1_25' title='bbox 969 591 1044 660; x_wconf 79' lang='grc' dir='ltr'>μὴ</span> <span class='ocrx_word' id='word_1_26' title='bbox 1084 592 1507 661; x_wconf 83' lang='grc' dir='ltr'>πραγματικῶς,</span> <span class='ocrx_word' id='word_1_27' title='bbox 1549 593 1688 646; x_wconf 72' lang='grc' dir='ltr'>ἀλλὰ</span> 
     </span>
    </p>
   </div>
   <div class='ocr_carea' id='block_1_7' title="bbox 124 678 1688 750">
    <p class='ocr_par' dir='ltr' id='par_1_7' title="bbox 124 678 1688 750">
     <span class='ocr_line' id='line_1_7' title="bbox 124 678 1688 750; baseline 0.004 -21"><span class='ocrx_word' id='word_1_28' title='bbox 124 678 256 746; x_wconf 80' lang='grc' dir='ltr'>μετὰ</span> <span class='ocrx_word' id='word_1_29' title='bbox 289 678 484 747; x_wconf 67' lang='grc' dir='ltr'>σκῆψιν</span> <span class='ocrx_word' id='word_1_30' title='bbox 511 678 614 742; x_wconf 70' lang='grc' dir='ltr'>τὰς</span> <span class='ocrx_word' id='word_1_31' title='bbox 645 679 912 749; x_wconf 75' lang='grc' dir='ltr'><strong>βασάνους</strong></span> <span class='ocrx_word' id='word_1_32' title='bbox 956 683 1449 750; x_wconf 70' lang='grc' dir='ltr'>προφασισάμενοι,</span> <span class='ocrx_word' id='word_1_33' title='bbox 1478 685 1572 736; x_wconf 80' lang='grc' dir='ltr'>καὶ</span> <span class='ocrx_word' id='word_1_34' title='bbox 1597 684 1688 736; x_wconf 82' lang='grc' dir='ltr'><strong>τὸν</strong></span> 
     </span>
    </p>
   </div>
   <div class='ocr_carea' id='block_1_8' title="bbox 119 768 1686 846">
    <p class='ocr_par' dir='ltr' id='par_1_8' title="bbox 119 768 1686 846">
     <span class='ocr_line' id='line_1_8' title="bbox 119 768 1686 846; baseline 0.006 -28"><span class='ocrx_word' id='word_1_35' title='bbox 119 768 249 819; x_wconf 65' lang='grc' dir='ltr'>θεὸν</span> <span class='ocrx_word' id='word_1_36' title='bbox 279 769 666 838; x_wconf 68' lang='grc' dir='ltr'><strong>ἀρνησάμενοι,</strong></span> <span class='ocrx_word' id='word_1_37' title='bbox 703 770 826 822; x_wconf 83' lang='grc' dir='ltr'><strong>ούδέ</strong></span> <span class='ocrx_word' id='word_1_38' title='bbox 869 771 1036 840; x_wconf 85' lang='grc' dir='ltr'>τιμῆς</span> <span class='ocrx_word' id='word_1_39' title='bbox 1079 770 1112 840; x_wconf 85' lang='grc' dir='ltr'><strong>ἢ</strong></span> <span class='ocrx_word' id='word_1_40' title='bbox 1151 772 1421 843; x_wconf 78' lang='grc' dir='ltr'><strong>καθέδρας</strong></span> <span class='ocrx_word' id='word_1_41' title='bbox 1449 773 1686 846; x_wconf 76' lang='grc' dir='ltr'><strong>ἀξιωθὴ-</strong></span> 
     </span>
    </p>
   </div>
   <div class='ocr_carea' id='block_1_9' title="bbox 122 861 1689 937">
    <p class='ocr_par' dir='ltr' id='par_1_9' title="bbox 122 861 1689 937">
     <span class='ocr_line' id='line_1_9' title="bbox 122 861 1689 937; baseline 0.007 -27"><span class='ocrx_word' id='word_1_42' title='bbox 122 876 318 913; x_wconf 86' lang='grc' dir='ltr'>σονται.</span> <span class='ocrx_word' id='word_1_43' title='bbox 350 861 415 912; x_wconf 89' lang='grc' dir='ltr'>Τί</span> <span class='ocrx_word' id='word_1_44' title='bbox 457 861 538 919; x_wconf 79' lang='grc' dir='ltr'><strong>δὲ.</strong></span> <span class='ocrx_word' id='word_1_45' title='bbox 571 861 646 923; x_wconf 81' lang='grc' dir='ltr'>ὡς</span> <span class='ocrx_word' id='word_1_46' title='bbox 677 863 997 932; x_wconf 68' lang='grc' dir='ltr'><strong>Χριστιανοὶ</strong></span> <span class='ocrx_word' id='word_1_47' title='bbox 1041 863 1228 927; x_wconf 81' lang='grc' dir='ltr'>ἁπλῶς</span> <span class='ocrx_word' id='word_1_48' title='bbox 1269 867 1408 935; x_wconf 87' lang='grc' dir='ltr'>μετὰ</span> <span class='ocrx_word' id='word_1_49' title='bbox 1437 867 1689 937; x_wconf 76' lang='grc' dir='ltr'><strong>δακρύων</strong></span> 
     </span>
    </p>
   </div>
   <div class='ocr_carea' id='block_1_10' title="bbox 123 951 1691 1030">
    <p class='ocr_par' dir='ltr' id='par_1_10' title="bbox 123 951 1691 1030">
     <span class='ocr_line' id='line_1_10' title="bbox 123 951 1691 1030; baseline 0.008 -29"><span class='ocrx_word' id='word_1_50' title='bbox 123 951 503 1018; x_wconf 83' lang='grc' dir='ltr'>μετανοοῦντες</span> <span class='ocrx_word' id='word_1_51' title='bbox 561 955 656 1005; x_wconf 78' lang='grc' dir='ltr'>καὶ</span> <span class='ocrx_word' id='word_1_52' title='bbox 721 953 1208 1024; x_wconf 76' lang='grc' dir='ltr'><strong>ἐξομολογούμενοι</strong></span> <span class='ocrx_word' id='word_1_53' title='bbox 1270 957 1331 1009; x_wconf 79' lang='grc' dir='ltr'>τὸ</span> <span class='ocrx_word' id='word_1_54' title='bbox 1387 960 1691 1030; x_wconf 83' lang='grc' dir='ltr'>ἁμάρτημα</span> 
     </span>
    </p>
   </div>
   <div class='ocr_carea' id='block_1_11' title="bbox 118 1043 1691 1126">
    <p class='ocr_par' dir='ltr' id='par_1_11' title="bbox 118 1043 1691 1126">
     <span class='ocr_line' id='line_1_11' title="bbox 118 1043 1691 1126; baseline 0.009 -33"><span class='ocrx_word' id='word_1_55' title='bbox 118 1043 463 1111; x_wconf 69' lang='grc' dir='ltr'>δεχθήσονται</span> <span class='ocrx_word' id='word_1_56' title='bbox 487 1060 503 1108; x_wconf 87' lang='lat'><strong>;</strong></span> <span class='ocrx_word' id='word_1_57' title='bbox 554 1045 710 1115; x_wconf 77' lang='grc' dir='ltr'>Ἐμοὶ</span> <span class='ocrx_word' id='word_1_58' title='bbox 732 1047 870 1110; x_wconf 87' lang='grc' dir='ltr'>τέως</span> <span class='ocrx_word' id='word_1_59' title='bbox 891 1047 1060 1102; x_wconf 81' lang='grc' dir='ltr'>δοκεῖ.</span> <span class='ocrx_word' id='word_1_60' title='bbox 1088 1049 1165 1102; x_wconf 87' lang='grc' dir='ltr'>Ού</span> <span class='ocrx_word' id='word_1_61' title='bbox 1190 1054 1298 1119; x_wconf 82' lang='grc' dir='ltr'><strong>γαρ</strong></span> <span class='ocrx_word' id='word_1_62' title='bbox 1327 1053 1477 1106; x_wconf 81' lang='grc' dir='ltr'>ἐστιν</span> <span class='ocrx_word' id='word_1_63' title='bbox 1507 1054 1691 1126; x_wconf 82' lang='grc' dir='ltr'>ἁμαρ-</span> 
     </span>
    </p>
   </div>
   <div class='ocr_carea' id='block_1_12' title="bbox 119 1133 1438 1216">
    <p class='ocr_par' dir='ltr' id='par_1_12' title="bbox 119 1133 1438 1216">
     <span class='ocr_line' id='line_1_12' title="bbox 119 1133 1438 1216; baseline 0.014 -31"><span class='ocrx_word' id='word_1_64' title='bbox 119 1133 209 1186; x_wconf 82' lang='grc' dir='ltr'><strong>τία</strong></span> <span class='ocrx_word' id='word_1_65' title='bbox 235 1135 435 1190; x_wconf 86' lang='grc' dir='ltr'>νικῶσα</span> <span class='ocrx_word' id='word_1_66' title='bbox 459 1137 558 1206; x_wconf 73' lang='grc' dir='ltr'>τὴν</span> <span class='ocrx_word' id='word_1_67' title='bbox 581 1138 671 1190; x_wconf 78' lang='grc' dir='ltr'>τοῦ</span> <span class='ocrx_word' id='word_1_68' title='bbox 699 1139 834 1193; x_wconf 82' lang='grc' dir='ltr'>Θεοῦ</span> <span class='ocrx_word' id='word_1_69' title='bbox 863 1141 1275 1214; x_wconf 72' lang='grc' dir='ltr'><strong>φιλανθρωπίαν</strong></span> <span class='ocrx_word' id='word_1_70' title='bbox 1304 1144 1438 1216; x_wconf 87' lang='grc'><strong>(70).</strong></span> 
     </span>
    </p>
   </div>
   <div class='ocr_carea' id='block_1_13' title="bbox 194 1314 1696 1398">
    <p class='ocr_par' dir='ltr' id='par_1_13' title="bbox 194 1314 1696 1398">
     <span class='ocr_line' id='line_1_13' title="bbox 194 1314 1696 1398; baseline 0.013 -32"><span class='ocrx_word' id='word_1_71' title='bbox 194 1314 432 1369; x_wconf 68' lang='grc' dir='ltr'><strong>ΖΩΝᾸΡ.</strong></span> <span class='ocrx_word' id='word_1_72' title='bbox 473 1318 593 1368; x_wconf 78' lang='grc' dir='ltr'><strong>Τῶν</strong></span> <span class='ocrx_word' id='word_1_73' title='bbox 627 1318 1027 1389; x_wconf 74' lang='grc' dir='ltr'>ὑποκυψάντων</span> <span class='ocrx_word' id='word_1_74' title='bbox 1069 1325 1126 1378; x_wconf 89' lang='grc' dir='ltr'><strong>ἐν</strong></span> <span class='ocrx_word' id='word_1_75' title='bbox 1153 1328 1266 1388; x_wconf 78' lang='grc' dir='ltr'>τοῖς</span> <span class='ocrx_word' id='word_1_76' title='bbox 1299 1327 1562 1398; x_wconf 76' lang='grc' dir='ltr'><strong>διωγμοῖς</strong></span> <span class='ocrx_word' id='word_1_77' title='bbox 1585 1334 1696 1395; x_wconf 83' lang='grc' dir='ltr'>τοῖς</span> 
     </span>
    </p>
   </div>
   <div class='ocr_carea' id='block_1_14' title="bbox 120 1406 1699 1490">
    <p class='ocr_par' dir='ltr' id='par_1_14' title="bbox 120 1406 1699 1490">
     <span class='ocr_line' id='line_1_14' title="bbox 120 1406 1699 1490; baseline 0.011 -35"><span class='ocrx_word' id='word_1_78' title='bbox 120 1406 398 1470; x_wconf 70' lang='grc' dir='ltr'>τυράννοις</span> <span class='ocrx_word' id='word_1_79' title='bbox 431 1408 526 1458; x_wconf 79' lang='grc' dir='ltr'>καὶ</span> <span class='ocrx_word' id='word_1_80' title='bbox 557 1407 838 1464; x_wconf 89' lang='grc' dir='ltr'>θυσάντων</span> <span class='ocrx_word' id='word_1_81' title='bbox 864 1412 913 1464; x_wconf 78' lang='grc' dir='ltr'>οἱ</span> <span class='ocrx_word' id='word_1_82' title='bbox 954 1413 1052 1481; x_wconf 77' lang='grc' dir='ltr'>μὲν</span> <span class='ocrx_word' id='word_1_83' title='bbox 1079 1414 1334 1483; x_wconf 79' lang='grc' dir='ltr'><strong>βασάνοις</strong></span> <span class='ocrx_word' id='word_1_84' title='bbox 1361 1416 1699 1490; x_wconf 80' lang='grc' dir='ltr'>ὑποϐληθέν-</span> 
     </span>
    </p>
   </div>
   <div class='ocr_carea' id='block_1_15' title="bbox 121 1499 1696 1581">
    <p class='ocr_par' dir='ltr' id='par_1_15' title="bbox 121 1499 1696 1581">
     <span class='ocr_line' id='line_1_15' title="bbox 121 1499 1696 1581; baseline 0.011 -34"><span class='ocrx_word' id='word_1_85' title='bbox 121 1513 232 1558; x_wconf 85' lang='grc' dir='ltr'>τες,</span> <span class='ocrx_word' id='word_1_86' title='bbox 257 1499 346 1549; x_wconf 73' lang='grc' dir='ltr'>καὶ</span> <span class='ocrx_word' id='word_1_87' title='bbox 372 1502 435 1566; x_wconf 78' lang='grc' dir='ltr'><strong>τῇ</strong></span> <span class='ocrx_word' id='word_1_88' title='bbox 470 1499 559 1568; x_wconf 75' lang='grc' dir='ltr'><strong>βία</strong></span> <span class='ocrx_word' id='word_1_89' title='bbox 584 1500 756 1570; x_wconf 84' lang='grc' dir='ltr'>τούτῳ</span> <span class='ocrx_word' id='word_1_90' title='bbox 785 1504 878 1555; x_wconf 72' lang='grc' dir='ltr'><strong>καὶ</strong></span> <span class='ocrx_word' id='word_1_91' title='bbox 898 1506 962 1574; x_wconf 83' lang='grc' dir='ltr'>τῇ</span> <span class='ocrx_word' id='word_1_92' title='bbox 991 1504 1284 1578; x_wconf 82' lang='grc' dir='ltr'><strong>δριμύτητι</strong></span> <span class='ocrx_word' id='word_1_93' title='bbox 1317 1507 1481 1581; x_wconf 75' lang='grc' dir='ltr'>μέχρι</span> <span class='ocrx_word' id='word_1_94' title='bbox 1506 1511 1696 1575; x_wconf 81' lang='grc' dir='ltr'><strong>τέλους</strong></span> 
     </span>
    </p>
   </div>
   <div class='ocr_carea' id='block_1_16' title="bbox 121 1589 1700 1669">
    <p class='ocr_par' dir='ltr' id='par_1_16' title="bbox 121 1589 1700 1669">
     <span class='ocr_line' id='line_1_16' title="bbox 121 1589 1700 1669; baseline 0.013 -31"><span class='ocrx_word' id='word_1_95' title='bbox 121 1589 391 1657; x_wconf 85' lang='grc' dir='ltr'>ἀντίσχειν</span> <span class='ocrx_word' id='word_1_96' title='bbox 423 1592 496 1660; x_wconf 77' lang='grc' dir='ltr'>μὴ</span> <span class='ocrx_word' id='word_1_97' title='bbox 525 1591 866 1657; x_wconf 77' lang='grc' dir='ltr'><strong>δυναμένοις,</strong></span> <span class='ocrx_word' id='word_1_98' title='bbox 898 1595 1214 1666; x_wconf 77' lang='grc' dir='ltr'>ἡττήθησαν</span> <span class='ocrx_word' id='word_1_99' title='bbox 1248 1601 1345 1652; x_wconf 77' lang='grc' dir='ltr'>καὶ</span> <span class='ocrx_word' id='word_1_100' title='bbox 1390 1602 1488 1669; x_wconf 78' lang='grc' dir='ltr'>τὴν</span> <span class='ocrx_word' id='word_1_101' title='bbox 1516 1604 1700 1658; x_wconf 87' lang='grc' dir='ltr'>πίστιν</span> 
     </span>
    </p>
   </div>
   <div class='ocr_carea' id='block_1_17' title="bbox 119 1682 1701 1764">
    <p class='ocr_par' dir='ltr' id='par_1_17' title="bbox 119 1682 1701 1764">
     <span class='ocr_line' id='line_1_17' title="bbox 119 1682 1701 1764; baseline 0.012 -33"><span class='ocrx_word' id='word_1_102' title='bbox 119 1682 450 1750; x_wconf 74' lang='grc' dir='ltr'>ἠρνήσαντο·</span> <span class='ocrx_word' id='word_1_103' title='bbox 482 1685 531 1736; x_wconf 92' lang='grc' dir='ltr'><strong>οί</strong></span> <span class='ocrx_word' id='word_1_104' title='bbox 562 1683 618 1736; x_wconf 79' lang='grc' dir='ltr'>δὲ</span> <span class='ocrx_word' id='word_1_105' title='bbox 662 1688 756 1738; x_wconf 76' lang='grc' dir='ltr'>καὶ</span> <span class='ocrx_word' id='word_1_106' title='bbox 791 1686 896 1757; x_wconf 73' lang='grc' dir='ltr'><strong>πρὸ</strong></span> <span class='ocrx_word' id='word_1_107' title='bbox 925 1690 1022 1758; x_wconf 81' lang='grc' dir='ltr'>τῆς</span> <span class='ocrx_word' id='word_1_108' title='bbox 1069 1689 1269 1759; x_wconf 84' lang='grc' dir='ltr'>πείρας</span> <span class='ocrx_word' id='word_1_109' title='bbox 1308 1691 1417 1745; x_wconf 83' lang='grc' dir='ltr'><strong>τῶν</strong></span> <span class='ocrx_word' id='word_1_110' title='bbox 1451 1693 1701 1764; x_wconf 80' lang='grc' dir='ltr'>βασάνων</span> 
     </span>
    </p>
   </div>
   <div class='ocr_carea' id='block_1_18' title="bbox 128 1771 1704 1854">
    <p class='ocr_par' dir='ltr' id='par_1_18' title="bbox 128 1771 1704 1854">
     <span class='ocr_line' id='line_1_18' title="bbox 128 1771 1704 1854; baseline 0.011 -31"><span class='ocrx_word' id='word_1_111' title='bbox 128 1771 553 1837; x_wconf 66' lang='grc' dir='ltr'>μαλακισθέντες</span> <span class='ocrx_word' id='word_1_112' title='bbox 605 1776 900 1841; x_wconf 79' lang='grc' dir='ltr'><strong>ἐνέδωκαν,</strong></span> <span class='ocrx_word' id='word_1_113' title='bbox 937 1781 1052 1843; x_wconf 68' lang='grc' dir='ltr'>καὶ,</span> <span class='ocrx_word' id='word_1_114' title='bbox 1106 1782 1191 1834; x_wconf 79' lang='grc' dir='ltr'><strong>ἵνα</strong></span> <span class='ocrx_word' id='word_1_115' title='bbox 1243 1783 1318 1854; x_wconf 87' lang='grc' dir='ltr'>μὴ</span> <span class='ocrx_word' id='word_1_116' title='bbox 1351 1784 1557 1839; x_wconf 76' lang='grc' dir='ltr'>δοκοῖεν</span> <span class='ocrx_word' id='word_1_117' title='bbox 1605 1789 1704 1840; x_wconf 83' lang='grc' dir='ltr'><strong>αὑ-</strong></span> 
     </span>
    </p>
   </div>
   <div class='ocr_carea' id='block_1_19' title="bbox 123 1864 1700 1953">
    <p class='ocr_par' dir='ltr' id='par_1_19' title="bbox 123 1864 1700 1953">
     <span class='ocr_line' id='line_1_19' title="bbox 123 1864 1700 1953; baseline 0.014 -39"><span class='ocrx_word' id='word_1_118' title='bbox 123 1864 382 1953; x_wconf 79' lang='grc' dir='ltr'>οαιρέτως</span> <span class='ocrx_word' id='word_1_119' title='bbox 423 1866 593 1933; x_wconf 84' lang='grc' dir='ltr'>θύειν,</span> <span class='ocrx_word' id='word_1_120' title='bbox 629 1870 855 1925; x_wconf 81' lang='grc' dir='ltr'>ἔπεισαν</span> <span class='ocrx_word' id='word_1_121' title='bbox 891 1875 1019 1937; x_wconf 75' lang='grc' dir='ltr'>τοὺς</span> <span class='ocrx_word' id='word_1_122' title='bbox 1059 1877 1386 1950; x_wconf 80' lang='grc' dir='ltr'>κολαστάςῆ</span> <span class='ocrx_word' id='word_1_123' title='bbox 1421 1883 1700 1953; x_wconf 82' lang='grc' dir='ltr'>χρήμασιν</span> 
     </span>
    </p>
   </div>
   <div class='ocr_carea' id='block_1_20' title="bbox 122 1955 1704 2044">
    <p class='ocr_par' dir='ltr' id='par_1_20' title="bbox 122 1955 1704 2044">
     <span class='ocr_line' id='line_1_20' title="bbox 122 1955 1704 2044; baseline 0.015 -37"><span class='ocrx_word' id='word_1_124' title='bbox 122 1955 155 2024; x_wconf 87' lang='grc' dir='ltr'><strong>ἧ</strong></span> <span class='ocrx_word' id='word_1_125' title='bbox 221 1959 598 2028; x_wconf 81' lang='grc' dir='ltr'><strong>παρακλήσεσι</strong></span> <span class='ocrx_word' id='word_1_126' title='bbox 663 1965 992 2035; x_wconf 73' lang='grc' dir='ltr'>πικρότερον</span> <span class='ocrx_word' id='word_1_127' title='bbox 1055 1972 1486 2042; x_wconf 82' lang='grc' dir='ltr'>προσενεχθῆναι</span> <span class='ocrx_word' id='word_1_128' title='bbox 1563 1977 1704 2044; x_wconf 77' lang='grc' dir='ltr'>τάχα</span> 
     </span>
    </p>
   </div>
   <div class='ocr_carea' id='block_1_21' title="bbox 121 2047 1701 2135">
    <p class='ocr_par' dir='ltr' id='par_1_21' title="bbox 121 2047 1701 2135">
     <span class='ocr_line' id='line_1_21' title="bbox 121 2047 1701 2135; baseline 0.015 -37"><span class='ocrx_word' id='word_1_129' title='bbox 121 2047 323 2111; x_wconf 82' lang='grc' dir='ltr'>αὐτοῖς,</span> <span class='ocrx_word' id='word_1_130' title='bbox 360 2050 454 2102; x_wconf 77' lang='grc' dir='ltr'>καὶ</span> <span class='ocrx_word' id='word_1_131' title='bbox 509 2053 764 2115; x_wconf 78' lang='grc' dir='ltr'>κολάσεις</span> <span class='ocrx_word' id='word_1_132' title='bbox 813 2059 1000 2122; x_wconf 83' lang='grc' dir='ltr'>αὐτοῖς</span> <span class='ocrx_word' id='word_1_133' title='bbox 1040 2059 1118 2129; x_wconf 83' lang='grc' dir='ltr'>τῷ</span> <span class='ocrx_word' id='word_1_134' title='bbox 1147 2061 1324 2116; x_wconf 85' lang='grc' dir='ltr'>δοκεῖν</span> <span class='ocrx_word' id='word_1_135' title='bbox 1373 2067 1701 2135; x_wconf 81' lang='grc' dir='ltr'>ἐπαγαγεῖν.</span> 
     </span>
    </p>
   </div>
   <div class='ocr_carea' id='block_1_22' title="bbox 122 2136 1703 2223">
    <p class='ocr_par' dir='ltr' id='par_1_22' title="bbox 122 2136 1703 2223">
     <span class='ocr_line' id='line_1_22' title="bbox 122 2136 1703 2223; baseline 0.011 -36"><span class='ocrx_word' id='word_1_136' title='bbox 122 2136 194 2188; x_wconf 80' lang='grc' dir='ltr'><strong>ἶν’</strong></span> <span class='ocrx_word' id='word_1_137' title='bbox 231 2136 371 2190; x_wconf 75' lang='grc' dir='ltr'>οὕτω</span> <span class='ocrx_word' id='word_1_138' title='bbox 414 2138 682 2204; x_wconf 82' lang='grc' dir='ltr'>θύσαντες</span> <span class='ocrx_word' id='word_1_139' title='bbox 711 2143 905 2211; x_wconf 68' lang='grc' dir='ltr'>δόξωσι</span> <span class='ocrx_word' id='word_1_140' title='bbox 947 2149 1010 2216; x_wconf 84' lang='grc' dir='ltr'><strong>τῇ</strong></span> <span class='ocrx_word' id='word_1_141' title='bbox 1055 2147 1148 2219; x_wconf 79' lang='grc' dir='ltr'>βία</span> <span class='ocrx_word' id='word_1_142' title='bbox 1185 2150 1500 2220; x_wconf 84' lang='grc' dir='ltr'>νικηθέντες</span> <span class='ocrx_word' id='word_1_143' title='bbox 1530 2152 1703 2223; x_wconf 78' lang='grc' dir='ltr'>άρνήο</span> 
     </span>
    </p>
   </div>
   <div class='ocr_carea' id='block_1_23' title="bbox 124 2230 1704 2308">
    <p class='ocr_par' dir='ltr' id='par_1_23' title="bbox 124 2230 1704 2308">
     <span class='ocr_line' id='line_1_23' title="bbox 124 2230 1704 2308; baseline 0.011 -29"><span class='ocrx_word' id='word_1_144' title='bbox 124 2230 321 2284; x_wconf 53' lang='grc' dir='ltr'>σασῆιαι</span> <span class='ocrx_word' id='word_1_145' title='bbox 371 2230 461 2284; x_wconf 77' lang='grc' dir='ltr'>τὸν</span> <span class='ocrx_word' id='word_1_146' title='bbox 511 2233 769 2302; x_wconf 71' lang='grc' dir='ltr'>Χριστὸν,</span> <span class='ocrx_word' id='word_1_147' title='bbox 819 2238 907 2288; x_wconf 55' lang='grc' dir='ltr'>καὶ</span> <span class='ocrx_word' id='word_1_148' title='bbox 949 2238 1024 2308; x_wconf 77' lang='grc' dir='ltr'>μὴ</span> <span class='ocrx_word' id='word_1_149' title='bbox 1077 2240 1531 2307; x_wconf 83' lang='grc' dir='ltr'>μαλακισθέντες.</span> <span class='ocrx_word' id='word_1_150' title='bbox 1566 2245 1704 2306; x_wconf 74' lang='grc' dir='ltr'><strong>Τοὺς</strong></span> 
     </span>
    </p>
   </div>
   <div class='ocr_carea' id='block_1_24' title="bbox 122 2321 1705 2404">
    <p class='ocr_par' dir='ltr' id='par_1_24' title="bbox 122 2321 1705 2404">
     <span class='ocr_line' id='line_1_24' title="bbox 122 2321 1705 2404; baseline 0.009 -31"><span class='ocrx_word' id='word_1_151' title='bbox 122 2321 254 2386; x_wconf 78' lang='grc' dir='ltr'>γοῦν</span> <span class='ocrx_word' id='word_1_152' title='bbox 286 2323 421 2392; x_wconf 71' lang='grc' dir='ltr'>μετὰ</span> <span class='ocrx_word' id='word_1_153' title='bbox 460 2325 722 2396; x_wconf 77' lang='grc' dir='ltr'>ἀληθείας</span> <span class='ocrx_word' id='word_1_154' title='bbox 751 2327 1137 2395; x_wconf 75' lang='grc' dir='ltr'>κολασθέντας,</span> <span class='ocrx_word' id='word_1_155' title='bbox 1166 2334 1260 2385; x_wconf 82' lang='grc' dir='ltr'>καὶ</span> <span class='ocrx_word' id='word_1_156' title='bbox 1293 2336 1357 2404; x_wconf 81' lang='grc' dir='ltr'>τῇ</span> <span class='ocrx_word' id='word_1_157' title='bbox 1390 2335 1500 2387; x_wconf 87' lang='grc' dir='ltr'><strong>τῶν</strong></span> <span class='ocrx_word' id='word_1_158' title='bbox 1533 2335 1705 2404; x_wconf 72' lang='grc' dir='ltr'>βασά-</span> 
     </span>
    </p>
   </div>
   <div class='ocr_carea' id='block_1_25' title="bbox 123 2415 1705 2492">
    <p class='ocr_par' dir='ltr' id='par_1_25' title="bbox 123 2415 1705 2492">
     <span class='ocr_line' id='line_1_25' title="bbox 123 2415 1705 2492; baseline 0.011 -30"><span class='ocrx_word' id='word_1_159' title='bbox 123 2428 232 2462; x_wconf 85' lang='grc' dir='ltr'><strong>νων</strong></span> <span class='ocrx_word' id='word_1_160' title='bbox 263 2415 458 2484; x_wconf 73' lang='grc' dir='ltr'>πικρία</span> <span class='ocrx_word' id='word_1_161' title='bbox 484 2417 1002 2487; x_wconf 74' lang='grc' dir='ltr'>ἐγκαρτερήσαντας</span> <span class='ocrx_word' id='word_1_162' title='bbox 1033 2422 1195 2492; x_wconf 76' lang='grc' dir='ltr'>μέχρι</span> <span class='ocrx_word' id='word_1_163' title='bbox 1223 2425 1388 2490; x_wconf 82' lang='grc' dir='ltr'>τ.νὺς,</span> <span class='ocrx_word' id='word_1_164' title='bbox 1413 2426 1507 2478; x_wconf 74' lang='grc' dir='ltr'>καὶ</span> <span class='ocrx_word' id='word_1_165' title='bbox 1529 2425 1705 2490; x_wconf 76' lang='grc' dir='ltr'>οὕτως</span> 
     </span>
    </p>
   </div>
   <div class='ocr_carea' id='block_1_26' title="bbox 123 2501 1704 2578">
    <p class='ocr_par' dir='ltr' id='par_1_26' title="bbox 123 2501 1704 2578">
     <span class='ocr_line' id='line_1_26' title="bbox 123 2501 1704 2578; baseline 0.009 -27"><span class='ocrx_word' id='word_1_166' title='bbox 123 2501 460 2569; x_wconf 78' lang='grc' dir='ltr'>ἡττηθέντας</span> <span class='ocrx_word' id='word_1_167' title='bbox 486 2505 596 2559; x_wconf 84' lang='grc' dir='ltr'>τῶν</span> <span class='ocrx_word' id='word_1_168' title='bbox 631 2509 925 2578; x_wconf 83' lang='grc' dir='ltr'>ἀφορήτων</span> <span class='ocrx_word' id='word_1_169' title='bbox 955 2511 1231 2566; x_wconf 83' lang='grc' dir='ltr'>κολάσεων</span> <span class='ocrx_word' id='word_1_170' title='bbox 1263 2516 1360 2568; x_wconf 75' lang='grc' dir='ltr'><strong>καὶ</strong></span> <span class='ocrx_word' id='word_1_171' title='bbox 1410 2515 1704 2569; x_wconf 80' lang='grc' dir='ltr'>ἐπιθύσανο</span> 
     </span>
    </p>
   </div>
   <div class='ocr_carea' id='block_1_27' title="bbox 118 2593 1707 2669">
    <p class='ocr_par' dir='ltr' id='par_1_27' title="bbox 118 2593 1707 2669">
     <span class='ocr_line' id='line_1_27' title="bbox 118 2593 1707 2669; baseline 0.012 -25"><span class='ocrx_word' id='word_1_172' title='bbox 118 2611 219 2654; x_wconf 84' lang='grc' dir='ltr'><strong>τας</strong></span> <span class='ocrx_word' id='word_1_173' title='bbox 247 2595 322 2664; x_wconf 85' lang='grc' dir='ltr'>τῷ</span> <span class='ocrx_word' id='word_1_174' title='bbox 373 2597 566 2667; x_wconf 82' lang='grc' dir='ltr'>βωμῷ,</span> <span class='ocrx_word' id='word_1_175' title='bbox 619 2593 740 2652; x_wconf 74' lang='grc' dir='ltr'>εἶτα</span> <span class='ocrx_word' id='word_1_176' title='bbox 768 2601 1284 2669; x_wconf 76' lang='grc' dir='ltr'>ἀναπαλαίσαντας.</span> <span class='ocrx_word' id='word_1_177' title='bbox 1335 2606 1454 2661; x_wconf 82' lang='grc' dir='ltr'>ἀντὶ</span> <span class='ocrx_word' id='word_1_178' title='bbox 1488 2607 1582 2662; x_wconf 83' lang='grc' dir='ltr'>τοῦ</span> <span class='ocrx_word' id='word_1_179' title='bbox 1615 2609 1707 2663; x_wconf 86' lang='grc' dir='ltr'><strong>τδν</strong></span> 
     </span>
    </p>
   </div>
   <div class='ocr_carea' id='block_1_28' title="bbox 1785 588 3351 662">
    <p class='ocr_par' dir='ltr' id='par_1_28' title="bbox 1785 588 3351 662">
     <span class='ocr_line' id='line_1_28' title="bbox 1785 588 3351 662; baseline -0.003 -16"><span class='ocrx_word' id='word_1_180' title='bbox 1785 600 2026 648; x_wconf 89' lang='lat' dir='ltr'><strong>mentoa</strong></span> <span class='ocrx_word' id='word_1_181' title='bbox 2078 592 2357 647; x_wconf 83' lang='lat' dir='ltr'><strong>contrario</strong></span> <span class='ocrx_word' id='word_1_182' title='bbox 2405 600 2650 660; x_wconf 87' lang='lat' dir='ltr'><strong>sumpto,</strong></span> <span class='ocrx_word' id='word_1_183' title='bbox 2705 591 2793 644; x_wconf 89' lang='lat' dir='ltr'><strong>alii</strong></span> <span class='ocrx_word' id='word_1_184' title='bbox 2846 601 3045 662; x_wconf 65' lang='lat' dir='ltr'><strong>printer</strong></span> <span class='ocrx_word' id='word_1_185' title='bbox 3103 588 3224 648; x_wconf 78' lang='lat' dir='ltr'><strong>Iros,</strong></span> <span class='ocrx_word' id='word_1_186' title='bbox 3257 589 3351 654; x_wconf 92' lang='lat' dir='ltr'><strong>qui</strong></span> 
     </span>
    </p>
   </div>
   <div class='ocr_carea' id='block_1_29' title="bbox 1781 685 3350 751">
    <p class='ocr_par' dir='ltr' id='par_1_29' title="bbox 1781 685 3350 751">
     <span class='ocr_line' id='line_1_29' title="bbox 1781 685 3350 751; baseline -0.006 -12"><span class='ocrx_word' id='word_1_187' title='bbox 1781 702 1889 739; x_wconf 92' lang='lat' dir='ltr'><strong>non</strong></span> <span class='ocrx_word' id='word_1_188' title='bbox 1923 702 2132 750; x_wconf 82' lang='lat' dir='ltr'><strong>revera,</strong></span> <span class='ocrx_word' id='word_1_189' title='bbox 2185 685 2280 740; x_wconf 87' lang='lat' dir='ltr'><strong>sed</strong></span> <span class='ocrx_word' id='word_1_190' title='bbox 2310 685 2562 739; x_wconf 77' lang='lat' dir='ltr'><strong>simulate</strong></span> <span class='ocrx_word' id='word_1_191' title='bbox 2589 691 2862 737; x_wconf 89' lang='lat' dir='ltr'><strong>tormenta</strong></span> <span class='ocrx_word' id='word_1_192' title='bbox 2916 687 3350 751; x_wconf 72' lang='lat' dir='ltr'><strong>praetexuerunt,</strong></span> 
     </span>
    </p>
   </div>
   <div class='ocr_carea' id='block_1_30' title="bbox 1779 773 3356 848">
    <p class='ocr_par' dir='ltr' id='par_1_30' title="bbox 1779 773 3356 848">
     <span class='ocr_line' id='line_1_30' title="bbox 1779 773 3356 848; baseline -0.004 -17"><span class='ocrx_word' id='word_1_193' title='bbox 1779 790 1834 832; x_wconf 89' lang='lat' dir='ltr'><strong>et</strong></span> <span class='ocrx_word' id='word_1_194' title='bbox 1865 779 2031 834; x_wconf 90' lang='lat' dir='ltr'><strong>Deum</strong></span> <span class='ocrx_word' id='word_1_195' title='bbox 2065 787 2423 848; x_wconf 78' lang='lat' dir='ltr'><strong>negaverunt,</strong></span> <span class='ocrx_word' id='word_1_196' title='bbox 2457 793 2556 831; x_wconf 89' lang='lat' dir='ltr'><strong>nec</strong></span> <span class='ocrx_word' id='word_1_197' title='bbox 2590 777 2800 829; x_wconf 82' lang='lat' dir='ltr'><strong>honore</strong></span> <span class='ocrx_word' id='word_1_198' title='bbox 2853 775 3068 842; x_wconf 83' lang='lat' dir='ltr'><strong>quidem</strong></span> <span class='ocrx_word' id='word_1_199' title='bbox 3125 773 3206 826; x_wconf 88' lang='lat' dir='ltr'><strong>vel</strong></span> <span class='ocrx_word' id='word_1_200' title='bbox 3261 787 3356 824; x_wconf 71' lang='grc' dir='ltr'>(ιιι</span> 
     </span>
    </p>
   </div>
   <div class='ocr_carea' id='block_1_31' title="bbox 1781 861 3358 937">
    <p class='ocr_par' dir='ltr' id='par_1_31' title="bbox 1781 861 3358 937">
     <span class='ocr_line' id='line_1_31' title="bbox 1781 861 3358 937; baseline -0.004 -17"><span class='ocrx_word' id='word_1_201' title='bbox 1781 867 1976 921; x_wconf 87' lang='lat' dir='ltr'><strong>thedra</strong></span> <span class='ocrx_word' id='word_1_202' title='bbox 2001 867 2150 937; x_wconf 79' lang='lat' dir='ltr'><strong>digni</strong></span> <span class='ocrx_word' id='word_1_203' title='bbox 2184 867 2550 920; x_wconf 80' lang='lat' dir='ltr'><strong>habebuntur.</strong></span> <span class='ocrx_word' id='word_1_204' title='bbox 2583 865 2725 932; x_wconf 82' lang='lat' dir='ltr'><strong>Quid</strong></span> <span class='ocrx_word' id='word_1_205' title='bbox 2753 880 2903 928; x_wconf 89' lang='lat' dir='ltr'><strong>vero,</strong></span> <span class='ocrx_word' id='word_1_206' title='bbox 2940 880 3072 917; x_wconf 92' lang='lat' dir='ltr'><strong>num</strong></span> <span class='ocrx_word' id='word_1_207' title='bbox 3109 874 3167 915; x_wconf 90' lang='lat' dir='ltr'><strong>ut</strong></span> <span class='ocrx_word' id='word_1_208' title='bbox 3199 861 3358 915; x_wconf 63' lang='lat' dir='ltr'><strong>Clirio</strong></span> 
     </span>
    </p>
   </div>
   <div class='ocr_carea' id='block_1_32' title="bbox 1783 954 3357 1028">
    <p class='ocr_par' dir='ltr' id='par_1_32' title="bbox 1783 954 3357 1028">
     <span class='ocr_line' id='line_1_32' title="bbox 1783 954 3357 1028; baseline -0.006 -15"><span class='ocrx_word' id='word_1_209' title='bbox 1783 959 1951 1013; x_wconf 86' lang='lat' dir='ltr'><strong>stiaui</strong></span> <span class='ocrx_word' id='word_1_210' title='bbox 1981 959 2304 1028; x_wconf 80' lang='lat' dir='ltr'><strong>simpliciter</strong></span> <span class='ocrx_word' id='word_1_211' title='bbox 2334 973 2458 1010; x_wconf 89' lang='lat' dir='ltr'><strong>cum</strong></span> <span class='ocrx_word' id='word_1_212' title='bbox 2494 957 2746 1027; x_wconf 79' lang='lat' dir='ltr'><strong>lacrymis</strong></span> <span class='ocrx_word' id='word_1_213' title='bbox 2775 954 3158 1026; x_wconf 77' lang='lat' dir='ltr'><strong>pmnitentiam</strong></span> <span class='ocrx_word' id='word_1_214' title='bbox 3191 968 3357 1020; x_wconf 75' lang='lat' dir='ltr'><strong>agen-</strong></span> 
     </span>
    </p>
   </div>
   <div class='ocr_carea' id='block_1_33' title="bbox 1783 1044 3356 1120">
    <p class='ocr_par' dir='ltr' id='par_1_33' title="bbox 1783 1044 3356 1120">
     <span class='ocr_line' id='line_1_33' title="bbox 1783 1044 3356 1120; baseline -0.006 -14"><span class='ocrx_word' id='word_1_215' title='bbox 1783 1061 1892 1114; x_wconf 86' lang='lat' dir='ltr'><strong>tes.</strong></span> <span class='ocrx_word' id='word_1_216' title='bbox 1945 1059 1999 1104; x_wconf 92' lang='lat' dir='ltr'><strong>et</strong></span> <span class='ocrx_word' id='word_1_217' title='bbox 2050 1061 2330 1120; x_wconf 88' lang='lat' dir='ltr'><strong>peccatum</strong></span> <span class='ocrx_word' id='word_1_218' title='bbox 2379 1049 2725 1114; x_wconf 85' lang='lat' dir='ltr'><strong>confitcntes,</strong></span> <span class='ocrx_word' id='word_1_219' title='bbox 2774 1044 3356 1117; x_wconf 77' lang='lat' dir='ltr'><strong>suscipientur?Mihi</strong></span> 
     </span>
    </p>
   </div>
   <div class='ocr_carea' id='block_1_34' title="bbox 1781 1135 3357 1208">
    <p class='ocr_par' dir='ltr' id='par_1_34' title="bbox 1781 1135 3357 1208">
     <span class='ocr_line' id='line_1_34' title="bbox 1781 1135 3357 1208; baseline -0.009 -6"><span class='ocrx_word' id='word_1_220' title='bbox 1781 1152 1932 1202; x_wconf 92' lang='lat' dir='ltr'><strong>certe</strong></span> <span class='ocrx_word' id='word_1_221' title='bbox 1960 1144 2196 1198; x_wconf 89' lang='lat' dir='ltr'><strong>videtur.</strong></span> <span class='ocrx_word' id='word_1_222' title='bbox 2223 1141 2340 1196; x_wconf 83' lang='lat' dir='ltr'><strong>Non</strong></span> <span class='ocrx_word' id='word_1_223' title='bbox 2370 1150 2452 1196; x_wconf 91' lang='lat' dir='ltr'><strong>est</strong></span> <span class='ocrx_word' id='word_1_224' title='bbox 2479 1140 2624 1195; x_wconf 90' lang='lat' dir='ltr'><strong>enim</strong></span> <span class='ocrx_word' id='word_1_225' title='bbox 2653 1150 2956 1206; x_wconf 83' lang='lat' dir='ltr'><strong>peccatum,</strong></span> <span class='ocrx_word' id='word_1_226' title='bbox 2997 1135 3144 1208; x_wconf 89' lang='lat' dir='ltr'><strong>quod</strong></span> <span class='ocrx_word' id='word_1_227' title='bbox 3173 1136 3357 1190; x_wconf 88' lang='lat' dir='ltr'><strong>vincat</strong></span> 
     </span>
    </p>
   </div>
   <div class='ocr_carea' id='block_1_35' title="bbox 1788 1233 2808 1306">
    <p class='ocr_par' dir='ltr' id='par_1_35' title="bbox 1788 1233 2808 1306">
     <span class='ocr_line' id='line_1_35' title="bbox 1788 1233 2808 1306; baseline -0.007 -16"><span class='ocrx_word' id='word_1_228' title='bbox 1788 1237 1884 1292; x_wconf 90' lang='lat' dir='ltr'><strong>Dei</strong></span> <span class='ocrx_word' id='word_1_229' title='bbox 1922 1233 2382 1290; x_wconf 89' lang='lat' dir='ltr'><strong>misericordiam.</strong></span> <span class='ocrx_word' id='word_1_230' title='bbox 2806 1304 2808 1306; x_wconf 11' lang='grc' dir='ltr'><strong><em>ν</em></strong></span> 
     </span>
    </p>
   </div>
   <div class='ocr_carea' id='block_1_36' title="bbox 1841 1321 3362 1399">
    <p class='ocr_par' dir='ltr' id='par_1_36' title="bbox 1841 1321 3362 1399">
     <span class='ocr_line' id='line_1_36' title="bbox 1841 1321 3362 1399; baseline -0.007 -16"><span class='ocrx_word' id='word_1_231' title='bbox 1841 1327 2007 1399; x_wconf 78' lang='lat'><strong>376</strong></span> <span class='ocrx_word' id='word_1_232' title='bbox 2026 1325 2383 1391; x_wconf 81' lang='lat' dir='ltr'><strong>ZONAR.Qui</strong></span> <span class='ocrx_word' id='word_1_233' title='bbox 2408 1323 2696 1393; x_wconf 75' lang='lat' dir='ltr'><strong>ingruente</strong></span> <span class='ocrx_word' id='word_1_234' title='bbox 2711 1322 3110 1390; x_wconf 90' lang='lat' dir='ltr'><strong>persecutionis</strong></span> <span class='ocrx_word' id='word_1_235' title='bbox 3125 1321 3362 1392; x_wconf 87' lang='lat' dir='ltr'><strong>procella</strong></span> 
     </span>
    </p>
   </div>
   <div class='ocr_carea' id='block_1_37' title="bbox 1789 1414 3361 1490">
    <p class='ocr_par' dir='ltr' id='par_1_37' title="bbox 1789 1414 3361 1490">
     <span class='ocr_line' id='line_1_37' title="bbox 1789 1414 3361 1490; baseline -0.005 -18"><span class='ocrx_word' id='word_1_236' title='bbox 1789 1429 2148 1490; x_wconf 84' lang='lat' dir='ltr'><strong>tyrannorum</strong></span> <span class='ocrx_word' id='word_1_237' title='bbox 2185 1417 2434 1486; x_wconf 87' lang='lat' dir='ltr'><strong>imperiis</strong></span> <span class='ocrx_word' id='word_1_238' title='bbox 2465 1416 2711 1471; x_wconf 85' lang='lat' dir='ltr'><strong>obsecuti</strong></span> <span class='ocrx_word' id='word_1_239' title='bbox 2740 1415 3131 1477; x_wconf 84' lang='lat' dir='ltr'><strong>immolavere;</strong></span> <span class='ocrx_word' id='word_1_240' title='bbox 3163 1414 3361 1482; x_wconf 80' lang='lat' dir='ltr'><strong>partim</strong></span> 
     </span>
    </p>
   </div>
   <div class='ocr_carea' id='block_1_38' title="bbox 1788 1509 3364 1578">
    <p class='ocr_par' dir='ltr' id='par_1_38' title="bbox 1788 1509 3364 1578">
     <span class='ocr_line' id='line_1_38' title="bbox 1788 1509 3364 1578; baseline -0.006 -12"><span class='ocrx_word' id='word_1_241' title='bbox 1788 1510 2080 1566; x_wconf 85' lang='lat' dir='ltr'><strong>tormentis</strong></span> <span class='ocrx_word' id='word_1_242' title='bbox 2107 1509 2392 1578; x_wconf 78' lang='lat' dir='ltr'><strong>exagitati,</strong></span> <span class='ocrx_word' id='word_1_243' title='bbox 2427 1525 2549 1562; x_wconf 90' lang='lat' dir='ltr'><strong>cum</strong></span> <span class='ocrx_word' id='word_1_244' title='bbox 2580 1523 2769 1562; x_wconf 90' lang='lat' dir='ltr'><strong>eorum</strong></span> <span class='ocrx_word' id='word_1_245' title='bbox 2801 1510 2906 1560; x_wconf 91' lang='lat' dir='ltr'><strong>vim</strong></span> <span class='ocrx_word' id='word_1_246' title='bbox 2942 1517 2998 1560; x_wconf 89' lang='lat' dir='ltr'><strong>ct</strong></span> <span class='ocrx_word' id='word_1_247' title='bbox 3014 1509 3364 1574; x_wconf 75' lang='lat' dir='ltr'><strong>asperitatem</strong></span> 
     </span>
    </p>
   </div>
   <div class='ocr_carea' id='block_1_39' title="bbox 1790 1595 3366 1671">
    <p class='ocr_par' dir='ltr' id='par_1_39' title="bbox 1790 1595 3366 1671">
     <span class='ocr_line' id='line_1_39' title="bbox 1790 1595 3366 1671; baseline -0.003 -17"><span class='ocrx_word' id='word_1_248' title='bbox 1790 1602 2037 1671; x_wconf 88' lang='lat' dir='ltr'><strong>perferre</strong></span> <span class='ocrx_word' id='word_1_249' title='bbox 2078 1614 2184 1654; x_wconf 89' lang='lat' dir='ltr'><strong>non</strong></span> <span class='ocrx_word' id='word_1_250' title='bbox 2218 1607 2466 1668; x_wconf 89' lang='lat' dir='ltr'><strong>possent,</strong></span> <span class='ocrx_word' id='word_1_251' title='bbox 2521 1598 2650 1653; x_wconf 83' lang='lat' dir='ltr'><strong>victi</strong></span> <span class='ocrx_word' id='word_1_252' title='bbox 2687 1607 2816 1654; x_wconf 86' lang='lat' dir='ltr'><strong>sunt</strong></span> <span class='ocrx_word' id='word_1_253' title='bbox 2846 1605 2902 1653; x_wconf 91' lang='lat' dir='ltr'><strong>et</strong></span> <span class='ocrx_word' id='word_1_254' title='bbox 2939 1597 3098 1651; x_wconf 83' lang='lat' dir='ltr'><strong>fidem</strong></span> <span class='ocrx_word' id='word_1_255' title='bbox 3129 1595 3366 1666; x_wconf 79' lang='lat' dir='ltr'><strong>denega-</strong></span> 
     </span>
    </p>
   </div>
   <div class='ocr_carea' id='block_1_40' title="bbox 1789 1687 3364 1761">
    <p class='ocr_par' dir='ltr' id='par_1_40' title="bbox 1789 1687 3364 1761">
     <span class='ocr_line' id='line_1_40' title="bbox 1789 1687 3364 1761; baseline -0.004 -17"><span class='ocrx_word' id='word_1_256' title='bbox 1789 1700 1956 1746; x_wconf 90' lang='lat' dir='ltr'><strong>runt:</strong></span> <span class='ocrx_word' id='word_1_257' title='bbox 2018 1691 2243 1761; x_wconf 83' lang='lat' dir='ltr'><strong>partim,</strong></span> <span class='ocrx_word' id='word_1_258' title='bbox 2294 1692 2620 1761; x_wconf 79' lang='lat' dir='ltr'><strong>priusquam</strong></span> <span class='ocrx_word' id='word_1_259' title='bbox 2676 1690 2842 1743; x_wconf 89' lang='lat' dir='ltr'><strong>etiam</strong></span> <span class='ocrx_word' id='word_1_260' title='bbox 2899 1695 3172 1742; x_wconf 88' lang='lat' dir='ltr'><strong>tormenta</strong></span> <span class='ocrx_word' id='word_1_261' title='bbox 3231 1687 3364 1755; x_wconf 84' lang='lat' dir='ltr'><strong>ipsis</strong></span> 
     </span>
    </p>
   </div>
   <div class='ocr_carea' id='block_1_41' title="bbox 1790 1780 3365 1846">
    <p class='ocr_par' dir='ltr' id='par_1_41' title="bbox 1790 1780 3365 1846">
     <span class='ocr_line' id='line_1_41' title="bbox 1790 1780 3365 1846; baseline -0.004 -10"><span class='ocrx_word' id='word_1_262' title='bbox 1790 1783 2238 1846; x_wconf 80' lang='lat' dir='ltr'><strong>admoverentur,</strong></span> <span class='ocrx_word' id='word_1_263' title='bbox 2292 1782 2524 1838; x_wconf 86' lang='lat' dir='ltr'><strong>emolliti</strong></span> <span class='ocrx_word' id='word_1_264' title='bbox 2573 1780 2777 1836; x_wconf 88' lang='lat' dir='ltr'><strong>dedere</strong></span> <span class='ocrx_word' id='word_1_265' title='bbox 2811 1795 3044 1843; x_wconf 86' lang='lat' dir='ltr'><strong>manus;</strong></span> <span class='ocrx_word' id='word_1_266' title='bbox 3076 1788 3128 1832; x_wconf 90' lang='lat' dir='ltr'><strong>et</strong></span> <span class='ocrx_word' id='word_1_267' title='bbox 3163 1793 3230 1833; x_wconf 85' lang='lat' dir='ltr'><strong>ne</strong></span> <span class='ocrx_word' id='word_1_268' title='bbox 3266 1793 3365 1832; x_wconf 84' lang='lat' dir='ltr'><strong>sua</strong></span> 
     </span>
    </p>
   </div>
   <div class='ocr_carea' id='block_1_42' title="bbox 1793 1871 3371 1938">
    <p class='ocr_par' dir='ltr' id='par_1_42' title="bbox 1793 1871 3371 1938">
     <span class='ocr_line' id='line_1_42' title="bbox 1793 1871 3371 1938; baseline -0.005 -10"><span class='ocrx_word' id='word_1_269' title='bbox 1793 1875 2074 1930; x_wconf 84' lang='lat' dir='ltr'><strong>voluntate</strong></span> <span class='ocrx_word' id='word_1_270' title='bbox 2102 1873 2415 1929; x_wconf 80' lang='lat' dir='ltr'><strong>sacriﬁcare</strong></span> <span class='ocrx_word' id='word_1_271' title='bbox 2463 1874 2807 1938; x_wconf 72' lang='lat' dir='ltr'><strong>viderentur,</strong></span> <span class='ocrx_word' id='word_1_272' title='bbox 2843 1871 3136 1936; x_wconf 88' lang='lat' dir='ltr'><strong>satellites,</strong></span> <span class='ocrx_word' id='word_1_273' title='bbox 3189 1879 3247 1922; x_wconf 92' lang='lat' dir='ltr'><strong>ut</strong></span> <span class='ocrx_word' id='word_1_274' title='bbox 3276 1885 3371 1922; x_wconf 79' lang='lat' dir='ltr'><strong>ve-</strong></span> 
     </span>
    </p>
   </div>
   <div class='ocr_carea' id='block_1_43' title="bbox 1790 1961 3371 2032">
    <p class='ocr_par' dir='ltr' id='par_1_43' title="bbox 1790 1961 3371 2032">
     <span class='ocr_line' id='line_1_43' title="bbox 1790 1961 3371 2032; baseline -0.004 -14"><span class='ocrx_word' id='word_1_275' title='bbox 1790 1964 2129 2020; x_wconf 84' lang='lat' dir='ltr'><strong>hementiore</strong></span> <span class='ocrx_word' id='word_1_276' title='bbox 2142 1962 2281 2018; x_wconf 84' lang='lat' dir='ltr'><strong>forte</strong></span> <span class='ocrx_word' id='word_1_277' title='bbox 2304 1964 2505 2031; x_wconf 87' lang='lat' dir='ltr'><strong>impetu</strong></span> <span class='ocrx_word' id='word_1_278' title='bbox 2529 1963 2675 2032; x_wconf 88' lang='lat' dir='ltr'><strong>ipsos</strong></span> <span class='ocrx_word' id='word_1_279' title='bbox 2697 1963 3037 2022; x_wconf 87' lang='lat' dir='ltr'><strong>invaderent,</strong></span> <span class='ocrx_word' id='word_1_280' title='bbox 3058 1961 3371 2028; x_wconf 83' lang='lat' dir='ltr'><strong>acriterque</strong></span> 
     </span>
    </p>
   </div>
   <div class='ocr_carea' id='block_1_44' title="bbox 1793 2053 3371 2127">
    <p class='ocr_par' dir='ltr' id='par_1_44' title="bbox 1793 2053 3371 2127">
     <span class='ocr_line' id='line_1_44' title="bbox 1793 2053 3371 2127; baseline -0.004 -19"><span class='ocrx_word' id='word_1_281' title='bbox 1793 2055 2170 2127; x_wconf 90' lang='lat' dir='ltr'><strong>torquentium</strong></span> <span class='ocrx_word' id='word_1_282' title='bbox 2201 2056 2439 2123; x_wconf 88' lang='lat' dir='ltr'><strong>speciem</strong></span> <span class='ocrx_word' id='word_1_283' title='bbox 2483 2055 2812 2124; x_wconf 73' lang='lat' dir='ltr'><strong>przeherent,</strong></span> <span class='ocrx_word' id='word_1_284' title='bbox 2865 2054 3044 2122; x_wconf 90' lang='lat' dir='ltr'><strong>pretio</strong></span> <span class='ocrx_word' id='word_1_285' title='bbox 3074 2062 3166 2106; x_wconf 91' lang='lat' dir='ltr'><strong>aut</strong></span> <span class='ocrx_word' id='word_1_286' title='bbox 3195 2053 3371 2121; x_wconf 78' lang='lat' dir='ltr'><strong>preci-</strong></span> 
     </span>
    </p>
   </div>
   <div class='ocr_carea' id='block_1_45' title="bbox 1796 2143 3372 2213">
    <p class='ocr_par' dir='ltr' id='par_1_45' title="bbox 1796 2143 3372 2213">
     <span class='ocr_line' id='line_1_45' title="bbox 1796 2143 3372 2213; baseline -0.005 -13"><span class='ocrx_word' id='word_1_287' title='bbox 1796 2151 1898 2200; x_wconf 84' lang='lat' dir='ltr'><strong>bus</strong></span> <span class='ocrx_word' id='word_1_288' title='bbox 1930 2145 2246 2209; x_wconf 81' lang='lat' dir='ltr'><strong>adduxere;</strong></span> <span class='ocrx_word' id='word_1_289' title='bbox 2281 2144 2457 2213; x_wconf 87' lang='lat' dir='ltr'><strong>utqui</strong></span> <span class='ocrx_word' id='word_1_290' title='bbox 2483 2145 2563 2199; x_wconf 88' lang='lat' dir='ltr'><strong>sic</strong></span> <span class='ocrx_word' id='word_1_291' title='bbox 2598 2144 3000 2207; x_wconf 86' lang='lat' dir='ltr'><strong>immolassent,</strong></span> <span class='ocrx_word' id='word_1_292' title='bbox 3035 2159 3145 2196; x_wconf 88' lang='lat' dir='ltr'><strong>non</strong></span> <span class='ocrx_word' id='word_1_293' title='bbox 3173 2143 3372 2213; x_wconf 77' lang='lat' dir='ltr'><strong>ignavo</strong></span> 
     </span>
    </p>
   </div>
   <div class='ocr_carea' id='block_1_46' title="bbox 1794 2235 3370 2310">
    <p class='ocr_par' dir='ltr' id='par_1_46' title="bbox 1794 2235 3370 2310">
     <span class='ocr_line' id='line_1_46' title="bbox 1794 2235 3370 2310; baseline -0.004 -17"><span class='ocrx_word' id='word_1_294' title='bbox 1794 2243 2055 2310; x_wconf 79' lang='lat' dir='ltr'><strong>languore</strong></span> <span class='ocrx_word' id='word_1_295' title='bbox 2105 2236 2293 2301; x_wconf 88' lang='lat' dir='ltr'><strong>animi,</strong></span> <span class='ocrx_word' id='word_1_296' title='bbox 2355 2235 2453 2290; x_wconf 83' lang='lat' dir='ltr'><strong>sed</strong></span> <span class='ocrx_word' id='word_1_297' title='bbox 2501 2237 2846 2291; x_wconf 86' lang='lat' dir='ltr'><strong>cruciatuum</strong></span> <span class='ocrx_word' id='word_1_298' title='bbox 2905 2235 3143 2290; x_wconf 89' lang='lat' dir='ltr'><strong>duritate</strong></span> <span class='ocrx_word' id='word_1_299' title='bbox 3216 2237 3370 2296; x_wconf 84' lang='lat' dir='ltr'><strong>victi,</strong></span> 
     </span>
    </p>
   </div>
   <div class='ocr_carea' id='block_1_47' title="bbox 1795 2326 3373 2398">
    <p class='ocr_par' dir='ltr' id='par_1_47' title="bbox 1795 2326 3373 2398">
     <span class='ocr_line' id='line_1_47' title="bbox 1795 2326 3373 2398; baseline -0.006 -12"><span class='ocrx_word' id='word_1_300' title='bbox 1795 2333 2080 2388; x_wconf 84' lang='lat' dir='ltr'><strong>Christum</strong></span> <span class='ocrx_word' id='word_1_301' title='bbox 2131 2345 2364 2398; x_wconf 80' lang='lat' dir='ltr'><strong>negasse</strong></span> <span class='ocrx_word' id='word_1_302' title='bbox 2428 2329 2898 2383; x_wconf 75' lang='lat' dir='ltr'><strong>existimarentur.</strong></span> <span class='ocrx_word' id='word_1_303' title='bbox 2955 2326 3168 2392; x_wconf 84' lang='lat' dir='ltr'><strong>Quibus</strong></span> <span class='ocrx_word' id='word_1_304' title='bbox 3206 2327 3373 2395; x_wconf 75' lang='lat' dir='ltr'><strong>igitur</strong></span> 
     </span>
    </p>
   </div>
   <div class='ocr_carea' id='block_1_48' title="bbox 1799 2419 3372 2490">
    <p class='ocr_par' dir='ltr' id='par_1_48' title="bbox 1799 2419 3372 2490">
     <span class='ocr_line' id='line_1_48' title="bbox 1799 2419 3372 2490; baseline -0.005 -12"><span class='ocrx_word' id='word_1_305' title='bbox 1799 2439 1926 2479; x_wconf 87' lang='lat' dir='ltr'><strong>vere</strong></span> <span class='ocrx_word' id='word_1_306' title='bbox 1953 2423 2235 2479; x_wconf 84' lang='lat' dir='ltr'><strong>cruciatus</strong></span> <span class='ocrx_word' id='word_1_307' title='bbox 2271 2420 2528 2484; x_wconf 84' lang='lat' dir='ltr'><strong>adhibiti,</strong></span> <span class='ocrx_word' id='word_1_308' title='bbox 2565 2420 2772 2490; x_wconf 87' lang='lat' dir='ltr'><strong>quique</strong></span> <span class='ocrx_word' id='word_1_309' title='bbox 2823 2420 2878 2473; x_wconf 89' lang='lat' dir='ltr'><strong>in</strong></span> <span class='ocrx_word' id='word_1_310' title='bbox 2912 2419 3213 2474; x_wconf 83' lang='lat' dir='ltr'><strong>acerbitate</strong></span> <span class='ocrx_word' id='word_1_311' title='bbox 3261 2429 3372 2472; x_wconf 88' lang='lat' dir='ltr'><strong>tor-</strong></span> 
     </span>
    </p>
   </div>
   <div class='ocr_carea' id='block_1_49' title="bbox 1797 2509 3376 2581">
    <p class='ocr_par' dir='ltr' id='par_1_49' title="bbox 1797 2509 3376 2581">
     <span class='ocr_line' id='line_1_49' title="bbox 1797 2509 3376 2581; baseline -0.003 -11"><span class='ocrx_word' id='word_1_312' title='bbox 1797 2526 2113 2571; x_wconf 90' lang='lat' dir='ltr'><strong>mentorum</strong></span> <span class='ocrx_word' id='word_1_313' title='bbox 2157 2512 2478 2581; x_wconf 88' lang='lat' dir='ltr'><strong>aliquamliu</strong></span> <span class='ocrx_word' id='word_1_314' title='bbox 2539 2520 2874 2577; x_wconf 86' lang='lat' dir='ltr'><strong>constantes,</strong></span> <span class='ocrx_word' id='word_1_315' title='bbox 2908 2511 2982 2565; x_wconf 87' lang='lat' dir='ltr'><strong>ita</strong></span> <span class='ocrx_word' id='word_1_316' title='bbox 3013 2509 3376 2566; x_wconf 76' lang='lat' dir='ltr'><strong>demumilio-</strong></span> 
     </span>
    </p>
   </div>
   <div class='ocr_carea' id='block_1_50' title="bbox 1799 2603 3375 2674">
    <p class='ocr_par' dir='ltr' id='par_1_50' title="bbox 1799 2603 3375 2674">
     <span class='ocr_line' id='line_1_50' title="bbox 1799 2603 3375 2674; baseline -0.005 -14"><span class='ocrx_word' id='word_1_317' title='bbox 1799 2622 1918 2661; x_wconf 92' lang='lat' dir='ltr'><strong>rum</strong></span> <span class='ocrx_word' id='word_1_318' title='bbox 1954 2605 2286 2661; x_wconf 85' lang='lat' dir='ltr'><strong>intolerabili</strong></span> <span class='ocrx_word' id='word_1_319' title='bbox 2313 2605 2612 2674; x_wconf 64' lang='lat' dir='ltr'><strong>asperitate</strong></span> <span class='ocrx_word' id='word_1_320' title='bbox 2641 2604 2767 2658; x_wconf 81' lang='lat' dir='ltr'><strong>victi</strong></span> <span class='ocrx_word' id='word_1_321' title='bbox 2798 2604 2910 2657; x_wconf 87' lang='lat' dir='ltr'><strong>aris</strong></span> <span class='ocrx_word' id='word_1_322' title='bbox 2933 2603 3375 2662; x_wconf 79' lang='lat' dir='ltr'><strong>immolaverunt,</strong></span> 
     </span>
    </p>
   </div>
   <div class='ocr_carea' id='block_1_51' title="bbox 119 2685 1695 2768">
    <p class='ocr_par' dir='ltr' id='par_1_51' title="bbox 119 2685 1695 2768">
     <span class='ocr_line' id='line_1_51' title="bbox 119 2685 1695 2768; baseline 0.012 -34"><span class='ocrx_word' id='word_1_323' title='bbox 119 2685 315 2752; x_wconf 66' lang='grc' dir='ltr'>ἐχθρὸν</span> <span class='ocrx_word' id='word_1_324' title='bbox 343 2689 399 2739; x_wconf 86' lang='grc' dir='ltr'><strong>ἐν</strong></span> <span class='ocrx_word' id='word_1_325' title='bbox 431 2691 495 2758; x_wconf 81' lang='grc' dir='ltr'>τῇ</span> <span class='ocrx_word' id='word_1_326' title='bbox 542 2690 724 2760; x_wconf 78' lang='grc' dir='ltr'>πλάνῃ</span> <span class='ocrx_word' id='word_1_327' title='bbox 753 2692 988 2762; x_wconf 76' lang='grc' dir='ltr'>ῥίψαντα</span> <span class='ocrx_word' id='word_1_328' title='bbox 1034 2695 1250 2760; x_wconf 79' lang='grc' dir='ltr'>αὐτοὺς,</span> <span class='ocrx_word' id='word_1_329' title='bbox 1284 2697 1372 2752; x_wconf 78' lang='grc' dir='ltr'>διὰ</span> <span class='ocrx_word' id='word_1_330' title='bbox 1416 2698 1514 2763; x_wconf 80' lang='grc' dir='ltr'>τῆς</span> <span class='ocrx_word' id='word_1_331' title='bbox 1544 2716 1695 2768; x_wconf 82' lang='grc' dir='ltr'>μετα-</span> 
     </span>
    </p>
   </div>
   <div class='ocr_carea' id='block_1_52' title="bbox 1792 2685 3371 2768">
    <p class='ocr_par' dir='ltr' id='par_1_52' title="bbox 1796 2694 3371 2758">
     <span class='ocr_line' id='line_1_52' title="bbox 1796 2694 3371 2758; baseline -0.003 -6"><span class='ocrx_word' id='word_1_332' title='bbox 1796 2698 1994 2754; x_wconf 89' lang='lat' dir='ltr'><strong>deinde</strong></span> <span class='ocrx_word' id='word_1_333' title='bbox 2017 2712 2146 2752; x_wconf 90' lang='lat' dir='ltr'><strong>vero</strong></span> <span class='ocrx_word' id='word_1_334' title='bbox 2168 2697 2362 2751; x_wconf 90' lang='lat' dir='ltr'><strong>iterum</strong></span> <span class='ocrx_word' id='word_1_335' title='bbox 2397 2695 2647 2752; x_wconf 88' lang='lat' dir='ltr'><strong>reluctati</strong></span> <span class='ocrx_word' id='word_1_336' title='bbox 2670 2701 2819 2757; x_wconf 87' lang='lat' dir='ltr'><strong>sunt,</strong></span> <span class='ocrx_word' id='word_1_337' title='bbox 2854 2694 2956 2747; x_wconf 85' lang='lat' dir='ltr'><strong>hoc</strong></span> <span class='ocrx_word' id='word_1_338' title='bbox 2992 2703 3097 2758; x_wconf 88' lang='lat' dir='ltr'><strong>est,</strong></span> <span class='ocrx_word' id='word_1_339' title='bbox 3133 2695 3371 2758; x_wconf 73' lang='lat' dir='ltr'><strong>hostem,</strong></span> 
     </span>
    </p>
   </div>
   <div class='ocr_carea' id='block_1_53' title="bbox 117 2776 1695 2863">
    <p class='ocr_par' dir='ltr' id='par_1_53' title="bbox 117 2776 1695 2848">
     <span class='ocr_line' id='line_1_53' title="bbox 117 2776 1695 2848; baseline 0.009 -23"><span class='ocrx_word' id='word_1_340' title='bbox 117 2776 270 2836; x_wconf 86' lang='grc' dir='ltr'>νοίας</span> <span class='ocrx_word' id='word_1_341' title='bbox 311 2776 672 2846; x_wconf 81' lang='grc' dir='ltr'>ήττὴσαντας,</span> <span class='ocrx_word' id='word_1_342' title='bbox 705 2782 800 2832; x_wconf 76' lang='grc' dir='ltr'>καὶ</span> <span class='ocrx_word' id='word_1_343' title='bbox 845 2781 1276 2848; x_wconf 79' lang='grc' dir='ltr'>καταϐαλόντας,</span> <span class='ocrx_word' id='word_1_344' title='bbox 1321 2785 1417 2838; x_wconf 74' lang='grc' dir='ltr'>καὶ</span> <span class='ocrx_word' id='word_1_345' title='bbox 1456 2785 1549 2838; x_wconf 70' lang='grc' dir='ltr'>ἐπὶ</span> <span class='ocrx_word' id='word_1_346' title='bbox 1598 2786 1695 2838; x_wconf 73' lang='grc' dir='ltr'>τῶι</span> 
     </span>
    </p>
   </div>
   <div class='ocr_carea' id='block_1_54' title="bbox 1792 2776 3377 2863">
    <p class='ocr_par' dir='ltr' id='par_1_54' title="bbox 1801 2785 3377 2863">
     <span class='ocr_line' id='line_1_54' title="bbox 1801 2785 3377 2863; baseline -0.008 -17"><span class='ocrx_word' id='word_1_347' title='bbox 1801 2809 1828 2846; x_wconf 89' lang='lat' dir='ltr'><strong>a</strong></span> <span class='ocrx_word' id='word_1_348' title='bbox 1860 2807 1972 2863; x_wconf 90' lang='lat' dir='ltr'><strong>quo</strong></span> <span class='ocrx_word' id='word_1_349' title='bbox 2008 2789 2162 2861; x_wconf 83' lang='lat' dir='ltr'><strong>prius</strong></span> <span class='ocrx_word' id='word_1_350' title='bbox 2185 2789 2240 2843; x_wconf 87' lang='lat' dir='ltr'><strong>in</strong></span> <span class='ocrx_word' id='word_1_351' title='bbox 2271 2787 2573 2844; x_wconf 88' lang='lat' dir='ltr'><strong>certamine</strong></span> <span class='ocrx_word' id='word_1_352' title='bbox 2602 2785 2800 2853; x_wconf 76' lang='lat' dir='ltr'><strong>deiecti</strong></span> <span class='ocrx_word' id='word_1_353' title='bbox 2831 2785 3069 2847; x_wconf 86' lang='lat' dir='ltr'><strong>fuerant.</strong></span> <span class='ocrx_word' id='word_1_354' title='bbox 3103 2786 3377 2854; x_wconf 76' lang='lat' dir='ltr'><strong>pteniten-</strong></span> 
     </span>
    </p>
   </div>
   <div class='ocr_carea' id='block_1_55' title="bbox 121 2865 1707 2948">
    <p class='ocr_par' dir='ltr' id='par_1_55' title="bbox 121 2865 1707 2948">
     <span class='ocr_line' id='line_1_55' title="bbox 121 2865 1707 2948; baseline 0.008 -30"><span class='ocrx_word' id='word_1_355' title='bbox 121 2867 401 2934; x_wconf 86' lang='grc' dir='ltr'>τυράννων</span> <span class='ocrx_word' id='word_1_356' title='bbox 427 2865 584 2932; x_wconf 82' lang='grc' dir='ltr'>αὖθις</span> <span class='ocrx_word' id='word_1_357' title='bbox 605 2870 704 2941; x_wconf 71' lang='grc' dir='ltr'>τὴν</span> <span class='ocrx_word' id='word_1_358' title='bbox 739 2873 924 2926; x_wconf 88' lang='grc' dir='ltr'>πίστιν</span> <span class='ocrx_word' id='word_1_359' title='bbox 949 2875 1393 2946; x_wconf 79' lang='grc' dir='ltr'>ὁμολογήσαντας</span> <span class='ocrx_word' id='word_1_360' title='bbox 1416 2892 1431 2906; x_wconf 87' lang='grc'><strong>·</strong></span> <span class='ocrx_word' id='word_1_361' title='bbox 1479 2876 1528 2929; x_wconf 89' lang='grc' dir='ltr'><strong>εί</strong></span> <span class='ocrx_word' id='word_1_362' title='bbox 1581 2895 1707 2948; x_wconf 89' lang='grc' dir='ltr'>πρε-</span> 
     </span>
    </p>
   </div>
   <div class='ocr_carea' id='block_1_56' title="bbox 118 2954 1706 3038">
    <p class='ocr_par' dir='ltr' id='par_1_56' title="bbox 118 2954 1706 3038">
     <span class='ocr_line' id='line_1_56' title="bbox 118 2954 1706 3038; baseline 0.008 -29"><span class='ocrx_word' id='word_1_363' title='bbox 118 2959 371 3028; x_wconf 80' lang='grc' dir='ltr'>σϐύτεροι</span> <span class='ocrx_word' id='word_1_364' title='bbox 392 2954 556 3030; x_wconf 81' lang='grc' dir='ltr'>ἦσαν,</span> <span class='ocrx_word' id='word_1_365' title='bbox 585 2961 732 3029; x_wconf 79' lang='grc' dir='ltr'>ἔδοξε</span> <span class='ocrx_word' id='word_1_366' title='bbox 761 2966 826 3034; x_wconf 80' lang='grc' dir='ltr'>τῇ</span> <span class='ocrx_word' id='word_1_367' title='bbox 853 2965 1056 3034; x_wconf 79' lang='grc' dir='ltr'>συνόδῳ</span> <span class='ocrx_word' id='word_1_368' title='bbox 1079 2966 1176 3037; x_wconf 80' lang='grc' dir='ltr'>τῆς</span> <span class='ocrx_word' id='word_1_369' title='bbox 1201 2968 1365 3036; x_wconf 78' lang='grc' dir='ltr'>τιμῆς</span> <span class='ocrx_word' id='word_1_370' title='bbox 1391 2968 1490 3038; x_wconf 81' lang='grc' dir='ltr'>μὲν</span> <span class='ocrx_word' id='word_1_371' title='bbox 1521 2966 1620 3038; x_wconf 85' lang='grc' dir='ltr'>τῆς</span> <span class='ocrx_word' id='word_1_372' title='bbox 1649 2970 1706 3022; x_wconf 85' lang='grc' dir='ltr'><strong>ἐν</strong></span> 
     </span>
    </p>
   </div>
   <div class='ocr_carea' id='block_1_57' title="bbox 112 3051 1707 3128">
    <p class='ocr_par' dir='ltr' id='par_1_57' title="bbox 112 3051 1707 3128">
     <span class='ocr_line' id='line_1_57' title="bbox 112 3051 1707 3128; baseline 0.006 -25"><span class='ocrx_word' id='word_1_373' title='bbox 112 3052 240 3112; x_wconf 78' lang='grc' dir='ltr'>ταῖς</span> <span class='ocrx_word' id='word_1_374' title='bbox 271 3051 566 3123; x_wconf 87' lang='grc' dir='ltr'>καθέδραις</span> <span class='ocrx_word' id='word_1_375' title='bbox 593 3056 842 3126; x_wconf 80' lang='grc' dir='ltr'>μετέχειν</span> <span class='ocrx_word' id='word_1_376' title='bbox 867 3057 1094 3123; x_wconf 77' lang='grc' dir='ltr'>αὐτοὺς,</span> <span class='ocrx_word' id='word_1_377' title='bbox 1124 3057 1263 3128; x_wconf 82' lang='grc' dir='ltr'>μήτε</span> <span class='ocrx_word' id='word_1_378' title='bbox 1291 3058 1350 3111; x_wconf 87' lang='grc' dir='ltr'><strong>δέ</strong></span> <span class='ocrx_word' id='word_1_379' title='bbox 1375 3060 1707 3128; x_wconf 77' lang='grc' dir='ltr'>προσφέρειν</span> 
     </span>
    </p>
   </div>
   <div class='ocr_carea' id='block_1_58' title="bbox 116 3145 1698 3217">
    <p class='ocr_par' dir='ltr' id='par_1_58' title="bbox 116 3145 1698 3217">
     <span class='ocr_line' id='line_1_58' title="bbox 116 3145 1698 3217; baseline 0.006 -24"><span class='ocrx_word' id='word_1_380' title='bbox 116 3145 262 3209; x_wconf 72' lang='grc' dir='ltr'>μήτε</span> <span class='ocrx_word' id='word_1_381' title='bbox 292 3145 523 3212; x_wconf 81' lang='grc' dir='ltr'>ὁμιλεῖν,</span> <span class='ocrx_word' id='word_1_382' title='bbox 559 3147 684 3199; x_wconf 79' lang='grc' dir='ltr'>ἀντὶ</span> <span class='ocrx_word' id='word_1_383' title='bbox 733 3147 826 3200; x_wconf 83' lang='grc' dir='ltr'>τοῦ</span> <span class='ocrx_word' id='word_1_384' title='bbox 877 3147 1172 3212; x_wconf 79' lang='grc' dir='ltr'>διδάσκειν,</span> <span class='ocrx_word' id='word_1_385' title='bbox 1219 3149 1360 3217; x_wconf 81' lang='grc' dir='ltr'>μήτε</span> <span class='ocrx_word' id='word_1_386' title='bbox 1403 3149 1540 3212; x_wconf 86' lang='grc' dir='ltr'>ὅλως</span> <span class='ocrx_word' id='word_1_387' title='bbox 1585 3148 1698 3203; x_wconf 83' lang='grc' dir='ltr'>λει-</span> 
     </span>
    </p>
   </div>
   <div class='ocr_carea' id='block_1_59' title="bbox 112 3237 1697 3312">
    <p class='ocr_par' dir='ltr' id='par_1_59' title="bbox 112 3237 1697 3312">
     <span class='ocr_line' id='line_1_59' title="bbox 112 3237 1697 3312; baseline 0.006 -25"><span class='ocrx_word' id='word_1_388' title='bbox 112 3237 408 3301; x_wconf 76' lang='grc' dir='ltr'>τουργεῖν,</span> <span class='ocrx_word' id='word_1_389' title='bbox 468 3239 590 3292; x_wconf 76' lang='grc' dir='ltr'><strong>ἀντὶ</strong></span> <span class='ocrx_word' id='word_1_390' title='bbox 653 3237 749 3293; x_wconf 84' lang='grc' dir='ltr'><strong>τοῦ</strong></span> <span class='ocrx_word' id='word_1_391' title='bbox 811 3240 1059 3309; x_wconf 76' lang='grc' dir='ltr'>ἐνεργεῖν</span> <span class='ocrx_word' id='word_1_392' title='bbox 1114 3257 1168 3293; x_wconf 91' lang='grc' dir='ltr'>τι</span> <span class='ocrx_word' id='word_1_393' title='bbox 1239 3239 1349 3294; x_wconf 86' lang='grc' dir='ltr'><strong>τῶν</strong></span> <span class='ocrx_word' id='word_1_394' title='bbox 1409 3242 1697 3312; x_wconf 83' lang='grc' dir='ltr'>ἱερατικῶν</span> 
     </span>
    </p>
   </div>
   <div class='ocr_carea' id='block_1_60' title="bbox 112 3326 361 3381">
    <p class='ocr_par' dir='ltr' id='par_1_60' title="bbox 112 3326 361 3381">
     <span class='ocr_line' id='line_1_60' title="bbox 112 3326 361 3381; baseline 0.008 -3"><span class='ocrx_word' id='word_1_395' title='bbox 112 3326 361 3381; x_wconf 71' lang='grc' dir='ltr'>δικαίων.</span> 
     </span>
    </p>
   </div>
   <div class='ocr_carea' id='block_1_61' title="bbox 699 3613 1070 3668">
    <p class='ocr_par' dir='ltr' id='par_1_61' title="bbox 699 3613 1070 3668">
     <span class='ocr_line' id='line_1_61' title="bbox 699 3613 1070 3668; baseline 0.008 -4"><span class='ocrx_word' id='word_1_396' title='bbox 699 3613 941 3666; x_wconf 75' lang='grc' dir='ltr'><strong>ΚΛΝΩΝ</strong></span> <span class='ocrx_word' id='word_1_397' title='bbox 995 3613 1070 3668; x_wconf 82' lang='grc' dir='ltr'><strong>Β’.</strong></span> 
     </span>
    </p>
   </div>
   <div class='ocr_carea' id='block_1_62' title="bbox 109 3703 1693 3774">
    <p class='ocr_par' dir='ltr' id='par_1_62' title="bbox 109 3703 1693 3774">
     <span class='ocr_line' id='line_1_62' title="bbox 109 3703 1693 3774; baseline 0.004 -20"><span class='ocrx_word' id='word_1_398' title='bbox 109 3722 132 3754; x_wconf 83' lang='grc'><em>‹</em></span> <span class='ocrx_word' id='word_1_399' title='bbox 178 3703 468 3765; x_wconf 75' lang='grc' dir='ltr'>Διακόνους</span> <span class='ocrx_word' id='word_1_400' title='bbox 512 3703 713 3772; x_wconf 85' lang='grc' dir='ltr'>ὁμοίως</span> <span class='ocrx_word' id='word_1_401' title='bbox 761 3703 1051 3771; x_wconf 83' lang='grc' dir='ltr'>θύσαντας,</span> <span class='ocrx_word' id='word_1_402' title='bbox 1103 3705 1240 3774; x_wconf 80' lang='grc' dir='ltr'>μετά</span> <span class='ocrx_word' id='word_1_403' title='bbox 1280 3705 1338 3758; x_wconf 80' lang='grc' dir='ltr'><strong>δὲ</strong></span> <span class='ocrx_word' id='word_1_404' title='bbox 1367 3705 1534 3760; x_wconf 81' lang='grc' dir='ltr'>ταῦτα</span> <span class='ocrx_word' id='word_1_405' title='bbox 1563 3705 1693 3760; x_wconf 82' lang='grc' dir='ltr'>ἁναο</span> 
     </span>
    </p>
   </div>
   <div class='ocr_carea' id='block_1_63' title="bbox 188 3793 1689 3864">
    <p class='ocr_par' dir='ltr' id='par_1_63' title="bbox 188 3793 1689 3864">
     <span class='ocr_line' id='line_1_63' title="bbox 188 3793 1689 3864; baseline 0.002 -20"><span class='ocrx_word' id='word_1_406' title='bbox 188 3811 206 3844; x_wconf 76' lang='grc' dir='ltr'><strong>ι</strong></span> <span class='ocrx_word' id='word_1_407' title='bbox 255 3793 660 3855; x_wconf 84' lang='grc' dir='ltr'>παλαίσαντας.</span> <span class='ocrx_word' id='word_1_408' title='bbox 723 3794 822 3861; x_wconf 81' lang='grc' dir='ltr'>τὴν</span> <span class='ocrx_word' id='word_1_409' title='bbox 883 3795 982 3862; x_wconf 88' lang='grc' dir='ltr'><strong>μὲν</strong></span> <span class='ocrx_word' id='word_1_410' title='bbox 1043 3794 1207 3862; x_wconf 71' lang='grc' dir='ltr'>ἄλλ-ην</span> <span class='ocrx_word' id='word_1_411' title='bbox 1276 3794 1442 3864; x_wconf 80' lang='grc' dir='ltr'>τιμὴν</span> <span class='ocrx_word' id='word_1_412' title='bbox 1507 3795 1689 3863; x_wconf 76' lang='grc' dir='ltr'>ἔχειν,</span> 
     </span>
    </p>
   </div>
   <div class='ocr_carea' id='block_1_64' title="bbox 187 3882 1690 3953">
    <p class='ocr_par' dir='ltr' id='par_1_64' title="bbox 187 3882 1690 3953">
     <span class='ocr_line' id='line_1_64' title="bbox 187 3882 1690 3953; baseline 0.002 -19"><span class='ocrx_word' id='word_1_413' title='bbox 187 3901 206 3934; x_wconf 73' lang='grc' dir='ltr'><strong>ι</strong></span> <span class='ocrx_word' id='word_1_414' title='bbox 256 3882 566 3936; x_wconf 82' lang='grc' dir='ltr'>πεπαῦσθαι</span> <span class='ocrx_word' id='word_1_415' title='bbox 628 3883 685 3936; x_wconf 81' lang='grc' dir='ltr'>δὲ</span> <span class='ocrx_word' id='word_1_416' title='bbox 743 3883 938 3947; x_wconf 83' lang='grc' dir='ltr'>αὐτοὺς</span> <span class='ocrx_word' id='word_1_417' title='bbox 1003 3884 1182 3951; x_wconf 74' lang='grc' dir='ltr'>πάσης</span> <span class='ocrx_word' id='word_1_418' title='bbox 1239 3884 1340 3953; x_wconf 80' lang='grc' dir='ltr'>τῆς</span> <span class='ocrx_word' id='word_1_419' title='bbox 1411 3886 1690 3952; x_wconf 77' lang='grc' dir='ltr'>ἱερατικῆς</span> 
     </span>
    </p>
   </div>
   <div class='ocr_carea' id='block_1_65' title="bbox 187 3975 1689 4048">
    <p class='ocr_par' dir='ltr' id='par_1_65' title="bbox 187 3975 1689 4048">
     <span class='ocr_line' id='line_1_65' title="bbox 187 3975 1689 4048; baseline 0.003 -23"><span class='ocrx_word' id='word_1_420' title='bbox 187 3994 204 4025; x_wconf 78' lang='grc' dir='ltr'><strong>ι</strong></span> <span class='ocrx_word' id='word_1_421' title='bbox 251 3975 637 4045; x_wconf 72' lang='grc' dir='ltr'>λειτουργίας,</span> <span class='ocrx_word' id='word_1_422' title='bbox 696 3975 796 4043; x_wconf 80' lang='grc' dir='ltr'>τῆς</span> <span class='ocrx_word' id='word_1_423' title='bbox 847 3992 908 4028; x_wconf 89' lang='grc' dir='ltr'><strong>τε</strong></span> <span class='ocrx_word' id='word_1_424' title='bbox 968 3977 1063 4028; x_wconf 83' lang='grc' dir='ltr'>τοῦ</span> <span class='ocrx_word' id='word_1_425' title='bbox 1123 3975 1287 4046; x_wconf 78' lang='grc' dir='ltr'>ἄρτον</span> <span class='ocrx_word' id='word_1_426' title='bbox 1338 3976 1369 4047; x_wconf 78' lang='grc' dir='ltr'><strong>ᾗ</strong></span> <span class='ocrx_word' id='word_1_427' title='bbox 1429 3978 1689 4048; x_wconf 78' lang='grc' dir='ltr'>ποτήριον</span> 
     </span>
    </p>
   </div>
   <div class='ocr_carea' id='block_1_66' title="bbox 185 4065 1688 4138">
    <p class='ocr_par' dir='ltr' id='par_1_66' title="bbox 185 4065 1688 4138">
     <span class='ocr_line' id='line_1_66' title="bbox 185 4065 1688 4138; baseline 0.003 -20"><span class='ocrx_word' id='word_1_428' title='bbox 185 4085 204 4118; x_wconf 73' lang='grc' dir='ltr'><strong>ι</strong></span> <span class='ocrx_word' id='word_1_429' title='bbox 251 4066 550 4136; x_wconf 78' lang='grc' dir='ltr'>ἀναφέρειν</span> <span class='ocrx_word' id='word_1_430' title='bbox 602 4065 635 4136; x_wconf 83' lang='grc' dir='ltr'>ἢ</span> <span class='ocrx_word' id='word_1_431' title='bbox 693 4065 1008 4136; x_wconf 85' lang='grc' dir='ltr'>κηρύσσειν.</span> <span class='ocrx_word' id='word_1_432' title='bbox 1062 4067 1123 4119; x_wconf 76' lang='lat' dir='ltr'><strong>Et</strong></span> <span class='ocrx_word' id='word_1_433' title='bbox 1173 4068 1354 4138; x_wconf 86' lang='grc' dir='ltr'>μέντοι</span> <span class='ocrx_word' id='word_1_434' title='bbox 1390 4069 1531 4129; x_wconf 82' lang='grc' dir='ltr'>τινὲς</span> <span class='ocrx_word' id='word_1_435' title='bbox 1579 4071 1688 4123; x_wconf 83' lang='grc' dir='ltr'>τῶν</span> 
     </span>
    </p>
   </div>
   <div class='ocr_carea' id='block_1_67' title="bbox 181 4159 1683 4234">
    <p class='ocr_par' dir='ltr' id='par_1_67' title="bbox 181 4159 1683 4234">
     <span class='ocr_line' id='line_1_67' title="bbox 181 4159 1683 4234; baseline 0.005 -25"><span class='ocrx_word' id='word_1_436' title='bbox 181 4177 199 4208; x_wconf 75' lang='grc' dir='ltr'><strong>ι</strong></span> <span class='ocrx_word' id='word_1_437' title='bbox 251 4160 568 4212; x_wconf 81' lang='grc' dir='ltr'>ἐπισκόπων</span> <span class='ocrx_word' id='word_1_438' title='bbox 618 4159 827 4223; x_wconf 88' lang='grc' dir='ltr'>τούτοις</span> <span class='ocrx_word' id='word_1_439' title='bbox 889 4161 1152 4213; x_wconf 88' lang='grc' dir='ltr'>συνίδοιεν</span> <span class='ocrx_word' id='word_1_440' title='bbox 1207 4162 1453 4231; x_wconf 85' lang='grc' dir='ltr'>κάματόν</span> <span class='ocrx_word' id='word_1_441' title='bbox 1481 4179 1600 4216; x_wconf 88' lang='grc' dir='ltr'>τινα</span> <span class='ocrx_word' id='word_1_442' title='bbox 1649 4165 1683 4234; x_wconf 83' lang='grc' dir='ltr'>ἢ</span> 
     </span>
    </p>
   </div>
   <div class='ocr_carea' id='block_1_68' title="bbox 183 4249 1686 4321">
    <p class='ocr_par' dir='ltr' id='par_1_68' title="bbox 183 4249 1686 4321">
     <span class='ocr_line' id='line_1_68' title="bbox 183 4249 1686 4321; baseline 0.007 -23"><span class='ocrx_word' id='word_1_443' title='bbox 183 4267 202 4298; x_wconf 85' lang='grc'><strong>‹</strong></span> <span class='ocrx_word' id='word_1_444' title='bbox 254 4249 586 4302; x_wconf 80' lang='grc' dir='ltr'>ταπείνωσιν</span> <span class='ocrx_word' id='word_1_445' title='bbox 634 4251 962 4321; x_wconf 79' lang='grc' dir='ltr'>πραότητος,</span> <span class='ocrx_word' id='word_1_446' title='bbox 1019 4254 1112 4304; x_wconf 71' lang='grc' dir='ltr'>καὶ</span> <span class='ocrx_word' id='word_1_447' title='bbox 1161 4252 1393 4304; x_wconf 81' lang='grc' dir='ltr'>ἐθέλοιεν</span> <span class='ocrx_word' id='word_1_448' title='bbox 1446 4253 1603 4306; x_wconf 88' lang='grc' dir='ltr'>πλέον</span> <span class='ocrx_word' id='word_1_449' title='bbox 1633 4273 1686 4308; x_wconf 87' lang='grc' dir='ltr'>τι</span> 
     </span>
    </p>
   </div>
   <div class='ocr_carea' id='block_1_69' title="bbox 181 4337 1684 4414">
    <p class='ocr_par' dir='ltr' id='par_1_69' title="bbox 181 4337 1684 4414">
     <span class='ocr_line' id='line_1_69' title="bbox 181 4337 1684 4414; baseline 0.005 -23"><span class='ocrx_word' id='word_1_450' title='bbox 181 4359 199 4391; x_wconf 80' lang='grc' dir='ltr'><strong>ι</strong></span> <span class='ocrx_word' id='word_1_451' title='bbox 248 4341 451 4394; x_wconf 80' lang='grc' dir='ltr'>διδόναι</span> <span class='ocrx_word' id='word_1_452' title='bbox 489 4342 520 4412; x_wconf 83' lang='grc' dir='ltr'>ἢ</span> <span class='ocrx_word' id='word_1_453' title='bbox 556 4343 834 4412; x_wconf 74' lang='grc' dir='ltr'>ἀφαιρεῖν,</span> <span class='ocrx_word' id='word_1_454' title='bbox 884 4343 971 4394; x_wconf 72' lang='grc' dir='ltr'><strong>ἐπ’</strong></span> <span class='ocrx_word' id='word_1_455' title='bbox 1006 4343 1187 4404; x_wconf 73' lang='grc' dir='ltr'>αὐτοῖς</span> <span class='ocrx_word' id='word_1_456' title='bbox 1233 4337 1499 4414; x_wconf 78' lang='grc' dir='ltr'>εἶναιτὴν</span> <span class='ocrx_word' id='word_1_457' title='bbox 1538 4344 1684 4410; x_wconf 79' lang='grc' dir='ltr'>ἐξου-</span> 
     </span>
    </p>
   </div>
   <div class='ocr_carea' id='block_1_70' title="bbox 182 4447 453 4484">
    <p class='ocr_par' dir='ltr' id='par_1_70' title="bbox 182 4447 453 4484">
     <span class='ocr_line' id='line_1_70' title="bbox 182 4447 453 4484; baseline 0.007 -4"><span class='ocrx_word' id='word_1_458' title='bbox 182 4450 201 4480; x_wconf 74' lang='grc'>1</span> <span class='ocrx_word' id='word_1_459' title='bbox 253 4447 395 4484; x_wconf 84' lang='grc' dir='ltr'>σιαν.</span> <span class='ocrx_word' id='word_1_460' title='bbox 434 4449 453 4482; x_wconf 76' lang='grc' dir='ltr'><strong>ι</strong></span> 
     </span>
    </p>
   </div>
   <div class='ocr_carea' id='block_1_71' title="bbox 180 4521 1690 4596">
    <p class='ocr_par' dir='ltr' id='par_1_71' title="bbox 180 4521 1690 4596">
     <span class='ocr_line' id='line_1_71' title="bbox 180 4521 1690 4596; baseline 0.002 -22"><span class='ocrx_word' id='word_1_461' title='bbox 180 4524 385 4578; x_wconf 74' lang='grc' dir='ltr'><strong>ΒΑΛΣ.</strong></span> <span class='ocrx_word' id='word_1_462' title='bbox 416 4523 570 4576; x_wconf 82' lang='grc' dir='ltr'><strong>Καὶὸ</strong></span> <span class='ocrx_word' id='word_1_463' title='bbox 599 4521 790 4592; x_wconf 87' lang='grc' dir='ltr'>παρὼν</span> <span class='ocrx_word' id='word_1_464' title='bbox 814 4521 993 4575; x_wconf 87' lang='grc' dir='ltr'>κανὼν</span> <span class='ocrx_word' id='word_1_465' title='bbox 1018 4523 1084 4576; x_wconf 72' lang='grc' dir='ltr'><strong>τά</strong></span> <span class='ocrx_word' id='word_1_466' title='bbox 1112 4523 1248 4578; x_wconf 79' lang='grc' dir='ltr'>αὐτὰ</span> <span class='ocrx_word' id='word_1_467' title='bbox 1275 4526 1404 4596; x_wconf 84' lang='grc' dir='ltr'>περὶ</span> <span class='ocrx_word' id='word_1_468' title='bbox 1431 4525 1690 4578; x_wconf 85' lang='grc' dir='ltr'>διακόνων</span> 
     </span>
    </p>
   </div>
   <div class='ocr_carea' id='block_1_72' title="bbox 94 4615 1691 4689">
    <p class='ocr_par' dir='ltr' id='par_1_72' title="bbox 94 4615 1691 4689">
     <span class='ocr_line' id='line_1_72' title="bbox 94 4615 1691 4689; baseline 0.004 -24"><span class='ocrx_word' id='word_1_469' title='bbox 94 4615 481 4683; x_wconf 74' lang='grc' dir='ltr'>διοριζόμενος</span> <span class='ocrx_word' id='word_1_470' title='bbox 532 4615 888 4686; x_wconf 84' lang='grc' dir='ltr'>προστίθησιν</span> <span class='ocrx_word' id='word_1_471' title='bbox 942 4615 1054 4679; x_wconf 84' lang='grc' dir='ltr'>ὡς,</span> <span class='ocrx_word' id='word_1_472' title='bbox 1115 4617 1272 4687; x_wconf 79' lang='grc' dir='ltr'>εἴπερ</span> <span class='ocrx_word' id='word_1_473' title='bbox 1330 4619 1376 4671; x_wconf 90' lang='grc' dir='ltr'>οί</span> <span class='ocrx_word' id='word_1_474' title='bbox 1436 4618 1691 4689; x_wconf 84' lang='grc' dir='ltr'>ἐγχώριοι</span> 
     </span>
    </p>
   </div>
   <div class='ocr_carea' id='block_1_73' title="bbox 96 4708 1688 4779">
    <p class='ocr_par' dir='ltr' id='par_1_73' title="bbox 96 4708 1688 4779">
     <span class='ocr_line' id='line_1_73' title="bbox 96 4708 1688 4779; baseline 0.003 -19"><span class='ocrx_word' id='word_1_475' title='bbox 96 4711 399 4760; x_wconf 82' lang='grc' dir='ltr'>ἐπίσκοποι</span> <span class='ocrx_word' id='word_1_476' title='bbox 431 4709 824 4777; x_wconf 79' lang='grc' dir='ltr'>κατανοήσουσι</span> <span class='ocrx_word' id='word_1_477' title='bbox 874 4709 996 4771; x_wconf 70' lang='grc' dir='ltr'>τοὺς</span> <span class='ocrx_word' id='word_1_478' title='bbox 1050 4708 1187 4779; x_wconf 77' lang='grc' dir='ltr'>μετὰ</span> <span class='ocrx_word' id='word_1_479' title='bbox 1223 4708 1479 4778; x_wconf 77' lang='grc' dir='ltr'>ἀληθείας</span> <span class='ocrx_word' id='word_1_480' title='bbox 1515 4709 1688 4777; x_wconf 84' lang='grc' dir='ltr'>βασα-</span> 
     </span>
    </p>
   </div>
   <div class='ocr_carea' id='block_1_74' title="bbox 97 4798 1690 4874">
    <p class='ocr_par' dir='ltr' id='par_1_74' title="bbox 97 4798 1690 4874">
     <span class='ocr_line' id='line_1_74' title="bbox 97 4798 1690 4874; baseline 0.004 -25"><span class='ocrx_word' id='word_1_481' title='bbox 97 4798 398 4860; x_wconf 84' lang='grc' dir='ltr'>νισθέντας</span> <span class='ocrx_word' id='word_1_482' title='bbox 451 4799 633 4864; x_wconf 78' lang='grc' dir='ltr'>ἀξίους</span> <span class='ocrx_word' id='word_1_483' title='bbox 691 4801 873 4864; x_wconf 87' lang='grc' dir='ltr'>ἐλέους</span> <span class='ocrx_word' id='word_1_484' title='bbox 927 4801 1013 4855; x_wconf 76' lang='grc' dir='ltr'><strong>διὰ</strong></span> <span class='ocrx_word' id='word_1_485' title='bbox 1071 4804 1136 4854; x_wconf 76' lang='grc' dir='ltr'><strong>τὰ</strong></span> <span class='ocrx_word' id='word_1_486' title='bbox 1187 4801 1395 4873; x_wconf 84' lang='grc' dir='ltr'>δάκρυα</span> <span class='ocrx_word' id='word_1_487' title='bbox 1445 4804 1540 4855; x_wconf 80' lang='grc' dir='ltr'>καὶ</span> <span class='ocrx_word' id='word_1_488' title='bbox 1590 4803 1690 4874; x_wconf 81' lang='grc' dir='ltr'>τὴν</span> 
     </span>
    </p>
   </div>
   <div class='ocr_carea' id='block_1_75' title="bbox 90 4887 1689 4958">
    <p class='ocr_par' dir='ltr' id='par_1_75' title="bbox 90 4887 1689 4958">
     <span class='ocr_line' id='line_1_75' title="bbox 90 4887 1689 4958; baseline 0.005 -21"><span class='ocrx_word' id='word_1_489' title='bbox 90 4887 442 4940; x_wconf 81' lang='grc' dir='ltr'>ταπείνωσιν</span> <span class='ocrx_word' id='word_1_490' title='bbox 489 4888 666 4940; x_wconf 82' lang='grc' dir='ltr'>αὐτῶν</span> <span class='ocrx_word' id='word_1_491' title='bbox 695 4889 728 4958; x_wconf 80' lang='grc' dir='ltr'>ἢ</span> <span class='ocrx_word' id='word_1_492' title='bbox 762 4889 1072 4943; x_wconf 81' lang='grc' dir='ltr'>τούναντίον</span> <span class='ocrx_word' id='word_1_493' title='bbox 1125 4891 1399 4955; x_wconf 86' lang='grc' dir='ltr'>κολάσεως</span> <span class='ocrx_word' id='word_1_494' title='bbox 1447 4891 1689 4956; x_wconf 87' lang='grc' dir='ltr'>πλείονος</span> 
     </span>
    </p>
   </div>
   <div class='ocr_carea' id='block_1_76' title="bbox 91 4977 1691 5050">
    <p class='ocr_par' dir='ltr' id='par_1_76' title="bbox 91 4977 1691 5050">
     <span class='ocr_line' id='line_1_76' title="bbox 91 4977 1691 5050; baseline 0.004 -22"><span class='ocrx_word' id='word_1_495' title='bbox 91 4977 190 5028; x_wconf 72' lang='grc' dir='ltr'>διὰ</span> <span class='ocrx_word' id='word_1_496' title='bbox 223 4977 328 5043; x_wconf 75' lang='grc' dir='ltr'>τὴν</span> <span class='ocrx_word' id='word_1_497' title='bbox 359 4977 633 5032; x_wconf 81' lang='grc' dir='ltr'>ἀναίδειαν</span> <span class='ocrx_word' id='word_1_498' title='bbox 653 4994 667 5009; x_wconf 90' lang='grc'><strong>·</strong></span> <span class='ocrx_word' id='word_1_499' title='bbox 704 4981 985 5049; x_wconf 82' lang='grc' dir='ltr'>ποιήσουσι</span> <span class='ocrx_word' id='word_1_500' title='bbox 1036 4982 1176 5035; x_wconf 82' lang='grc' dir='ltr'>κατὰ</span> <span class='ocrx_word' id='word_1_501' title='bbox 1208 4983 1266 5035; x_wconf 76' lang='grc' dir='ltr'>τὸ</span> <span class='ocrx_word' id='word_1_502' title='bbox 1293 4981 1447 5047; x_wconf 79' lang='grc' dir='ltr'>δόξαν</span> <span class='ocrx_word' id='word_1_503' title='bbox 1486 4983 1691 5050; x_wconf 80' lang='grc' dir='ltr'>αὐτοῖς,</span> 
     </span>
    </p>
   </div>
   <div class='ocr_carea' id='block_1_77' title="bbox 91 5069 1694 5145">
    <p class='ocr_par' dir='ltr' id='par_1_77' title="bbox 91 5069 1694 5145">
     <span class='ocr_line' id='line_1_77' title="bbox 91 5069 1694 5145; baseline 0.003 -23"><span class='ocrx_word' id='word_1_504' title='bbox 91 5069 390 5122; x_wconf 85' lang='grc' dir='ltr'>τουτέστιν</span> <span class='ocrx_word' id='word_1_505' title='bbox 443 5069 473 5137; x_wconf 78' lang='grc' dir='ltr'>ἢ</span> <span class='ocrx_word' id='word_1_506' title='bbox 511 5069 874 5139; x_wconf 80' lang='grc' dir='ltr'>ἐπαυξήσουσι</span> <span class='ocrx_word' id='word_1_507' title='bbox 917 5071 1015 5142; x_wconf 83' lang='grc' dir='ltr'>τὴν</span> <span class='ocrx_word' id='word_1_508' title='bbox 1053 5073 1341 5143; x_wconf 86' lang='grc' dir='ltr'>τιμωρίαν,</span> <span class='ocrx_word' id='word_1_509' title='bbox 1385 5074 1417 5144; x_wconf 77' lang='grc' dir='ltr'>ἢ</span> <span class='ocrx_word' id='word_1_510' title='bbox 1457 5075 1694 5145; x_wconf 73' lang='grc' dir='ltr'>προσθήο</span> 
     </span>
    </p>
   </div>
   <div class='ocr_carea' id='block_1_78' title="bbox 94 5161 1691 5238">
    <p class='ocr_par' dir='ltr' id='par_1_78' title="bbox 94 5161 1691 5238">
     <span class='ocr_line' id='line_1_78' title="bbox 94 5161 1691 5238; baseline 0.001 -24"><span class='ocrx_word' id='word_1_511' title='bbox 94 5178 265 5214; x_wconf 79' lang='grc' dir='ltr'>σουσι</span> <span class='ocrx_word' id='word_1_512' title='bbox 303 5161 508 5229; x_wconf 84' lang='grc' dir='ltr'>μᾶλλον</span> <span class='ocrx_word' id='word_1_513' title='bbox 533 5162 629 5232; x_wconf 79' lang='grc' dir='ltr'>τὴν</span> <span class='ocrx_word' id='word_1_514' title='bbox 663 5164 1023 5234; x_wconf 79' lang='grc' dir='ltr'>παρηγορίαν.</span> <span class='ocrx_word' id='word_1_515' title='bbox 1057 5166 1213 5234; x_wconf 70' lang='grc' dir='ltr'>Παρὰ</span> <span class='ocrx_word' id='word_1_516' title='bbox 1243 5166 1351 5236; x_wconf 80' lang='grc' dir='ltr'><strong>γὰρ</strong></span> <span class='ocrx_word' id='word_1_517' title='bbox 1379 5169 1442 5238; x_wconf 76' lang='grc' dir='ltr'>τῇ</span> <span class='ocrx_word' id='word_1_518' title='bbox 1475 5166 1691 5237; x_wconf 72' lang='grc' dir='ltr'>ἐξουσίᾳ</span> 
     </span>
    </p>
   </div>
   <div class='ocr_carea' id='block_1_79' title="bbox 91 5253 1688 5328">
    <p class='ocr_par' dir='ltr' id='par_1_79' title="bbox 91 5253 1688 5328">
     <span class='ocr_line' id='line_1_79' title="bbox 91 5253 1688 5328; baseline 0.003 -21"><span class='ocrx_word' id='word_1_519' title='bbox 91 5255 199 5310; x_wconf 76' lang='grc' dir='ltr'>καὶ</span> <span class='ocrx_word' id='word_1_520' title='bbox 247 5255 316 5323; x_wconf 76' lang='grc' dir='ltr'>τῇ</span> <span class='ocrx_word' id='word_1_521' title='bbox 373 5253 640 5324; x_wconf 91' lang='grc' dir='ltr'>διακρίσει</span> <span class='ocrx_word' id='word_1_522' title='bbox 671 5255 850 5308; x_wconf 81' lang='grc' dir='ltr'>αὐτῶν</span> <span class='ocrx_word' id='word_1_523' title='bbox 881 5255 948 5308; x_wconf 76' lang='grc' dir='ltr'><strong>τὰ</strong></span> <span class='ocrx_word' id='word_1_524' title='bbox 999 5258 1126 5328; x_wconf 76' lang='grc' dir='ltr'>περὶ</span> <span class='ocrx_word' id='word_1_525' title='bbox 1173 5259 1364 5311; x_wconf 88' lang='grc' dir='ltr'>τούτου</span> <span class='ocrx_word' id='word_1_526' title='bbox 1417 5258 1688 5313; x_wconf 85' lang='grc' dir='ltr'>ἀνέθεντο.</span> 
     </span>
    </p>
   </div>
   <div class='ocr_carea' id='block_1_80' title="bbox 1799 2877 3375 2950">
    <p class='ocr_par' dir='ltr' id='par_1_80' title="bbox 1799 2877 3375 2950">
     <span class='ocr_line' id='line_1_80' title="bbox 1799 2877 3375 2950; baseline -0.006 -12"><span class='ocrx_word' id='word_1_527' title='bbox 1799 2886 1869 2939; x_wconf 85' lang='lat' dir='ltr'><strong>tia</strong></span> <span class='ocrx_word' id='word_1_528' title='bbox 1891 2885 2030 2938; x_wconf 88' lang='lat' dir='ltr'><strong>duce</strong></span> <span class='ocrx_word' id='word_1_529' title='bbox 2049 2888 2366 2950; x_wconf 90' lang='lat' dir='ltr'><strong>superatum</strong></span> <span class='ocrx_word' id='word_1_530' title='bbox 2405 2878 2649 2934; x_wconf 85' lang='lat' dir='ltr'><strong>vicissim</strong></span> <span class='ocrx_word' id='word_1_531' title='bbox 2696 2886 3071 2945; x_wconf 85' lang='lat' dir='ltr'><strong>prostravere,</strong></span> <span class='ocrx_word' id='word_1_532' title='bbox 3104 2877 3375 2945; x_wconf 83' lang='lat' dir='ltr'><strong>fidemque</strong></span> 
     </span>
    </p>
   </div>
   <div class='ocr_carea' id='block_1_81' title="bbox 1801 2969 3372 3044">
    <p class='ocr_par' dir='ltr' id='par_1_81' title="bbox 1801 2969 3372 3044">
     <span class='ocr_line' id='line_1_81' title="bbox 1801 2969 3372 3044; baseline -0.007 -14"><span class='ocrx_word' id='word_1_533' title='bbox 1801 2992 1956 3032; x_wconf 88' lang='lat' dir='ltr'><strong>suam</strong></span> <span class='ocrx_word' id='word_1_534' title='bbox 1986 2974 2129 3044; x_wconf 87' lang='lat' dir='ltr'><strong>apud</strong></span> <span class='ocrx_word' id='word_1_535' title='bbox 2174 2981 2448 3040; x_wconf 81' lang='lat' dir='ltr'><strong>tyrannos</strong></span> <span class='ocrx_word' id='word_1_536' title='bbox 2495 2971 2694 3025; x_wconf 92' lang='lat' dir='ltr'><strong>iterum</strong></span> <span class='ocrx_word' id='word_1_537' title='bbox 2727 2969 2956 3037; x_wconf 81' lang='lat' dir='ltr'><strong>professi</strong></span> <span class='ocrx_word' id='word_1_538' title='bbox 3011 2969 3208 3022; x_wconf 83' lang='lat' dir='ltr'><strong>fuere:</strong></span> <span class='ocrx_word' id='word_1_539' title='bbox 3255 2983 3372 3032; x_wconf 86' lang='lat' dir='ltr'><strong>eos,</strong></span> 
     </span>
    </p>
   </div>
   <div class='ocr_carea' id='block_1_82' title="bbox 1802 3058 3379 3137">
    <p class='ocr_par' dir='ltr' id='par_1_82' title="bbox 1802 3058 3379 3137">
     <span class='ocr_line' id='line_1_82' title="bbox 1802 3058 3379 3137; baseline -0.008 -13"><span class='ocrx_word' id='word_1_540' title='bbox 1802 3067 2076 3137; x_wconf 85' lang='lat' dir='ltr'><strong>siquidem</strong></span> <span class='ocrx_word' id='word_1_541' title='bbox 2141 3062 2450 3120; x_wconf 86' lang='lat' dir='ltr'><strong>sacerdotio</strong></span> <span class='ocrx_word' id='word_1_542' title='bbox 2509 3061 2712 3115; x_wconf 86' lang='lat' dir='ltr'><strong>initiati</strong></span> <span class='ocrx_word' id='word_1_543' title='bbox 2795 3061 3038 3124; x_wconf 85' lang='lat' dir='ltr'><strong>fuerant,</strong></span> <span class='ocrx_word' id='word_1_544' title='bbox 3101 3058 3379 3112; x_wconf 77' lang='lat' dir='ltr'><strong>cathedra:</strong></span> 
     </span>
    </p>
   </div>
   <div class='ocr_carea' id='block_1_83' title="bbox 1801 3152 3379 3231">
    <p class='ocr_par' dir='ltr' id='par_1_83' title="bbox 1801 3152 3379 3231">
     <span class='ocr_line' id='line_1_83' title="bbox 1801 3152 3379 3231; baseline -0.008 -16"><span class='ocrx_word' id='word_1_545' title='bbox 1801 3162 2020 3231; x_wconf 88' lang='lat' dir='ltr'><strong>quidem</strong></span> <span class='ocrx_word' id='word_1_546' title='bbox 2051 3159 2318 3212; x_wconf 85' lang='lat' dir='ltr'><strong>honorem</strong></span> <span class='ocrx_word' id='word_1_547' title='bbox 2351 3156 2622 3219; x_wconf 86' lang='lat' dir='ltr'><strong>obtinere,</strong></span> <span class='ocrx_word' id='word_1_548' title='bbox 2676 3152 2880 3206; x_wconf 85' lang='lat' dir='ltr'><strong>nullam</strong></span> <span class='ocrx_word' id='word_1_549' title='bbox 2943 3159 3124 3205; x_wconf 88' lang='lat' dir='ltr'><strong>tamen</strong></span> <span class='ocrx_word' id='word_1_550' title='bbox 3170 3153 3236 3206; x_wconf 84' lang='lat' dir='ltr'><strong>iis</strong></span> <span class='ocrx_word' id='word_1_551' title='bbox 3283 3161 3379 3204; x_wconf 86' lang='lat' dir='ltr'><strong>aut</strong></span> 
     </span>
    </p>
   </div>
   <div class='ocr_carea' id='block_1_84' title="bbox 1797 3240 3379 3308">
    <p class='ocr_par' dir='ltr' id='par_1_84' title="bbox 1797 3240 3379 3308">
     <span class='ocr_line' id='line_1_84' title="bbox 1797 3240 3379 3308; baseline -0.007 -4"><span class='ocrx_word' id='word_1_552' title='bbox 1797 3248 2065 3304; x_wconf 83' lang='lat' dir='ltr'><strong>ofl&#39;erendi</strong></span> <span class='ocrx_word' id='word_1_553' title='bbox 2100 3256 2196 3300; x_wconf 88' lang='lat' dir='ltr'><strong>aut</strong></span> <span class='ocrx_word' id='word_1_554' title='bbox 2236 3243 2624 3305; x_wconf 87' lang='lat' dir='ltr'><strong>concionandi,</strong></span> <span class='ocrx_word' id='word_1_555' title='bbox 2657 3241 2758 3295; x_wconf 91' lang='lat' dir='ltr'><strong>&#39;noc</strong></span> <span class='ocrx_word' id='word_1_556' title='bbox 2793 3250 2876 3296; x_wconf 88' lang='lat' dir='ltr'><strong>est</strong></span> <span class='ocrx_word' id='word_1_557' title='bbox 2906 3240 3163 3302; x_wconf 87' lang='lat' dir='ltr'><strong>docendi,</strong></span> <span class='ocrx_word' id='word_1_558' title='bbox 3201 3251 3379 3308; x_wconf 78' lang='lat' dir='ltr'><strong>neque</strong></span> 
     </span>
    </p>
   </div>
   <div class='ocr_carea' id='block_1_85' title="bbox 1799 3330 3379 3404">
    <p class='ocr_par' dir='ltr' id='par_1_85' title="bbox 1799 3330 3379 3404">
     <span class='ocr_line' id='line_1_85' title="bbox 1799 3330 3379 3404; baseline -0.008 -8"><span class='ocrx_word' id='word_1_559' title='bbox 1799 3341 2029 3396; x_wconf 89' lang='lat' dir='ltr'><strong>omnino</strong></span> <span class='ocrx_word' id='word_1_560' title='bbox 2082 3336 2452 3391; x_wconf 87' lang='lat' dir='ltr'><strong>ministerium</strong></span> <span class='ocrx_word' id='word_1_561' title='bbox 2505 3333 2747 3404; x_wconf 78' lang='lat' dir='ltr'><strong>aliquod,</strong></span> <span class='ocrx_word' id='word_1_562' title='bbox 2778 3334 2883 3386; x_wconf 87' lang='lat' dir='ltr'><strong>hoc</strong></span> <span class='ocrx_word' id='word_1_563' title='bbox 2910 3342 2990 3388; x_wconf 87' lang='lat' dir='ltr'><strong>est</strong></span> <span class='ocrx_word' id='word_1_564' title='bbox 3039 3330 3379 3386; x_wconf 71' lang='lat' dir='ltr'><strong>sacerdotale</strong></span> 
     </span>
    </p>
   </div>
   <div class='ocr_carea' id='block_1_86' title="bbox 1801 3424 3379 3501">
    <p class='ocr_par' dir='ltr' id='par_1_86' title="bbox 1801 3424 3379 3501">
     <span class='ocr_line' id='line_1_86' title="bbox 1801 3424 3379 3501; baseline -0.006 -13"><span class='ocrx_word' id='word_1_565' title='bbox 1801 3448 2003 3488; x_wconf 86' lang='lat' dir='ltr'><strong>munus</strong></span> <span class='ocrx_word' id='word_1_566' title='bbox 2041 3433 2407 3501; x_wconf 78' lang='lat' dir='ltr'><strong>quodcunque</strong></span> <span class='ocrx_word' id='word_1_567' title='bbox 2462 3427 2702 3482; x_wconf 90' lang='lat' dir='ltr'><strong>obeundi</strong></span> <span class='ocrx_word' id='word_1_568' title='bbox 2775 3425 3088 3481; x_wconf 90' lang='lat' dir='ltr'><strong>facultatem</strong></span> <span class='ocrx_word' id='word_1_569' title='bbox 3135 3424 3379 3496; x_wconf 67' lang='lat' dir='ltr'><strong>synodus</strong></span> 
     </span>
    </p>
   </div>
   <div class='ocr_carea' id='block_1_87' title="bbox 1799 3523 2214 3582">
    <p class='ocr_par' dir='ltr' id='par_1_87' title="bbox 1799 3523 2214 3582">
     <span class='ocr_line' id='line_1_87' title="bbox 1799 3523 2214 3582; baseline -0.01 0"><span class='ocrx_word' id='word_1_570' title='bbox 1799 3540 1922 3582; x_wconf 85' lang='lat' dir='ltr'><strong>esse</strong></span> <span class='ocrx_word' id='word_1_571' title='bbox 1951 3523 2214 3580; x_wconf 85' lang='lat' dir='ltr'><strong>decernit.</strong></span> 
     </span>
    </p>
   </div>
   <div class='ocr_carea' id='block_1_88' title="bbox 2411 3617 2759 3676">
    <p class='ocr_par' dir='ltr' id='par_1_88' title="bbox 2411 3617 2759 3676">
     <span class='ocr_line' id='line_1_88' title="bbox 2411 3617 2759 3676; baseline 0.011 -4"><span class='ocrx_word' id='word_1_572' title='bbox 2411 3617 2642 3674; x_wconf 71' lang='lat' dir='ltr'><strong>CANON</strong></span> <span class='ocrx_word' id='word_1_573' title='bbox 2691 3621 2759 3676; x_wconf 90' lang='grc'><strong>11.</strong></span> 
     </span>
    </p>
   </div>
   <div class='ocr_carea' id='block_1_89' title="bbox 1803 3703 3371 3791">
    <p class='ocr_par' dir='ltr' id='par_1_89' title="bbox 1803 3703 3371 3791">
     <span class='ocr_line' id='line_1_89' title="bbox 1803 3703 3371 3791; baseline 0.017 -38"><span class='ocrx_word' id='word_1_574' title='bbox 1803 3719 1821 3753; x_wconf 76' lang='grc' dir='ltr'><strong>ι</strong></span> <span class='ocrx_word' id='word_1_575' title='bbox 1855 3703 2119 3760; x_wconf 81' lang='lat' dir='ltr'><strong>Diaconos</strong></span> <span class='ocrx_word' id='word_1_576' title='bbox 2167 3707 2425 3764; x_wconf 88' lang='lat' dir='ltr'><strong>similiter</strong></span> <span class='ocrx_word' id='word_1_577' title='bbox 2454 3715 2547 3781; x_wconf 91' lang='lat' dir='ltr'><strong>qui</strong></span> <span class='ocrx_word' id='word_1_578' title='bbox 2577 3715 2987 3783; x_wconf 79' lang='lat' dir='ltr'><strong>sacrificarunt,</strong></span> <span class='ocrx_word' id='word_1_579' title='bbox 3042 3734 3227 3791; x_wconf 82' lang='lat' dir='ltr'><strong>postea</strong></span> <span class='ocrx_word' id='word_1_580' title='bbox 3269 3742 3371 3779; x_wconf 81' lang='lat' dir='ltr'><strong>au-</strong></span> 
     </span>
    </p>
   </div>
   <div class='ocr_carea' id='block_1_90' title="bbox 1869 3797 3369 3878">
    <p class='ocr_par' dir='ltr' id='par_1_90' title="bbox 1869 3797 3369 3878">
     <span class='ocr_line' id='line_1_90' title="bbox 1869 3797 3369 3878; baseline 0.019 -32"><span class='ocrx_word' id='word_1_581' title='bbox 1869 3811 1888 3845; x_wconf 79' lang='grc' dir='ltr'><strong>ι</strong></span> <span class='ocrx_word' id='word_1_582' title='bbox 1923 3804 2028 3848; x_wconf 83' lang='grc' dir='ltr'>ιειη</span> <span class='ocrx_word' id='word_1_583' title='bbox 2087 3797 2338 3856; x_wconf 89' lang='lat' dir='ltr'><strong>reluctati</strong></span> <span class='ocrx_word' id='word_1_584' title='bbox 2390 3813 2540 3867; x_wconf 87' lang='lat' dir='ltr'><strong>sunt,</strong></span> <span class='ocrx_word' id='word_1_585' title='bbox 2596 3808 2763 3860; x_wconf 86' lang='lat' dir='ltr'><strong>alium</strong></span> <span class='ocrx_word' id='word_1_586' title='bbox 2831 3811 3053 3878; x_wconf 90' lang='lat' dir='ltr'><strong>quidem</strong></span> <span class='ocrx_word' id='word_1_587' title='bbox 3109 3816 3369 3874; x_wconf 77' lang='lat' dir='ltr'><strong>honorem</strong></span> 
     </span>
    </p>
   </div>
   <div class='ocr_carea' id='block_1_91' title="bbox 1871 3885 3371 3960">
    <p class='ocr_par' dir='ltr' id='par_1_91' title="bbox 1871 3885 3371 3960">
     <span class='ocr_line' id='line_1_91' title="bbox 1871 3885 3371 3960; baseline 0.017 -25"><span class='ocrx_word' id='word_1_588' title='bbox 1871 3903 1888 3934; x_wconf 77' lang='grc' dir='ltr'><strong>ι</strong></span> <span class='ocrx_word' id='word_1_589' title='bbox 1921 3885 2141 3953; x_wconf 86' lang='lat' dir='ltr'><strong>habere,</strong></span> <span class='ocrx_word' id='word_1_590' title='bbox 2174 3888 2324 3957; x_wconf 90' lang='lat' dir='ltr'><strong>ipsos</strong></span> <span class='ocrx_word' id='word_1_591' title='bbox 2374 3903 2556 3946; x_wconf 79' lang='lat' dir='ltr'><strong>autem</strong></span> <span class='ocrx_word' id='word_1_592' title='bbox 2590 3895 2660 3948; x_wconf 88' lang='lat' dir='ltr'><strong>ab</strong></span> <span class='ocrx_word' id='word_1_593' title='bbox 2705 3899 2851 3950; x_wconf 86' lang='lat' dir='ltr'><strong>omni</strong></span> <span class='ocrx_word' id='word_1_594' title='bbox 2902 3905 3229 3958; x_wconf 83' lang='lat' dir='ltr'><strong>sacerdotali</strong></span> <span class='ocrx_word' id='word_1_595' title='bbox 3265 3908 3371 3960; x_wconf 87' lang='lat' dir='ltr'><strong>mi-</strong></span> 
     </span>
    </p>
   </div>
   <div class='ocr_carea' id='block_1_92' title="bbox 1869 3975 3368 4061">
    <p class='ocr_par' dir='ltr' id='par_1_92' title="bbox 1869 3975 3368 4061">
     <span class='ocr_line' id='line_1_92' title="bbox 1869 3975 3368 4061; baseline 0.016 -38"><span class='ocrx_word' id='word_1_596' title='bbox 1869 3991 1886 4023; x_wconf 81' lang='grc' dir='ltr'><strong>ι</strong></span> <span class='ocrx_word' id='word_1_597' title='bbox 1923 3975 2148 4030; x_wconf 85' lang='lat' dir='ltr'><strong>nisterio</strong></span> <span class='ocrx_word' id='word_1_598' title='bbox 2170 3991 2412 4047; x_wconf 83' lang='lat' dir='ltr'><strong>cessare,</strong></span> <span class='ocrx_word' id='word_1_599' title='bbox 2431 3993 2484 4036; x_wconf 89' lang='lat' dir='ltr'><strong>et</strong></span> <span class='ocrx_word' id='word_1_600' title='bbox 2503 3997 2700 4048; x_wconf 87' lang='lat' dir='ltr'><strong>panem</strong></span> <span class='ocrx_word' id='word_1_601' title='bbox 2726 3987 2808 4040; x_wconf 89' lang='lat' dir='ltr'><strong>vel</strong></span> <span class='ocrx_word' id='word_1_602' title='bbox 2831 3989 3058 4046; x_wconf 86' lang='lat' dir='ltr'><strong>calicem</strong></span> <span class='ocrx_word' id='word_1_603' title='bbox 3081 3992 3368 4061; x_wconf 74' lang='lat' dir='ltr'><strong>ollerendi,</strong></span> 
     </span>
    </p>
   </div>
   <div class='ocr_carea' id='block_1_93' title="bbox 1868 4067 3366 4155">
    <p class='ocr_par' dir='ltr' id='par_1_93' title="bbox 1868 4067 3366 4155">
     <span class='ocr_line' id='line_1_93' title="bbox 1868 4067 3366 4155; baseline 0.019 -39"><span class='ocrx_word' id='word_1_604' title='bbox 1868 4083 1884 4116; x_wconf 86' lang='grc' dir='ltr'><strong>ι</strong></span> <span class='ocrx_word' id='word_1_605' title='bbox 1919 4067 2000 4120; x_wconf 90' lang='lat' dir='ltr'><strong>vel</strong></span> <span class='ocrx_word' id='word_1_606' title='bbox 2032 4070 2362 4137; x_wconf 68' lang='lat' dir='ltr'><strong>praedicandi</strong></span> <span class='ocrx_word' id='word_1_607' title='bbox 2394 4091 2410 4127; x_wconf 88' lang='lat'><strong><em>:</em></strong></span> <span class='ocrx_word' id='word_1_608' title='bbox 2449 4074 2544 4128; x_wconf 89' lang='lat' dir='ltr'><strong>sed</strong></span> <span class='ocrx_word' id='word_1_609' title='bbox 2593 4077 2640 4131; x_wconf 90' lang='lat' dir='ltr'><strong>si</strong></span> <span class='ocrx_word' id='word_1_610' title='bbox 2686 4094 2752 4132; x_wconf 79' lang='lat' dir='ltr'><strong>ex</strong></span> <span class='ocrx_word' id='word_1_611' title='bbox 2782 4081 3058 4152; x_wconf 83' lang='lat' dir='ltr'><strong>episcopis</strong></span> <span class='ocrx_word' id='word_1_612' title='bbox 3093 4087 3258 4155; x_wconf 89' lang='lat' dir='ltr'><strong>aliqui</strong></span> <span class='ocrx_word' id='word_1_613' title='bbox 3307 4092 3366 4145; x_wconf 86' lang='lat' dir='ltr'><strong>in</strong></span> 
     </span>
    </p>
   </div>
   <div class='ocr_carea' id='block_1_94' title="bbox 1871 4158 3366 4239">
    <p class='ocr_par' dir='ltr' id='par_1_94' title="bbox 1871 4158 3366 4239">
     <span class='ocr_line' id='line_1_94' title="bbox 1871 4158 3366 4239; baseline 0.019 -31"><span class='ocrx_word' id='word_1_614' title='bbox 1871 4177 1888 4208; x_wconf 78' lang='grc' dir='ltr'><strong>ι</strong></span> <span class='ocrx_word' id='word_1_615' title='bbox 1925 4158 1992 4214; x_wconf 89' lang='lat' dir='ltr'><strong>iis</strong></span> <span class='ocrx_word' id='word_1_616' title='bbox 2026 4163 2109 4214; x_wconf 90' lang='lat' dir='ltr'><strong>vel</strong></span> <span class='ocrx_word' id='word_1_617' title='bbox 2165 4162 2513 4220; x_wconf 88' lang='lat' dir='ltr'><strong>amictionem</strong></span> <span class='ocrx_word' id='word_1_618' title='bbox 2572 4168 2814 4239; x_wconf 86' lang='lat' dir='ltr'><strong>aliquam</strong></span> <span class='ocrx_word' id='word_1_619' title='bbox 2855 4174 2936 4228; x_wconf 90' lang='lat' dir='ltr'><strong>vel</strong></span> <span class='ocrx_word' id='word_1_620' title='bbox 2997 4177 3366 4236; x_wconf 87' lang='lat' dir='ltr'><strong>humilitatem</strong></span> 
     </span>
    </p>
   </div>
   <div class='ocr_carea' id='block_1_95' title="bbox 1870 4257 3347 4337">
    <p class='ocr_par' dir='ltr' id='par_1_95' title="bbox 1870 4257 3347 4337">
     <span class='ocr_line' id='line_1_95' title="bbox 1870 4257 3347 4337; baseline 0.016 -35"><span class='ocrx_word' id='word_1_621' title='bbox 1870 4267 1986 4304; x_wconf 74' lang='lat' dir='ltr'><strong>iac</strong></span> <span class='ocrx_word' id='word_1_622' title='bbox 2038 4257 2516 4312; x_wconf 88' lang='lat' dir='ltr'><strong>mansuetudinem</strong></span> <span class='ocrx_word' id='word_1_623' title='bbox 2567 4259 2826 4328; x_wconf 86' lang='lat' dir='ltr'><strong>viderint,</strong></span> <span class='ocrx_word' id='word_1_624' title='bbox 2883 4273 2938 4320; x_wconf 86' lang='lat' dir='ltr'><strong>et</strong></span> <span class='ocrx_word' id='word_1_625' title='bbox 2983 4267 3188 4337; x_wconf 89' lang='lat' dir='ltr'><strong>aliquid</strong></span> <span class='ocrx_word' id='word_1_626' title='bbox 3243 4287 3347 4326; x_wconf 84' lang='lat' dir='ltr'><strong>am-</strong></span> 
     </span>
    </p>
   </div>
   <div class='ocr_carea' id='block_1_96' title="bbox 1871 4342 3361 4422">
    <p class='ocr_par' dir='ltr' id='par_1_96' title="bbox 1871 4342 3361 4422">
     <span class='ocr_line' id='line_1_96' title="bbox 1871 4342 3361 4422; baseline 0.019 -32"><span class='ocrx_word' id='word_1_627' title='bbox 1871 4359 1887 4390; x_wconf 77' lang='grc' dir='ltr'><strong>ι</strong></span> <span class='ocrx_word' id='word_1_628' title='bbox 1923 4342 2068 4410; x_wconf 88' lang='lat' dir='ltr'><strong>plius</strong></span> <span class='ocrx_word' id='word_1_629' title='bbox 2129 4344 2261 4400; x_wconf 88' lang='lat' dir='ltr'><strong>dare</strong></span> <span class='ocrx_word' id='word_1_630' title='bbox 2321 4349 2401 4402; x_wconf 89' lang='lat' dir='ltr'><strong>vel</strong></span> <span class='ocrx_word' id='word_1_631' title='bbox 2435 4350 2652 4407; x_wconf 88' lang='lat' dir='ltr'><strong>auferre</strong></span> <span class='ocrx_word' id='word_1_632' title='bbox 2713 4354 3004 4422; x_wconf 82' lang='lat' dir='ltr'><strong>voluerint,</strong></span> <span class='ocrx_word' id='word_1_633' title='bbox 3057 4360 3112 4414; x_wconf 91' lang='lat' dir='ltr'><strong>in</strong></span> <span class='ocrx_word' id='word_1_634' title='bbox 3168 4377 3361 4418; x_wconf 86' lang='lat' dir='ltr'><strong>eorum</strong></span> 
     </span>
    </p>
   </div>
   <div class='ocr_carea' id='block_1_97' title="bbox 1864 4434 2478 4493">
    <p class='ocr_par' dir='ltr' id='par_1_97' title="bbox 1864 4434 2478 4493">
     <span class='ocr_line' id='line_1_97' title="bbox 1864 4434 2478 4493; baseline 0.023 -14"><span class='ocrx_word' id='word_1_635' title='bbox 1864 4450 1882 4479; x_wconf 74' lang='grc' dir='ltr'><strong>ι</strong></span> <span class='ocrx_word' id='word_1_636' title='bbox 1915 4439 2184 4493; x_wconf 89' lang='lat' dir='ltr'><strong>potestate</strong></span> <span class='ocrx_word' id='word_1_637' title='bbox 2207 4434 2260 4488; x_wconf 92' lang='lat' dir='ltr'><strong>id</strong></span> <span class='ocrx_word' id='word_1_638' title='bbox 2285 4451 2428 4492; x_wconf 88' lang='lat' dir='ltr'><strong>esse.</strong></span> <span class='ocrx_word' id='word_1_639' title='bbox 2457 4456 2478 4491; x_wconf 78' lang='grc' dir='ltr'><strong>ι</strong></span> 
     </span>
    </p>
   </div>
   <div class='ocr_carea' id='block_1_98' title="bbox 1865 4525 3361 4595">
    <p class='ocr_par' dir='ltr' id='par_1_98' title="bbox 1865 4525 3361 4595">
     <span class='ocr_line' id='line_1_98' title="bbox 1865 4525 3361 4595; baseline -0.002 -15"><span class='ocrx_word' id='word_1_640' title='bbox 1865 4525 2058 4582; x_wconf 83' lang='lat' dir='ltr'><strong>BALS.</strong></span> <span class='ocrx_word' id='word_1_641' title='bbox 2102 4527 2344 4580; x_wconf 80' lang='lat' dir='ltr'><strong>Prmsens</strong></span> <span class='ocrx_word' id='word_1_642' title='bbox 2379 4541 2598 4595; x_wconf 89' lang='lat' dir='ltr'><strong>quoque</strong></span> <span class='ocrx_word' id='word_1_643' title='bbox 2635 4541 2809 4581; x_wconf 91' lang='lat' dir='ltr'><strong>canon</strong></span> <span class='ocrx_word' id='word_1_644' title='bbox 2859 4527 3047 4580; x_wconf 88' lang='lat' dir='ltr'><strong>eadem</strong></span> <span class='ocrx_word' id='word_1_645' title='bbox 3075 4527 3144 4581; x_wconf 91' lang='lat' dir='ltr'><strong>de</strong></span> <span class='ocrx_word' id='word_1_646' title='bbox 3171 4529 3361 4582; x_wconf 87' lang='lat' dir='ltr'><strong>diaco-</strong></span> 
     </span>
    </p>
   </div>
   <div class='ocr_carea' id='block_1_99' title="bbox 1796 4617 3352 4687">
    <p class='ocr_par' dir='ltr' id='par_1_99' title="bbox 1796 4617 3352 4687">
     <span class='ocr_line' id='line_1_99' title="bbox 1796 4617 3352 4687; baseline -0.002 -17"><span class='ocrx_word' id='word_1_647' title='bbox 1796 4619 1881 4672; x_wconf 90' lang='lat' dir='ltr'><strong>nis</strong></span> <span class='ocrx_word' id='word_1_648' title='bbox 1911 4617 2233 4680; x_wconf 83' lang='lat' dir='ltr'><strong>decernens,</strong></span> <span class='ocrx_word' id='word_1_649' title='bbox 2288 4617 2498 4686; x_wconf 86' lang='lat' dir='ltr'><strong>adjicit,</strong></span> <span class='ocrx_word' id='word_1_650' title='bbox 2545 4618 2688 4685; x_wconf 87' lang='lat' dir='ltr'><strong>quod</strong></span> <span class='ocrx_word' id='word_1_651' title='bbox 2736 4618 2779 4670; x_wconf 78' lang='lat' dir='ltr'><strong>si</strong></span> <span class='ocrx_word' id='word_1_652' title='bbox 2831 4618 3069 4686; x_wconf 78' lang='lat' dir='ltr'><strong>regionis</strong></span> <span class='ocrx_word' id='word_1_653' title='bbox 3115 4619 3352 4687; x_wconf 86' lang='lat' dir='ltr'><strong>episcopi</strong></span> 
     </span>
    </p>
   </div>
   <div class='ocr_carea' id='block_1_100' title="bbox 1791 4709 3364 4778">
    <p class='ocr_par' dir='ltr' id='par_1_100' title="bbox 1791 4709 3364 4778">
     <span class='ocr_line' id='line_1_100' title="bbox 1791 4709 3364 4778; baseline 0 -14"><span class='ocrx_word' id='word_1_654' title='bbox 1791 4709 2278 4764; x_wconf 83' lang='lat' dir='ltr'><strong>animadverterint</strong></span> <span class='ocrx_word' id='word_1_655' title='bbox 2341 4723 2458 4772; x_wconf 86' lang='lat' dir='ltr'><strong>eos,</strong></span> <span class='ocrx_word' id='word_1_656' title='bbox 2510 4710 2604 4778; x_wconf 91' lang='lat' dir='ltr'><strong>qui</strong></span> <span class='ocrx_word' id='word_1_657' title='bbox 2654 4724 2780 4762; x_wconf 89' lang='lat' dir='ltr'><strong>vere</strong></span> <span class='ocrx_word' id='word_1_658' title='bbox 2838 4710 2963 4762; x_wconf 88' lang='lat' dir='ltr'><strong>torti</strong></span> <span class='ocrx_word' id='word_1_659' title='bbox 3031 4718 3179 4773; x_wconf 88' lang='lat' dir='ltr'><strong>sunt,</strong></span> <span class='ocrx_word' id='word_1_660' title='bbox 3233 4725 3364 4764; x_wconf 81' lang='lat' dir='ltr'><strong>esse</strong></span> 
     </span>
    </p>
   </div>
   <div class='ocr_carea' id='block_1_101' title="bbox 1791 4799 3355 4871">
    <p class='ocr_par' dir='ltr' id='par_1_101' title="bbox 1791 4799 3355 4871">
     <span class='ocr_line' id='line_1_101' title="bbox 1791 4799 3355 4871; baseline 0 -17"><span class='ocrx_word' id='word_1_661' title='bbox 1791 4799 2167 4856; x_wconf 87' lang='lat' dir='ltr'><strong>misericordia</strong></span> <span class='ocrx_word' id='word_1_662' title='bbox 2216 4800 2432 4869; x_wconf 82' lang='lat' dir='ltr'><strong>dignos,</strong></span> <span class='ocrx_word' id='word_1_663' title='bbox 2479 4811 2700 4869; x_wconf 88' lang='lat' dir='ltr'><strong>propter</strong></span> <span class='ocrx_word' id='word_1_664' title='bbox 2754 4802 3023 4871; x_wconf 85' lang='lat' dir='ltr'><strong>lacrymas</strong></span> <span class='ocrx_word' id='word_1_665' title='bbox 3069 4812 3121 4854; x_wconf 89' lang='lat' dir='ltr'><strong>et</strong></span> <span class='ocrx_word' id='word_1_666' title='bbox 3165 4817 3355 4855; x_wconf 88' lang='lat' dir='ltr'><strong>eorum</strong></span> 
     </span>
    </p>
   </div>
   <div class='ocr_carea' id='block_1_102' title="bbox 1797 4891 3359 4962">
    <p class='ocr_par' dir='ltr' id='par_1_102' title="bbox 1797 4891 3359 4962">
     <span class='ocr_line' id='line_1_102' title="bbox 1797 4891 3359 4962; baseline 0.001 -18"><span class='ocrx_word' id='word_1_667' title='bbox 1797 4891 2199 4954; x_wconf 87' lang='lat' dir='ltr'><strong>humilitatem;</strong></span> <span class='ocrx_word' id='word_1_668' title='bbox 2232 4891 2314 4944; x_wconf 88' lang='lat' dir='ltr'><strong>vel</strong></span> <span class='ocrx_word' id='word_1_669' title='bbox 2349 4899 2536 4944; x_wconf 86' lang='lat' dir='ltr'><strong>contra</strong></span> <span class='ocrx_word' id='word_1_670' title='bbox 2585 4892 2791 4960; x_wconf 86' lang='lat' dir='ltr'><strong>majore</strong></span> <span class='ocrx_word' id='word_1_671' title='bbox 2837 4893 3106 4961; x_wconf 89' lang='lat' dir='ltr'><strong>supplicio</strong></span> <span class='ocrx_word' id='word_1_672' title='bbox 3137 4905 3359 4962; x_wconf 90' lang='lat' dir='ltr'><strong>propter</strong></span> 
     </span>
    </p>
   </div>
   <div class='ocr_carea' id='block_1_103' title="bbox 1795 4979 3353 5049">
    <p class='ocr_par' dir='ltr' id='par_1_103' title="bbox 1795 4979 3353 5049">
     <span class='ocr_line' id='line_1_103' title="bbox 1795 4979 3353 5049; baseline 0.001 -16"><span class='ocrx_word' id='word_1_673' title='bbox 1795 4979 2221 5049; x_wconf 87' lang='lat' dir='ltr'><strong>impudentiam;</strong></span> <span class='ocrx_word' id='word_1_674' title='bbox 2260 4979 2458 5034; x_wconf 81' lang='lat' dir='ltr'><strong>facient</strong></span> <span class='ocrx_word' id='word_1_675' title='bbox 2497 4990 2662 5049; x_wconf 90' lang='lat' dir='ltr'><strong>prout</strong></span> <span class='ocrx_word' id='word_1_676' title='bbox 2690 4982 2770 5034; x_wconf 88' lang='lat' dir='ltr'><strong>eis</strong></span> <span class='ocrx_word' id='word_1_677' title='bbox 2807 4981 3098 5043; x_wconf 89' lang='lat' dir='ltr'><strong>videbitur,</strong></span> <span class='ocrx_word' id='word_1_678' title='bbox 3145 4982 3197 5036; x_wconf 90' lang='lat' dir='ltr'><strong>id</strong></span> <span class='ocrx_word' id='word_1_679' title='bbox 3248 4992 3353 5045; x_wconf 85' lang='lat' dir='ltr'><strong>est,</strong></span> 
     </span>
    </p>
   </div>
   <div class='ocr_carea' id='block_1_104' title="bbox 1792 5070 3353 5140">
    <p class='ocr_par' dir='ltr' id='par_1_104' title="bbox 1792 5070 3353 5140">
     <span class='ocr_line' id='line_1_104' title="bbox 1792 5070 3353 5140; baseline 0.001 -17"><span class='ocrx_word' id='word_1_680' title='bbox 1792 5071 1878 5124; x_wconf 87' lang='lat' dir='ltr'><strong>vel</strong></span> <span class='ocrx_word' id='word_1_681' title='bbox 1936 5085 2152 5140; x_wconf 71' lang='lat' dir='ltr'><strong>ptenam</strong></span> <span class='ocrx_word' id='word_1_682' title='bbox 2210 5070 2508 5138; x_wconf 81' lang='lat' dir='ltr'><strong>augebunt,</strong></span> <span class='ocrx_word' id='word_1_683' title='bbox 2565 5071 2644 5124; x_wconf 89' lang='lat' dir='ltr'><strong>vel</strong></span> <span class='ocrx_word' id='word_1_684' title='bbox 2695 5071 2874 5139; x_wconf 89' lang='lat' dir='ltr'><strong>potius</strong></span> <span class='ocrx_word' id='word_1_685' title='bbox 2924 5071 3353 5127; x_wconf 80' lang='lat' dir='ltr'><strong>consolationem</strong></span> 
     </span>
    </p>
   </div>
   <div class='ocr_carea' id='block_1_105' title="bbox 1793 5161 3359 5234">
    <p class='ocr_par' dir='ltr' id='par_1_105' title="bbox 1793 5161 3359 5234">
     <span class='ocr_line' id='line_1_105' title="bbox 1793 5161 3359 5234; baseline -0.001 -15"><span class='ocrx_word' id='word_1_686' title='bbox 1793 5163 2039 5219; x_wconf 81' lang='lat' dir='ltr'><strong>all‘ereut.</strong></span> <span class='ocrx_word' id='word_1_687' title='bbox 2090 5161 2162 5216; x_wconf 87' lang='lat' dir='ltr'><strong>Ea</strong></span> <span class='ocrx_word' id='word_1_688' title='bbox 2207 5162 2350 5216; x_wconf 89' lang='lat' dir='ltr'><strong>enim</strong></span> <span class='ocrx_word' id='word_1_689' title='bbox 2408 5161 2461 5215; x_wconf 91' lang='lat' dir='ltr'><strong>in</strong></span> <span class='ocrx_word' id='word_1_690' title='bbox 2512 5178 2702 5216; x_wconf 90' lang='lat' dir='ltr'><strong>eorum</strong></span> <span class='ocrx_word' id='word_1_691' title='bbox 2749 5172 3016 5232; x_wconf 87' lang='lat' dir='ltr'><strong>potestate</strong></span> <span class='ocrx_word' id='word_1_692' title='bbox 3060 5175 3114 5217; x_wconf 91' lang='lat' dir='ltr'><strong>et</strong></span> <span class='ocrx_word' id='word_1_693' title='bbox 3151 5164 3359 5234; x_wconf 88' lang='lat' dir='ltr'><strong>judicio</strong></span> 
     </span>
    </p>
   </div>
   <div class='ocr_carea' id='block_1_106' title="bbox 1797 5253 3362 5324">
    <p class='ocr_par' dir='ltr' id='par_1_106' title="bbox 1797 5253 3362 5324">
     <span class='ocr_line' id='line_1_106' title="bbox 1797 5253 3362 5324; baseline -0.001 -13"><span class='ocrx_word' id='word_1_694' title='bbox 1797 5256 1901 5311; x_wconf 89' lang='lat' dir='ltr'><strong>sita</strong></span> <span class='ocrx_word' id='word_1_695' title='bbox 1933 5261 2082 5310; x_wconf 87' lang='lat' dir='ltr'><strong>sunt.</strong></span> <span class='ocrx_word' id='word_1_696' title='bbox 2127 5253 2184 5310; x_wconf 91' lang='lat' dir='ltr'><strong>Si</strong></span> <span class='ocrx_word' id='word_1_697' title='bbox 2211 5255 2335 5324; x_wconf 91' lang='lat' dir='ltr'><strong>quis</strong></span> <span class='ocrx_word' id='word_1_698' title='bbox 2362 5264 2546 5309; x_wconf 87' lang='lat' dir='ltr'><strong>autem</strong></span> <span class='ocrx_word' id='word_1_699' title='bbox 2574 5254 2742 5319; x_wconf 81' lang='lat' dir='ltr'><strong>dicat,</strong></span> <span class='ocrx_word' id='word_1_700' title='bbox 2789 5264 3081 5324; x_wconf 66' lang='lat' dir='ltr'><strong>praesentes</strong></span> <span class='ocrx_word' id='word_1_701' title='bbox 3119 5270 3362 5310; x_wconf 83' lang='lat' dir='ltr'><strong>canones</strong></span> 
     </span>
    </p>
   </div>
   <div class='ocr_carea' id='block_1_107' title="bbox 1351 5411 2150 5498">
    <p class='ocr_par' dir='ltr' id='par_1_107' title="bbox 1351 5411 2150 5498">
     <span class='ocr_line' id='line_1_107' title="bbox 1351 5411 2150 5498; baseline -0.001 -26"><span class='ocrx_word' id='word_1_702' title='bbox 1351 5411 1541 5472; x_wconf 87' lang='lat' dir='ltr'><strong>Guill.</strong></span> <span class='ocrx_word' id='word_1_703' title='bbox 1596 5411 1915 5490; x_wconf 78' lang='lat' dir='ltr'><strong>Beveregii</strong></span> <span class='ocrx_word' id='word_1_704' title='bbox 1957 5416 2150 5498; x_wconf 75' lang='lat' dir='ltr'><strong>potte.</strong></span> 
     </span>
    </p>
   </div>
   <div class='ocr_carea' id='block_1_108' title="bbox 174 5551 1681 5626">
    <p class='ocr_par' dir='ltr' id='par_1_108' title="bbox 174 5551 1681 5626">
     <span class='ocr_line' id='line_1_108' title="bbox 174 5551 1681 5626; baseline 0.005 -22"><span class='ocrx_word' id='word_1_705' title='bbox 174 5553 298 5617; x_wconf 82' lang='lat'><strong>(‘70)</strong></span> <span class='ocrx_word' id='word_1_706' title='bbox 335 5551 452 5626; x_wconf 64' lang='grc' dir='ltr'><strong>Ίξὴνξ</strong></span> <span class='ocrx_word' id='word_1_707' title='bbox 508 5555 614 5608; x_wconf 86' lang='grc' dir='ltr'>τοῦ</span> <span class='ocrx_word' id='word_1_708' title='bbox 667 5557 816 5611; x_wconf 85' lang='grc' dir='ltr'>Θεοῦ</span> <span class='ocrx_word' id='word_1_709' title='bbox 867 5557 1342 5626; x_wconf 67' lang='grc' dir='ltr'><strong>φιλανθρωπίαν.</strong></span> <span class='ocrx_word' id='word_1_710' title='bbox 1380 5557 1507 5612; x_wconf 87' lang='lat' dir='ltr'><strong>Post</strong></span> <span class='ocrx_word' id='word_1_711' title='bbox 1567 5559 1681 5612; x_wconf 79' lang='lat' dir='ltr'><strong>haec</strong></span> 
     </span>
    </p>
   </div>
   <div class='ocr_carea' id='block_1_109' title="bbox 90 5622 1680 5690">
    <p class='ocr_par' dir='ltr' id='par_1_109' title="bbox 90 5622 1680 5690">
     <span class='ocr_line' id='line_1_109' title="bbox 90 5622 1680 5690; baseline 0.003 -12"><span class='ocrx_word' id='word_1_712' title='bbox 90 5627 305 5679; x_wconf 76' lang='lat' dir='ltr'><strong>ultima</strong></span> <span class='ocrx_word' id='word_1_713' title='bbox 364 5622 700 5682; x_wconf 69' lang='lat' dir='ltr'><strong>lialsamonis</strong></span> <span class='ocrx_word' id='word_1_714' title='bbox 749 5628 804 5681; x_wconf 90' lang='lat' dir='ltr'><strong>in</strong></span> <span class='ocrx_word' id='word_1_715' title='bbox 868 5622 1020 5690; x_wconf 77' lang='lat' dir='ltr'><strong>hunc</strong></span> <span class='ocrx_word' id='word_1_716' title='bbox 1075 5622 1339 5683; x_wconf 81' lang='lat' dir='ltr'><strong>canonem</strong></span> <span class='ocrx_word' id='word_1_717' title='bbox 1390 5629 1570 5690; x_wconf 86' lang='lat' dir='ltr'><strong>verba,</strong></span> <span class='ocrx_word' id='word_1_718' title='bbox 1625 5629 1680 5682; x_wconf 91' lang='lat' dir='ltr'><strong>in</strong></span> 
     </span>
    </p>
   </div>
   <div class='ocr_carea' id='block_1_110' title="bbox 95 5693 1682 5756">
    <p class='ocr_par' dir='ltr' id='par_1_110' title="bbox 95 5693 1682 5756">
     <span class='ocr_line' id='line_1_110' title="bbox 95 5693 1682 5756; baseline 0.003 -11"><span class='ocrx_word' id='word_1_719' title='bbox 95 5693 411 5745; x_wconf 65' lang='lat' dir='ltr'><strong>I’urisieusi</strong></span> <span class='ocrx_word' id='word_1_720' title='bbox 463 5696 720 5756; x_wconf 81' lang='lat' dir='ltr'><strong>editione,</strong></span> <span class='ocrx_word' id='word_1_721' title='bbox 775 5712 982 5751; x_wconf 79' lang='lat' dir='ltr'><strong>necnon</strong></span> <span class='ocrx_word' id='word_1_722' title='bbox 1040 5699 1226 5751; x_wconf 87' lang='lat' dir='ltr'><strong>codice</strong></span> <span class='ocrx_word' id='word_1_723' title='bbox 1272 5707 1380 5751; x_wconf 86' lang='lat' dir='ltr'><strong>tam</strong></span> <span class='ocrx_word' id='word_1_724' title='bbox 1422 5699 1682 5752; x_wconf 77' lang='lat' dir='ltr'><strong>Atnerha-</strong></span> 
     </span>
    </p>
   </div>
   <div class='ocr_carea' id='block_1_111' title="bbox 89 5761 1682 5837">
    <p class='ocr_par' dir='ltr' id='par_1_111' title="bbox 89 5761 1682 5837">
     <span class='ocr_line' id='line_1_111' title="bbox 89 5761 1682 5837; baseline 0.003 -21"><span class='ocrx_word' id='word_1_725' title='bbox 89 5765 526 5837; x_wconf 35' lang='lat' dir='ltr'><strong>(‘ll‘lnltttntlllalll</strong></span> <span class='ocrx_word' id='word_1_726' title='bbox 575 5763 904 5829; x_wconf 65' lang='lat' dir='ltr'><strong>Altouiensi,</strong></span> <span class='ocrx_word' id='word_1_727' title='bbox 955 5768 1187 5833; x_wconf 85' lang='lat' dir='ltr'><strong>additur,</strong></span> <span class='ocrx_word' id='word_1_728' title='bbox 1225 5767 1360 5837; x_wconf 79' lang='grc' dir='ltr'>πλὴν</span> <span class='ocrx_word' id='word_1_729' title='bbox 1415 5769 1507 5819; x_wconf 72' lang='grc' dir='ltr'><strong>καὶ</strong></span> <span class='ocrx_word' id='word_1_730' title='bbox 1539 5761 1682 5820; x_wconf 68' lang='grc' dir='ltr'>οὗτοι</span> 
     </span>
    </p>
   </div>
   <div class='ocr_carea' id='block_1_112' title="bbox 91 5831 1682 5907">
    <p class='ocr_par' dir='ltr' id='par_1_112' title="bbox 91 5831 1682 5907">
     <span class='ocr_line' id='line_1_112' title="bbox 91 5831 1682 5907; baseline 0.003 -22"><span class='ocrx_word' id='word_1_731' title='bbox 91 5834 198 5885; x_wconf 73' lang='grc' dir='ltr'>καὶ</span> <span class='ocrx_word' id='word_1_732' title='bbox 232 5833 284 5884; x_wconf 63' lang='grc' dir='ltr'>τοί</span> <span class='ocrx_word' id='word_1_733' title='bbox 342 5831 614 5902; x_wconf 77' lang='grc' dir='ltr'>δεχόμενοι</span> <span class='ocrx_word' id='word_1_734' title='bbox 661 5838 740 5898; x_wconf 86' lang='grc' dir='ltr'><strong>είς</strong></span> <span class='ocrx_word' id='word_1_735' title='bbox 779 5841 945 5906; x_wconf 61' lang='grc' dir='ltr'>μόνην</span> <span class='ocrx_word' id='word_1_736' title='bbox 996 5831 1682 5907; x_wconf 42' lang='grc' dir='ltr'>τιμὴν’ἔπιτἰμηθὲισονται</span> 
     </span>
    </p>
   </div>
   <div class='ocr_carea' id='block_1_113' title="bbox 1789 5555 3360 5627">
    <p class='ocr_par' dir='ltr' id='par_1_113' title="bbox 1789 5555 3360 5627">
     <span class='ocr_line' id='line_1_113' title="bbox 1789 5555 3360 5627; baseline 0 -17"><span class='ocrx_word' id='word_1_737' title='bbox 1789 5559 1930 5611; x_wconf 85' lang='grc' dir='ltr'>κατὰ</span> <span class='ocrx_word' id='word_1_738' title='bbox 1978 5560 2102 5620; x_wconf 78' lang='grc' dir='ltr'>τοὺς</span> <span class='ocrx_word' id='word_1_739' title='bbox 2133 5556 2538 5627; x_wconf 77' lang='grc' dir='ltr'>ῥηθησομένους</span> <span class='ocrx_word' id='word_1_740' title='bbox 2583 5556 2828 5618; x_wconf 83' lang='grc' dir='ltr'>κανόνας.</span> <span class='ocrx_word' id='word_1_741' title='bbox 2872 5555 2975 5610; x_wconf 77' lang='lat' dir='ltr'><strong>Sed</strong></span> <span class='ocrx_word' id='word_1_742' title='bbox 3019 5566 3068 5609; x_wconf 88' lang='lat' dir='ltr'><strong>et</strong></span> <span class='ocrx_word' id='word_1_743' title='bbox 3099 5556 3158 5621; x_wconf 76' lang='lat' dir='ltr'><strong>ii,</strong></span> <span class='ocrx_word' id='word_1_744' title='bbox 3187 5566 3236 5608; x_wconf 81' lang='lat' dir='ltr'><strong>et</strong></span> <span class='ocrx_word' id='word_1_745' title='bbox 3266 5558 3360 5625; x_wconf 79' lang='lat' dir='ltr'><strong>qui</strong></span> 
     </span>
    </p>
   </div>
   <div class='ocr_carea' id='block_1_114' title="bbox 1793 5627 3359 5694">
    <p class='ocr_par' dir='ltr' id='par_1_114' title="bbox 1793 5627 3359 5694">
     <span class='ocr_line' id='line_1_114' title="bbox 1793 5627 3359 5694; baseline 0 -14"><span class='ocrx_word' id='word_1_746' title='bbox 1793 5629 1860 5681; x_wconf 81' lang='lat' dir='ltr'><strong>ad</strong></span> <span class='ocrx_word' id='word_1_747' title='bbox 1899 5632 2148 5681; x_wconf 76' lang='lat' dir='ltr'><strong>honorent</strong></span> <span class='ocrx_word' id='word_1_748' title='bbox 2179 5627 2351 5681; x_wconf 80' lang='lat' dir='ltr'><strong>solum</strong></span> <span class='ocrx_word' id='word_1_749' title='bbox 2388 5627 2765 5690; x_wconf 79' lang='lat' dir='ltr'><strong>admittuntur,</strong></span> <span class='ocrx_word' id='word_1_750' title='bbox 2800 5641 2961 5694; x_wconf 70' lang='lat' dir='ltr'><strong>Juxta</strong></span> <span class='ocrx_word' id='word_1_751' title='bbox 2994 5628 3161 5680; x_wconf 77' lang='lat' dir='ltr'><strong>dictos</strong></span> <span class='ocrx_word' id='word_1_752' title='bbox 3192 5643 3359 5680; x_wconf 87' lang='lat' dir='ltr'><strong>cano-</strong></span> 
     </span>
    </p>
   </div>
   <div class='ocr_carea' id='block_1_115' title="bbox 1793 5696 3354 5764">
    <p class='ocr_par' dir='ltr' id='par_1_115' title="bbox 1793 5696 3354 5764">
     <span class='ocr_line' id='line_1_115' title="bbox 1793 5696 3354 5764; baseline -0.002 -14"><span class='ocrx_word' id='word_1_753' title='bbox 1793 5715 1880 5751; x_wconf 80' lang='lat' dir='ltr'><strong>nes</strong></span> <span class='ocrx_word' id='word_1_754' title='bbox 1913 5699 2216 5764; x_wconf 78' lang='lat' dir='ltr'><strong>punientur.</strong></span> <span class='ocrx_word' id='word_1_755' title='bbox 2257 5696 2366 5750; x_wconf 83' lang='lat' dir='ltr'><strong>Nos</strong></span> <span class='ocrx_word' id='word_1_756' title='bbox 2416 5705 2594 5749; x_wconf 91' lang='lat' dir='ltr'><strong>autem</strong></span> <span class='ocrx_word' id='word_1_757' title='bbox 2636 5697 2748 5749; x_wconf 71' lang='lat' dir='ltr'><strong>hanc</strong></span> <span class='ocrx_word' id='word_1_758' title='bbox 2798 5698 2998 5750; x_wconf 87' lang='lat' dir='ltr'><strong>idcirco</strong></span> <span class='ocrx_word' id='word_1_759' title='bbox 3044 5697 3354 5760; x_wconf 76' lang='lat' dir='ltr'><strong>omisimus,</strong></span> 
     </span>
    </p>
   </div>
   <div class='ocr_carea' id='block_1_116' title="bbox 1792 5764 3158 5838">
    <p class='ocr_par' dir='ltr' id='par_1_116' title="bbox 1792 5764 3158 5838">
     <span class='ocr_line' id='line_1_116' title="bbox 1792 5764 3158 5838; baseline -0.001 -17"><span class='ocrx_word' id='word_1_760' title='bbox 1792 5770 1918 5838; x_wconf 88' lang='lat' dir='ltr'><strong>quia</strong></span> <span class='ocrx_word' id='word_1_761' title='bbox 1953 5770 2006 5822; x_wconf 92' lang='lat' dir='ltr'><strong>in</strong></span> <span class='ocrx_word' id='word_1_762' title='bbox 2039 5769 2229 5823; x_wconf 81' lang='lat' dir='ltr'><strong>codice</strong></span> <span class='ocrx_word' id='word_1_763' title='bbox 2269 5775 2454 5821; x_wconf 81' lang='lat' dir='ltr'><strong>nostro</strong></span> <span class='ocrx_word' id='word_1_764' title='bbox 2486 5764 2779 5822; x_wconf 80' lang='lat' dir='ltr'><strong>Bodleiano</strong></span> <span class='ocrx_word' id='word_1_765' title='bbox 2809 5769 3158 5820; x_wconf 88' lang='lat' dir='ltr'><strong>omittuntur.</strong></span> 
     </span>
    </p>
   </div>
  </div>
