4166 6438
724 355 857 460 112⁶ί

1987 391 2262 454 THEOD.
2311 389 2712 451 BALSAMON

3847 375 3979 438 “‘23

718 505 812 561 Dei
849 506 1023 578 gratia
1059 505 1236 562 locum
1278 503 1440 562 hodie
1475 519 1585 560 non
1611 503 1836 567 habere,
1866 504 1998 574 quia
2027 513 2295 575 tyrannus

2411 502 2462 555 Et
2489 503 2546 556 δέ
2578 519 2662 567 τις
2689 502 2808 572 ἐρεῖ
2857 498 2933 570 μὴ
2983 497 3169 569 χώραν
3203 496 3350 568 ἔχειν
3409 494 3478 548 τά
3524 492 3635 547 τῶν
3686 491 3971 561 παρόντων

721 615 828 653 non
866 606 1094 669 praeest;
1146 596 1355 661 audiet,
1410 595 1557 666 quod
1593 595 1735 665 apud
1768 595 2047 665 Agarenos
2072 602 2126 648 et
2155 594 2292 649 alios

720 691 970 746 inﬁdeles
1006 689 1172 743 multa
1223 689 1491 759 ejusmodi
1530 688 1704 753 ﬁunt;
1757 695 1814 740 et
1855 700 2096 741 canones
2143 699 2292 738 nunc

720 798 941 854 quoque
982 782 1234 837 eil'ectum
1287 791 1434 835 recte
1471 780 1799 836 sortientur.
1859 776 1996 832 Nota
2031 779 2194 835 etiam
2225 790 2295 830 ex

722 877 826 929 hoc
857 873 1110 944 praesenti
1163 887 1395 930 canone.
1429 874 1571 940 quod
1622 874 1805 928 omnis
1857 872 2052 925 anima
2084 867 2295 924 medela

721 968 988 1036 dependet
1013 967 1083 1020 ab
1121 966 1369 1036 episcopi
1396 963 1608 1035 judicio
1634 980 1701 1020 ac
1737 965 2056 1035 prudentia.

796 1219 1047 1275 ZONAR.
1088 1219 1219 1285 Qua
1259 1218 1531 1290 superiori
1563 1218 1631 1273 de
1658 1219 2066 1287 sacerdotibus,
2104 1217 2297 1275 eadem

723 1313 790 1366 de
819 1314 1064 1366 diacouis
1096 1313 1203 1365 hec
1237 1327 1456 1381 quoque
1490 1326 1706 1366 canone
1739 1313 2134 1367 decernuntur.
2161 1309 2299 1364 Nam

722 1421 817 1460 eos
848 1419 1085 1473 quoque,
1128 1404 1175 1456 si
1213 1405 1266 1456 in
1297 1404 1586 1459 tormentis
1637 1418 1734 1473 per
1788 1404 2059 1473 ignaviam
2096 1401 2299 1457 devicti

725 1502 1196 1566 sacriﬁcaverint,
1272 1501 1472 1555 deinde
1527 1515 1660 1555 vero
1711 1499 1947 1569 repetito
2000 1499 2302 1553 certamine

725 1611 948 1652 strenue
982 1596 1443 1666 depugnaverint,
1500 1595 1567 1650 ab
1596 1595 1747 1650 onmi
1798 1609 1959 1651 sacro
1998 1595 2304 1649 ministerio

725 1705 944 1744 cessare
993 1690 1170 1758 jubet.
1205 1687 1364 1753 Quod
1417 1688 1462 1742 si
1503 1688 1757 1743 homines
1815 1695 2029 1757 postea,
2079 1688 2306 1757 subjicit

728 1797 928 1847 canon,
986 1781 1039 1836 in
1074 1789 1327 1850 suscepta
1383 1790 1607 1851 propter
1654 1780 2076 1850 abnegationem
2130 1783 2306 1850 paeni-

2395 595 2637 649 κανόνων
2698 592 2836 646 Θεοῦ
2890 591 3074 660 χάριτι
3129 591 3409 658 σήμερον,
3451 588 3534 639 ὅτι
3585 585 3858 654 τύραννος
3915 582 3973 634 οὐ

2394 687 2742 757 προκάθηται
2769 701 2782 715 ·
2810 685 3038 738 ἀκούσει
3082 684 3168 736 ὅτι
3196 681 3347 751 παρὰ
3370 681 3485 741 τοῖς
3523 679 3860 747 ’Δγαρηνοῖς
3886 675 3973 728 καὶ

2394 779 2507 841 τοῖς
2540 778 2721 841 ἀλλοις
2749 777 3002 838 ἀπίστοις
3056 773 3228 827 πολλά
3274 771 3506 825 τοιαῦτα
3561 771 3809 838 γίνονται
3837 785 3854 800 ο
3886 769 3972 821 καὶ

2397 869 2575 930 καλῶς
2611 869 2680 922 τὰ
2707 869 2817 923 τῶν
2875 870 3117 922 κανόνων
3164 865 3254 918 καὶ
3303 863 3400 916 νῦν
3450 863 3846 932 ἐνεργήσουσι.
3876 860 3972 928 Ση-

2401 961 2635 1032 μείωσαι
2671 961 2770 1012 καὶ
2810 960 2919 1013 ἀπὸ
2969 959 3062 1012 τοῦ
3119 955 3392 1027 παρόντος
3452 954 3681 1016 κανόνος
3727 954 3812 1006 ὅτι
3839 953 3979 1005 πᾶσα

2398 1051 2605 1123 ψυχικὴ
2648 1049 2916 1122 θεραπεία
2976 1052 3060 1115 είς
3120 1049 3220 1120 τὴν
3279 1046 3652 1116 ἐπισκοπικὴν
3690 1043 3976 1114 ἀνηρτήθη

2399 1147 2704 1217 διάκρισιν.

2472 1236 2713 1292 ΖΩΝΑΡ.
2749 1237 2831 1291 Τά
2853 1235 2994 1290 αὐτὰ
3023 1236 3118 1289 καὶ
3141 1233 3270 1302 περὶ
3289 1233 3556 1287 διακόνων
3574 1232 3604 1284 ό
3625 1230 3818 1293 κανὼν
3839 1224 3983 1290 ὦτος

2403 1330 2773 1392 διατάττεται,
2834 1328 2936 1382 ὃσα
2996 1327 3128 1397 περὶ
3186 1325 3580 1395 πρεσϐυτέρων
3613 1325 3641 1376 ὁ
3693 1321 3982 1388 ἀνώτερος.

2404 1421 2730 1476 Πεπαῦσθαι
2750 1420 2861 1490 γὰρ
2890 1421 2986 1474 καὶ
3006 1418 3228 1482 αὐτοὺς,
3255 1414 3702 1486 ἀνεπιτηδεύτως
3730 1413 3988 1484 ἡττηθὲν-

2403 1530 2500 1576 τας
2529 1513 2639 1565 τῶν
2663 1511 2916 1583 βασάνων
2945 1511 3042 1564 καὶ
3099 1508 3492 1573 ἐπιθύσαντας,
3528 1503 3656 1560 εἷτα
3686 1505 3991 1560 ἀναπαλαί-

2408 1621 2631 1670 σαντας,
2694 1603 2880 1671 πάσης
2950 1601 3053 1671 τῆς
3110 1601 3261 1669 ἱερᾶς
3319 1597 3667 1669 λειτουργίας
3719 1597 3988 1660 θεσπίζει.

2407 1699 2744 1768 Προστίθησι
2782 1696 2827 1750 δ’
2883 1695 3118 1749 ἐνταῦθα
3199 1696 3305 1761 ὅτι,
3363 1695 3458 1748 ἐὰν
3513 1696 3627 1755 τοῖς
3671 1691 3992 1761 μετανοοῦσι

2407 1791 2624 1854 τούτοις
2652 1789 2919 1843 συνίδοιεν
2949 1791 2997 1843 οί
3025 1787 3313 1850 ἐπίσκοποι
3347 1784 3594 1856 κάματόν
3621 1800 3774 1848 τινα,
3843 1799 3992 1835 τουτ-

726 1878 898 1930 tentia
935 1875 1155 1946 gravius
1211 1875 1479 1938 laborare,
1541 1880 1639 1926 aut-
1664 1873 1734 1927 ob
1759 1873 1988 1928 admissi
2045 1872 2309 1928 facinoris

2411 1882 2528 1936 ἐστι
2573 1881 2741 1935 κόπον
2774 1883 2832 1934 ἐν
2860 1885 2927 1950 τῇ
2963 1880 3222 1951 μετανοίᾳ
3251 1879 3340 1932 διά
3377 1878 3478 1947 τὴν
3502 1876 3763 1947 ἄρνησιν,
3791 1874 3827 1944 ἢ
3891 1875 3991 1934 ὅτι,

727 1967 948 2033 culpam
1002 1962 1350 2025 discruciari,
1396 1960 1920 2031 demissionemque,
1983 1975 2046 2016 ac
2103 1962 2158 2015 in
2216 1962 2306 2026 iis,

729 2058 824 2126 qui
883 2056 1288 2126 prolapsionem
1326 2053 1736 2120 exprobrarim,
1788 2063 1883 2107 aut
1937 2053 2043 2108 alia
2094 2053 2311 2109 ratione

732 2148 1075 2208 insultarint,
1137 2153 1330 2215 pacate
1404 2156 1566 2215 atque
1624 2145 1912 2199 humiliter
1968 2143 2310 2215 perferendis

728 2239 1058 2294 modestiam
1087 2237 1348 2301 retinere,
1376 2251 1484 2291 non
1514 2247 1706 2291 contra
1744 2237 2006 2292 audacter
2037 2237 2312 2293 obsistere

729 2339 825 2384 aut
856 2332 1056 2399 aegrius
1090 2342 1446 2393 succensere,
1503 2328 1742 2398 episcopi
1797 2328 2310 2394 animadverterint,

729 2437 798 2476 ac
834 2420 1063 2489 proinde
1093 2407 1298 2488 aliquid
1350 2420 1608 2489 amplius,
1661 2433 1827 2488 quam
1861 2419 2009 2488 quod
2040 2434 2069 2472 a
2099 2419 2311 2489 synodo

731 2527 1058 2568 concessum
1088 2522 1193 2576 est,
1232 2511 1301 2565 iis
1334 2511 1405 2566 ob
1438 2511 1821 2566 vehementius
1854 2512 2154 2580 paenitendi
2191 2519 2313 2566 stu-

731 2603 882 2658 dium
911 2602 1163 2673 elargiri,
1195 2610 1290 2654 aut
1325 2600 1568 2655 vicissim
1604 2600 1728 2655 ﬁcte
1761 2600 2076 2655 dolentibus
2120 2615 2223 2656 nec
2248 2601 2315 2656 de

732 2693 989 2764 superbia
1042 2692 1450 2747 remittentibus
1483 2694 1704 2747 demere
1750 2693 2030 2764 quidpiam
2068 2691 2315 2756 velint,id

733 2801 909 2842 canon
941 2792 1113 2839 totum
1147 2785 1392 2853 ipsorum
1453 2783 1710 2851 potestati
1742 2782 2063 2852 judicioqne
2091 2782 2318 2852 permit-

734 2880 822 2932 tit.
860 2875 996 2937 Vide
1048 2877 1238 2947 prima:
1284 2891 1504 2946 quoque
1534 2875 1887 2931 eecumenica
1923 2874 2119 2946 synodi
2149 2889 2317 2930 cano-

737 2985 863 3025 nem
903 2968 1277 3022 undecimum.

733 3057 961 3114 ARIST.
991 3076 1011 3109 ι
1036 3057 1096 3111 ln
1119 3070 1328 3111 canone
1356 3058 1534 3134 primo
1559 3065 1616 3112 et
1649 3056 1897 3112 secundo
1924 3054 2232 3127 presbyteri
2261 3061 2318 3109 et

813 3169 833 3202 ι
869 3150 1105 3210 diaconi.
1130 3150 1224 3218 qui
1253 3165 1375 3202 cum
1404 3151 1554 3218 prius
1580 3151 1958 3204 sacriﬁcarent
1977 3157 2163 3218 postea
2187 3162 2317 3201 vero

814 3260 835 3294 ι
869 3240 1126 3295 reluctati
1158 3249 1307 3304 sunt,
1341 3239 1504 3310 377
1538 3241 1812 3296 cathedra:
1847 3242 2020 3296 solius
2045 3247 2100 3294 et
2136 3240 2314 3293 hono-

810 3352 828 3383 ι
866 3333 946 3386 ris
981 3333 1089 3385 sint
1142 3335 1468 3403 participes,
1505 3333 1643 3387 nihil
1676 3324 1996 3388 sanctorum
2049 3346 2316 3403 peragen-

814 3441 834 3474 ι
866 3431 972 3478 tes.
1002 3441 1021 3475 ι

809 3514 1140 3584 Quicunque
1169 3515 1475 3586 presbyteri
1532 3515 1617 3571 vel
1649 3515 1864 3571 diaconi
1897 3524 2145 3587 tempore
2194 3531 2319 3586 per-

739 3607 1040 3660 secutionis
1070 3608 1338 3674 compulsi
1391 3606 1803 3672 sacriﬁcarunt,
1840 3617 2032 3678 postea
2063 3623 2195 3663 vero
2231 3622 2322 3662 ac—

739 3697 944 3751 cedunt
997 3704 1363 3750 retractantes
1412 3697 1678 3766 quidquid
1728 3695 1998 3764 fecerunt,
2047 3697 2323 3754 cathedra:

741 3787 912 3841 solius
944 3793 998 3841 et
1030 3787 1260 3843 honoris
1311 3788 1609 3859 participes
1661 3803 1786 3845 esse
1819 3789 2060 3845 debent:
2119 3799 2179 3844 at
2233 3805 2324 3846 sa-

739 3877 1023 3933 cerdotale
1069 3879 1293 3948 aliquod
1347 3895 1547 3935 munus
1597 3881 1774 3951 obire,
1822 3890 1949 3952 puta
1980 3897 2175 3952 panem
2227 3891 2323 3938 aut

742 3969 998 4036 poculum
1050 3967 1274 4034 oderre,
1326 3977 1422 4021 aut
1471 3972 1736 4025 doctrina:
1786 3985 2071 4027 sermones
2121 3972 2323 4042 populo

743 4059 949 4124 facere,
987 4068 1084 4113 aut
1133 4062 1361 4115 omnino
1413 4076 1639 4119 sacrum
1690 4063 1914 4134 aliquod
1952 4064 2321 4121 ministerium

743 4163 1026 4217 peragere,
1061 4148 1129 4203 iis
1167 4165 1275 4203 non
1314 4151 1462 4206 licet.

1349 4239 1581 4296 CANON
1623 4241 1717 4298 Ill.

746 4329 924 4394 «Eos,
991 4330 1085 4400 qui
1143 4330 1417 4402 fugientes
1479 4336 1904 4405 comprenhensi
1969 4348 2119 4405 sunt,
2172 4339 2324 4395 vela

819 4438 837 4471 ι
869 4420 1188 4476 domesticis
1222 4423 1426 4490 traditi,
1458 4426 1542 4479 vel
1576 4426 1693 4480 suis
1729 4427 1936 4496 alioqui
1973 4428 2323 4484 facultatibus

2413 1971 2795 2041 συντριϐέντες
2823 1971 2912 2023 διά
2933 1969 2997 2022 τὸ
3027 1969 3351 2039 ἁμάρτημα,
3398 1964 3877 2034 ἐταπεινώθησαν,
3909 1963 3996 2015 καὶ

2411 2064 2693 2133 πραότητα
2752 2063 3072 2131 ἐκτήσαντο,
3159 2062 3273 2123 τοῖς
3337 2060 3470 2120 ἴσως
3533 2057 3729 2118 αὐτοῖς
3802 2056 3994 2108 ὀνειδί·

2412 2153 2565 2218 ζουσι
2617 2153 2708 2206 τὸν
2765 2151 2978 2204 ϐλισθον
3019 2150 3210 2221 πράως
3257 2149 3352 2202 καὶ⁵
3408 2148 3546 2218 μετά
3602 2146 3995 2208 ταπεινώσεως

2413 2242 2875 2312 προσφερόμενοι,
2930 2239 3046 2294 ἀλλ’
3077 2240 3138 2293 ού
3170 2237 3571 2308 θρασυνόμενοι
3636 2237 3740 2289 καὶ
3787 2234 3996 2294 τούτοις

2415 2333 2931 2405 ἐμπικραινόμενοι,
2987 2332 3083 2386 καὶ
3134 2331 3368 2384 ἐθέλοιεν
3419 2329 3716 2381 ἐπίσκοποι
3777 2326 3871 2393 ὑφ’
3912 2325 3997 2388 οὓς

2412 2427 2626 2479 τελοῦσι
2651 2426 2809 2478 πλέον
2843 2443 2894 2478 τι
2924 2424 3036 2478 τῶν
3083 2423 3234 2494 παρά
3285 2425 3353 2493 τῇ
3407 2421 3612 2491 συνόδῳ
3640 2419 3996 2490 ὡρισθέντων

2414 2519 2595 2581 αὐτοῖς
2619 2517 2946 2587 παρατχεῖν,
2965 2515 3051 2569 διὰ
3077 2515 3177 2588 τὴν
3205 2514 3307 2583 τῆς
3336 2511 3625 2582 μετανοίας
3656 2510 3995 2581 θερμότητα,

2415 2609 2448 2680 ἢ
2477 2609 2694 2677 ἀφελεῖν
2717 2592 2903 2660 τιτῶν
2935 2605 3288 2677 ὁρισθέντων,
3321 2607 3398 2668 ὼς
3438 2607 3513 2674 μὴ
3545 2607 3797 2674 γνησίως
3826 2601 4004 2654 αὐτῶν

2420 2699 2900 2770 μεταμελομένων,
2966 2695 3102 2768 μηδὲ
3155 2696 3638 2766 ταπεινουμένων·
3710 2691 3894 2745 ταῦτα
3940 2693 4003 2759 τῇ

2418 2790 2638 2859 ἐξουσίᾳ
2661 2789 2771 2842 τῶν
2827 2789 3147 2842 ἐπισκόπων
3188 2787 3507 2855 ἀνατίθησιν
3527 2786 3558 2839 ὁ
3600 2784 3790 2840 κανὼν
3822 2785 3923 2836 καὶ
3941 2786 4004 2852 τῇ

2416 2879 2694 2950 διακρίσει
2720 2878 2924 2932 αὐτῶν.
2962 2865 3262 2945 Ἆνάγνωθι
3296 2881 3390 2932 καὶ
3433 2879 3524 2932 τὸν
3558 2883 3625 2931 ια’
3673 2877 3886 2931 κανόνα
3914 2879 4008 2946 τῆς

2419 2968 2643 3038 πρώτης
2669 2967 3062 3037 οίκουμενικῆς
3097 2967 3341 3021 συνόδου.

2417 3059 2641 3114 ΔΡΙΣΤ.
2681 3078 2700 3112 t
2748 3060 2887 3114 Καν.
2925 3057 2974 3112 α’
3005 3060 3101 3112 καὶ
3132 3058 3202 3129 β’,
3239 3057 3605 3130 πρεσϐύτεροι
3639 3059 3747 3112 καὶ
3771 3060 4008 3113 διάκονοι

2499 3171 2518 3205 t
2564 3151 2624 3206 τὸ
2642 3155 2773 3223 πρὶν
2793 3153 3172 3218 ἐπιθύσαντες,
3196 3147 3315 3204 εἶτα
3339 3152 3398 3218 ἐξ
3419 3151 3680 3220 ἀληθείας
3711 3152 4012 3204 ἀναπαλαί-

2495 3262 2515 3297 ι
2563 3261 2777 3310 σαντες,
2843 3243 3014 3315 μόνης
3057 3245 3156 3313 τῆς
3207 3241 3474 3313 καθέδρας
3527 3243 3626 3295 καὶ
3686 3243 3791 3310 τῆς
3847 3242 4010 3309 τιμῆς

2485 3353 2505 3388 t
2551 3335 2951 3406 μετεχέτωσαν,
2986 3332 3154 3404 μηδὲν
3177 3332 3286 3386 τῶν
3314 3333 3485 3401 ἁγίων
3512 3330 3933 3394 ἐπιτελοῦντες.
3989 3349 4006 3383 ι

2492 3509 2649 3563 Ὅσοι
2709 3508 2817 3561 τῶν
2871 3505 3260 3578 πρεσϐυτέρων
3308 3505 3405 3559 καὶ
3452 3505 3728 3558 διακόνων
3758 3506 3819 3557 ἐν
3840 3502 4014 3573 καιρῷ

2419 3600 2664 3671 διωγμοῦ
2696 3599 3011 3671 βιασθέντες
3053 3597 3276 3663 ἔθυσαν,
3331 3593 3450 3650 εῖτα
3476 3598 3536 3649 ἐν
3576 3595 3823 3665 ἀληθείᾳ⁵
3853 3612 4016 3666 προς·

2421 3693 2584 3762 ἦλθον
2611 3691 3036 3751 ἀναπαλαίοντες
3071 3689 3209 3757 ὅπερ
3252 3677 3518 3759 ἔπραξαν,
3555 3686 3737 3758 μόνης
3779 3687 3889 3755 τῆς
3919 3705 4012 3739 κα-

2423 3785 2614 3849 θέδρας
2649 3783 2746 3836 καὶ
2776 3783 2875 3853 τῆς
2903 3781 3073 3851 τιμῆς
3131 3782 3386 3849 μετέχειν
3409 3778 3763 3846 ὀφείλουσιν·
3810 3779 4014 3848 ἱερατι-

2422 3879 2518 3931 κὺν
2548 3878 2604 3930 δέ
2634 3894 2687 3931 τι
2720 3878 2968 3948 ἐνεργεῖν
3017 3874 3118 3928 ούκ
3181 3872 3403 3938 ἐξέσται
3448 3871 3658 3935 αὐτοῖς,
3693 3867 3815 3925 οἷον
3855 3873 4016 3940 ἄρτον

2422 3969 2457 4040 ἢ
2491 3971 2753 4038 ποτήριον
2782 3967 3079 4038 ἀναφέρειν
3107 3966 3141 4037 ἢ
3179 3965 3372 4032 λόγους
3393 3962 3758 4024 διδασκαλίας
3792 3963 3881 4034 τῷ
3910 3963 4016 4033 λαῷ

2424 4060 2731 4127 ποιεῖσθαι,
2758 4060 2793 4131 ἢ
2814 4060 2951 4124 ὅλως
2975 4077 3026 4112 τι
3046 4058 3156 4112 τῶν
3212 4058 3386 4125 ἁγίων
3427 4055 3796 4126 λειτουργιῶν
3840 4059 4015 4110 ἐπιτε-

2420 4154 2559 4209 λεῖν.

3018 4245 3263 4300 ΚΔΝΩΝ
3321 4241 3399 4297 Γ’.

2431 4354 2452 4389 ι
2497 4337 2636 4402 Τοὺς
2657 4339 2957 4407 φεύγοντας
2981 4336 3075 4391 καὶ
3108 4335 3535 4403 συλληφθέντας,
3564 4334 3596 4405 ἢ
3630 4334 3744 4388 ὑπὸ
3797 4334 4014 4387 ciuium:

2502 4448 2522 4482 ι
2569 4428 2993 4501 παραδοθέντας,
3029 4427 3063 4497 ἣ
3089 4426 3267 4490 ἄλλως
3322 4426 3391 4478 τὰ
3417 4427 3754 4499 ὑπάρχοντα
3787 4429 4014 4496 ἀφαιρε-

818 4528 837 4576 _t
875 4513 1094 4582 privati,
1135 4515 1222 4567 vel
1276 4521 1546 4569 tormenta
1609 4519 1876 4587 perpessi,
1925 4519 2007 4574 vel
2054 4520 2106 4573 in
2143 4533 2310 4575 carce-

2502 4541 2521 4575 ι
2567 4523 2780 4588 θέντας,
2814 4519 3282 4591 ήὺπομείναντας
3342 4517 3637 4588 βασάνους,
3707 4518 3742 4588 ἦ
3795 4518 3881 4582 είς
3939 4523 4014 4570 δε-

818 4619 838 4653 t
874 4618 987 4656 rem
1022 4604 1256 4674 conjecti
1293 4614 1443 4672 sunt,
1477 4607 1780 4665 clamantes
1806 4625 1866 4665 se
1897 4627 2020 4667 esse
2049 4612 2322 4667 Christia-

817 4711 835 4743 ι
870 4709 989 4760 nos,
1037 4706 1090 4748 et
1141 4696 1338 4750 divulsi
1368 4712 1433 4751 ac
1480 4697 1728 4754 distracti
1779 4710 1927 4766 sunt,
1977 4702 2061 4757 vel
2096 4702 2182 4763 .iis
2230 4703 2324 4773 qui

810 4801 829 4834 r
864 4786 968 4838 vim
1025 4785 1331 4840 efferebant
1387 4789 1440 4841 in
1494 4804 1692 4845 manus
1739 4793 1943 4860 aliquid
1982 4793 2324 4846 immittcnti-

815 4895 834 4929 ι
868 4879 990 4943 bus,
1021 4880 1105 4934 vel
1129 4881 1251 4934 cibo
1275 4882 1458 4949 aliquo
1486 4897 1583 4951 per
1620 4885 2005 4939 necessitatem
2040 4897 2318 4954 suscepto,

814 4964 922 5026 «se
949 4980 1129 5027 tamen
1180 4989 1302 5030 esse
1352 4976 1700 5030 Christianos
1758 4985 2020 5046 perpetuo
2068 4976 2320 5042 fatentes,

815 5081 832 5113 ι
863 5071 916 5116 et
941 5065 1060 5134 ejus
1092 5067 1236 5134 quod
1267 5068 1467 5121 accidit
1497 5050 1740 5121 dolorem
1784 5069 1934 5121 omni
1984 5068 2324 5122 cobibitlone

817 5173 836 5206 r
867 5165 921 5209 ct
954 5157 1141 5210 habitu
1178 5166 1233 5211 et
1263 5160 1387 5213 vitae
1443 5159 1753 5214 humilitate
1802 5174 1915 5230 prae
1966 5174 2027 5215 se
2061 5158 2320 5227 ferentes,

811 5267 830 5298 ι
867 5260 923 5302 ιιι
954 5249 1265 5320 inculpatos
1304 5266 1332 5303 a
1366 5252 1755 5308 communione
1811 5269 1919 5307 non
1974 5253 2172 5308 arceri.
2225 5252 2320 5308 Sin

815 5358 835 5392 ι
870 5352 1050 5397 autem
1089 5348 1252 5399 etiam
1292 5347 1361 5402 ab
1391 5348 1579 5416 aliquo
1610 5355 1741 5401 sunt
1779 5345 2064 5416 prohibiti,
2095 5344 2320 5415 majoris

816 5450 834 5483 ι
870 5437 1145 5492 cautionis
1178 5441 1377 5506 gratia,
1431 5441 1512 5493 vel
1543 5442 1706 5493 etiam
1751 5449 1971 5508 propter
2006 5439 2319 5507 aliquorum

815 5526 1254 5595 «ignorantiam,
1308 5531 1494 5586 statim
1549 5531 1937 5584 admittantur.
1992 5528 2105 5583 Hoc
2136 5539 2319 5582 autem

809 5635 831 5669 ι
861 5621 1113 5675 similiter
1148 5622 1204 5675 in
1234 5625 1454 5678 clericis
1481 5631 1536 5677 et
1568 5623 1690 5677 aliis
1725 5622 1904 5676 laicis.
1931 5619 2067 5675 lllud
2098 5634 2318 5690 quoque

815 5729 834 5761 ι
866 5719 947 5765 est
977 5717 1374 5783 examinatum,
1416 5733 1484 5770 an
1522 5718 1734 5787 possint
1761 5718 1924 5770 etiam
1961 5715 2106 5781 laici,
2134 5716 2229 5785 qui
2263 5716 2316 5768 in

812 5818 832 5854 t
863 5804 1107 5860 eamdem
1165 5811 1546 5865 necessitatem
1597 5808 1928 5871 inciderunt,
1965 5808 2030 5864 ad
2067 5807 2314 5863 ordinem

2500 4632 2520 4667 t
2566 4613 2879 4684 σμωτήριον
2928 4609 3325 4682 ἐμϐληθέντας,
3374 4608 3616 4679 βοῶντας
3650 4625 3716 4661 τε
3774 4613 3862 4662 ὅτι
3915 4611 4013 4662 εἰσὶ

2502 4722 2521 4756 t
2561 4704 2879 4774 Χριστιανοὶ
2935 4702 3031 4754 καὶ
3075 4699 3555 4772 περισχισθέντας,
3616 4701 3746 4771 ἦτοι
3810 4705 3897 4764 είς
3923 4702 4006 4764 τὰς

2501 4813 2523 4847 ε
2567 4793 2754 4866 χεῖράς
2785 4811 2838 4846 τι
2873 4793 3010 4863 πρὸς
3044 4791 3168 4861 βίαν
3198 4791 3552 4860 ἐμϐαλόντων
3609 4793 3728 4845 τῶν
3763 4792 4010 4862 βιαζομὲ-

2503 4905 2521 4939 ι
2564 4903 2693 4951 νων,
2727 4884 2762 4958 ἢ
2806 4885 3009 4956 βρῶμά
3034 4901 3111 4954 ,τι
3162 4887 3299 4954 πρὸς
3354 4884 3609 4954 ἀνάγκην
3651 4885 4007 4953 δεξαμένους,

2506 4997 2525 5030 t
2565 4976 2962 5048 ὁμολογοῦντας
2995 4975 3049 5028 δέ
3077 4976 3144 5029 δι’
3174 4977 3299 5029 ὅλου
3363 4975 3444 5028 ὃτι
3492 4979 3604 5028 εἰσὶ
3668 4977 4006 5046 Χριστιανοὶ,

2499 5090 2518 5122 ι
2561 5071 2656 5125 καὶ
2685 5070 2746 5122 τὸ
2773 5069 2971 5132 πένθος
2992 5068 3088 5121 τοῦ
3119 5086 3182 5121 συ
3194 5068 3429 5139 μϐἀντος
3479 5070 3571 5123 ἀεὶ
3623 5070 3984 5139 ἐπιδεικνυμέ

2506 5181 2523 5214 t
2565 5179 2692 5226 νους
2725 5164 2792 5233 τῇ
2817 5162 2965 5232 πάσῃ
3021 5161 3333 5233 καταστολῇ
3383 5161 3582 5226 καὶτῷ
3639 5166 3894 5232 σχήματι
3924 5163 4007 5215 καὶ

2501 5273 2520 5308 ι
2565 5254 2740 5325 τῇγτοῦ
2769 5254 2885 5324 βίου
2916 5255 3289 5322 ταπεινότητι,
3322 5251 3547 5315 τούτους
3579 5254 3660 5315 ὡς
3692 5254 3802 5317 ἐξω
3834 5256 4007 5325 ἁμαρ-

2497 5366 2516 5399 t
2559 5351 2802 5416 τήματος
2831 5347 2987 5409 ὄντας
3020 5349 3121 5418 τῆς
3147 5344 3436 5408 κοινωνίας
3473 5345 3549 5415 μὴ
3583 5346 3927 5404 κωλύεσθαι.
3953 5348 4005 5398 Ei

2501 5457 2520 5491 t
2561 5440 2616 5492 δὲ
2648 5440 2741 5490 καὶ
2771 5438 2832 5490 τὸ
2871 5438 3223 5508 ἐκωλύθησαν
3260 5437 3364 5500 ὑπό
3398 5453 3569 5499 τινος,
3603 5441 4004 5508 περισσοτέρες

2497 5547 2518 5580 ι
2565 5529 2855 5599 ἀκριϐείας
2914 5529 3163 5600 ἐνεκενῆ
3207 5527 3302 5581 καί
3361 5544 3527 5581 τινων
3575 5529 3793 5600 ἀγνοίᾳ,
3851 5530 4004 5588 εὐθὺς

2498 5640 2517 5673 ι
2565 5619 3082 5692 προσδεχθήτωσαν.
3147 5620 3322 5673 Τοῦτο
3351 5619 3407 5674 δέ
3440 5620 3650 5689 ὁμοίως
3692 5621 3784 5674 ἐπί
3819 5639 3880 5674 τε
3909 5621 4005 5672 τῶν

2497 5730 2516 5764 ι
2561 5714 2624 5764 ἐκ
2659 5713 2864 5782 κλήρου
2910 5710 3132 5765 καὶτῶν
3175 5711 3352 5764 ἀλλων
3388 5711 3618 5765 λαῖκῶν.
3659 5710 4004 5780 [1903;513:3-

2504 5823 2524 5857 ι
2571 5804 2676 5874 σθη
2701 5805 2759 5858 δὲ
2777 5805 3022 5871 κάκεῖνο,
3047 5807 3096 5859 εί
3120 5803 3383 5859 δύνανται
3425 5803 3519 5858 καὶ
3543 5802 3750 5872 λαῖκοὶ,
3780 5808 3851 5876 τῇ
3875 5807 3999 5871 ain}
