4166 6438
116 417 254 478 1229

181 549 203 579 ι
251 527 465 596 ἀνάγκη
532 523 920 586 ὑποπεσόντες,
991 526 1335 591 προέγῖσθαι

183 640 201 670 ι
249 613 570 677 Ἔδοξενοῦν
591 618 680 667 καὶ
704 616 949 675 τούτους,
982 617 1057 676 ὡς
1084 617 1247 682 μηδὲν
1266 617 1690 688 ἡμαρτηκότας,

181 729 201 761 ι
246 710 296 760 εἰ
327 709 422 760 καὶ
461 710 492 776 ἡ
534 705 883 774 προλαϐοῦσα
916 706 1224 775 εὑρίσκοιτο
1258 705 1396 773 ἐροὴ
1425 706 1520 755 τοῦ
1573 705 1688 773 βίου

181 822 200 852 ι
253 803 518 861 πολιτεία,
544 797 1010 867 προχειρίζεσθαι.
1053 821 1070 850 ι

176 895 377 946 ΒΛΛΣ.
406 894 560 955 Τινὲς
595 895 849 962 γληρικοὶ
879 896 971 946 καὶ
1034 894 1214 947 λαῖκοὶ
1263 895 1560 962 φεύγοντες
1595 896 1693 956 τὰς

106 983 216 1032 τῶν
243 983 521 1050 τυράννων
561 986 773 1052 χεῖρας,
833 979 927 1037 καὶ
989 978 1413 1054 συλληφθέντες,
1465 986 1496 1054 ἦ
1543 987 1693 1052 παρά

104 1092 271 1126 τινων
309 1075 677 1143 προδοθέντες.
710 1078 803 1128 καὶ
825 1078 1207 1144 γυμνωθέντες
1235 1078 1346 1129 τῶν
1377 1081 1693 1148 προσόντων

108 1169 315 1229 αὐτοῖς,
352 1167 534 1218 ἔστιδ’
571 1169 659 1220 ὅτε
713 1171 806 1220 καὶ
843 1169 1264 1238 βασανισθέντες
1310 1173 1403 1224 καὶ
1455 1174 1687 1240 φυλακι-

112 1258 360 1319 σθέντες,
395 1259 562 1310 ἐὸόων
594 1255 734 1312 εἶναι
764 1262 1102 1329 Χριστιανοί.
1140 1264 1264 1315 Ὀτι
1299 1263 1355 1315 δὲ
1396 1266 1538 1316 κατὰ
1571 1265 1693 1333 βίαν

110 1352 378 1421 ἐνεϐλήθη
439 1354 592 1422 παρὰ
628 1353 738 1407 τῶν
771 1355 987 1423 δημίων
1019 1357 1135 1417 ταῖς,
1171 1358 1330 1425 χερσὶ
1364 1355 1575 1409 τούτων
1608 1357 1691 1409 λιι

106 1443 349 1495 ϐχνωτὺν
417 1446 598 1514 τυχὺν,
656 1445 793 1516 ὅπερ
847 1449 961 1508 τοῖς
1015 1445 1254 1509 εἰδώλοις
1304 1449 1516 1510 θύεται,
1567 1449 1691 1520 ἢέν

107 1535 190 1599 τῷ
245 1535 470 1603 στόματι
506 1537 686 1589 αὐτῶν
717 1538 917 1607 βρῶμα
974 1539 1349 1600 εἰδωλόθυτον,
1391 1542 1694 1594 ἐκωλύοντο

107 1626 211 1690 τῆς
248 1628 383 1692 μετὰ
407 1628 514 1680 τῶν
578 1630 789 1682 πιστῶν
846 1633 1155 1694 κοινωνίας,
1202 1632 1290 1684 διὰ
1325 1634 1385 1685 τὸ
1415 1634 1575 1704 δῆθεν
1602 1653 1693 1703 γε·

102 1717 296 1770 νέσθαι
322 1720 522 1780 αὐτοὺς
552 1722 907 1787 είδωλοθύτας
935 1739 949 1754 ·
982 1725 1114 1791 φασὶ
1169 1725 1300 1792 γοῦν
1346 1729 1392 1778 oi
1424 1729 1691 1798 Πατέρες,

107 1810 168 1860 τὸ
200 1813 336 1863 κατὰ
396 1811 517 1880 βίαν
549 1813 847 1880 γενόμενον
882 1817 957 1885 μὴ
1024 1818 1462 1887 παρεμποδίζειν
1492 1821 1692 1882 αὐτοὺς

108 1902 510 1971 ὁμολογοῦντας
569 1907 746 1958 διόλου
807 1905 953 1961 εἶναι
985 1910 1373 1977 Χριστιανοὺς,
1404 1913 1696 1966 ἀποκλαιο-

111 1995 320 2061 μὲνους
379 1997 520 2064 μετὰ
583 1999 930 2065 κατανύξεως
960 2001 1021 2053 τὸ
1066 2003 1219 2071 παρὰ
1264 2004 1370 2058 τῶν
1415 2006 1697 2076 τυράννων

107 2084 254 2137 κατὰ
286 2085 405 2153 βίαν
431 2088 723 2156 γενόμενον
747 2090 826 2152 είς
840 2090 1057 2154 αὐτούς.
1085 2093 1252 2146 Οὐδὲν
1284 2095 1393 2164 γὰρ
1415 2097 1696 2167 ἥμαρτον,

103 2176 253 2229 ὥστε
288 2179 383 2230 καὶ
407 2180 534 2246 παρ’
561 2181 721 2249 ἡμῶν
754 2182 1108 2245 κολάζεσθαι.
1167 2186 1224 2239 El
1248 2187 1304 2239 δὲ
1339 2189 1491 2257 παρά
1532 2207 1698 2242 τινων

103 2269 198 2320 διὰ
226 2272 619 2340 περισσοτέραν
650 2275 938 2343 ἀκρίϐειαν
983 2276 1013 2342 ἢ
1046 2276 1114 2328 δι’
1142 2277 1365 2345 ἄγνοιαν
1395 2279 1488 2332 τοῦ
1528 2299 1698 2350 προσ-

103 2361 336 2426 ήκοντος
361 2362 718 2431 ἐκωλύθησαν
749 2365 849 2433 τῆς
894 2370 1199 2432 κοινωνίας,
1234 2371 1396 2432 εὐθὺς
1438 2372 1696 2442 δεχθῆναι

100 2451 335 2515 τούτους
397 2455 872 2527 ὲγνιο-μοδότησαν.
917 2461 1008 2522 Ὠς
1042 2462 1100 2513 δέ
1128 2480 1273 2525 τινος
1329 2466 1578 2529 εἰπόντος
1605 2469 1698 2521 ἐπὶ

105 2542 299 2607 μόνοις
347 2549 484 2613 τοῖς
528 2541 734 2612 λαῖκοῖς
785 2550 932 2619 ἔχειν
984 2553 1170 2622 χώραν
1227 2557 1294 2606 τὰ
1323 2557 1416 2608 τοῦ
1476 2560 1696 2622 κανόνος

101 2629 180 2692 (οἱ
211 2630 316 2700 γὰρ
351 2631 602 2703 κληρικοὶ
658 2639 797 2689 κατὰ
846 2639 970 2702 τοὺς
1017 2644 1436 2713 προρρηθὲν-τας
1465 2649 1695 2711 κανόνας

99 2721 514 2792 δεχθήσονται),
533 2727 816 2795 ὲτῑήγιιγον
853 2731 926 2798 μὴ
959 2734 1154 2799 μόνους
1178 2737 1452 2800 τοιούτους
1474 2741 1697 2801 λαῖκοὺς

99 2818 497 2877 συγκοινωνεῖν
529 2820 681 2888 ἡμῖν,
717 2822 856 2874 ἀλλὰ
882 2825 977 2877 καὶ
1004 2826 1327 2896 κληρικούς.
1364 2831 1593 2899 Εἴρηται
1640 2834 1696 2885 δὲ

97 2903 289 2967 τοῦτο,
319 2907 406 2960 διὰ
459 2910 521 2960 τὺ
563 2913 809 2980 μεγάλην
842 2911 984 2968 εἶναι
1013 2918 1285 2990 διαφορὰν
1315 2922 1423 2974 τῶν
1457 2923 1698 2992 ἀρνησα-

101 2997 293 3065 μένων
332 3001 594 3064 ἑκουσίως
632 3004 722 3054 τδν
769 3005 925 3071 Θεὸν,
963 3010 1026 3060 ἐκ
1050 3009 1144 3062 τοῦ
1181 3012 1255 3079 μὴ
1281 3012 1542 3067 δύνασθαι
1595 3018 1693 3079 τὰς

101 3088 364 3154 κολάσεις
413 3093 764 3162 ὑπενεγκεῖν,
814 3099 909 3151 καὶ
963 3100 1074 3153 τῶν
1116 3105 1358 3156 τοιοῦτόν
1382 3122 1434 3157 τι
1464 3107 1538 3176 μὴ
1597 3125 1696 3159 πε-

1237 413 1323 471 1N
1350 413 1512 472 (ἋΝ.
1562 413 1650 471 lli
1687 412 1892 472 CON'C.
1921 412 2161 470 ANCYR

1386 528 1462 586 εἰς
1519 526 1690 588 τάξιν.
1732 529 1770 582 Α

3243 415 3384 483 1130

1881 543 1896 571 ι
1935 523 2265 592 prmttoveui.
2327 521 2507 575 Visum
2567 532 2649 574 est
2697 538 2824 591 ergo
2881 533 2934 577 et
2986 538 3116 582 eos.
3174 534 3231 578 nt
3284 544 3376 596 qui

1883 617 2062 668 ςιιίΙιιΙ
2118 624 2457 684 peccassent.
2511 614 2553 666 si
2606 615 2767 666 etiam
2825 617 3135 682 praecedens
3186 633 3374 670 eorum

1887 707 2056 759 ivilze
2102 705 2451 758 instituenda
2499 705 2639 756 ratio
2691 714 2834 757 recta
2884 707 3220 768 inveniatur,
3255 723 3378 773 pro-

1889 817 1906 847 ι
1943 802 2172 851 moveri.
2206 817 2224 847 ι

1881 888 2074 941 B.\LS.
2118 887 2350 952 Quidam
2387 888 2567 942 clerici
2617 896 2669 942 et
2701 887 2846 950 laici,
2899 904 3090 944 manus
3123 900 3356 960 tyranno

1806 994 1923 1031 rum
1960 979 2256 1048 fugientes,
2308 990 2362 1032 et
2408 980 2817 1048 comprehensi,
2871 981 2954 1034 vel
2990 983 3056 1034 ab
3106 983 3380 1050 aliquibus

1810 1073 2034 1141 proditi,
2070 1083 2118 1126 et
2156 1074 2220 1127 iis
2252 1088 2371 1140 quae
2412 1073 2683 1126 habebant
2744 1074 2964 1142 privati,
3017 1083 3071 1129 et
3132 1092 3380 1128 nonnun-

1808 1181 1970 1234 quam
2004 1169 2166 1218 etiam
2201 1168 2328 1219 torti
2360 1176 2414 1219 ct
2468 1166 2519 1218 in
2551 1179 2823 1219 Carcerem
2863 1166 3123 1234 conjecti,
3176 1182 3234 1219 se
3260 1184 3381 1220 esse

1803 1257 2150 1312 Christianos
2181 1257 2516 1310 fatebantur.
2552 1258 2690 1322 Quia
2730 1268 2908 1312 autem
2947 1274 2973 1308 a
3012 1258 3293 1310 lit-toribus
3329 1261 3379 1308 in

1807 1368 1999 1405 manus
2038 1367 2228 1405 eorum
2263 1350 2389 1404 thus
2423 1352 2562 1406 forte
2595 1353 2857 1420 injectum
2891 1362 2996 1414 est,
3044 1352 3190 1421 quod
3227 1353 3383 1406 idolis

1803 1445 2168 1506 sacrificatur,
2216 1444 2294 1496 vel
2335 1443 2385 1496 in
2420 1459 2513 1497 ora
2548 1459 2737 1499 eorum
2774 1445 2931 1498 cibus
2990 1447 3185 1513 aliquis
3220 1446 3382 1500 idolis

1805 1536 2145 1600 immolatus,
2201 1552 2229 1588 τι
2289 1535 2524 1589 ﬁdelium
2586 1535 2976 1591 communione
3030 1540 3378 1602 arcebantur,

1804 1629 1950 1694 quod
1988 1627 2201 1681 scilicet
2279 1628 2438 1680 idolis
2502 1629 2943 1682 sacriﬁcassent:
3007 1631 3196 1682 dicunt
3251 1646 3380 1699 ergo

1804 1719 2012 1783 Patrrs,
2064 1721 2113 1774 id
2145 1721 2288 1790 quod
2325 1721 2432 1775 illis
2467 1722 2512 1774 vi
2555 1721 2754 1774 factum
2781 1734 2884 1785 est,
2940 1738 3046 1775 non
3101 1738 3224 1776 esse
3276 1723 3382 1778 illis

1801 1814 2213 1882 impedimento,
2279 1812 2577 1874 fatentibus
2636 1824 2899 1883 perpetuo
2943 1831 3000 1868 se
3053 1830 3173 1868 esse
3222 1813 3383 1869 Chri-

1800 1906 2035 1970 stianos,
2069 1917 2122 1958 et
2155 1921 2277 1958 cum
2334 1906 2763 1974 compunctione
2797 1906 2849 1960 id
2884 1906 3206 1960 dedentibus
3236 1909 3380 1976 quod

1800 1997 1853 2048 in
1903 1997 2050 2065 ipsos
2082 2011 2108 2047 a
2143 1997 2388 2066 tyrannis
2424 1997 2471 2049 vi
2510 1996 2712 2049 factum
2767 2004 2870 2050 est.
2907 1996 3048 2049 Nihil
3084 1997 3228 2051 enim
3261 2013 3382 2065 pec-

1800 2095 2018 2149 carunt,
2054 2087 2303 2140 utetiam
2340 2103 2367 2139 a
2403 2088 2563 2141 nobis
2595 2087 2912 2156 puniantur.
2969 2087 3062 2141 Sin
3097 2101 3276 2142 autem
3309 2090 3380 2142 ab

1799 2181 2091 2249 aliquibus.
2128 2189 2350 2247 propter
2383 2180 2646 2247 majorem
2674 2180 3008 2243 cantionem,
3040 2180 3123 2232 vel
3158 2188 3380 2250 propter

1799 2273 1916 2341 ejus
1973 2272 2118 2342 quod
2159 2271 2274 2324 tieri
2309 2278 2528 2338 oportet
2569 2270 2998 2338 ignorationem,
3053 2287 3080 2323 a
3132 2285 3381 2324 commu-

1798 2365 1962 2416 nionc
2006 2372 2135 2417 sunt
2191 2362 2474 2429 prohibiti,
2532 2370 2590 2414 ut
2625 2363 2814 2415 statim
2871 2361 3207 2429 recipiantur
3258 2377 3383 2415 scn-

1799 2456 2022 2510 tentiam
2060 2454 2252 2506 tulere.
2287 2453 2518 2506 Perinde
2567 2461 2749 2506 autem
2803 2468 2866 2507 ac
2921 2453 2966 2507 si
2999 2453 3230 2506 dixisset
3285 2454 3382 2506 ali-

1797 2546 1944 2614 quis,
1980 2559 2246 2598 canonem
2284 2543 2336 2596 in
2365 2543 2496 2596 solis
2529 2541 2680 2594 laicis
2712 2541 2887 2593 locum
2929 2539 3127 2594 habere
3159 2539 3384 2609 (clerici

1799 2639 1945 2692 cnim
1978 2651 2041 2690 ex
2079 2635 2460 2704 priedictorum
2495 2648 2766 2687 canonum
2799 2633 3072 2685 sententia
3106 2631 3381 2700 recipien-

1799 2739 1955 2797 tur),
1990 2728 2312 2784 intulerunt.
2346 2739 2453 2778 non
2503 2726 2682 2777 solum
2734 2724 3001 2793 ejusmodi
3043 2723 3233 2789 laicos,
3287 2723 3382 2777 sed

1798 2824 1961 2876 etiam
1999 2822 2230 2876 clericos
2260 2820 2544 2873 nobiscum
2577 2819 3006 2878 communicare.
3057 2816 3169 2871 Hoc
3198 2828 3380 2872 autem

1801 2916 2009 2968 dictum
2046 2897 2152 2976 est,
2185 2927 2250 2967 eo
2279 2912 2427 2980 quod
2462 2912 2534 2965 sit
2584 2927 2777 2980 magna
2833 2911 3141 2978 diﬂerentia
3191 2927 3380 2966 eorum

1796 3005 1889 3073 qui
1955 3003 2124 3058 Deum
2189 3013 2384 3071 sponte
2438 3011 2730 3071 negarunt,
2792 3004 3056 3071 quoniam
3114 3003 3382 3075 supplicia

1800 3096 2044 3163 perferre
2077 3111 2183 3148 non
2220 3105 2500 3164 poterant,
2536 3104 2590 3147 et
2619 3109 2809 3148 eorum
2845 3097 2937 3163 qui
2976 3095 3082 3148 tale
3114 3095 3246 3165 quid
3273 3111 3382 3149 non

97 3181 419 3248 ποιηκότων
447 3182 536 3235 διὰ
574 3186 784 3252 φάκτου
809 3188 1033 3254 οἰκείου,
1065 3192 1200 3244 ἀλλὰ
1249 3193 1524 3257 ἀκουσίως
1550 3199 1691 3249 κατὰ

1803 3189 2049 3242 fecerunt
2082 3187 2225 3241 facto
2257 3187 2500 3256 pr0prio,
2534 3188 2629 3242 sed
2661 3187 2816 3240 inviti
2850 3199 2905 3241 et
2937 3203 3031 3262 per
3063 3188 3170 3241 vim
3205 3189 3381 3242 idolo-

95 3271 234 3338 βίον
271 3272 690 3344 ὑποδεξαμένων
748 3279 1072 3334 εἰδωλόθυτα
1120 3283 1151 3352 ἢ
1214 3285 1532 3349 λιϐανωτὸν,
1594 3293 1686 3343 καὶ

95 3364 583 3419 καταπτυσάντων
628 3368 806 3420 αὐτῶν
837 3389 850 3402 ο
904 3373 954 3424 οἱ
991 3375 1092 3442 μὲν
1155 3377 1266 3444 γὰρ
1313 3378 1583 3446 ἥμαρτον,
1613 3381 1687 3443 ὡς

92 3455 351 3518 ἐνδόντες
382 3473 393 3485 ·
429 3457 665 3526 ὤφειλον
699 3462 808 3531 γὰρ
839 3464 1134 3518 ἀποθανεῖν
1182 3467 1269 3518 διὰ
1302 3469 1393 3521 τὸν
1421 3471 1654 3540 Χριστόν
1676 3490 1687 3502 ·

95 3549 154 3599 οἱ
208 3547 259 3599 δὲ
287 3551 426 3601 κατᾶ
482 3551 603 3621 βίαν
656 3553 986 3620 ὑπεδέξαντο
1037 3559 1199 3626 μόνον
1245 3559 1306 3611 τὸ
1369 3562 1690 3624 λιϐανωτὸν,

98 3641 275 3706 ἔργον
302 3642 359 3693 δέ
394 3659 446 3694 »τι
495 3646 593 3696 οὐκ
624 3647 937 3716 ἐνήργησαν
965 3650 1180 3712 ἀσεϐές.
1221 3654 1342 3704 Ὅτι
1373 3655 1504 3721 γοῦν
1538 3657 1688 3707 οὐδὲ]

96 3733 377 3802 ἥμαρτον,
440 3737 532 3787 καὶ
599 3737 1344 3809 κληρωθήσονταιοίλαῖκοὶ,
1402 3746 1497 3798 ἐὰν
1552 3747 1692 3812 ἄξιοι

95 3823 492 3892 εὑρίσκωνται,
527 3827 744 3890 πάντως
768 3829 822 3881 δὲ
855 3832 948 3883 καὶ
973 3834 1022 3882 οἱ
1051 3833 1303 3903 κληρικοὶ
1332 3838 1410 3899 είς
1436 3839 1692 3906 μείζονας

97 3915 354 3983 βαθμοὺς
410 3917 498 3970 διὰ
525 3919 614 3970 τὸν
640 3920 802 3972 αὑτὸν
834 3922 992 3989 λόγον
1016 3927 1685 3999 προαναδιϐασθήσονται.

113 4008 278 4060 Ἐπεὶ
304 4009 359 4059 δὲ
390 4010 618 4078 ᾐτιῶντο
681 4031 825 4076 τινες
881 4017 1233 4082 τούτους,ὡς
1289 4021 1348 4074 τὸ
1395 4025 1694 4094 μαρτύριον

98 4097 380 4164 ςυγόντας
413 4100 507 4152 καὶ
537 4103 1003 4173 κατασχεθέντας,
1033 4105 1187 4162 εἶπον
1216 4110 1266 4160 oi
1299 4112 1538 4181 Πατέρες
1560 4117 1693 4184 μηδὲ

91 4191 170 4240 ἐκ
202 4189 395 4240 τούτου
422 4191 620 4255 αὐτοὺς
681 4195 1039 4262 βλάπτεσθαι.
1097 4201 1207 4252 Καὶ
1243 4202 1463 4264 πάντως
1493 4206 1693 4275 ἄριστα

92 4281 202 4329 καὶ
250 4280 406 4331 τοῦτο
443 4282 861 4353 ἐνομοθέτησαν.
905 4290 1045 4357 Φησὶ
1079 4292 1188 4360 γὰρ
1220 4295 1247 4344 ό
1284 4295 1461 4361 μέγας
1487 4298 1545 4348 ὲν
1578 4298 1696 4351 θεο-

90 4369 262 4440 λογίᾳ.
299 4372 599 4442 Γρηγόριος
623 4377 699 4444 μὴ
754 4378 1033 4443 ἐθέλοντας
1067 4384 1149 4445 εἰς
1210 4384 1302 4436 τὸν
1335 4387 1527 4452 ἀγῶνα
1583 4409 1695 4458 χω-

94 4464 226 4528 ρεῖν
275 4464 446 4530 φειδοῖ
476 4465 583 4517 τῶν
612 4467 915 4522 διωκόντων
955 4473 1050 4525 καὶ
1094 4473 1203 4526 τῶν
1257 4477 1690 4551 ἀσθενεστέρων.

1795 3286 1947 3351 thyla
1977 3291 2362 3349 susceperunt,
2395 3281 2475 3334 vel
2512 3282 2659 3344 thus,
2693 3290 2748 3333 et
2777 3294 2841 3334 ea
2878 3279 3240 3350 desptterunt.
3295 3281 3380 3334 illi

1791 3375 1939 3428 cnim
1961 3383 2443 3442 peccarnnt,utqm
2463 3374 2729 3428 cesserint
2751 3391 2764 3425 :
2789 3372 3058 3426 debebant
3075 3373 3219 3427 enim
3242 3375 3378 3427 muri

1795 3476 2016 3536 pr0pter
2045 3466 2349 3520 Christum.
2401 3465 2500 3531 Qui
2537 3478 2665 3518 vero
2699 3464 2747 3515 vi
2783 3463 2912 3518 thus
2959 3463 3134 3517 solum
3186 3480 3378 3518 susce-

1796 3568 2016 3628 perunt,
2072 3558 2284 3610 nullum
2326 3557 2551 3623 impium
2584 3569 2722 3624 opus
2779 3553 3047 3608 fecerunt.
3105 3553 3374 3620 Quoniam

1795 3666 1926 3718 ergo
1961 3650 2096 3702 nihil
2139 3655 2459 3716 peccarunt,
2495 3647 2614 3699 laici
2650 3661 2869 3715 quoque
2911 3645 3094 3700 clerici
3150 3647 3298 3706 ﬁent.
3331 3649 3374 3702 si

1795 3742 1942 3808 digni
1980 3740 2360 3804 inveniantur;
2390 3738 2613 3791 oumino
2649 3747 2830 3792 autem
2867 3740 3034 3794 etiam
3089 3739 3275 3793 clerici
3310 3739 3376 3792 ad

1806 3834 2038 3902 majores
2066 3834 2264 3900 gratius
2304 3841 2526 3900 propter
2569 3816 2813 3884 eamdem
2872 3832 3136 3885 rationem
3189 3846 3380 3900 prove—

1801 3931 2024 3982 Iicntur.
2081 3930 2352 3994 Quoniam
2397 3938 2582 3980 autem
2619 3928 2866 3981 nonnulli
2903 3943 2996 3982 eos
3027 3930 3377 3989 accusabant,

1800 4032 1858 4074 ut
1887 4023 1976 4089 qui
2013 4021 2334 4090 martyrium
2388 4019 2656 4088 fugissent
2682 4029 2735 4073 et
2773 4020 3012 4073 cunctati
3044 4031 3250 4082 essent,
3298 4021 3364 4074 di-

1801 4125 1996 4168 xerunt
2032 4112 2240 4177 Patres,
2287 4127 2383 4166 eos
2421 4127 2528 4164 non
2586 4112 2708 4165 ideo
2763 4111 2905 4165 laedi.
2959 4110 3024 4165 Et
3066 4111 3288 4165 omnino
3326 4113 3376 4165 id

1800 4207 2000 4272 optime
2037 4210 2356 4258 sanxerunt.
2414 4201 2550 4255 Dicit
2603 4203 2747 4255 enim
2801 4218 3031 4270 magnus
3066 4202 3377 4272 Theologus

1799 4299 2118 4367 Gregorius,
2155 4312 2262 4349 non
2299 4309 2422 4350 esse
2455 4310 2552 4347 sna
2609 4303 2801 4361 sponte
2836 4295 2904 4348 ad
2939 4304 3217 4348 certamen
3252 4311 3375 4362 pro-

1799 4388 2125 4445 cetlendnm,
2164 4396 2221 4438 ιιι
2251 4394 2306 4439 et
2339 4387 2805 4453 persequentibus
2837 4393 2889 4438 et
2921 4384 3375 4440 imbecillioribus

1801 4486 2081 4547 parcatur.
2118 4476 2180 4528 Et
2216 4475 2475 4529 Dominus
2505 4475 2642 4528 dixit
2678 4476 2730 4530 in
2769 4475 3076 4543 Evangeliis
3106 4492 3119 4528 :
3152 4474 3374 4540 Quando

90 4556 212 4607 Καὶ
245 4556 302 4605 ὲν
337 4554 694 4624 Εὑαγγελίοις
716 4561 744 4611 ὁ
773 4564 982 4632 Κύριος
1021 4561 1177 4620 εἶπεν
1207 4586 1219 4599 ·
1251 4570 1430 4624 Ὅταν
1477 4543 1691 4642 diuinam

1803 4588 1890 4623 vos
1921 4586 1982 4624 ea:
2010 4570 2106 4622 Imc
2145 4570 2355 4622 civitate
2397 4579 2790 4637 persequentur,
2831 4568 2995 4637 fugite
3028 4571 3080 4620 in
3122 4568 3282 4620 aliam
3306 4569 3368 4622 ³³.

87 4663 209 4698 σιν
242 4647 393 4714 ὑμᾶς
427 4649 494 4710 ἐκ
529 4651 633 4718 τῆς
658 4656 892 4721 πόλεως
920 4659 1162 4726 ταύτης,
1188 4663 1435 4730 φεύγετε
1461 4671 1548 4730 εἰς
1582 4647 1694 4734 τὴιέ

87 4740 340 4806 ἑτὲέην,
372 4743 464 4793 καὶ
518 4745 587 4796 τὰ
623 4746 723 4810 μὲν
750 4746 843 4798 τοῦ
879 4751 1104 4812 κανόνος
1138 4758 1196 4804 ὲν
1221 4756 1433 4818 τούτοις
1462 4775 1473 4787 ·
1509 4759 1601 4809 τοῦ
1633 4760 1688 4810 δὲ

89 4835 578 4900 -χρηματισθέντος
621 4838 921 4892 ἐπισκόπου
966 4840 1293 4909 Ἀμυκλείου
1331 4846 1498 4916 κυροῦ
1529 4849 1688 4901 Νικο-

88 4927 238 4975 λάου
264 4924 356 4974 τοῦ
410 4925 767 4990 Μουζάλωνος
799 4933 936 4983 κατὰ
981 4933 1101 5000 βίαν
1137 4939 1524 5007 πρακτορικὴν,
1551 4943 1681 4992 ακο-

87 5017 391 5083 γαρέιιτος,
421 5019 516 5068 καί
581 5019 753 5071 πολλὰ
800 5019 1379 5093 παρακλητεύσαντος,
1421 5031 1484 5080 τὸ
1543 5033 1684 5084 κατὰ

93 5110 234 5176 βαν
266 5111 345 5170 εἰς
395 5110 557 5160 αὑτὸν
615 5113 838 5177 γεγονὸς
897 5118 1338 5186 περιαιρεθῆναι,
1395 5126 1488 5173 καὶ
1527 5123 1686 5176 πάλιν

91 5201 354 5265 εκ-εργείν
431 5200 497 5251 τὰ
570 5203 953 5269 ἐπισκοπικὰ,
1022 5208 1050 5258 ὁ
1111 5210 1420 5276 ἁγιώτατος
1482 5217 1688 5274 ἐκεῖνος

87 5291 453 5359 πατριάρχης
514 5294 678 5361 κυρὸς
740 5298 976 5358 Λουκᾶς.
1012 5301 1225 5369 βλέπων
1266 5305 1454 5356 τοῦτον
1486 5323 1688 5373 παρου-

92 5381 366 5443 σιέζοντα
398 5384 535 5449 μετὰ
594 5386 973 5440 ἐπισκοπικῶν
1011 5395 1234 5458 appium
1277 5397 1595 5457 συνοδικῶς,
1625 5401 1684 5448 οὐ

99 5473 444 5540 παρεδέξατο
472 5477 653 5537 αὐτὸν,
707 5480 879 5531 εἰπὼν
908 5482 1003 5545 ὡς,
1064 5489 1109 5534 εί
1142 5486 1241 5551 μὲν
1270 5488 1368 5555 τὴν
1402 5490 1685 5557 συνοδικὴν

85 5565 387 5630 ἐκδίκησιν
419 5567 514 5616 καὶ
552 5567 843 5636 διόρθωσιν
890 5574 1156 5642 ἀνέμενεν
1188 5580 1214 5628 ὁ
1239 5580 1554 5641 ἐπίσκοπος,
1591 5576 1683 5632 εὖ·

90 5674 202 5728 ρεν
238 5656 300 5707 ἂν
335 5659 620 5727 κανονικὴν
654 5660 937 5731 βοήθειαν·
997 5670 1115 5719 ἐπεῖ¹
1146 5669 1201 5720 δὲ
1238 5672 1302 5720 τὰ
1358 5673 1496 5723 κατὰ
1563 5672 1682 5741 βίαν

215 5833 262 5865 9³
291 5833 478 5888 Matth.
513 5853 564 5900 χ,
593 5837 684 5889 £15.
720 5847 730 5874 ¹

439 5935 712 5992 Ριτιιοι..
758 5937 845 5992 {ir-
924 5939 1017 5995 tIX
1039 5942 1080 5995 .‘5.
1102 5943 1136 5996 Χ
1155 5941 1249 5997 Υἒῖ

1806 4663 1869 4715 Et
1902 4663 1954 4714 in
1993 4663 2077 4713 his
2113 4659 2333 4729 quidem
2371 4670 2653 4726 exposnns
2682 4667 2762 4709 est
2796 4673 2993 4710 canon.
3028 4656 3160 4712 Cum
3192 4667 3369 4712 autem

1799 4754 2058 4807 dominus
2106 4750 2364 4804 Nicolans
2400 4749 2674 4806 Mtlzalon,
2724 4748 3031 4817 Amyclzeus
3082 4751 3373 4816 epiSCOpus

1796 4845 1996 4906 dictus,
2024 4845 2072 4894 vi
2100 4858 2128 4894 a
2152 4841 2471 4910 magistratu
2494 4849 2868 4910 tonsusesset,
2887 4839 3119 4910 376M
3144 4844 3368 4908 supplex

1794 4935 2169 4997 contenderet,
2200 4943 2258 4986 ut
2294 4931 2436 5001 quod
2491 4934 2537 4984 vi
2573 4933 2623 4984 in
2678 4900 2800 4984 etim
2839 4931 3036 4985 factum
3065 4944 3183 4986 erat
3219 4934 3371 4986 tolle-

1796 5046 1834 5079 l't
1859 5039 1966 5089 tur,
2000 5037 2050 5078 et
2086 5025 2400 5092 episcopale
2435 5037 2628 5076 rursus
2659 5038 2855 5076 munus
2888 5024 3102 5087 obiret;
3133 5025 3369 5078 sanctis-

1791 5121 1966 5174 simus
1999 5117 2086 5170 ille
2119 5115 2434 5183 patriarcha
2463 5113 2718 5167 dominus
2754 5113 2950 5174 Lucas,
2989 5116 3174 5168 videns
3205 5117 3358 5169 illum

1795 5210 2053 5278 synodice
2091 5222 2214 5260 cum
2276 5205 2519 5257 vestibus
2572 5204 2972 5276 episcopalibus
3023 5218 3367 5273 pl'iEaelllCtli,

1794 5318 1916 5354 eum
1981 5313 2088 5351 non
2159 5296 2412 5359 admisit,
2465 5294 2693 5357 dicens,
2750 5297 2892 5363 quod
2944 5297 2987 5349 si
3035 5300 3369 5365 -synodalem

1799 5392 2017 5460 quidem
2055 5399 2381 5440 sententiam
2440 5396 2492 5438 et
2547 5389 2943 5440 correctionem
3001 5401 3373 5456 exspectaSset

1797 5485 2110 5551 episcopus.
2169 5480 2495 5533 canonicum
2549 5477 2812 5529 auxilium
2869 5479 3211 5535 invenisset:
3275 5486 3370 5534 sed

1798 5576 1923 5643 quia
1969 5581 2148 5623 vestes
2188 5568 2544 5629 monasticas,
2601 5567 2801 5634 quibus
2834 5569 2882 5619 vi
2918 5568 3140 5621 indutus
3175 5569 3369 5635 fuerat,

1797 5665 2102 5719 inordinate
2146 5664 2334 5724 exuit,
2388 5667 2438 5712 et
2470 5658 2572 5712 sibi
2627 5659 2725 5728 ipsi
2769 5659 2861 5727 jus
2894 5661 3053 5726 dixit,
3107 5665 3368 5717 auxilium

2858 5943 2922 6001 3G
