4166 6438
130 401 267 467 1133

1255 404 1336 465 ΙΝ
1375 401 1542 464 CAN.
1585 403 1663 463 IV
1693 402 1908 466 CONC.
1949 401 2215 465 ANCYR.

3239 396 3379 462 1134

121 531 226 577 τις
248 516 317 567 τα
337 513 651 583 ὑπάρχοντα
683 513 888 580 αὐτοῖς,
917 514 950 586 ἢ
984 513 1383 583 ὑπομείναντας
1415 513 1702 583 βασάνους,

1822 512 1892 567 vel
1929 519 2200 567 tormenta
2236 510 2507 582 perpessi,
2558 510 2642 567 vel
2676 510 2732 568 in
2787 525 3068 568 carcerem
3123 513 3381 584 eonjecti,

122 609 157 678 ἦ
186 603 604 675 ἑγκλέισθέντας
632 607 1055 678 δεσμωτηρίοις,
1083 607 1256 663 διόλου
1291 606 1345 658 δὲ
1373 606 1704 676 ὁμολογοῦν⁸

123 717 228 762 τας
273 702 354 754 ὅτι
386 701 707 771 Χριστιανοί
770 701 900 765 είσι,
959 702 1054 752 καὶ
1097 698 1547 770 περισχισθέντα;
1580 697 1708 759 τοὺς

125 793 382 862 χιτῶνας,
434 793 530 846 καὶ
589 792 1000 861 γυμνωθέντας,
1060 794 1154 845 καὶ
1187 793 1217 861 ἢ
1253 794 1334 854 εἰς
1381 791 1477 853 τὰς
1519 790 1707 859 χεῖρας

125 884 311 937 αὐτῶν
360 887 497 953 πρὸς
551 884 670 954 βίαν
729 885 970 936 ἀκόντων
1001 884 1224 938 ἐκείνων
1278 881 1627 952 ἐμϐαλόντων
1656 897 1708 932 τι

123 976 238 1026 τῶν
269 976 627 1046 βιαζομένων,
653 973 763 1030 οἷον
809 977 1109 1036 λιϐανωτὸν
1143 976 1174 1046 ἢ
1203 974 1390 1044 ἕτερόν
1419 992 1469 1027 τι
1499 973 1578 1034 εἰς
1612 971 1705 1024 θυ-

125 1070 252 1126 σῐαν
275 1072 388 1132 τοῖς
422 1070 844 1140 εἰδωλολάτραις
867 1068 1321 1140 προσαγομένων,
1355 1068 1388 1137 ἢ
1433 1065 1630 1137 βρῶμά
1657 1081 1709 1118 τι

123 1160 237 1210 τῶν
300 1160 666 1216 εἰδωλοθύτων
698 1163 1029 1229 δεξαμένους
1079 1164 1159 1224 εἰς
1200 1163 1262 1218 τὸ
1321 1160 1519 1230 στόμα,
1572 1159 1710 1230 πρὸς

124 1255 377 1322 ἁοαγκης
412 1254 546 1306 αὐτὸ
573 1255 681 1307 τῶν
721 1255 959 1324 βιαστῶν
983 1254 1354 1323 ἐμϐαλόντων,
1382 1253 1510 1316 τοὺς
1539 1251 1712 1305 τοιοῦ-

123 1344 226 1396 τόν
281 1360 336 1396 τι
393 1345 771 1410 πεπονθότας,
842 1346 1080 1415 βοῶντας
1136 1345 1193 1397 δὲ
1238 1345 1412 1397 διόλου
1461 1347 1541 1397 ὅτι
1604 1343 1714 1396 εἰσὶ

126 1438 468 1506 Χριστιανοὶ,
525 1440 618 1493 καὶ
651 1438 740 1492 διά
793 1438 950 1493 τοῦτο
996 1438 1351 1501 πενθοῦντας,
1412 1438 1507 1490 καὶ
1537 1439 1601 1508 τῇ
1650 1453 1710 1490 τε

126 1532 441 1600 καταστολῇ
471 1531 566 1583 καὶ
589 1530 666 1601 τῷ
704 1531 945 1600 σχήματι
1007 1532 1068 1584 τὸ
1114 1531 1314 1594 πένθος
1365 1529 1714 1599 ἐνδεικνυμέ-

126 1640 255 1684 νους
286 1624 622 1692 (καταστολὴ
645 1625 700 1678 δὲ
734 1626 812 1676 τδι
847 1626 1068 1696 μέτριον
1123 1628 1216 1678 καὶ
1277 1624 1713 1693 κατεσταλμένον

124 1713 228 1769 τοῦ
259 1715 424 1783 ἤθους
479 1716 733 1787 ἐστὶν),ῆ
781 1717 847 1770 τὰ
900 1718 1291 1788 περιϐλήματα
1321 1715 1472 1787 καὶὴ
1506 1715 1667 1786 στολή
1693 1731 1710 1749 ο

129 1807 324 1875 σχῆμα
351 1808 430 1871 δὲ,
463 1809 495 1876 ἠ
531 1807 731 1872 ἔξωθεν
761 1811 1065 1880 φαινομένη
1093 1811 1390 1880 κατήφεια,
1419 1811 1517 1880 τὴν
1532 1808 1714 1882 λύπην

123 1898 390 1966 δηλοῦσα,
421 1900 448 1952 ὃ
485 1902 577 1953 καὶ
611 1900 727 1968 βίον
787 1901 1158 1972 ταπεινότητα
1214 1902 1501 1972 ὠνόμασεν
1555 1903 1582 1955 ὁ
1613 1919 1705 1953 καο

125 1988 238 2042 νὼν
271 2006 285 2020 ·
337 1990 560 2056 τούτους
611 1989 704 2046 οὖν
758 1995 925 2063 μηδὲν
986 1995 1305 2064 ἁμαρτῆσαι
1351 1996 1400 2048 οἱ
1469 1995 1712 2064 Πατέρβς

127 2084 300 2148 φασίν
325 2099 338 2114 ·
401 2082 529 2138 οὔτε
581 2085 688 2155 γὰρ
719 2086 781 2137 τὸ
812 2085 1161 2142 εἰδωλόθυτόν
1218 2104 1270 2138 τι
1299 2086 1534 2149 ἄκοντας
1565 2087 1716 2152 δέξας

127 2177 261 2228 σθαι
295 2176 373 2238 είς
408 2177 469 2229 τὸ
532 2179 729 2247 στόμα,
786 2177 910 2231 οὔτε
935 2178 994 2232 τὸ
1023 2182 1082 2232 ὲν
1135 2181 1256 2243 ταῖς
1301 2178 1490 2248 χερσὶν
1538 2179 1717 2231 αὐτῶν

127 2267 468 2338 ἐκϐληθῆναι
507 2267 805 2327 λιϐανωτὸν
838 2269 1086 2340 ἁμαρτία
1114 2271 1286 2332 ἐστὶν,
1319 2271 1367 2323 ει
1397 2271 1592 2323 ἐκεῖνοι
1623 2269 1718 2322 καὶ

123 2359 339 2419 τούτων
359 2364 662 2431 γινομένων
697 2362 1067 2422 ἐπεκαλοῦντο
1097 2362 1156 2417 τὸ
1210 2364 1382 2432 ὄνομα
1439 2363 1536 2416 τοῦ
1582 2363 1717 2432 Χριο

131 2451 290 2516 στοῦ,
336 2455 431 2507 καὶ
474 2456 608 2506 Θεὸν
657 2455 974 2524 ὡμολόγουν
1024 2455 1220 2508 αὐτόν·
1278 2455 1373 2508 καὶ
1425 2455 1500 2518 ὡς
1551 2455 1718 2523 μηδὲν

136 2547 589 2616 ἁμαρτάνοντας,
623 2549 699 2616 μὴ
741 2547 1048 2600 κωλύεσθαι
1092 2547 1192 2614 τῆς
1229 2547 1514 2610 κοινωνίας
1577 2564 1718 2616 παρ-

127 2640 514 2702 εκελεύσαντο.
550 2640 670 2694 Κᾶν
719 2658 864 2703 τινες
901 2640 1030 2703 ίσως
1066 2640 1438 2710 ἀγνοήσαντες
1460 2639 1520 2691 τὸ
1550 2655 1721 2708 προσ-

129 2735 297 2802 ῆκον,
323 2734 356 2804 ἢ
400 2732 564 2786 πλέον
588 2731 684 2786 τοῦ
715 2733 928 2796 δέοντος
955 2733 1056 2802 τῆς
1100 2733 1389 2803 ἀκριϐείας
1444 2733 1716 2803 ἐχόμενοι,

130 2824 422 2884 ἐκώλυσάν
484 2842 638 2887 τινας
693 2826 792 2894 τῆς
868 2825 1176 2889 κοινωνίας,
1249 2825 1410 2886 εὐθὺς
1464 2825 1719 2894 δεχθῆναι

127 2917 362 2979 τούτους
421 2917 894 2986 ὲγνωμοδότησαν,
937 2919 1040 2978 κᾶν
1096 2934 1154 2970 τε
1214 2917 1324 2971 τῶν
1373 2915 1467 2969 τοῦ
1512 2917 1719 2986 κλήρου

128 3004 303 3080 ἦσαν,
345 3008 446 3061 κᾶν
469 3026 529 3061 τε
559 3009 777 3062 τῶντοῦ
813 3009 964 3063 λαοῦ.
1004 3011 1272 3063 Τοσοῦτον
1319 3010 1397 3071 δὲ,
1430 3010 1620 3077 φασὶν,
1655 3009 1718 3061 ού

129 3100 522 3168 λογισθήσεται
553 3100 620 3153 τι
649 3101 763 3154 ἀνω
793 3103 1061 3172 εἰρημένα
1093 3103 1175 3164 είς
1208 3103 1541 3172 ἁμάρτημα,
1578 3101 1718 3154 ὥστε

1808 614 2074 674 perpetuo
2107 613 2313 669 tamen,
2349 604 2598 663 vestibus
2651 620 2872 676 quoque
2919 607 3236 665 dilaceratis
3261 626 3385 666 cor-

1808 697 2043 766 poriqne
2072 696 2364 762 detractis,
2417 712 2538 753 sese
2574 695 2926 755 Christianos
2971 715 3094 757 esse
3147 701 3382 772 professi

1808 794 1975 852 sunt;
2028 788 2245 844 etiamsi
2283 788 2365 843 vel
2398 789 2603 860 aliquid
2645 804 2743 859 per
2799 791 2906 844 vim
2959 797 3383 863 repugnantium

1809 883 2060 938 manibus
2085 885 2158 939 sit
2189 882 2472 954 injectum,
2500 885 2628 940 thus
2652 883 2906 940 videlicet
2935 894 3027 939 aut
3056 886 3208 942 aliud
3229 888 3384 958 quid.

1811 975 1957 1045 piam
2001 991 2216 1043 eorum,
2268 991 2390 1046 quae
2417 977 2469 1030 in
2501 976 2769 1032 idolorum
2809 977 3096 1034 sacriﬁciis
3131 979 3383 1037 adhiberi

1812 1066 1972 1121 solita
2004 1077 2154 1131 sunt,
2191 1068 2276 1122 vel
2307 1067 2417 1123 cibi
2466 1067 2673 1137 aliquid
2705 1084 2772 1124 ex
2808 1069 3108 1124 immolatis
3142 1086 3238 1141 per
3274 1073 3383 1126 vim

1811 1173 1842 1215 a
1878 1160 2226 1217 coactoribus
2264 1161 2572 1220 immissum
2601 1175 2696 1215 ore
2726 1163 3137 1235 excepere,,qui
3176 1164 3384 1234 aliquid

1812 1256 2080 1326 ejusmodi
2138 1257 2389 1328 perpessi
2443 1257 2675 1322 fuerint,
2733 1256 3076 1315 Christianos
3147 1275 3208 1315 se
3266 1277 3388 1318 esse

1814 1347 2176 1404 nihilominus
2217 1349 2426 1404 interea
2458 1349 2831 1417 clamitantes,
2873 1360 3036 1421 atque
3065 1355 3135 1406 ob
3164 1353 3218 1410 id
3241 1354 3387 1424 quod

1816 1438 2020 1492 laetum
2056 1438 2160 1492 fuit
2197 1439 2469 1505 dolentes,
2505 1454 2569 1494 ac
2600 1442 2847 1499 dolorem
2895 1443 3227 1503 demissione
3289 1446 3391 1502 ba-.-

1814 1531 2042 1602 bituque
2070 1547 2180 1602 pra:
2209 1547 2269 1587 se
2298 1531 2538 1592 ferentes
2563 1533 2667 1602 (est
2697 1544 2877 1596 autem
2913 1538 3163 1594 remissio
3202 1537 3391 1597 Graece

1816 1621 2145 1693 καταστολὴ,
2207 1623 2491 1693 aequabilis
2523 1639 2587 1678 ac
2635 1625 2914 1688 moderata
2969 1643 3180 1686 morum
3239 1644 3394 1686 com-

1817 1714 2058 1784 positio;
2113 1715 2366 1784 quamvis
2417 1715 2611 1770 eodem
2667 1717 2833 1775 verbo
2889 1720 3124 1778 amictus
3173 1735 3394 1790 quoque

1816 1817 2156 1880 ornatusque
2211 1808 2463 1876 corporis
2507 1808 2811 1877 signiﬁcari
2889 1818 3054 1880 queat
3107 1829 3120 1864 :
3172 1811 3394 1868 habitus

1817 1916 1969 1965 vero,
2001 1900 2189 1958 Graece
2220 1900 2428 1970 σχῆμα.
2460 1899 2682 1954 tristitia
2717 1902 3062 1959 extrinsecus
3101 1918 3392 1975 apparens,

1816 1994 2040 2047 condita
2071 2008 2210 2064 oquc
2268 1993 2456 2046 animo
2514 2008 2807 2051 mairorem
2874 1994 3168 2061 indicans,
3227 2013 3393 2067 quam

1817 2088 1980 2142 etiam
2021 2087 2148 2142 vitae
2202 2086 2566 2140 humilitatem
2617 2101 2795 2140 canon
2836 2087 3190 2157 appellavit);
3225 2090 3293 2143 ab
3327 2091 3395 2145 iis

1818 2193 1951 2247 ergo
1985 2176 2121 2233 nihil
2157 2185 2444 2244 peccatum
2482 2190 2605 2230 esse
2637 2175 2829 2235 Patres
2885 2189 3164 2234 asserunt.
3212 2178 3397 2250 Neque

1816 2273 1989 2333 enim,
2021 2270 2168 2340 quod
2202 2270 2284 2322 vel
2321 2268 2685 2340 idolothytum
2715 2284 2811 2323 ore
2843 2270 2925 2324 vel
2967 2271 3111 2340 quod
3146 2275 3272 2334 thus
3303 2281 3398 2328 aut

1818 2362 2024 2430 aliquid
2085 2359 2264 2414 simile
2319 2360 2599 2423 manibus,
2651 2363 2904 2416 nolentes
2957 2364 3293 2432 exceperint,
3343 2365 3396 2421 id

1820 2451 2070 2508 criminis
2139 2452 2258 2506 loco
2305 2451 2437 2521 poni
2478 2452 2676 2517 debet;
2726 2451 2772 2506 si
2827 2461 3006 2507 tamen
3059 2454 3134 2510 illi
3188 2454 3398 2512 interea

1821 2560 2058 2615 quoque,
2097 2545 2224 2601 dum
2264 2543 2380 2597 hazc
2418 2544 2656 2606 tierent,
2692 2541 2974 2598 Christum
3025 2547 3396 2616 appellabant,

1820 2637 1981 2711 377
2017 2636 2294 2705 Deumque
2324 2635 2505 2705 ipsum
2542 2649 2667 2689 esse
2693 2636 3133 2704 profitebantur:
3170 2655 3233 2696 ac
3275 2650 3402 2696 tan.

1821 2744 1985 2797 quam
2021 2727 2155 2784 nulli
2186 2728 2363 2797 culpae
2393 2726 2607 2792 aliincs,
2659 2727 2809 2782 nullo
2857 2730 3021 2786 modo
3070 2745 3101 2784 a
3149 2745 3395 2787 commu-

1823 2822 1990 2877 nione
2015 2820 2286 2876 arcendos
2321 2835 2444 2875 esse
2476 2820 2800 2877 dclinivere.
2835 2821 2993 2888 Quod
3027 2825 3073 2879 si
3103 2827 3399 2916 nonnullos

1823 2914 2008 2977 etiam,
2042 2912 2320 2983 aequitatis
2350 2911 2490 2967 forte
2537 2913 2908 2982 ignoratione,
2959 2925 3054 2972 aut
3084 2918 3205 2988 plus
3247 2911 3400 2988 justo

1824 3005 2200 3074 diligentiores
2235 3005 2402 3074 aliqui
2435 3006 2822 3060 communione
2857 3007 3258 3077 prohibuerint,
3284 3013 3401 3068 sivo

1823 3113 1853 3151 e
1883 3102 2031 3153 clero
2062 3099 2141 3152 illi
2177 3098 2292 3152 sive
2322 3113 2352 3153 e
2386 3097 2590 3168 populo
2618 3096 2857 3164 fuerim,-
2889 3099 3253 3160 admittendos
3279 3118 3402 3159 esse

131 3193 244 3244 κᾶν
273 3192 460 3256 λαῖκός
488 3189 631 3265 τιςῇ
671 3195 696 3246 ό
750 3194 922 3246 ταῦτα
970 3195 1293 3263 ὑπομείνας,
1346 3193 1719 3264 κωλυθήσεται

1827 3192 1971 3246 illico
2032 3190 2345 3246 decrevere.
2397 3190 2632 3247 Tantum
2700 3205 2867 3260 porro
2923 3193 3098 3260 abest,
3162 3205 3225 3250 ut
3281 3211 3402 3266 qua:

129 3284 227 3341 διὰ
251 3284 424 3339 ταῦτα
477 3288 556 3347 είς
585 3285 890 3355 ἱερωσύνην
935 3286 1394 3356 προϐιϐασθῆναι,
1461 3287 1508 3336 εί
1549 3285 1577 3336 ὁ
1609 3284 1721 3353 βίος

136 3374 315 3430 αὐτοῦ
344 3375 372 3427 ὀ
401 3376 508 3446 πρδ
539 3375 730 3430 τούτου
763 3377 1132 3448 ἀνεπίληπτος
1159 3373 1226 3448 ἦν
1258 3380 1355 3436 καὶ
1395 3376 1573 3449 ὀρθῶς
1621 3391 1719 3430 πε-

133 3466 448 3522 πολίτευτο.

133 3734 365 3788 ΔΡΙΣΤ.
422 3752 439 3784 ι
476 3733 536 3785 Oi
571 3729 996 3801 βασανισθέντες
1027 3729 1119 3781 καὶ
1165 3728 1479 3798 βιασθέντες
1505 3728 1722 3796 ἀληθῶς

225 3847 242 3879 ι
285 3829 383 3880 καὶ
435 3826 576 3893 μετά
605 3824 919 3896 τυραννίδος
961 3823 1229 3894 βρώματα
1276 3822 1533 3886 λαϐόντες
1567 3821 1721 3880 εἱδῶ-

233 3941 251 3976 ι
291 3923 407 3982 λου,
461 3920 560 3987 τῆς
620 3917 905 3979 κοινωνίας
974 3916 1048 3986 μὴ
1111 3916 1530 3970 κωλυέσθωσαν.
1616 3916 1725 3969 Καὶ

227 4033 247 4066 ι
286 4012 468 4066 λαῖκοὶ
505 4011 560 4064 δὲ
589 4010 749 4064 τοῦτο
789 4009 1075 4072 παθόντες,
1122 4011 1197 4072 ῶς
1224 4009 1377 4061 οὐδὲν
1412 4009 1728 4078 ἡμαρτηκό-

238 4125 257 4159 ι
300 4123 411 4171 τες,
450 4106 498 4158 εί
571 4103 848 4173 βούλοιντο
880 4103 1219 4172 χειροτονίας
1255 4104 1459 4171 τυχεῖν,
1519 4117 1726 4172 τυγχα-

235 4218 257 4252 ε
295 4198 565 4258 νέτωσαν,
609 4194 784 4256 ἄλλως
816 4195 1174 4262 ἀνεπίληπτοι
1204 4192 1376 4256 ὅντες.
1421 4211 1438 4245 ι

218 4293 280 4343 Οί
320 4289 458 4360 μετά
513 4288 764 4358 βασάνων
815 4285 1167 4339 εἰδωλόθυτον
1213 4285 1410 4356 βρῶμα
1469 4283 1724 4348 δέξασθαι

141 4385 463 4458 βιασθέντες
498 4384 608 4438 τῶν
661 4380 957 4451 βιαζόντων
987 4380 1062 4448 τῷ
1095 4379 1324 4447 στόματι
1356 4378 1535 4430 αὐτῶν
1569 4375 1728 4430 τοῦτο

139 4477 500 4548 ἐμϐαλόντων
566 4473 707 4543 μετὰ
749 4474 1016 4541 ἀνάγκης,
1086 4471 1348 4534 ὡσαύτως
1403 4472 1459 4524 δὲ
1521 4470 1615 4521 καὶ
1674 4468 1724 4519 οἱ

138 4568 579 4638 τοιουτοτρόπως
609 4566 910 4620 λιϐανωτὸν
940 4567 1021 4627 εἰς
1065 4566 1163 4624 τὰς
1196 4565 1384 4634 χεῖρας
1429 4563 1608 4616 αὐτῶν
1643 4561 1726 4614 δε-

141 4663 399 4732 ξάμενοι,
432 4660 692 4728 καὶπρὸς
737 4659 858 4726 βίαν
890 4660 969 4721 είς
1010 4658 1103 4709 τὸν
1151 4656 1381 4725 τρίποδα
1441 4654 1729 4725 ὲκιρρίψαι

139 4753 313 4806 τοῦτο
357 4750 939 4818 καταναγκασθέντες·
1000 4748 1393 4818 ὁμολογοῦντες
1433 4747 1491 4800 δὲ
1552 4747 1729 4799 διόλου

140 4847 234 4898 ὅτι
281 4844 389 4895 εἰσὶ
420 4842 756 4913 Χριστιανοὶ,
790 4842 884 4894 καὶ
942 4840 1137 4892 τούτου
1171 4839 1481 4908 συμϐάντος
1537 4838 1730 4899 πένθος

141 4939 240 4994 ἀεὶ
263 4929 806 5001 ἐπιδεικνύμενοιίτῇ
856 4932 1001 5001 πάσῃ
1035 4931 1343 4999 καταστολῇ
1379 4929 1474 4984 καὶ
1498 4929 1576 4996 τῷ
1603 4930 1734 4999 σχή-

148 5044 312 5096 ματι,
343 5026 436 5078 καὶ
474 5027 539 5092 τῇ
571 5023 664 5076 τοῦ
720 5023 833 5093 βίου
865 5024 1240 5089 ταπεινότητι,
1303 5015 1452 5074 οὗτοι
1505 5021 1579 5084 ὡς
1629 5021 1734 5086 ἔξω

145 5117 555 5187 ἁμαρτήματος
577 5114 758 5176 ὄντες,
805 5114 906 5182 τῆς
949 5111 1236 5175 κοινωνίας
1290 5113 1366 5184 μὴ
1413 5110 1734 5164 κωλυέσθω-

148 5226 284 5268 σαν,
316 5204 432 5258 ἀλλ’
455 5205 513 5256 ὲν
544 5206 609 5274 τῇ
642 5205 820 5273 οἰκεία
840 5206 976 5274 τιμῇ
1013 5203 1347 5272 μενέτωσαν.
1377 5205 1438 5256 Ei
1465 5203 1521 5254 δὲ
1556 5201 1733 5255 λαῖκοί

144 5301 296 5350 εἰσιν
325 5297 374 5348 οἱ
404 5294 660 5358 τοιοῦτοι,
694 5295 788 5346 καὶ
825 5293 1102 5364 βούλοιντο
1145 5293 1481 5364 χειροτονίας
1531 5293 1732 5361 τυχεῖν,

143 5381 590 5451 τυγχανέτωσαν,
626 5383 774 5434 me
822 5381 1116 5450 προλαϐὼν
1171 5381 1286 5450 βίος
1339 5381 1526 5433 αὐτῶν
1583 5383 1732 5434 ἐστιν

143 5475 562 5542 ἀνεπίληπτος·
618 5474 685 5525 ἐκ
730 5473 922 5524 τούτου
975 5475 1138 5540 μόνου
1197 5474 1259 5526 οὐ
1322 5473 1734 5542 κωλυθήσονται

141 5566 255 5634 τῆς
306 5564 559 5634 τοιαύτης
589 5566 869 5633 ιπιτυχείν
921 5565 1110 5634 τιμῆς.

770 5657 1006 5716 ΚΔΝΩΝ
1037 5657 1110 5710 Δ’.

155 5767 179 5802 ι
220 5748 358 5816 Περὶ
394 5747 502 5800 τῶν
541 5748 678 5819 πρὸς
717 5748 838 5818 βίαν
872 5748 1174 5815 θυσάντων,
1205 5751 1298 5802 ἐπὶ
1319 5749 1376 5803 δὲ
1411 5748 1622 5812 τούτοις
1641 5749 1736 5802 καὶ

231 5857 251 5892 ι
295 5837 397 5890 τῶν
414 5838 818 5908 δειπνησάντων
842 5843 920 5904 εἷς
947 5843 1013 5895 τὰ
1043 5842 1238 5898 εἴδωλα
1265 5843 1376 5896 ὅσοι
1406 5841 1502 5906 μὲν
1525 5843 1736 5910 ἀπαγό-

1825 3298 1988 3353 supra
2026 3283 2607 3346 commemoravimus,
2634 3283 2852 3337 crimini
2904 3284 3013 3338 sint
3045 3287 3313 3355 ducenda,
3342 3299 3398 3343 ut

1822 3373 2038 3428 etiamsi
2096 3372 2236 3426 laico
2290 3373 2496 3426 homini
2535 3372 2768 3443 cuipiam
2801 3374 3122 3443 perferenda
3172 3378 3398 3450 iuerint,

1825 3465 1960 3525 nihil
1986 3476 2188 3528 tamen,
2216 3463 2377 3517 modo
2402 3465 2570 3517 vitam
2598 3465 2798 3534 alioqui
2834 3468 3150 3543 suSpicione
3174 3485 3397 3531 vacuam

1826 3572 1888 3612 ac
1917 3557 2204 3627 probatam
2235 3556 2564 3619 traduxerit,
2606 3557 2904 3625 quominus
2937 3559 3000 3613 ad
3033 3574 3223 3617 sacros
3250 3564 3399 3621 ordi-

1827 3665 1923 3703 nes
1960 3648 2118 3703 evehi
2152 3649 2336 3710 liccat,
2367 3648 2588 3704 obstare
2612 3649 2801 3708 velint.

1826 3739 2054 3794 ARIST.
2096 3758 2114 3792 ι
2151 3739 2254 3806 Qui
2292 3741 2577 3797 tormentis
2607 3741 2836 3810 subjecti
2865 3749 2918 3796 et
2968 3743 3072 3798 vim
3102 3762 3224 3800 verc
3256 3751 3400 3817 passi

1905 3849 1922 3881 ι
1969 3839 2116 3897 sunt,
2149 3840 2204 3884 et
2238 3839 2359 3900 post
2385 3831 2730 3902 tyrannidem
2759 3834 2940 3887 cibum
2975 3836 3133 3891 idolis
3156 3836 3400 3894 oblatum

1906 3943 1924 3977 ι
1972 3934 2216 3983 sumunt.
2269 3938 2298 3975 a
2340 3924 2725 3979 cOmmunione
2759 3941 2826 3978 ne.
2869 3927 3279 4000 prohibeantur.
3337 3932 3403 3985 Et

1908 4033 1926 4067 ι
1972 4013 2090 4068 laici
2125 4015 2225 4067 hoc
2257 4014 2424 4082 passi,
2460 4025 2518 4067 ut
2552 4015 2684 4069 nihil
2716 4020 3064 4085 transgressi,
3112 4020 3156 4074 si
3190 4021 3286 4074 ord
3314 4038 3406 4083 nae

1907 4125 1925 4157 ι
1971 4108 2168 4161 tionem
2221 4105 2386 4162 velint
2430 4107 2714 4175 consequi,
2767 4120 3196 4179 causisquantur,
3244 4116 3404 4172 modo

1906 4219 1924 4250 ‹
1973 4199 2022 4256 al
2049 4209 2128 4253 tcr
2162 4198 2418 4267 inculpati
2450 4199 2576 4252 sint.
2600 4218 2618 4252 ι

1900 4289 2004 4355 Qui
2059 4304 2184 4343 cum
2243 4291 2534 4345 tormentis
2605 4291 2786 4346 cibum
2854 4292 3012 4351 idolis
3065 4295 3401 4353 immolatum

1832 4381 2075 4450 recipere
2107 4380 2280 4435 coacti
2311 4392 2457 4444 sunt,
2495 4381 2640 4445 istis,
2688 4384 2780 4453 qui
2817 4400 2912 4440 eos
2961 4395 3181 4455 cngunt,
3235 4388 3289 4442 in
3342 4405 3404 4447 os

1831 4487 2023 4526 eorum
2078 4470 2210 4525 illud
2267 4472 2531 4527 violenter
2582 4472 2976 4543 injicientibus;
3039 4477 3291 4537 similiter
3350 4492 3406 4535 ct

1829 4563 1875 4617 si
1930 4564 2058 4615 thus
2105 4561 2295 4616 eodem
2350 4563 2511 4616 modo
2552 4564 2604 4616 in
2647 4576 2841 4620 manus
2874 4556 3003 4620 Suas
3035 4567 3317 4638 recipiant,
3352 4580 3408 4633 et

1834 4653 1965 4712 illud
2011 4669 2103 4722 per
2130 4654 2235 4704 vim
2269 4653 2319 4706 in
2353 4653 2620 4724 tripodem
2669 4655 2891 4726 injicere
2934 4661 3201 4727 compulsi
3254 4663 3406 4727 sint;

1834 4744 1927 4798 scd
1963 4744 2290 4804 conﬁtentur
2320 4746 2545 4802 omnino
2572 4761 2630 4801 se
2662 4763 2782 4802 esse
2807 4748 3171 4814 Christianos,
3202 4763 3254 4806 et
3285 4768 3409 4808 cum

1836 4836 1940 4889 hoc
1997 4834 2304 4903 contigerit.
2363 4837 2565 4892 luctum
2621 4841 2769 4894 omni
2821 4842 3085 4900 modestia
3118 4851 3171 4897 et
3218 4843 3405 4905 habitu

1833 4936 1887 4980 ct
1919 4928 2041 4979 vitae
2075 4927 2378 4985 humilitate
2412 4929 2729 4992 ostendunt,
2783 4930 2858 4995 hi,
2889 4939 2945 4985 ut
2975 4934 3066 5001 qui
3100 4944 3226 4988 sunt
3255 4950 3404 4988 extra

1837 5027 2140 5087 peccatum,
2202 5034 2232 5072 a
2283 5020 2664 5076 communione
2714 5037 2782 5076 ne
2833 5035 3142 5090 arceantur,
3204 5027 3297 5080 sed
3351 5027 3405 5080 in

1835 5108 2058 5176 proprio
2112 5109 2318 5164 honore
2383 5118 2657 5165 maneant.
2758 5111 2814 5165 Si
2874 5123 3054 5169 autem
3110 5115 3248 5170 tales
3299 5117 3411 5170 sint

1837 5201 1956 5253 laici
1989 5209 2041 5253 et
2072 5200 2431 5255 ordinationis
2461 5213 2741 5272 compotes
2772 5220 2893 5260 esse
2923 5207 3171 5275 cupiunt,
3217 5222 3411 5262 consc-

1836 5301 2096 5362 quantur,
2128 5293 2172 5348 si
2209 5293 2520 5362 praecedens
2545 5310 2734 5349 eorum
2761 5298 2869 5350 vita
2904 5299 3179 5367 inculpata
3210 5299 3405 5355 fuerit:

1836 5400 1899 5436 ex
1943 5398 2008 5438 eo
2049 5384 2316 5452 ejusmodi
2354 5385 2579 5440 honoris
2633 5387 2921 5457 participes
2955 5403 3079 5444 esse
3125 5405 3191 5444 ne
3220 5390 3408 5458 prohi-

1841 5474 2092 5528 beantur.

2437 5652 2667 5707 CANON
2721 5652 2810 5707 IV.

1846 5767 1862 5798 ι
1903 5746 1976 5801 De
2009 5747 2096 5810 iis,
2128 5746 2218 5816 qni
2257 5745 2304 5799 vi
2344 5747 2746 5811 sacriﬁcarunt,
2795 5755 2849 5801 et
2883 5753 3140 5816 praeterea
3172 5745 3237 5799 ad
3273 5745 3414 5800 idola

1919 5860 1935 5892 σ
1985 5840 2170 5909 pransi
2221 5849 2371 5906 sunt,
2423 5840 2736 5910 quicunque
2785 5839 3004 5895 abducti
3051 5838 3311 5908 quidem.
3361 5844 3416 5894 et
