4164 6426
191 312 354 382 1145

267 718 290 749 ε
333 720 443 768 σαι,
479 709 684 762 καὶτὸν
714 711 872 765 ἄλλον
905 714 1019 784 βίον
1073 720 1158 785 ἐφ’
1198 722 1427 773 ἑκάστου
1461 723 1726 786 ἐξετάσαι.
1763 747 1780 777 ι

262 876 467 930 ΒΑΛΣ.
502 883 658 944 Τινὲς
713 889 895 940 πιστοὶ
927 890 1243 961 εὖρεθέντες
1303 898 1360 949 ἑν
1396 896 1602 967 χώραις
1627 899 1785 951 ἀλλο-

183 970 380 1020 εθνῶν
408 974 546 1024 κατά
576 993 695 1027 τινα
729 979 918 1044 καιρὸν
974 983 1168 1051 ἑορτῆς
1199 984 1419 1054 ἐθνικῆς
1479 989 1785 1055 συνέφαγον

179 1061 418 1144 ⁴τούτοις
448 1067 507 1117 ἐν
541 1067 693 1136 τόπῳ
725 1072 829 1121 τινὶ
866 1072 1236 1144 ἀφωρισμένῳ
1270 1080 1350 1139 είς
1417 1078 1575 1130 τοῦτο
1630 1081 1780 1134 αὐτὸ.

183 1139 332 1201 Ὀτι
361 1153 415 1203 δὲ
445 1154 545 1205 οὐκ
578 1150 718 1224 ἦσαν
750 1158 816 1209 τὰ
866 1139 1130 1229 βρώματα
1367 1167 1620 1230 ἐθνικῶν,
1669 1172 1780 1221 ἀλλ’

179 1242 403 1305 οἰκεῖα,
463 1245 656 1312 ἧθεὶον
713 1251 1119 1319 συντηρηθῆναι
1193 1255 1592 1312 ἀκαταιτίατοι.
1647 1261 1781 1310 Φασὶ

177 1334 334 1394 γοῦν
359 1335 684 1404 οίΠατέρες
739 1338 911 1400 ὠς,εί
968 1345 1060 1394 καὶ
1135 1346 1210 1415 μὴ
1260 1347 1635 1418 ἐμολύνθησαν
1692 1350 1780 1402 διὰ

179 1422 512 1491 βρωμάτων
550 1431 836 1496 μυσαρῶν,
887 1433 1004 1484 ἀλλ’
1038 1437 1163 1487 ἐπεὶ
1220 1440 1584 1492 συνανέπεσον
1641 1443 1777 1509 μετὰ

179 1520 472 1581 απτστων,
507 1519 603 1571 καὶ
637 1520 723 1573 διὰ
764 1523 954 1592 κοινῆς
992 1528 1271 1596 τραπέζης
1308 1531 1775 1601 συνεκοινώνησαν

177 1607 392 1678 ὥσπερ
475 1611 665 1672 αὐτοῖς
721 1615 1102 1684 ἑορτάζουσιν,
1176 1621 1775 1690 ἐπιτιμηθήσονταιεὶς

183 1701 522 1754 ὑπόπτωσιν
556 1702 648 1755 ἐπὶ
681 1703 920 1758 διετίαν
949 1707 1045 1759 καὶ
1066 1709 1204 1776 μετὰ
1234 1708 1392 1764 τοῦτο
1417 1714 1772 1782 δεχθήσονται

179 1793 344 1844 κατὰ
370 1795 694 1873 δοκιμασίαν
740 1800 833 1851 τοῦ
898 1801 1226 1867 ἐπισκόπου,
1278 1804 1389 1855 εἴτε

180 1888 515 1949 κοινωνίαν,
575 1885 682 1941 εἴτε
725 1893 818 1944 καὶ
851 1895 932 1952 εἰς
986 1895 1148 1959 ἁγίαν
1204 1897 1532 1966 μετάληψιν.
1581 1900 1646 1950 Τί
1699 1901 1776 1964 δὲ,

179 1977 296 2029 ἐὰν
341 1979 414 2047 μὴ
441 1982 582 2032 κατὰ
623 1981 714 2034 τὸν
746 1983 1079 2051 ἑορτάσιμον
1136 1989 1351 2056 καιρὸν,
1395 1989 1781 2061 ἁλλ’ἐνὲτέρᾳ

176 2071 384 2147 ἡμέρᾳ
423 2072 515 2123 καὶ
550 2075 604 2124 ἐν
637 2071 809 2142 ἑτέρῳ
837 2074 986 2145 τόπῳ
1019 2079 1320 2144 συνέφαγον
1349 2082 1488 2147 μετὰ
1511 2082 1621 2132 τῶν
1655 2085 1781 2134 ἀπία-

179 2172 363 2225 στων,
400 2163 788 2230 ἀνεπιτίμητοι
819 2167 1062 2233 ἑσονται;
1107 2170 1316 2234 Λύσις.
1347 2173 1634 2241 Οὐδαμῶς.
1670 2176 1780 2228 Καὶ

175 2252 340 2305 σῦτω
367 2253 476 2322 γὰρ
501 2256 1016 2326 ἐπιτιμηθήσονται.
1047 2260 1110 2311 El
1152 2260 1251 2327 μὲν
1280 2263 1386 2332 γὰρ
1426 2264 1486 2326 ἐξ
1533 2265 1780 2332 ἀνάγκης

178 2345 500 2410 συνέφαγον
527 2346 666 2412 μετὰ
687 2346 791 2398 τῶν
824 2349 1097 2412 ἀπίστων,
1124 2350 1199 2411 ὡς
1233 2354 1574 2420 regnas-nat,
1598 2359 1769 2423 TUXW

176 2434 409 2503 δντεςῆ
443 2436 919 2504 αἰχμά)ιοτοι,δι3ι
973 2441 1197 2510 μετρίου
1261 2446 1556 2513 φαρμάκου
1618 2446 1778 2517 θερα-

179 2528 568 2596 πευθήσονται
593 2544 607 2558 ο
635 2532 684 2582 εἰ
716 2530 769 2582 δὲ
800 2533 908 2584 ἀπὶ
940 2537 1414 2604 καταφρονήσεως
1483 2539 1577 2590 καὶ
1630 2541 1780 2592 ἀδια-

177 2623 418 2691 φορίας,
445 2622 712 2685 πλειόνως
758 2625 1254 2693 ἐπιτιμηθήσονται
1294 2645 1308 2659 ’
1363 2631 1503 2698 πλὴν
1555 2632 1615 2685 οὐ
1657 2636 1775 2685 κατ’

180 2711 437 2774 ἐκείνους
459 2715 583 2775 τοὺς
607 2710 868 2778 δόξαντας
893 2716 1274 2786 συνεορτάζειν
1295 2720 1434 2787 μετὰ
1495 2722 1606 2774 τῶν
1651 2725 1780 2777 ἀπί-

180 2820 357 2855 στων.
395 2806 606 2874 Ὥσπερ
638 2807 800 2890 πάλιν
823 2808 1088 2860 ἐπέκεινα
1122 2811 1217 2863 καὶ
1263 2814 1470 2864 τούτων
1530 2832 1778 2886 τιμωρη-

180 2890 548 2962 θήσονται,οί
604 2898 678 2966 μὴ
737 2899 1002 2964 φαγόντες
1062 2903 1240 2954 οἰκεῖα
1294 2904 1584 2974 βρώματα,
1640 2909 1774 2961 ἀλλὰ

174 2986 255 3038 τὰ
286 2988 382 3054 τῆς
407 2987 631 3057 ἐθνικῆς
672 2991 887 3060 ἑορτῆς.
917 2992 1104 3046 Ταῦτα
1134 2994 1190 3046 δὲ
1217 2997 1393 3050 πάντα
1427 3001 1505 3061 εἰς
1546 3001 1645 3069 τὴν
1678 3001 1773 3054 τοῦ

176 3071 493 3133 ἐπισκόπου
597 3073 879 3150 διάκρισιν
957 3086 1059 3155 ἀνη
1070 3086 1369 3157 ρτήθησαν.

187 3170 396 3235 ταῦτα,
427 3167 598 3225 πολλὰ
633 3176 1006 3244 χρήσιμεῦσαί
1049 3194 1130 3229 σοι
1162 3175 1450 3246 ὀφείλοντα
1514 3185 1596 3245 είς
1635 3186 1762 3247 τοὺς

181 3263 334 3329 μετὰ
395 3261 506 3315 τῶν
571 3263 893 3334 ’Λγαρηνῶν
919 3269 1333 3335 συμφαγόντας,
1435 3266 1611 3326 ἄλλων
1630 3273 1772 3328 ἐθνι-

177 3352 320 3404 κῶν.
373 3353 434 3403 Ol.
503 3351 722 3422 Ἴϐηρες
752 3353 807 3404 δὲ
840 3352 1132 3425 ἀδιάφορον
1203 3356 1457 3423 λέγουσιν
1517 3356 1658 3413 εἶναι
1712 3359 1774 3412 τὸ

178 3444 330 3512 μετὰ
373 3445 482 3497 τῶν
533 3445 833 3513 ὀρθοδόξων
912 3449 1009 3500 καὶ
1072 3451 1368 3521 αίρετικῶν
1414 3451 1640 3508 ἐσθίεινο
1679 3453 1774 3506 καὶ

176 3539 305 3600 πῶς
337 3537 496 3590 τοῦτο
547 3538 756 3605 γίνεται
804 3534 1004 3608 ἀγνοῶ.

244 3717 495 3779 ΖΩΝᾹΡ.
525 3725 588 3778 El
610 3724 668 3777 δέ
693 3741 834 3789 τινες
861 3725 918 3778 ἐν
937 3724 1097 3796 ἑορτῇ
1120 3720 1309 3797 ἐθνικῇ
1339 3727 1771 3798 συνεστιάθησαν

179 3815 446 3879 ἐθνικοῖς,
474 3815 533 3869 ἐν
556 3817 807 3879 ἀπίστοις
829 3818 887 3868 ἐν
917 3818 1066 3885 τόπῳ
1088 3817 1462 3888 ἀφωρισμένῳ
1483 3823 1598 3882 τοῖς
1632 3823 1774 3872 ἐθνι-

175 3909 326 3974 tote,
359 3910 415 3962 ἐν
438 3909 692 3978 είδωλείῳ
719 3903 941 3977 τυχὸνῆ
998 3909 1144 3978 ἄλλῳ
1215 3909 1364 3980 τόπῳ
1423 3911 1503 3974 είς
1548 3912 1770 3974 τελετάς

178 4001 373 4062 αὐτοῖς
427 3999 763 4068 τελουμένας
833 4000 1128 4069 ἀνειμένῳ,
1193 4000 1297 4053 κᾶν
1349 4001 1456 4053 ίδια
1505 3998 1770 4071 βρώματα

178 4084 460 4158 ἐκόμισαν
487 4090 584 4142 καὶ
605 4089 810 4157 ἔφαγον
875 4091 924 4142 ot
983 4090 1190 4155 πιστοὶ,
1212 4091 1283 4143 δι’
1306 4091 1437 4144 αὐτὸ
1480 4093 1664 4161 μέντοι
1711 4093 1771 4145 τὸ

180 4179 613 4248 συνεστιαθῆναι
637 4182 749 4241 τοῖς
781 4179 1040 4242 ἐθνικοῐς,
1066 4179 1161 4232 καὶ
1198 4176 1343 4232 οὕτω
1367 4180 1516 4246 δόξαι
1548 4197 1769 4248 συνεορ-

179 4275 356 4326 ’ἐάσαι
403 4273 609 4332 αὐτοῖς,
657 4271 803 4333 ἔδοξε
850 4273 915 4340 τῇ
966 4271 1168 4339 συνόδῳ
1211 4272 1416 4324 διετίαν
1475 4273 1773 4326 ὑποπεσεῖν

179 4365 407 4427 αὐτοὺς,
436 4363 704 4426 τουτέστι,
743 4363 883 4434 μετὰ
905 4364 1014 4417 τῶν
1047 4363 1476 4434 κατηχουμένων
1516 4365 1772 4418 ἵστασθαι

1386 335 1459 394 IN
1503 341 1666 398 CAN.
1715 341 1823 400 Vell
1857 341 2066 400 CONC.
2100 342 2369 401 ANCYR.

288 452 309 482 ι
351 437 735 504 κομισαμένων
765 441 793 509 ἢ
825 441 913 493 καὶ
937 447 1221 510 φαγόντων
1249 448 1388 514 ἕδε-ξε
1417 451 1618 502 δεῖτίαν
1652 451 1784 504 ὐπο-
1816 467 1856 511 Α

280 542 300 571 ε
341 525 605 588 πεσόντας
630 529 920 598 δεχθῆναι·
942 533 1093 597 τὸδὲ,
1122 540 1168 587 εί
1205 539 1311 608 χρὴ
1345 541 1480 606 μετὰ
1508 543 1603 608 τῆς
1630 560 1791 609 προσ-

275 630 295 660 α
339 617 532 681 φορᾶς,
557 617 790 670 ἕκαστον
829 622 938 672 τῶν
965 625 1278 680 ἐπισκόπων
1310 630 1424 682 ἐστὶ
1467 632 1526 682 τὸ
1563 633 1790 686 δοκιιλά-

1459 3091 1528 3160 Ση
1541 3093 1772 3160 μείωσαι
1797 3137 1841 3198 C

3340 329 3357 390 l
3377 331 3392 392 l
3411 331 3476 392 ’r6

1963 476 1979 505 ι
2022 456 2322 507 attulerunt
2345 451 2425 504 vcl
2446 449 2819 512 comederunt,
2853 445 3073 515 placuit,
3100 457 3221 498 eum
3253 445 3477 498 biennio

1975 566 1993 598 ι
2035 545 2299 599 subslrati
2359 541 2579 603 fuerint,
2627 555 2747 594 esse
2787 538 3139 606 recipiendos
3173 553 3186 588 :
3237 550 3304 586 an
3340 548 3468 587 cum

1974 658 1991 690 ι
2028 639 2303 692 oblatione
2356 636 2596 701 recipere
2638 638 2909 700 oporteat,
2956 637 3039 683 est
3074 628 3464 696 episcoporum

1968 745 1985 781 ι
2028 729 2357 787 examinare,
2387 724 2614 778 ctaliazn
2639 724 2807 775 vitam
2842 722 2892 774 iu
2920 734 3248 788 unoquoque
3283 716 3433 784 inqui

1969 843 1986 874 ι
2023 839 2165 874 rere.
2211 841 2226 871 ³

1961 913 2153 966 BALS.
2182 913 2413 977 Quidam
2446 910 2649 970 ﬁdeles,
2680 909 2732 960 in
2763 907 3062 958 alienarum
3101 905 3342 972 gentium
3383 917 3454 953 re-

1887 1001 2140 1070 gionibus
2195 999 2434 1059 inventi,
2490 996 2722 1063 quodam
2771 1004 3014 1059 tempore
3067 990 3188 1043 festi
3265 988 3467 1040 ethnici

1885 1107 2007 1146 cum
2041 1093 2119 1146 eis
2165 1093 2216 1144 in
2261 1089 2380 1142 loco
2426 1087 2608 1154 aliquo
2643 1086 2707 1138 ad
2745 1084 2847 1136 hnc
2878 1083 3053 1150 ipsum
3088 1082 3345 1148 deputalo
3377 1095 3468 1128 co-

1886 1185 2188 1236 rnelcrunt.
2242 1180 2378 1244 Quia
2428 1187 2606 1230 autem
2657 1191 2760 1227 non
2808 1184 2965 1227 erant
3001 1171 3285 1236 gentilium
3325 1170 3454 1224 cibi.

1883 1277 1975 1329 sed
2013 1277 2116 1333 sui.
2157 1288 2215 1326 se
2253 1272 2321 1323 ab
2351 1270 2497 1321 omni
2535 1267 2959 1334 reprehensione
2991 1264 3201 1316 alienos
3237 1275 3465 1311 rnuser~

1883 1368 1992 1420 vari
2037 1365 2310 1418 volebant.
2351 1362 2545 1414 Dicunt
2582 1374 2708 1426 ergo
2736 1357 2945 1416 Patres,
2971 1355 3136 1422 quiut,
3171 1355 3272 1405 etsi
3305 1368 3463 1403 exse-

1879 1458 2175 1510 crabilihus
2196 1453 2332 1507 cibis
2365 1468 2469 1504 non
2495 1457 2622 1502 sunt
2652 1446 2948 1516 inquinati,
2982 1447 3107 1512 quia
3136 1454 3462 1496 tamencum

1881 1547 2186 1603 inﬁdelibus
2212 1544 2610 1599 accubuerunt,
2643 1547 2695 1590 et
2725 1553 2818 1606 per
2841 1550 3188 1589 communem
3219 1547 3461 1585 mensam

1875 1654 1996 1692 cum
2019 1637 2123 1689 illis
2142 1635 2336 1687 festum
2366 1631 2650 1701 agentibus
2673 1630 3170 1689 communicarunt,
3199 1641 3290 1693 per
3315 1624 3469 1677 bien-

1881 1729 2030 1782 nium
2088 1727 2462 1781 snbslratioue
2505 1725 2801 1792 punientur
2850 1742 2862 1775 :
2920 1729 2972 1774 et
3024 1728 3209 1788 postea
3263 1733 3462 1773 secun-

1493 1809 1570 1868 εἶς
1611 1808 1778 1876 μάντιν
1813 1795 1853 1850 Β
1884 1820 2011 1872 dum
2036 1819 2276 1887 cpisc0pi
2305 1819 2790 1880 exaniinationem,
2812 1815 2892 1869 vel
2924 1815 2986 1866 ad
3020 1814 3189 1866 solum
3221 1827 3465 1864 conmm-

1884 1911 2100 1964 nionem
2136 1908 2214 1962 vel
2251 1909 2312 1960 ad
2348 1915 2592 1961 sanctam
2633 1909 2795 1961 etiam
2836 1903 3306 1974 participationem
3328 1903 3466 1954 reci-

1885 2004 2119 2069 pientur.
2156 2001 2295 2066 Quid
2335 2010 2537 2061 autem,
2582 2000 2627 2053 si
2689 1998 2876 2051 nonin
2915 2007 3159 2064 tempore
3193 1994 3339 2057 festi,
3370 1992 3461 2046 sed

1885 2094 1937 2146 in
1994 2093 2101 2145 alio
2161 2093 2245 2144 die
2293 2100 2345 2144 ct
2399 2090 2452 2142 in
2489 2091 2593 2142 alio
2641 2091 2784 2152 loco,
2834 2105 2956 2142 cum
3009 2088 3319 2141 inﬁdelibus
3374 2101 3461 2137 co-

1883 2185 2204 2245 mederunt,
2271 2183 2514 2250 nunquid
2574 2195 2746 2251 pmute
2815 2197 2921 2234 non
2985 2191 3146 2233 erunt
3198 2175 3464 2230 obnoxii?

1884 2273 2113 2329 Salutio.
2175 2273 2551 2341 Nequaquam.
2614 2269 2746 2323 Nam
2808 2270 2885 2323 sic
2947 2282 3164 2336 quoque
3230 2266 3463 2334 punicu-

1880 2378 1990 2420 tur.
2023 2367 2079 2420 Si
2108 2367 2250 2419 enim
2285 2381 2346 2417 ex
2390 2364 2714 2417 necessitate
2741 2379 2860 2415 eum
2915 2360 3227 2413 inﬁdelibus
3279 2373 3464 2410 come-

1881 2459 2096 2518 dcrunt,
2128 2471 2181 2511 ut
2226 2458 2314 2522 qui
2371 2464 2479 2508 suit
2531 2456 2758 2507 lorla=sc
2790 2454 2947 2521 legati
2981 2452 3059 2504 vel
3101 2450 3320 2516 captivi,
3354 2463 3464 2498 me—

1880 2549 2047 2602 dlccri
2100 2550 2497 2599 medicamento
2551 2545 2894 2599 CIII‘.thlli.'tl‘
2943 2560 2955 2595 :
3022 2544 3104 2595 sin
3164 2553 3343 2592 autem
3397 2555 3464 2589 ex

1881 2651 2194 2708 contemptu
2250 2639 2330 2690 Vt'l
2365 2637 2754 2699 indiﬂ‘ereutia,
2794 2636 2964 2701 magis
3009 2635 3333 2701 punientur;
3371 2629 3462 2682 sed

1881 2745 1986 2785 no"
2021 2740 2076 2785 ut
2107 2732 2205 2792 illi,
2239 2731 2330 2797 qui
2366 2745 2486 2782 cum
2522 2729 2601 2782 eis
2632 2727 2828 2781 festum
2857 2727 3133 2779 celebrare
3171 2723 3266 2775 visi
3304 2729 3458 2773 sunt.

1880 2822 2349 2886 Quemadmodum
2383 2830 2435 2872 et
2464 2820 2638 2887 magis
2675 2831 2834 2885 quam
2876 2815 2950 2868 illi
2984 2815 3282 2884 punientur
3323 2826 3461 2878 quo--

1878 2930 1985 2982 quc
2018 2915 2052 2967 ii
2095 2914 2187 2980 qui
2223 2928 2331 2966 non
2378 2927 2530 2976 suos,
2563 2911 2656 2966 sed
2697 2908 2818 2964 festi
2852 2909 3054 2962 ethnici
3091 2908 3247 2958 cibos
3278 2919 3463 2957 come~

1879 3006 2094 3061 derunt.
2130 3005 2253 3059 llaec
2288 3015 2468 3059 autem
2511 3004 2691 3056 omnia
2729 3001 2966 3071 episcopi
2991 3000 3197 3067 judicio
3221 3007 3349 3050 sunt
3377 3011 3464 3048 re-

1880 3097 2379 3166 linqu-enda.'Nota
2422 3096 2556 3158 lucc,
2591 3109 2712 3163 que
2753 3093 2849 3146 tibi
2896 3091 3052 3144 valde
3086 3089 3236 3141 utilia
3276 3086 3460 3140 futura

1875 3199 2003 3243 sum
2059 3187 2324 3241 adversus
2356 3201 2449 3239 eos
2480 3186 2572 3253 qui
2619 3199 2725 3236 una
2763 3199 2887 3236 cum
2941 3180 3233 3234 Saracenis
3285 3194 3470 3230 come-

1876 3280 2036 3344 dunt,
2075 3281 2154 3332 vel
2194 3293 2318 3332 cum
2353 3278 2477 3330 aliis
2510 3277 2828 3344 gentilibus.
2864 3275 3054 3326 lberes
3111 3280 3289 3324 autem
3321 3269 3456 3321 nihil

1879 3372 2086 3427 referre
2109 3373 2318 3432 dicunt,
2356 3386 2422 3422 an
2450 3386 2572 3423 cum
2605 3369 2950 3430 orthodoxis,
2990 3382 3057 3417 an
3087 3382 3211 3418 cum
3245 3362 3460 3415 lia-retia

1882 3465 1959 3520 cis
1989 3465 2344 3518 comedatur:
2380 3472 2434 3516 et
2459 3461 2737 3531 quomodo
2780 3461 2881 3514 hoc
2919 3459 3011 3512 fiat
3045 3459 3248 3511 nescio.

1945 3719 2201 3781 ZONAR.
2251 3725 2306 3780 Si
2343 3725 2434 3794 qui
2491 3739 2618 3779 vero
2664 3724 2846 3792 aliquo
2879 3738 2944 3776 ex
2995 3721 3060 3776 iis
3102 3720 3315 3781 diebus,
3361 3712 3453 3787 qui

1873 3821 2224 3874 ethnicorum
2276 3817 2679 3872 consuetudine
2720 3818 2974 3871 solenues
3017 3813 3311 3874 habemur,
3362 3812 3460 3864 ιιεο

1877 3913 2028 3965 linito
2082 3909 2226 3980 apud
2284 3912 2433 3977 ipsos
2484 3909 2626 3974 loco,
2672 3918 2856 3976 utpote
2895 3908 2947 3960 in
2990 3905 3158 3958 idolio
3188 3904 3330 3957 forte
3365 3911 3461 3954 aut

1872 4004 1977 4056 alio
2007 4003 2057 4054 in
2081 4003 2179 4056 hos
2205 4001 2588 4055 celebritalum
2614 4016 2747 4054 usus
2766 3999 3008 4062 addicto,
3044 3997 3297 4050 convivia
3329 4009 3453 4047 cum

1873 4091 2109 4146 ethnicis
2142 4090 2417 4154 obierint;
2453 4090 2707 4157 quamvis
2750 4087 3003 4155 prOprios
3039 4084 3212 4146 cibos,
3253 4083 3454 4148 quibus

1877 4182 1980 4251 ipsi
2029 4181 2381 4235 vescerentur
2421 4182 2592 4243 domi,
2638 4181 2827 4234 lidelcs
2875 4177 3181 4237 attulerint,
3230 4176 3298 4227 ob
3353 4175 3459 4227 hoc

1877 4275 2080 4342 ipsum,
2114 4275 2256 4344 quod
2289 4290 2416 4327 cum
2449 4274 2683 4327 ethnicis
2715 4272 2915 4339 epulati
2959 4272 3087 4330 sint,
3115 4270 3462 4338 speciemque

1882 4366 2108 4435 proinde
2129 4381 2252 4419 eum
2286 4365 2366 4420 eis
2389 4365 2586 4418 festum
2615 4366 2755 4419 diem
2787 4364 3186 4418 celebrantium
3213 4361 3464 4428 pratlmee

179 4459 284 4511 καὶ
316 4462 410 4510 σὺν
443 4450 630 4519 αὐτοῖς
685 4455 914 4520 ἐξιέναι,
990 4458 1083 4510 καὶ
1117 4457 1256 4524 μετὰ
1305 4457 1406 4528 τὴν
1446 4456 1649 4510 διετίαν
1688 4457 1770 4508 δε-

1881 4465 2012 4522 riut,
2040 4459 2258 4513 biennio
2291 4459 2587 4521 substerni,
2613 4460 2715 4513 hoc
2741 4467 2843 4522 est,
2881 4466 3028 4512 stare
3056 4471 3180 4509 cum
3207 4453 3466 4506 catechu-

180 4549 410 4618 χθῆναι.
437 4540 626 4611 Ὅπως
667 4547 723 4598 δὲ
765 4549 870 4618 χρὴ
916 4548 1146 4601 ἑκαστον
1177 4548 1355 4602 αὐτῶν
1384 4547 1640 4617 δεχθῆναι
1670 4551 1778 4601 εἴτε

178 4640 281 4694 καὶ
297 4642 374 4703 είς
401 4641 706 4710 μετάληψιν
734 4641 839 4692 τῶν
863 4641 1243 4708 ἀγιασμάτων,
1265 4641 1373 4693 είτε
1389 4642 1470 4702 είς
1492 4641 1658 4710 μόνην
1678 4639 1776 4711 τὴν

178 4731 328 4801 μετὰ
377 4731 483 4782 τῶν
530 4731 739 4782 πιστῶν
793 4729 1077 4794 σύστασιν,
1133 4730 1243 4782 τῶν
1272 4730 1592 4782 ἐπισκόπων
1628 4732 1767 4792 ἐστὶ,

174 4823 339 4889 φασὶ,
359 4822 679 4893 δοκιμάσαι,
695 4823 790 4874 καὶ
813 4824 900 4873 τὸν
923 4820 1080 4875 ἄλλον
1097 4821 1209 4890 βίον
1227 4822 1459 4874 ἑκάστου
1487 4821 1764 4888 ἐξετάσαι.

1889 4551 2064 4606 menis
2114 4560 2167 4604 et
2222 4567 2346 4606 cum
2391 4551 2586 4605 iisdem
2634 4551 2844 4620 egredi,
2902 4551 3215 4612 biennoque
3266 4553 3463 4596 υἰζιιῚΟ

1889 4659 2107 4699 rursum
2151 4644 2386 4710 admitti,
2433 4644 2697 4715 synodica
2744 4642 3141 4696 constitutione
3179 4640 3461 4690 decretum

1880 4745 1981 4789 est.
2034 4735 2108 4789 De
2164 4737 2398 4806 singulis
2441 4752 2603 4805 porro
2634 4735 2766 4805 quid
2793 4734 3146 4788 statuendum
3193 4769 3206 4789 .
3261 4746 3328 4782 an
3385 4728 3450 4777 ιιιι

1877 4830 2341 4886 sanctilicatorum
2368 4830 2878 4899 perceplionem,an
2905 4842 3031 4878 vero
3052 4826 3115 4876 ad
3145 4824 3312 4876 solam
3340 4835 3463 4873 cum

175 4915 433 4970 ﬁdelibus
471 4915 908 4969 communionem
956 4914 1169 4968 admitti
1214 4920 1484 4985 oporteat,
1531 4915 1912 4986 episcoporum
1972 4921 2206 4990 judicio,
2267 4939 2296 4976 a
2341 4922 2539 4992 quibus
2573 4922 2782 4990 reliqua
2813 4920 2978 4974 etiam
3033 4915 3465 4980 uniuscujusque

175 5015 291 5066 vita
324 5012 688 5076 examinctur,
723 5010 936 5066 deliniri
976 5011 1174 5081 placet.

174 5096 403 5161 ΑΡΙΣΤ.
435 5125 452 5156 ι
491 5105 616 5158 Ἐάν
648 5122 753 5167 τις,
785 5105 895 5157 ίδια
923 5102 1190 5172 βρώματα
1224 5101 1385 5172 ἔχων,
1408 5098 1758 5172 συνειστιάθη

251 5216 269 5251 ι
310 5199 422 5260 τοῖς
484 5190 695 5250 ἔθνεσιν
735 5197 792 5249 ἐν
845 5190 966 5256 ταῖς
1009 5195 1226 5265 ἑορταῖς
1295 5195 1498 5260 αὐτῶν,
1556 5191 1761 5248 διετίαν

266 5306 286 5340 ι
331 5287 708 5341 ὑποπιπτέτω.
748 5300 768 5338 ι

248 5370 422 5440 Etsi;
444 5382 501 5431 tv
546 5374 664 5441 ταῖς
699 5378 915 5450 ἑορταῖς
950 5376 1059 5428 τῶν
1122 5375 1293 5429 ἐθνῶν
1344 5378 1468 5438 ταῖς
1517 5377 1573 5427 ἑν
1610 5376 1762 5443 ἀφωο

182 5472 431 5546 ρισμένῳ
460 5472 569 5524 τινὶ
615 5468 762 5536 τόπῳ
821 5470 1139 5538 γινομέναις
1195 5467 1449 5537 συνῆλθε,
1508 5470 1600 5520 καὶ
1657 5469 1768 5520 ίδια

187 5561 458 5633 βρώματα
482 5562 645 5634 ἔχων,
677 5561 950 5629 συνέφαγε
1002 5559 1122 5630 μετ’
1149 5561 1355 5623 αὐτῶν,
1409 5560 1616 5613 διετίαν
1673 5563 1767 5630 μό-

184 5673 284 5724 νην
316 5655 670 5708 ὑποπιπτέτω
694 5669 707 5684 ·
745 5654 793 5706 εί
822 5655 877 5707 δὲ
912 5650 1019 5724 χρὴ
1051 5652 1212 5705 αὑτὸν
1245 5652 1434 5704 ἔκτοτε
1509 5654 1620 5705 εἴτε
1653 5653 1764 5708 τῶν

183 5747 362 5817 εὐχῶν
395 5747 574 5818 μόνων
597 5746 736 5819 μετὰ
764 5748 875 5806 τῶν
901 5743 1111 5802 πιστῶν
1140 5743 1504 5816 κοινωνεῖν,ἢ
1537 5744 1761 5799 καὶτῶν

1867 5100 2095 5162 ARIST.
2144 5123 2163 5156 ι
2197 5102 2252 5158 Si
2289 5104 2411 5173 quis
2446 5103 2695 5172 proprios
2727 5099 2936 5152 habens
2982 5096 3155 5154 cibos.
3186 5110 3308 5148 cum
3337 5097 3458 5148 eth-

1929 5216 1949 5250 ι
1991 5199 2129 5253 uicis
2152 5198 2450 5251 comederit
2477 5198 2528 5248 in
2552 5209 2739 5248 eorum
2781 5191 2952 5249 festis.
2981 5187 3197 5239 biennio
3221 5189 3466 5240 subster-

1933 5308 1952 5342 t
2001 5300 2184 5344 natur.
2222 5308 2240 5340 ι

1946 5381 2004 5436 Si
2047 5381 2171 5449 quis
2203 5380 2266 5434 ad
2301 5380 2651 5444 ethnicorum
2697 5377 2833 5432 festa
2864 5376 3068 5430 selecto
3101 5375 3284 5442 aliquo
3321 5388 3460 5441 pra--

1875 5485 2065 5544 parata
2119 5474 2236 5527 loco
2286 5471 2628 5533 convenerit,
2667 5480 2720 5523 et
2763 5469 3016 5537 proprios
3053 5468 3206 5521 cibos
3248 5467 3461 5518 hnlwns

1873 5584 1998 5624 cum
2027 5569 2107 5622 eis
2139 5565 2462 5626 comederit,
2486 5565 2872 5619 substernetur
2907 5562 3187 5615 biennium
3222 5567 3459 5612 tantum.

1874 5667 1952 5715 An
1983 5669 2162 5714 autem
2190 5673 2313 5712 eum
2339 5672 2405 5710 ex
2446 5671 2509 5709 eo
2541 5667 2784 5724 tempore
2817 5666 3038 5720 precum
3071 5651 3310 5705 solarum
3335 5662 3462 5699 cum

1876 5749 2129 5806 ﬁdelibus
2185 5745 2628 5802 communionem
2694 5742 2916 5801 habere.
2987 5747 3081 5795 aut
3143 5737 3457 5793 divinorum
