4164 6426
81 396 217 461 1157

1179 402 1258 463 ΙΝ
1294 400 1461 462 CAN.
1500 400 1618 459 ΧΗ
1656 396 1869 459 CONC.
1899 402 2166 463 ANCYR.

3211 401 3352 467 1158

71 513 167 564 τοῦ
212 511 548 578 Εὖαγγελίου
589 510 666 581 τῷ
703 511 961 582 τραχήλῳ
997 512 1198 573 αὐτῶν,
1234 513 1331 564 καὶ
1353 511 1420 565 δι’
1447 511 1676 578 ἐπικλή-

1789 511 1875 578 qui
1909 513 2128 566 ordinat
2165 512 2563 575 characterem,
2597 528 2716 567 eum
2750 514 2921 568 sancti
2950 514 3184 582 Spiritus
3217 517 3376 569 invo-

73 621 215 665 ezo);
235 602 329 655 τοῦ
354 604 515 670 ἀγίου
541 603 861 673 Πνεὺματος
891 604 1162 675 σφραγῖδα
1184 605 1276 656 τοῦ
1308 603 1674 674 χειροτονοῦν-

71 715 186 757 τος.
227 698 323 759 Εἰς
365 695 628 750 σύστασιν
665 696 721 749 δὲ
764 697 972 749 τούτων
1015 699 1236 750 πάντων
1276 697 1674 766 ἀναντίρρητον

72 793 316 860 χρῶνται
353 791 448 844 καὶ
481 791 560 861 τῷ
593 791 687 844 τοῦ
729 792 969 859 μεγάλου
1011 792 1312 862 Γρηγορίου
1348 791 1443 843 τοῦ
1480 791 1674 842 Θεολό-

71 901 170 950 γου
218 884 381 953 λόγῳ,
428 880 489 937 οὗ
538 885 568 952 ἡ
623 884 784 954 ἀρχὴ,
841 885 1008 936 Πάλιν
1056 884 1144 937 ἐπ’
1177 885 1277 954 ἐμὲ
1328 884 1539 953 χρίσμα
1584 883 1678 935 καὶ

75 977 315 1045 πνεῦμα.
359 975 475 1045 Ἀφ’
499 972 560 1029 οὗ
597 978 776 1046 μάθῃς
810 978 890 1028 ὅτι
922 978 1071 1030 οὐδὲν
1103 973 1266 1049 ἦττον
1297 977 1541 1041 ἀξιοῦται
1577 977 1676 1045 τῆς

71 1066 168 1116 τοῦ
207 1067 474 1134 παναγίου
512 1068 825 1135 Πνεύματος
864 1070 1082 1143 χάριτος
1115 1070 1142 1120 ὁ
1176 1067 1410 1131 ἀναξίως
1443 1084 1680 1138 χειροτο-

72 1160 261 1226 ντοθεκς
284 1200 296 1223 ,
334 1162 424 1210 καὶ
461 1162 518 1211 ἐν
551 1159 889 1230 καθαρότητι
921 1162 1012 1212 τὸν
1046 1162 1181 1228 μετά
1214 1163 1311 1229 τὴν
1344 1161 1679 1230 χειροτονίαν

73 1253 192 1318 βίον
232 1251 466 1314 ἀνύσας,
509 1250 602 1302 τοῦ
646 1251 812 1314 ἀξίως
854 1253 1359 1323 χειροτονηθέντα,
1401 1255 1493 1306 καὶ
1542 1251 1680 1322 μετά

69 1350 171 1413 τῆς
215 1346 384 1413 αὐτῆς
426 1345 803 1413 καθαρότητος
838 1350 930 1397 τὸν
967 1349 1023 1398 ἐν
1061 1348 1190 1416 ἡμῖν
1229 1347 1343 1413 βίον
1378 1347 1678 1399 ἀπολιπόν-

69 1453 185 1491 τος.
231 1435 418 1488 Ταῦτα
463 1437 591 1505 περὶ
641 1437 976 1506 ἀρχιερέων
1018 1439 1147 1506 περὶ
1193 1439 1300 1510 γὰρ
1346 1440 1539 1508 ἱερέων
1584 1439 1677 1492 καὶ

71 1528 280 1598 ἐτέρων
314 1529 593 1597 κληρικῶν
631 1531 783 1598 ζήτει
822 1530 1044 1582 συνόδου
1077 1531 1314 1592 Νικαίας
1352 1532 1554 1584 κανόνα
1591 1532 1676 1595 ιθ’,

71 1621 296 1673 συνόδου
335 1621 768 1692 Νεοκαισαρείας
809 1623 1010 1675 κανόνα
1034 1621 1099 1688 θ’,
1139 1630 1227 1689 ια’,
1261 1623 1542 1676 Βασιλείου
1579 1643 1680 1676 κα‹

70 1711 202 1762 νόια
240 1710 345 1774 κζ’,
378 1713 472 1763 καὶ
508 1712 771 1782 Θεοφίλου
800 1713 864 1764 ἐκ
895 1712 989 1764 τοῦ
1028 1715 1438 1784 ὑπομνηστικοῦ
1478 1718 1680 1769 κανόνα

68 1801 135 1866 δ’,
169 1809 231 1866 ε’,
266 1801 334 1871 η’.
369 1805 480 1860 Καὶ
515 1804 824 1875 σημείωσαι
859 1806 923 1857 ὲκ
954 1805 1161 1857 τούτων
1190 1808 1269 1857 ὅτι
1305 1808 1336 1876 ἡ
1375 1807 1680 1876 χειροτονία

66 1893 183 1944 τῶν
224 1895 530 1965 ἀρχιερέων
574 1897 669 1948 καὶ
708 1895 769 1948 τὸ
808 1895 1018 1965 χρίσμα
1057 1895 1164 1949 τῶν
1227 1897 1494 1969 βασιλέων
1541 1900 1682 1951 ἀπα-

69 1986 324 2055 λείφουσι
357 1989 425 2040 τὰ
462 1987 568 2058 πρὸ
600 1988 700 2056 τῆς
736 1989 1074 2057 χειροτονίας
1113 1990 1207 2040 καὶ
1242 1988 1335 2041 τοῦ
1373 1991 1678 2059 χρίσματος

71 2083 490 2152 ἁμαρτήματα,
525 2075 612 2134 οἷα
649 2081 715 2134 ἂν
745 2077 849 2134 ὦσι
874 2097 886 2107 ·
925 2079 1014 2130 διὰ
1054 2081 1160 2153 γαρ
1189 2080 1346 2133 τοῦτο
1383 2083 1602 2151 ἔχουσιν
1632 2081 1680 2133 οἱ

69 2173 371 2225 ἐπίσκοποι
409 2172 663 2236 ἐξουσίαν
695 2174 916 2241 ἀφιέναι
955 2175 1330 2244 ἁμαρτήματα
1356 2212 1372 2236 ,
1406 2175 1480 2235 ὡς
1517 2173 1680 2227 ἀκού-

81 2282 284 2327 σαντες
307 2265 423 2333 ἅμα
444 2266 518 2334 τῷ
539 2266 987 2336 χειροτονηθῆναι
1005 2306 1018 2332 ,
1036 2267 1194 2318 Ὅσα
1214 2263 1434 2332 δήσετε
1453 2263 1552 2316 ἐπὶ
1573 2262 1682 2330 τῆς

68 2356 213 2423 γῆς,
248 2357 420 2410 ἔσται
457 2357 748 2426 δεδεμένα
783 2359 852 2410 ἐν
882 2356 959 2423 τῷ
992 2357 1248 2426 οὐρανῷ,
1284 2358 1381 2408 καί
1420 2356 1538 2409 ὅσα
1571 2357 1680 2410 λύ-

72 2466 222 2502 σετε
249 2450 344 2502 ἐπὶ
374 2447 482 2517 τῆς
522 2448 657 2519 γῆς,
687 2451 859 2504 ἔσται
885 2453 1195 2519 λελυμένα
1222 2452 1292 2503 ἐν
1317 2448 1397 2516 τῷ
1424 2448 1678 2517 οὐρανῷ.

84 2544 156 2595 'il
197 2543 256 2596 δὲ
287 2544 396 2595 τῶν
433 2545 626 2614 ίερέων
658 2545 752 2596 καὶ
783 2544 891 2596 τῶν
921 2544 1123 2596 λοιπῶν
1159 2545 1466 2614 χειροτονία
1508 2542 1682 2614 μικρὰ

73 2637 461 2707 ἁμαρτήματα
498 2637 827 2705 ἀπαλείφει,
865 2631 977 2689 οἷον
1013 2638 1446 2704 συγκατάθεσιν,
1486 2636 1681 2705 ψεῦδος

75 2732 180 2781 καὶ
217 2729 473 2794 τοιαῦτα,
514 2731 588 2802 μὴ
624 2731 904 2797 ἐπάγοντα
942 2729 1295 2800 καθαίρεσιν,
1334 2731 1592 2800 πορνείαν
1626 2731 1680 2783 δὲ

75 2822 229 2890 οὐχί.
255 2821 417 2873 Ὅθεν
454 2821 576 2874 οὐδὲ
617 2823 839 2890 ἀφιέναι
884 2824 1161 2894 ἁμαρτίας
1199 2825 1249 2875 οί
1293 2826 1458 2892 ἱερεῖς
1497 2823 1684 2874 δύναν-

74 2932 198 2967 ται.
247 2915 354 2968 Καὶ
398 2914 712 2982 ἀνάγνωσον
759 2915 860 2981 τῆς
905 2918 964 2967 ὲν
1009 2917 1412 2988 Νεοκαισαρεία
1461 2918 1682 2972 συνόδου

77 3007 293 3058 κανόνα
329 3007 394 3073 θ’,
430 3005 500 3058 τὰ
538 3008 678 3060 αὐτὰ
720 3010 849 3078 περὶ
889 3009 1082 3078 ἱερέων
1123 3011 1365 3077 λέγοντα.
1407 3010 1498 3081 Μὴ
1534 3012 1686 3061 ἐναν-

77 3099 262 3168 τιωθῇ
310 3099 365 3151 δέ
418 3115 500 3151 σοι
547 3100 576 3151 ό
627 3097 692 3164 ιζ’
725 3101 902 3152 κανὼν
947 3101 1057 3152 τῶν
1107 3100 1281 3168 ἁγίων
1333 3103 1681 3166 ἀποστόλων,

79 3193 269 3258 λέγων
292 3207 306 3220 ⁸
351 3192 409 3244 '0
446 3192 568 3244 δυσὶ
604 3193 806 3262 γάμοις
844 3194 1188 3262 συμπλακεὶς
1218 3197 1357 3263 μετά
1391 3194 1452 3246 τὸ
1491 3196 1686 3264 βάπτι-
1711 3225 1756 3284 c

80 3306 237 3354 σμα,
273 3287 303 3357 ἢ
337 3287 621 3358 παλλακὴν
649 3289 1024 3359 κτησάμενος,
1054 3291 1114 3343 οὐ
1146 3291 1369 3345 δύναται
1401 3287 1541 3344 εἶναι
1572 3291 1688 3345 ἐπί-

80 3397 316 3444 σκοπος,
341 3380 714 3451 πρεσϐύτερος
735 3382 766 3452 ἢ
792 3381 1060 3444 διάκονος,
1082 3381 1113 3452 ἢ
1136 3383 1271 3446 ὅλως
1293 3383 1385 3436 τοῦ
1409 3383 1686 3454 ίερατικοῦ

75 3470 392 3538 καταλόγου
414 3515 428 3537 ,
468 3473 602 3543 μηδὲ
634 3475 662 3525 ό
699 3471 766 3542 ιη’
795 3473 864 3525 τὰ
897 3474 1036 3527 αὐτά
1074 3475 1258 3544 σχεδὸν
1290 3474 1682 3547 διοριζόμενος.

95 3564 247 3616 Ἀλλ’
269 3564 498 3618 ἐκλαῧοῦ
525 3565 586 3618 τὸ
617 3559 757 3620 εἶναι
791 3566 870 3626 είς
894 3565 954 3617 τὸ
984 3565 1252 3632 γίνεσθαι,
1284 3568 1378 3619 καὶ
1409 3567 1553 3631 εἰπὲ,
1584 3568 1685 3622 Οὑ-

77 3662 204 3720 δείς
234 3657 404 3722 οὕτως
433 3659 728 3730 ὀλισθήσεις
755 3660 1121 3730 ἀξιωθήσεται
1150 3659 1515 3713 ὲπισκοπικοῦ
1544 3662 1575 3731 ἢ
1611 3663 1684 3712 ξε·

83 3750 321 3820 ρατικοῦ
345 3751 676 3820 ἀξιώματος.
706 3751 986 3816 ’Λξιωθεὶς
1009 3753 1066 3807 δὲ
1095 3753 1244 3822 παρὰ
1272 3753 1337 3805 τά
1359 3753 1679 3822 δεδογμένα,

82 3848 142 3897 εἰ
185 3843 283 3911 μέν
317 3845 466 3896 ἐστιν
502 3844 822 3907 ἐπίσκοπος,
858 3844 956 3897 οὐκ
996 3844 1429 3913 ἀνακριθήσεται
1465 3845 1553 3899 διὰ
1588 3845 1687 3909 τὰς

85 3937 357 4006 ῥηθείσας
387 3938 586 4001 αἰτίας,
617 3937 713 3990 καὶ
746 3937 795 3990 οί
825 3938 1102 4008 ἀρχιερεῖς
1137 3936 1252 4005 ἃμα
1278 3936 1354 4008 τῷ
1383 3954 1687 4008 χειροτονηο

83 4030 252 4097 υῆναι
293 4029 352 4080 οὐ
396 4029 556 4097 μόνον
592 4027 953 4082 ἀποστολικοῦ
995 4029 1333 4098 χαρίσματος
1374 4027 1681 4093 ἀξιοῦνται,

82 4121 232 4172 cili
266 4122 357 4174 καὶ
395 4121 758 4191 προφητικοῦ.
795 4119 951 4172 Οὕτω
985 4121 1093 4189 γὰρ
1128 4121 1218 4172 καὶ¹
1255 4119 1424 4172 Σαοὺλ
1461 4121 1517 4172 ὲν
1551 4136 1684 4187 προ-

85 4217 324 4282 (ρήταις,
367 4214 463 4266 καὶ
505 4213 760 4282 Καϊάφας
793 4212 942 4266 ἄκων
970 4213 1377 4281 προεφήτευσεν
1401 4226 1414 4241 ·
1452 4207 1518 4284 ἦν
1554 4214 1684 4282 γὰρ,

86 4309 262 4376 gnata
283 4346 296 4369 ,
330 4307 619 4376 ἀρχιερεὺς
648 4306 740 4358 τοῦ
774 4304 1022 4359 ἐνιαυτοῦ
1057 4306 1264 4359 ἐκείνου
1291 4320 1305 4335 ⁸
1338 4305 1382 4357 εί
1417 4304 1470 4356 δὲ
1506 4305 1687 4374 ἱερεύς

89 4404 250 4452 ἐστιν
276 4399 307 4468 ἦ
335 4400 519 4468 ἕτερος
551 4399 864 4470 ίερωμένος,
898 4396 1385 4468 καθαιρεθήσεται.
1418 4397 1684 4465 ’Λνάγνω-

93 4514 187 4548 σον
227 4495 319 4548 καὶ
350 4495 410 4546 το
445 4498 526 4546 κθ¹
552 4510 677 4562 κεφ.
710 4491 804 4545 τοῦ
840 4493 883 4545 θ’
908 4492 1087 4544 τίτλου
1119 4492 1213 4544 τοῦ
1250 4492 1517 4562 παρόντος
1552 4510 1679 4544 συν⁴

1711 1859 1758 1918 Β

1778 604 2014 656 catione.
2069 605 2145 658 Ad
2203 605 2599 659 irrcfutahilem
2651 616 2831 660 autem
2890 610 3082 660 borum
3131 611 3375 660 muninm

1780 699 2291 760 comprobationcm
2319 737 2332 757 .
2370 700 2548 768 magni
2584 715 2802 768 quoque
2832 698 3078 769 Gregorii
3114 698 3375 770 Theolngi

1782 806 2035 846 sermone
2062 801 2314 855 utuntur,
2347 793 2505 861 cujus
2540 793 2784 858 initium,
2842 792 3052 850 Rursus
3088 810 3252 864 super
3283 811 3369 848 me

1787 884 1973 936 unctio
2005 895 2058 937 et
2095 884 2344 952 spiritus.
2390 883 2541 939 Unde
2576 886 2781 949 discas,
2830 888 2976 955 quod
3013 887 3379 944 nihilominus

1782 977 1956 1029 sancti
2001 974 2243 1044 Spiritus
2279 977 2456 1048 gratia
2507 979 2710 1048 dignus
2749 987 3008 1034 censetur
3047 980 3112 1044 is,
3163 982 3251 1050 qui
3297 983 3381 1035 in-

1783 1070 1945 1137 digne
1986 1071 2196 1124 electus
2241 1072 2292 1124 in
2335 1072 2572 1140 puritate
2609 1081 2729 1142 post
2767 1073 3166 1128 ordinationem
3209 1077 3375 1127 vitam

1783 1158 2058 1226 transigit,
2090 1174 2250 1228 quam
2284 1159 2328 1213 is
2363 1162 2453 1231 qui
2501 1162 2661 1232 digne
2690 1163 2919 1227 electus,
2967 1171 3020 1216 ct
3067 1173 3186 1232 post
3219 1166 3376 1218 istam

1784 1250 2076 1316 puritatem
2127 1254 2284 1306 vitam
2318 1268 2566 1309 nostram
2606 1257 2847 1325 reliquit.
2884 1257 3011 1311 llaec
3042 1259 3109 1311 de
3144 1260 3376 1310 antisti--

1789 1345 1960 1398 tibus.
1995 1345 2067 1398 De
2097 1346 2473 1399 sacerdotibus
2508 1349 2652 1401 enim
2697 1359 2750 1401 et
2795 1349 2917 1402 aliis
2949 1351 3163 1404 clericis
3195 1366 3380 1418 qu-xre

1783 1439 1977 1508 synodi
2019 1438 2252 1492 Niczcnm
2285 1455 2547 1495 canoncm
2586 1441 2860 1495 decimum
2902 1459 3141 1503 nonum,
3179 1445 3376 1514 synodi

1786 1531 2248 1585 Neocarsariensis
2292 1547 2555 1585 canonem
2617 1533 2647 1586 9
2705 1543 2755 1588 et
2814 1535 2916 1593 ll,
2979 1532 3162 1588 Basilii
3211 1536 3383 1606 386

1783 1639 2054 1680 canonem
2087 1625 2158 1678 27
2187 1638 2239 1680 et
2276 1626 2560 1695 Theophili
2591 1644 2655 1681 ex
2689 1631 3093 1683 commentario
3133 1646 3380 1684 canones

1790 1719 1845 1780 4,
1884 1719 1916 1772 5
1955 1726 2007 1771 ct
2055 1717 2107 1774 8.
2157 1719 2222 1771 Et
2257 1727 2384 1772 nota
2421 1734 2483 1773 ex
2520 1719 2607 1782 iis,
2645 1721 2790 1788 quod
2821 1722 3125 1776 antistitum
3156 1722 3378 1792 quidem

1787 1811 2060 1865 ordinatio
2088 1819 2141 1864 et
2179 1826 2366 1878 regum
2411 1812 2618 1876 unctio,
2655 1828 2775 1882 quae
2809 1822 2935 1865 ante
2972 1815 3375 1868 nrdinat'onem

1791 1913 1844 1957 et
1880 1904 2189 1958 unctionem
2237 1903 2480 1967 fuerunt,
2526 1904 2732 1960 delent.
2770 1904 3066 1974 Pmpterea
3097 1922 3241 1958 enim
3278 1907 3377 1959 lia-

1793 1998 1920 2050 bent
1964 2004 2288 2065 potestatem
2338 1997 2581 2066 cpisc0pi
2635 1998 2944 2052 remittendi
3004 2010 3267 2067 peccata;
3318 2009 3377 2051 ut

1790 2092 1881 2160 qni
1906 2106 2028 2145 cum
2055 2089 2293 2159 primum
2333 2091 2571 2145 ordinati
2599 2092 3088 2146 suntaudiverint:
3115 2093 3379 2156 Qua-mu-

1789 2201 1888 2253 que
1929 2184 2216 2253 ligaveritis
2261 2201 2419 2253 super
2466 2193 2663 2237 terram
2709 2197 2860 2238 erunt
2913 2185 3080 2255 ligata
3116 2188 3167 2239 in
3209 2188 3376 2251 rariis,

1790 2287 1838 2331 et
1872 2295 2191 2347 quiscunque
2219 2279 2478 2332 solveritis
2507 2295 2662 2347 super
2699 2287 2893 2332 terram
2925 2290 3080 2332 erunt
3111 2281 3287 2333 solum
3323 2282 3378 2332 in

1791 2370 1932 2425 malis
1969 2372 2036 2425 ".
2084 2370 2446 2425 Sacerdotium
2495 2379 2702 2435 autem,
2750 2381 2803 2432 ct
2839 2372 3070 2427 aliorum
3121 2375 3212 2441 qui
3250 2381 3378 2426 sunt

1793 2463 1844 2516 in
1895 2465 2089 2526 sacris,
2130 2461 2430 2528 ordinatio,
2486 2479 2648 2531 parva
2686 2465 2906 2533 quidem
2957 2475 3177 2534 peci-ata
3211 2468 3377 2530 delet,

1792 2536 2126 2610 consensum
2165 2557 2290 2612 dico
2319 2567 2374 2612 et
2405 2557 2779 2621 mendacium,
2813 2566 2866 2612 et
2896 2559 3095 2613 similia
3130 2577 3252 2629 qum
3285 2561 3380 2613 de-

1795 2651 2124 2721 positionem
2179 2665 2286 2702 non
2331 2649 2638 2715 inducunt;
2685 2665 2791 2703 non
2837 2661 3018 2704 autem
3053 2653 3375 2707 fornicatio-

1794 2759 1942 2796 nem.
1983 2740 2136 2794 Unde
2168 2755 2267 2794 nec
2311 2742 2631 2795 sacerdotes
2663 2753 2894 2810 possunt
2923 2754 3146 2811 peccata
3187 2746 3376 2797 remito

1797 2841 1932 2885 tere.
1985 2829 2048 2883 Et
2084 2829 2200 2899 lege
2235 2828 2704 2885 Neocaesariensis
2745 2847 2864 2902 syn.
2897 2848 3162 2886 cnnonem
3195 2835 3248 2896 9,
3280 2835 3375 2903 qui

1792 2924 1982 2980 eadem
2011 2923 2145 2978 dicit
2174 2923 2241 2978 dc
2274 2924 2675 2978 sacerdotibus.
2726 2923 2781 2978 In
2828 2925 2912 2980 his
2953 2935 3132 2980 autem
3185 2943 3250 2979 ne
3284 2927 3378 2981 tibi

1792 3017 2103 3070 contrarius
2147 3015 2395 3068 videatur
2454 3030 2628 3068 canon
2698 3017 2757 3068 l7
2792 3028 3104 3071 sanctorum
3161 3028 3382 3086 aposto-

1796 3104 1995 3167 lorum,
2032 3104 2248 3166 dicens,
2278 3104 2380 3170 Qui
2408 3104 2624 3160 duobus
2659 3106 3022 3160 matrimoniis
3053 3117 3174 3174 post
3201 3107 3380 3175 bapti-

1794 3212 1974 3252 smum
2015 3196 2114 3250 fuit
2141 3197 2452 3266 colligatus,
2489 3197 2571 3249 vel
2617 3196 2810 3250 habuit
2842 3197 3230 3260 concubinam,
3271 3215 3378 3253 non

1789 3299 1967 3362 potest
1995 3305 2119 3345 esse
2149 3292 2463 3359 episcopus,
2500 3299 2596 3344 aut
2625 3290 2935 3360 presbyter,
2970 3299 3063 3344 aut
3085 3292 3376 3359 diacoans,

1787 3384 1868 3438 vel
1892 3385 2116 3437 omnino
2148 3385 2200 3436 in
2237 3384 2489 3452 catalogo
2518 3384 2884 3447 sacerdotali;
2917 3398 3094 3453 neque
3132 3386 3378 3443 decimus

1785 3486 2012 3531 octavus
2059 3475 2252 3529 eadem
2319 3476 2432 3530 fere
2487 3483 2760 3529 statuens.
2823 3475 2929 3529 Sed
2977 3476 3165 3545 accipe
3217 3477 3376 3541 illud,

1787 3585 1928 3634 esse,
1968 3585 2086 3636 pro,
2122 3568 2280 3636 ﬁeri;
2316 3579 2370 3624 ct
2395 3569 2505 3633 dic,
2540 3569 2686 3638 quod
2733 3583 2919 3634 nemo,
2957 3570 3048 3640 qui
3081 3570 3160 3624 sic
3191 3571 3379 3640 lapsus

1786 3671 1888 3724 est,
1922 3661 2216 3730 episcopali
2258 3661 2338 3714 vel
2373 3660 2708 3715 sacerdotali
2743 3662 2944 3716 honori
2981 3663 3180 3732 dignus
3206 3663 3378 3718 liabe-

1785 3751 1954 3805 bitur.
1992 3751 2094 3815 Qui
2141 3762 2323 3804 autem
2371 3760 2572 3820 praeter
2609 3751 2831 3806 decreta
2872 3752 3073 3821 dignus
3120 3752 3376 3819 habetur,

1787 3840 2058 3911 siquidem
2107 3849 2191 3895 est
2223 3840 2539 3910 episcopus,
2590 3857 2698 3894 non
2740 3842 3110 3911 postulabitur
3155 3841 3379 3913 propter

1787 3933 1964 3987 dictas
1997 3947 2218 4001 causas,
2251 3943 2304 3986 et
2331 3933 2476 4003 quod
2515 3933 2789 3990 antistites
2825 3929 2949 3987 cum
2981 3935 3217 4004 primum
3251 3946 3380 3991 sunt

1786 4025 2047 4088 ordinati,
2085 4038 2192 4076 non
2235 4025 2412 4077 solum
2465 4026 2774 4093 apostolica
2817 4029 2989 4094 gratia
3037 4028 3186 4098 digni
3220 4041 3375 4097 sunt,

1788 4115 1882 4168 scd
1921 4115 2085 4168 etiam
2123 4114 2466 4182 prophetica.
2516 4115 2606 4169 Sic
2648 4115 2794 4169 enim
2829 4127 2883 4170 et
2916 4117 3044 4171 Saul
3077 4119 3218 4172 inter
3249 4136 3379 4188 pro-

1790 4212 2004 4279 phetas,
2067 4217 2123 4262 et
2189 4197 2430 4276 Caiphas
2497 4208 2704 4263 invitus
2765 4211 3191 4278 prophetizavit.
3251 4215 3380 4269 Erat

1787 4303 1954 4361 enim,
1987 4302 2187 4371 inquit,
2220 4299 2461 4369 pontifex
2493 4300 2623 4354 anni
2657 4300 2826 4356 illius.
2867 4299 2963 4355 Sin
3000 4305 3260 4359 sacerdos
3284 4305 3376 4371 sit,

1787 4402 1879 4448 aut
1913 4394 2052 4448 alius
2094 4394 2273 4449 sacris
2311 4394 2589 4457 initiatus,
2625 4393 2956 4463 deponetur.
2995 4392 3138 4464 Lege
3167 4404 3220 4450 et
3254 4411 3376 4466 cap.

1787 4487 1856 4540 ‘29
1891 4488 1972 4540 tit.
2007 4486 2039 4540 9
2083 4486 2372 4555 praesentis
2417 4486 2623 4554 operis,
2659 4495 2715 4540 et
2757 4485 3008 4542 invenies
3041 4487 3094 4540 in
3131 4502 3196 4542 eo
3231 4487 3378 4555 leges

83 4591 400 4654 τάγματος,
437 4586 529 4637 καὶ
574 4584 832 4655 εὑρήσεις
874 4585 931 4636 ἐν
970 4583 1118 4652 αὑτῷ
1159 4581 1360 4651 νόμους
1399 4583 1683 4652 διαφίρους

1793 4581 2062 4642 diversas,
2104 4595 2226 4648 qua:
2268 4581 2438 4632 multa
2482 4578 2549 4632 de
2595 4579 2981 4633 sacerdotibus
3023 4590 3080 4633 et
3129 4579 3252 4634 aliis
3283 4581 3377 4650 qui

89 4679 270 4731 πολλὰ
303 4677 429 4747 περὶ
463 4679 651 4746 ἱερέων
682 4678 776 4728 καὶ
807 4677 1007 4745 ὲτερων
1041 4675 1355 4745 ἱερωμένων
1385 4674 1686 4744 διαλαμϐά-

86 4788 289 4832 νοντας
313 4809 327 4834 ,
360 4771 677 4822 ἐπισκόπων
707 4769 762 4820 δὲ
796 4768 931 4830 ὅλως
969 4768 1162 4837 μνείαν
1197 4766 1271 4837 μὴ
1304 4769 1681 4836 ποιουμένους.

169 4863 412 4920 ΖΩΝΑΡ.
452 4863 524 4917 Τὸ
559 4861 785 4915 παλαιὸν
818 4861 878 4914 τὸ
917 4861 1015 4931 μὲν
1050 4863 1311 4930 κήρυγμα
1347 4859 1593 4930 ἐδέχοντο
1633 4862 1684 4914 οί

90 4957 340 5017 πλείους,
374 4955 466 5007 καὶ
503 4953 787 5008 ἐπίστευον
844 4954 920 5022 τῷ
956 4953 1194 5023 Χριστῷ,
1230 4953 1588 5024 βαπτίζεσθαι
1623 4953 1680 5009 δὲ

93 5047 505 5118 ὑπερετίθεντο.
547 5048 637 5102 Διὸ
675 5049 769 5099 καὶ
809 5049 836 5100 ό
876 5048 1134 5114 Θεολόγος
1178 5047 1478 5116 Γρηγόριος
1522 5046 1614 5098 καὶ
1653 5047 1682 5100 ὁ

96 5144 274 5212 μέγας
309 5141 583 5202 Βασίλειος
608 5145 732 5201 τοὺς
765 5142 841 5201 εἰς
869 5140 927 5191 τὸ
957 5139 1109 5208 ἅγιον
1141 5139 1422 5208 βάπτισμα
1454 5155 1685 5207 προτρε-

93 5237 332 5295 πτικους
360 5234 766 5302 συνεγράψαντο
795 5233 1008 5301 λόγους.
1026 5229 1204 5285 Ἶισαν
1228 5231 1319 5286 οὖν
1345 5235 1400 5284 ὲν
1423 5234 1534 5294 τοῖς
1565 5249 1687 5284 και..

98 5332 221 5401 ροῐς
258 5327 366 5379 τῶν
403 5327 657 5395 διωγμῶν
697 5325 928 5378 τοιοῦτοι
973 5324 1178 5386 πολλοὶ,
1223 5323 1539 5388 Χριστιανοὶ
1585 5322 1684 5391 μὲν

97 5425 258 5482 ὅντες
280 5464 292 5485 ,
333 5422 499 5491 μήπω
532 5422 586 5474 δὲ
626 5419 1036 5490 βαπτισθέντες.
1068 5420 1237 5487 Φησὶν
1275 5415 1366 5473 οὖν
1403 5416 1533 5488 περὶ
1567 5417 1686 5468 τού-

97 5533 214 5566 ’των
241 5517 266 5565 ὁ
297 5512 472 5564 κανὼν
499 5513 601 5576 ὅτι,
636 5514 728 5566 ἐάν
753 5531 894 5576 τινες
927 5512 1127 5565 ἔθυσαν
1156 5509 1581 5578 κατασχεθέντες
1612 5509 1686 5571 ὡς

97 5605 459 5674 Χριστιανοὶ,
493 5605 788 5672 ἀφώτιστοι
817 5604 872 5657 δὲ
906 5606 1057 5668 ὄντες
1093 5603 1230 5673 μετὰ
1257 5603 1431 5657 ταῦτα
1462 5600 1686 5654 ἐϐαπτί-

98 5700 335 5766 σθησαν,
366 5697 516 5749 οὐδὲν
545 5697 739 5762 αὐτοὺς
772 5698 971 5752 κωλύει
999 5697 1058 5750 τὸ
1091 5695 1252 5749 θῦσαι
1285 5697 1362 5758 εἰς
1393 5695 1450 5746 τὸ
1487 5710 1690 5764 προαρ-

179 5884 222 5910 ῖ⁵
262 5880 448 5933 Matth.
488 5895 597 5941 XVI,
649 5878 732 5932 19.

1789 4681 1918 4729 sunt
1968 4672 2022 4726 in
2069 4670 2245 4725 sacris
2296 4679 2574 4735 tractent;
2615 4671 2998 4740 episcoporum
3036 4684 3220 4728 autem
3256 4688 3377 4727 om-

1788 4767 1920 4821 nino
1956 4764 2283 4820 ιιιυηιὶοιιθιιι
2315 4778 2422 4818 non
2455 4762 2684 4817 faciunt.

1861 4855 2112 4913 ZONAR.
2155 4854 2410 4925 Mysteria
2440 4855 2666 4924 quidem
2691 4855 2821 4909 olim
2850 4865 3054 4912 nostra:
3090 4859 3375 4931 religioni;

1787 4949 1972 5003 audita
2006 4947 2189 5016 plures
2215 4945 2596 5009 admittebant,
2630 4962 2696 5000 ac
2726 4948 2872 5013 lidei,
2908 4963 3028 5018 quae
3057 4949 3123 5004 de
3153 4951 3378 5008 Christo

1789 5050 1893 5104 est,
1932 5040 2092 5108 plane
2125 5037 2614 5103 assontiebantur;
2652 5037 2747 5092 sed
2789 5039 3042 5108 baptismi
3074 5042 3218 5097 diem
3259 5045 3379 5100 lon-

1794 5135 1915 5202 gius
1959 5129 2319 5184 nihilominus
2352 5129 2739 5183 extrahebant.
2788 5128 2866 5183 Ex
2902 5147 3011 5198 quo
3047 5144 3097 5187 ct
3130 5132 3375 5202 Gregorii

1795 5225 2051 5293 Theologi
2086 5234 2139 5277 et
2167 5222 2348 5291 magni
2383 5219 2566 5274 Basilii
2609 5221 2912 5286 orationes,
2947 5225 3143 5292 quibus
3178 5226 3244 5278 ad
3281 5228 3379 5280 ba-

1796 5321 2051 5390 ptismum
2088 5315 2472 5375 hortabantur,
2511 5313 2794 5368 exstitere.
2834 5315 3004 5369 Erant
3057 5318 3238 5384 itaque
3285 5334 3379 5388 per

1795 5429 1855 5467 ea
1898 5421 2166 5479 tempora,
2203 5407 2403 5474 quibus
2451 5422 2564 5461 rem
2613 5408 2984 5461 Christianam
3037 5411 3256 5479 tyranni
3290 5413 3371 5465 di-

1795 5507 2088 5566 vexabant,
2121 5499 2393 5571 ejusmodi
2431 5500 2681 5555 homines
2725 5501 2862 5553 haud
2897 5503 3082 5570 pauci,
3114 5504 3208 5572 qui
3253 5519 3373 5557 cum

1796 5596 2107 5653 Christiana
2162 5592 2503 5663 professione
2554 5601 2936 5656 censerentur,
2990 5595 3258 5662 baptismo
3293 5607 3376 5646 ta-

1799 5706 1917 5744 tncn
1974 5701 2319 5757 nequaquam
2367 5683 2542 5738 adhuc
2596 5685 2797 5752 cxpiati
2857 5684 3115 5741 fuissent.
3169 5685 3244 5741 De
3294 5686 3378 5742 his
