4164 6426
1131 317 1148 343 υ

110 392 237 458 1161

1235 389 1314 446 IN
1354 386 1520 448 CAN.
1559 386 1689 445 XlV
1715 383 1922 443 CONC.
1969 383 2224 442 ANCYR.

3216 377 3344 448 11ΰῖ

105 513 227 563 κατ’
264 506 568 578 ἐπιτροπὴν
603 504 782 558 αὑτῶν
806 503 1143 566 ἐπισκόπων,
1169 505 1227 554 ού
1262 504 1534 572 συγχωρεῖ
1565 503 1676 562 τοῖς

1795 498 1900 552 ιίιιο
1932 500 2077 552 illius
2118 499 2384 553 sententia
2421 499 2489 552 ad
2522 499 2946 554 ecclesiasticum
2984 500 3345 557 ministeriun:

110 617 254 668 χωρε
271 601 552 660 πισκόποις
578 598 704 650 ἄνευ
732 596 958 666 γνώμης
982 595 1147 649 αὑτοῦ
1178 613 1300 647 τινα
1357 596 1436 656 εἰς
1483 593 1677 662 ἐκκλη-

105 689 399 758 σιαστικὴν
435 690 738 758 ὑπηρεσίαν
777 686 1206 757 παραδέχεσθαι’
1263 685 1398 737 ἀλλά
1447 685 1678 748 κατεξε-

103 779 371 842 τάζεσθαι
411 779 508 846 μὲν
540 780 662 841 τοὺς
695 776 878 841 ἀξίους
906 778 1056 846 παρὰ
1079 777 1187 829 τῶν
1222 775 1676 846 χωρεπισκόπων,

103 869 199 919 καὶ
256 866 680 936 παραδέχεσθαι.
726 868 802 935 μὴ
845 865 1202 934 συναριθμεῖν
1239 864 1296 915 δὲ
1355 863 1549 923 αὐτοὺς
1603 861 1680 929 τῷ

102 961 295 1029 κλήρῳ
327 961 430 1029 προ
459 959 554 1012 τοῦ
602 960 914 1026 ἀνενεγκεῖν
971 957 1118 1026 αύτῷ
1172 957 1241 1009 τὰ
1291 957 1419 1024 περὶ
1477 953 1677 1006 αὐτῶν.

105 1050 607 1121 Χωρεπέσκοποιδέ
626 1052 766 1101 εἰσιν
783 1052 830 1102 οἱ
855 1049 1097 1119 σήμερον
1119 1048 1175 1100 ἐν
1202 1064 1313 1100 τισι
1343 1046 1558 1115 κώμαις
1585 1047 1681 1097 καὶ

104 1142 313 1213 χώραις
346 1141 784 1212 πρωτοπαπσὶδες
813 1142 1117 1209 λεγόμενοι.

709 1235 948 1288 ΚᾹΝΩΝ
983 1232 1081 1292 ΙΔ’.

105 1341 127 1376 ι
167 1325 306 1387 Τοὺς
326 1326 380 1376 ἐν
418 1325 625 1396 κλήρῳ,
661 1325 1071 1394 πρεσϐυτέρους
1106 1325 1136 1395 ἢ
1169 1324 1452 1387 διακόνους
1498 1325 1682 1390 ὄντας,

181 1437 198 1468 ι
237 1417 619 1485 ἀπεχομένους
667 1416 870 1486 κρεῶν,
926 1416 1106 1482 ἔδοξεν
1169 1415 1534 1482 ἐφάπτεσθαι,
1591 1416 1686 1469 καὶ

185 1528 200 1558 ι
239 1508 435 1569 οὕτως,
469 1509 516 1559 ει
557 1507 858 1576 βούλοιντο,
895 1509 1122 1577 κρατεῖν
1169 1507 1399 1558 ἑαυτῶν·
1435 1508 1483 1558 εὶ
1516 1507 1571 1558 δὲ
1609 1508 1684 1576 μὴ

183 1618 200 1650 ι
245 1599 544 1667 βούλοιντο,
579 1597 657 1660 ὡς
687 1598 821 1667 μηδέ
875 1600 942 1650 τὰ
974 1596 1116 1665 μετὰ
1155 1597 1334 1666 κρεῶν
1375 1597 1684 1666 βαλλόμενα

184 1709 203 1742 ¢
244 1690 452 1759 λάχανα
476 1689 700 1754 ἐσθίειν,
739 1689 832 1742 καὶ
870 1689 1002 1760 μηδὲ
1061 1689 1340 1742 ὑπείκοιεν
1370 1687 1446 1757 τῷ
1475 1689 1681 1752 κανόνι,

176 1801 194 1832 ί
246 1780 564 1833 πεπαῦσθαι
588 1781 786 1842 αὐτοὺς
819 1781 915 1849 τῆς
949 1781 1175 1844 τάξεως.
1224 1801 1242 1831 ι

1783 591 2096 660 quempiam
2132 593 2461 655 admittere;
2499 591 2591 646 sed
2629 591 2823 659 dignos
2861 592 3082 661 quidem
3119 609 3148 645 a
3186 594 3348 647 chor—

1781 683 2056 750 episcixpis
2093 683 2314 750 inquiri,
2346 693 2397 736 et
2431 683 2669 744 admitti,
2706 700 2812 739 non
2854 693 3032 739 autem
3079 686 3226 741 clero
3255 702 3352 742 eos

1781 789 2198 836 connumerare,
2228 771 2543 844 priusquam
2570 793 2689 846 quae
2718 778 2784 830 ad
2818 793 2912 831 eos
2940 787 3214 847 spectant,
3249 780 3351 848 ipsi

1780 867 2040 934 epist-apo
2076 867 2403 921 retulerunt.
2447 867 2837 937 Chorepiscopi
2876 878 3054 924 autem
3093 881 3224 923 sunt
3257 871 3347 939 qui

1783 973 1923 1010 nunc
1949 958 2000 1009 in
2031 957 2354 1025 quibusdam
2381 959 2514 1013 vicis
2531 968 2582 1013 et
2617 959 2930 1028 regionibus
2954 965 3350 1032 protopapadcs

1783 1049 2160 1108 nominantur.

2359 1229 2589 1286 CANON
2634 1232 2773 1286 XIV.

1789 1341 1806 1372 ‹
1848 1323 1951 1378 Eos
1980 1324 2070 1392 qui
2106 1325 2156 1377 iu
2194 1325 2343 1379 clero
2385 1336 2532 1390 sunt,
2572 1329 2920 1396 presbyteros
2953 1329 3034 1382 vel
3074 1331 3350 1388 diaconos.

1862 1429 1879 1460 ‹
1921 1425 1947 1462 a
1991 1413 2253 1468 earnibus
2289 1414 2652 1479 abstinentes,
2685 1417 2888 1484 placuit
2920 1419 3038 1472 illas
3067 1421 3350 1489 attingere,

1864 1523 1881 1554 ι
1922 1513 1973 1556 et
2011 1505 2114 1567 sic,
2164 1505 2209 1559 si
2245 1507 2435 1570 velint,
2470 1507 2536 1560 ab
2566 1508 2646 1561 eis
2685 1508 2964 1563 abstinere
3001 1527 3013 1562 :
3052 1512 3135 1564 sin
3174 1523 3353 1571 autem

1864 1613 1881 1644 ι
1925 1596 2122 1658 nolint,
2157 1606 2217 1650 ut
2247 1612 2346 1652 nec
2385 1598 2554 1661 olera,
2584 1615 2702 1668 qua:
2737 1615 2860 1654 cum
2891 1602 3150 1657 carnibus
3177 1619 3357 1671 appo—

1861 1706 1878 1737 ‹
1918 1700 2143 1751 nuntur,
2183 1693 2494 1751 comedere,
2527 1699 2581 1743 et
2625 1692 2824 1745 canoni
2875 1707 2980 1746 nou
3025 1695 3242 1757 cedant,
3290 1697 3355 1753 ab

1861 1793 1876 1822 ι
1916 1775 2110 1830 ordine
2145 1792 2385 1832 cessare.
2426 1799 2443 1829 ι

178 1873 376 1926 ΒΛΛΣ.
419 1873 500 1923 Τά
543 1871 647 1943 μὲν
681 1872 1052 1941 περιεχόμενα
1087 1872 1162 1937 τῷ
1205 1872 1551 1942 ἀποστολικῷ
1598 1879 1674 1926 να⁹

1857 1865 2051 1920 BALS.
2095 1868 2226 1934 Quae
2271 1871 2574 1939 apostolico
2623 1888 2834 1928 canone
2879 1876 2941 1927 51
2982 1877 3357 1940 continentur.

103 1965 298 2016 κανόνι
358 1964 517 2033 χάριν
575 1963 684 2014 τῶν
740 1963 1102 2032 ἀπεχομένων
1148 1965 1349 2030 γάμου,
1392 1964 1534 2016 οἴνου
1587 1965 1680 2016 καὶ

101 2054 308 2122 κρεῶν,
337 2052 879 2124 προηρμηνεύθησαν
911 2055 1111 2105 ἐκεῖσε*
1156 2055 1280 2106 ἐπεὶ
1330 2054 1387 2107 δὲ
1415 2055 1680 2126 διελὴφθη

103 2148 164 2196 ἐν
199 2145 276 2214 τῷ
309 2145 535 2215 τοιούτῳ
566 2144 754 2197 κανόνι
788 2144 862 2214 μὴ
879 2144 1207 2208 κολάζεσθαι
1237 2147 1365 2208 τοὺς
1404 2146 1487 2199 διὰ
1508 2147 1681 2216 ἀσκη-

102 2254 188 2289 σιν
231 2237 620 2306 νηστεύοντας,
655 2236 794 2290 ἀλλὰ
852 2239 1220 2307 τιμωρεῖσθαι
1252 2238 1380 2302 τοὺς
1435 2238 1684 2309 βλασφη-

104 2329 347 2396 μοῦντας
396 2329 538 2382 κατὰ
598 2328 706 2380 τῶν
776 2329 1106 2397 οἰκονομιῶν
1158 2328 1253 2381 τοῦ
1311 2329 1468 2380 Θεοῦ’
1537 2329 1683 2392 εἰκὸς

97 2420 162 2472 δὲ
221 2420 395 2471 εἰπεῖν
429 2435 605 2484 τινας,
656 2421 764 2472 Καὶ
799 2419 962 2472 πόθεν
1009 2420 1449 2489 ἀναφανήσονται
1499 2420 1548 2472 oi
1596 2419 1683 2473 διὰ

99 2510 314 2578 ἀγαθὸν
343 2513 543 2581 τρόπον
571 2512 666 2564 καὶ
705 2512 755 2564 oi
781 2511 868 2564 διὰ
910 2511 1113 2580 φαῦλον
1174 2512 1564 2579 νηστεύοντεςς
1630 2514 1682 2564 ot

100 2601 202 2667 τῆς
235 2601 520 2669 παρούσης
557 2601 775 2653 συνόδου
809 2601 1053 2671 Πατέρες
1086 2601 1345 2670 εὐμαρῶς
1390 2601 1484 2654 καὶ
1525 2601 1684 2655 τοῦτο

99 2690 502 2759 διηυλήτωσαν.
568 2691 819 2759 Ἐφασαν
852 2693 982 2762 γὰρ,
1006 2693 1080 2753 ὡς
1115 2693 1175 2746 ΕΞ
1205 2692 1488 2762 βούλονται
1517 2696 1568 2746 οῖ
1591 2713 1686 2764 νηο

101 2778 390 2842 στεύοντες
438 2780 586 2835 ἆπαν
645 2781 945 2835 σκάνδαλον
999 2785 1380 2854 περιαιρῆσαι,
1447 2785 1686 2852 ἐφαπτέ-

103 2869 324 2920 σθωσαν
357 2871 517 2940 μόνον
564 2872 671 2924 τῶν
699 2873 898 2941 κρεῶν,
936 2874 1028 2927 καὶ
1055 2875 1214 2928 πάλιν
1249 2877 1682 2944 νηστευέτωσαν,

100 2962 156 3013 εἰ
193 2961 499 3030 αἱροῦνται.
541 2963 601 3014 Εἰ
659 2963 715 3016 δὲ
747 2965 907 3017 τοῦτο
942 2966 1002 3017 ού
1046 2968 1384 3035 ποιήσουσιν,
1420 2965 1533 3018 ἀλλ’
1565 2968 1685 3020 οὐδὲ

101 3049 173 3103 τὰ
208 3051 414 3121 λάχανα
445 3052 511 3104 τὰ
545 3052 683 3121 μετά
710 3053 818 3106 τῶν
849 3055 1028 3123 κρεῶν
1060 3054 1365 3126 βαλλόμενα
1393 3056 1684 3120 ἐσθίουσιν,

1784 1960 1850 2013 .le
1884 1960 1951 2014 iis
1984 1961 2072 2028 qui
2110 1975 2138 2013 a
2173 1961 2377 2030 nuptiis
2421 1969 2476 2015 et
2508 1963 2632 2016 vino
2673 1974 2726 2017 et
2768 1967 3022 2020 carnibus
3061 1968 3355 2033 abstinent,

1785 2050 1893 2104 illic
1930 2063 2058 2106 sunt
2097 2055 2366 2121 exposita.
2421 2055 2692 2118 Quoniam
2737 2065 2919 2110 autem
2958 2060 3009 2111 in
3053 2074 3118 2113 eo
3150 2076 3356 2114 canone

1785 2153 2074 2198 tractatum
2106 2154 2209 2209 est,
2234 2161 2328 2200 eos
2361 2163 2465 2199 non
2501 2148 2805 2216 puniendos
2831 2151 2922 2217 qui
2957 2163 3176 2219 propter
3204 2170 3360 2208 exer-

1784 2237 2101 2289 citationem
2142 2236 2431 2305 jejunent;
2471 2239 2565 2291 sed
2603 2255 2695 2294 eus
2726 2255 2845 2293 esse
2884 2245 3237 2307 coercendos,
3269 2250 3355 2315 qui

1785 2328 2048 2383 adversus
2081 2330 2172 2382 Dei
2224 2329 2586 2382 meonomiam
2635 2330 2899 2384 maledice
2936 2331 3361 2404 blasphemeun

1784 2419 2082 2490 loquuntur
2109 2438 2123 2485 ;
2153 2432 2236 2481 est
2267 2430 2445 2474 autem
2482 2422 2778 2476 verisimile
2813 2424 3019 2478 dixisse
3048 2429 3361 2495 nonnullos,

1789 2512 1854 2566 Et
1898 2513 2171 2566 undenam
2211 2527 2238 2566 a
2273 2513 2431 2566 nobis
2461 2524 2865 2582 cognoscentur
2909 2520 3000 2586 qui
3038 2520 3179 2575 bono
3214 2537 3362 2578 more

1783 2615 1838 2661 et
1871 2605 1963 2674 qui
1999 2604 2453 2674 malojejunaut?
2493 2609 2776 2674 prmsentis
2807 2610 2996 2678 synodi
3036 2611 3224 2666 l’atres
3263 2613 3366 2668 hnc

1786 2711 2003 2765 queque
2053 2695 2211 2749 facile
2257 2696 2644 2750 dissolverunt.
2699 2699 2892 2752 Dicunt
2924 2701 3092 2765 enim,
3135 2705 3278 2771 quod
3309 2704 3366 2761 Si

1788 2790 1999 2853 volunt,
2053 2788 2144 2855 qui
2199 2787 2478 2857 jejunant,
2541 2805 2758 2843 omnem
2810 2791 3167 2848 oﬂ'eusionem
3224 2797 3364 2863 tolli,

1787 2895 1984 2935 carnes
2022 2888 2229 2934 tantum
2277 2881 2569 2950 attingant,
2606 2892 2658 2935 et
2695 2883 2946 2950 jejunent
2982 2887 3027 2940 si
3067 2887 3234 2940 velint
3271 2905 3284 2940 :
3323 2892 3365 2948 si

1790 2982 1976 3028 autem
2015 2972 2119 3026 hoc
2152 2988 2261 3026 non
2298 2971 2519 3036 facient,
2559 2972 2652 3028 sed
2689 2990 2861 3042 neque
2901 2976 3046 3028 olera
3090 2993 3210 3045 qua:
3239 2996 3367 3044 sun;

1790 3082 1913 3121 cum
1958 3065 2220 3120 carnibus
2271 3065 2469 3134 injecta
2525 3067 2840 3132 comedunt,
2885 3069 3107 3123 omnino
3163 3073 3232 3125 ab
3263 3077 3366 3142 epi-

101 3143 542 3213 ἁναγκαζόμενοι
565 3145 778 3208 πάντως
799 3163 874 3198 πα
885 3147 949 3214 ρὰ
969 3145 1390 3216 τοῦἐπισκόπου
1413 3150 1476 3202 ἐκ
1511 3167 1688 3220 προσ-ο

1795 3173 1963 3227 scopo
2000 3158 2177 3212 coacti
2221 3173 2286 3211 ex
2337 3159 2647 3228 aliquorum
2699 3159 3134 3226 denuntiatione,
3181 3165 3371 3234 depre-

103 3236 374 3305 αγγελίας
406 3237 590 3301 τινῶν,
642 3237 1164 3307 καταλαμϐάνονται
1221 3241 1309 3295 διὰ
1356 3243 1556 3311 τρόπον
1588 3244 1688 3296 οὑκ

101 3328 315 3396 ἀγαθὸν
347 3328 652 3396 ἀπέχεσθαι
677 3328 787 3382 τῶν
818 3331 1020 3400 κρεῶν,
1052 3331 1144 3384 καὶ
1185 3333 1684 3406 καθαιρείσθωσαν,

101 3418 183 3481 ὡς
217 3418 291 3486 μὴ
325 3418 402 3488 τῷ
444 3418 630 3471 κανόνι
667 3419 1118 3490 ὑποτασσόμενοι.
1153 3423 1352 3487 Καλῶς
1411 3425 1467 3477 δὲ
1508 3427 1687 3478 ἐκεῖσε

107 3511 217 3580 μὲν
249 3512 276 3562 6
305 3509 486 3564 κανὼν
518 3506 674 3564 εἶπεν
713 3513 745 3583 ἢ
784 3512 1117 3584 παύεσθαιῆ
1154 3514 1541 3585 καθαιρεῖσθαι
1563 3518 1688 3570 τού-

102 3619 238 3664 τους
267 3618 282 3634 ⁸
315 3603 551 3657 ἐνταῦθα
589 3603 646 3655 δέ
671 3603 943 3656 παύεσθαι
998 3606 1098 3674 τῆς
1127 3605 1334 3671 τάξεως
1366 3609 1415 3660 οἱ
1446 3608 1689 3678 Πατέρες

104 3693 462 3764 διωρίσαντο.
500 3695 626 3746 Ἔτι
683 3693 791 3764 γάρ
822 3695 916 3748 τοῦ
953 3697 1260 3767 ἀμφιϐόλου
1311 3698 1386 3769 μὴ
1415 3699 1688 3764 λυθέντος,

105 3785 317 3855 ὤφειλε
342 3787 559 3850 πάντως
591 3785 620 3838 ὁ
651 3787 979 3858 αἰτιώμενος
992 3790 1445 3860 παρεγγυηθῆναι
1476 3808 1692 3861 περιαι-

113 3880 285 3948 ρῆσαι
330 3879 416 3932 διὰ
447 3878 540 3931 τοῦ
574 3881 979 3951 κρεωφαγῆσαι
1003 3881 1063 3934 τὸ
1090 3882 1519 3948 σκάνδαλον,καὶ
1550 3885 1692 3938 οὕτω

109 3972 549 4042 κατακριθῆναι.
597 3973 866 4028 Ἐνταῦθα
898 3973 955 4028 δὲ
985 3974 1082 4045 τῆς
1109 3975 1349 4046 ὑποψίας
1373 3995 1693 4047 περιαιρουο

109 4063 292 4132 μένης
320 4061 410 4115 διὰ
432 4063 532 4132 τῆς
575 4065 1034 4137 ὑποτυπωθείσης
1070 4069 1387 4138 οἰκονομίας
1417 4069 1568 4138 παρά
1583 4070 1693 4123 τῶν

111 4153 398 4222 Πατέρων,
453 4155 512 4221 ἐξ
565 4156 810 4228 ἀνάγκης
847 4159 874 4210 6
917 4157 992 4228 μὴ
1047 4160 1191 4213 κατά
1257 4159 1464 4232 ταύτην
1523 4163 1694 4217 ποιῶν

111 4244 465 4315 καθαιρεῖται
503 4247 861 4303 ἀπεντεῦθεν.
916 4251 1067 4305 Ἐπεὶ
1095 4251 1151 4304 δὲ
1182 4253 1570 4326 πρεσϐυτέρων
1603 4257 1694 4310 καὶ

111 4338 383 4391 διακόνων
423 4339 602 4408 μόνων
639 4340 889 4413 ἐμνήσθη
921 4345 948 4396 6
975 4343 1168 4412 παρὼν
1201 4345 1404 4413 κανὼν,
1438 4349 1466 4399 6
1507 4348 1564 4400 δὲ
1597 4351 1695 4420 ρη-

111 4430 232 4492 θεὶς
281 4434 643 4498 ἀποστολικὸς
717 4436 898 4490 κανὼν
949 4436 1168 4490 πάντων
1229 4439 1336 4495 τῶν
1392 4439 1691 4510 ἀνθρώπων

1795 3251 2110 3304 henduntur
2134 3265 2243 3305 non
2279 3250 2423 3306 bono
2451 3267 2602 3305 more
2629 3267 2658 3305 a
2690 3253 2954 3308 carnibus
2993 3257 3286 3322 abstinuere,
3318 3269 3368 3319 et

1793 3344 2156 3412 deponantur,
2210 3352 2266 3396 ut
2311 3345 2404 3412 qui
2450 3343 2646 3397 canoni
2694 3360 2801 3397 non
2862 3346 3153 3402 obediant.
3202 3348 3371 3404 Recte

1794 3443 1974 3487 autem
2027 3434 2162 3488 dixit
2197 3433 2307 3488 illic
2342 3449 2540 3497 canon,
2587 3449 2681 3488 eos
2739 3436 2818 3489 vel
2865 3453 3105 3498 cessare.
3146 3441 3226 3494 vel
3277 3442 3369 3495 de.-

1793 3526 1944 3593 poni.
1983 3523 2084 3580 Hic
2122 3534 2302 3580 autem
2335 3540 2428 3581 eos
2467 3528 2535 3582 ab
2566 3527 2758 3581 ordine
2800 3543 3016 3583 cessare
3052 3529 3242 3588 Patres
3271 3534 3358 3589 de.

1796 3615 2007 3672 (iniere.
2053 3619 2191 3671 Cum
2227 3617 2371 3672 enim
2415 3618 2642 3672 dubium
2678 3619 2861 3674 adhuc
2894 3637 3002 3675 non
3036 3631 3182 3677 esset
3223 3627 3368 3680 solli:

1796 3716 1938 3773 tum,
1987 3709 2219 3765 debebat
2270 3711 2528 3776 omnino,
2581 3712 2674 3781 qui
2735 3713 3132 3778 accusabatur,
3181 3715 3372 3784 jubere

1797 3802 2068 3858 vescendo
2109 3817 2329 3857 carnem
2376 3803 2569 3856 tollere
2616 3804 2938 3858 scandalum
2969 3846 2985 3870 ,
3025 3812 3077 3861 et
3127 3808 3206 3860 sic
3237 3824 3370 3865 con-

1797 3895 2067 3949 demnari.
2108 3892 2205 3949 Hic
2231 3902 2412 3948 autem
2455 3894 2635 3949 ablata
2677 3897 2990 3964 suspicione
3025 3912 3118 3965 per
3145 3915 3372 3958 meum),

1797 3981 1962 4034 miam
1993 3996 2023 4033 a
2058 3979 2316 4036 Patribus
2350 3981 2706 4049 descriptam,
2752 3991 3088 4057 necessario,
3140 3972 3230 4061 qui
3267 4011 3370 4046 non

1798 4071 1931 4125 facit
1962 4072 2010 4126 ei
2043 4073 2462 4137 convenienter,
2501 4088 2565 4129 eo
2600 4075 2719 4144 ipso
2753 4079 3069 4147 deponitur.
3102 4083 3369 4150 QuOniam

1798 4175 1977 4220 autem
2008 4165 2172 4235 39o
2196 4166 2641 4236 presbyteromm
2671 4175 2726 4224 et
2747 4170 3102 4230 diaconorum
3129 4178 3369 4232 solorum

1801 4260 2048 4318 meminit
2086 4275 2330 4329 prasens
2361 4276 2561 4328 canon,
2619 4262 2801 4317 dictus
2836 4275 3016 4320 autem
3046 4283 3220 4321 canon
3247 4283 3375 4339 apo.-

1799 4350 2033 4406 stolicus
2084 4351 2328 4404 omnium
2383 4351 2668 4407 hominum
2723 4356 2970 4409 meminit
3029 4373 3044 4411 :
3099 4358 3264 4413 debes
3314 4369 3373 4416 tu

1798 4457 2039 4511 quoque,
2067 4458 2187 4512 quae
2215 4443 2327 4497 illic
2359 4444 2506 4498 dicta
2536 4455 2695 4509 sunt,
2732 4446 2798 4500 ad
2825 4462 3013 4502 oumes
3057 4451 3372 4506 extendere.

115 4523 415 4592 μέμνηται,
451 4525 688 4594 ὀφείλεις
720 4529 812 4579 καὶ
845 4529 911 4585 σὺ
953 4527 1021 4585 τὰ
1055 4527 1294 4581 ἐνταῦθα
1348 4529 1689 4600 διορισθέντα

1801 4532 1870 4587 Ut
1902 4544 1987 4588 est
2017 4548 2148 4603 ergo
2179 4535 2498 4599 verisimile,
2536 4536 2568 4589 ii
2609 4551 2851 4606 quoque,
2889 4539 2981 4607 qui
3032 4538 3376 4609 BogomiliCa:

109 4618 196 4677 εἰς
223 4618 430 4680 πάντας
472 4617 719 4674 ἑλκύσαι.
771 4617 860 4682 Ὠς
909 4619 1084 4672 ἔοικεν
1118 4615 1232 4684 οὖν,
1288 4623 1385 4673 καὶ
1415 4624 1464 4674 οἱ
1510 4623 1698 4676 αἰτιώ-

117 4728 272 4782 μενοι
303 4713 390 4766 διὰ
432 4713 820 4786 Βωγομιλικὴν
871 4716 1087 4788 αἵρεσιν
1120 4715 1435 4781 ἀκολούθως
1466 4718 1540 4789 τῷ
1559 4737 1700 4791 παρ⁴

113 4808 232 4858 όντι
267 4806 453 4858 κανόνι
490 4806 895 4874 ἀναγκάζονται
947 4803 1348 4878 κρεωφαγῆσαι
1385 4809 1418 4878 ἢ
1456 4827 1698 4879 τυροφα-

116 4901 307 4968 γῆσαι,
332 4903 425 4952 καὶ
455 4903 816 4972 περιαιρῆσαι
840 4902 938 4971 τὴν
971 4902 1212 4972 ὑποψίαν
1245 4905 1344 4974 τῆς
1393 4905 1699 4974 Βωγομιλι-

113 4993 220 5060 κῆς
253 4992 528 5062 νηστείας·
562 4993 702 5046 ἀλλὰ
737 4994 831 5047 καὶ
861 4995 911 5046 οι
972 4994 1193 5058 πλείους
1227 4995 1335 5048 τῶν
1383 4997 1700 5049 εὐλαϐεστέ-

117 5100 232 5153 ρων
268 5084 540 5151 μοναχῶν,
601 5084 677 5152 μὴ
721 5084 970 5146 θέλοντες
1023 5084 1336 5138 καταλῦσαι
1377 5086 1458 5147 εις
1510 5084 1699 5154 ἰχθύας

111 5176 207 5228 6.31
234 5175 414 5243 τὸτῆς
447 5176 608 5242 ἁγίας
678 5177 1143 5248 Τεσσαρακοστῆς
1191 5177 1495 5246 αἰδέσιμον,
1553 5177 1699 5230 κατὰ

113 5265 312 5316 τοῦτον
365 5265 523 5333 δῆθεν
555 5266 645 5316 τὸν
701 5265 903 5318 κανόνα
957 5265 1166 5318 τούτων
1224 5267 1321 5336 μὲν
1377 5265 1693 5335 ἀπέχονται,

115 5356 362 5408 ἐσθίουσι
388 5356 444 5408 δὲ
475 5358 543 5410 τά
565 5357 972 5428 ἁποϐράσματα
1019 5358 1203 5412 αὐτῶν
1230 5360 1325 5411 καὶ
1357 5357 1423 5411 τὰ
1453 5359 1553 5410 σὺν
1600 5359 1698 5411 αύ-

114 5448 233 5508 τοῖς
295 5447 531 5514 ἑψόμενα
563 5447 791 5517 λάχανα.
839 5449 948 5501 Καὶ
981 5448 1042 5500 τὸ
1089 5449 1188 5518 μὲν
1233 5449 1375 5501 οὓτω
1414 5451 1700 5518 γινόμενον

112 5541 202 5600 εἰς
234 5540 359 5600 τοὺς
385 5543 900 5610 κατηγορουμένους
939 5541 1030 5593 διὰ
1056 5541 1441 5610 Βωγομιλικὴν
1485 5542 1699 5610 αἵρεσιν

116 5626 302 5690 καλῶς
333 5630 477 5682 εἴποι
513 5648 594 5690 τις
629 5631 878 5696 γίνεσθαι
911 5647 924 5661 ·
984 5634 1176 5702 ὥσπερ
1207 5632 1301 5682 καὶ
1343 5635 1405 5683 τὸ
1460 5632 1703 5698 ἀπογεύ-

120 5721 321 5774 013016
378 5740 495 5775 τινα
533 5725 760 5791 κρέατος
823 5725 1066 5794 ἢτυροῠ
1129 5727 1340 5788 εἰςτὰς
1402 5726 1705 5793 ἑϐδομάδας

121 5811 248 5867 καθ’
277 5813 341 5876 ἃς
382 5814 712 5886 Ἀρμένιοιῆ
749 5817 899 5869 ἄλλοι
932 5817 1201 5886 αἱρετικοὶ
1227 5817 1570 5883 νηστε·ἑουσι’
1605 5815 1699 5867 κλὶ

451 5914 724 5976 I'ATBOL.
765 5915 882 5973 Gn.
930 5915 1292 5979 CXXXVII.

1803 4626 2026 4681 haeresis
2067 4636 2398 4700 accusantur
2422 4670 2434 4694 ,
2477 4630 2737 4696 praesenti
2773 4631 2969 4684 canoui
3005 4642 3377 4687 consentanea

1802 4724 2080 4785 coguntur
2125 4717 2383 4771 carnibus
2418 4721 2501 4771 vel
2529 4734 2690 4773 casco
2737 4723 2908 4785 vesci,
2960 4732 3013 4774 et
3062 4722 3374 4790 Bogomilici

1796 4809 1988 4880 jejuuii
2020 4810 2392 4877 suspicionem
2429 4809 2618 4864 tollere
2655 4828 2666 4861 :
2701 4813 2832 4879 quin
2876 4821 2929 4866 et
2960 4813 3120 4880 paulo
3161 4813 3377 4882 religio-

1802 4901 1978 4955 siores
2011 4902 2322 4970 complures
2363 4903 2640 4968 monachi,
2678 4903 2923 4957 nolentes
2954 4903 3196 4971 piscibus
3220 4903 3374 4972 jeju-

1803 4989 1955 5042 nium
1983 4990 2221 5051 solvere,
2254 4999 2476 5059 pr0pter
2508 4999 2711 5045 sanctae
2739 4988 3181 5060 Quadragesima:
3211 4991 3354 5044 bono

1803 5095 1935 5143 rem,
1966 5082 2089 5134 huic
2117 5066 2304 5151 utique
2331 5082 2526 5135 canoni
2553 5085 2942 5136 convenienter
2967 5083 3034 5135 ab
3057 5083 3135 5137 eis
3161 5082 3381 5150 quidem
3419 5085 3434 5098 ‘

1807 5174 2127 5239 abstinent;
2160 5188 2349 5227 eorum
2395 5184 2578 5228 autem
2618 5173 2743 5242 jura
2787 5174 3102 5232 comedunt,
3136 5182 3189 5227 et
3231 5173 3384 5230 olera

1810 5281 1931 5334 quae
1962 5281 2084 5319 cum
2118 5263 2197 5318 eis
2229 5273 2565 5331 coquuntur.
2599 5265 2662 5317 Et
2693 5265 2837 5333 quod
2871 5264 2952 5319 sic
2984 5263 3209 5332 quidem
3241 5265 3295 5316 tit
3328 5264 3380 5314 in

1808 5372 1923 5419 eos,
1975 5357 2069 5429 qui
2124 5355 2472 5425 Bogomilicae.
2520 5357 2790 5416 haereseos
2839 5365 3189 5418 accusantur,
3238 5364 3384 5408 recte

1813 5451 1927 5504 fieri
1974 5449 2175 5505 dixerit
2225 5450 2499 5519 quispiam
2547 5467 2560 5502 :
2596 5449 3053 5518 quemadmodum
3084 5457 3136 5502 et
3179 5448 3226 5500 si
3261 5449 3390 5515 quis

1810 5558 2029 5596 carnem
2087 5552 2268 5611 gustet
2314 5542 2394 5595 vel
2451 5557 2672 5596 caseum
2723 5544 2774 5594 in
2827 5542 3280 5601 hebdomadibus,
3333 5539 3385 5596 in

1810 5632 2013 5700 quibus
2081 5630 2322 5684 Armenii
2386 5631 2468 5684 vel
2533 5631 2622 5684 alii
2686 5631 2927 5685 haeretici
2993 5631 3279 5699 jejunant;
3334 5640 3392 5688 et

1818 5725 2052 5779 maxime
2081 5725 2301 5792 quando
2336 5724 2389 5776 in
2423 5733 2673 5792 suspecta
2711 5724 2930 5789 regione
2967 5719 3240 5777 versatur.
3278 5723 3392 5779 lloc.

1825 5819 1967 5872 enim
2005 5815 2154 5882 facit,
2194 5833 2260 5872 ne
2295 5833 2399 5871 una
2432 5832 2552 5871 cum
2593 5816 2864 5871 ba‘t'eticis
2895 5817 3144 5886 jejunarc
3176 5821 3390 5885 repnte.-

3003 5913 3070 5972 '37
