4164 6426
753 389 884 458 1171

752 595 894 651 libus
926 599 1306 666 quinquennio
1341 604 1539 675 dignos
1569 606 1780 665 haberi.
1813 611 1909 667 llis
1949 626 2131 670 autem
2167 618 2332 672 etiam

749 688 1013 758 impletis.
1054 692 1238 750 divina
1286 713 1510 770 quoque
1557 716 1902 762 sacramenta
1949 712 2192 781 assequi.
2229 713 2333 780 Qui

750 791 929 835 autem
981 787 1504 859 quinquagesimum
1551 810 1752 851 annum
1785 805 2144 870 transgressi,
2185 805 2229 860 si
2281 817 2336 861 et

750 889 951 930 umres
1007 879 1270 936 habentes
1323 885 1376 938 in
1435 890 1539 942 tale
1593 891 1724 962 quid
1789 893 2100 963 inciderint,
2147 897 2332 954 divina

749 981 1028 1036 nunquam
1075 968 1225 1039 digni
1270 981 1655 1037 communione
1698 984 2074 1053 habebuntur,
2126 993 2228 1046 nisi
2281 994 2330 1046 in

746 1057 870 1126 ipso
903 1060 1027 1120 vita!
1062 1065 1233 1119 exitu.
1274 1067 1542 1133 Quoniam
1577 1084 1760 1130 autem
1801 1081 1975 1133 sancti
2013 1080 2202 1138 Patres
2232 1100 2326 1140 eos

743 1153 840 1221 qui
899 1164 1126 1223 peccant
1175 1159 1225 1211 in
1261 1161 1363 1214 tria
1412 1161 1684 1233 divis‘ere,
1723 1177 1777 1223 et
1820 1171 2106 1236 jusserunt
2172 1178 2332 1234 aliter

747 1248 930 1314 puniri
963 1263 1082 1319 eos,
1118 1255 1210 1322 qui
1245 1256 1310 1310 ad
1345 1259 1660 1318 vicesimum
1698 1278 1902 1322 annum
1935 1271 2175 1328 nondum
2205 1292 2328 1346 per-

745 1352 1049 1410 venerunt;
1084 1347 1250 1402 aliter
1278 1365 1394 1416 eos,
1427 1353 1521 1422 qui
1556 1357 2069 1430 quinquagesimum
2101 1370 2332 1438 attigere

745 1446 949 1488 annum
973 1453 987 1491 :
1011 1437 1278 1507 aliterque
1308 1444 1400 1512 qui
1434 1445 1582 1502 illum
1615 1464 1968 1509 excesserunt
2021 1458 2109 1528 (iis
2159 1465 2328 1532 enim,

749 1529 843 1594 qui
900 1544 1031 1586 sunt
1082 1543 1240 1588 aetate
1282 1537 1549 1606 minores,
1607 1547 1964 1612 peccantibus
2014 1553 2327 1622 lgnoscnnt,

749 1630 972 1689 propter
1007 1633 1215 1691 natura:
1245 1633 1650 1698 necessitatem,
1683 1645 1736 1690 et
1767 1651 1989 1708 propter
2016 1644 2245 1702 rationis
2276 1657 2330 1703 ct

746 1716 960 1770 consilii
1021 1717 1396 1778 inﬁrmitatem
1450 1736 1466 1783 :
1523 1729 1616 1797 qui
1678 1741 1861 1787 autem
1921 1741 2144 1806 majoris
2196 1754 2328 1798 sunt

744 1805 944 1872 aetatis,
985 1816 1038 1863 et
1071 1809 1195 1865 ideo
1230 1812 1489 1870 ﬁrmioris
1523 1829 1574 1873 ct
1608 1822 1910 1882 stabilioris
1948 1830 2199 1895 rationis,
2231 1850 2326 1889 eos

749 1897 922 1967 magis
950 1901 1222 1970 puniunt;
1255 1911 1717 1974 quemadmodum
1748 1925 1800 1970 et
1834 1929 1995 1974 aetate
2033 1926 2325 1991 provectis,

746 1991 840 2059 qui
871 1993 976 2047 tale
1006 1996 1135 2064 quid
1168 1999 1434 2065 fecerunt,
1465 2005 1767 2072 graviorem
1803 2025 2019 2079 pcnnam
2054 2014 2325 2084 inﬂigunt,

747 2093 806 2137 ut
835 2088 1292 2160 sapientioribus,
1319 2103 1375 2150 et
1403 2099 1490 2164 qni
1517 2113 1625 2153 non
1660 2104 1874 2170 possint
1905 2114 2113 2162 natura:
2143 2127 2330 2165 ncces-

745 2179 963 2235 sitatem
1005 2188 1366 2259 praetexere):
1403 2190 1823 2264 interrogaverit
1869 2201 2166 2271 quispiam,
2217 2205 2330 2259 ειη

743 2287 841 2326 eos
871 2274 1115 2343 quidem,
1153 2280 1248 2347 qui
1294 2281 1617 2340 vicesimum
1654 2302 1856 2344 annum
1899 2301 1954 2345 ct
1984 2295 2328 2367 quinquage-

748 2365 951 2417 simum
1004 2380 1381 2438 excesserunt,
1435 2388 1636 2431 uxores
1677 2378 1964 2446 habentes,
2005 2399 2324 2453 peccantes-

746 2471 874 2525 que,
932 2457 1124 2516 Patres
1169 2463 1402 2531 puniunt
1453 2470 1592 2538 :qui
1642 2471 1830 2542 viginti
1883 2484 2066 2532 autem
2121 2496 2324 2536 annum

751 2551 993 2605 nondum
1028 2554 1412 2624 impleverunt,
1448 2562 1661 2618 etiamsi
1697 2580 1896 2623 uxores
1927 2586 2032 2626 non
2064 2572 2324 2640 habt-ant,

753 2645 1028 2714 puniunt?
1058 2647 1290 2707 Salutio.
1330 2653 1384 2707 In
1419 2669 1536 2720 eos,
1565 2659 1655 2727 qui
1692 2660 1761 2713 ob
1794 2660 2075 2719 ﬂorentem
2114 2677 2326 2724 aetatem

752 2740 954 2795 suntin
979 2743 1180 2798 malum
1207 2747 1583 2819 procliviores,
1604 2752 1877 2824 iidemque
1903 2759 2326 2830 insipientiores,

755 2827 947 2887 Patres
989 2834 1283 2892 humanius
1332 2841 1506 2897 aﬂ‘ecti
1543 2855 1718 2915 sunt;
1751 2848 1912 2920 393
1959 2827 2056 2908 nec
2088 2855 2154 2909 de
2191 2827 2330 2912 uxo;

751 2922 907 2979 ribus
939 2925 1346 2986 distinctionem
1376 2935 1737 3002 admiserunt,
1778 2943 1908 2997 nihil
1949 2946 2153 3001 reh-rrc
2180 2950 2330 3003 arbi-

753 3017 879 3070 trati
922 3033 989 3072 an
1030 3036 1229 3079 uxores
1268 3024 1522 3094 habeant,
1556 3045 1624 3085 an
1669 3049 1775 3088 non
1811 3053 1825 3090 :
1868 3039 2111 3108 reliquos
2144 3050 2326 3096 autem

751 3114 998 3168 severius
1058 3117 1429 3189 excipientes.
1493 3132 1553 3177 ut
1608 3128 1811 3194 quibus
1869 3146 2047 3202 neque
2109 3145 2331 3205 propter

2010 409 2285 474 THEOD.
2317 414 2718 481 BALSAMON

746 510 1002 570 oportere
1028 505 1342 562 decernitur
1379 527 1393 564 :
1428 519 1480 565 et
1511 512 1592 568 sic
1623 518 2014 574 communione
2044 536 2170 577 cum
2209 526 2328 579 title-

2442 533 2635 603 τούτῳ,
2684 539 2776 590 ἐπὶ
2829 539 2987 592 πέντε

3887 450 3993 518 117?.

3025 543 3118 595 καὶ
3179 545 3352 599 εἴκοσι
3413 551 3642 619 χρόνους
3692 556 3991 618 ὑποπίπτειν

2436 626 2785 694 διορίζονται,
2827 633 2920 685 καὶ
2961 634 3103 689 οὕτω
3133 640 3233 708 τῆς
3264 642 3402 710 μετὰ
3433 645 3543 699 τῶν
3580 651 3798 703 πιστῶν
3831 672 3992 710 κοινω-

2437 720 2554 783 νίας
2583 721 2865 786 ἀξιοῦσθαι
2905 729 2997 781 ἐπὶ
3025 731 3253 801 χρόνους
3302 736 3463 790 πέντε
3485 756 3499 771 ο
3533 741 3926 812 πληρωθέντων
3950 753 3992 804 δὲ

2436 813 2531 868 καὶ
2561 818 2768 871 τούτων
2799 825 3092 891 τυγχάνειν
3125 828 3220 880 καὶ
3264 830 3372 882 τῶν
3429 832 3593 888 θείων
3635 838 3990 908 ἀγιασμάτων.

2438 908 2502 959 Oi
2546 908 2601 962 δὲ
2630 913 2720 964 τὸν
2763 921 3204 988 πεντηκονταετῆ
3257 924 3451 993 χρόνον
3504 927 3871 997 ὑπερϐάντες,
3920 938 3993 988 ἐᾶν

2438 1003 2534 1055 ναὶ
2558 1009 2828 1072 γυναῖκας
2857 1009 3072 1080 ἔχοντες
3096 1016 3177 1078 είς
3214 1020 3461 1072 τοιοῦτόν
3513 1039 3567 1074 τι
3621 1025 3990 1094 περιπέσωσιν,

2433 1098 2693 1154 οὐδέποτε
2721 1102 2824 1172 τῆς
2881 1105 3032 1169 Θείας
3091 1107 3495 1181 ἀξιωθήσονται
3545 1118 3904 1186 μεταλήψεως
3955 1124 3990 1172 εξ

2436 1193 2511 1262 μὴ
2542 1195 2599 1247 ἐν
2627 1198 2691 1267 τῇ
2715 1196 2880 1269 ἐξόδῳ
2915 1199 3012 1252 τοῦ
3042 1199 3182 1270 βίου.
3225 1204 3384 1257 Ἐπεὶ
3416 1206 3472 1259 δέ
3518 1210 3597 1269 εἰς
3653 1211 3786 1277 τρία
3829 1213 3993 1266 διεΰιν

2433 1289 2480 1340 οἱ
2506 1288 2652 1355 ἅγιοι
2690 1291 2934 1361 Πατέρες
2967 1295 3096 1360 τοὺς
3127 1298 3567 1369 ἁμαρτάνοντας,
3632 1305 3733 1355 καὶ
3787 1323 3992 1372 παρεκε-

2432 1380 2696 1436 λεύσαντο
2722 1383 2897 1448 ἄλλως
2930 1389 3260 1454 κολάζεσθαι
3292 1396 3422 1457 τοῦς
3467 1396 3539 1467 μή
3578 1396 3895 1465 φθάσαντας
3933 1400 3992 1460 εἰς

2432 1473 2722 1544 εξκοσαετῆ
2775 1478 2987 1543 χρόνον,
3012 1481 3105 1533 καὶ
3129 1482 3306 1546 ἄλλως
3334 1486 3458 1548 τοὺς
3487 1487 3568 1548 είς
3618 1503 3991 1556 πεντηκονταε-

2431 1566 2555 1619 τίαν
2580 1571 3057 1638 καταντήσαντας,
3099 1575 3192 1626 καὶ
3247 1575 3427 1639 ἄλλως
3473 1578 3605 1641 τοὺς
3666 1580 3993 1649 ὑπερϐάντας

2430 1659 2525 1711 τὸν
2577 1667 3019 1734 πεντηκονταετῆ
3048 1668 3240 1736 χρόνον
3291 1668 3426 1736 (τοῖς
3472 1669 3573 1738 μὲν
3627 1673 3746 1740 γὰρ
3805 1673 3991 1725 ἐλάττο⁸

2432 1767 2519 1814 νος
2541 1751 2758 1821 ἡλικίας
2779 1753 2898 1806 οὖσι
2921 1760 3404 1826 συγγνωμονοῦσιν
3427 1761 3810 1830 ἁμαρτάνουσι
3826 1763 3902 1814 διὰ
3915 1764 3992 1831 τὴν

2433 1840 2678 1912 ἀνάγκην
2731 1844 2832 1914 τῆς
2879 1845 3117 1914 φύσεως,
3181 1847 3278 1900 καὶ
3331 1848 3421 1902 διὰ
3467 1847 3528 1902 τὸ
3577 1849 3870 1919 ὀλισθηρὸν
3916 1849 3990 1902 τοῦ

2434 1935 2825 2005 φρονήματοςο
2859 1940 2992 2002 τοὺς
3015 1939 3072 1992 δὲ
3126 1941 3375 2010 μείζονος
3421 1944 3583 2006 ὄντας
3647 1943 3867 2015 ἡλικίας
3922 1944 3992 1996 καὶ

2431 2029 2576 2078 κατὰ
2616 2027 2776 2080 τοῦτο
2804 2031 3208 2100 στερεωτέρους
3262 2035 3392 2102 περὶ
3443 2035 3504 2087 τὸ
3559 2039 3706 2087 νοεῖν
3760 2035 3992 2091 πλειόνως

2431 2118 2748 2184 κολάζουσι,
2776 2120 2966 2192 ὥσπερ
3008 2125 3104 2176 καὶ
3149 2125 3280 2187 τοὺς
3341 2126 3424 2189 εἱς
3459 2128 3638 2196 γῆρας
3682 2127 3993 2193 ἐληλακότας

2429 2210 2670 2264 τοιοῦτόν
2696 2229 2749 2266 τι
2789 2214 3122 2278 ἐπταικότας
3169 2218 3262 2268 ἐπὶ
3315 2218 3478 2269 πλέον
3525 2217 3890 2287 τιμωροῦσιν,
3934 2217 3993 2277 ὡς

2432 2307 2838 2373 συνετωτέρους
2866 2307 2959 2358 καὶ
2986 2309 3062 2378 μὴ
3097 2307 3434 2377 δυναμένους
3461 2313 3708 2380 φυσικὴν
3777 2313 3992 2378 ἀνάγκην

2432 2397 2864 2468 προϐαλέσθαιγ
2897 2401 3164 2470 ἐρωτήσει
3197 2420 3300 2465 τις,
3337 2405 3437 2456 Διὰ
3462 2404 3512 2454 τί
3551 2405 3680 2467 τοὺς
3718 2405 3818 2472 μὲν
3848 2405 3991 2471 ὑπερ·

2431 2488 2635 2551 ϐάντας
2673 2489 2764 2542 τὸν
2816 2487 2864 2542 κ’
2899 2491 3095 2560 χρόνον
3129 2493 3222 2543 καὶ
3267 2493 3360 2544 τὸν
3395 2491 3458 2555 ν’,
3493 2497 3770 2559 γυναῖκας
3801 2494 3992 2562 ἔχοντας

2431 2582 2527 2635 κα)⁸
2559 2580 2899 2644 πταίσαντας
2929 2583 2977 2634 oi
3017 2584 3261 2651 Πατέρες
3317 2585 3628 2648 κολάζουσι,
3688 2589 3814 2649 τοὺς
3849 2587 3898 2638 δὲ
3935 2588 3992 2652 μὴ

2432 2674 2835 2745 πληρώσαντας
2895 2676 2998 2744 τὴν
3049 2676 3382 2739 είκοαετίαν,
3437 2678 3539 2731 κᾶν
3596 2683 3865 2745 γυναῖκας
3913 2680 3991 2730 οὐκ

2431 2769 3007 2840 ἕχωσι,τιμωροῢσι;
3061 2769 3276 2830 Λύσις.
3335 2771 3428 2833 Εἰς
3487 2772 3613 2834 τοὺς
3660 2773 3746 2825 ἔτι
3801 2773 3884 2825 διὰ
3916 2774 3993 2840 τὴν

2429 2861 2652 2930 ἡλικίαν
2673 2860 2802 2931 περὶ
2830 2861 2890 2914 τὸ
2908 2861 3077 2914 κακὸν
3105 2862 3474 2930 ἀκμάζοντας,
3504 2865 3598 2915 καὶ
3633 2863 3803 2925 ὄντας
3852 2863 3995 2929 dippe.

2433 2955 2743 3023 νεστέρους,
2775 2953 3286 3028 φιλανθρωπότερον
3307 2955 3356 3006 oi
3396 2955 3639 3024 Πατέρες
3678 2954 3992 3022 διετέθησαν,

2433 3047 2528 3100 καὶ
2557 3046 2616 3100 οὐ
2648 3045 2977 3117 προσέθεντο
3005 3047 3104 3116 τὴν
3138 3047 3266 3116 περὶ
3297 3046 3408 3098 τῶν
3435 3046 3721 3113 γυναικῶν
3736 3045 3992 3108 διάστιξιν,

2433 3138 2728 3208 ἀδιάφορον
2758 3138 3102 3206 ἡγησάμενοι
3124 3136 3184 3188 τὸ
3210 3134 3357 3204 ἔχειν
3372 3138 3596 3198 τούτους
3619 3138 3888 3202 γυναῖκας
3906 3135 3994 3187 εἴτε

750 3208 1223 3275 perturbationum
1255 3215 1682 3286 vehementiam,
1714 3238 1816 3278 nec
1852 3226 2028 3282 artatis
2059 3229 2324 3284 instabili-

2433 3232 2526 3282 καὶ
2548 3231 2641 3300 μή·
2663 3228 2854 3292 τοὺςδὲ
2873 3228 3090 3290 λοιποὺς
3113 3229 3271 3281 πλέον
3291 3227 3613 3298 βαρύνοντες
3645 3230 3728 3290 ὡς
3749 3231 3821 3297 μὴ
3838 3243 3996 3293 συγγι-

750 3305 918 3352 tatem
975 3304 1130 3357 venia
1187 3305 1373 3373 detur;
1425 3309 1728 3366 intulerunt
1788 3332 1884 3370 eos
1933 3322 2096 3373 etiam
2153 3324 2326 3392 magis

747 3391 951 3458 puniri,
1002 3394 1046 3448 si
1099 3397 1318 3466 quidem
1371 3416 1569 3456 uxores
1621 3404 1842 3460 habent.
1907 3408 2062 3466 Scias
2118 3391 2322 3479 tamen,

746 3484 894 3550 quod
948 3487 1110 3540 etiam
1163 3491 1255 3559 qui
1302 3507 1499 3549 uxores
1547 3511 1655 3551 non
1706 3498 1928 3565 habent,
1977 3519 2166 3572 pcenas
2219 3525 2323 3562 non

745 3576 1004 3647 etlugient
1038 3597 1051 3633 :
1101 3581 1197 3636 sed
1233 3583 1486 3640 similiter
1524 3590 1843 3656 punientur.
1871 3592 2114 3665 Longam
2147 3611 2324 3653 autem

750 3668 1176 3728 substrationem
1229 3675 1486 3732 dixerunt
1535 3685 1809 3751 nonnulli,
1863 3696 2077 3758 tempus
2132 3692 2324 3760 viginti

747 3775 1046 3828 annorum,
1076 3765 1177 3820 hoc
1205 3780 1269 3820 ex
1303 3767 1418 3838 legc
1454 3772 1771 3842 probantes,
1817 3793 1938 3847 qua:
1968 3782 2122 3846 dicit,
2158 3785 2324 3856 longo

750 3863 1017 3922 tempore,
1051 3856 1101 3910 id
1136 3865 1243 3920 est,
1275 3859 1466 3929 viginti
1500 3865 1678 3929 annis.
1708 3883 1738 3922 a
1770 3868 1925 3924 bona:
1953 3872 2076 3928 ﬁdei
2109 3891 2324 3944 posses-

749 3960 875 4000 sore
910 3948 1138 4017 usucapi
1170 3959 1225 4004 et
1256 3951 1501 4007 dominio
1541 3958 1752 4025 acquiri
1791 3960 2038 4020 absentis
2083 3981 2194 4020 rem
2227 3969 2329 4021 im-

749 4039 1030 4094 mobilem.
1079 4038 1192 4095 Hoc
1227 4052 1407 4098 autem
1454 4045 1696 4104 dicentes
1733 4066 1840 4105 non
1887 4056 2232 4122 placuerunt,
2264 4077 2327 4115 eo

750 4131 897 4199 quod
945 4132 1113 4186 etiam
1159 4134 1380 4204 longum
1438 4147 1650 4208 tempus
1702 4143 1916 4198 dicatur
1976 4147 2324 4215 decennium,

749 4236 861 4290 quo
915 4222 1074 4278 bona:
1121 4223 1244 4277 tidei
1292 4240 1577 4293 possessor
1623 4231 1928 4287 dominium
1975 4240 2208 4307 acquirit
2251 4243 2323 4294 rei

749 4315 1068 4381 immobilis,
1097 4333 1218 4386 qua:
1249 4321 1312 4373 ad
1345 4333 1666 4391 praesentem
1702 4329 1972 4394 pertinet:
2007 4332 2101 4387 sed
2137 4337 2325 4389 autlie-

749 4417 902 4469 runt,
937 4409 1156 4480 longum
1193 4427 1315 4468 esse
1347 4423 1559 4484 tempus
1603 4417 1747 4486 quod
1787 4419 1856 4472 ab
1900 4424 2156 4494 episcopo
2198 4428 2329 4482 dcti-

749 4501 919 4555 nitur.
953 4503 1089 4556 Cum
1138 4512 1317 4558 autem
1363 4506 1518 4561 audis
1564 4523 1830 4564 canonem
1881 4513 2178 4584 dicentem,
2233 4537 2328 4588 per

752 4609 918 4647 unam
979 4610 1221 4664 pomum,
1269 4599 1513 4666 scilicet,
1560 4615 1588 4653 a
1639 4608 2002 4662 sacramentis
2054 4611 2335 4667 abstinen-

751 4687 906 4748 tiam,
932 4703 1026 4740 eos
1048 4689 1248 4757 puniri,
1284 4692 1374 4760 qui
1413 4694 1493 4748 sic
1533 4695 1586 4748 in
1621 4707 1904 4753 senectute
1937 4701 2284 4770 deliquerunt
2315 4722 2330 4772 ;

753 4795 822 4834 ne
861 4781 1016 4836 dit-as
1062 4783 1199 4837 alias
1231 4800 1420 4852 paruas
1450 4804 1557 4841 non
1601 4789 1812 4857 lnduci,
1865 4802 1923 4847 ut
1969 4811 2089 4863 quae
2126 4796 2331 4852 fuerint

754 4874 974 4928 silentio
1022 4879 1329 4944 praeterita}.
1372 4881 1522 4935 Hanc
1556 4883 1702 4936 enim
1741 4884 2069 4942 horrendam
2116 4905 2329 4958 poenam

753 4967 978 5036 reliqum
1019 4985 1236 5040 quoque
1282 4973 1597 5028 necessario
1641 4987 2077 5046 consequuntur,
2129 4983 2174 5035 si
2223 4998 2331 5035 non

757 5061 942 5128 plures
974 5080 986 5114 :
1025 5063 1154 5132 quin
1185 5077 1240 5118 et
1265 5065 1328 5118 ad
1361 5081 1534 5122 annos
1569 5083 1740 5136 usque
1774 5071 1994 5140 triginta
2025 5073 2126 5141 ipsi
2163 5075 2338 5142 poenis

758 5154 968 5207 servire
1013 5166 1300 5223 cogentur.
1337 5158 1453 5213 Non
1503 5169 1633 5215 sunt
1678 5170 1856 5216 autem
1894 5178 1920 5215 a
1956 5162 2208 5220 Patribus
2245 5167 2338 5217 atl-

753 5245 882 5313 jecti
903 5257 978 5299 tot
1007 5249 1169 5314 anni;
1201 5251 1343 5318 quod
1368 5253 1524 5320 pauci
1553 5253 1845 5308 admodum
1875 5255 2127 5311 homines
2156 5257 2337 5310 vivant

762 5338 983 5410 triginta
1023 5344 1184 5397 annis
1219 5351 1339 5413 post
1371 5345 1768 5415 quinquaginta
1798 5349 2149 5416 computatis.

835 5608 1086 5666 'LONAR.
1132 5613 1234 5678 Qui
1266 5628 1388 5664 cum
1417 5611 1606 5665 bestiis
1635 5611 1845 5666 ratione
1874 5612 2190 5667 carcn'ibus
2223 5630 2333 5665 rem

766 5707 1031 5771 hahurre,
1067 5723 1171 5761 non
1227 5724 1419 5760 ornncs
1466 5709 1652 5759 codcm
1687 5708 1868 5771 modo,
1907 5709 1998 5761 sed
2047 5710 2194 5762 varie
2241 5725 2338 5775 pro

764 5811 985 5856 a-tatutn
1029 5802 1308 5862 varietate,
1363 5800 1665 5869 puniendos
1700 5816 1822 5854 csse
1858 5817 2030 5853 canon
2069 5801 2333 5854 decernit.

766 5898 869 5964 Qui
912 5897 1058 5954 enim
1112 5895 1432 5951 vicesimum
1488 5911 1688 5950 annum
1736 5896 1974 5949 nondum
2029 5909 2336 5962 πείθει-πυ,

2437 3319 2863 3391 νωσκομένουςῆ
2887 3320 2995 3372 ἀπὸ
3024 3321 3369 3388 παθημάτων
3403 3320 3587 3389 ἀκμῆς
3609 3320 3640 3390 ἢ
3671 3321 3785 3372 ἀπὸ
3808 3320 3992 3390 ἡλικίας

2435 3412 2793 3482 ἀστηρίκτου,
2807 3412 3088 3480 ἐπήγαγον
3107 3411 3195 3464 ἐπὶ
3211 3411 3374 3464 πλέον
3389 3411 3612 3471 τούτους
3628 3430 3655 3462 τ
3667 3412 3991 3482 ιμωρεῐσθαι.

2436 3506 2593 3574 εἴπερ
2626 3506 2809 3574 ἔχουσι
2831 3505 2929 3556 καὶ
2953 3506 3239 3570 γυναῖκας.
3265 3503 3412 3573 Πλὴν
3447 3503 3690 3570 γίνωσκε
3719 3503 3796 3566 ὡς
3822 3504 3904 3556 καὶ
3935 3502 3992 3570 μὴ

2437 3599 2653 3667 ἔχοντες
2715 3601 2984 3666 γυναῖκας
3042 3599 3142 3649 οὐκ
3193 3595 3552 3665 ἐκφεύξονται
3617 3597 3690 3649 τὰ
3747 3596 3991 3665 tmolum,

2435 3689 2572 3743 ἀλλὰ
2632 3690 2953 3759 παρομοίως
3009 3687 3472 3758 κολασθήσονται.
3522 3688 3770 3755 Μακράν
3838 3689 3992 3757 μέντοι

2437 3782 2756 3835 ὑπόπτωσίν
2781 3797 2927 3844 τινες
2955 3777 3110 3834 εἷπον
3149 3782 3248 3852 τὴν
3289 3781 3606 3848 εἰκοσαετῆ,
3659 3795 3992 3835 κατασκευα-

2439 3875 2622 3941 ζοντες
2655 3876 2814 3929 τοῦτο
2845 3877 2952 3929 ἀπὸ
2975 3874 3071 3928 τοῦ
3099 3874 3292 3944 νόμου,
3324 3873 3419 3927 τοῦ
3451 3875 3711 3941 λέγοντος
3757 3874 3842 3924 διὰ
3911 3889 3991 3938 μα·

2437 3969 2572 4040 κροῦ
2607 3970 2824 4040 χρόνου,
2876 3971 3154 4020 τουτέστιν
3207 3967 3581 4028 είκοσαετοῦς.
3656 3964 3992 4026 δεσπόζεσθιι

2437 4061 2591 4132 παρὰ
2637 4062 2731 4114 τοῦ
2767 4062 2904 4129 καλῇ
2944 4061 3124 4112 πίστει
3154 4058 3366 4128 νομέως
3400 4059 3461 4109 τὸ
3495 4057 3588 4110 τοῦ
3629 4059 3866 4119 ἀπόντος
3896 4055 3992 4108 (ix!-

2437 4173 2617 4224 νητον.
2652 4156 2766 4208 Οὐκ
2799 4156 3004 4225 ἧρεσαν
3038 4153 3095 4205 δὲ
3125 4153 3284 4206 τοῦτο
3313 4153 3586 4219 λέγοντες,
3613 4151 3707 4203 διὰ
3760 4153 3820 4204 τδ
3865 4150 3990 4212 λέγει

2439 4245 2564 4300 σθαι
2598 4245 2811 4316 μακρὸν
2838 4243 3028 4313 χρόνον
3059 4244 3154 4296 καὶ
3184 4244 3273 4295 τὸν
3301 4242 3554 4310 δεκαετῆ,
3597 4242 3664 4293 δι’
3691 4235 3755 4294 οὗ
3807 4244 3833 4294 ὁ
3877 4237 3988 4305 ιιι-λῇ

2438 4336 2624 4402 πίστει
2657 4334 2855 4403 νομεὺς
2883 4333 3205 4412 δεσποτείαν
3253 4333 3452 4385 κτᾶται
3513 4332 3783 4400 ἀκινήτου
3829 4329 3988 4394 διαφέ-

2440 4443 2626 4496 ροντος
2661 4425 2894 4496 παρόντι
2930 4425 3070 4478 τινί·
3111 4424 3228 4477 ἀλλ’
3256 4425 3500 4495 ἤκουσαν
3532 4425 3771 4491 μακρὸν
3830 4422 3990 4491 χρόνον

2439 4519 2646 4570 ἐκεῖνον
2676 4512 2838 4581 εἶναι,
2874 4517 2967 4570 τὸν
2997 4516 3491 4583 ὑποτετυπωμένον
3527 4515 3681 4582 παρὰ
3746 4514 3838 4566 τοῦ
3898 4516 3990 4562 tm-

2441 4612 2669 4664 σκόπου.
2725 4609 2968 4662 ’Δκούων
2994 4608 3049 4662 δὲ
3073 4607 3166 4660 τοῦ
3201 4610 3430 4666 κανόνος
3485 4605 3747 4673 λέγοντος
3786 4606 3848 4657 δι’
3898 4604 3988 4658 ινα

2437 4703 2738 4770 ἐπιτιμίου,
2766 4703 2863 4771 τῆς
2887 4701 3098 4771 ἀποχῆς
3132 4700 3382 4769 δηλονότι
3441 4701 3548 4750 τῶν
3609 4699 3775 4752 θείων
3853 4697 3984 4761 ἀγια·

2439 4795 2685 4862 σμάτων,
2711 4793 3075 4864 τιμωρεῖσθαι
3113 4793 3238 4855 τοὺς
3273 4795 3329 4845 ἐν
3360 4793 3522 4862 γήρει
3571 4792 3747 4846 οὔτως
3772 4786 3988 4842 ἐπταικό-

2436 4903 2559 4949 τας,
2594 4886 2667 4955 μὴ
2697 4887 2856 4955 εῐπῃς
2887 4885 2956 4938 τὰ
2984 4884 3120 4939 ἄλλα
3153 4884 3413 4954 ἐπιτίμια
3471 4883 3547 4952 μὴ
3578 4883 3880 4950 ἐπάγεσθαι
3927 4879 3985 4936 ὡς

2441 4977 2967 5048 παρασιωπηθὲντα.
3000 4975 3088 5046 Τῷ
3124 4975 3233 5045 γὰρ
3276 4978 3490 5045 φρικτῷ
3522 4977 3702 5045 τούτῳ
3761 4972 3981 5038 ἐπιτιμίῳ

2439 5069 2497 5134 ἐξ
2528 5067 2774 5140 ἀνάγκης
2805 5069 3029 5122 ἕπονται
3047 5069 3141 5122 καὶ
3165 5070 3237 5122 τὰ
3265 5069 3455 5132 λοιπὰ,
3482 5071 3577 5122 καὶ
3601 5069 3750 5138 εἰμὴ
3784 5066 3980 5121 πλείονα.

2439 5159 2577 5213 ἀλλά
2600 5161 2740 5223 τέως
2773 5163 3072 5231 τριάκοντα
3104 5161 3203 5230 ἐτη
3231 5161 3325 5214 καὶ
3362 5161 3516 5213 αὐτοὶ
3563 5160 3854 5212 δουλεῦσαι
3899 5156 3982 5212 τοίς

2435 5253 2736 5322 ἐπιτιμίοις
2779 5251 3313 5323 ἀναγκασθήσονται.
3387 5253 3462 5304 Οὐ
3505 5252 3904 5323 προσετέθησαν
3942 5245 3981 5297 δὲ

2437 5346 2487 5397 οἱ
2519 5344 2764 5398 τοσοῦτοι
2808 5344 2991 5414 χρόνοι
3021 5343 3172 5412 παρά
3203 5345 3312 5395 τῶν
3341 5344 3627 5410 Πατέρων,
3660 5343 3752 5397 διὰ
3805 5343 3859 5394 τὸ
3913 5353 3981 5406 μι-

2443 5435 2678 5504 τρητοὺς
2706 5434 2884 5502 πάντη
2903 5431 3226 5501 ἀνθρώπους
3249 5431 3350 5500 ζῇν
3380 5434 3472 5484 ἐπὶ
3500 5433 3716 5501 χρόνοις
3732 5431 3980 5499 τριάκοντα

2443 5526 2838 5596 ψηφιζομένοις
2867 5523 3123 5594 μετάτὴν
3148 5526 3669 5593 πεντηκονταετίαν.
3727 5616 3739 5626 ι
3937 5609 3946 5626 ο

2517 5619 2761 5670 ΖΩΝΛΡ.
2806 5618 2944 5676 Τοὺς
2975 5615 3134 5679 ζώοις
3172 5615 3389 5681 ἀλόγοις
3445 5616 3864 5686 συμφθαρέντας
3907 5615 3978 5677 οὐχ

2443 5711 2644 5778 ὁμοίως
2702 5710 2907 5769 πάντας
2945 5707 3348 5775 οἰκονομεῖσθαι
3396 5708 3424 5759 ό
3476 5707 3656 5761 κανὼν
3723 5707 3973 5761 emam.

2448 5805 2581 5855 ἀλλὰ
2616 5802 2880 5871 διαφορᾶς
2910 5803 3142 5853 ποιεῖται
3205 5801 3348 5852 κατά
3409 5802 3508 5864 τὰς
3558 5803 3779 5870 ἡλικίας
3821 5800 3974 5852 αὐτῶν.

2449 5897 2585 5959 Tag;
2617 5894 2714 5966 μὲν
2742 5896 2847 5962 γὰρ
2881 5893 3045 5963 μήπω
3068 5895 3154 5947 τὸν
3187 5893 3431 5946 εἰκοστὸν
3461 5893 3777 5964 φθάσαντας
3831 5884 3980 5958 χράίῦν
