4164 6426
171 449 306 513 H73

1277 453 1354 513 ΙΝ
1398 455 1562 514 CAN.
1606 449 1770 510 XVII
1809 447 2018 510 CONC.
2061 448 2327 508 ANCYR.

3290 444 3425 510 117i.

168 564 563 617 πεντεκαίδεκα
597 563 690 631 ἐτη
717 564 967 634 βούλεται
1001 566 1351 630 ὑποπυπτειν,
1390 561 1507 620 εἶτα
1551 568 1607 618 ὲν
1643 566 1739 619 ἄλ-

1860 561 2161 630 1uindecim
2197 561 2372 614 annos
2403 559 2706 621 substerni,
2738 570 2847 612 tum
2884 559 3006 613 aliis
3035 557 3273 628 quinque
3305 573 3427 611 (ιιηι

168 669 280 717 Αοις
301 657 466 708 πέντε
492 656 635 709 ἔτεσι
665 661 942 710 κοινωνεῖν
969 661 1080 720 τοῖς
1112 661 1326 721 πιστοῖς
1369 659 1479 710 τῶν
1544 660 1745 726 εὐχῶν,

167 750 289 800 ἀντὶ
323 747 418 800 τοῦ
457 749 812 800 συνίστασθαι
846 750 1030 812 αὑτοῖς
1084 752 1178 802 καὶ
1213 751 1592 820 συνεύχεσθαι,
1654 751 1750 802 καὶ

172 841 309 908 μετὰ
333 841 402 892 τὰ
437 840 599 891 πέντε
635 839 730 905 ἔτη
793 843 893 909 τῆς
951 842 1265 903 συστάσεως
1309 842 1748 911 μεταλαμὸἁνειν

167 933 261 980 καὶ
305 929 410 980 τῶν
440 929 601 980 θείων
641 931 884 998 δωρεῶν.
918 932 1037 1001 Χρὴ
1067 932 1144 994 δὲ,
1183 931 1339 1001 φησὶ,
1374 933 1467 984 καὶ
1496 931 1594 1002 τὴν
1634 933 1749 983 δια-

166 1021 354 1089 γωγὴν
381 1020 559 1072 αὐτῶν
583 1021 956 1087 ἐξετάζεσθαι,
989 1024 1087 1093 τὴν
1119 1025 1176 1075 ἐν
1224 1025 1335 1086 τοῖς
1388 1023 1602 1094 χρόνοις
1640 1023 1748 1075 τῶν

166 1112 483 1181 ἐπιτιμίων,
510 1113 584 1176 ὡς
611 1115 665 1166 εί
709 1132 770 1181 γε
804 1116 1115 1185 ἀδιαφόρως
1146 1116 1240 1170 καὶ
1266 1119 1322 1169 ὲν
1355 1119 1468 1180 τοῖς
1525 1119 1740 1185 καιροῖς

165 1206 380 1266 τούτοις
413 1203 570 1268 ζῶσι,
609 1206 701 1257 καὶ
725 1207 825 1259 οὑκ
851 1208 1218 1260 ἐνδείκνυνται
1245 1207 1559 1276 θερμότητα
1603 1208 1659 1260 ὲν
1681 1210 1746 1278 τῇ

167 1298 450 1368 μετανοίᾳ,
483 1300 582 1349 οὐκ
609 1297 674 1349 ἂν
704 1297 908 1367 τύχωσι
944 1299 1381 1368 φιλανθρωπίας.
1412 1300 1472 1352 Εἰ
1494 1300 1551 1352 δέ
1582 1318 1747 1365 τινες,

165 1390 354 1454 φησιν,
399 1389 488 1438 ἐπὶ
532 1387 740 1456 μακρὸν
771 1389 963 1457 χρόνον
993 1389 1263 1458 ἥμαρτον,
1321 1389 1419 1443 καὶ
1465 1391 1544 1452 είς
1588 1390 1749 1458 κόρον

162 1479 696 1548 ἐνεφορήθησαντοὺ
733 1480 931 1543 κακοῦ,
989 1481 1040 1532 οἱ
1089 1480 1322 1533 τοιοῦτοι
1372 1480 1474 1549 τὴν
1532 1480 1750 1548 μακρὰν

163 1573 447 1640 ἐχέτωσαν
471 1573 808 1634 ὑπόπτωσιν,
855 1574 975 1643 ἦτοι
1028 1574 1119 1626 τὶν
1174 1573 1462 1642 εἰκοσαετῆ
1535 1573 1748 1643 χρόνον.

169 1665 283 1717 Καὶ
319 1665 464 1734 παρὰ
498 1668 606 1727 τοῖς
643 1665 934 1727 πολιτικοῖς
975 1668 1082 1735 γάρ
1116 1667 1298 1736 νόμοις
1327 1665 1534 1735 μακρὸς
1564 1667 1753 1735 χρόνος

162 1759 193 1808 6
251 1757 568 1827 εἰκοσαετὴς
625 1758 861 1822 λέγεται.
917 1757 1026 1810 Καὶ
1071 1758 1248 1809 ταῦτα
1295 1759 1402 1827 μὴν
1454 1761 1580 1825 περ)⁸
1614 1758 1752 1809 νέων

165 1851 340 1916 ςησῖν
417 1851 444 1902 ὁ
506 1849 732 1911 κανὼν,
793 1850 888 1901 καὶ
943 1848 1079 1917 μηδὲ
1149 1852 1412 1914 γυναῖκας
1480 1848 1750 1919 ἐχόντων’

162 1940 284 1990 ὅσοι
311 1939 388 1998 δὲ,
425 1938 522 2010 τὴν
552 1941 650 2008 τῆς
686 1939 937 2009 νεότητος
995 1940 1210 2010 ἠλικίαν
1263 1941 1624 2010 ὑπερϐάντες,
1659 1941 1753 1993 καὶ
1789 1919 1828 1973 Β

163 2034 240 2083 είτ
280 2030 479 2098 ἄνδρας
503 2033 894 2096 καταστάντες,
931 2033 1026 2085 καὶ
1069 2033 1286 2100 γυναιξὶ
1319 2033 1614 2097 συζῶντες,
1650 2049 1751 2085 πε-

164 2126 424 2192 ριέπεσον
448 2125 522 2192 τῷ
556 2126 914 2196 ἁμαρτήματι
947 2128 1142 2197 τούτῳ,
1173 2131 1298 2191 τοὺς
1319 2130 1590 2192 τοιούτους
1620 2130 1751 2182 ὑπο-

163 2215 394 2266 πίπτειν
427 2215 525 2283 μὲν
556 2216 702 2284 λέγει
727 2220 754 2269 6
790 2221 971 2272 κανὼν
1032 2219 1230 2280 εῖκοσι,
1271 2222 1367 2274 καὶ
1420 2221 1581 2274 πέντε
1630 2220 1748 2291 ἐτη,

164 2309 264 2358 καὶ
295 2307 467 2370 οὕτως
494 2308 658 2379 ἕτερα
698 2311 861 2363 πέντε
899 2316 1178 2365 κοινωνεῖν
1229 2317 1341 2377 τοῖς
1375 2317 1591 2377 πιστοῖς
1637 2313 1750 2366 τῶν

162 2402 368 2467 εὐχῶν,
407 2405 498 2455 καὶ
529 2405 665 2472 μετὰ
707 2407 773 2459 τὰ
826 2408 1122 2476 τριάκοντα
1158 2408 1253 2476 ἔτη
1309 2409 1602 2477 τυγχάνειν
1648 2409 1747 2477 τῆς

159 2491 332 2557 ἁγίας
373 2495 764 2564 μεταλήψεωςο
800 2499 927 2560 τοὺς
953 2499 1008 2550 δὲ
1050 2500 1142 2552 καὶ
1175 2503 1445 2566 γυναῖκας
1499 2500 1746 2569 ἔχοντας,

163 2585 265 2635 καὶ
301 2585 379 2645 είς
427 2586 605 2656 γῆρας
663 2588 762 2659 ἤδη
807 2590 1122 2651 κλίναντας,
1175 2592 1270 2644 καὶ
1322 2590 1402 2644 ἔτι
1457 2591 1532 2660 τῷ
1593 2591 1749 2659 κακῷ

159 2678 346 2746 τούτῳ
382 2681 793 2748 συνεχομένους,
857 2683 1115 2736 οὐδέποτε
1159 2685 1407 2753 βούλεται
1462 2683 1754 2748 ἀξιοῦσθαι

160 2766 269 2832 τῆς
300 2766 448 2831 θείας
483 2771 860 2838 μεταλήψεως,
891 2774 938 2824 εἰ
979 2772 1051 2842 μὴ
1082 2774 1137 2824 ἐν
1160 2776 1223 2842 τῇ
1251 2773 1417 2842 ἐξόδῳ
1443 2771 1535 2825 τοῦ
1573 2772 1712 2841 βίου.

1854 655 2104 710 ﬁdelibus
2133 656 2187 710 in
2221 657 2537 724 precatione
2565 655 2999 718 communicare,
3036 655 3138 708 hoc
3168 663 3272 715 est,
3304 668 3425 706 eum

1851 749 1932 801 eis
1961 748 2123 802 simul
2157 748 2466 803 consistere
2493 748 2854 817 precibusque
2886 746 3179 802 fundendis
3206 759 3428 808 vacare,

1853 853 1916 892 ac
1965 854 2028 892 eo
2066 839 2439 908 quinquennio
2471 846 2664 892 exacto
2700 837 2906 891 divinis
2936 853 3154 907 quoque
3189 835 3432 892 muneri-

1855 932 1954 984 bus
1996 932 2152 1001 potiri
2192 931 2371 1000 jubet.
2423 928 2597 984 Vitam
2648 944 2888 997 quo:|ue,
2924 930 3119 998 inquit,
3159 929 3427 998 ipsorum,

1854 1024 2059 1078 interea
2108 1025 2236 1079 dum
2291 1023 2615 1077 criminibus
2670 1021 2957 1092 expiandis
3005 1021 3225 1076 obnoxii
3277 1029 3429 1085 sunt,

1853 1116 2146 1171 observare
2177 1126 2390 1185 oportet
2422 1134 2434 1169 :
2469 1116 2540 1168 ita
2573 1127 2625 1167 ut
2651 1115 2694 1167 si
2727 1114 2820 1167 illo
2844 1127 3063 1183 quoque
3097 1114 3433 1181 poenitentia

1857 1217 2097 1277 tempore
2130 1208 2395 1262 dissolute
2443 1207 2606 1260 vitam
2646 1217 2838 1274 agant,
2877 1223 2974 1261 nec
3013 1205 3181 1259 ullum
3227 1205 3280 1257 in
3312 1205 3434 1258 elu-

1854 1303 2009 1355 endis
2035 1300 2360 1354 criminibus
2381 1300 2548 1353 animi
2575 1298 2825 1352 ardorem
2854 1299 3253 1357 demonstrent,
3284 1297 3429 1348 nulla

1855 1395 1925 1447 sit
1957 1393 2035 1447 eis
2108 1392 2345 1445 vicissim
2400 1391 2710 1459 benignitas
2760 1389 3139 1458 impertienda.
3191 1388 3345 1454 Quod
3384 1390 3428 1443 si

1855 1486 1970 1555 qui,
2010 1485 2207 1554 inquit,
2259 1484 2420 1554 longo
2464 1491 2708 1551 tempore
2757 1481 2810 1534 in
2867 1481 3166 1535 seeleribus
3203 1480 3430 1533 volutati

1856 1588 2002 1641 sunt,
2027 1592 2193 1646 seque
2229 1575 2577 1645 improbitate
2605 1573 2805 1627 aliatim
2852 1572 3204 1640 expleverunt
3231 1588 3245 1636 ;
3274 1572 3433 1640 longo

1857 1686 2074 1739 quoque
2107 1682 2368 1737 tempore,
2405 1668 2595 1737 viginti
2638 1667 2847 1720 scilicet
2877 1665 3058 1727 annis,
3095 1666 3146 1717 in
3186 1666 3434 1719 substra-

1857 1764 2003 1816 tione
2028 1764 2249 1831 degant.
2289 1760 2421 1813 Nam
2455 1759 2699 1813 civilium
2733 1772 2952 1828 quoque
2988 1757 3170 1826 legum
3198 1758 3436 1811 (estima-

1861 1854 2027 1916 tione,
2060 1853 2249 1921 viginti
2283 1868 2551 1930 annorum
2587 1851 2763 1920 spatio
2798 1860 3013 1919 tempus
3049 1850 3268 1918 longum
3300 1852 3433 1904 deli-

1861 1949 1962 2001 niri
1999 1954 2273 2000 censetur.
2327 1948 2503 2013 Atque
2540 1945 2651 1999 hanc
2699 1944 2914 2013 quidem
2964 1943 3030 1994 de
3071 1943 3385 2012 junioribus
3417 1986 3431 2008 ,

1860 2055 1958 2094 nec
2005 2039 2355 2093 matrimonio
2409 2041 2656 2102 sociatis.
2696 2058 2871 2096 canon
2922 2044 3131 2096 statuit.
3190 2042 3433 2106 Quicun-

1860 2148 1967 2202 que
1991 2145 2119 2186 vero
2149 2132 2320 2186 mtatis
2353 2132 2537 2200 hujus,
2570 2134 2955 2190 adolescentiae
2987 2135 3264 2196 nimirum,
3293 2133 3436 2187 limi-

1861 2234 1940 2279 tes
1974 2227 2325 2294 transgressi,
2363 2236 2525 2293 atque
2567 2228 2620 2280 in
2672 2227 2820 2280 viros
2848 2228 3025 2290 relati,
3063 2226 3436 2294 uxoribusque

1859 2319 2133 2386 conjuncti
2164 2334 2229 2372 eo
2259 2335 2317 2372 se
2350 2317 2552 2385 ﬂagitio
2583 2320 3057 2381 contaminavere,
3104 2319 3227 2372 illos
3259 2333 3435 2372 canon

1857 2412 2102 2481 quinque
2153 2419 2206 2464 et
2251 2411 2437 2478 viginti
2489 2427 2662 2465 annos
2718 2413 2770 2466 in
2826 2412 3203 2466 substratione
3251 2425 3431 2480 agere,

1858 2512 1970 2556 tum
2004 2501 2201 2555 deinde
2229 2504 2606 2572 quinquennio
2639 2504 2874 2560 fidelium
2909 2505 3161 2573 precibus
3189 2519 3437 2558 commu-

1861 2593 2069 2657 nicare,
2101 2604 2266 2663 atque
2311 2595 2519 2649 exactis
2563 2595 2780 2648 demum
2827 2597 3052 2666 triginta
3095 2597 3247 2651 hisee
3281 2597 3438 2650 annis

1863 2699 2019 2738 sacra
2039 2689 2427 2741 communione
2459 2689 2618 2758 potiri
2650 2690 2804 2760 jubet
2833 2708 2844 2744 :
2871 2691 2965 2759 qui
3003 2706 3132 2744 vero
3173 2688 3438 2743 uxoribus

1861 2776 2126 2845 copulati,
2173 2787 2442 2847 actateque
2476 2779 2588 2848 jam
2640 2779 2851 2842 all‘ecta,
2895 2779 3206 2848 huiusmodi
3255 2794 3312 2832 se
3356 2778 3442 2830 ni-

162 2864 470 2919 hilominus
503 2868 731 2922 crimine
771 2870 1122 2938 implicuere,
1159 2887 1266 2924 non
1307 2872 1466 2936 alias,
1503 2885 1667 2940 quam
1701 2869 1754 2924 in
1788 2878 2036 2926 extremo
2065 2873 2284 2942 spiritu,
2327 2891 2498 2930 sacrae
2525 2877 2930 2931 communionis
2969 2875 3260 2944 participes
3327 2872 3442 2928 ﬁeri

160 2959 342 3014 licere
377 2962 642 3016 decernit.

159 3051 389 3105 Al‘IZT.
433 3071 452 3099 ι
503 3056 561 3106 Ὀ
606 3055 1040 3127 ἀλογευσάμενος
1075 3059 1181 3130 πρὸ
1225 3059 1333 3113 τῶν
1389 3060 1562 3112 εἴκοσι
1617 3059 1751 3128 χρό-

245 3164 265 3197 α
307 3164 432 3209 νων,
470 3150 864 3201 πεντεκίίδεκα
918 3151 1094 3204 ἔτεσιν
1148 3151 1540 3204 ὑποπιπτέτω·
1596 3153 1643 3203 εἰ
1694 3150 1749 3203 δὲ

251 3259 269 3289 ε
311 3242 403 3292 καὶ
435 3243 530 3309 τὴν
559 3242 775 3312 ήὶικίαν
811 3244 1016 3313 ταύτην
1049 3245 1312 3313 ὑπερϐὰς,
1373 3245 1468 3297 καὶ
1518 3246 1750 3312 γυναῖκα

244 3350 262 3380 ι
304 3332 462 3399 ἔχων,
497 3337 906 3403 περιπέπτωκε,
940 3337 1102 3390 πέντε
1170 3337 1262 3388 καὶ
1310 3336 1516 3388 εἴκοσιν
1573 3335 1751 3386 ἔτεσιν
1782 3370 1829 3432 c

252 3442 270 3471 ι
314 3424 694 3479 ὑποπιπτέτω.
737 3428 794 3480 '0
832 3428 885 3480 δὲ
930 3429 1021 3480 καὶ
1050 3432 1285 3495 γυναῖκα
1307 3429 1466 3496 ἔχων,
1493 3429 1586 3480 καὶ
1614 3427 1756 3496 ὑπὲρ

257 3534 275 3565 ι
309 3516 376 3567 τά
417 3520 755 3586 πεντήκοντα
784 3520 952 3572 τελῶν
974 3521 1090 3590 ἔτη,
1128 3523 1256 3591 ἄχρι
1282 3523 1379 3590 τῆς
1409 3521 1588 3586 ἐξόδου
1624 3521 1754 3574 ὑπο-

251 3628 271 3657 (
311 3609 574 3662 πιπτέτω.
621 3629 638 3661 ι

257 3698 330 3751 Τὸ
365 3701 463 3768 μὲν
491 3702 855 3771 ὀγδοηκοστὸν
889 3704 1104 3772 πρῶτον
1129 3705 1431 3772 κεφάλαιον
1462 3704 1558 3758 τοῦ
1592 3721 1752 3773 τρια-

224 3793 373 3845 ιστοὺ
401 3795 630 3862 ἑϐδόμου
678 3798 860 3848 τίτλου
905 3795 998 3849 τοῦ
1034 3797 1332 3864 ἑξηκοστοῦ
1391 3798 1598 3868 βιϐλίου
1648 3797 1757 3849 τῶν

168 3885 484 3938 Γασι).ικῶν
529 3887 1006 3955 άλογευσαμένους
1044 3889 1191 3956 λέγει
1223 3891 1348 3951 τοὺς
1378 3889 1718 3957 κτηνοϐάτας
1739 3905 1752 3917 ·

165 3977 269 4039 οὓς
293 3979 385 4030 καὶ
425 3979 752 4049 προστάττει
781 3980 1243 4034 καυλοκοπεῖσθαι
1269 3998 1282 4013 ο
1313 3981 1408 4033 καὶ
1440 3983 1568 4042 τοὺς
1620 3981 1757 4048 μετᾶ

1518 4071 1610 4131 οὓς
1663 4073 1758 4124 καὶ

164 4160 474 4227 διορίζεται
506 4162 532 4212 6
565 4160 765 4226 κανὼν,
800 4164 847 4214 εί
878 4163 974 4229 μὲν
1003 4164 1234 4230 ἥττονες
1273 4162 1382 4214 τῶν
1428 4163 1598 4214 εἴκοσι
1635 4161 1761 4229 χρό·

164 4071 426 4140 ἀρὁένων
460 4071 558 4138 τὴν
598 4072 988 4139 άσχηιοοσὺνην
1017 4072 1422 4139 ἐργαζομένους
1451 4089 1465 4104 ο

164 4252 479 4316 νωνείσὶν,
546 4253 640 4304 ἐπὶ
703 4255 1102 4307 πεντεκαίδεκα
1159 4256 1337 4307 ἔτεσιν
1406 4255 1755 4318 ὑποπίπτεεν,

167 4345 271 4396 καὶ
301 4345 384 4408 ἐφ’
418 4343 580 4410 ἕτερα
613 4343 773 4395 πέντε
809 4344 1162 4397 συνίστασθαι
1218 4347 1355 4415 μετὰ
1387 4346 1493 4396 τῶν
1529 4345 1757 4410 πιστῶν,

168 4439 275 4490 καὶ
309 4437 484 4505 μόνων
516 4437 623 4488 τῶν
665 4436 844 4505 εὐχῶν
895 4439 1204 4488 κοινωνεῖν·
1255 4433 1376 4488 εἶτα
1434 4435 1542 4487 τῶν
1600 4435 1760 4487 Θείων

171 4531 542 4596 ἀγιασμάτων
568 4528 928 4596 ὲςεάπτεσθαι.
951 4528 1091 4591 Τοὺς
1116 4529 1170 4580 δὲ
1193 4530 1318 4591 τοὺς
1353 4530 1560 4580 εἴκοσιν
1591 4529 1761 4597 ὑπερ-

171 4622 384 4681 ϐάντας
447 4621 692 4688 χρόνους,
752 4619 850 4672 καὶ
913 4625 1180 4686 γυναῖκας
1235 4620 1461 4688 ἔχοντας
1521 4619 1616 4671 καὶ
1684 4617 1759 4687 τῷ

1860 3057 2091 3112 ARIST.
2147 3077 2162 3109 ι
2204 3056 2306 3124 Qui
2360 3057 2588 3113 rationis
2631 3059 2875 3126 expertia
2920 3056 3178 3111 animalia
3217 3054 3439 3108 iniveIi-t

1939 3169 1956 3203 ι
1993 3161 2118 3205 ante
2145 3166 2318 3205 annos
2351 3150 2564 3221 viginti,
2598 3149 2906 3219 quindecim
2941 3149 3098 3202 annis
3122 3146 3439 3201 substerna-

1937 3261 1952 3294 ι
1992 3252 2101 3297 tur.
2133 3241 2186 3297 Si
2211 3244 2369 3297 istam
2400 3258 2528 3296 vero
2555 3250 2768 3296 aetatem
2792 3240 3110 3300 excesserit,
3141 3247 3192 3292 et
3215 3252 3436 3292 uxorem

1935 3354 1952 3386 ‹
1993 3335 2266 3398 habuerit,
2298 3337 2350 3390 in
2382 3336 2523 3390 istud
2569 3350 2697 3389 vero
2729 3334 2943 3388 facinus
2976 3332 3253 3392 inciderit,
3279 3331 3441 3399 quin-

1935 3445 1954 3478 ι
1993 3443 2098 3495 que
2129 3437 2181 3480 et
2217 3425 2402 3495 viginti
2444 3428 2602 3480 annis
2640 3426 3043 3479 suh'..ternatur.
3080 3421 3182 3489 Qui
3224 3437 3352 3473 vero
3387 3429 3439 3471 ιι

1937 3538 1954 3569 ι
1997 3533 2220 3570 uxorem
2245 3518 2589 3579 habuerit,et
2623 3518 3017 3588 quinquaginta
3051 3530 3225 3569 annos
3253 3524 3432 3566 trans-

1937 3629 1954 3661 ι
1995 3610 2186 3678 egerit,
2235 3625 2407 3680 usque
2439 3611 2503 3662 ad
2549 3611 2672 3664 vitae
2716 3609 2921 3664 exitum
2963 3609 3371 3662 substernatur.
3413 3625 3428 3655 ι

1931 3703 2342 3768 Octogesimum
2395 3703 2615 3772 quidem
2671 3702 2906 3771 primum
2956 3709 3119 3768 eaput
3167 3697 3436 3753 tricesimi

1861 3795 2077 3864 septimi
2103 3795 2245 3849 tituli
2279 3793 2605 3862 sexagesimi
2632 3793 2751 3847 libri
2779 3793 3140 3847 Basilicorum
3169 3806 3197 3845 a
3227 3790 3440 3844 ratione

1861 3887 2180 3940 aberrantes
2219 3893 2374 3938 vocat
2400 3898 2518 3947 eos,
2562 3884 2652 3952 qui
2684 3883 2924 3952 jumenta
2975 3883 3184 3943 ineant,
3226 3895 3433 3948 eosque

1862 3979 2018 4034 virile
2059 3979 2328 4031 disseetos
2369 3991 2489 4030 esse
2529 3974 2773 4037 mandat,
2820 3981 2874 4028 et
2911 3989 3004 4027 eos
3033 3975 3124 4042 qui
3162 3988 3283 4026 cum
3322 3988 3440 4023 mu-

1864 4075 2036 4129 sculis
2085 4070 2480 4139 turpitudinem
2532 4067 2919 4120 committunt:
2963 4078 3100 4132 quos
3142 4071 3195 4116 et
3247 4061 3436 4116 statuit

1862 4179 2064 4226 canon,
2101 4162 2145 4217 si
2182 4160 2372 4230 viginti
2406 4159 2566 4213 annis
2600 4157 2837 4210 minores
2869 4165 3077 4221 essent,
3117 4153 3434 4224 quindecim

1863 4270 2035 4309 annos
2064 4253 2368 4312 substerni,
2409 4259 2464 4303 et
2511 4250 2649 4303 alios
2697 4249 2940 4314 quinque
2982 4245 3283 4299 consistere
3313 4258 3435 4296 cum

1866 4347 2133 4407 tidclibus,
2158 4351 2210 4397 et
2240 4357 2464 4412 precum
2498 4341 2738 4394 solarum
2766 4338 3060 4408 participes
3083 4351 3225 4400 esse,
3251 4343 3438 4404 postea

1863 4437 2048 4493 divina
2090 4441 2433 4490 sacramenta
2470 4431 2758 4500 attingere.
2795 4431 2901 4484 Eos
2931 4427 3093 4500 395
3123 4437 3304 4482 autem
3342 4425 3437 4493 qui

1864 4530 2054 4600 viginti
2088 4543 2259 4581 annos
2296 4525 2700 4583 transiliernnt,
2731 4529 2784 4576 et
2816 4536 3018 4574 uxores
3053 4519 3276 4578 habent,
3304 4526 3356 4570 et
3385 4519 3436 4569 in

1866 4621 2179 4692 hujusmodi
2207 4617 2807 4688 passionemincidunt,
2837 4631 2959 4668 eunt
2987 4613 3172 4681 viginti
3199 4612 3439 4680 quinque.

164 4713 409 4783 τοιούτῳ
437 4713 834 4781 περιπεσόντας
867 4712 1047 4773 πάθει,
1077 4713 1249 4766 είκοσι
1299 4715 1391 4764 καὶ
1435 4711 1595 4763 πέντε
1659 4710 1755 4780 ἔτη

1861 4733 2034 4772 annos
2066 4717 2117 4770 in
2141 4712 2510 4769 subslratione
2543 4709 2924 4776 transegerint,
2955 4715 3009 4762 et
3041 4707 3178 4760 alios
3201 4705 3441 4774 qltiquu-t

167 4811 510 4871 τελέσαντας
543 4812 598 4860 ὲν
625 4812 689 4877 τῇ
721 4807 1059 4868 ὑποπτώσει,
1096 4806 1188 4856 καὶ
1217 4805 1380 4873 έτερα
1411 4805 1573 4855 πέντε
1604 4805 1661 4855 ὲν
1692 4805 1757 4872 τῇ

173 4898 441 4965 κοινωνίᾳ
465 4898 574 4949 τῶν
629 4896 828 4965 εὑχῶν,
879 4895 1020 4963 μετὰ
1077 4896 1252 4950 ταῦτα
1315 4895 1609 4961 τυγχάνειν
1660 4892 1762 4959 τῆς

173 4988 422 5058 μετοχῆς
454 4989 562 5040 τῶν
593 4987 753 5039 θείων
784 4987 1147 5056 άγιασμάτων
1173 5004 1184 5015 ·
1219 4988 1346 5050 τοὺς
1397 4987 1453 5038 δὲ
1492 4987 1581 5038 τὸν
1637 5002 1765 5037 πεν-

167 5081 520 5151 τηκονταετῆ
563 5079 755 5149 χρόνον
791 5079 1259 5146 ὑπερελάσαντας,
1312 5081 1578 5144 γυναῖκας
1616 5077 1765 5146 ἔχον·

168 5191 304 5235 τας,
349 5173 676 5226 ὑποπίπτειν
701 5171 791 5224 διὰ
821 5171 938 5240 βίον
974 5171 1195 5233 παντὸς,
1231 5172 1326 5224 καὶ
1362 5172 1421 5223 ἐν
1469 5175 1534 5242 τῇ
1594 5171 1762 5242 ἐξόδῳ

170 5265 281 5319 τοῦ
317 5262 524 5332 ἀγαθοῦ
554 5262 764 5331 ὲφοδίου
811 5265 1222 5331 ἐπιτυγχάνειν.

789 5355 1027 5407 ΚΑΝΩΝ
1059 5355 1158 5409 lZ'.

184 5469 206 5502 α
254 5446 396 5508 Τοὺς
445 5445 923 5516 ἀλογευσαμένους
983 5449 1076 5500 καὶ
1146 5449 1382 5515 λεπροὺς
1425 5449 1588 5508 ὄντας
1626 5450 1762 5520 (84),

1867 4817 1919 4869 in
1969 4828 2191 4884 precum
2225 4809 2636 4868 communione,
2677 4815 2865 4873 postea
2904 4805 3212 4856 divinorum
3247 4817 3427 4856 sacra-

1865 4916 2176 4962 mentorum
2211 4902 2504 4971 participes
2533 4915 2673 4951 esse.
2702 4898 2808 4950 Eos
2832 4905 3010 4948 autem
3036 4897 3128 4964 qui
3161 4895 3438 4962 quinqua-

1865 4997 2129 5064 gesimum
2176 5007 2380 5047 annum
2421 4996 2845 5056 transegerunt,
2905 4999 3106 5038 uxores
3155 4984 3440 5042 habentes,

1868 5096 2037 5141 totum
2071 5085 2236 5138 vitam
2270 5080 2570 5144 substerni,
2610 5091 2664 5132 et
2709 5077 2762 5129 in
2795 5076 3049 5130 discessu
3086 5074 3212 5128 boni
3255 5072 3437 5125 viatici

1870 5186 2150 5250 compotes
2177 5175 2315 5232 ﬁeri.

2441 5350 2666 5406 CASON
2710 5349 2867 5403 XVII.
2910 5347 2939 5392 ⁸³

1884 5451 2066 5514 «Eos,
2114 5448 2206 5518 qui
2255 5447 2481 5500 rationis
2528 5445 2770 5510 expertia
2825 5441 3121 5494 animantia
3173 5440 3432 5492 inierunt.

1380 5587 1583 5649 Guill.
1621 5586 1956 5663 Beveregii
2005 5591 2195 5645 uotae.

260 5683 372 5752 (84)
413 5683 558 5749 Τοὺς
599 5686 1151 5754 ἀλογευσαμένους,
1199 5687 1296 5741 καὶ
1346 5687 1610 5754 λεπροὺς
1657 5691 1758 5741 6r-

175 5771 319 5816 τας.
352 5754 686 5812 Scltoliastes
727 5757 1121 5823 llariueimpnli
1176 5765 1228 5810 In
1280 5765 1426 5811 httuc
1490 5774 1756 5812 rationem

179 5829 307 5878 haec
337 5827 519 5896 habet,
551 5827 764 5892 Λεπρδς
787 5826 860 5877 ῶν
888 5828 1059 5895 ἤγουν
1103 5828 1416 5896 ἀκάθαρτος
1460 5831 1552 5880 καὶ
1588 5846 1757 5893 μεμυ-

180 5895 460 5958 λυσμ.έ·.·ος
496 5912 507 5925 ν
543 5897 838 5967 ἀκάθαρτοι
880 5903 986 5967 γὰρ
1022 5899 1070 5949 οἱ
1106 5895 1298 5967 imp-9‘5
1351 5899 1498 5966 api
1532 5899 1606 5964 τῷ
1633 5902 1761 5952 Μω-

1869 5683 2043 5750 σαῖκῷ
2083 5683 2234 5750 νόμῳ
2262 5697 2275 5711 ⁸
2311 5679 2372 5731 τδ
2411 5681 2463 5731 δὲ
2497 5676 2784 5750 λγεπρῴσις
2816 5676 2943 5750 ἐντὶ
2970 5675 3090 5750 .105.
3123 5674 3340 5750 indvit."
3372 5677 3438 5726 Ti

1870 5755 1983 5817 ζῶα
2017 5744 2256 5819 δηλονότι
2296 5765 2308 5777 ⁸
2343 5747 2777 5819 χειμαζομένους
2810 5746 2866 5798 δὲ
2904 5747 3028 5819 τοὺς
3067 5744 3440 5806 δαιμονῶντας

1871 5815 2042 5890 λέγει,
2070 5815 2146 5883 i7);
2171 5819 2316 5880 τινές
2345 5815 2533 5890 φασιν.
2577 5817 2863 5890 Leprosus,
2907 5815 3000 5890 lioc
3031 5825 3105 5866 rat
3141 5817 3438 5890 immundus

1907 5885 2229 5960 t'poHutus;
2260 5891 2446 5956 quippe
2490 5889 2679 5956 leprmi
2707 5896 2855 5941 erant
2915 5885 3174 5936 immundi
3231 5885 3279 5936 in
3330 5887 3437 5937 leue
