4164 6426
174 407 309 474 ΗΠ

1226 415 1303 474 lN
1344 415 1508 475 CAN.
1547 412 1741 473 XVIII
1788 413 1995 477 CONC.
2039 417 2286 477 ANCYR

3286 399 3424 468 1178

167 515 396 572 ΛΡΙΣΤ.
448 537 465 572 ί
526 520 582 572 Ὀ
605 519 804 590 λεπρὸς
829 522 1288 591 ἀλογευσάμενος,
1340 525 1489 594 ἧκα).
1523 521 1737 593 λειτρὼ-

1847 523 2069 580 AlllSl‘.
2114 545 2130 576 ι
2181 524 2454 592 Leprosus
2503 521 2593 589 qui
2655 518 2859 574 bestias
2921 515 3064 579 iniit,
3120 514 3204 568 vel
3253 514 3416 568 etiam

238 629 257 662 ι
308 627 426 676 σας,
462 615 572 674 τοῖς
598 613 1021 682 χειμαζομένοις
1053 615 1393 684 συνεύχοιτο.
1438 634 1455 667 ι

246 788 467 859 Ἐπειδὴ
499 789 812 858 ἀκάθαρτος
846 785 962 861 ἦνό
1003 791 1202 860 λεπρὸς
1240 794 1298 845 ὲν
1340 791 1416 862 τῷ
1467 793 1616 862 νόμῳ
1669 793 1748 862 τῷ

164 877 261 931 τοῦ
294 880 560 941 Μωσέως,
583 881 723 933 κατά
751 881 909 934 τοῦτο
949 884 1045 935 καὶ
1089 886 1114 935 ὁ
1170 883 1350 936 κανὼν
1389 884 1478 936 τὸν
1524 885 1749 951 ἀλογευ-

166 969 404 1036 σίμενον
434 971 510 1033 ὡς
540 971 852 1042 ἀκάθαρτον
883 974 1249 1044 κατονομάζει
1293 975 1513 1044 λεπρόν.
1554 977 1748 1030 Βούλεο

162 1078 256 1114 ται
285 1059 379 1117 οὖν
402 1065 528 1126 τοὺς
556 1064 835 1128 τοιούτους
861 1068 988 1130 τοὺς
1020 1069 1076 1121 ἐν
1103 1071 1321 1136 γυναιξὶ
1346 1069 1499 1140 παρὰ
1557 1070 1742 1139 φύσιν,

161 1153 193 1223 ἢ
234 1155 293 1206 ὲν
324 1154 571 1225 ἄρρεσιν,
596 1155 628 1225 ἢ
655 1158 711 1209 ἐν
740 1157 957 1225 ἀλόγοις
992 1159 1090 1229 τὴν
1134 1161 1400 1230 αἰσχύνην
1444 1163 1746 1233 ἐργαζομέ-

161 1262 309 1307 νους,
345 1247 437 1298 καὶ
468 1244 858 1314 λεπρώσαντας
900 1249 1146 1317 ἑαυτοὺς,
1188 1251 1343 1321 ἢκαὶ
1392 1254 1601 1325 ἑτέροις
1644 1255 1746 1327 τῆς

159 1337 372 1398 οίκείας
406 1337 734 1403 μεταδόντας
763 1342 1128 1412 ἀκαθαρσίας,
1159 1344 1233 1408 ὡς
1264 1346 1589 1415 κατακόρως
1609 1365 1743 1419 χρηο

161 1431 436 1497 σαμένους
458 1431 536 1499 τῷ
567 1430 750 1496 πάθει,
791 1434 928 1503 μετὰ
947 1433 1057 1487 τῶν
1095 1435 1512 1504 χειμαζομένων
1554 1435 1741 1488 συνεύ-

157 1522 374 1585 χεσθαι.
409 1521 812 1592 Χειμαζόμενοι
849 1523 905 1576 δέ
932 1524 1060 1588 είσι,
1087 1526 1226 1578 κατὰ
1254 1526 1346 1578 τὸν
1401 1525 1576 1594 μέγαν
1629 1526 1743 1578 Διο-

157 1610 364 1675 κύσιον,
424 1614 600 1667 οίὺπδ
622 1615 932 1685 πνεύματος
984 1617 1221 1686 πονηροῦ
1267 1619 1649 1687 κατεχόμενοι,
1687 1617 1738 1671 οἶ

158 1702 306 1766 μετά
333 1701 441 1756 τῶν
475 1705 684 1759 πιστῶν
725 1705 787 1758 οὺ
825 1707 1228 1778 συνεχωροῦντο
1279 1707 1554 1779 εὕχεσθαι,
1605 1708 1740 1762 ἀλλά

153 1795 367 1858 τόπους
394 1793 541 1867 εἶχον
557 1801 998 1872 ἀφωρισμένους,
1033 1802 1130 1854 καὶ
1162 1800 1396 1872 ηὔχοντο
1429 1806 1487 1856 ιν
1527 1805 1734 1866 αὐτοῖς.

1929 637 1946 668 ‹
1989 621 2132 686 lepra
2179 615 2408 678 infecit,
2452 628 2578 667 eum
2629 609 3055 666 liibcrnantibus
3107 619 3406 674 comprece-

1931 727 1948 759 ι
1994 720 2096 762 llll'.
2142 727 2158 758 ι

1922 802 2371 872 Quandoquidem
2417 797 2734 853 immundus
2773 806 2889 850 erat
2938 798 2992 850 in
3028 797 3145 865 lege
3178 791 3417 846 Mosaiea

1853 897 2120 967 leprosus,
2155 897 2358 951 ideirco
2401 911 2573 949 canon
2614 909 2737 949 eum
2775 894 2864 960 qui
2892 893 3134 959 jutnenla
3187 889 3330 952 iniit,
3364 894 3424 940 ut

1851 992 2192 1045 immundum
2214 997 2372 1044 vocat
2393 988 2686 1056 leprosum.
2713 984 2841 1039 Vult
2861 986 3039 1054 itaque
3062 999 3155 1038 cos
3181 984 3419 1051 quicum

1851 1083 2172 1138 mulieribus
2196 1089 2390 1149 prseter
2423 1088 2694 1141 naturam,
2726 1088 2821 1131 aut
2852 1091 2975 1131 cmn
3013 1075 3292 1136 masculis,
3323 1081 3418 1125 aut

1848 1192 1972 1232 cum
2018 1174 2204 1230 bestiis
2249 1170 2642 1240 turpitudinem
2682 1170 3099 1227 commiserunt,
3123 1180 3290 1234 seque
3336 1165 3418 1219 le-

1846 1284 2041 1340 prosos
2097 1266 2470 1330 reddiderunt,
2500 1272 2554 1317 et
2599 1262 2722 1316 aliis
2775 1261 2841 1314 de
2883 1275 2981 1314 sua
3033 1257 3420 1327 impertiuntur

1849 1358 2215 1422 immunditia,
2245 1365 2302 1410 ut
2324 1355 2612 1410 immodice
2632 1359 2843 1406 utentes
2868 1351 3142 1420 passione,
3172 1363 3295 1402 eum
3335 1347 3421 1399 lii-

1845 1451 2199 1506 bernantibus
2261 1446 2624 1518 comprecari.
2663 1444 3027 1498 llibernantes
3061 1450 3240 1493 autem
3287 1446 3417 1493 sunt

1846 1543 2146 1598 secundum
2181 1553 2438 1609 magnum
2491 1534 2809 1605 Dionysium
2839 1533 2931 1602 qui
2964 1546 2994 1584 a
3026 1530 3221 1597 spiritu
3252 1543 3418 1598 pravo

1845 1643 2133 1696 vexantur,
2177 1633 2271 1701 qui
2316 1644 2440 1685 cum
2497 1627 2746 1680 ﬁdelibus
2780 1639 2936 1678 orare
2981 1636 3086 1675 non
3137 1620 3418 1689 permitte-

1845 1727 2061 1788 bantur,
2113 1725 2207 1779 sed
2267 1723 2384 1777 loca
2446 1719 2720 1774 habebant
2775 1717 3083 1785 pnescripta
3134 1723 3189 1766 et
3245 1712 3297 1765 in
3350 1712 3418 1766 iis

1845 1833 2035 1888 preces
2069 1815 2438 1870 ell‘untlebant.
2485 1811 2678 1878 Quaere.
2713 1807 2899 1862 Basilii
2951 1807 3127 1875 magni
3175 1816 3416 1857 canones

154 1889 325 1957 Ζήτει
374 1866 476 1943 του
529 1866 1102 1962 μεγάλου-Βασιλείου
1168 1866 1367 1951 κανόνα
1402 1895 1482 1968 ξβ⁶
1525 1898 1618 1950 καὶ
1648 1897 1737 1962 ἑξ-

1847 1866 2034 1888 ιν---ν-
2076 1866 2314 1870 --τ-τ-κτ-
2347 1866 2370 1867 η
2496 1866 2530 1878 η
3041 1866 3068 1875 ν

1847 1909 1910 1964 62
1950 1916 2005 1962 et
2047 1908 2137 1969 (33,
2170 1912 2224 1962 et
2252 1903 2321 1960 ob
2353 1903 2597 1959 eamdem
2642 1899 2918 1954 lasciviam
2957 1907 3146 1966 pmuas
3176 1891 3415 1946 minores

152 1981 392 2048 ηκοστον
436 1984 622 2053 τρίτον
654 1999 670 2014 ·
723 1985 818 2038 καὶ⁶
863 1987 1115 2058 εὑρήσεις
1177 1988 1271 2042 ἐπὶ
1329 1988 1440 2042 τῶν
1475 1989 1736 2044 τοιούτων

155 2073 464 2144 ἀσελγειῶν
488 2079 690 2147 ἥττονα
720 2079 789 2133 τὰ
823 2080 1098 2151 ἐπιτίμια.

742 2174 983 2228 ΚΔΝΩΝ
1017 2175 1122 2231 lH'.

162 2275 183 2308 ι
220 2258 290 2311 Εἴ
332 2277 478 2322 τινες
527 2262 820 2319 ἐπίσκοποι
857 2270 1319 2339 κατασταθέντες,
1360 2275 1453 2327 καὶ
1511 2274 1586 2346 μὴ
1647 2275 1738 2329 δε-

244 2369 263 2403 r
309 2353 531 2423 χθέντες
562 2356 666 2409 ὑπὸ
694 2358 789 2428 τῆς
816 2363 1108 2432 παροικίας
1149 2364 1359 2436 ἐκείνης
1388 2369 1468 2430 είς
1498 2369 1565 2437 ἢν
1600 2366 1740 2421 ὠνο-

236 2461 256 2495 r
301 2446 613 2516 μάσθησαν,
649 2449 870 2520 ἑτέραις
933 2452 1211 2523 βούλοιντο
1281 2458 1598 2527 παροικίαις
1641 2459 1738 2512 ὲπ-

239 2555 257 2588 ι
302 2536 464 2602 ιέναι,
492 2539 586 2592 καὶ
619 2539 904 2610 βιάζεσθαι
929 2544 1054 2609 τοὺς
1076 2546 1449 2614 καθεστῶτας,
1480 2552 1575 2602 καὶ
1607 2551 1738 2604 στά-

240 2648 259 2682 s
307 2647 420 2694 σεις
445 2634 617 2686 κινεῖν
671 2635 793 2688 κατ’
821 2636 1036 2704 αὐτῶν,
1068 2639 1303 2704 τούτους
1352 2642 1734 2714 ἀφορίζεσθαι.

242 2741 263 2775 ι
320 2723 443 2776 Ἐὰν
503 2726 688 2794 μέντοι
756 2728 1032 2797 βούλοιντο
1088 2733 1168 2794 εἰς
1236 2733 1297 2784 τὸ
1350 2735 1739 2806 πρεσϐυτέριον

243 2834 264 2866 ι
305 2816 660 2882 καθέζεσθαι,
690 2819 818 2873 ἔνθα
849 2815 992 2890 ἦσαν
1025 2823 1296 2894 πρότερον
1345 2803 1734 2898 πρεσϐύτερέι,

246 2927 265 2955 σ
308 2910 382 2978 μὴ
425 2910 836 2965 ἀποϐάλλεσθαι
896 2914 1096 2977 αὐτοὺς
1150 2917 1250 2985 τῆς
1288 2918 1452 2987 τιμῆς
1483 2935 1496 2950 ο
1549 2919 1644 2972 ἐὰν
1681 2919 1738 2972 δὲ

245 3017 266 3051 ε
307 3001 740 3066 διαστασιάζωσι
803 3005 943 3076 πρὸς
1016 3008 1143 3070 τοὺς
1215 3009 1573 3073 καθεστῶτας
1623 3013 1739 3064 ἐκεῖ

246 3109 266 3140 ι
315 3091 674 3159 ἐπισκόπους,
715 3095 1072 3165 ἀφαιρεῖσθαι
1103 3100 1288 3164 αὐτοῖς
1332 3102 1428 3155 καὶ
1445 3103 1545 3171 τὴν
1571 3103 1737 3173 τιμὴν

245 3201 266 3232 ι
305 3182 396 3235 τοῦ
437 3185 861 3257 πρεσϐυτερίου,
918 3188 1015 3242 καὶ
1049 3190 1298 3258 γίνεσθαι
1329 3193 1528 3255 αὐτοὺς
1566 3195 1733 3262 ὲκκη-
1768 3207 1806 3265 ί)

241 3291 262 3322 ι
310 3273 561 3340 ρύκτους.
603 3295 621 3326 ο

239 3365 436 3420 ΒΛΛΣ.
485 3367 545 3420 '0
576 3367 639 3421 ιδ’
673 3368 860 3423 κανὼν
901 3371 1009 3425 τῶν
1059 3373 1234 3441 ἁγίων
1266 3376 1583 3432 ἀποστόλων
1641 3382 1739 3433 καὶ

159 3458 190 3510 6
219 3463 282 3509 ιε’
308 3457 402 3510 καὶ
442 3460 469 3512 6
513 3457 623 3523 λς’,
657 3461 793 3513 ἀλλά
819 3464 926 3533 μὴν
957 3465 1051 3518 καὶ
1088 3466 1116 3517 6
1146 3465 1229 3531 ιζ’,
1274 3469 1367 3522 καὶ
1397 3471 1424 3522 6
1457 3477 1527 3540 ιη’
1558 3469 1737 3525 κανὼν

160 3548 269 3615 τῆς
299 3549 357 3600 ὲν
393 3548 697 3623 Ἀντιοχείᾳ
752 3555 995 3620 συνόδου,
1049 3557 1222 3611 πολλά
1283 3578 1405 3612 τινα
1439 3560 1741 3630 διαλαμῦά-

159 3657 323 3693 γουσι
371 3646 495 3711 περὶ
563 3645 673 3698 τῶν
725 3651 1220 3720 χειροτονουμένων
1275 3653 1612 3720 ἐπισκόπων,
1646 3658 1741 3708 καὶ

166 3732 247 3802 μὴ
281 3732 589 3803 δεχομένων
654 3737 760 3791 ὑπὸ
811 3740 922 3794 τῶν
984 3743 1289 3813 παροικιῶν
1358 3747 1539 3800 αὐτῶν
1573 3763 1585 3776 ·
1645 3750 1740 3802 καὶ

161 3828 446 3895 ἀνάγνωθι
486 3829 737 3892 τούτους.
786 3832 844 3885 '(l
877 3833 1060 3902 μέντοι
1092 3838 1289 3907 παρὼν
1344 3839 1525 3894 κανὼν
1573 3842 1741 3912 διορί-

162 3921 325 3986 ζεται
356 3922 482 3986 τοὺς
520 3924 596 3995 μὴ
661 3925 956 3995 δεχθέντας
991 3929 1347 3994 ἐπισκόπους,
1381 3934 1462 3996 είς
1494 3933 1561 3997 ἃς
1603 3935 1738 3988 ὠνο-

163 4013 462 4084 μάσθησαν
520 4017 838 4085 παροικίας,
894 4019 969 4089 μὴ
1023 4021 1359 4090 ἀπέρχεσθαι
1393 4027 1471 4089 είς
1523 4027 1739 4096 ἑτέρας,

163 4107 271 4160 καὶ
301 4107 510 4175 βιάζειν
536 4111 661 4172 τοὺς
713 4111 1011 4180 προέδρους
1051 4114 1252 4177 αὐτῶν,
1303 4118 1396 4168 καὶ
1458 4120 1595 4186 μήτε
1644 4119 1741 4186 μὲν

158 4198 462 4262 διεγείρειν
501 4200 641 4251 κατὰ
670 4199 880 4252 τούτων
913 4203 1040 4262 τοὺς
1090 4201 1182 4253 ὑπ’
1214 4203 1411 4264 αὐτοὺς
1445 4204 1742 4274 κληρικούς

158 4309 224 4343 τε
258 4292 348 4342 καὶ
372 4290 617 4353 λαῖκούς.
644 4291 784 4354 Τοὺς
806 4292 860 4344 δὲ
889 4292 1128 4346 τοιοῦτόν
1174 4311 1226 4345 τι
1289 4295 1582 4357 ποιοῦντας
1641 4297 1738 4362 da

161 4384 469 4453 ορίζεσθαι.
514 4386 600 4447 Ὡς
627 4386 682 4438 δέ
725 4403 868 4449 τινος
926 4388 1196 4452 είπόντος,
1251 4389 1358 4440 Καὶ
1403 4391 1553 4451 ποῖος
1589 4388 1741 4441 ἔσται

163 4476 335 4537 τόπος
365 4475 650 4537 κατοικίας
683 4479 793 4539 τοῖς
850 4477 1112 4540 τοιούτοις
1143 4494 1156 4541 ;
1209 4480 1490 4548 ἐπήγαγον
1546 4483 1594 4533 oi
1628 4482 1739 4533 Πα-

161 4562 328 4630 τέρες
364 4563 462 4626 ὼς,
493 4564 540 4615 εί
585 4562 859 4631 βούλοιντο
913 4566 963 4617 οἱ
996 4568 1470 4636 χειροτονηθέντες
1529 4571 1738 4638 διάγειν

166 4655 254 4716 είς
279 4654 473 4725 ἑτέρας
501 4657 816 4726 παροικίας,
848 4659 1013 4727 ἤγουν
1041 4660 1118 4722 είς
1160 4663 1257 4723 τὰς
1293 4663 1565 4733 προτέρας
1605 4681 1742 4716 κατ-

161 4748 346 4810 οικίας
375 4747 576 4811 αὐτῶν,
620 4749 713 4801 καὶ
741 4749 1023 4818 ἀνέχονται
1066 4752 1144 4814 είς
1179 4755 1550 4822 πρεσϐυτέρου
1577 4754 1741 4808 τόπον

165 4839 467 4908 καθῆσθαι,
502 4840 561 4891 οὐ
595 4839 998 4910 κωλυθήσονται
1035 4861 1048 4874 ·
1087 4845 1266 4898 τοίνυν
1307 4845 1399 4898 καὶ
1451 4845 1593 4899 οὕτω
1644 4846 1742 4917 μὲν

170 4931 454 4993 ποιοῦντες
518 4932 861 5002 ἀνενόχλητοι
935 4935 1445 5007 διατηρηθησονται,
1528 4939 1743 5008 ἔχοντες

166 5026 273 5094 τὴν
302 5025 555 5093 τοιαύτην
583 5027 770 5095 τιμήν.
819 5026 943 5080 Ἐὰν
990 5027 1045 5080 δὲ
1082 5031 1297 5093 στάσεις
1336 5033 1427 5085 καὶ
1482 5033 1743 5102 διαφορὰς

165 5120 342 5188 ἔχωσι
374 5118 512 5187 μετὰ
541 5119 636 5170 τοῦ
665 5121 936 5189 ἐγχωρίου
968 5123 1290 5186 ἐπισκόπου,
1341 5124 1743 5195 ἀφαιρεθήσον-

167 5224 268 5264 ται
302 5212 396 5262 καὶ
421 5211 517 5276 τὴν
539 5209 630 5264 τοῦ
660 5211 1035 5282 πρεσϐυτέρου
1069 5213 1257 5284 τιμὴν,
1294 5217 1389 5268 καὶ
1418 5217 1744 5286 γενήσονται

164 5303 523 5372 ὲκκήρυκτοι.
589 5303 776 5357 Ταῦτα
809 5302 902 5356 τοῦ
953 5305 1174 5368 κανόνος
1221 5306 1610 5376 διοριζομένου,
1670 5308 1745 5379 μὴ

164 5396 333 5464 εἴπῃς
366 5396 492 5457 τοὺς
534 5395 609 5464 μὴ
646 5395 932 5466 δεχθέντας
983 5398 1317 5460 ἐπισκόπους
1349 5399 1620 5467 καθῆσθ.ι
1667 5403 1744 5464 είς

163 5483 300 5544 τοὺς
325 5485 520 5545 τόπους
571 5486 681 5537 τῶν
716 5486 1106 5556 πρεσϐυτέρων
1137 5487 1225 5540 διὰ
1281 5488 1594 5541 ὑπόπτωσιν
1648 5491 1744 5556 τῆς

165 5575 340 5642 τιμῆς
367 5575 460 5627 τοῦ
507 5575 869 5628 ἒπισκοπικοῦ
927 5576 1256 5645 ἀξιώματνς,
1296 5580 1431 5630 ἀλλὰ
1471 5579 1559 5632 διὰ
1587 5579 1644 5632 τό
1669 5581 1745 5650 μὴ

167 5660 317 5717 εἶναι
346 5663 532 5730 ἕτερον
583 5665 742 5716 τόπον
766 5663 859 5716 τοῦ
904 5664 1304 5734 πρεσϐυτερίου
1360 5666 1604 5734 μείζονα.
1637 5668 1740 5718 Tu-

166 5757 266 5825 χόν
298 5755 403 5824 γάρ
435 5772 578 5818 τινος
607 5756 664 5820 ἐξ
691 5756 867 5808 αὐτῶν
918 5757 1064 5818 δυτος
1111 5757 1222 5810 ἀπὸ
1268 5757 1612 5828 Ἡρακλείας,
1654 5764 1746 5813 καὶ

172 5848 618 5914 ὑποστρέψαντος
689 5848 764 5909 ῖὶς
819 5847 1041 5916 ταύτην,
1106 5849 1152 5900 οί
1200 5847 1298 5908 μὲν
1361 5849 1742 5920 πρεσϐύτεροι,

1767 4533 1815 4592 D

1839 2001 2105 2057 invenies.

2303 2173 2466 2244 395
2497 2170 2724 2226 cuos
2764 2167 2960 2223 xvm.

1845 2291 1864 2326 ι
1905 2273 1958 2328 Si
1986 2271 2077 2343 qui
2116 2268 2400 2324 constituti
2439 2262 2705 2334 episcopi,
2740 2271 2791 2317 et
2832 2261 2900 2314 ab
2931 2259 3020 2311 illa
3058 2254 3321 2326 parceeia,
3357 2253 3411 2305 iu

1913 2384 1931 2417 ι
1973 2378 2134 2434 quam
2183 2360 2447 2415 nominati
2501 2358 2759 2416 fuerunt,
2815 2368 2919 2406 non
2965 2350 3229 2417 suscepti,
3281 2347 3417 2399 alias

1917 2478 1936 2512 ι
1976 2457 2145 2513 velint
2178 2453 2454 2526 parmcias
2481 2449 2760 2508 invadere.
2795 2457 2848 2500 et
2881 2446 2968 2505 iis.
3003 2445 3094 2512 qui
3128 2439 3413 2496 constituti

1911 2570 1928 2603 ι
1975 2559 2128 2612 sunt,
2162 2548 2267 2600 vim
2299 2545 2518 2611 afferre,
2557 2551 2611 2596 ct
2650 2538 2953 2595 seditiones
2983 2535 3248 2589 adversus
3292 2531 3419 2582 illos

1913 2663 1932 2697 ι
1970 2645 2236 2706 excitare,
2281 2653 2377 2694 eos
2421 2634 2721 2704 segregari.
2766 2630 2862 2684 Sin
2913 2637 3094 2682 autem
3142 2627 3308 2680 veiint
3360 2624 3416 2675 in

1919 2758 1936 2791 ι
1981 2733 2322 2805 presbyterio
2360 2731 2625 2786 residere,
2660 2726 2712 2778 in
2755 2736 2865 2791 quo
2899 2721 3053 2789 prius
3092 2727 3247 2772 erant
3293 2730 3416 2783 prc-

1917 2849 1935 2884 ι
1976 2804 2205 2899 sbyteri,
2259 2825 2414 2892 ipsos
2469 2821 2678 2872 liouore
2727 2829 2832 2868 non
2876 2813 3086 2864 moveri
3129 2827 3140 2862 :
3188 2806 3332 2876 quod
3370 2804 3415 2857 si

1919 2942 1937 2976 ι
1977 2922 2141 2977 etiam
2192 2917 2457 2970 adversus
2489 2927 2604 2973 eos,
2651 2910 2743 2978 qui
2793 2908 2906 2960 illic
2943 2900 3228 2957 eon5tituti
3266 2906 3415 2957 sunt,

1911 3033 1929 3066 ι
1966 2985 2299 3081 episcopos,
2347 3005 2653 3060 seditiones
2711 2996 3108 3057 excitaverint,
3153 2993 3416 3044 Ιιοιιονριιὶ

1912 3125 1930 3157 ι
1970 3118 2192 3174 quoque
2222 3096 2545 3168 presbyterii
2579 3094 2646 3148 ab
2671 3093 2750 3148 eis
2774 3090 3003 3154 auferri,
3035 3098 3086 3141 et
3118 3086 3238 3140 illos
3265 3082 3421 3137 abdi-

1914 3217 1931 3250 ι
1970 3207 2123 3252 catos
2155 3191 2316 3247 cllici.
2344 3210 2372 3238 ιι

1915 3374 2105 3430 ΒΜιε.
2128 3372 2364 3439 Quartus
2385 3367 2629 3424 decimus
2659 3378 2833 3418 canon
2851 3368 3166 3415 sanctorum
3190 3360 3416 3423 aposto:
3473 3383 3476 3385 -

1844 3469 2018 3523 lorum
2043 3474 2094 3520 et
2125 3459 2604 3534 quintusderimns
2633 3464 2687 3510 et
2712 3452 3027 3509 tricesimus
3052 3458 3262 3505 sestus.
3282 3444 3414 3512 quin

1843 3561 2006 3616 etiam
2040 3557 2306 3625 septimus
2339 3551 2587 3606 decimus
2621 3559 2672 3600 et
2697 3555 2923 3597 octavus
2948 3542 3196 3596 decimus
3238 3551 3414 3590 canon

1842 3651 2199 3707 Antiocbcnre
2244 3645 2458 3717 synodi,
2510 3641 2675 3693 multa
2729 3645 2966 3691 tractant
3010 3635 3073 3686 de
3116 3628 3415 3698 epiSCOpis,

1843 3747 1932 3812 qui
1969 3740 2315 3798 ordinantur,
2355 3744 2409 3788 et
2452 3749 2478 3784 a
2517 3732 2632 3786 suis
2664 3729 2916 3800 parmeiis
2951 3741 3056 3779 ιιοιι
3102 3721 3417 3788 suscipiun-

1841 3848 1968 3899 tur;
2002 3841 2054 3886 ct
2099 3834 2215 3901 lege
2245 3843 2361 3883 eos.
2398 3826 2646 3878 Prmsens
2680 3837 2809 3874 vero
2840 3833 3018 3872 canon
3050 3812 3321 3872 decernit,
3356 3817 3416 3861 ut

1841 3924 2109 3995 episcopi,
2141 3921 2231 3989 qui
2264 3931 2370 3972 non
2397 3922 2522 3970 sunt
2553 3912 2791 3979 Suscepti
2825 3911 2874 3962 in
2902 3905 3172 3977 parmeias
3196 3902 3248 3954 in
3279 3914 3415 3967 quas

1844 4014 2108 4072 nominati
2157 4020 2318 4075 sunt,
2371 4010 2425 4062 in
2459 4007 2594 4061 alias
2642 4019 2746 4057 non
2796 4004 3028 4063 abeant,
3075 4011 3174 4050 nec
3223 4005 3410 4046 earum

1846 4102 2166 4177 praesulibus
2203 4101 2310 4153 vim
2342 4099 2609 4161 all'erant;
2665 4108 2844 4161 neque
2876 4093 3144 4142 adversus
3180 4099 3275 4138 eos
3307 4081 3417 4132 ι-ιαο

1846 4203 1990 4256 ricos
2037 4212 2164 4250 suos
2204 4203 2257 4249 et
2309 4194 2479 4246 laicus
2523 4189 2763 4242 excitent
2820 4198 2833 4235 :
2884 4185 2915 4236 ii
2957 4194 3104 4241 vero,
3160 4176 3254 4245 qui
3309 4174 3418 4226 tale

1844 4291 1975 4362 quid
2011 4289 2239 4350 faciunt,
2284 4290 2663 4354 segregentur.
2715 4277 3000 4344 Tanquam
3038 4284 3168 4322 vero
3215 4265 3418 4318 dixerit

1845 4355 2066 4450 aliquis,
2107 4379 2167 4431 Et
2214 4375 2472 4445 quisnam
2523 4371 2630 4425 erit
2682 4370 2762 4423 eis
2818 4367 2971 4421 locus
3017 4355 3418 4414 lial.itati0nis‘.’

1845 4449 2256 4542 Subjunxcrunt
2295 4464 2505 4525 Patres,
2550 4460 2696 4530 quod
2735 4461 2777 4512 si
2828 4458 2997 4511 velint
3047 4453 3286 4521 quidem,
3322 4449 3413 4516 qui
3439 4495 3454 4504 _,
3501 4458 3506 4462 '

1843 4564 2076 4619 ordinati
2107 4572 2257 4620 sunt.
2307 4559 2360 4612 in
2405 4558 2530 4612 aliis
2572 4553 2828 4624 parmciis
2863 4550 3081 4618 degere.
3114 4544 3324 4598 sriliect
3360 4539 3414 4591 in

1845 4661 1960 4715 suis
1992 4655 2270 4724 prioribus
2295 4648 2746 4706 habitationibus,
2778 4654 2830 4698 et
2862 4643 2913 4694 in
2952 4633 3258 4709 presbyteri
3296 4632 3415 4684 loco

1845 4751 2085 4806 residere
2118 4745 2447 4807 sustineant,
2477 4755 2585 4794 non
2624 4737 3064 4807 proliilielmutur
3100 4748 3114 4794 ;
3152 4737 3206 4782 et
3244 4726 3290 4781 si
3332 4724 3417 4778 sic

1845 4853 2030 4914 agant,
2077 4839 2260 4894 omnis
2307 4835 2572 4891 molestiae
2616 4838 2869 4900 expertes
2914 4823 3415 4880 cuuservabuutur,

1843 4948 1967 4988 eum
2001 4933 2266 4984 honorem
2300 4927 2565 4980 habentes
2598 4939 2610 4976 .'
2639 4923 2732 4975 sed
2769 4920 2814 4973 si
2846 4933 2968 4971 cum
3003 4916 3148 4968 illius
3176 4910 3277 4963 loci
3305 4905 3418 4976 epi-

1843 5036 2010 5090 scopo
2040 5019 2334 5074 seditiones
2367 5015 2850 5080 dissensionesque
2884 5005 3263 5063 excitaverint,
3295 5014 3416 5070 pre-

1844 5087 2050 5185 sbyteri
2086 5126 2307 5179 quoque
2354 5108 2436 5163 eis
2478 5107 2653 5159 bunor
2686 5101 3031 5159 detrahetur,
3074 5103 3129 5148 ct
3178 5087 3416 5144 abdicati

1845 5214 2026 5260 erunt.
2085 5203 2209 5256 llaec
2243 5216 2367 5255 cum
2415 5215 2594 5253 canon
2633 5198 2918 5259 decernat,
2959 5207 3023 5243 ne
3068 5186 3274 5241 dixeris
3304 5181 3422 5252 epi-

1846 5312 2065 5367 scopos.
2100 5296 2191 5365 qui
2216 5293 2457 5362 suscepti
2493 5308 2600 5345 non
2635 5297 2786 5353 sunt,
2817 5288 2869 5340 in
2908 5285 3042 5336 locis
3072 5279 3421 5349 presbytero-

1848 5406 1967 5444 rum
1997 5391 2208 5450 Sl‘thI'C,
2241 5396 2300 5440 ut
2329 5387 2668 5454 deprimatur
2696 5383 2872 5435 Ιιοιιοε
2897 5368 3419 5446 episcopalisdigni-

1848 5485 1973 5536 tatis
2006 5523 2016 5545 ,
2053 5481 2143 5533 sed
2182 5478 2322 5546 κιιοιί
2370 5494 2476 5532 non
2511 5478 2581 5530 sit
2625 5476 2765 5529 alius
2800 5475 2951 5525 locus
2985 5467 3157 5535 major
3182 5462 3418 5538 ,μη-51η·-

1850 5583 2052 5627 teratu.
2092 5572 2148 5625 Si
2185 5573 2306 5639 quis
2343 5570 2488 5624 enim
2532 5568 2670 5622 forte,
2700 5581 2888 5619 eorum
2921 5566 2992 5618 sit
3029 5562 3420 5617 llcraelcanus,

1847 5676 1984 5718 eteo
2011 5663 2254 5724 redierit,
2278 5660 2578 5731 presbyteri
2602 5661 2842 5726 quidem,
2865 5672 3096 5726 quorum
3123 5653 3421 5721 aliquando

1849 5772 1991 5809 unus
2016 5765 2127 5808 erat
2158 5764 2210 5807 et
2244 5755 2356 5822 ipse
2382 5754 2612 5817 electus,
2647 5752 2996 5806 sacerdotum
3032 5749 3180 5800 locus
3205 5745 3421 5798 obtine—

1847 5849 1981 5903 bunt
2023 5863 2036 5908 ;
2075 5847 2160 5901 hic
2183 5861 2312 5900 vero
2346 5845 2410 5900 ad
2448 5846 2811 5916 epist-apalezu
2837 5841 3154 5914 dignitatem
3197 5853 3420 5907 ιιι-υιιιο⁴
