4164 6426
718 415 853 478 1179

1978 415 2186 475 ΤΠΕο
2196 417 2257 477 D.
2306 416 2392 473 ΒΑ
2409 413 2709 474 LSAMON

3862 410 3985 476 ιιει)

713 529 827 584 tus,
852 537 976 577 cum
1006 522 1234 591 reliquis
1263 523 1542 579 Heraclea
1564 525 1843 595 episcopis
1869 525 2113 592 sedebit;
2147 536 2300 594 scpla

2414 515 2476 586 ὣς
2508 517 2590 586 είς
2615 541 2745 577 ποτε
2771 516 2842 593 ἦν
2896 524 2991 576 καὶ
3024 526 3052 577 ό
3092 522 3409 594 king/talia;
3458 521 3590 583 τοὺς
3636 522 3755 574 τῶν
3808 521 3987 591 ἱερέων

713 624 895 669 autem
924 616 1263 677 transiliens.
1302 616 1404 671 hoc
1433 628 1515 671 est
1543 619 1947 686 metropolitani
1978 619 2156 673 locum
2188 619 2293 674 sihi

714 719 1023 775 usurpans,
1066 723 1172 760 non
1222 709 1571 763 cxaudietur.
1623 710 1759 763 Eum
1800 710 1946 764 enim
1987 719 2122 765 tunc
2167 726 2292 764 cum

716 798 1054 867 presbyteris
1090 799 1300 864 sedere,
1344 803 1565 869 quando
1601 812 1684 855 est
1731 804 1964 857 alioruut
2000 805 2293 875 episcopo-

716 904 835 941 rum
880 890 1061 954 sedes,
1102 900 1186 946 est
1220 892 1518 959 ignominia
1551 894 1920 964 episcopatus.
1957 895 2130 951 Debes
2166 912 2295 966 ergo

717 980 844 1032 facti
877 982 1115 1049 speciem
1147 984 1226 1037 sic
1260 984 1359 1036 hoc
1396 983 1595 1037 inloco
1630 985 2014 1053 ponere,quod
2042 985 2163 1053 ejus
2189 984 2292 1059 loci

715 1072 1011 1143 cpiscopus
1062 1092 1170 1129 non
1229 1076 1466 1130 habebat
1520 1078 1658 1132 alios
1704 1078 1995 1147 episcopos
2038 1080 2131 1148 qui
2190 1093 2295 1131 una

718 1179 839 1216 cum
874 1180 941 1219 eo
971 1177 1232 1235 agerent;
1270 1168 1362 1221 sed
1409 1169 1559 1223 solos
1594 1171 1967 1239 presbyteros,
2007 1170 2098 1237 qui
2131 1169 2294 1222 etiam

722 1254 886 1309 simul
915 1256 1193 1309 sedebant.
1237 1257 1658 1328 Presbyteratus
1701 1268 1883 1311 autem
1935 1257 2197 1311 honorem
2232 1256 2299 1309 ab

721 1359 810 1407 eo,
850 1345 940 1411 qui
990 1346 1069 1398 sic
1117 1348 1246 1415 agit,
1296 1348 1523 1411 auferri,
1574 1358 1625 1401 et
1677 1347 1997 1401 abdicatum
2049 1348 2187 1408 lieri,
2232 1362 2300 1399 ne

724 1436 1059 1491 intellexeris
1091 1438 1158 1491 de
1186 1440 1529 1508 depositione
1562 1439 1775 1509 accipi;
1806 1439 1900 1494 sed
1934 1440 2003 1492 de
2031 1438 2152 1507 ejus
2184 1439 2299 1491 sola

725 1528 948 1583 honoris
974 1529 1255 1585 ablatione
1287 1548 1299 1581 :
1330 1532 1542 1586 scilicet
1564 1548 1654 1597 ne,
1684 1541 1743 1587 ut
1770 1547 1895 1588 cum
1921 1530 2305 1589 sacerdotibus

720 1622 942 1688 quidem
981 1624 1187 1687 sedeat,
1221 1622 1419 1694 dignus
1447 1625 1763 1680 habebitur.

720 1717 1077 1785 ἐκκήρυκτον,
1121 1716 1196 1784 μὴ
1232 1718 1433 1790 νοήσῃς
1466 1717 1909 1787 ἐκλαμϐάνεσθαι
1966 1717 2048 1780 εἰς
2101 1715 2454 1785 καθαίρεσιν,
2498 1716 2612 1768 ἀλλ’
2652 1717 2731 1778 είς
2790 1718 2960 1789 μόνην
3015 1717 3333 1772 ὑπόπτωσιν
3392 1717 3493 1787 τῆς

2402 613 2587 679 ἕξουσι
2640 614 2871 677 τόπουςο
2921 607 3074 677 οὗτος
3112 615 3169 667 δέ
3208 616 3287 675 είς
3346 614 3721 666 ἐπισκοπικθιν
3778 613 3987 680 ἀξίωμα

2407 704 2911 771 πρωναῆιῆασθεὶς
2965 705 3101 774 μετὰ
3131 705 3241 756 τῶν
3284 705 3487 756 λοιπῶν
3544 704 3876 754 ἐπισκόπων
3906 705 3987 755 τοῦ

2401 796 2748 884 έιῐρακλείας
2778 797 3021 849 καθίσει⁹
3054 799 3149 849 καὶ¹
3207 798 3348 864 ὑπὲρ
3384 799 3451 849 τὰ
3514 796 3855 863 ἐσκαμμένα
3890 813 3987 861 πη-

2401 889 2529 952 δῶν,
2583 889 2886 951 τουτέστιν,
2926 888 3224 957 ἰδιούμενος
3273 890 3364 941 τὸν
3432 889 3526 941 τοῦ
3586 887 3989 957 μητροπολττου

2403 982 2585 1042 τόπον,
2657 982 2759 1034 οὐκ
2829 981 3336 1045 είσακουσθήσεται.
3407 981 3480 1033 Τὸ
3557 982 3672 1049 γὰρ
3727 961 3995 1041 καθῆσθσῖ

2404 1072 2591 1126 τοῦτον
2660 1074 2798 1143 μετᾶ
2846 1074 2956 1125 τῶν
3011 1073 3423 1143 πρεσϐυτέρων,
3482 1075 3572 1126 ὅτε
3644 1076 3743 1125 καὶ
3802 1075 3994 1143 ἐτέρων

2405 1163 2720 1216 ἐπισκόπων
2784 1164 3023 1234 καθέδρα
3073 1166 3244 1227 ἐστὶν,
3298 1165 3459 1233 ὕϐρις
3519 1166 3638 1217 ἐστὶ
3680 1167 3786 1234 τῆς
3823 1170 3991 1236 591::-

2412 1255 2683 1326 ρωσύνης.
2745 1257 3012 1323 Ὁφείλεις
3064 1257 3157 1311 οὖν
3206 1257 3445 1311 ἐνταῦθα
3476 1257 3813 1325 θεματίσαι,
3863 1261 3998 1309 ὅτιό

2412 1347 2678 1416 ἐγχώριος
2725 1349 3025 1413 ἐπίσκοπος
3069 1354 3168 1402 οὐκ
3215 1346 3329 1419 εἶχε
3385 1351 3654 1411 συνόντας
3706 1351 3867 1417 αὑτῷ
3921 1354 3999 1402 καὶ

2413 1441 2635 1508 ἐτέρους
2664 1430 3021 1502 ἐπισκόπους,
3061 1442 3196 1494 ἀλλὰ
3236 1443 3432 1510 μόνους
3468 1442 3925 1507 πρεσϐυτέρους.
3960 1442 4001 1492 ti

2413 1533 2507 1585 καὶ
2528 1534 2915 1602 συνεκάθηντο.
2946 1534 3021 1586 Τὸ
3049 1534 3401 1603 ἀφαιρεῖσθαι
3436 1534 3491 1587 δέ
3518 1534 3613 1586 τὸν
3653 1535 3816 1603 παρὰ
3846 1534 4003 1585 τιῦττ

2415 1622 2672 1676 ποιοῦντα
2702 1624 2800 1694 τὴν
2829 1625 2996 1695 τιμὴν
3022 1624 3115 1679 τοῦ
3153 1626 3576 1696 πρεσϐυτερίου,
3612 1628 3717 1678 καὶ
3758 1626 3879 1692 γίεε
3896 1626 4002 1677 :01:

3573 1738 3627 1771 τι
3637 1720 3755 1789 μῆς
3797 1719 3895 1770 τοῦ
3905 1737 4004 1778 του,

720 1808 889 1877 ἤγουν
912 1807 1034 1861 οὐδὲ
1070 1806 1209 1877 μετὰ
1255 1809 1363 1860 τῶν
1405 1810 1797 1882 πρεσϐυτέρων
1825 1809 2101 1879 καθῆσθαι
2131 1805 2556 1873 ἁξιωθὴσονται.

793 1898 1044 1955 ZONAR.
1082 1902 1139 1956 Si
1169 1904 1261 1972 qui
1307 1902 1447 1959 forte
1492 1913 1783 1974 postquam
1816 1905 2061 1974 episc0pi
2095 1902 2304 1957 consti—

2480 1902 2725 1957 ΖΩΝΑΡ.
2766 1902 2894 1956 Ἐάν
2959 1920 3108 1966 τινες
3171 1904 3462 1956 ἐπίσκοποι
3526 1904 4002 1963 κατασταθέντες.

728 1993 852 2058 '.nti,
899 1993 1004 2048 hoc
1035 2003 1118 2048 est
1146 1997 1316 2049 creati
1362 2003 1513 2059 sunt,
1552 1995 1604 2049 iu
1654 2012 1712 2049 ca
1763 1997 2001 2064 parmcia
2036 1995 2103 2049 ad
2141 2007 2306 2063 quam

726 2087 1012 2151 nominati,
1059 2088 1326 2158 cujusque
1363 2090 1622 2146 videlicet
1672 2091 1917 2160 episcopi
1968 2093 2098 2145 dicti
2152 2101 2308 2155 sunt,

726 2179 866 2234 haud
900 2182 1273 2251 recipiantur;
1302 2184 1531 2237 alteram
1563 2200 1691 2240 vero
1723 2185 1825 2253 ipsi
1854 2186 2177 2254 parteciam,
2208 2187 2309 2243 hoc

723 2279 833 2336 est,
875 2273 1107 2328 alteram
1138 2276 1425 2330 eiclesiam
1472 2288 1920 2345 conventumque
1956 2279 2194 2332 ﬁdelium
2229 2280 2311 2334 in-

725 2358 951 2422 vadant,
985 2376 1049 2415 ac
1089 2362 1179 2427 iis,
1209 2366 1300 2432 qui
1330 2365 1381 2417 in
1417 2366 1506 2419 illa
1541 2369 1847 2432 coustituti,
1888 2370 1981 2438 qui
2020 2370 2167 2423 illitts
2200 2373 2310 2426 sci-

726 2447 853 2501 licet
902 2452 1156 2517 partecim
1200 2454 1446 2524 episcopi
1494 2459 1661 2511 creati
1698 2470 1846 2523 sunt,
1894 2442 2009 2513 vim
2053 2462 2307 2528 ath'rnnl,

727 2540 1205 2613 seditionibusque
1271 2548 1593 2617 perturbent
1626 2568 1638 2603 :
1683 2552 1959 2619 segregari
1994 2568 2113 2612 eos.
2149 2555 2220 2605 ita
2252 2563 2311 2607 ut

727 2648 1076 2704 nequaquam
1112 2638 1300 2691 eodem
1346 2654 1470 2692 cum
1506 2642 1783 2711 episcopis
1819 2644 2030 2698 honore
2062 2644 2307 2698 allician-

728 2736 839 2790 tur,
880 2729 968 2782 hic
993 2744 1168 2784 canon
1205 2731 1475 2787 decernit.
1508 2733 1563 2788 Si
1599 2750 1727 2789 vero
1763 2751 1886 2789 cum
1922 2739 2310 2793 sacerdotibus

728 2817 980 2874 assidere
1014 2822 1205 2883 velint,
1253 2824 1304 2877 id
1354 2825 1626 2889 obtinere.
1663 2835 1721 2880 ut
1757 2828 1969 2882 scilicet
1997 2830 2312 2883 sacerdota-

729 2914 833 2967 lem
880 2915 1117 2971 habeant
1148 2918 1498 2988 dignitatem,
1533 2920 1676 2973 haud
1714 2930 1881 2975 vetat.
1915 2920 2072 2987 Quod
2123 2923 2166 2976 si
2214 2938 2310 2977 eos

726 3021 968 3076 quoque,
1013 3010 1124 3077 qui.
1164 3010 1275 3064 illic
1323 3012 1558 3078 degunt,
1600 3013 1889 3082 episcopos
1945 3014 2310 3068 seditionibus

729 3109 951 3166 vexent,
984 3101 1295 3155 sacerdotis
1326 3117 1548 3170 quoque
1576 3102 1846 3170 dignitate
1876 3103 2102 3171 privari,
2133 3111 2185 3155 et
2215 3102 2312 3157 ab-

729 3191 944 3247 dicatos
974 3189 1137 3256 ellici,
1172 3193 1274 3246 hoc
1301 3201 1386 3246 est
1423 3194 1492 3246 ab
1527 3191 1770 3246 Ecclesia
1807 3193 2006 3262 expelli
2033 3194 2210 3262 jubet.

2414 1996 2535 2047 ἀντὶ
2556 1995 2649 2048 τοῦ
2673 1996 3161 2068 χειροτονηθέντες,
3189 1999 3264 2067 μὴ
3288 1998 3520 2065 δεγθῶσι
3544 2004 3703 2064 παρα
3730 1999 3841 2062 τῆς
3871 2017 4003 2065 πσρ-

2413 2089 2590 2151 οικίας
2647 2092 2726 2153 εἰς
2779 2090 2846 2160 ἦν
2888 2090 3308 2159 ὠνομάσθησαν,
3360 2084 3426 2160 ἧς
3462 2089 3877 2159 examenet:
3922 2089 3999 2153 δη-

2414 2179 2590 2232 λονότι
2647 2180 2976 2233 ἐπίσκοπον
3027 2180 3298 2234 έπέλθωσι
3367 2182 3425 2235 δέ
3482 2182 3658 2250 ἑτέρα
3722 2185 4007 2249 παροικξςι,

2412 2271 2580 2342 ἤγουν
2625 2273 2790 2344 ἐτέρᾳ
2831 2273 3099 2342 ἐκκλησίᾳ⁵
3133 2273 3229 2326 καὶ
3276 2273 3567 2343 ἀθροῖσμῷ
3628 2273 3880 2335 πιστῶν,
3928 2273 4009 2324 nl.

2414 2360 2709 2430 βιάζωνται
2752 2363 2881 2425 τοὺς
2928 2363 3282 2425 καθεστῶτας
3332 2365 3468 2427 ἐκεῖ,
3523 2365 3659 2423 τοὺς
3698 2379 4011 2431 κεχειροτοο

2415 2457 2688 2523 νημένους
2719 2457 2774 2507 ἐν
2799 2460 2865 2525 τῇ
2896 2457 3160 2528 παροικίᾳ
3182 2456 3388 2527 ἐκείνῃ,
3428 2456 3521 2506 καὶ
3549 2456 3787 2516 στάσεις
3825 2456 4009 2507 κινὼσε

2416 2544 2539 2597 κατ’
2570 2546 2771 2609 αὐτῶν,
2808 2546 3033 2609 τούτους
3060 2546 3087 2597 ό
3118 2543 3297 2597 κανὼν
3348 2546 3727 2612 ἀφορίζεσθαι
3780 2545 4010 2606 ninia,

2415 2635 2558 2688 ὥστε
2616 2636 2690 2708 μὴ
2720 2638 3088 2706 συντιμᾶσοαι
3133 2640 3243 2700 τοῖς
3278 2637 3631 2699 ἐπισκόποις.
3694 2638 3756 2689 ΕΞ
3793 2638 3851 2689 δὲ
3894 2637 4013 2704 30-3-

2414 2726 2595 2781 λοιντο
2635 2730 3022 2799 συγκαθῆσθαι
3055 2735 3169 2791 τοῖς
3196 2729 3855 2797 πρεσϐυτέροις,τοὺτου
3888 2748 4014 2796 τυτ-

2415 2819 2620 2887 χάνειν,
2648 2822 2768 2891 ἦτοι
2791 2820 3169 2891 πρεσϐυτέρου
3215 2822 3361 2889 ἔχειν
3402 2822 3595 2887 τιμήν.
3645 2821 3780 2873 Ἐὰν
3811 2822 3869 2873 δε
3897 2822 4016 2871 στέ-

2417 2931 2531 2973 σεις
2558 2912 2755 2966 κινῶσι
2785 2912 2922 2982 πρὸς
2951 2914 3073 2965 τοὺς
3110 2914 3273 2972 ὄντας
3328 2915 3448 2965 ἐκεῖ
3477 2914 3865 2971 ἐπισκόπους,
3900 2918 4014 2964 τότε

2416 3004 2511 3056 καὶ
2543 3005 2639 3072 τῆς
2662 3005 2757 3057 τοῦ
2784 3003 3167 3073 πρεσόυτέρου
3200 3007 3362 3073 τιμῆς
3405 3004 3733 3072 στερεῖσθαι
3792 3007 4014 3067 αὑτοῖσι,

2416 3096 2509 3149 καὶ
2540 3094 2788 3161 γίνεσθαι
2824 3094 3230 3164 ἐκκηρύκτους,
3282 3096 3537 3147 τουτέστι
3577 3097 3680 3148 καὶ
3727 3096 3842 3165 τῆς
3901 3098 4018 3147 Ἑκ-

2415 3188 2646 3253 κλησίας
2669 3187 3004 3249 ἐκπτώτους.

729 3281 962 3336 ARIST.
1002 3301 1020 3334 ι
1058 3281 1362 3353 Episcopus
1393 3285 1752 3348 constitutus,
1800 3284 1845 3337 si
1890 3283 1956 3337 ab
1986 3285 2223 3338 ecclesia
2257 3286 2308 3339 in

2415 3278 2636 3333 ΑΡΙΣΤ.
2697 3297 2716 3330 t
2771 3280 2830 3334 Ὀ
2870 3280 3176 3341 ἐπίσκοπος
3213 3279 3525 3345 καταστὰς,
3569 3280 3622 3333 εί
3674 3280 3741 3332 οὐ
3803 3281 4019 3348 δέχεται

807 3392 827 3425 ο
864 3388 1028 3444 quam
1062 3375 1269 3429 electus
1299 3383 1403 3441 est,
1439 3391 1546 3429 non
1576 3374 1890 3444 recipiatur,
1926 3374 2020 3428 sed
2052 3374 2175 3429 aliis
2200 3375 2314 3444 epi-

809 3485 828 3517 t
870 3468 1057 3536 sc0pis
1092 3468 1398 3521 molesuam
1449 3468 1725 3531 exhibeat,
1778 3468 2311 3521 cxcommunicetur.

810 3575 828 3609 ι
873 3557 930 3613 Si
961 3574 1091 3614 vero
1128 3559 1459 3630 presbyteris
1483 3560 1836 3613 annumerari
1869 3560 2017 3625 velit,
2050 3574 2316 3614 annume-

818 3667 839 3701 ι
879 3661 1052 3705 retur.
1088 3654 1158 3705 At
1189 3651 1235 3706 si
1270 3650 1341 3705 ab
1370 3652 1645 3720 episcopis
1688 3651 1759 3704 ihi
1799 3652 2116 3705 constitutis
2149 3651 2315 3707 dissi-

808 3759 827 3793 ι
866 3741 1013 3807 deat,
1044 3743 1209 3796 etiam
1240 3743 1545 3811 presbyteri
1585 3742 1794 3797 honore
1825 3743 2097 3812 privetur.
2146 3762 2165 3795 ι

802 3920 968 3991 396
998 3920 1099 3987 Qui
1145 3920 1437 3988 episcopus
1468 3920 1546 3986 iit,
1588 3930 1642 3975 et
1688 3937 1796 3975 non
1874 3933 2133 3989 acceptus
2174 3931 2257 3978 cst
2287 3938 2316 3977 a

730 4014 935 4083 populo
988 4013 1150 4080 Cujus
1204 4027 1394 4065 curant
1453 4013 1559 4067 sibi
1613 4012 1773 4066 habet
1820 4014 2216 4076 cmumissam,
2269 4014 2315 4069 si

729 4120 1031 4177 aggressus
1060 4105 1223 4158 fuerit
1259 4106 1313 4158 in
1343 4105 1573 4159 alterius
1602 4105 1841 4172 parmcia
1872 4121 2072 4159 munus
2110 4107 2315 4176 aliquid

730 4198 1046 4266 episcopale
1089 4196 1267 4261 obire,
1314 4205 1371 4250 et
1416 4197 1489 4249 ibi
1535 4198 1856 4252 cenStilutis
1909 4198 2183 4268 episcopis
2233 4210 2318 4253 tu-

730 4289 966 4342 multqu
1002 4288 1241 4356 aliquem
1296 4287 1585 4353 inducere,
1616 4290 2012 4359 segregabitur.
2047 4290 2101 4344 Si
2137 4302 2318 4343 autem

730 4382 875 4436 inter
895 4380 1247 4450 presbyteros
1299 4381 1580 4435 recenseri
1609 4382 1756 4445 velit,
1776 4393 1976 4435 etcum
2000 4384 2083 4437 eis
2104 4385 2318 4447 sedere,

730 4483 781 4528 et
809 4473 1012 4543 aequali
1055 4473 1298 4544 gaudere
1338 4474 1569 4540 honore,
1610 4474 1679 4529 iis
1707 4477 2216 4531 connmnerabitur.
2261 4479 2316 4533 Si

731 4576 915 4621 autem
963 4575 1157 4621 contra
1191 4568 1481 4636 episcopos
1535 4566 1605 4621 ibi
1653 4568 1990 4622 constitutos
2017 4569 2317 4625 seditiones

730 4656 954 4721 excitet,
985 4664 1041 4711 et
1078 4657 1169 4726 jus
1215 4655 1427 4726 aliquid
1476 4656 1792 4726 episcopale
1846 4666 2092 4727 usurpet.
2147 4661 2309 4713 etiam

731 4750 839 4802 isto
867 4750 1312 4821 presbyterorum
1359 4748 1569 4803 honore
1614 4747 1944 4817 privabitur,
1970 4759 2024 4803 et
2054 4765 2310 4821 segrega-

734 4839 901 4892 bitur.

1314 5016 1543 5071 CANON
1587 5016 1724 5071 XIX.

737 5121 758 5158 ι
798 5104 1121 5176 Quicunque
1147 5107 1512 5177 virginitatem
1543 5111 1884 5179 proﬁtentes,
1912 5111 2309 5180 professionem

816 5218 837 5251 ε
874 5216 1028 5255 suam
1073 5202 1285 5257 irritam
1334 5203 1594 5268 reddunt,
1643 5204 1677 5257 ii
1727 5206 2067 5276 bigamorum
2113 5206 2311 5260 deﬁni-

810 5312 828 5343 ι
872 5294 1131 5348 nitionem
1169 5295 1458 5364 impleant.
1510 5295 1762 5366 Virgines
1794 5308 1998 5362 autem,
2030 5314 2151 5367 qute
2182 5314 2308 5352 cum
2372 5284 2388 5328 ί

813 5404 832 5435 ι
869 5386 1197 5454 quibusdam
1246 5396 1510 5457 tanquam
1559 5404 1685 5442 cum
1724 5388 1987 5445 fratribus
2016 5390 2308 5461 congredi-

811 5496 829 5530 ι
875 5489 1057 5544 untur,
1093 5479 1494 5548 prohibuimus.
1537 5500 1556 5534 ι

2493 3392 2510 3424 ι
2555 3371 2706 3441 παρᾶ
2729 3375 2826 3441 τῆς
2856 3372 3155 3441 παροικίας
3186 3374 3263 3433 είς
3294 3372 3360 3441 ἢν
3386 3371 3620 3441 ἐκλήθη,
3663 3372 3793 3423 ἀλλ’
3812 3374 4019 3442 ἑτέροις

2493 3464 2877 3524 «ἐπισκόποις
2949 3462 3179 3532 ἐνοχλεῖ,
3237 3461 3606 3532 ἀφοριζέσθω.
3670 3464 3736 3515 Εἰ
3794 3464 3855 3515 δέ
3913 3468 4019 3524 τοῖς

2494 3573 2512 3606 t
2552 3554 2947 3626 πρεσϐυτέροις
2995 3554 3173 3606 ἐθέλει
3219 3553 3710 3622 συναριθμεῖσθαι,
3759 3558 4020 3624 συναριθ-

2492 3663 2512 3698 t
2553 3645 2765 3715 μείσθω
2793 3664 2805 3677 ’
2845 3647 2894 3697 εί
2946 3646 3003 3698 δὲ
3062 3646 3155 3699 καὶ
3206 3646 3321 3707 τοῖς
3378 3646 3497 3697 ἐκεῖ
3534 3645 3884 3709 ἐπισκόποις
3912 3648 4024 3699 δια-

2496 3756 2515 3789 ι
2560 3737 2868 3805 στασιάζοι,
2919 3736 3255 3791 ἀπωθεῖσθω
3318 3739 3413 3789 καὶ
3459 3739 3559 3808 τῆς
3618 3739 4019 3808 πρεσϐυτὲβυ

2494 3850 2513 3883 t
2559 3830 2747 3901 τιμῆς.
2782 3848 2802 3882 ι

2501 3924 2559 3977 Ὀ
2583 3925 2872 3992 γενόμενος
2893 3922 3212 3985 ἐπίσκοπος,
3242 3922 3337 3975 καὶ
3365 3923 3441 3991 μὴ
3461 3923 3845 3991 προσδεχθεὶς
3872 3924 4021 3992 παρὰ

2418 4015 2513 4069 τοῦ
2548 4013 2699 4080 λαοῦ,
2757 4008 2830 4067 ὧν
2867 4012 2963 4084 τὴν
2998 4013 3250 4084 φροντίδα
3284 4014 3653 4083 ἐνεχειρίσθη.
3698 4016 3754 4066 εἰ
3816 4017 4020 4084 ἐπιχε-

2423 4107 2581 4177 ρήσει
2613 4108 2673 4158 ἐν
2698 4105 2957 4176 ἀλλοτρίᾳ
2986 4105 3249 4175 παροικίᾳ
3306 4106 3677 4157 ἐπισκοπικόν
3718 4123 3782 4157 τι
3813 4107 4021 4159 δίκαιον

2421 4196 2736 4268 ἐνεργῆσαι,
2770 4197 2865 4248 καὶ
2899 4199 3011 4258 τοῖς
3046 4197 3222 4248 ἐκεῖσε
3260 4196 3583 4258 ἐπισκόποις
3620 4196 3872 4264 ὄχλησίν
3906 4214 4019 4249 τινα

2424 4288 2749 4353 ἐπαγαγεῖν,
2788 4284 3244 4355 ἀφορισθήσεται.
3266 4286 3325 4337 El
3355 4286 3412 4338 δὲ
3439 4286 3582 4353 μετὰ
3614 4286 3733 4337 τῶν
3772 4288 4021 4357 πρεσϐυ-

2420 4381 2597 4447 τέρων
2635 4377 2809 4429 ἐθέλει
2841 4376 3314 4446 συναριθμεῖσθαι,
3352 4378 3445 4428 καὶ
3476 4376 3891 4445 συγκαθῆσθαι
3924 4380 4019 4431 αὖ-

2422 4473 2555 4533 τοϊς,
2589 4470 2685 4523 καὶ
2714 4470 2810 4539 τῆς
2840 4470 2962 4540 ίσης
2994 4468 3295 4522 ἀπολαύειν
3333 4468 3527 4536 τιμῆς,
3582 4474 4019 4539 συγκαταλεγή-

2426 4584 2577 4619 σεται
2612 4565 2843 4628 τούτοις.
2878 4565 2938 4618 Εἰ
2964 4564 3020 4616 δέ
3056 4564 3151 4616 καὶ
3182 4564 3318 4631 πρὸς
3345 4563 3471 4623 τοὺς
3501 4562 3689 4613 ἐκεῖσε
3727 4564 4018 4616 καθεστῶ-

2418 4678 2516 4723 τας
2588 4658 2921 4718 ἐπισκόπους
2992 4654 3406 4719 διαστασιάζει,
3478 4654 3574 4705 καὶ
3674 4654 4018 4707 Extare:th

2416 4770 2539 4805 τινα
2597 4750 2781 4804 δίκαια
2850 4746 3189 4819 ὑφαρπάζει,
3250 4748 3344 4799 καὶ
3402 4745 3500 4815 τὴν
3565 4743 3746 4815 τιμὴν
3817 4748 4018 4813 ταύτην

2416 4845 2526 4896 τῶν
2592 4841 2986 4913 πρεσϐυτέρων
3040 4838 3498 4911 ἀφαιρεθήσεται,
3557 4836 3663 4889 καὶ
3711 4838 4017 4911 ἀφορισθή-

2418 4951 2587 4987 σεται.

3023 5020 3256 5075 ΚᾹΝΩΝ
3290 5020 3392 5075 ΙΘ’.

2426 5136 2445 5172 t
2491 5119 2667 5181 Ὅσοι,
2725 5116 3028 5187 παρθενίαν
3083 5114 3579 5184 ἐπαγγελλόμενοι,
3615 5114 3895 5169 ἁθετοῦσι
3924 5115 4014 5182 τὴν

2499 5229 2518 5262 ι
2557 5210 2918 5278 ἐπαγγελίαν,
2956 5207 3049 5261 τὸν
3076 5207 3186 5260 τῶν
3238 5206 3489 5275 διγάμων
3532 5207 3668 5275 ὅρον
3700 5208 4015 5276 ἐκπληρώ-

2497 5322 2516 5356 ι
2560 5320 2763 5357 τωσ.;ν.
2824 5303 2937 5365 Τὰς
2996 5301 3180 5371 μέντοι
3232 5299 3643 5369 συνερχομένας
3700 5302 4009 5371 παρθένους

2496 5416 2515 5449 ‹
2551 5396 2713 5461 τισὶν,
2750 5395 2826 5459 ὡς
2849 5394 3101 5464 ἀδελφοῖς
3134 5393 3270 5465 (86),
3296 5393 3682 5463 ἐκωλύσαμεν.
3729 5413 3750 5444 ι

1969 5594 2157 5657 Guill.
2203 5573 2527 5673 Beveregii
2553 5600 2745 5656 notae.

815 5716 927 5779 («96)
974 5716 1069 5778 Ὠς
1117 5716 1427 5781 ἀδελφοῖς.
1453 5714 1543 5771 Sic
1569 5723 1763 5783 printer
1805 5716 2161 5770 Bodleianum
2214 5734 2309 5768 nu—

740 5798 915 5841 strum
949 5788 1213 5845 codicem,
1244 5786 1587 5840 Aitonicnsis
1617 5789 1781 5839 etiam
1808 5788 1952 5852 legit,
1981 5804 2107 5839 nam
2141 5785 2311 5840 Tilia-

743 5872 846 5913 tius
892 5855 1158 5913 “etvetus
1200 5858 1383 5925 vertit,
1410 5866 1661 5927 tanquam
1697 5873 1812 5911 cum
1866 5856 2139 5928 fratribus.
2203 5856 2307 5911 Sed

2419 5732 2523 5769 nis.
2563 5715 3028 5769 Amerbachianns
3053 5712 3185 5776 legit
3216 5710 3501 5781 ἀδελφούς.
3535 5709 3799 5767 Joannes
3831 5717 4005 5768 Antio-

2418 5787 2627 5839 chenus
2660 5797 2711 5837 et
2744 5784 3069 5838 Parisieusis
3098 5784 3299 5851 pariter
3350 5791 3515 5851 atque
3546 5781 3793 5839 Zonaras:
3826 5788 3999 5845 editio,

2420 5855 2495 5919 ὡς
2524 5855 2787 5925 ἀδελφάς.
2858 5853 2921 5909 Ει
2957 5854 3035 5910 sic
3068 5850 3201 5909 sane
3229 5866 3422 5909 omnes
3459 5850 3647 5907 Latini
3680 5855 4000 5929 interpretes
