4164 6426
137 409 254 477 1135

131 614 300 685 ὥρισεν
326 619 352 688 ή
377 616 589 678 σύνοδος
613 616 752 687 αῦτη
777 618 856 679 εἰς
881 617 943 670 τὸ
969 617 1171 669 τέλειον
1200 617 1476 688 ἔρχεσθαι.
1503 618 1670 687 ἤγουν

130 708 200 767 είς
243 708 324 777 τὴν
350 706 503 775 ἁγίαν
560 706 901 776 μετάληψιν
939 708 1066 768 τοὺς
1112 707 1165 758 δὲ
1215 708 1354 759 ἐπτὰ
1387 706 1671 767 ἐνιαυτοὺς

132 798 558 870 καταμερῖζεσθαι
612 799 692 861 εἰς
744 800 870 862 τοὺς
911 797 1021 850 τῶν
1078 799 1370 866 ἐπιτιμίων
1401 798 1668 869 βαθμούς.

131 973 327 1026 ΑΡΙΣΤ.
391 989 413 1021 ι
455 971 516 1024 'll
557 971 800 1039 μοιχαλ“νς
826 974 970 1024 καὶὸ
1008 989 1076 1041 μο
1102 973 1192 1042 χδς
1240 969 1530 1024 ἑπταετίαν
1564 971 1666 1039 ἀφ-

622 1084 639 1114 (
682 1063 1070 1134 οριζέτθωσχν.
1115 1083 1134 1115 ι

187 1158 280 1209 Καὶ
320 1158 342 1207 ὁ
395 1157 754 1225 ὀγδοηκοστδς
812 1154 1041 1223 ἕϐδομος
1107 1153 1285 1207 κανὼν
1331 1155 1430 1223 τῆς
1477 1155 1536 1205 ἐν
1583 1151 1663 1222 τῷ

119 1249 346 1318 Τμύλλῳ
381 1249 545 1317 ἕκτης
582 1249 804 1300 συνόδου
861 1249 917 1300 ἐν
948 1248 1090 1300 ἐπτὰ
1144 1247 1294 1300 ἔτεσι
1349 1247 1429 1317 τῷ
1496 1248 1668 1317 μοιχῷ

117 1341 296 1406 ἐπάγει
328 1341 414 1410 τὴν
455 1341 797 1409 ἐπιτίμησιν,
827 1337 1010 1400 καθὼς
1047 1339 1109 1409 δὴ
1143 1340 1235 1390 καὶ
1264 1338 1292 1389 ὁ
1324 1338 1515 1405 παρὼν
1547 1340 1663 1390 δια-

114 1434 354 1504 ).αμ6ἅνει
378 1433 557 1487 κανών
584 1451 595 1463 ο
621 1433 761 1484 ὥστε
789 1433 1035 1485 ἐνιαυτὸν
1056 1431 1154 1501 μὲν
1179 1431 1272 1484 ἕνα
1297 1431 1666 1501 προσκλαίειν,

109 1528 298 1581 διετίαν
343 1527 727 1596 ἐπικροᾶσθαι,
775 1525 1023 1595 τριετίαν
1077 1524 1428 1589 ὑποπίπτειν,
1458 1527 1548 1577 καὶ
1590 1524 1667 1592 τῷ

108 1619 304 1688 ἑϐδόμῳ
354 1618 708 1672 συνίστασθαι
757 1620 870 1680 τοῖς
900 1620 1134 1679 πιστοῖς,
1186 1619 1281 1670 καὶ
1317 1616 1462 1670 οὕτω
1536 1635 1670 1670 κατ-

103 1710 362 1773 αξιοῦσθαι
387 1711 485 1780 τῆς
517 1710 831 1779 προσφορᾶς
856 1749 871 1771 ,
909 1709 1005 1760 ἐὰν
1042 1707 1179 1778 μετὰ
1228 1707 1476 1778 δακρύων
1503 1707 1665 1779 ποιή-

104 1821 249 1855 σεται
306 1803 396 1872 τὴν
460 1803 767 1872 μετάνοιαν.
814 1802 872 1854 Ὀ
939 1800 995 1852 δὲ
1065 1803 1428 1871 πεντηκοστὸς
1479 1801 1665 1869 ὃγδοος

102 1894 271 1948 κανὼν
297 1895 383 1949 τοῦ
422 1897 660 1964 μεγάλου
703 1895 988 1948 Βασιλείου
1025 1896 1084 1948 ἐν
1116 1896 1510 1948 πεντεκαίδεκα
1543 1896 1662 1947 ἕτε-

101 2004 182 2040 σιν
213 1989 427 2059 ἐπιτιμᾷ
454 1988 544 2040 τὸν
576 1987 796 2058 μοιχόν·
819 1985 960 2039 ὥστε
990 1990 1048 2039 ἐν
1073 1988 1331 2058 τέσσαρσι
1365 1990 1463 2058 μὲν
1490 2006 1659 2060 προσ-

100 2079 320 2142 κλαίειν,
352 2082 406 2132 ἐν
441 2081 602 2134 πέντε
659 2080 713 2133 δὲ
742 2081 1076 2149 ἀκροᾶσθαι,
1113 2081 1170 2134 ἐν
1200 2082 1497 2151 τέσσαρσιν
1527 2083 1659 2162 ὑπο-

99 2174 327 2233 πίπτειν,
362 2174 418 2224 ἐν
451 2173 571 2226 δυσὶ
601 2174 954 2226 συνίστασθαι
981 2178 1092 2238 τοῖς
1127 2178 1360 2241 πιστοῖς,
1395 2177 1484 2230 καὶ
1520 2177 1658 2248 μετὰ

93 2264 262 2314 ταῦτα
288 2263 562 2328 ἀξιοῦσθαι
597 2265 694 2334 τῆς
724 2268 1029 2329 κοινωνίας.

672 2359 909 2411 ΚΑΝΩΝ
943 2360 1071 2415 KA'.

98 2465 115 2495 ι
167 2448 296 2516 Περὶ
322 2447 426 2500 τῶν
455 2449 731 2515 γυναικῶν
757 2449 866 2502 τῶν
893 2453 1360 2521 ἐκπορνευουσῶν,
1391 2453 1483 2506 καὶ
1507 2455 1662 2508 ἀναι-

168 2558 184 2588 σ
230 2540 430 2608 ρουσῶν
464 2540 532 2591 τὰ
576 2539 896 2610 γέννώςίενα
924 2543 1060 2613 (88),
1093 2545 1183 2595 καὶ
1246 2546 1661 2609 σπουδαζουσῶν

176 2653 192 2683 ι
240 2633 433 2702 φθόρια
489 2636 702 2686 ποιεῖν·
760 2637 787 2688 ὁ
845 2636 944 2704 μὲν
1001 2636 1263 2704 πρότερος
1298 2638 1421 2706 ὅρος
1469 2640 1663 2708 μέχρις

176 2745 194 2776 ι
241 2726 420 2790 ἐξόδου
473 2729 770 2791 ἐκώλυσεν,
807 2729 899 2780 καὶ
929 2728 1100 2798 τούτῳ
1132 2731 1468 2784 συντίθενται
1496 2749 1509 2762 ·
1543 2731 1662 2800 φ;λ-

164 2841 186 2872 ‹
231 2821 642 2893 ανθρωπότερον
709 2823 765 2875 δέ
821 2841 871 2875 τι
923 2823 1194 2893 εὑρόντες,
1262 2825 1543 2896 ὼρίσαμεν
1575 2825 1654 2878 δε-

165 2932 182 2963 ¢
232 2913 400 2984 καέτη
454 2915 648 2983 χρόνον
681 2915 824 2967 κατὰ
881 2915 1010 2977 τοὺς
1043 2914 1288 2985 βαθμοὺς
1342 2917 1469 2980 τοὺς
1531 2918 1662 2988 ὠρι-

165 3022 182 3052 ε
231 3004 460 3073 σμένους
495 3004 804 3074 πληρῶσαι.
849 3023 868 3056 ι

159 3100 352 3154 ῧΛᾹΣ.
404 3100 537 3155 Ἀπὸ
593 3102 719 3171 ὅρου
775 3102 1136 3174 ἀρχαιοτέρου
1204 3104 1660 3171 ἐκκλησαστικοῦ

1193 416 1268 476 lN
1300 415 1464 474 CAN.
1505 413 1641 473 XXI
1683 414 1894 475 CUNC.
1939 415 2184 477 ANCYR
2213 462 2225 475 .

197 526 399 580 ΖΩΝΛΡ.
430 524 541 595 Τὴν
558 525 840 596 μοιχαλίδα
861 525 954 579 καὶ
975 525 1062 578 τὶν
1083 526 1269 596 μοιχὸν
1293 526 1361 579 δι’
1382 526 1520 579 ἐπτά
1541 525 1676 578 ἐτῶν
1707 529 1750 581 A

3216 412 3352 482 1186

1854 525 2108 580 LONAR.
2145 525 2458 579 Adulteram
2491 533 2543 579 et
2582 526 2910 589 adulterum,
2937 533 3138 594 septem
3175 542 3346 580 auuo-

1777 632 1896 670 rum
1937 617 2116 686 spatio
2147 615 2212 669 ad
2248 617 2296 670 id
2328 617 2471 686 quod
2512 617 2809 684 perlectum
2848 625 2953 680 est,
3011 633 3222 671 sacram
3271 620 3348 669 vi-

1775 707 1980 760 delicet
2017 709 2461 760 communionem
2499 708 2744 775 synodus
2777 709 3058 776 pervenire
3081 708 3348 760 decernit.

1776 799 1994 867 Septem
2027 815 2194 868 porro
2229 815 2402 854 annos
2441 816 2539 871 pro
2592 799 2759 855 variis
2791 801 3171 868 pmnitentium
3223 817 3348 871 gra-

1777 895 1937 948 dibus
1970 892 2140 946 dividi
2174 892 2349 960 jubet,

1775 983 2003 1038 AlllST.
2067 1002 2086 1035 ι
2129 981 2387 1036 Adultera
2439 991 2493 1036 et
2545 983 2752 1035 adulter
2817 982 3102 1051 septenuio
3165 999 3349 1051 segre-

2382 1096 2400 1128 ε
2439 1088 2652 1144 gentur.
2692 1096 2710 1128 ι

1848 1172 1915 1225 Et
1945 1173 2316 1241 octogesimus
2353 1172 2615 1238 septimus
2647 1183 2812 1225 sextae
2844 1173 2895 1224 in
2936 1169 3124 1224 Trullo
3157 1171 3342 1241 synodi

1773 1278 1953 1317 canon
1987 1275 2193 1331 septem
2241 1279 2514 1318 annorum
2570 1278 2787 1331 pmnam
2850 1265 3098 1317 adultero
3159 1263 3344 1324 infert,

1777 1355 2238 1423 quemadmodum
2297 1364 2351 1409 et
2410 1370 2651 1423 praesens
2703 1370 2878 1408 canon
2935 1356 3242 1408 constituit.
3277 1354 3345 1408 Ut

1771 1461 1940 1500 unum
1994 1448 2212 1516 quidem
2274 1463 2477 1502 annum
2532 1446 2748 1510 deﬂeat,
2801 1449 3078 1502 biennium
3136 1449 3345 1516 audiat,

1774 1539 2070 1592 triennium
2105 1540 2515 1598 substernatur.
2558 1547 2611 1594 et
2648 1542 2882 1609 septimo
2925 1557 3046 1594 eum
3085 1543 3340 1599 ﬁdelibus

1773 1633 2082 1694 conveniat,
2114 1639 2164 1684 et
2199 1632 2278 1683 sic
2310 1630 2589 1683 oblatione
2611 1631 2808 1700 dignus
2837 1633 3120 1696 habeatur,
3151 1635 3194 1689 si
3221 1652 3344 1689 cum

1773 1721 2033 1794 lacrymis
2081 1722 2458 1791 pmnitentiam
2506 1725 2697 1790 egerit.
2740 1724 2807 1776 At
2858 1728 3387 1794 quinquagesimns‘

1773 1824 2001 1867 octavus
2033 1812 2213 1866 Basilii
2250 1814 2429 1880 magni
2471 1829 2646 1868 canon
2675 1815 2976 1868 adulterum
3029 1817 3342 1883 quindecim

1772 1920 2042 1958 annorum
2096 1919 2271 1973 poetae
2311 1900 2532 1974 subjicit
2564 1923 2576 1958 :
2614 1916 2671 1959 ut
2711 1915 2945 1976 quatuor
2985 1908 3199 1977 quidem
3255 1910 3349 1964 de-

1770 1996 1916 2058 ﬂeat,
1948 1997 2191 2065 quinque
2228 2013 2356 2050 vero
2391 1998 2600 2060 audiat,
2655 2008 2895 2067 quatuor
2933 1999 3344 2064 substernatur,

1765 2091 1904 2146 duos
1932 2107 2055 2143 cum
2093 2091 2343 2145 tidelibus
2375 2099 2758 2161 congregetur,
2789 2101 2842 2146 et
2877 2103 3063 2162 postea
3105 2109 3347 2148 corruun-

1763 2188 1929 2240 nione
1967 2186 2161 2253 dignus
2195 2192 2512 2239 censeatur.

2236 2363 2403 2434 393
2437 2363 2666 2418 CANON
2710 2363 2849 2418 χχι.

1769 2477 1785 2508 ι
1827 2458 1902 2511 De
1935 2457 2280 2523 mulieribus,
2325 2474 2447 2526 quze
2480 2468 2608 2511 sunt
2642 2458 2944 2523 fortticatm,
2987 2469 3046 2513 et
3101 2460 3240 2516 {etiis
3288 2463 3340 2515 iu

1844 2568 1862 2601 ι
1905 2557 2059 2603 utero
2093 2550 2397 2619 perimunt,
2433 2559 2488 2602 et
2521 2549 2727 2603 fetuum
2772 2553 3071 2605 necatoriis
3101 2556 3344 2608 medica-

1839 2659 1857 2692 ι
1905 2640 2104 2694 mentis
2139 2639 2404 2693 faciendis
2433 2641 2562 2695 dant
2608 2657 2874 2709 operam;
2925 2645 3076 2713 prior
3119 2646 3337 2712 quidem

1840 2752 1858 2784 ‹
1895 2731 2140 2787 deﬁnitio
2172 2747 2344 2802 usque
2382 2732 2448 2785 ad
2477 2732 2599 2786 vitre
2644 2735 2846 2787 exitum
2899 2736 3244 2803 prohibebat,
3279 2747 3330 2791 et

1853 2845 1871 2877 ι
1915 2827 1962 2880 ei
1998 2826 2224 2894 quidam
2261 2825 2672 2888 assentiuntur;
2716 2826 2810 2880 sed
2865 2828 3205 2884 humanitate
3261 2838 3341 2882 ta-

1843 2937 1861 2968 ι
1904 2933 2026 2970 men
2072 2925 2306 2976 utentes,
2359 2919 2702 2972 decrevimus
2752 2927 2811 2972 ut
2863 2919 3190 2975 decennium
3248 2938 3343 2992 per

1845 3026 1863 3058 ι
1900 3009 2101 3077 gradus
2136 3007 2432 3078 prmﬁnitos
2460 3007 2742 3076 impleant.
2783 3027 2800 3060 ι

1844 3101 2038 3156 BALS.
2092 3102 2416 3170 Antiquiore
2459 3102 2832 3155 ecclesiastica
2891 3103 3230 3169 deﬁnitione,
3289 3106 3342 3161 in

80 3189 224 3242 κατὰ
264 3191 430 3258 μόνας
463 3191 555 3251 τὰς
581 3191 900 3253 τελευταίας
932 3193 1209 3257 ἀναπνοὰς
1238 3197 1335 3266 τῆς
1364 3198 1473 3248 τῶν
1501 3197 1658 3249 θείων

1771 3197 1876 3250 sola
1916 3197 2104 3247 ultima
2131 3194 2492 3262 respiratione
2525 3195 2834 3247 divinorum
2870 3208 3339 3252 sacramentorum

80 3284 443 3350 ἁγιασμάτων
502 3281 858 3353 μεταλήψεως
909 3283 1159 3354 ἠξιοῦντο
1193 3286 1249 3337 αί
1300 3287 1661 3340 συλλαϐοῦσαι

80 3373 376 3443 λαθραέως,
417 3376 511 3426 καὶ
553 3375 639 3427 διὰ
682 3377 742 3427 τὸ
776 3374 849 3445 μὴ
899 3376 1305 3446 ἐπιγνωσθῆναι
1338 3378 1662 3448 ἀναιροῦσαι

80 3468 142 3518 ci
175 3466 395 3534 ἔμϐρυα
431 3466 612 3520 αὐτῶν
646 3467 770 3520 καθ’
800 3467 1106 3537 οῖονδήτινα
1135 3469 1312 3536 λόγον.
1359 3473 1422 3523 Ol
1473 3473 1527 3524 δὲ
1564 3472 1664 3541 τῆς

80 3558 300 3610 συνόδου
329 3557 533 3626 ταύτης
561 3559 823 3627 Πατέρες,
851 3559 1492 3631 φιλανθρωπευσάμενοι,
1520 3563 1658 3633 ὦρι-

80 3669 180 3702 ςαν
207 3651 350 3719 μετὰ
381 3650 513 3703 δέκα
543 3652 823 3715 ἐνιαυτοὺς
853 3653 1248 3722 μεριζομένους
1270 3655 1350 3717 είς
1378 3656 1505 3717 τοὺς
1538 3656 1662 3707 τέσ-

80 3760 254 3812 σαρας
289 3743 533 3813 βαθμοὺς
568 3743 676 3796 τῶν
722 3745 1037 3812 ἐπιτιμίων,
1076 3747 1244 3814 ἧγουν
1297 3748 1376 3810 είς
1424 3748 1516 3800 τὸν
1567 3747 1660 3802 τοῦ

80 3836 530 3904 τροσκλαίοντος,
565 3837 654 3888 τὸν
677 3835 770 3889 τοῦ
807 3837 1185 3907 ἀκροωμένου,
1223 3839 1313 3890 τὸν
1340 3839 1433 3892 τοῦ
1461 3839 1660 3891 ὑποπί-

1219 3948 1318 4000 μετ
1329 3932 1428 3984 πιλα
1437 3931 1662 3999 μδάνειν

80 4019 264 4080 Lini;
317 4020 546 4090 Φθόριον
573 4020 628 4072 δέ
656 4023 802 4074 ἐστιν
834 4022 980 4074 ἅπαν
1016 4022 1307 4090 φάρμακον
1349 4025 1566 4092 φθεῖρον
1601 4026 1660 4076 τὺ

96 4112 581 4182 γκνμονούμενον.
629 4112 929 4181 ’Λνάγνωθι
962 4114 1049 4166 τὸν
1083 4113 1128 4185 β’
1159 4116 1358 4167 κανόνα
1385 4115 1478 4168 τοῦ
1499 4117 1658 4184 ἁγίου

80 3945 331 3991 ττοντος,
388 3928 484 3980 καὶ
522 3929 613 3981 τὸν
676 3928 768 3981 τοῦ
806 3931 1161 3995 συνεστῶτος,

1765 3266 2195 3356 [iamcipatione
2252 3285 2432 3357 dignm
2481 3287 2825 3341 habebantur
2877 3304 2994 3351 em,
3043 3305 3164 3359 qua:
3217 3307 3340 3346 cum

1761 3382 1896 3434 clam
1939 3381 2346 3448 concepissent,
2387 3395 2455 3433 ne
2509 3379 2563 3433 id
2602 3389 3051 3448 cognosceretur,
3090 3398 3219 3438 suos
3272 3384 3344 3437 l’e-

1765 3482 1855 3527 tus
1891 3473 1944 3526 in
1977 3482 2135 3525 utero
2175 3472 2445 3524 necabant
2479 3472 2672 3538 quovis
2724 3473 2903 3527 modo.
2949 3473 3121 3542 llujus
3161 3485 3341 3530 autem

1768 3565 1962 3634 synodi
2001 3562 2212 3626 Patres,
2249 3561 2332 3616 usi
2367 3564 2728 3627 humanitate,
2786 3572 2910 3632 post
2942 3566 3128 3619 decem
3172 3583 3346 3622 annos

1766 3661 1816 3710 iu
1864 3671 2150 3726 poenarum
2204 3665 2441 3723 quatuor
2497 3656 2699 3724 gradus
2739 3657 3081 3725 dispertitos,
3136 3661 3345 3714 scilicet

1763 3751 1886 3817 ejus
1919 3747 2013 3816 qui
2063 3745 2244 3807 deﬁet,
2278 3745 2396 3814 ejus
2431 3746 2525 3815 qui
2576 3747 2748 3811 audit,
2793 3749 2914 3818 ejus
2965 3752 3056 3818 qui
3113 3752 3337 3820 Supplex

1762 3841 2162 3904 substernitur,
2189 3847 2242 3892 et
2275 3839 2397 3906 ejus
2426 3839 2515 3908 qui
2549 3840 2615 3892 ad
2670 3854 2860 3908 preces
2920 3841 3158 3895 ﬁdelium
3207 3857 3342 3896 eon-

1767 3943 2059 4005 gregatur,
2129 3946 2224 3986 cas
2284 3945 2447 4000 posse
2517 3931 2878 3985 sacramentis
2935 3934 3341 3987 communicare

1770 4034 2096 4081 statuerunt.
2125 4023 2328 4092 Φθόρια
2358 4029 2539 4076 autem
2575 4022 2835 4076 dicuntur
2867 4023 3050 4077 omnia
3103 4026 3343 4077 medica-

1776 4128 1976 4177 menta.
2011 4132 2152 4186 quat,
2207 4115 2353 4185 quod
2390 4116 2442 4168 in
2483 4124 2639 4168 utero
2687 4124 3007 4184 conceptum
3046 4125 3148 4181 est,
3198 4115 3340 4186 peri-

1276 4231 1472 4293 G-till.
1509 4232 1842 4311 Beveregii
1887 4237 2077 4292 notae.

153 4335 270 4403 (88)
313 4334 424 4388 Kal
474 4333 864 4402 ἁναιρουσῶγ
897 4335 967 4387 τὰ
991 4335 1359 4404 γεννώμενα.
1390 4335 1575 4389 Fctum
1612 4337 1664 4389 in

80 4416 232 4458 itero
265 4418 470 4458 necare
499 4405 871 4458 Tertullianus
903 4407 1030 4458 olim
1063 4406 1413 4459 interdictum
1445 4408 1665 4469 asserit,

80 4479 289 4540 licens,
331 4471 500 4527 Nobis
534 4491 648 4527 t'ero
675 4478 790 4525 hom
805 4476 960 4527 .‘cidio
987 4477 1144 4528 semel
1174 4477 1474 4539 interdicto,
1508 4479 1666 4527 etiam

1777 4337 2027 4405 originem
2063 4334 2234 4402 futuri
2270 4334 2494 4386 hominis
2531 4335 2892 4400 exstinguat”,
2922 4343 2969 4385 et
2993 4335 3342 4398 parricidium

1780 4409 2003 4475 faciant,
2068 4417 2346 4472 antequam
2410 4405 2647 4468 pariant.
2710 4405 2780 4458 De
2846 4405 2946 4457 hoc
2989 4407 3342 4472 l'acinorejus

1780 4478 1941 4530 civile
1974 4475 2053 4529 sic
2101 4477 2317 4531 statuit,
2379 4475 2482 4537 Qui
2540 4475 2829 4526 abortionis
2879 4484 2970 4526 aut
3024 4482 3341 4528 amatorium

87 4554 396 4613 onceptum
431 4554 600 4608 utero,
640 4544 765 4595 dum
823 4546 994 4611 adhuc
1046 4547 1262 4612 sanguis
1316 4547 1371 4597 in
1409 4547 1717 4614 nominent
1760 4548 2007 4614 poculum
2049 4549 2199 4614 dant,
2250 4545 2349 4595 etsi
2376 4544 2496 4595 dolo
2550 4559 2651 4596 non
2693 4544 2918 4610 faciant,
2982 4555 3155 4596 tamen
3217 4548 3340 4611 quia

80 4616 438 4674 'eliberatur,
471 4615 755 4668 dissolvere
787 4631 887 4666 non
917 4615 1055 4668 licet.
1097 4614 1386 4669 Homicidii
1432 4615 1650 4681 festina-
1693 4613 1734 4666 D
1763 4613 1896 4669 ntali
1932 4613 2153 4679 exempli
2195 4630 2274 4664 res
2299 4623 2394 4669 est.
2424 4614 2730 4666 humiliores
2757 4619 2809 4666 in
2862 4614 3152 4672 metallum.
3187 4616 3345 4666 Itone-

80 4690 139 4739 ἑο
169 4695 252 4738 est
288 4683 572 4754 prohibere
618 4685 764 4737 nasci
799 4701 816 4737 .·
853 4701 943 4738 ιιι-ε
973 4687 1128 4754 refert
1168 4695 1347 4737 natam
1384 4685 1500 4755 quis
1557 4685 1662 4738 eri-

90 4760 180 4807 iat
211 4758 491 4815 animam,
525 4773 593 4806 an
629 4765 926 4807 nascentem
950 4756 1207 4808 disturbet
1242 4772 1260 4809 :
1321 4755 1475 4808 homo
1504 4767 1579 4807 est
1611 4764 1659 4807 et

89 4828 151 4879 ui
182 4835 264 4878 est
297 4826 544 4892 futurus,
574 4835 622 4878 et
660 4824 863 4890 fructus
889 4829 1058 4879 omnis
1093 4826 1209 4892 jam
1240 4827 1294 4878 in
1328 4826 1522 4878 semine
1561 4835 1660 4878 est.

87 4897 313 4949 ‘ertull.
353 4895 492 4962 Apol
543 4912 592 4949 c.
626 4894 680 4948 9.
732 4895 804 4948 De
836 4896 937 4949 hoc
971 4899 1142 4948 atroci
1193 4897 1402 4965 ﬂagitio
1457 4895 1663 4948 intelli—

87 4969 291 5020 a-udus
331 4977 421 5018 est
455 4965 796 5027 Lactantius,
828 4965 918 5020 ubi
971 4968 1068 5030 ait,
1143 4965 1334 5020 Verum
1399 4966 1660 5028 homines,

87 5055 120 5090 e
157 5036 299 5104 quid
338 5038 412 5088 s‘it
445 5037 675 5104 facinus,
710 5050 812 5100 quo
856 5052 1042 5088 manus
1078 5053 1203 5089 suas
1255 5051 1358 5089 non
1402 5035 1664 5103 polluant,

81 5110 304 5159 msibus
342 5107 518 5158 adhuc
552 5115 599 5159 et
627 5105 952 5174 simplicibus
978 5107 1168 5160 animis
1196 5107 1459 5174 abnegant
1497 5106 1666 5157 lucem

85 5193 161 5228 on
207 5194 243 5228 a
269 5189 335 5230 'se
378 5178 586 5230 datam.
626 5173 876 5230 Lactant.
915 5177 950 5229 l.
981 5192 1054 5239 v1,
1093 5193 1140 5228 c.
1184 5177 1276 5230 20.
1335 5173 1446 5228 lloc
1482 5183 1664 5228 autem

83 5263 154 5299 er
189 5247 616 5300 medicamenta
670 5245 920 5313 quaedam
953 5261 982 5298 a
1012 5245 1356 5301 mulierculis
1416 5246 1665 5310 impense

87 5319 351 5387 nprubis
395 5326 551 5385 epota
585 5317 882 5385 perpetrari
921 5318 1080 5371 solet.
1135 5315 1211 5372 De
1245 5317 1447 5387 quibus
1499 5313 1636 5369 ειυνο

91 5395 209 5441 alis
244 5385 446 5456 Satyr.
481 5387 532 5451 6,
566 5387 675 5442 ait:

80 5502 312 5550 ‘untum
355 5508 499 5551 artes
524 5498 700 5566 hujus,
734 5508 940 5554 tantum
973 5502 1322 5555 medicamina
1351 5513 1596 5568 possunt,

80 5576 194 5620 tua:
225 5568 454 5622 steriles
487 5572 639 5637 facit,
671 5581 824 5639 atque
849 5572 1080 5625 homines
1104 5574 1159 5625 in
1186 5583 1359 5626 ventre
1384 5574 1670 5626 necandos.

80 5678 112 5719 it
168 5666 466 5723 Minutius
521 5665 670 5723 Felix
731 5669 783 5722 in
851 5667 1097 5734 Octavio,
1155 5670 1369 5731 dicens,
1407 5669 1502 5723 γυσ
1535 5672 1672 5723 enim

80 5740 210 5790 ideo
249 5751 572 5807 procreatos
605 5739 746 5806 ﬁlios
781 5756 916 5791 nunc
954 5740 1078 5807 feris
1103 5749 1150 5793 et
1176 5741 1356 5793 avibus
1384 5755 1663 5806 exponere,

85 5825 202 5860 nnc
263 5810 716 5879 adstrangulatos
763 5811 954 5862 misero
987 5812 1173 5863 mortis
1202 5827 1385 5879 genere
1433 5812 1670 5866 elidere:

80 5888 181 5930 aut
215 5895 357 5947 qua:
399 5882 451 5932 in
490 5882 616 5947 ipsis
667 5881 952 5934 visceribus
1009 5880 1446 5934 utediruminilats
1503 5883 1672 5946 epotis

1763 4687 1948 4740 stiares
1983 4685 2034 4736 in
2072 4684 2300 4735 insulam
2331 4689 2527 4735 amissa
2551 4697 2701 4750 parte
2728 4685 2980 4735 bonorum
3015 4686 3340 4749 relegantur.

1769 4756 1923 4822 Quod
1959 4756 2002 4806 si
2041 4769 2099 4806 eo
2130 4753 2320 4806 mulier
2349 4765 2436 4804 aut
2479 4759 2632 4805 homo
2665 4756 2901 4820 perierit,
2952 4771 3156 4806 summa
3212 4770 3340 4818 sup.

1764 4827 1920 4891 plicia
1981 4822 2316 4889 afficiuntur,
2380 4824 2415 4875 l.
2474 4840 2700 4886 χχχι-ιιι,
2775 4834 2907 4877 soct.
2966 4823 2998 4876 5
3037 4823 3108 4876 De
3154 4826 3340 4890 ranis.

1769 4894 2089 4963 Hujusmodi
2125 4894 2542 4958 medicamenta,
2593 4909 2620 4946 a
2659 4895 2910 4961 przesenti
2971 4893 3189 4963 quidem
3246 4910 3338 4946 ea-

1769 4962 1909 5019 none
1971 4963 2167 5030 φθόρια
2225 4963 2523 5029 dicuntur;
2582 4966 2676 5018 sed
2733 4980 2761 5016 a
2822 4963 3028 5033 synodo
3054 4962 3338 5026 'l‘rullana,

1768 5050 1892 5090 can.
1927 5033 2017 5092 9i,
2045 5033 2422 5102 ἀμϐλωθρίδεα
2455 5035 2815 5102 appellantur.
2852 5035 2982 5100 Qua:
3018 5049 3116 5085 vox
3150 5035 3339 5085 eodem

1771 5120 1932 5160 sensu
1965 5104 2033 5156 ab
2077 5103 2420 5171 Athenagora
2469 5119 2688 5171 quoque
2741 5112 3057 5172 usurpatur,
3103 5104 3339 5167 dicente,

1771 5176 1882 5255 καὶ
1910 5176 1957 5226 οί
1983 5174 2101 5255 τὰς.
2131 5175 2243 5255 τοῖς
2285 5172 2708 5255 ἁμόξέυθριδίοις
2730 5175 3044 5255 χρωμένας,
3079 5174 3342 5255 ἀνδροφοξ

1771 5247 1883 5299 νεῖν
1917 5261 1977 5295 τε
2017 5243 2110 5295 καὶ
2136 5241 2292 5308 λόγον
2318 5240 2535 5310 ὑφέξειν
2565 5245 2665 5313 τῆς
2693 5240 3092 5311 ἐξαμϐλώσεως
3118 5243 3196 5312 τῷ
3224 5240 3343 5310 θεῷ

1772 5332 1976 5385 φαμεν,
2007 5314 2330 5385 κατὰέποῖον
2363 5313 2802 5385 ὀινδροφονοῦμεον
2841 5313 3019 5385 ξόγον.
3072 5315 3340 5385 Athenag.

1774 5381 1881 5456 leg,
1910 5401 2006 5456 pro
2031 5382 2336 5456 Christian.
2380 5381 2435 5434 lu
2463 5381 2712 5456 iseltoliis
2733 5382 3056 5456 adiBasilic.
3082 5384 3186 5456 lib.
3244 5397 3340 5442 ιι,

1775 5451 1859 5509 ιιῇ
1896 5451 1985 5516 59,
2015 5451 2389 5522 ἀμϐλωθρίδια
2419 5453 2696 5507 scribitur.
2733 5452 2836 5509 Ubi
2880 5455 3045 5507 etiam
3081 5454 3335 5522 legimus,

1773 5528 1868 5577 καὶ
1896 5528 1950 5576 al
1991 5519 2367 5593 ἀμϐλωθρίδια
2409 5522 2646 5576 διδοῦσαι
2703 5526 2974 5593 φάρμακα
3026 5519 3339 5591 φονεύτριαί

1774 5599 1899 5658 εἰσι,
1926 5595 2018 5646 καὶ
2035 5594 2194 5645 αὑταὶ
2215 5592 2312 5644 καὶ
2329 5594 2381 5646 αἱ
2407 5593 2690 5661 δεχόμεναι
2706 5596 2770 5648 τὰ
2787 5592 3164 5663 ἐμϐρυοκτθζια
3178 5593 3340 5662 δηλη-

1778 5667 1966 5732 τήρια.
2000 5667 2130 5727 Quae
2161 5678 2221 5715 ex
2248 5666 2600 5733 nonagesimo
2634 5661 3018 5733 pritnosynodi
3071 5661 3342 5716 Trullana‘.

1776 5731 1987 5788 canone
2021 5734 2302 5802 desumpta
2334 5742 2485 5786 sunt.
2509 5731 2707 5788 Suid’as
2736 5731 2916 5788 autem
2944 5734 3008 5788 de
3037 5748 3168 5787 voce
3213 5734 3345 5800 Ἀμ-

1777 5804 2093 5876 ϐλωθρίδιον
2119 5805 2213 5876 ait,
2247 5802 2391 5876 quod
2424 5805 2516 5876 sit,
2551 5805 2684 5876 αὑτό
2723 5822 2781 5858 τε
2830 5805 2890 5858 τὸ
2953 5803 3172 5876 φθόριον
3199 5808 3340 5873 φάρ-

1783 5872 1979 5945 μακον,
2012 5875 2106 5927 καὶ
2128 5872 2191 5944 δὴ
2223 5875 2316 5926 καὶ
2342 5873 2402 5926 τὸ
2432 5873 2732 5945 ὃιατθαρέν
