4164 6426
757 424 903 492 1191‘

827 552 846 586 ι
897 543 1161 601 qnnntur,
1186 532 1268 585 vel
1301 531 1516 608 ingsuas
1542 526 1684 582 aedes
1712 525 1921 595 aliquos
1952 524 2326 584 introducunt,
2358 526 2403 581 Α

832 646 849 680 ι
895 626 960 679 ad
999 624 1392 678 medicamenta
1445 634 1560 673 arte
1601 617 1949 681 invenienda,
1999 616 2083 670 vel
2128 616 2328 669 lustra-

829 719 1111 790 ttionem,
1178 715 1231 767 in
1284 712 1647 782 quinquennii
1714 725 1979 764 canonem
2062 707 2327 767 incidant,

814 828 843 861 .c
891 811 1192 863 secundum
1234 807 1433 875 gradus
1482 804 1774 861 definitos:
1828 811 1938 856 tres
1986 798 2157 855 annos
2192 800 2330 855 Sub-

827 920 843 952 ι
893 900 1197 963 strationis,
1232 906 1286 953 et
1319 899 1453 952 duos
1483 910 1658 955 annos
1695 895 1957 955 orationis
2005 894 2124 948 sine
2178 892 2332 947 obla-

825 1012 844 1045 r
892 993 1059 1051 tione.
1106 1010 1123 1043 ι

826 1082 1019 1141 BALS.
1059 1080 1343 1144 Nonfsolos
1376 1080 1804 1150 pnestigiatores
1833 1088 1885 1132 et
1918 1088 2071 1133 vates
2098 1079 2330 1147 puniunt

751 1188 991 1227 canones
1024 1212 1037 1234 ,
1073 1171 1165 1223 scd
1201 1179 1253 1223 ct
1292 1184 1385 1225 eos
1416 1171 1579 1223 etiam
1623 1171 1713 1237 qui
1764 1168 1870 1223 illis
1910 1177 2154 1221 utuntur.
2183 1165 2332 1232 Quo—

752 1266 895 1316 niam
937 1277 1065 1327 ergo
1101 1262 1349 1313 nonnulli
1388 1267 1736 1329 :egrotantes,
1771 1268 1822 1313 et
1857 1259 2069 1313 artibus
2102 1257 2325 1326 magicis

752 1370 810 1406 se
857 1356 927 1406 ita
964 1337 1101 1405 aﬂiei
1129 1353 1535 1415 existimantes,
1595 1352 1677 1405 vel
1712 1352 1872 1404 etiam
1904 1366 2027 1404 cum
2063 1349 2327 1419 quasdam

754 1459 839 1495 res
895 1444 959 1493 ad
992 1458 1050 1496 se
1096 1441 1436 1509 pertinentes
1496 1441 1903 1508 perdidissent,
1960 1440 2331 1494 ineantatores

753 1531 806 1585 in
850 1533 991 1586 :edcs
1049 1546 1179 1586 suas
1246 1531 1622 1596 accersebant,
1680 1531 1772 1600 qui
1833 1530 2236 1599 pollicebantur
2272 1545 2331 1584 se

754 1633 898 1677 artes
937 1626 1176 1691 magicas
1202 1626 1539 1684 inventuros,
1571 1637 1636 1676 ex
1669 1622 1876 1690 quibus
1919 1622 2131 1675 scilicet
2156 1636 2333 1690 aegro-

754 1727 931 1772 tantes
972 1715 1393 1778 decumbebant,
1426 1723 1478 1768 et
1508 1727 1696 1767 eorum
1745 1710 2205 1765 abominationetu
2240 1724 2332 1765 ex-

751 1809 1021 1878 piatnros;
1066 1808 1145 1860 vel
1189 1806 1240 1860 id
1269 1807 1454 1872 etiam,
1490 1804 1637 1876 quod
1682 1806 1950 1859 amissum
1994 1810 2133 1867 erat,
2190 1801 2330 1854 indi-

750 1906 1006 1961 caturos;
1098 1896 1188 1949 alii
1257 1910 1389 1950 vero
1460 1895 1757 1964 gentilibus
1841 1891 2333 1947 consuetudinibus

750 1996 989 2040 mentem
1040 1987 1383 2049 adhibentes,
1445 1985 1511 2039 de
1578 1985 1832 2039 felicibus
1896 1992 1950 2038 et
2018 1982 2329 2039 infelicibus

749 2079 959 2131 eventis
995 2078 1404 2146 interrogabant
1436 2076 1742 2143 astrologos
1770 2075 1935 2146 400
1960 2084 2011 2127 et
2043 2075 2200 2133 alios.
2239 2074 2331 2141 qui

752 2168 1090 2222 tlzrmoniaea
1128 2182 1292 2234 onera
1337 2174 1612 2220 tractant:
1646 2175 1959 2222 statuerunt
2009 2165 2220 2227 Patres,
2276 2173 2335 2217 ut

754 2260 787 2311 ii
826 2259 1204 2327 quinquennio
1246 2272 1440 2326 pmnas
1496 2257 1723 2321 darent;
1770 2267 1831 2309 ut
1886 2244 2079 2311 tribus
2127 2256 2337 2310 scilicet

749 2355 913 2408 siritis
940 2359 1127 2405 essent
1148 2349 1445 2415 substrati;
1475 2356 1529 2403 et
1558 2364 1745 2417 posma
1777 2349 1959 2402 divina.
1990 2355 2333 2402 sacramenta

754 2445 1037 2514 percipere
1069 2443 1217 2512 digni
1249 2444 1716 2497 existimarentur.
1748 2439 1887 2509 Lege
1929 2442 2094 2494 ctiam
2128 2439 2187 2492 6|
2244 2454 2335 2493 ca-

752 2549 947 2587 nonem
991 2548 1115 2602 syn.
1177 2532 1229 2584 in
1271 2531 1479 2595 Trullo,
1543 2542 1597 2586 et
1653 2547 1775 2601 quae
1840 2532 1891 2584 in
1953 2546 2076 2585 eum
2133 2532 2335 2600 scripta

753 2634 920 2690 sunt;
960 2634 1013 2678 et
1052 2624 1123 2679 85
1152 2638 1422 2678 canonem
1469 2623 1644 2679 sancti
1680 2622 1886 2687 Basilii,
1933 2635 2026 2675 eos
2074 2622 2338 2676 sexennio

751 2717 1090 2787 punientem.
1151 2718 1432 2771 Memento
1481 2722 1701 2779 autem,
1765 2729 1862 2769 eos
1930 2700 2093 2768 etiam
2144 2714 2335 2768 iisdem

755 2807 933 2876 pcnnis
966 2806 1362 2876 subjiciendus,
1396 2807 1488 2877 qui
1522 2805 1982 2860 incantatricibus
2022 2815 2078 2859 et
2107 2805 2334 2870 critriis,

750 2909 808 2950 et
840 2896 927 2956 iis,
956 2912 1077 2969 qua:
1108 2912 1231 2950 cum
1278 2895 1482 2951 hordeo
1510 2895 1783 2961 divinant,
1846 2894 2001 2948 fidem
2052 2893 2333 2947 adhibent.

824 3076 1082 3131 ‘ZONAR.
1125 3077 1416 3132 Vaticiniis
1470 3078 1547 3131 uti
1594 3075 1969 3132 Christianum
2034 3072 2334 3139 hominem,

2026 414 2303 477 TIiEOD.
2353 410 2749 473 BALSAMON

2507 538 2527 570 ι
2571 517 2741 570 ἐθνῶν
2770 512 3313 574 κατακολουθοῦντες,
3349 511 3380 582 ἢ
3408 506 3737 577 εἰσάγοντες
3764 521 3929 568 τινας
3958 508 4031 560 εἰς

2508 629 2525 661 ι
2573 612 2699 670 τοὺς
2730 608 2940 660 ἑαυτῶν
2961 606 3141 667 οῐκους
3168 604 3265 657 ἐπὶ
3294 602 3585 671 ἀνευρέσει
3620 594 4026 668 φαρμακειῶν,

2506 719 2525 750 ι
2573 702 2603 768 ἢ
2641 700 2735 751 καὶ
2780 697 3070 766 καθάρσει,
3114 694 3218 747 ὑπὸ
3258 694 3351 746 τὸν
3404 691 3614 743 κανόνα
3666 688 4029 740 πιπτέτωσαν

2504 809 2525 844 ι
2568 791 2668 859 τῆς
2693 789 3016 849 πενταετίας
3044 787 3188 841 κατᾶ
3208 786 3334 846 τοὺς
3373 783 3629 852 βαθμοὺς
3680 777 4029 851 ὡρισμένους

2508 902 2527 937 ι
2569 884 2697 953 τρία
2728 881 2820 951 ἑτη
2852 880 3243 940 ὑποπτὼσεως,
3266 874 3473 928 καὶδύο
3502 873 3602 943 ἔτη
3635 872 3846 940 εὐχῆς,
3867 866 4030 937 χωρὶς

2506 996 2523 1029 ι
2570 976 2905 1045 προσφορᾶς.
2950 992 2968 1024 ι

2502 1068 2579 1119 Οὐ
2616 1066 2814 1135 μόνους
2855 1063 2983 1127 τοὺς
3020 1065 3226 1132 γόητας
3270 1058 3515 1120 καὶτοὺς
3576 1057 3827 1125 μάντεις
3885 1050 4033 1103 acoli-

2435 1160 2618 1222 ζουσιν
2643 1158 2691 1209 οί
2723 1156 2970 1217 κανόνες,
2997 1154 3135 1206 ἀλλὰ
3165 1154 3257 1206 καὶ
3287 1152 3412 1213 τοὺς
3444 1148 3795 1220 χρωμένους
3830 1143 4030 1202 novak.

2448 1249 2601 1301 Ἐπεὶ
2626 1246 2718 1298 οὖν
2747 1264 2891 1308 τινες
2928 1243 3367 1313 νοσηλευόμενοι,
3409 1240 3506 1291 καὶ
3538 1235 3889 1307 νομίζοντες
3933 1231 4030 1283 ἀπὸ

2433 1340 2797 1412 φαρμακειῶν
2828 1340 3081 1407 πάσχειν,
3115 1336 3147 1405 ἢ
3184 1336 3279 1387 καὶ
3315 1329 3712 1389 ἀπολέσαντες
3754 1341 3888 1378 τινα
3930 1322 4031 1374 τῶν

2434 1433 2748 1504 προσόντων
2808 1432 3016 1495 αὐτοῖς,
3050 1427 3448 1500 μετεκαλοῦντο
3488 1426 3721 1492 γόητας
3780 1423 3867 1479 εἰς
3919 1420 4035 1479 τοὺς

2435 1527 2618 1586 οἴκους
2654 1522 2858 1588 αὐτῶν,
2893 1511 3149 1590 ἐφευρεῖν
3177 1516 3714 1588 ἐπαγγελλομένους
3766 1512 3825 1562 ἐν
3864 1510 4036 1569 αὑτοῖς

2431 1617 2530 1678 τὰς
2574 1614 2831 1685 μαγείας,
2866 1612 2924 1679 ἐξ
2970 1606 3046 1665 ὧν
3092 1610 3251 1679 δῆθεν
3307 1606 3739 1672 κατεκλίθησαν
3794 1602 3847 1654 οἱ
3891 1617 4035 1667 war;

2432 1709 2736 1779 λευόμενοι,
2769 1708 2863 1760 καὶ
2888 1706 3126 1775 καθᾶραι
3156 1704 3217 1756 τὸ
3246 1702 3351 1756 ἀπὸ
3381 1699 3595 1754 τούτων
3627 1695 3846 1764 μῦσος,
3882 1695 3917 1763 ἦ
3949 1696 4035 1743 καὶ

2432 1801 2493 1853 τὸ
2535 1798 2841 1853 ἀπολεσθὲν
2896 1794 3322 1866 καταμηνύει-αι’
3375 1791 3529 1846 ἄλλοι
3577 1789 3642 1841 δὲ
3725 1784 4037 1854 συνηθεῖαις

2437 1892 2679 1952 ἐθνικαῖς
2737 1889 3097 1959 προσέχοντες
3149 1884 3280 1953 περὶ
3328 1882 3754 1951 εὐτυχημάτων
3796 1878 3896 1929 καὶ
3924 1877 4035 1929 δυσ-

2433 1982 2772 2055 τυχημάτων
2809 1983 3111 2051 ἐρωτῆσεις
3170 1975 3463 2031 ἐποιοῦντο
3510 1973 3628 2027 duo
3668 1970 4033 2040 ἀστροὶόγων

2437 2078 2530 2129 καὶ
2579 2076 2779 2142 ἑτέρων
2850 2069 3196 2140 δαιμωνιὼδη
3248 2065 3816 2138 μεταχειριζομένων
3867 2062 4033 2129 ἔργα·

2435 2167 2647 2237 ὥρισαν
2688 2165 2737 2217 οἱ
2788 2163 3030 2231 Πατέρες
3074 2160 3167 2213 ἐπὶ
3202 2157 3532 2211 πενταετίαν
3567 2155 3826 2216 τούτους
3873 2152 4036 2202 ἐπιτι-

2441 2258 2668 2328 μᾶσθαι,
2699 2257 2865 2326 ἤγουν
2892 2254 2986 2307 ἐπὶ
3019 2252 3119 2321 μὲν
3144 2250 3324 2318 τρισὶν
3351 2250 3531 2302 ἐτεσιν
3574 2247 3960 2303 ὑποπίπτειν,
3986 2245 4035 2295 ἐν

2435 2350 2490 2402 δὲ
2519 2348 2668 2401 δυσὶν
2695 2345 2947 2413 εὔχεσθαι
2985 2343 3124 2413 μετὰ
3156 2342 3262 2396 τῶν
3294 2341 3526 2402 πιστῶν,
3548 2339 3652 2392 καὶ
3690 2338 3848 2407 μετὰ
3873 2338 4037 2389 ταῦτα

2437 2437 2723 2508 ἀξιοῦσθαι
2763 2436 2872 2489 τῶν
2919 2435 3082 2490 θείων
3130 2433 3517 2501 ἁγιασμάτων.
3562 2429 3907 2497 Ἀνάγνωθι
3956 2427 4040 2480 καὶ

2437 2530 2529 2581 τὸν
2565 2527 2647 2593 ξα¹
2676 2526 2877 2581 κανόνα
2900 2525 2999 2595 τῆς
3031 2525 3088 2577 ἐν
3116 2523 3193 2592 τῷ
3222 2521 3481 2593 Τρούλλῳ
3534 2521 3816 2583 συνόδου,
3851 2519 3947 2570 καὶ
3980 2519 4039 2568 τὰ

2440 2623 2500 2674 ἐν
2534 2619 2682 2689 αὐτῷ
2716 2618 3024 2689 γραφέντα,
3079 2614 3297 2668 καὶτὸν
3326 2621 3418 2681 πτ¹
3463 2614 3683 2667 κανόνα
3737 2611 3842 2664 τοῦ
3894 2613 4041 2678 ἁγίου

2440 2710 2725 2764 Βασιλείου
2784 2709 2878 2762 ἐπὶ
2930 2706 3181 2774 ἑξαετίαν
3232 2706 3577 2772 ἐπιτιμῶντα
3615 2702 3894 2767 τούτους.
3927 2704 4043 2771 Ἕχτ

2440 2802 2497 2856 δὲ
2532 2804 2624 2856 ἐπὶ
2674 2802 2898 2871 μνήμης
2946 2800 3030 2853 ὅτι
3064 2801 3175 2863 τοῖς
3206 2800 3393 2860 αὐτοῖς
3442 2798 3771 2866 ἐπιτιμίοις
3810 2796 4043 2849 ὑποϐαλ-

2439 2891 2627 2945 λονται
2658 2894 2751 2944 καὶ⁵
2782 2893 2830 2944 oi
2857 2892 3291 2961 προσερχόμενοι
3318 2889 3720 2959 γοητευτρίαις
3774 2889 3883 2941 καὶ
3933 2904 4043 2957 κρι-

2441 2981 2621 3058 τρίαις
2645 2982 2740 3035 καὶ
2763 2982 2884 3041 ταῖς
2908 2980 3046 3050 μετά
3077 2979 3282 3048 κριθῶν
3316 2978 3801 3047 μαντευομέναις.

2519 3071 2766 3125 ΖΩΝΑΡ.
2831 3070 2905 3122 Τὸ
2972 3068 3278 3138 κεχρῆσθαι
3341 3066 3701 3136 μαντεύμασι
3772 3083 3881 3119 και
3938 3068 4046 3127 ταῖς

754 3172 1101 3229 ethnicorum
1158 3178 1211 3224 ct
1258 3169 1579 3225 Graecorum
1639 3166 2065 3224 consuetudines
2113 3165 2334 3231 sectari,

2443 3163 2686 3225 ἐθνικαῖς
2733 3162 2766 3231 ἢ
2810 3161 2901 3213 καὶ
2945 3159 3288 3230 Ἑλληνικαῖς
3330 3158 3657 3213 ἀκολουθεῖν
3715 3158 4043 3229 συνηθείαις

758 3272 920 3329 atque
956 3261 1023 3315 ad
1054 3262 1180 3314 muli
1214 3261 1493 3331 pbarmaei
1544 3259 1872 3331 eujuspiam,
1918 3258 2021 3312 hoc
2058 3267 2142 3313 est
2177 3274 2341 3312 vene-

764 3354 869 3406 licii
926 3354 1297 3406 invrntinnem
1362 3352 1789 3421 priestigiatores
1850 3348 2136 3403 admittere
2192 3340 2349 3418 (qui;

765 3448 993 3501 busdam
1031 3444 1063 3497 fc
1090 3453 1169 3498 rte
1201 3446 1254 3497 in
1287 3460 1348 3498 ea
1383 3459 1441 3498 re
1490 3453 1618 3498 tunc
1664 3442 1890 3496 nimiunn
1939 3439 2216 3509 curiosis),
2256 3440 2339 3494 vel

764 3554 859 3592 eos
893 3537 957 3589 ad
996 3537 1232 3590 remedia
1268 3536 1546 3591 veneficiis
1595 3535 1884 3604 quaerenda
1930 3533 2190 3587 adhibere
2249 3531 2340 3586 hic

763 3645 936 3683 canon
979 3637 1123 3683 velat
1158 3645 1170 3680 :
1212 3628 1415 3697 quique
1472 3626 1537 3679 iis
1569 3627 1657 3678 usi
1701 3625 1925 3689 fuerint,
1981 3620 2340 3693 quinquennii

766 3733 978 3789 patiam
1019 3720 1347 3790 persolvere,
1386 3733 1449 3783 ac
1492 3719 1667 3771 tribus
1710 3717 1929 3785 quidem
1987 3715 2150 3770 annis
2210 3716 2341 3769 sub-

764 3814 958 3872 sterni,
1012 3812 1226 3866 duobus
1275 3810 1328 3863 in
1388 3817 1659 3862 conventu
1728 3806 1966 3864 fidelium
2024 3805 2341 3868 consistere,

769 3903 1179 3971 precationique
1242 3899 1402 3954 simul
1463 3914 1695 3961 vacare,
1775 3897 2152 3967 quinquennio
2217 3909 2345 3950 vero

762 3996 978 4063 expleto
1016 3993 1081 4047 ad
1142 3992 1274 4046 Boni
1323 4000 1580 4059 praeterea
1633 3988 2072 4042 eomnmnionem
2133 3985 2344 4040 admitti

758 4086 934 4155 jubet.
1000 4084 1224 4153 Magnus
1302 4097 1433 4136 vero
1492 4080 1723 4137 Basilius
1796 4077 2126 4149 octogesimo
2189 4077 2348 4131 tertio

762 4192 993 4239 canone,
1021 4175 1290 4243 ejusmodi
1326 4173 1574 4229 homines
1614 4169 1861 4227 sexennii
1909 4184 2070 4241 paena
2110 4168 2347 4245 punien-

762 4267 862 4322 dos
900 4282 1021 4321 esse
1057 4266 1319 4320 decernit.

764 4356 994 4412 AltlST.
1032 4378 1049 4409 ι
1093 4358 1196 4421 Qui
1231 4355 1507 4410 vaticiniis
1560 4354 1757 4419 utitur,
1808 4363 1861 4410 et
1899 4353 1993 4426 qui
2038 4353 2345 4424 quempiam

846 4471 863 4502 ‹
907 4452 959 4503 in
992 4450 1211 4503 domum
1247 4447 1490 4501 veneficii
1511 4447 1857 4515 exquirendi,
1888 4454 1978 4500 aut
2007 4447 2343 4502 lustrationis

846 4561 864 4592 ‹
906 4557 1067 4594 eausa
1105 4540 1425 4605 introducit,
1457 4538 1837 4608 quinquennio
1865 4536 2166 4607 subjaceat.
2212 4555 2229 4588 ι

839 4633 942 4699 Qui
975 4633 1189 4685 vatibus
1228 4640 1320 4684 aut
1349 4629 1805 4693 ineantatoribus,
1855 4638 1949 4682 aut
1982 4628 2347 4682 amuletorum

764 4729 1174 4797 prrebitorilms,
1220 4726 1305 4780 vel
1338 4725 1461 4780 aliis
1507 4721 1819 4779 istiusmodi
1872 4721 2113 4791 seipsum
2163 4719 2345 4781 tradit,

765 4831 826 4875 ut
860 4819 1170 4875 revelentnr
1203 4833 1323 4887 ane
1359 4817 1412 4870 in
1446 4815 1722 4870 desiderio
1752 4813 1937 4875 habet,
1976 4812 2061 4866 vel
2109 4826 2203 4880 per
2232 4825 2349 4865 me-

767 4916 1072 4970 dicamenta
1106 4912 1307 4966 malum
1356 4909 1496 4963 male
1546 4914 1727 4971 sanat,
1757 4904 2053 4960 triennium
2108 4903 2351 4958 subster-

768 5013 950 5068 netur,
1015 5012 1069 5058 et
1128 5001 1409 5056 biennium
1472 5014 1599 5055 eum
1659 4997 1908 5051 fidelibus
1965 4994 2251 5059 consistet,
2296 5001 2351 5049 et

769 5108 995 5163 precum
1032 5093 1276 5148 solarum
1311 5092 1590 5161 particeps
1619 5089 1744 5153 erit,
1794 5097 1849 5143 et
1900 5087 1980 5141 sic
2023 5095 2143 5155 post
2189 5083 2350 5154 quin-

771 5186 1068 5254 quennium
1122 5186 1188 5239 de
1236 5184 1509 5237 oblatione
1553 5179 1922 5252 partieipabit.
1964 5178 2032 5238 At
2076 5176 2353 5245 sexagesi-

774 5293 896 5334 mus
933 5281 1142 5351 prinms
1173 5286 1343 5332 sexta:
1377 5275 1569 5346 synodi
1607 5275 1661 5327 in
1698 5271 1883 5330 Trulla
1919 5285 2097 5330 canon
2130 5269 2290 5327 talem
2320 5283 2349 5323 a

776 5373 1156 5431 communione
1186 5387 1275 5425 sex
1308 5384 1482 5422 annos
1515 5366 1811 5421 arcendum
1850 5364 2062 5420 statuit.

1335 5543 1566 5601 csxox
1620 5542 1783 5621 xxv.

777 5668 797 5703 ι
847 5648 1098 5716 Quidam,
1136 5644 1221 5698 cui
1257 5654 1377 5696 erat
1410 5643 1683 5711 desponsa
1721 5637 1920 5708 puella,
1957 5648 2200 5689 sororem
2234 5633 2350 5703 ejus

848 5761 865 5793 (
912 5741 1143 5805 vitiavit,
1182 5737 1251 5790 itu
1281 5744 1339 5790 ut
1371 5750 1434 5789 ea
1479 5734 1645 5789 etiam
1697 5730 2033 5800 conciperet.
2085 5726 2351 5796 Sponsam

842 5853 866 5885 4
913 5838 1336 5901 autcnvpostea
1386 5841 1611 5883 uxorem
1660 5824 1815 5880 duxit
1862 5842 1875 5880 :
1927 5837 1987 5877 ea
2023 5828 2204 5875 autem
2259 5816 2351 5873 cui

2439 3256 2567 3318 τοὺς
2614 3251 2998 3319 Χριστιανοὺς,
3057 3250 3152 3303 καὶ
3211 3248 3414 3318 γόητας
3468 3248 3907 3317 προσδέχεσθαι
3964 3250 4046 3299 ἐπὶ

2442 3345 2725 3415 ἀνευρέσει
2759 3332 3115 3414 φαρκακειῶν
3146 3341 3265 3410 ἦτοι
3296 3338 3547 3408 μαγειῶν
3576 3338 3658 3401 ὡς
3691 3341 3857 3409 τάχα
3902 3338 4045 3408 scapi

2442 3453 2604 3489 τινων
2663 3431 3248 3505 περιεργασθέντας,ἢ
3307 3431 3396 3483 ἐπὶ
3446 3430 3728 3499 καθάρσει
3784 3431 3905 3483 τῶν
3934 3448 4047 3499 7m.-

2440 3528 2601 3581 τειῶν
2632 3525 3064 3597 προσκαλεῖσθαι
3092 3524 3311 3588 αὐτοὺς,
3333 3524 3751 3594 ἀπηγόρευται,
3794 3526 3901 3578 καὶ
3934 3527 4043 3586 τοῦς

2443 3619 2652 3680 τούτοις
2678 3616 2997 3687 χρωμένους
3038 3618 3065 3669 ό
3098 3615 3279 3675 κανὼν
3312 3614 3418 3667 ὑπὸ
3446 3615 3743 3683 ἐπιτίμιον
3800 3619 4040 3669 ποιεῖται

2445 3713 2794 3775 πενταετίας,
2821 3711 2897 3772 ὡς
2942 3709 3070 3783 τρία
3114 3707 3208 3777 ἔτη
3262 3705 3622 3770 ὑποπίπτειν,
3660 3707 3766 3759 καὶ
3805 3708 3913 3761 δύο
3963 3710 4044 3778 ἐτη

2447 3800 2806 3871 συνεύχεσθαι
2852 3801 2965 3862 τοῖς
2999 3799 3214 3860 πιστοῖς
3236 3811 3249 3826 ο
3285 3795 3428 3865 μετὰ⁴
3456 3794 3515 3846 δὲ
3559 3796 3667 3865 τὴν
3711 3798 4046 3850 πενταετίαν

2444 3892 2727 3957 ἀξιοῦνται
2762 3892 2859 3945 καὶ
2895 3890 2998 3959 τῆς
3042 3887 3135 3942 τοῦ
3180 3887 3411 3955 Ἀγαθοῦ
3456 3886 3865 3957 μεταλήψεως.
3914 3888 3977 3941 ’0
4004 3888 4048 3940 δι

2451 3986 2622 4053 μέγας
2656 3981 2934 4045 Βασίλειος
2980 3982 3037 4033 ἑν
3073 3978 3418 4049 ὀγδοηκοστῷ
3446 3978 3621 4047 τρίτῳ
3655 3980 3867 4033 κανόνι
3901 3980 4046 4045 tiu.-

2446 4076 2571 4140 τίας
2602 4075 2868 4148 ἐπιτιμίῳ
2897 4073 3024 4137 τοὺς
3053 4070 3333 4133 τοιούτους
3362 4068 3609 4133 κολάζει.

2447 4332 2670 4391 ΑΡΙΣΤ.
2738 4348 2758 4383 ι
2820 4332 2882 4383 ‘0
2912 4328 3502 4398 καταμαντευόμενος,
3555 4327 3657 4379 καὶ
3706 4327 3740 4379 ό
3813 4329 4046 4396 εἰσάγων

2529 4442 2547 4477 ι
2593 4422 2717 4476 τινὰ
2746 4424 2804 4475 ἐν
2836 4422 2912 4492 τῷ
2956 4421 3087 4489 οίκῳ
3122 4421 3216 4473 ἐπὶ
3248 4421 3532 4490 ἀνευρέσει
3563 4422 3986 4488 φαρμακειῶν,
4018 4421 4043 4488 ἦ

2523 4536 2541 4569 ι
2590 4516 2878 4585 καθάρσει,
2914 4512 3239 4565 πενταετίαν
3266 4509 3649 4563 ὑποπιπτέτω.
3695 4529 3715 4561 ι

2544 4608 2603 4662 '0
2650 4604 2994 4676 μάντεσιν,ἧ
3043 4603 3386 4673 γοητευταίς,
3428 4600 3459 4670 ἢ
3509 4594 3961 4669 φυλακτηρίοις,
4016 4602 4042 4669 ἦ

2450 4704 2662 4772 ἑτέροις
2711 4700 2827 4754 τισὶ
2874 4696 3137 4757 τοιούτοις
3184 4693 3380 4749 ἑαυτὸν
3436 4693 3795 4757 ἐκδεδωκὼς,
3828 4697 3929 4748 ἐπὶ
3979 4694 4043 4762 τῷ

2450 4791 2867 4862 ἐκκαλυφθῆναι
2916 4788 2951 4842 ἃ
3000 4786 3068 4839 δι’
3100 4784 3400 4854 ἐπιθυμίας
3432 4783 3568 4851 ἔχει,
3604 4784 3641 4855 ἢ
3674 4786 3777 4835 ἐπὶ
3830 4802 4042 4853 φαρμα.

2452 4890 2609 4950 κείας
2642 4883 2799 4953 κακῷ
2846 4881 2907 4934 τὸ
2954 4879 3123 4935 κακὸν
3173 4877 3441 4946 ἰώμενος·
3478 4877 3570 4928 ἐπὶ
3613 4878 3880 4946 τριετίαν
3921 4878 4042 4929 ὑπτ-

2452 4980 2725 5039 πεσεῖται,
2760 4974 2853 5029 καὶΙ
2885 4974 2976 5026 ἐπὶ
3006 4971 3212 5025 διετίαν
3264 4969 3601 5037 συστήσεται
3634 4971 3761 5029 τοῖς
3805 4971 4036 5029 πιστοῖς,

2454 5074 2548 5123 καὶ
2595 5068 2772 5138 μόνων
2809 5065 2920 5118 τῶν
2967 5063 3140 5133 εὐχῶν
3171 5061 3503 5129 κοινωνήσει
3526 5075 3542 5091 ’
3593 5062 3693 5111 καί
3722 5058 3883 5111 οὕτω
3911 5060 4039 5128 μετὰ

2451 5161 2554 5233 τὴν
2593 5157 2918 5212 πενταετίαν
2968 5154 3187 5226 μεθέξει
3230 5152 3330 5226 τῆς
3374 5152 3723 5221 προσφορᾶς.
3777 5150 3844 5203 ’0
3888 5151 3943 5203 δέ
3972 5149 4038 5213 ξδ’

2453 5253 2634 5308 κανὼν
2701 5251 2802 5321 τῆς
2870 5251 2927 5302 ἐν
2986 5248 3063 5317 τῷ
3119 5245 3375 5315 Τρούλλῳ
3432 5244 3601 5312 ’ἐκτης
3664 5244 3899 5298 συνόδου
3957 5244 4039 5295 ἐπὶ

2454 5343 2705 5411 ἑξαετίαν
2749 5342 2919 5412 ὁρίζει
2949 5338 3041 5391 τὸν
3073 5338 3316 5392 τοιοῦτον
3345 5336 3445 5405 τῆς
3515 5334 3822 5398 κοινωνίας
3853 5334 4035 5401 dmi;-

2454 5439 2667 5509 γεσθαι.

3033 5520 3270 5576 ΚΑΝΩΝ
3303 5516 3429 5574 κε’.

2463 5644 2481 5677 ι
2523 5618 3022 5693 Μνηστευσάμενός
3050 5633 3133 5678 τις
3163 5615 3356 5684 κόρην,
3391 5608 3769 5680 πῳσεφθάρη
3803 5612 3871 5679 τῇ
3900 5607 4033 5660 ἀδελ.

2536 5737 2554 5770 ι
2602 5719 2673 5786 φῇ
2712 5714 2903 5783 αὐτῆς,
2932 5711 3007 5773 ὡς
3063 5707 3159 5762 καὶ
3219 5703 3564 5773 ἐπιφορῆσαι
3622 5703 3833 5769 αὐτὴν,
3877 5702 4030 5768 ἔγημε

2532 5829 2550 5862 ι
2594 5808 2777 5878 δὲτὴν
2822 5804 3065 5877 μνηστὴν
3113 5799 3252 5870 μετὰ
3302 5797 3520 5852 ταῦτα·
3563 5796 3599 5864 ἡ
3650 5794 3712 5848 δέ
3768 5792 4024 5865 φθαρςῑτα
