4164 6426
84 393 175 457 193

111 528 127 557 ι
171 503 430 572 ἀπήγξατο
456 515 469 530 ⁸
509 499 558 549 οἱ
591 493 894 553 συνειδότες
941 488 1343 557 ἐκελεύσθησαν
1393 487 1449 538 ἐν
1491 483 1573 534 δε-
1605 487 1646 538 Α

105 618 120 648 ι
165 596 332 663 καετία
351 590 604 661 δεχθῆναι
636 591 713 649 είς
746 586 872 645 τοὺς
904 580 1248 642 συνεστῶτας
1281 579 1424 631 κατὰ
1455 576 1578 635 τοὺς

111 709 126 737 ι
169 685 486 756 ὡρισμένους
523 679 784 751 βαθμούς.
813 697 832 729 ι

119 779 297 831 EAM}.
335 776 466 829 ’Δπὸ
490 775 700 842 φάκτου
737 770 882 831 τινος
916 769 967 821 0i
1005 766 1247 836 Πατέρες
1277 758 1584 832 παρεκινή-

78 892 201 942 ησαν
227 873 308 923 τὴν
336 869 579 939 παρόντα
628 865 830 918 κανόνα
863 861 1143 914 ἐκθέσθαι.
1186 850 1583 926 Προσηγγὲλθη

78 971 141 1032 ἀρ
172 967 339 1026 αὐτοῖς
363 964 446 1015 δτι
467 953 772 1030 ’ἄνθρωπός
823 973 930 1016 τις,
987 950 1466 1022 μνηστευσάμενος
1499 943 1588 994 κό-

78 1079 156 1128 rp,
197 1055 499 1124 συνεφθάρη
542 1051 682 1122 μετὰ
734 1049 834 1117 τῆς
876 1047 1110 1114 ἀδελφῆς
1148 1041 1341 1107 αὐτῆς,
1381 1038 1456 1099 ῶς
1487 1036 1588 1088 ,καὶ

78 1152 174 1203 ατά
215 1149 442 1218 γαστέρα
490 1148 698 1213 ταύτην
740 1145 804 1194 ἐκ
836 1140 1026 1194 τούτου
1071 1134 1357 1188 συλλαϐεῖν
1410 1128 1590 1198 (τοῦτο

78 1248 141 1313 ip
171 1247 279 1295 ἐστι
310 1244 367 1293 τὸ
392 1235 768 1307 ὲπιςρορῆσαι),
800 1235 891 1284 καὶ
937 1232 1071 1300 μετὰ
1119 1227 1276 1279 τοῦτο
1313 1222 1453 1275 κατά
1487 1220 1588 1285 γάο

79 1307 138 1390 ου
169 1336 443 1388 κοινωνίαν
475 1324 827 1396 συνηρμόσθη
851 1324 917 1391 τῇ
950 1320 1129 1388 οἰκεία
1165 1316 1399 1385 μνηστῇ.
1435 1310 1498 1360 Ἤ
1538 1307 1592 1359 δὲ

78 1429 330 1493 ὖταδέλφη
380 1422 584 1489 ταύτης
620 1420 718 1471 σὺν
769 1416 847 1482 τῷ
895 1411 1256 1480 ἁμαρτήματι
1290 1405 1387 1473 τῆς
1433 1402 1595 1470 αἱμο-

83 1521 214 1584 ιξίας
243 1517 522 1586 ἐφόνευσεν
551 1510 773 1576 ἑαυτήν.
813 1507 1044 1574 ’Ὡρισαν
1075 1500 1167 1553 οὖν
1199 1497 1322 1558 τοὺς
1358 1495 1595 1546 cava-.65-

78 1631 129 1675 ις
158 1584 319 1663 ταῦτα
361 1610 428 1658 τά
457 1603 626 1662 κακὲ,
659 1599 795 1669 μετὰ
824 1593 1108 1649 δεκαετίαν
1152 1589 1470 1656 ὀφείλουσαν
1511 1584 1600 1636 διὰ.

78 1706 143 1753 Iw
176 1701 415 1769 συνήθων
469 1692 698 1766 βαθμῶν
749 1686 1064 1759 παρελθεῖν,
1099 1681 1355 1751 δεχθῆναι
1388 1681 1466 1739 εἰς
1499 1675 1600 1744 τὴν

79 1797 176 1848 sti
206 1765 307 1845 τῶν
338 1765 544 1844 πιστῶν
577 1786 764 1854 εὐχήν.
805 1782 896 1850 Μὴ
928 1775 1228 1842 ἐναντιωθῇ
1261 1774 1318 1826 δέ
1350 1765 1434 1824 σοι
1459 1770 1597 1836 πρὶς

78 1893 204 1944 ιῦτα
231 1891 254 1941 ό
277 1887 354 1958 οη⁹
379 1882 558 1938 κανὼν
585 1881 678 1933 τοῦ
710 1877 866 1945 ἁγίου
892 1872 1195 1932 Βασιλείου,
1229 1867 1598 1936 διοριζόμενος

81 1985 176 2036 ετ-ὶι
201 1982 334 2034 ἑπτὰ
371 1978 595 2049 χρόνους
639 1971 923 2037 ἀξιοῦσθαι
973 1967 1083 2020 τῶν
1117 1963 1278 2016 θείων
1322 1955 1599 2025 ἁγιασμά-

81 2095 140 2126 υν
188 2073 276 2124 τὸν
324 2061 774 2137 συναρμοσθέντα
817 2057 960 2112 κατὰ
1012 2055 1176 2122 νόμον
1222 2051 1402 2118 γάμου
1451 2046 1602 2097 δυσὶν

78 2168 289 2231 Sal-pati;
315 2178 327 2192 ·
367 2157 604 2212 ἐνταῦθα
645 2156 753 2223 γὰρ
783 2150 953 2204 πολλᾶ
982 2145 1364 2214 ἐτολμήθησαν
1396 2139 1600 2200 ἄτοπα,

78 2229 280 2328 τρνεία,
307 2248 715 2321 ἁθεμιτογαμία
759 2244 852 2297 καὶ
898 2242 1057 2309 φόνος
1089 2256 1101 2268 ’
1137 2238 1318 2288 ἐκεῖσε
1361 2231 1417 2284 δὲ
1468 2229 1603 2298 μόνη

78 2320 462 2418 θεμιτογαμία.
526 2339 636 2394 Καὶ
688 2337 775 2390 διὰ
837 2333 997 2387 τοῦτο
1040 2328 1338 2396 βαρύτερον
1393 2320 1604 2391 ὡρίσθη

79 2411 154 2494 δε·
177 2438 236 2490 τὺ
270 2411 566 2504 ἐπιτίμιον.
609 2428 911 2498 Ἐρωτήσει
947 2422 1002 2476 δέ
1029 2439 1132 2481 τις,
1157 2417 1256 2469 Διὰ
1308 2415 1358 2468 τί
1409 2411 1608 2481 ὁμοίως

78 2533 397 2601 πιτιμῶνται
445 2527 558 2587 τοῖς
609 2520 935 2585 αὐτουργοῖς
981 2514 1075 2567 καὶ
1127 2513 1174 2564 οἱ
1253 2506 1605 2566 συνειδότεςς

83 2592 254 2690 ύσιις.
292 2622 417 2673 Ἐπὶ
463 2619 572 2670 τῶν
609 2611 884 2681 ἀθεμίτων
930 2607 1124 2675 γάμων
1177 2599 1338 2652 πλέον
1384 2592 1612 2663 ὤφειλον

78 2683 394 2785 ,τιτιμᾶσθαι
429 2711 477 2762 οί
508 2705 812 2764 συνειδότες
860 2696 1014 2766 παρὰ
1063 2694 1191 2755 τοὺς
1243 2683 1607 2756 αὐτουργούς.

80 2776 277 2870 ούτους
311 2805 420 2873 γάρ
471 2798 734 2858 πολλάκις
782 2790 1053 2847 ἀκολασία
1103 2780 1366 2855 ἐρωτικὴ,
1398 2780 1491 2831 καὶ
1539 2776 1613 2845 μὴ

78 2902 425 2971 αυλομένους,
459 2891 692 2957 κατάγει
720 2885 857 2958 πρὸς
883 2883 944 2935 τὺ
975 2879 1236 2948 ἀθέμιτον
1265 2893 1278 2905 ’
1327 2873 1526 2925 ἐκεῖνοι
1561 2866 1616 2918 δὲ

78 2990 416 3063 υγγνωστέοι
446 2986 546 3039 οὐκ
594 2982 762 3042 εἰσιν,
806 2976 882 3039 ὼς
914 2974 1004 3026 ἐπὶ
1033 2970 1111 3039 τῷ
1151 2966 1308 3036 κακῷ
1360 2958 1618 3033 συμπρά-

78 3103 236 3148 ιντες
257 3081 428 3155 χωρὶς
458 3078 706 3144 ἀνάγκης
747 3069 915 3132 τινὸς,
948 3067 1042 3119 καὶ
1093 3057 1614 3130 εὐχαριστείτωσαν,

78 3201 126 3236 τι
159 3178 364 3248 ὁμοίως
403 3175 516 3235 τοῖς
560 3165 884 3237 αὐτουργοῖς
929 3159 1272 3222 κολάζονται.
1309 3149 1498 3203 Συνειδ

78 3281 99 3327 ἑ
130 3239 275 3325 εἰσιν
301 3269 353 3322 οἱ
391 3261 835 3334 συμπράξαντες,
866 3255 926 3307 οὐ
965 3251 1069 3322 μὴν
1097 3249 1148 3302 οί
1179 3248 1393 3315 ἔχοντες
1439 3239 1624 3301 ἁπλῶς

78 3368 281 3437 ἵδησιν,
311 3362 404 3415 καὶ
431 3355 678 3413 κωλῦσαι
709 3350 784 3423 μὴ
813 3347 1126 3416 δυνάμενοι.

123 3634 377 3694 ΖΩΝΑΡ.
438 3625 754 3696 Μνηστείαν
813 3636 897 3681 τις
953 3613 1323 3680 συνεστήσατο
1378 3606 1470 3658 ἐπί
1524 3619 1629 3656 τινι

87 3733 200 3801 όρῃ
225 3745 241 3760 ο
279 3727 450 3796 μήπω
480 3721 535 3772 δέ
553 3695 667 3770 τῶν
693 3712 980 3782 γαμηλίων
1011 3705 1099 3758 ἐπ’
1130 3703 1317 3762 αὐτοῖς
1349 3695 1634 3750 τελεσθέν-

79 3787 244 3885 uero
275 3787 525 3888 μν-ηστὴρ
558 3805 870 3874 συνεφθάρη
898 3803 963 3870 τῇ
994 3796 1196 3864 ἀδελφῇ
1228 3793 1326 3859 τῆς
1359 3787 1631 3859 μνηστῆς,

78 3933 126 3978 λς
171 3875 382 3976 ἐγέυοᾷ
418 3875 633 3968 ἐκείνην
693 3893 978 3964 γενὲσοαῦ
1023 3886 1196 3940 Τοῦτο
1247 3883 1356 3952 γάρ
1415 3883 1532 3931 ἐστι
1574 3875 1637 3928 τὺ

85 3968 403 4069 πιφορήσαι
461 3992 652 4057 αὑτήν.
708 3981 842 4037 Εἶτα
888 3983 915 4034 ὁ
968 3979 1109 4047 ἀνὴρ
1146 3978 1322 4042 ἔγημε
1369 3968 1466 4038 τὴν
1503 3984 1640 4035 μνη-

78 4055 675 4162 ·ςὴν,.ή’φθαρεῖσα-δ“ε
705 4072 1012 4144 ἀπήγξατο.
1053 4066 1208 4119 Κατὰ
1256 4062 1366 4114 τῶν
1412 4055 1644 4111 συνειδό-

85 4207 165 4237 ων
203 4181 299 4234 οὖν
340 4178 438 4247 τὴν
473 4176 674 4229 ἄτοπον
716 4168 924 4234 ταύιην
963 4159 1162 4228 πρᾶξιν
1217 4151 1477 4209 δεκαετία
1513 4146 1644 4217 ὠρί-

78 4279 165 4345 τθτζ
221 4274 369 4329 Circa
397 4266 593 4326 αὖτοὺς
623 4259 826 4326 ταύτης
862 4249 1240 4323 παρελθούσης
1281 4244 1536 4312 δεχθῆναι
1565 4240 1644 4299 εἰς

84 4372 190 4429 οὺς
265 4357 637 4417 συνεστῶτας.
692 4353 752 4403 Ὀ
803 4349 860 4400 δὲ
911 4345 1002 4398 τοῦ
1073 4338 1310 4411 μεγάλου
1361 4330 1644 4386 Βασιλείου

83 4455 477 4525 ϐδομηκοστὺς
524 4447 711 4514 ὄγδοος
759 4437 962 4499 κανὼν,
1013 4433 1103 4486 τδν
1159 4430 1254 4482 δύο
1283 4424 1519 4492 ἀδελφὰς
1568 4423 1646 4479 εἰς

88 4550 414 4604 υνοικέαιον
452 4539 796 4608 ἀγαγόμενον
824 4532 964 4584 κατά
988 4527 1146 4580 ἄλλον
1177 4521 1271 4574 καὶ
1320 4519 1479 4572 ἄλλον
1522 4519 1648 4584 χρό-

78 4665 175 4706 ου,
203 4639 465 4694 ἐνιαυτὸν
501 4606 866 4700 -προσκλαίειν
897 4619 1091 4688 ὁρίζει,
1124 4614 1215 4665 δύο
1269 4609 1311 4662 δ’
1375 4606 1650 4675 ἐπακροᾶ-

87 4739 220 4798 Dat,
256 4731 412 4801 τρεῖς
446 4721 800 4778 ὑποπίπτειν,
833 4710 909 4780 τῷ
942 4707 1156 4775 ὲὸδόμῳ
1186 4699 1510 4754 συνίσταθαι
1542 4697 1654 4753 τοῖς

78 4829 316 4886 ειστοῖς,
346 4820 438 4873 καὶ
471 4815 613 4870 ὀῦτω
644 4812 742 4879 τῆς
771 4803 1086 4876 προσφορᾶς
1115 4789 1528 4858 καταξιοῧσθαι,
1562 4789 1656 4839 ἐὰν

812 4913 900 4965 σῃ.
937 4893 1093 4944 Εἴποι
1146 4887 1239 4939 οὖν
1288 4884 1352 4936 ἄν
1398 4899 1501 4942 τις,
1538 4879 1658 4938 Πῶς

105 4921 217 4974 ετα
244 4913 507 4983 δακρύων
567 4903 804 4975 μετανοή

1439 4971 1660 5023 συνόδου

88 5007 324 5064 νταῦθα
356 4998 658 5072 βαρύτερον
710 4989 834 5049 τοὺς
879 4981 1188 5039 συνειδότας
1218 4976 1267 5027 οἱ
1294 4977 1392 5042 τῆς

91 5103 394 5158 κόλασανς
429 5088 596 5159 Οἶμαι
635 5084 812 5136 τοίνυν
854 5079 939 5129 ὃττ
977 5073 1105 5124 ἔνθα
1129 5068 1222 5122 δύο
1250 5064 1483 5132 ἀδελφάς
1516 5064 1542 5114 ὀ
1571 5061 1665 5154 0.5-.

93 5131 356 5158 XVI-uua:
381 5136 394 5157 ,
431 5131 596 5159 υηη-
1392 5131 1400 5132 7

78 5199 166 5256 ὡς
218 5193 304 5252 εἰς
346 5188 525 5254 γάμον
551 5181 766 5246 ἄγεται,
800 5161 1206 5238 ἀθεμιτογαμίᾳ
1239 5159 1375 5228 μόνῃ
1413 5131 1667 5223 πλημμεέ

78 5289 262 5339 κεῖται
293 5297 308 5308 ·
356 5278 448 5328 ἐπὶ
490 5273 545 5324 δὲ
587 5270 680 5336 τῆς
718 5260 1001 5332 παρούσης
1042 5252 1348 5310 ὑποθέσεως
1395 5245 1565 5298 πολλά
1599 5248 1668 5296 τᾱι

78 5370 441 5441 ;νι).;).ηοἐντα
473 5358 636 5429 ἦσαν,
662 5353 836 5422 φθορά
863 5349 962 5419 τῆς
1006 5343 1301 5411 παρθένου,
1336 5338 1668 5402 ἁθεμιτογα-

78 5472 212 5540 uia,
244 5467 323 5525 ὼς
351 5460 444 5512 δύο
466 5452 717 5520 ἀδελφαῖς
747 5447 840 5498 τοῦ
869 5439 1032 5495 αὑτοῦ
1061 5435 1370 5506 μιχθέντος,
1391 5431 1482 5482 καὶ
1513 5429 1674 5496 φόνος

894 5538 902 5540 ’
1208 5529 1218 5540 ¹
1272 5527 1292 5540 ⁸
1332 5525 1342 5540 ⁵
1456 5522 1474 5530 ⁸.
1493 5539 1511 5540 7
1529 5539 1538 5540 ε
1580 5521 1603 5540 ο
1621 5538 1641 5540 η

78 5570 146 5616 ἐκ
185 5560 296 5627 τῆς
333 5553 511 5610 αἰτίας
543 5543 747 5610 ταύτης
781 5538 1096 5606 γενόμενος,
1135 5529 1231 5580 καὶ
1267 5525 1356 5579 διὰ
1388 5522 1547 5576 τοῦτο
1579 5521 1676 5590 βα-

78 5656 334 5727 ρύτερον
365 5641 574 5712 ὡρίσθη
608 5637 666 5688 τὺ
698 5631 995 5697 ἐπιτίμιον.

78 5712 327 5803 λυιὲίι
389 5756 407 5787 ι
452 5733 632 5801 Κόρην
664 5727 742 5786 τίς
801 5738 939 5780 τινος
990 5712 1461 5787 μνηστευσάμενος
1513 5724 1682 5777 προσ-

169 5858 191 5890 (
241 5833 462 5902 εξίλάρη
491 5829 556 5894 τῇ
580 5820 781 5887 ἀδελφῇ
815 5812 951 5880 αύτῆ
969 5830 1006 5872 _:,
1035 5807 1151 5861 εἶτα
1178 5809 1275 5877 τὴν
1301 5798 1542 5875 μνηστὴν
1563 5799 1684 5852 ἐλα-

406 5927 678 5982 ΡΔιειυι..
714 5924 829 5981 (in.
854 5901 1215 5977 CXXXVII.

1053 377 1132 437 IN
1168 376 1331 435 CAN.
1377 373 1564 433 XXIV
1604 365 1812 428 CONC.
1855 365 2115 428 ANCYB.

3114 351 3250 418 1194

1758 497 1776 530 ι
1819 489 2068 548 sluprutu
2102 484 2222 530 erat
2246 473 2455 526 illatum
2493 486 2551 526 se
2580 468 2888 527 sulfocavit.
2913 465 3017 533 Qui
3049 467 3252 521 conscit

1764 589 1780 620 ι
1827 569 2062 631 fuerant,
2110 567 2249 634 jussi
2311 573 2440 620 sunt
2479 563 2746 617 decennio
2799 562 2939 615 inter
2985 573 3106 622 eos,
3163 559 3253 626 qui

1766 681 1782 712 ι
1827 662 2160 720 consistunt,
2197 656 2386 725 recipi,
2416 669 2512 724 per
2541 651 2744 723 gradus
2771 649 3041 705 definitos.
3087 668 3107 698 ι

1761 752 1952 807 BALS.
1998 752 2071 804 Ex
2126 749 2268 802 facto
2298 747 2532 817 quodam
2589 742 2722 797 moti
2777 751 2904 796 sunt
2949 732 3158 803 Patred',
3199 748 3260 793 ut

1691 855 2016 916 pta-sentem
2043 855 2308 895 canonem
2343 839 2584 893 ederent.
2617 835 2707 889 Eis
2751 834 2895 887 enim
2945 833 3254 886 nuntiatum

1687 949 1768 995 est
1801 936 2092 1007 quemdam
2127 933 2427 997 hominem,
2455 932 2541 984 cui
2576 927 2752 998 puella
2795 935 2915 980 erat
2961 924 3258 992 desponsa,

1691 1046 1934 1086 sororem
1961 1028 2082 1096 ejus
2118 1035 2531 1095 constuprassc,
2577 1031 2635 1076 ut
2665 1022 2754 1075 illa
2809 1021 2974 1073 etiam
3004 1032 3067 1072 ex
3112 1031 3180 1070 co
3207 1016 3262 1067 iu

1693 1132 1850 1174 utero
1932 1120 2246 1188 conciperet
2321 1115 2497 1184 (illud
2579 1114 2724 1168 enim
2807 1108 3078 1180 signiticat
3163 1123 3265 1177 νοτ

1693 1212 2079 1282 ἐπιφορῆσαι),
2105 1219 2157 1264 et
2188 1221 2375 1278 posma
2403 1204 2734 1258 matrimonii
2761 1205 3023 1257 societate
3047 1199 3265 1271 sponsa:

1696 1321 1810 1361 sua:
1845 1305 2171 1374 Cunjunctus
2199 1312 2301 1354 est.
2336 1299 2466 1367 Ejus
2503 1305 2685 1351 autem
2739 1310 2915 1359 soror,
2949 1309 3071 1347 cum
3123 1294 3269 1346 incc-

1696 1410 1813 1453 stus
1838 1397 2085 1460 crimine,
2113 1392 2214 1447 sibi
2241 1391 2340 1460 ipsi
2366 1398 2592 1445 mortem
2622 1387 2909 1442 conscivit.
2935 1385 3272 1440 Detinierunt

1699 1507 1853 1561 ergo,
1915 1496 1972 1542 ut
2030 1488 2122 1556 qui
2174 1489 2366 1540 horum
2434 1483 2700 1535 malorum
2762 1481 2979 1534 fuerant
3033 1479 3272 1539 conscii,

1699 1591 1825 1653 post
1847 1581 2170 1636 decennium
2196 1577 2340 1646 quod
2367 1576 2598 1629 debebat
2630 1589 2724 1643 per
2747 1571 2949 1640 gradus
2979 1578 3274 1623 consuetos

1702 1674 2019 1741 procedere,
2057 1673 2124 1726 ad
2161 1671 2464 1724 oralionem
2502 1680 2608 1718 una
2645 1680 2767 1719 cum
2798 1662 3048 1716 fidelibus
3079 1659 3278 1714 admit-

1703 1772 1970 1818 terentur.
2031 1760 2109 1813 Ne
2157 1759 2253 1812 tibi
2305 1767 2485 1818 autem
2544 1752 2632 1806 his
2683 1751 2992 1804 contrarius
3031 1748 3278 1802 videatur

1703 1870 1880 1911 canon
1920 1853 1989 1907 78
2039 1849 2214 1905 sancti
2263 1846 2472 1910 Basilii,
2523 1844 2844 1905 decernens,
2895 1849 3017 1908 post
3071 1847 3276 1906 septem

1707 1961 1885 2002 annos
1919 1944 2229 1998 divinorum
2278 1945 2744 1994 sacramentorum
2794 1933 3142 2001 perceptione
3194 1931 3279 1982 fli-

1707 2055 1873 2110 gnum
1904 2037 2088 2092 haberi
2118 2050 2266 2098 eum,
2303 2031 2392 2100 qui
2426 2030 2670 2099 legitimo
2701 2025 3048 2080 matrimonio
3071 2022 3281 2076 duabus

1709 2130 1990 2186 sororibus
2029 2124 2360 2194 conjunctus
2398 2129 2501 2173 est.
2539 2116 2641 2170 llic
2669 2115 2815 2168 cnim
2851 2112 3020 2165 multa
3069 2108 3282 2163 nefaria

1710 2225 2003 2279 commissa
2032 2227 2200 2273 sunt:
2232 2212 2548 2274 fornicatio,
2588 2208 2837 2263 illicitum
2869 2203 3279 2258 matrimonium

1709 2327 1762 2373 ct
1790 2316 1967 2370 caedes
1997 2329 2012 2378 ;
2066 2311 2180 2364 illic
2206 2316 2408 2369 autem,
2443 2312 2653 2378 tantum
2695 2298 2965 2354 nefarium
3004 2295 3287 2348 matrimo-

1713 2412 1885 2464 nium.
1917 2405 1983 2459 Et
2014 2412 2300 2472 propterea
2330 2381 2544 2468 gravior
2574 2394 2663 2447 hic
2713 2404 2876 2459 pmna
2927 2388 3146 2440 decreta
3179 2393 3280 2438 est.

1712 2495 2138 2568 lnterrogaverit
2168 2499 2350 2545 autem
2385 2483 2659 2557 quispiam
2686 2501 2698 2537 :
2731 2481 2841 2536 Cur
2863 2480 2922 2544 ii,
2954 2477 3045 2547 qui
3078 2477 3286 2531 conscii

1716 2599 1866 2656 sunt,
1894 2603 2048 2648 atque
2081 2584 2403 2655 puniuntur,
2433 2593 2496 2631 ac
2521 2578 2620 2646 ipsi
2659 2571 2912 2629 actores?
2969 2570 3202 2624 Salutio.
3233 2567 3288 2619 In

1718 2682 1924 2738 illicitis
1955 2695 2016 2734 ac
2047 2674 2272 2731 nefariis
2313 2668 2524 2735 nuptiis
2571 2664 2740 2735 magis
2777 2661 2958 2732 puniri
3002 2660 3202 2714 debent
3231 2657 3291 2719 ii,

1717 2775 1809 2845 qui
1843 2779 1970 2828 sunt
1997 2767 2231 2832 conscii,
2262 2777 2425 2834 quam
2455 2759 2545 2830 qui
2572 2767 2762 2826 agunt.
2789 2755 2899 2806 Hos
2919 2751 3061 2805 enim
3087 2748 3291 2803 amoris

1722 2843 2064 2933 impotentia,
2101 2872 2243 2927 saepe
2282 2855 2445 2908 etiam
2484 2850 2755 2910 nolentes,
2804 2845 2870 2898 ad
2907 2844 2959 2897 id
3013 2843 3160 2910 quod
3215 2848 3300 2892 cst

1723 2956 1972 3011 illicitum
2029 2950 2406 3013 nefariuntque
2455 2937 2675 2994 deducit
2728 2955 2741 2990 :
2798 2936 2906 2987 illis
2955 2943 3134 2986 autem
3189 2943 3295 2981 non

1725 3056 1807 3103 est
1835 3044 2014 3100 danda
2049 3040 2227 3102 venia,
2261 3036 2353 3104 qui
2384 3032 2590 3100 absque
2623 3027 2730 3080 ulla
2762 3024 2920 3096 40],
2974 3019 3303 3075 necessitate

1501 3149 1619 3210 ότες
1649 3148 1691 3207 c
1729 3137 1869 3192 man
1906 3133 2168 3187 auxilium
2202 3127 2410 3189 tulere;
2440 3130 2491 3176 et
2524 3121 2663 3173 bene
2706 3130 2891 3170 secum
2941 3118 3124 3164 actum
3181 3120 3305 3162 esse

1725 3226 2063 3285 existiment,
2095 3217 2239 3288 quod
2270 3231 2376 3269 non
2411 3209 2582 3279 magis
2626 3219 2790 3276 quam
2846 3203 2882 3257 ii
2912 3201 3002 3271 qui
3060 3199 3308 3253 fecerunt

1727 3320 2049 3391 puniantur.
2082 3312 2222 3367 Sunt
2256 3318 2436 3362 autem
2468 3299 2675 3356 conscii
2707 3298 2766 3360 ii,
2812 3297 2906 3365 qui
2941 3308 3103 3362 opera
3150 3291 3308 3359 juve-

1731 3421 1893 3477 runt;
1926 3425 2032 3463 non
2060 3416 2237 3460 autem
2266 3402 2327 3465 ii,
2354 3399 2446 3468 qui
2470 3395 2639 3450 solam
2662 3389 2864 3444 habent
2886 3383 3306 3445 conscientiam,

1731 3517 1785 3564 et
1827 3504 2117 3573 prohibere
2147 3503 2445 3566 nequeunt.

1803 3567 2060 3652 iONAR.
2097 3591 2379 3659 Desponsa
2418 3586 2596 3639 fuerat
2648 3578 2865 3637 cuidam
2919 3572 3121 3643 puella,
3149 3567 3312 3635 cujus

1735 3705 1980 3749 sororem
2014 3684 2219 3754 nuptiis
2246 3679 2487 3734 nondum
2523 3673 2761 3746 peractis
2785 3681 3021 3736 sponsus
3072 3663 3310 3721 vitiavit,

1738 3800 1859 3856 qua:
1885 3783 2050 3837 etiam
2082 3792 2144 3831 ex
2180 3775 2273 3829 illo
2306 3770 2602 3826 concubitu
2654 3762 2874 3834 gravida
2920 3759 3060 3813 facta
3103 3763 3207 3810 est.
3235 3754 3314 3822 (ΙιΙ

1738 3844 1881 3931 enim
1913 3869 2181 3940 significat
2215 3863 2438 3917 verburu
2484 3851 2869 3924 ἐπιφορήσω.)
2907 3849 3175 3918 Sponsam
3219 3844 3315 3895 dc-

1742 3965 1866 4018 inde
1897 3966 1978 4015 vir
2011 3960 2131 4026 ejus
2163 3952 2439 4014 traduxit;
2475 3963 2596 4018 qua:
2628 3961 2753 3999 vero
2790 3946 2968 3995 fuerat
3014 3937 3200 3991 vitiata
3255 3947 3313 3986 se

1745 4051 2054 4113 suffocavit.
2085 4047 2288 4101 Contra
2324 4042 2490 4111 igitur
2517 4035 2721 4106 indigni
2775 4030 3036 4086 facinoris
3067 4023 3320 4078 conscios

1743 4142 1997 4203 decennii
2041 4152 2200 4210 pinna
2229 4134 2562 4192 constituta;
2607 4139 2715 4195 quo
2767 4121 2985 4175 demum
3027 4117 3213 4182 elapso
3267 4111 3320 4162 in

1747 4239 1990 4295 ﬁdelium
2023 4235 2355 4286 conventum
2385 4220 2780 4289 reciperentur.
2825 4210 3004 4280 Magni
3037 4221 3164 4261 vero
3217 4203 3320 4256 Ba-

1749 4331 1857 4386 silii
1889 4321 2328 4396 scptuagesimus
2348 4326 2575 4370 octavus
2600 4323 2802 4371 canon,
2825 4303 2921 4374 qui
2946 4301 3082 4356 duas
3108 4309 3325 4352 sorores

1753 4426 1971 4480 diverso
2002 4429 2245 4486 tempore
2273 4408 2515 4471 duxerit,
2552 4388 2671 4456 uno'
2697 4413 2841 4454 anno
2886 4399 2940 4449 iu
2989 4395 3136 4447 luctu
3165 4402 3288 4442 esse
3309 4427 3324 4451 ,

1607 4487 1970 4570 5-Dduobus
2022 4511 2163 4564 inter
2221 4501 2541 4560 audientes,
2602 4493 2779 4547 tribus
2848 4488 2902 4541 in
2961 4480 3330 4538 substratione

1755 4611 1980 4679 degere,
2040 4601 2274 4672 septimo
2307 4597 2361 4649 in
2390 4588 2730 4647 consortium
2799 4582 3041 4636 fidelium
3085 4572 3330 4636 admitti,

1756 4717 1808 4759 et
1841 4704 1944 4765 sic,
1978 4701 2021 4752 si
2059 4710 2180 4749 cum
2214 4686 2475 4758 lacrymis
2523 4677 2900 4752 paenitentiam
2952 4669 3145 4740 egerit,
3177 4665 3331 4720 obla-

1761 4756 2186 4854 tione’dignutn
2244 4756 2432 4833 haberi
2496 4771 2671 4841 jubet.
2703 4767 2922 4832 Quan'ct
2966 4761 3130 4829 igitur
3180 4756 3335 4826 quis-

1762 4887 1956 4954 piam:
1999 4879 2107 4930 Cur
2153 4873 2207 4926 in
2259 4885 2376 4929 eos,
2421 4868 2513 4935 qui
2561 4858 2767 4916 conscii
2825 4855 3059 4910 fuerant,
3114 4846 3338 4918 gravius

1766 4939 1868 5026 iioc
1902 4969 2020 5020 loco
2056 4959 2253 5032 synodi
2289 4958 2478 5009 Patres
2509 4939 3039 5004 animadverterint?
3073 4939 3182 5008 Ego
3210 4949 3338 4989 vero

1766 5071 2053 5133 propterea
2081 5054 2131 5106 id
2166 5051 2366 5104 factum
2393 5043 2668 5103 existimo,
2695 5035 2840 5105 quod
2866 5034 2958 5102 qui
2995 5024 3340 5084 tnatrimonio

1771 5119 1906 5208 duas
1939 5148 2041 5202 sibi
2074 5157 2295 5199 sorores
2323 5137 2522 5208 jungit,
2555 5133 2608 5187 in
2640 5146 2706 5185 eo
2755 5137 2990 5194 tantum,
3044 5119 3190 5189 quod
3233 5131 3344 5170 ve-

1774 5246 1887 5300 titis
1947 5255 2006 5294 se
2068 5235 2273 5305 nuptiis
2323 5226 2648 5296 alligaverit,
2704 5226 2892 5289 peccat
2939 5230 2955 5268 :
3006 5206 3346 5281 inpraeseuti

1777 5347 1955 5392 autem
1994 5332 2142 5385 facto
2174 5324 2344 5380 multa
2374 5320 2582 5376 scelera
2613 5316 2869 5375 inerant;
2899 5307 3049 5376 virgo
3072 5308 3345 5370 stuprata,

1777 5428 1981 5499 nuptiae
2035 5420 2280 5482 nefariae,
2350 5429 2476 5468 cum
2531 5409 2745 5464 duabus
2802 5402 3014 5458 scilicet
3063 5395 3348 5452 sororibus

1779 5523 1979 5581 coitus,
2021 5527 2135 5569 tum
2163 5507 2360 5567 exinde
2404 5517 2625 5572 quoque
2665 5507 2854 5554 secuta
2887 5499 3099 5553 caedes;
3143 5484 3349 5541 idcirco

1781 5610 2124 5684 gravioribus
2152 5603 2327 5673 pinnis
2350 5600 2476 5664 jure
2508 5594 2748 5648 damnati
2786 5594 2936 5643 sunt.

1784 5681 2012 5758 λιιιδΤ.
2048 5717 2064 5748 ι
2108 5693 2339 5760 Quidam
2373 5705 2495 5743 cum
2533 5686 2764 5754 puellam
2792 5681 3204 5746 desponsassu,
3261 5687 3353 5725 so—

1874 5813 1892 5844 ι
1929 5804 2105 5847 rorem
2141 5787 2261 5855 ejus
2301 5780 2542 5848 Violavit,
2572 5774 2766 5833 deinde
2808 5784 3067 5842 sponsam
3123 5765 3349 5833 accepit.
