4164 6426
93 427 186 489 ερτ

1072 425 1156 485 ΙΝ
1201 426 1366 485 CAN.
1417 425 1471 484 Il
1502 423 1712 486 CONC.
1756 425 2193 486 NEOCESAR.

3157 414 3290 479 1198

119 541 309 595 ΒΛΛΣ.
351 540 412 594 '0
439 538 795 604 ἀποστολικὸς
842 538 936 606 κς⁹
987 543 1167 595 κανὼν
1206 544 1330 604 τοὺς
1378 543 1472 594 τοῦ
1533 543 1626 613 βή-

1806 543 1999 598 BALS.
2037 541 2383 613 Apostolicns
2412 554 2586 595 canon
2632 538 2702 594 26
2733 552 2848 602 cos,
2898 536 2989 605 qui
3037 547 3168 591 sunt
3203 552 3296 592 ec-

74 651 237 694 ιατος,
288 634 728 700 συναπτομένους
794 633 931 702 μετὰ
977 633 1076 702 τὴν
1129 635 1467 703 χεροτονὶαν
1522 652 1622 702 γυ-

74 725 188 788 ιαιξὶ
222 724 358 776 κατὰ
390 724 552 792 νόμον
594 724 796 792 γάμου,
830 723 1211 791 καθαιρεῖσθαι
1249 725 1618 780 διατάττεται.

74 816 155 866 ἰαὶ
209 816 235 864 ὁ
279 813 468 881 παρὼν
514 813 696 865 κανὼν
729 815 1047 882 παρομοίως
1110 814 1256 881 αὑτῷ
1304 813 1618 882 διορίζεται.

79 905 284 969 [ἐτεά-,ἐι
331 906 386 958 δὲ
429 907 536 970 ὅτι,
575 907 668 958 ἐάν
695 923 775 969 τις
815 907 872 971 ἐξ
917 906 1095 959 αὐτῶν
1125 907 1402 980 πορνεύσῃ
1433 907 1465 976 ἢ
1501 924 1622 975 μοι·

74 999 235 1068 ςειὶσῃ,
268 999 328 1048 οὐ
357 999 519 1065 μόνον
545 999 1028 1069 καθαιρεθήσεται,
1066 998 1200 1053 ἀλλὰ
1235 999 1450 1068 καὶτῆς
1484 1000 1623 1067 μετὰ

81 1091 152 1138 sz
178 1090 387 1141 πιστῶν
442 1091 730 1152 κοινωνίας
773 1091 1198 1161 ἐκϐληθήσεται,
1235 1093 1326 1143 καὶ
1377 1091 1624 1157 ἀναγκα-

74 1181 308 1246 ηθήσεται
338 1185 461 1244 τοὺς
491 1183 765 1252 τέσσαρας
795 1182 994 1246 τόπους
1033 1183 1133 1252 τῆς
1168 1182 1454 1251 μετανοίας
1487 1181 1627 1233 διελ-

82 1277 182 1334 εῖν,
211 1274 300 1325 καὶ
336 1272 479 1325 οῦτω
518 1276 812 1342 μετασχεῖν
868 1275 977 1325 τῶν
1029 1273 1190 1326 θείων
1240 1274 1624 1342 ἀγιασμάτων.

74 1366 122 1414 ’ἅ
155 1363 285 1434 περὶ
320 1363 524 1416 τούτων
571 1365 629 1416 δὲ
666 1364 1017 1436 ἀνῃρέθησαν
1048 1365 1154 1417 ἀπὸ
1176 1364 1269 1418 τοῦ
1298 1364 1380 1428 κζ’
1405 1367 1626 1429 κανόνος

74 1456 137 1522 ἧς
162 1457 220 1506 ὲν
258 1455 580 1525 Καρθαγένῃ
612 1458 855 1521 συνόδου,
883 1458 975 1508 καὶ
1001 1457 1110 1510 ἀπὸ
1153 1457 1249 1510 τοῦ
1287 1457 1364 1527 λβ¹
1402 1459 1626 1521 κανόνος

74 1548 134 1597 οῦ
173 1548 410 1615 μεγάλου
456 1547 770 1613 Βασιλείου,
799 1547 1078 1614 λέγοντος·
1113 1549 1175 1600 Οἱ
1205 1549 1305 1617 τὴν
1357 1550 1498 1618 πρὶς
1529 1550 1627 1602 θά-

74 1655 203 1690 ατον
243 1638 519 1707 ἁμαρτίαν
548 1639 964 1708 ἁμαρτάνοντες
988 1639 1246 1709 κληρικοὶ
1277 1639 1372 1690 τοῦ
1411 1639 1625 1708 βαθμοῦ

81 1733 413 1798 ατάγονται·
471 1731 568 1799 τῆς
637 1730 924 1792 κοινωνίας
981 1730 1038 1782 δὲ
1099 1730 1210 1783 τῶν
1277 1731 1482 1786 λαῐκὼν
1529 1732 1654 1784 ούκ-

74 1825 402 1892 ξείργονται.
441 1823 515 1874 Ού
543 1821 652 1891 γάρ
685 1821 998 1890 ἐκδικήσεις
1025 1821 1106 1885 δίς
1131 1823 1225 1874 ἐπὶ
1253 1821 1313 1874 τὸ
1339 1822 1493 1876 αύτό.

1723 634 2016 688 clesiastici
2063 633 2296 695 ordinis,
2347 631 2394 685 si
2462 628 2703 698 legitimo
2776 626 3128 682 matrimonio
3177 636 3297 694 post

1725 725 2126 779 ordinationem
2149 723 2571 793 conjungantur,
2602 720 2796 789 deponi
2833 719 3006 788 jubet.
3047 716 3297 773 Praesens

1723 833 1940 888 quoque
1958 830 2132 869 canon
2149 817 2195 868 ei
2213 813 2464 870 similiter
2481 812 2742 866 decernit.
2766 811 3064 881 Subjungit
3081 822 3260 865 autem
3281 827 3296 864 :

1725 910 1881 976 Quod
1917 909 1960 962 si
1994 909 2118 978 quis
2147 923 2209 962 ex
2247 907 2326 962 eis
2367 905 2676 959 fornicatus
2720 903 2902 968 fuerit,
2951 905 3036 958 vel
3087 903 3301 958 adulte-

1725 1000 1865 1052 rium
1900 997 2257 1058 commiserit,
2293 1011 2400 1050 non
2426 995 2603 1050 solum
2636 994 2960 1062 deponetur,
3006 994 3102 1050 sed
3135 995 3298 1077 etiam

1726 1109 1755 1148 a
1796 1093 2033 1148 fidelium
2072 1091 2457 1146 communione
2484 1090 2756 1160 ejicietur,
2804 1099 2858 1143 ct
2900 1098 3136 1160 quatuor
3179 1103 3302 1158 p03-

1724 1187 1968 1242 nitentize
1998 1185 2113 1240 loca
2146 1184 2442 1255 pervadere
2485 1192 2729 1252 cogetur;
2779 1191 2832 1236 et
2878 1181 2959 1236 sic
3005 1196 3127 1236 esse
3157 1181 3301 1236 divi-

1727 1276 1922 1334 norum
1963 1285 2432 1334 saczamcntorum
2475 1275 2772 1344 particeps.
2811 1275 2943 1338 Quae
2979 1281 3160 1326 autem
3196 1272 3304 1325 hoc

1726 1385 1938 1424 canone
1995 1369 2390 1429 continentur,
2443 1367 2656 1420 sublata
2681 1373 2811 1419 sunt
2871 1378 2900 1418 a
2964 1377 3178 1418 canone
3230 1364 3298 1415 ‘27

1727 1459 2179 1530 Carthaginiensis
2239 1457 2434 1528 synodi
2518 1467 2573 1512 et
2633 1473 2662 1509 a
2722 1472 2933 1512 canona
2992 1455 3062 1511 32
3119 1456 3300 1527 magni

1731 1551 1936 1614 Basilii,
1968 1551 2200 1604 dicentis
2235 1567 2247 1602 :
2281 1549 2500 1611 Clerici,
2541 1547 2633 1617 qui
2689 1556 2974 1617 peccatum
3026 1546 3171 1617 quod
3217 1557 3304 1602 est

1727 1647 1794 1700 ad
1829 1654 2059 1698 mortem
2114 1651 2360 1714 peccant,
2411 1659 2441 1698 e
2497 1646 2668 1713 gradu
2722 1643 3091 1710 dejiciuntur:
3127 1642 3220 1699 sed
3270 1657 3302 1697 a

1729 1735 1990 1788 laicorum
2042 1735 2433 1787 communione
2484 1750 2589 1788 non
2645 1741 2921 1789 arcentur.
2979 1733 3097 1787 Non
3151 1733 3298 1788 enim

1727 1826 2033 1880 vindicabis
2061 1827 2143 1881 bis
2177 1826 2230 1880 in
2266 1826 2526 1895 idipsum.
2688 1831 2721 1852 ί

117 1917 363 1971 ΖΩΝΑΡ.
411 1916 542 1970 Ἐὰν
588 1913 768 1982 γάμον
812 1914 1046 1983 νομιμόν
1088 1913 1229 1985 τάχα
1256 1915 1437 1984 ἑαυτῷ
1485 1895 1655 1985 πρε-ί

1797 1917 2050 1972 ΖΟΝΑΒ.
2083 1918 2140 1971 Si
2178 1918 2458 1973 mulierem
2495 1919 2635 1973 forte
2672 1919 2928 1988 legitimis
2957 1920 3162 1989 nuptiis
3194 1919 3298 1974 sibi

78 2010 307 2079 ὀύτερος
335 2008 666 2079 συναλλάξῃ,
696 2005 1050 2075 μετατίθεται
1073 2009 1172 2075 τῆς
1198 2006 1405 2072 τάξεως
1434 2007 1621 2070 αὑτοῦ,

79 2102 167 2152 ντὶ
215 2099 332 2159 τοῦ,
381 2098 701 2151 ἐκϐάλλεται
737 2096 837 2164 τῆς
890 2096 1231 2167 ἱερωσύνηςο
1275 2097 1624 2165 καθαιρεῖται

87 2193 176 2259 ip.
217 2191 340 2241 Ἐὰν
375 2189 431 2241 δὲ
467 2187 800 2257 πορνεύσῃῆ
833 2187 1120 2258 μοιχεύσῃ,
1151 2188 1374 2251 τελείως
1406 2189 1624 2254 ἐξωθεῖ-

75 2283 253 2348 αιτῆς
281 2280 638 2350 Ἐκκλησίας,
690 2280 783 2331 καὶ
829 2281 909 2342 είς
967 2279 1378 2350 μετανοούντων
1425 2281 1622 2349 ἄγεται

74 2375 228 2434 ἀπο-ι,
277 2372 416 2422 ὣστε
465 2369 839 2438 προσκλαίειν,
888 2370 984 2422 καὶ
1031 2370 1361 2439 ἀκροᾶσθαι,
1405 2371 1498 2423 καὶ
1555 2372 1626 2424 τὰ

74 2465 211 2515 οιπὰ
245 2463 618 2532 ἀναπληροῦν.
640 2461 701 2516 Ὀ
727 2462 784 2513 δὲ
826 2463 998 2530 μέγας
1030 2461 1305 2526 Βασίλειος
1333 2463 1392 2516 ὲν
1415 2459 1493 2532 λβ⁹
1527 2481 1628 2515 κα-

75 2558 160 2609 όνι
215 2555 387 2608 ταῦτα
451 2555 600 2620 λέγει
662 2555 878 2622 ῥητῶς·
938 2555 1002 2605 Οἱ
1056 2555 1154 2624 τὴν
1208 2555 1346 2625 πρὸς
1394 2555 1626 2610 Θάνατον

85 2649 323 2718 μαρτίαν
356 2647 765 2716 ἁμαρτάνοντες
796 2645 1050 2714 κληρικοὶ
1076 2645 1171 2698 τοῦ
1212 2646 1422 2716 βαθμοῦ
1456 2648 1626 2700 κατά-

83 2759 235 2793 ονται
263 2757 276 2770 ·
309 2740 407 2809 τῆς
441 2738 728 2798 κοινωνίας
751 2737 807 2791 δὲ
838 2737 948 2789 τῶν
983 2736 1188 2790 λαῖκῶν
1215 2739 1316 2792 οὐκ
1351 2739 1624 2809 ἐξείργονο

77 2852 157 2886 αι.
191 2835 264 2884 0-3
297 2819 406 2902 γᾶρ
436 2832 742 2899 ἐκδικήσεις
765 2830 846 2892 δὶς
881 2831 974 2881 ἐπὶ
1003 2830 1064 2882 τὸ
1094 2829 1246 2884 αὑτό.
1273 2830 1352 2884 Τὰ
1401 2831 1540 2884 αὐτὰ
1567 2831 1624 2883 δὲ

78 2928 126 2993 ᾧ
161 2925 386 2995 μεγάλῳ
431 2924 700 2992 Βασιλείῳ
744 2924 834 2975 καὶ
876 2924 909 2992 ἡ
957 2925 1014 2974 ὲν
1047 2923 1377 2995 Καρθαγένῃ
1409 2923 1626 2988 σύνοδος

77 3019 391 3069 ιατάττεται
426 3019 482 3069 ὲν
533 3018 616 3079 κζ’
653 3016 843 3068 κανόνι
883 3015 1074 3081 αὐτῆς.
1113 3014 1386 3084 Ζητητέον
1419 3011 1512 3069 οῦν
1556 3019 1626 3068 τά

75 3111 168 3160 κεῖ
189 3109 476 3178 εἰρημένα.
511 3104 681 3175 Οἶμαι
712 3105 769 3160 δὲ
800 3105 892 3159 τὸν
923 3104 1019 3157 τοῦ
1055 3106 1297 3174 μεγάλου
1332 3106 1621 3161 Βασιλείον

1727 2010 2014 2080 presbyter
2039 2010 2332 2078 copularit.
2365 2011 2570 2063 moveri
2602 2010 2813 2073 ordine,
2845 2011 2946 2065 hoc
2980 2019 3084 2076 est,
3118 2026 3302 2065 sacer-

1727 2100 1861 2155 dotii
1923 2102 2187 2170 dignitate
2243 2102 2443 2172 privari
2518 2102 2866 2171 (depositioni
2952 2102 3000 2158 is
3066 2117 3302 2170 namque

1725 2191 1992 2246 obnoxius
2014 2191 2128 2261 est)
2163 2194 2291 2246 :sin
2322 2201 2501 2248 autem
2537 2202 2730 2263 stupro
2784 2209 2841 2248 se
2891 2202 2986 2248 aut
3033 2194 3302 2250 adulterio

1729 2282 2000 2352 polluerit,
2036 2283 2104 2336 ab
2151 2282 2383 2337 ecclesia
2421 2298 2646 2353 prorsus
2677 2284 2891 2352 expelli,
2928 2299 2992 2337 ac
3019 2284 3071 2337 ln
3119 2285 3302 2353 ι)ωηί-

1727 2374 1956 2427 tentium
1992 2374 2286 2428 stationem
2323 2373 2576 2445 relegari,
2611 2373 2792 2444 ibi‘que
2825 2376 3032 2446 lugere,
3087 2376 3298 2440 audire,

1728 2464 1943 2534 aliaque
1989 2480 2272 2534 poenarum
2336 2466 2668 2535 persolvere,
2737 2465 2823 2520 hic
2879 2462 3057 2520 canon
3116 2466 3296 2536 jubet.

1729 2556 1948 2627 Magnus
1979 2566 2160 2610 autem
2190 2555 2421 2610 Basilius
2474 2558 2748 2612 tricesimo
2802 2560 3039 2613 secundo
3091 2573 3302 2613 canone

1727 2648 1948 2701 totidem
1981 2647 2166 2702 verbis
2201 2662 2263 2702 ea
2296 2663 2417 2717 quae
2443 2638 2750 2718 sequuntur
2777 2651 3095 2718 pronuntiat
3143 2669 3158 2706 :
3195 2649 3299 2716 Qui

1728 2749 2031 2809 peccatum,
2083 2740 2281 2810 inquit,
2333 2739 2398 2792 ad
2439 2752 2670 2795 mortem
2720 2740 2902 2795 clerici
2953 2751 3198 2810 peccant,
3233 2743 3302 2795 de

1727 2830 1894 2900 gradu
1929 2831 2439 2911 suoodejiciuntur;
2495 2845 2522 2883 a
2577 2831 2842 2886 laieornm
2883 2847 3011 2887 vero
3055 2847 3302 2887 conmut-

1727 2919 1890 2973 nione
1920 2935 2264 2990 nequaquam
2292 2932 2575 2975 arcentur.
2629 2919 2748 2974 Non
2801 2923 2946 2976 enim
2998 2922 3302 3007 vindicaliis

1727 3013 1810 3067 bis
1846 3012 1899 3067 in
1927 3013 2180 3083 idipsum.
2211 3012 2411 3101 Eadem
2439 3029 2590 3080 vero,
2634 3029 2757 3084 quae
2783 3029 3010 3084 magnus
3043 3015 3298 3079 Basilius,

1727 3103 2171 3176 Carthaginensis
2203 3120 2424 3176 quoque
2461 3105 3011 3176 synodus’vicesimo
3064 3109 3300 3176 septimo

74 3204 141 3250 λαὶ
169 3199 262 3250 τὸν
288 3200 382 3268 τῆς
412 3200 469 3249 ὲν
495 3197 823 3270 Καρθαγὲνῃ
857 3198 1078 3250 συνόδου
1127 3200 1624 3270 ἐπικρατεστέρους
1653 3263 1655 3278 1

1727 3213 1932 3254 canone
1965 3202 2181 3265 statuit;
2230 3216 2350 3268 quas
2402 3201 2471 3252 ibi
2496 3201 2732 3255 diximus
2767 3201 3080 3270 quarenda.
3119 3199 3296 3272 Magni

76 3288 215 3350 ἴναι,
245 3289 320 3351 ὼς
357 3290 874 3359 μεταγενεστέρους,
904 3289 996 3341 καὶ
1045 3289 1123 3349 ὡς
1169 3289 1250 3358 τῷ
1280 3291 1624 3362 ἀποστολικῷ

84 3380 486 3450 υμφωνοῦντας
517 3380 731 3443 κανόνι,
760 3379 820 3441 ὃς
847 3380 972 3442 τοὺς
1005 3380 1098 3432 ἐπὶ
1131 3380 1363 3450 πορνείᾳ
1396 3381 1625 3444 ἁλόντας

76 3474 386 3542 ερωμένους
463 3469 872 3542 καθαιρεῖσθαι,
950 3471 1042 3524 καὶ
1122 3469 1200 3541 μὴ
1268 3472 1624 3541 ἀφορίζεσθαι

76 3580 224 3632 ηεγει.

1641 3715 1670 3724 -α

78 3845 276 3901 ιΡΙΣΤ.
351 3863 370 3896 ι
423 3845 613 3915 Γήμας
665 3844 1033 3918 πρεσσύτερρς
1108 3847 1482 3916 μετατιθέσθω
1528 3841 1657 3919 τῆς

129 3960 148 3992 ί
193 3940 398 4003 τάξεως
421 3954 436 3968 ’
470 3937 777 4016 ἐξωθείσθω
807 3939 864 3992 δὲ
889 3937 1265 4009 μοιχεύσας,ῆ
1301 3939 1626 4011 πορνεύσας,

123 4052 145 4086 ι
196 4035 290 4087 καὶ⁵
321 4032 540 4101 ἀγέσθω
574 4032 656 4094 είς
691 4031 1003 4100 μετάνοιαν.
1045 4049 1066 4082 ο

137 4215 202 4266 '0
229 4214 468 4281 γυναῖκα
493 4210 672 4266 λαϐὼν
705 4211 1079 4281 πρεσϐύτερος
1111 4212 1208 4280 τῆς
1242 4211 1342 4282 μὲν
1394 4213 1627 4282 ἱερωσύ-

80 4323 150 4375 ης
207 4306 605 4374 μετακινείται,
637 4304 736 4372 τῆς
785 4304 842 4357 δὲ
874 4305 1040 4374 τιμῆς
1086 4308 1178 4357 καὶ
1227 4305 1325 4373 τῆς
1361 4305 1628 4372 καθέδρας

80 4399 298 4466 μετέχει.
362 4397 421 4449 Ὀ
473 4397 533 4452 δὲ
577 4397 908 4466 πορνεύσας,
962 4397 994 4465 ἢ
1053 4395 1373 4466 μοιχεύσας,
1421 4395 1629 4449 τέλειον

80 4477 358 4557 ξωθεῗται,
387 4489 482 4542 καὶ
508 4490 590 4551 είς
618 4489 908 4559 μετάνοιαν
938 4490 1149 4554 ἄγεται.

657 4580 902 4633 ΚΔΝΩΝ
951 4580 1025 4633 B’.

121 4672 292 4742 Γυνὴ,
348 4672 445 4726 ἐὰν
497 4672 745 4742 γήμηται
791 4671 883 4724 δύο
959 4671 1229 4739 ἁδελφοίς,
1318 4670 1626 4736 ἐξωθείσθω

116 4783 137 4814 ι
189 4762 354 4832 μέχρι
383 4761 617 4817 θανάτου
655 4760 730 4830 μὴ
765 4759 1064 4829 πειθομένη
1096 4760 1254 4812 λῦσαι
1285 4759 1376 4812 τὸν
1407 4761 1584 4827 γάμον
1611 4773 1624 4788 ’

124 4877 145 4908 ι
194 4858 336 4926 πλὴν
386 4857 446 4909 ὲν
496 4855 572 4924 τῷ
626 4856 841 4924 θανάτῳ
888 4855 977 4908 διὰ
1031 4855 1131 4923 τὴν
1192 4854 1623 4923 φιλανθρωπίαν,

121 4965 147 4998 ι
197 4947 432 5000 εἰποῦσα
454 4945 527 5006 ὠς
561 4946 830 5013 ὑγιάνασα
856 4944 1010 4996 λύσει
1040 4944 1131 5000 τὸν
1161 4944 1356 5011 γάμον,
1391 4943 1502 5006 ἕξει
1527 4941 1625 5012 τὴν

126 5058 147 5089 ι
195 5039 515 5106 μετάνοιαν.
536 5036 662 5088 Ἐάν
685 5036 740 5088 δὲ
766 5036 1070 5105 τελευτήσῃ
1097 5037 1128 5103 ὴ
1154 5035 1289 5104 γυνὴ
1316 5037 1374 5086 ἐν
1402 5034 1624 5103 τοιούτῳ

126 5151 146 5179 ι
194 5134 359 5198 γάμῳ
389 5128 542 5192 οὖσα,
573 5129 692 5198 ἢτοι
725 5131 752 5180 ὁ
781 5128 943 5197 ἀνὴρ,
973 5125 1240 5196 δυσχερὴς
1272 5125 1348 5194 τῷ
1376 5127 1622 5194 μείναντι

118 5239 138 5270 ι
187 5221 221 5285 ὴ
261 5217 546 5287 μετάνοια.
594 5235 613 5268 ι

121 5397 325 5450 ΒΑΛΣ.
360 5397 424 5446 υἱ
460 5394 558 5463 τῆς
606 5394 890 5464 παρούσης
941 5393 1158 5446 συνόδου
1203 5393 1346 5459 ἆγιοι
1381 5393 1622 5462 ῐΙατὲρες

84 5488 342 5538 ,ώκουσιν
370 5486 476 5538 ἀπὸ
501 5488 597 5553 τῆς
624 5483 948 5554 Ἐκκλησίας
987 5483 1150 5552 μέχρι
1179 5481 1431 5542 θανάτου,
1455 5481 1622 5550 ήγουν

87 5578 248 5646 ἐχρες
278 5578 342 5629 ἂν
370 5577 445 5644 τῷ
472 5574 572 5645 βίῳ
602 5574 870 5642 περίεστι,
901 5574 996 5644 τὴν
1027 5572 1300 5627 λαϐοῦσαν
1351 5572 1493 5624 κατὰ
1533 5572 1622 5622 νό-

89 5688 153 5720 ον
200 5669 382 5736 γάμου
430 5667 522 5720 δύο
568 5665 853 5734 ἀδελφοὺς,
886 5668 980 5718 καὶ
1034 5665 1111 5735 μὴ
1155 5665 1473 5718 ἀποστᾶσαν
1523 5664 1622 5733 τῆς

84 5758 512 5825 θεμιτογαμίας.
556 5751 644 5818 Ὠς
673 5757 728 5808 δέ
760 5773 906 5818 τινος
953 5757 1226 5822 εἰπόντος,
1253 5755 1315 5806 El
1340 5755 1397 5806 δὲ
1422 5770 1624 5806 καταιν⁴

86 5851 203 5919 ᾐσει
229 5849 308 5912 είς
334 5847 584 5914 θάνατον,
617 5849 737 5903 οὐδὲ
765 5847 887 5901 τότε
920 5847 1026 5901 τῶν
1061 5846 1223 5900 θείων
1255 5845 1621 5916 ἁγιασμάτων

1651 4585 1706 4643 D

1728 3305 1889 3361 porro
1909 3290 2095 3345 Basilii
2115 3300 2165 3346 ct
2184 3292 2637 3362 Carthaginensis
2655 3292 2848 3363 synodi
2870 3307 3110 3348 canones
3128 3294 3300 3362 magis

1730 3389 1859 3449 puto
1912 3382 2226 3447 servandos,
2264 3383 2464 3452 quippe
2507 3382 2598 3451 qui
2651 3383 2988 3452 posteriores
3054 3383 3296 3448 fuerunt,

1730 3473 2012 3543 magisque
2035 3488 2159 3527 cum
2188 3474 2490 3543 apostolico
2521 3488 2732 3528 canone
2785 3474 3170 3540 consentiunt;
3203 3476 3296 3544 qui

1728 3572 1977 3620 sacratos
2028 3563 2276 3620 homines
2338 3564 2718 3620 fornicationis
2768 3579 2912 3629 reos,
2959 3565 3299 3633 depositione

1729 3661 1964 3721 tantum,
2026 3670 2134 3708 non
2159 3655 2324 3709 etiam
2384 3654 3130 3725 segregatione'multaudos
3175 3672 3300 3713 esse

1729 3743 1993 3799 decernit.

1729 3836 1954 3906 ARIST,
2017 3854 2037 3889 ι
2087 3837 2373 3908 Presbyter
2420 3837 2512 3907 qui
2558 3851 2783 3891 uxorem
2829 3837 3065 3904 duxerit,
3110 3838 3302 3894 ordine

1808 3947 1827 3980 ι
1865 3929 2204 3998 deponatur;
2257 3929 2302 3982 si
2341 3944 2470 3983 vero
2530 3930 2833 3985 maaehatus
2891 3939 2986 3985 aut
3023 3941 3298 3988 scortatus

1805 4037 1825 4071 ι
1869 4020 2049 4084 fuerit,
2099 4022 2422 4092 expellatur,
2480 4030 2534 4076 et
2599 4021 2665 4075 ad
2717 4025 3094 4092 paenitentiam
3153 4027 3301 4080 redi-

1804 4130 1824 4162 ι
1868 4121 2043 4181 gatur.
2084 4130 2106 4162 ι

1799 4200 2090 4272 Presbyter
2129 4219 2355 4258 uxorem
2406 4205 2612 4261 ducens
2665 4207 2974 4261 sacerdotio
3030 4217 3297 4274 movetur,

1731 4294 1835 4347 sed
1868 4292 2131 4347 honorem
2163 4302 2216 4348 et
2247 4296 2558 4349 cathedram
2599 4299 2816 4351 retinet.
2850 4297 2952 4364 Qui
2999 4299 3302 4358 fornicatus

1729 4391 1908 4436 autem
1944 4383 2066 4444 fuit.
2104 4393 2200 4437 aut
2230 4385 2562 4439 adulterium
2591 4388 2886 4453 commisit,
2915 4391 3160 4460 perfecte
3201 4407 3300 4446 ex-

1732 4474 1967 4545 pellitur,
2001 4487 2054 4530 et
2077 4478 2142 4530 ad
2177 4479 2556 4547 paenitentiam
2586 4481 2869 4550 redigitur.

2344 4570 2573 4626 CANON
2613 4570 2672 4626 ll.

1738 4674 1756 4708 ι
1803 4655 2047 4724 Femina,
2080 4659 2124 4714 si
2163 4660 2380 4716 duobus
2415 4661 2676 4718 fratribus
2723 4666 2992 4734 nupserit,
3040 4669 3300 4722 extruda-

1809 4767 1827 4798 ‹
1874 4754 1964 4802 tur
1987 4765 2160 4819 usque
2193 4751 2258 4804 ad
2294 4762 2542 4818 mortem,
2575 4754 2620 4807 si
2648 4756 3054 4810 matrimonium
3087 4759 3300 4814 solvere

1811 4856 1830 4888 ι
1877 4854 1985 4893 non
2019 4842 2414 4910 persuadeatur
2452 4862 2464 4897 :
2501 4851 2553 4896 at
2587 4844 2637 4898 in
2671 4853 2866 4911 morte,
2921 4855 3142 4916 propter
3199 4850 3301 4903 hu-

1809 4949 1827 4981 ι
1878 4932 2215 4996 niauitatem,
2283 4935 2329 4988 si
2383 4934 2602 5002 dixerit,
2656 4937 2800 5006 quod
2856 4938 2901 4992 si
2935 4942 3296 5008 convaluerit,

1807 5040 1824 5071 ι
1869 5022 2041 5076 solvet
2093 5024 2542 5088 matrimonium,
2621 5027 2842 5082 habebit
2896 5031 3296 5098 paenitentiam.

1809 5131 1827 5162 ι
1874 5113 1977 5167 Sed
2012 5114 2054 5168 si
2093 5125 2305 5170 mortua
2355 5117 2518 5172 fuerit
2552 5121 2752 5173 mulier
2813 5121 2866 5174 in
2901 5122 2992 5176 tali
3045 5124 3300 5195 conjugio

1807 5223 1824 5252 ι
1866 5208 2154 5264 (διεξειειιε.
2195 5207 2277 5260 vel
2307 5208 2425 5276 ejus
2453 5210 2700 5274 maritus,
2728 5211 2961 5267 diﬂicilis
2985 5223 3077 5268 est
3103 5231 3300 5284 super-

1805 5313 1822 5344 ι
1869 5299 1979 5350 stiti
2017 5299 2352 5365 pceuitentia.
2396 5319 2414 5350 ι

1803 5385 1996 5440 BALS.
2035 5389 2323 5446 Praesentis
2388 5391 2579 5461 synodi
2626 5393 2799 5448 sancti
2852 5393 3043 5451 Patres
3089 5397 3157 5452 ab
3208 5413 3301 5455 ec-

1729 5478 1890 5531 clesia
1923 5479 1988 5531 ad
2039 5487 2265 5533 mortem
2318 5495 2488 5550 usque
2528 5485 2830 5553 expellunt,
2865 5486 3078 5540 scilicet
3126 5489 3300 5542 donec

1729 5569 1778 5623 ei
1832 5571 1938 5623 vita
1993 5583 2260 5641 Superest,
2298 5588 2417 5626 eam
2469 5590 2590 5642 qua:
2649 5576 2916 5644 legitimo.
2949 5579 3300 5634 matrimonio

1729 5661 1866 5715 duos
1897 5661 2089 5716 fratres
2121 5667 2412 5733 acceperit,
2470 5675 2526 5720 et
2577 5681 2604 5720 a
2673 5667 2884 5722 nefario
2945 5669 3300 5724 matrimonio

1730 5768 1839 5806 nou
1873 5753 2168 5810 destiterit.
2199 5755 2484 5827 Tanquam
2517 5767 2696 5813 autem
2723 5758 2957 5815 dixisset
2987 5761 3295 5830 quispiam;

1731 5842 1827 5899 Sin
1867 5855 2046 5901 autem
2075 5846 2144 5900 ad
2186 5858 2412 5904 tuortem
2448 5850 2778 5919 pervenerit,
2807 5865 2877 5907 ne
2913 5859 3046 5908 tunc
3079 5850 3298 5921 quidem
