4164 6426
764 412 911 479 Ηθῒ

839 635 856 667 ‹
901 615 967 668 ad
1006 614 1399 667 medicamenta
1451 626 1566 665 arte
1608 612 1955 675 invenienda,
2005 611 2089 665 vel
2134 612 2334 665 lustra-

835 724 851 755 t
897 707 1117 769 tionem,
1183 704 1236 757 in
1290 704 1653 773 quinquennii
1720 719 1984 758 canonem
2068 704 2333 765 incidant,

819 816 848 849 .t
896 801 1198 852 secundum
1238 797 1439 866 gradus
1487 796 1779 855 deﬁnitos:
1833 805 1943 850 tres
1991 794 2162 850 annos
2197 797 2335 851 Sub-

831 908 848 940 ι
897 889 1202 953 strationis,
1237 897 1291 943 et
1323 890 1457 942 duos
1488 903 1663 947 annos
1698 888 1961 949 orationis
2009 889 2128 943 sine
2182 889 2336 943 obla-

830 1001 848 1033 ι
896 982 1063 1039 tione.
1110 1000 1128 1033 ι

829 1071 1022 1130 B.\LS.
1063 1071 1347 1134 NonTSolos
1380 1073 1807 1142 prmstigiatores
1837 1083 1888 1127 et
1921 1082 2075 1128 vates
2102 1075 2333 1143 puniunt

755 1176 994 1215 canones
1026 1200 1040 1223 ,
1075 1160 1169 1213 sed
1204 1169 1256 1213 et
1295 1175 1388 1217 eos
1418 1162 1581 1215 etiam
1626 1164 1716 1229 qui
1767 1162 1873 1217 illis
1912 1171 2157 1216 utuntur.
2185 1161 2335 1227 Quo-

756 1254 898 1303 niam
940 1265 1067 1316 ergo
1104 1252 1351 1303 nonnulli
1390 1259 1738 1321 aegrotantes,
1774 1262 1824 1306 et
1859 1254 2071 1307 artibus
2104 1253 2327 1322 magicis

754 1357 812 1394 se
860 1344 929 1395 ita
966 1326 1103 1394 aﬁici
1130 1343 1537 1407 existimantes,
1597 1344 1679 1398 vel
1713 1344 1874 1397 etiam
1906 1360 2029 1399 cum
2065 1345 2328 1414 quasdam

755 1446 841 1483 res
896 1433 961 1482 ad
993 1446 1052 1485 se
1097 1432 1438 1498 pertinentes
1499 1434 1905 1500 perdidissent,
1962 1434 2331 1490 incantatores

754 1519 807 1573 in
850 1522 991 1575 :edes
1050 1536 1179 1575 Suas
1247 1522 1623 1589 accersebant,
1680 1524 1773 1592 qui
1834 1525 2237 1593 pollicebantur
2273 1542 2332 1581 se

755 1620 899 1665 attes
938 1615 1177 1679 magicas
1203 1615 1539 1676 inventuros,
1572 1629 1636 1668 ex
1670 1615 1875 1683 quibus
1919 1617 2131 1670 scilicet
2156 1632 2333 1686 aegro-

755 1715 931 1759 tantes
971 1704 1393 1769 decumbebant,
1426 1714 1478 1760 et
1508 1719 1696 1759 eorum
1745 1704 2205 1760 abominationetu
2239 1721 2332 1761 ex-

751 1797 1021 1865 piaturos;
1065 1798 1145 1849 vel
1188 1797 1239 1850 id
1268 1798 1453 1863 etiam,
1489 1796 1636 1868 quod
1681 1799 1949 1852 amissum
1993 1806 2132 1862 erat,
2188 1797 2329 1851 indi-

748 1894 1005 1950 caturos;
1096 1886 1187 1939 alii
1256 1901 1387 1940 vero
1459 1887 1756 1955 gentilibus
1840 1887 2331 1941 consuetudinibus

749 1984 988 2028 tuentem
1039 1976 1381 2040 adhibentes,
1442 1977 1509 2031 de
1576 1978 1830 2032 felicibus
1894 1986 1948 2032 et
2016 1978 2327 2035 infelicibus

747 2068 957 2119 eventis
992 2067 1401 2136 interrogabant
1434 2068 1740 2135 astrologos
1768 2068 1932 2140 400
1958 2079 2009 2122 ct
2040 2071 2197 2128 alios.
2236 2071 2328 2137 qtti

749 2156 1087 2210 dwmuniaca
1125 2172 1289 2224 onera
1334 2166 1956 2215 tractant:statuerunt
2006 2160 2217 2223 Patres,
2273 2169 2331 2213 ιιι

751 2248 784 2299 ii
823 2247 1200 2315 quinquennio
1243 2263 1436 2317 pmnas
1493 2249 1719 2315 darent;
1766 2261 1827 2303 ut
1883 2239 2075 2305 tribus
2123 2252 2333 2307 scilicet

746 2342 909 2395 anuis
936 2349 1123 2393 essent
1144 2340 1441 2407 substrati;
1471 2348 1526 2395 et
1555 2357 1740 2409 poStea
1772 2342 1955 2396 divina
1987 2351 2329 2397 sacramenta

750 2434 1033 2502 percipere
1065 2433 1212 2501 digni
1244 2435 1711 2488 existimarentur.
1744 2432 1883 2503 Lege
1925 2436 2089 2488 etiam
2124 2434 2183 2487 6|
2240 2451 2330 2489 ca-

748 2537 943 2575 uonem
986 2537 1111 2591 syn.
1172 2523 1224 2575 in
1267 2522 1474 2587 Trullo,
1538 2534 1591 2579 et
1648 2540 1769 2594 qua:
1835 2526 1886 2577 in
1947 2542 2071 2579 eum
2127 2527 2329 2596 scripta

748 2622 914 2677 sunt;
954 2623 1007 2666 et
1046 2614 1117 2669 85
1147 2628 1417 2669 canonem
1464 2616 1638 2671 sancti
1674 2615 1881 2680 Basilii,
1927 2630 2021 2670 eos
2068 2618 2332 2671 sexennio

745 2704 1084 2774 punientem.
1146 2707 1425 2761 Memento
1475 2714 1695 2772 autem,
1759 2723 1855 2763 eos
1924 2696 2087 2763 etiam
2138 2709 2329 2764 iisdem

749 2796 926 2863 pmnis
959 2796 1355 2865 subjiciendus,
1390 2799 1481 2869 qui
1515 2799 1975 2854 incautatricibus
2015 2810 2071 2854 et
2100 2800 2328 2867 critriis,

744 2897 799 2938 et
833 2884 919 2944 iis.
949 2900 1070 2957 qua:
1101 2901 1224 2939 cum
1271 2886 1475 2941 hordeo
1503 2887 1776 2955 divinant,
1838 2889 1994 2943 ﬁdem
2044 2889 2325 2943 adhibent.

817 3064 1074 3120 ZONAR.
1118 3066 1408 3123 Vaticiniis
1462 3069 1539 3123 uti
1586 3068 1960 3125 Christianum
2025 3068 2326 3136 hominem,

2033 410 2310 471 TIlEOD.
2360 411 2593 471 BALSA
2604 410 2652 469 Μ
2663 409 2757 468 ΟΝ

834 540 852 575 ι
904 532 1167 590 quuntur,
1193 522 1275 575 vel
1309 522 1522 600 Insuas
1549 518 1691 575 mdes
1718 519 1928 589 aliquos
1959 519 2333 580 introducunt,
2364 522 2409 578 Α

3898 400 4039 464 1192

2515 535 2533 568 t
2577 516 2748 568 ἐθνῶν
2777 514 3319 577 κατακολουθοῦντες,
3356 514 3387 585 ﬂ
3415 511 3737 581 είσᾶγοντές
3766 528 3930 574 τινας
3963 517 4044 567 εἰς

2515 626 2532 659 t
2579 610 2705 669 τοὺς
2736 608 2946 659 ἑαυτῶν
2966 607 3147 668 οίκους
3174 606 3270 658 ἐπὶ
3300 606 3588 674 άνευρέσει
3623 601 4036 673 φαρμακειῶν,

2512 716 2531 748 ι
2579 700 2609 765 ἢ
2646 698 2740 750 καὶ
2786 697 3076 766 καθάρσει,
3120 696 3223 748 ὑπὸ
3264 696 3357 748 τὸν
3410 696 3617 747 κανόνα
3666 693 4039 745 πιπτέτωσαν

2510 807 2529 841 ι
2573 789 2673 857 τῆς
2698 789 3020 851 πενταετίας
3049 788 3193 842 κατὰ
3213 789 3339 848 τοὺς
3378 786 3631 855 βαθμοὺς
3679 784 4039 857 ὡρισμένους

2512 900 2531 934 ι
2574 883 2701 951 τρία
2732 880 2825 950 ἐτη
2857 881 3248 942 ὑποπτῶσεως.
3270 877 3477 931 καὶδύο
3506 877 3604 947 ἔτη
3635 877 3843 945 εὐχῆς,
3866 874 4039 944 χωρὶς

2510 994 2527 1026 ι
2575 976 2909 1044 προσφορᾶς.
2954 992 2971 1025 ι

2505 1065 2583 1117 Οὐ
2619 1065 2818 1134 μόνους
2859 1063 2986 1127 τοὺς
3024 1066 3229 1133 γόητας
3273 1062 3517 1124 καὶτοὺς
3576 1062 3823 1129 μάντεις
3882 1057 4038 1109 κολά-

2437 1157 2620 1219 ζουσιν
2646 1157 2693 1208 οί
2726 1155 2973 1218 κανόνες,
3000 1155 3137 1207 ἀλλὰ
3169 1156 3260 1206 καὶ
3289 1155 3415 1215 τοὺς
3447 1152 3792 1223 χρωμένους
3826 1150 4033 1209 αὐτοῖς.

2450 1248 2602 1299 Ἐπεὶ
2628 1245 2720 1297 οὖν
2750 1263 2894 1308 τινες
2930 1244 3371 1314 νοσηλευόμενοι,
3411 1243 3506 1294 καὶ
3536 1239 3884 1311 νομίζοντες
3928 1237 4033 1290 ἀπὸ

2435 1339 2798 1409 φαρμακειῶν
2830 1340 3082 1407 πάσχειν,
3116 1337 3148 1405 ἢ
3185 1338 3281 1389 καὶ
3317 1334 3704 1393 άπολέσαντές
3743 1347 3884 1383 τινα
3928 1330 4034 1381 τῶν

2436 1432 2750 1501 προσόντων
2810 1432 3017 1495 αὐτοῖς,
3050 1430 3449 1501 μετεκαλοῦντο
3488 1428 3711 1496 γόητας
3774 1428 3865 1485 εἰς
3918 1427 4036 1486 τοὺς

2436 1524 2619 1585 οἴκους
2654 1521 2859 1588 αὐτῶν,
2894 1512 3150 1591 ὲφευρεῖν
3177 1519 3702 1591 ἐπαγγελλομένους
3753 1517 3820 1567 ὲν
3860 1517 4036 1575 aitet;

2432 1614 2530 1676 τὰς
2574 1613 2832 1683 μαγείας,
2866 1612 2925 1679 ἐξ
2970 1606 3046 1665 ὧν
3092 1611 3251 1681 δῆθεν
3307 1609 3727 1676 κατεκλίθησαν
3786 1608 3842 1659 οῖ
3888 1623 4033 1673 νοση-

2432 1706 2735 1777 λευόμενοι,
2769 1707 2863 1760 καὶ
2888 1707 3125 1775 καθᾶραι
3156 1705 3217 1757 τὸ
3246 1704 3351 1757 ἀπὸ
3380 1702 3590 1757 τούτων
3619 1700 3839 1768 μῦσος,
3877 1700 3913 1770 ἢ
3945 1702 4033 1751 καὶ

2431 1799 2492 1851 τὸ
2534 1797 2840 1851 ἀπολεσθὲν
2895 1796 3321 1867 καταμηνύει-αι’
3374 1794 3526 1848 ἄλλοι
3572 1793 3632 1845 δὲ
3713 1790 4033 1859 συνηθείαις

2435 1889 2677 1951 ἐθνικαῖς
2736 1888 3095 1959 προσέχοντες
3147 1886 3279 1955 περὶ
3326 1886 3738 1955 εὐτυχημάτων
3784 1883 3887 1934 καὶ
3916 1884 4031 1935 ὂντ-

2431 1981 2770 2052 τυχημάτων
2807 1984 3108 2051 ἐρωτησεις
3168 1978 3461 2033 ἐποιοῦντο
3506 1977 3617 2030 ἀπὸ
3656 1977 4026 2046 ἀστρολόγων

2434 2076 2528 2127 καὶ
2576 2074 2776 2141 ἐτέρων
2848 2071 3193 2142 δαιμωνιώδη
3245 2070 3805 2139 μεταχειριζομένων
3858 2069 4025 2136 ἔργα*

2432 2165 2644 2235 ὥρισαν
2686 2164 2733 2216 οἱ
2785 2163 3026 2231 Πατὲρες
3070 2161 3163 2214 ἐπὶ
3200 2160 3526 2213 πενταετίαν
3560 2159 3813 2222 τούτους
3862 2159 4027 2209 ἐπιτι-

2437 2256 2664 2325 μᾶσθαι,
2695 2256 2862 2325 ήγουν
2889 2254 2983 2307 ἐπὶ
3015 2253 3114 2321 μὲν
3140 2252 3321 2320 τρισὶν
3347 2252 3526 2304 ἔτεσιν
3566 2252 3948 2309 ὑποπίπτειν,
3974 2253 4026 2301 ὲν

2432 2347 2485 2399 δὲ
2515 2346 2664 2398 δυσὶν
2690 2345 2943 2413 εύχεσθαι
2980 2344 3119 2413 μετὰ
3152 2344 3259 2397 τῶν
3290 2344 3519 2405 πιστῶν,
3541 2343 3639 2395 καὶ
3675 2344 3833 2411 μετὰ
3858 2344 4026 2395 ταῦτα

2432 2435 2717 2505 ἀξιοῦσθαι
2758 2435 2868 2488 τῶν
2915 2435 3077 2491 θείων
3124 2436 3510 2503 ἁγιασμάτων.
3555 2434 3891 2502 Ἀνάγνωθι
3942 2435 4027 2487 καὶ

2432 2527 2524 2579 τὸν
2560 2526 2643 2591 ξα¹
2671 2526 2872 2581 κανόνα
2895 2525 2993 2595 τῆς
3025 2526 3082 2578 ὲν
3111 2524 3188 2595 τῷ
3217 2524 3476 2594 Τρούλλῳ
3526 2525 3797 2588 συνόδου,
3833 2526 3932 2577 καὶ
3966 2526 4026 2575 τὰ

2435 2620 2494 2672 ἐν
2528 2618 2676 2687 αὐτῷ
2710 2618 3018 2687 γραφέντα,
3072 2616 3291 2669 καὶτὸν
3321 2623 3412 2684 πγ¹
3458 2618 3667 2670 κανόνα
3720 2616 3823 2669 τοῦ
3876 2618 4027 2684 ἁγίου

2434 2708 2718 2761 Βασιλείου
2777 2709 2872 2761 ἐπὶ
2924 2707 3175 2774 ἑξαετίαν
3225 2708 3568 2775 ἐπιτιμῶντα
3601 2707 3875 2772 τούτους.
3910 2710 4029 2779 Ἕχε

2433 2799 2491 2853 δὲ
2525 2802 2617 2854 ἐπὶ
2667 2802 2891 2871 μνήμης
2938 2801 3021 2853 ὅτι
3057 2802 3168 2864 τοῖς
3199 2802 3385 2863 αὐτοῖς
3434 2802 3749 2869 ἐπιτιμίοις
3788 2802 4026 2855 ὑποσάλ-

2432 2888 2619 2944 λονται
2650 2894 2743 2943 καὶ
2774 2892 2823 2943 οί
2849 2894 3283 2962 προσερχόμενοι
3311 2892 3703 2962 γοητευτρίαις
3752 2894 3861 2945 καὶ
3912 2911 4025 2963 κρι-

2433 2979 2613 3055 τρίαις
2637 2980 2732 3033 καὶ
2756 2983 2876 3042 ταῖς
2900 2981 3037 3051 μετὰ
3069 2980 3275 3048 κριθῶν
3308 2981 3777 3049 μαντευομέναις.

2511 3069 2757 3124 ΖΩΝΑΡ.
2823 3070 2897 3123 Τὸ
2962 3070 3270 3139 κεχρῆσθαι
3332 3070 3684 3139 μαντεύμασι
3751 3088 3856 3124 και
3915 3074 4028 3134 ταῖς

746 3159 1092 3212 ethnicorum
1149 3168 1202 3214 ct
1250 3160 1571 3216 Graecorum
1630 3161 2056 3219 consuetudines
2105 3162 2325 3227 sectari,

2434 3160 2677 3224 ἐθνικαῖς
2724 3160 2757 3230 ἢ
2800 3162 2892 3214 καὶ
2936 3159 3279 3232 Ἑλληνικαῖς
3320 3161 3639 3216 ἀκολουθεῖν
3697 3163 4023 3234 συνηθείαις

750 3260 911 3317 atque
947 3250 1013 3303 ad
1044 3252 1171 3303 mali
1205 3252 1484 3321 phartuaei
1535 3252 1863 3322 cujuspiam,
1908 3253 2011 3307 hoc
2048 3263 2132 3307 est
2168 3270 2331 3309 vene-

754 3341 859 3393 lieii
917 3342 1287 3396 itm-titionem
1352 3344 1780 3413 prtestigiatores
1839 3343 2126 3398 admittere
2182 3336 2339 3414 (qui?

755 3435 983 3488 busdam
1021 3433 1053 3486 Γ·
1080 3443 1158 3488 rte
1191 3436 1244 3487 in
1277 3450 1338 3488 ca
1374 3450 1431 3489 re
1480 3444 1607 3489 tunc
1653 3435 1879 3489 nimium
1929 3434 2206 3504 curiosis),
2246 3436 2329 3491 vel

753 3542 849 3579 eos
883 3525 946 3578 ad
984 3526 1221 3580 remedia
1257 3527 1535 3582 veneﬁciis
1583 3528 1873 3597 quzcrcnda
1920 3527 2179 3582 adbibere
2239 3528 2329 3583 hie

752 3632 925 3671 canon
968 3626 1112 3671 vetat
1148 3635 1160 3669 :
1200 3618 1404 3687 quique
1461 3618 1525 3670 iis
1557 3619 1644 3671 usi
1689 3618 1913 3683 fuerint,
1969 3617 2328 3688 quinquennii

754 3720 966 3777 partem
1007 3710 1336 3778 persolvere,
1375 3724 1437 3773 ae
1480 3711 1654 3763 tribus
1698 3711 1916 3778 quidem
1975 3710 2137 3765 annis
2198 3712 2330 3765 sub-

751 3802 945 3860 sterni.
1001 3802 1214 3856 duobus
1263 3801 1315 3853 in
1376 3809 1646 3854 conventu
1715 3800 1953 3857 ﬁdelium
2012 3800 2329 3865 consistere,

756 3892 1166 3959 precationique
1228 3890 1389 3945 simul
1451 3906 1681 3954 vacare,
1762 3892 2138 3961 quinquennio
2204 3906 2333 3946 vero

748 3984 964 4050 expleto
1003 3983 1067 4036 ad
1128 3982 1261 4036 Boni
1310 3992 1566 4051 prteterea
1620 3982 2057 4035 communionem
2119 3981 2331 4036 admitti

743 4074 919 4142 jubet.
985 4073 1209 4143 Magnus
1288 4088 1418 4131 vero
1478 4072 1708 4131 Basilius
1782 4072 2112 4143 octogesimo
2175 4073 2333 4127 tertio

748 4180 978 4228 canone,
1006 4166 1275 4232 ejusmodi
1312 4164 1559 4219 homines
1599 4163 1846 4219 sexennii
1894 4178 2055 4236 ptena
2095 4165 2332 4240 punien-

747 4254 847 4309 dos
884 4272 1006 4310 esse
1042 4256 1303 4310 decernit.

748 4345 977 4400 AltlST.
1016 4367 1032 4399 ι
1077 4348 1180 4411 Qui
1214 4346 1491 4402 vaticiniis
1545 4347 1741 4412 utitur,
1792 4357 1845 4403 et
1883 4348 1976 4419 qui
2023 4350 2328 4420 quempiam

830 4459 847 4490 ι
891 4440 942 4491 in
975 4438 1194 4492 domum
1230 4438 1473 4492 veneﬁcii
1494 4440 1841 4508 exquirendi,
1871 4449 1962 4494 aut
1991 4441 2326 4499 lustrationis

829 4549 847 4580 ‹
888 4546 1050 4583 causa
1087 4530 1407 4596 introducit,
1440 4530 1820 4600 quinquennio
1848 4531 2149 4601 subjaeeat.
2196 4552 2212 4584 ι

821 4622 924 4687 Qui
958 4622 1171 4675 vatibus
1210 4631 1302 4674 aut
1332 4622 1788 4686 iueantatoribus,
1837 4633 1931 4676 aut
1963 4624 2329 4677 amuletorum

746 4717 1156 4785 przehitorilzus.
1202 4717 1287 4771 vel
1320 4717 1443 4771 aliis
1489 4714 1801 4771 istiusmodi
1854 4716 2095 4785 seipsum
2145 4716 2326 4777 tradit,

747 4818 807 4863 ut
842 4808 1151 4863 revelentur
1185 4824 1305 4877 qua:
1340 4808 1394 4861 in
1428 4807 1703 4862 desiderio
1733 4806 1918 4869 habet,
1958 4807 2042 4860 vel
2090 4822 2184 4875 per
2214 4822 2330 4861 me-

747 4904 1053 4958 dicamenta
1086 4901 1287 4955 malutn
1336 4900 1476 4955 male
1527 4908 1708 4963 sanat,
1738 4899 2034 4954 triennium
2088 4898 2331 4954 subster-

749 5000 930 5057 netur,
995 5001 1049 5047 et
1108 4992 1389 5046 biennium
1452 5006 1579 5047 eum
1639 4990 1889 5045 ﬁdelibus
1945 4990 2231 5055 consistet,
2276 4998 2331 5045 et

748 5096 975 5151 precum
1012 5083 1255 5137 solarum
1291 5083 1569 5152 particeps
1598 5082 1724 5145 erit,
1773 5091 1829 5137 et
1880 5081 1960 5136 sic
2003 5090 2122 5151 post
2169 5080 2329 5150 quin-

750 5176 1047 5241 quennium
1100 5176 1167 5229 de
1215 5175 1488 5229 oblatione
1533 5173 1901 5244 partieipabit.
1942 5173 2011 5226 At
2055 5172 2332 5241 sexagesi-

753 5281 875 5322 mus
911 5270 1120 5340 prinins
1151 5277 1321 5322 sexta:
1356 5267 1548 5338 synodi
1586 5268 1639 5319 in
1676 5265 1862 5323 Trulla
1898 5280 2075 5325 canon
2108 5265 2268 5319 talem
2298 5280 2327 5319 a

754 5362 1133 5418 communione
1163 5378 1253 5415 sex
1285 5375 1459 5414 annos
1492 5358 1789 5414 arcendum
1829 5359 2040 5414 statuit.

1311 5535 1543 5592 CANON
1596 5535 1761 5613 xxv.

754 5656 772 5691 ι
822 5637 1074 5704 Quidam,
1112 5635 1197 5688 cui
1233 5644 1353 5687 erat
1386 5635 1659 5702 desponsa
1698 5630 1896 5701 puella,
1934 5644 2176 5684 sororem
2210 5630 2327 5700 ejus

824 5749 840 5781 ι
888 5730 1119 5794 vitiavit,
1157 5728 1226 5781 ita
1257 5735 1315 5781 ttt
1346 5742 1409 5780 ea
1454 5726 1621 5781 etiam
1673 5724 2008 5793 conciperet.
2061 5721 2327 5792 Sponsnm

817 5841 840 5874 4
888 5829 1310 5892 auteuvpostea
1361 5833 1586 5874 uxorem
1635 5817 1790 5873 duxit
1838 5836 1851 5874 :
1902 5831 1963 5873 ea
1998 5823 2179 5870 autem
2234 5813 2325 5868 cui

2429 3254 2557 3316 τοὺς
2604 3252 2988 3318 Χριστιανοὺς,
3047 3252 3143 3304 καὶ
3201 3251 3404 3321 γόητας
3458 3252 3879 3322 προσδέχεσθαι
3938 3257 4026 3307 ἐπὶ

2431 3344 2715 3413 ἁνευρέσει
2749 3332 3105 3414 φαρκακειῶν
3137 3343 3255 3413 ἦτοι
3286 3341 3535 3412 μαγειῶν
3564 3343 3640 3404 ὡς
3674 3346 3830 3413 τάχα
3872 3346 4023 3415 παρᾶ

2431 3451 2593 3488 τινων
2652 3432 3237 3504 περιεργασθέντας,ἢ
3296 3434 3385 3485 ἐπὶ
3436 3434 3712 3503 καθάρσει
3760 3436 3877 3488 τῶν
3904 3454 4024 3505 γοη-

2430 3526 2590 3579 τειῶν
2621 3525 3053 3596 προσκαλεῖσθαι
3082 3525 3299 3591 αὐτοὺς,
3322 3527 3732 3598 ἀπηγόρευται,
3768 3530 3873 3583 καὶ
3904 3533 4020 3592 τοὺς

2431 3617 2641 3679 τούτοις
2666 3616 2985 3686 χρωμένους
3026 3619 3054 3670 ό
3088 3616 3268 3675 κανὼν
3300 3618 3405 3669 ὑπὸ
3433 3619 3725 3687 ἐπιτίμιον
3773 3624 4014 3675 ποιεῖται

2433 3711 2782 3775 πενταετίας,
2808 3711 2885 3772 ὡς
2930 3710 3058 3783 τρία
3103 3708 3196 3778 ἔτη
3250 3708 3606 3774 ὑποπίπτειν,
3642 3712 3882 3766 καὶδύο
3930 3715 4019 3786 ἔτη

2434 3799 2793 3870 συνεύχεσθαι
2840 3802 2953 3863 τοῖς
2987 3801 3236 3861 πιστοίς’
3272 3798 3415 3867 μετὰ
3444 3797 3500 3850 δὲ
3546 3799 3649 3869 τὴν
3695 3804 4020 3856 πενταετίαν

2431 3890 2713 3955 ἀξιοῦνται
2750 3891 2846 3944 καὶ
2882 3891 2985 3959 τῆς
3029 3889 3121 3943 τού
3167 3890 3397 3957 Ἀγαθοῦ
3443 3891 3839 3961 μεταλήψεως.
3888 3893 3945 3946 ὐ
3973 3894 4020 3949 ἃ

2437 3983 2609 4051 μέγας
2643 3981 2921 4045 Βασίλειος
2966 3983 3024 4035 ὲν
3059 3980 3403 4051 ὀγδοηκοστῷ
3431 3982 3605 4052 τρίτῳ
3636 3984 3842 4038 κανόνι
3877 3986 4018 4050 eius

2431 4074 2557 4138 τίας
2588 4074 2853 4147 ἐπιτιμίῳ
2882 4073 3010 4138 τοὺς
3039 4072 3319 4136 τοιούτους
3348 4072 3595 4137 κολάζει.

2431 4330 2654 4389 ΑΡΙΣΤ.
2722 4348 2742 4382 ι
2804 4331 2866 4383 Ὀ
2908 4330 3486 4399 καταμαντευόμενος,
3540 4331 3639 4385 καὶ
3690 4332 3724 4385 ό
3786 4335 4017 4401 εἰσάγων

2512 4441 2531 4475 ι
2577 4422 2700 4474 τινὰ
2730 4423 2788 4475 ἐν
2820 4422 2895 4492 τῷ
2939 4423 3072 4490 οἴκῳ
3106 4423 3199 4474 ἐπὶ
3231 4424 3515 4493 ἀνευρέσει
3549 4426 3951 4493 φαρμακειῶν,
3985 4427 4012 4495 ἧ

2506 4534 2524 4567 ι
2573 4515 2860 4584 καθάρσει,
2898 4513 3221 4566 πενταετίαν
3249 4513 3629 4566 ὑποπιπτέτω.
3678 4534 3701 4566 ι

2526 4606 2585 4661 '0
2633 4605 2976 4675 μάντεσιν,ἢ
3026 4606 3368 4675 γοητευταῖς,
3410 4604 3442 4673 ἢ
3492 4600 3927 4675 φυλακτηρίοις,
3980 4606 4008 4676 ἢ

2431 4702 2644 4770 ἑτέροις
2693 4699 2809 4754 τισὶ
2855 4698 3119 4759 τοιούτοις
3166 4696 3362 4751 ἑαυτὸν
3418 4697 3772 4762 ἐκδεδωκὼς,
3802 4701 3899 4752 ἐπὶ
3945 4700 4010 4768 τῷ

2432 4790 2848 4861 ἑκκαλυφθῆναι
2896 4788 2932 4842 ἃ
2982 4787 3050 4841 δι’
3082 4786 3381 4857 ἐπιθυμίας
3412 4787 3551 4855 ἔχει,
3586 4789 3620 4859 ἢ
3653 4790 3755 4841 ἐπὶ
3802 4807 4009 4857 φαρμα-

2433 4887 2591 4949 κείας
2622 4882 2780 4953 κακῷ
2826 4881 2888 4934 τὸ
2935 4880 3104 4936 κακὸν
3154 4879 3422 4949 ίὼμενοςυ
3459 4881 3553 4932 ἐπὶ
3593 4884 3851 4950 τριετίαν
3892 4884 4009 4934 ὐπο-

2432 4978 2705 5039 πεσεῖται,
2740 4974 2833 5028 καὶ
2865 4975 2956 5026 ἐπὶ
2987 4972 3192 5026 διετίαν
3244 4972 3582 5041 συστήσεται
3613 4976 3738 5034 τοῖς
3778 4976 4001 5036 πιστοῖς,

2432 5071 2528 5120 καὶ
2574 5066 2752 5137 μόνων
2789 5064 2900 5118 τῶν
2947 5064 3121 5134 εὐχῶν
3151 5064 3481 5133 κοινωνήσει
3506 5079 3520 5094 ’
3573 5066 3669 5115 καί
3703 5063 3854 5117 οὕτω
3883 5066 4005 5134 μετὰ

2430 5160 2533 5231 τὴν
2572 5157 2897 5211 πενταετίαν
2947 5155 3167 5226 μεθέξει
3208 5154 3309 5229 τῆς
3354 5156 3703 5225 προσφορᾶς.
3752 5155 3815 5207 ⁸0
3859 5157 3911 5208 δὲ
3939 5154 4004 5217 ξα⁹

2431 5251 2612 5305 κανὼν
2679 5250 2780 5321 τῆς
2848 5250 2906 5303 ὲν
2964 5249 3043 5318 τῷ
3098 5247 3354 5317 Τρούλλῳ
3411 5247 3579 5316 ἕκτης
3639 5249 3870 5303 συνόδου
3926 5249 4004 5301 ἐπὶ

2432 5342 2682 5408 ἑξαετίαν
2726 5342 2897 5413 ὁρίζει
2927 5339 3019 5399 τὸν
3052 5340 3294 5393 τοιοῦτον
3323 5339 3424 5408 τῆς
3492 5339 3794 5402 κοινωνίας
3823 5341 4000 5407 ἀπείρ-

2431 5438 2645 5507 γεσθαι.

3010 5522 3245 5578 ΚΑΝΩΝ
3280 5518 3407 5577 κε’.

2440 5641 2457 5675 t
2500 5618 2998 5692 Μνηστευσάμενός
3026 5634 3110 5680 τις
3140 5618 3333 5686 κόρην,
3368 5611 3740 5683 πῳσεφθάρη
3772 5616 3838 5683 τῇ
3867 5613 3997 5666 ἀδελ.

2512 5735 2531 5768 ι
2578 5718 2649 5784 φῇ
2687 5714 2878 5783 αὐτῆς,
2907 5712 2983 5774 ὡς
3040 5710 3135 5764 καὶ
3194 5706 3537 5776 ὲπιφορῆσαι
3595 5707 3799 5774 αὐτὴν,
3843 5706 3994 5773 ἔγημε

2507 5827 2525 5861 ι
2569 5808 2625 5861 δὲ
2656 5807 2753 5877 τὴν
2798 5805 3041 5877 μνηστὴν
3089 5802 3227 5872 μετὰ
3278 5800 3494 5854 ταῦτα’
3536 5800 3573 5868 ἡ
3621 5798 3680 5852 δὲ
3737 5798 3986 5869 φθαρεῖσα
