4164 6426
122 367 273 434 li93

189 592 207 622 ι
257 574 448 642 καετία
469 572 722 643 δεχθῆναι
755 577 832 635 είς
865 574 991 634 τοὺς
1023 575 1368 640 συνεστῶτας
1400 579 1543 630 κατὰ
1573 579 1698 639 τοὺς

194 682 213 712 ι
261 664 604 733 ὡρισμένους
639 667 901 735 βαθμούς.
930 686 949 718 ι

203 755 405 809 ΒΑΛΣ.
450 757 582 808 ’Λπδ
605 758 816 825 φάκτου
852 759 997 820 τινὸς
1031 761 1083 812 οἱ
1120 761 1362 831 Πατέρες
1392 760 1700 830 παρεκινή-

111 849 298 917 θησαν
327 850 417 900 τὸν
449 851 692 920 παρόντα
743 853 944 904 κανόνα
976 853 1256 906 ἐκθέσθαι.
1299 852 1696 923 Προσηγγὲλθη

114 943 230 1008 γὰρ
263 944 449 1005 αὐτοῖς
474 944 557 995 ὅτι
579 935 884 1014 ’ἄνθρωπός
935 961 1041 1006 τις.
1098 948 1578 1016 μνηστευσάμενος
1611 945 1700 996 κό-

113 1053 246 1103 ρην,
291 1036 608 1106 συνεφθάρη
652 1037 792 1106 μετὰ
844 1037 946 1105 τῆς
986 1038 1220 1106 ἀδελφῆς
1258 1038 1451 1104 αὐτῆς,
1491 1039 1566 1100 ῶς
1596 1039 1699 1090 ,καὶ

108 1127 264 1179 κατά
311 1129 550 1198 γαστέρα
598 1132 806 1198 ταύτην
848 1132 912 1182 ἐκ
944 1130 1135 1183 τούτου
1179 1130 1466 1183 συλλαϐεῖν
1518 1130 1698 1199 (τοῦτο

108 1223 229 1288 γάρ
261 1223 378 1272 ἐστι
413 1223 472 1273 τὸ
497 1222 874 1291 ὲπιφορῆσαι),
907 1224 998 1274 καὶ
1043 1225 1178 1290 μετά
1226 1223 1383 1274 τοῦτο
1419 1223 1560 1273 κατά
1595 1223 1695 1286 γάο

111 1330 225 1381 μου
257 1316 548 1366 κοινωνίαν
581 1312 932 1382 συνηρμόσθη
956 1315 1022 1381 τῇ
1055 1313 1234 1382 οἰκεία
1270 1315 1503 1381 μνηστῇ,
1540 1312 1603 1362 Ἠ
1643 1310 1697 1362 δὲ

107 1405 431 1472 αὖταδέλφη
483 1404 686 1472 ταύτης
723 1405 822 1457 σὺν
872 1405 950 1471 τῷ
999 1405 1359 1473 ἁμαρτήματι
1393 1403 1490 1472 τῆς
1537 1403 1698 1472 αἱμο-

110 1495 305 1564 μιξίας
335 1497 623 1563 ἐφόνευσεν
652 1496 874 1563 ἑαυτήν.
915 1495 1145 1564 ’Ὡρισαν
1177 1494 1269 1547 οὖν
1301 1494 1424 1556 τοὺς
1459 1497 1696 1549 συνειδᾶ-

107 1605 216 1650 τας
243 1587 415 1639 ταῦτα
459 1591 527 1638 τὰ
557 1587 725 1646 κακὰ,
757 1586 894 1654 μετά
924 1585 1208 1638 δεκαετίαν
1251 1586 1569 1652 ὀφείλουσαν
1611 1587 1699 1638 διὰ

107 1680 228 1730 τῶν
262 1680 512 1748 συνήθων
567 1677 796 1748 βαθμῶν
847 1677 1162 1748 παρελθεῖν,
1196 1677 1452 1746 δεχθῆναι
1486 1681 1564 1740 εἰς
1597 1678 1698 1747 τὴν

110 1772 262 1840 μετᾶ
294 1773 400 1823 τῶν
432 1772 641 1823 πιστῶν
672 1772 860 1840 εὐχήν.
900 1771 992 1840 Μὴ
1024 1770 1323 1838 ἐναντιωθῇ
1357 1771 1413 1823 δέ
1445 1764 1530 1823 σοι
1555 1773 1694 1838 πρὶς

104 1868 290 1918 ταῦτα
317 1868 343 1918 ό
367 1866 447 1938 οη¹
473 1864 653 1918 κανὼν
680 1866 773 1918 τοῦ
804 1866 960 1932 ἀγίου
985 1866 1288 1928 Βασιλείου,
1323 1866 1692 1934 διοριζόμενος

109 1960 258 2029 μετά
285 1961 425 2012 ἐπτά
463 1959 687 2030 χρόνους
730 1958 1015 2023 ἀξιοῦσθαι
1066 1959 1176 2011 τῶν
1209 1958 1370 2011 θείων
1414 1957 1691 2024 ἀγιασμά-

103 2068 220 2100 τιυν
272 2050 362 2100 τὸν
413 2046 865 2118 συναρμοσθέντα
908 2048 1050 2100 κατά
1103 2048 1267 2116 νόμον
1313 2048 1493 2116 γάμου
1542 2047 1693 2098 δυσὶν

102 2142 376 2207 ἀδελφαῖς
403 2157 415 2170 ο
456 2141 692 2193 ἐνταῦθα
733 2143 842 2210 γὰρ
873 2140 1043 2192 πολλά
1070 2141 1453 2210 ἐτολμήθησαν
1485 2139 1689 2203 ἄτοπα,

104 2234 364 2302 πορνεία,
392 2233 802 2302 ἁθεμιτογαμία
846 2233 939 2285 καὶ
985 2233 1144 2298 φόνος
1175 2249 1188 2261 ·
1224 2233 1404 2283 ἐκεῖσε
1449 2231 1505 2283 δὲ
1555 2232 1690 2300 μόνη

103 2325 546 2394 ἀθεμιτογαμία.
611 2324 721 2377 Καὶ
773 2324 860 2377 διὰ
923 2322 1082 2376 τοῦτο
1125 2322 1424 2390 βαρύτερον
1478 2322 1688 2392 ὡρίσθη

103 2412 217 2468 ῶδε
255 2415 316 2467 τὸ
352 2416 650 2485 ἐπιτίμιον.
693 2416 995 2484 Ἐρωτήσει
1031 2414 1086 2467 δέ
1113 2431 1215 2475 τις,
1241 2413 1339 2464 Διά
1392 2413 1441 2466 τί
1492 2413 1692 2482 ὁμοίως

103 2510 478 2578 ἐπιτιμῶνται
527 2510 640 2570 τοῖς
691 2509 1017 2574 αὐτουργοῖς
1063 2507 1157 2559 καὶ
1209 2508 1256 2559 oi
1335 2506 1687 2569 συνειδότεςς

103 2602 332 2666 Λύσις.
372 2601 497 2653 Ἐπὶ
543 2601 651 2651 τῶν
690 2598 964 2668 ἀθεμίτων
1011 2598 1204 2666 γάμων
1257 2595 1418 2649 πλέον
1464 2594 1692 2664 ὤφειλον

104 2691 473 2762 ἐπιτιμᾶσθαι
507 2692 556 2743 0i.
586 2691 892 2752 συνειδότες
939 2688 1092 2757 παρά
1141 2689 1270 2750 τοὺς
1321 2685 1685 2756 αὐτουργούς.

105 2786 353 2848 Τούτους
387 2784 497 2853 γὰρ
547 2783 810 2844 πολλάκις
859 2780 1129 2835 ἀκολασία
1179 2778 1442 2850 ἐρωτικὴ,
1475 2781 1568 2831 καὶ
1615 2779 1689 2848 μὴ

106 2879 500 2950 βουλομένους,
534 2875 766 2942 κατάγει
795 2873 932 2945 πρὸς
958 2873 1018 2925 τὸ
1050 2872 1311 2941 ἀθέμιτον
1340 2889 1352 2901 ·
1402 2873 1600 2923 ἐκεῖνοι
1635 2869 1690 2921 δὲ

106 2969 489 3038 συγγνωστέοι
519 2968 619 3020 οὐκ
667 2967 834 3028 εἰσὶν,
879 2965 955 3028 ὡς
987 2966 1078 3016 ἐπὶ
1107 2964 1184 3032 τῷ
1225 2963 1380 3032 κακῷ
1433 2960 1692 3033 συμπρά-

107 3065 308 3127 ξαντες
329 3060 499 3132 χωρὶς
529 3061 778 3128 ἀνάγκης
819 3057 986 3122 τινὸς,
1019 3059 1113 3110 καὶ
1164 3056 1685 3125 εύχαριστείτωσαν,

1177 372 1254 431 IN
1291 373 1454 434 CAN.
1499 375 1686 434 XXIV
1727 371 1936 436 CONC.
1977 377 2238 441 ANCYR.

196 501 216 532 ι
266 481 551 550 ἀπήγξατο
577 496 590 512 ⁸
630 482 679 532 οἱ
711 480 1015 543 συνειδότες
1062 482 1464 554 ἐκελεύσθησαν
1513 487 1570 538 ἐν
1611 485 1694 536 δε·
1726 491 1766 543 Α

1723 1817 1770 1876 Β

3237 386 3372 454 1196

1879 505 1896 536 ι
1939 498 2188 558 stuprum
2223 499 2342 544 erat
2366 490 2576 544 illatum
2613 507 2672 548 se
2700 493 3008 551 suIIucavit.
3035 495 3137 562 Qui
3169 502 3373 556 conscii

1882 597 1899 628 ι
1946 577 2181 643 fuerant,
2229 583 2368 648 jussi
2430 593 2559 638 sunt
2598 584 2864 642 decennio
2918 589 3058 643 inter
3104 605 3224 654 eos,
3281 595 3371 660 qui

1883 688 1901 720 ι
1943 673 2276 735 consistunt,
2314 674 2502 742 recipi,
2533 689 2630 743 per
2658 675 2860 745 gradus
2887 677 3158 734 deﬁnitus.
3205 701 3224 731 ι

1875 761 2067 817 BALS.
2112 763 2186 817 Ex
2242 763 2384 818 facto
2412 767 2648 835 quodam
2705 767 2837 821 moti
2893 779 3019 824 sunt
3064 766 3273 836 Patres,
3314 779 3394 828 ut‘

1805 865 2129 922 pl'wscntetn
2157 871 2421 910 canonem
2456 858 2696 913 ederent.
2729 858 2821 914 Eis
2865 861 3008 913 enim
3059 865 3367 920 nuntiatum

1799 957 1880 1000 est
1913 947 2204 1014 quemdam
2239 949 2538 1016 hominem,
2567 954 2653 1005 cui
2688 953 2862 1022 puella
2906 964 3026 1008 erat
3073 955 3370 1025 desponsa,

1801 1053 2044 1092 sororem
2071 1040 2191 1107 ejus
2228 1052 2640 1113 constuprasse,
2687 1056 2745 1100 ut
2774 1047 2863 1101 illa
2919 1049 3084 1101 etiam
3114 1064 3178 1104 ει
3222 1050 3372 1104 eoin

1802 1138 1959 1181 utero
2040 1133 2354 1200 conciperet
2429 1135 2605 1202 (illud
2687 1138 2832 1191 enim
2915 1139 3186 1208 signiﬁcat
3271 1157 3373 1212 vox

1800 1222 2185 1291 ἐπιφορῆσαι),
2211 1233 2263 1278 ει
2294 1237 2481 1292 postea
2509 1227 2840 1282 matrimonii
2868 1233 3130 1288 societate
3154 1235 3371 1304 sponsa:

1801 1327 1915 1367 sua:
1950 1316 2275 1384 conjunctus
2303 1328 2405 1370 est.
2441 1317 2571 1385 Ejus
2608 1328 2789 1374 autem
2843 1337 3019 1386 soror,
3053 1340 3175 1378 cum
3228 1328 3374 1382 inre-

1799 1416 1916 1459 stus
1941 1408 2188 1472 crimine,
2216 1408 2318 1461 sibi
2343 1408 2443 1476 ipsi
2469 1419 2695 1464 mortem
2725 1415 3012 1468 conscivit.
3038 1415 3375 1475 Detiuierunt

1800 1513 1954 1568 ergo,
2017 1507 2074 1552 ut
2132 1501 2222 1568 qui
2275 1503 2467 1555 horum
2535 1504 2800 1558 malorum
2863 1507 3080 1562 fuerant
3134 1513 3373 1575 conscii,

1800 1599 1924 1658 post
1947 1591 2269 1648 decennium
2295 1595 2439 1662 quod
2467 1596 2698 1650 debebat
2730 1613 2824 1666 per
2846 1599 3049 1666 gradus
3078 1613 3373 1658 consuetos

1801 1683 2117 1747 procedere,
2155 1686 2223 1739 ad
2259 1688 2562 1740 orationem
2600 1703 2705 1740 una
2743 1704 2864 1742 cmn
2895 1689 3145 1746 ῐίιιειώυε
3176 1694 3376 1748 admit-

1800 1780 2065 1826 terentur.
2127 1771 2205 1826 Ne
2253 1774 2348 1826 tibi
2401 1785 2582 1838 autem
2641 1774 2728 1828 his
2779 1780 3088 1832 contrarius
3127 1780 3373 1834 videatur

1797 1878 1973 1917 canon
2015 1864 2083 1917 78
2132 1865 2327 1918 sancti
2357 1865 2567 1931 Basilii,
2617 1865 2938 1932 decernens,
2990 1880 3111 1937 post
3164 1881 3370 1940 septem

1799 1970 1977 2009 annos
2012 1955 2322 2009 divinorum
2370 1967 2837 2012 sacramentorum
2887 1963 3235 2028 perceptione
3286 1965 3372 2017 di-

1798 2064 1963 2116 gnum
1995 2047 2178 2103 haberi
2209 2065 2356 2114 eum,
2393 2050 2482 2117 qui
2517 2050 2761 2119 legitimo
2791 2052 3138 2108 matrimonio
3161 2055 3371 2109 duabus

1798 2139 2079 2194 sororibus
2117 2138 2450 2207 conjunctus
2487 2148 2590 2192 εει.
2629 2138 2730 2192 llic
2759 2141 2903 2193 enim
2939 2141 3108 2194 multa
3159 2141 3370 2196 nefaria

1797 2235 2090 2286 commissa
2119 2241 2287 2286 sunt:
2319 2231 2636 2296 fornicatio,
2675 2232 2923 2287 illicitum
2956 2236 3366 2289 matrimonium

1795 2333 1848 2379 ct
1875 2325 2052 2378 caedes
2083 2340 2098 2389 ;
2151 2324 2266 2377 illic
2291 2333 2493 2388 autem,
2529 2332 2738 2404 tantum
2781 2326 3050 2380 nefarium
3089 2328 3372 2382 matrimo-

1797 2418 1969 2470 nium.
2000 2414 2067 2469 Et
2098 2426 2382 2485 propterea
2413 2417 2628 2486 gravior
2658 2417 2746 2471 hic
2798 2431 2960 2484 poena
3010 2417 3229 2471 decreta
3263 2428 3364 2472 est.

1794 2507 2220 2578 lnterrogaverit
2250 2514 2432 2561 autem
2468 2505 2779 2576 quispiam:
2813 2506 2923 2562 Cur
2945 2508 3004 2572 ii,
3035 2508 3126 2576 qui
3160 2511 3368 2564 conscii

1796 2607 1946 2663 sunt,
1975 2614 2128 2659 aeque
2160 2598 2483 2668 puniuntur,
2513 2613 2576 2652 ac
2601 2599 2700 2668 ipsi
2739 2599 2993 2654 actores?
3048 2600 3282 2656 Salutio.
3313 2601 3368 2654 In

1796 2689 2002 2744 illicitis
2033 2705 2095 2744 ac
2126 2689 2350 2744 nefariis
2392 2688 2603 2753 nuptiis
2649 2688 2819 2759 magis
2855 2690 3037 2758 puniri
3080 2691 3280 2745 debent
3311 2692 3370 2754 ii,

1793 2783 1885 2851 qui
1919 2790 2046 2836 sunt
2074 2781 2307 2848 conscii,
2339 2795 2501 2850 quam
2531 2781 2621 2849 qui
2649 2792 2838 2849 agunt.
2866 2782 2977 2834 Hos
2995 2781 3137 2834 enim
3164 2783 3368 2835 amoris

1797 2873 2138 2940 impotentia,
2175 2886 2318 2941 saepe
2357 2873 2520 2925 etiam
2559 2873 2830 2935 nolentes,
2879 2873 2945 2924 ad
2981 2873 3034 2925 id
3088 2876 3234 2941 quod
3291 2883 3374 2926 est

1796 2963 2046 3017 illicitum
2103 2963 2479 3030 uel‘arinmque
2528 2961 2748 3016 deducit
2801 2979 2814 3015 :
2872 2962 2978 3016 illis
3029 2973 3208 3016 autem
3261 2978 3368 3016 non

1796 3063 1879 3109 est
1906 3054 2085 3108 danda
2121 3054 2298 3117 venia,
2333 3053 2424 3120 qui
2456 3052 2662 3120 absque
2695 3051 2801 3104 ulla
2834 3050 2991 3122 40],
3045 3052 3374 3106 necessitate

105 3159 195 3210 ὅτι
229 3156 434 3225 ὁμοίως
473 3157 586 3217 τοῖς
630 3154 954 3224 αὐτουργοῖς
999 3151 1341 3216 κολάζονται.
1378 3150 1689 3212 Συνειδότες

1798 3145 1938 3198 male
1975 3144 2238 3197 auxilium
2273 3144 2479 3208 tulere;
2509 3151 2561 3195 et
2595 3142 2732 3197 bene
2777 3155 2960 3194 secum
3011 3149 3194 3193 actum
3251 3155 3374 3195 esse

107 3251 168 3301 δέ
199 3250 344 3301 εἰσιν
369 3248 420 3300 οἱ
459 3246 903 3316 συμπράξαντες,
934 3244 993 3297 οὐ
1032 3242 1136 3313 μὴν
1165 3243 1215 3295 οί
1247 3243 1460 3312 ἔχοντες
1507 3241 1692 3304 ἁπλῶς

108 3342 347 3412 εἴδησιν,
377 3341 470 3394 καὶ
497 3338 744 3394 κωλῦσαι
775 3337 850 3409 μὴ
880 3337 1192 3406 δυνάμενοι.

188 3612 437 3669 ΖΩΝΑΡ.
499 3611 814 3680 Μνηστείαν
875 3625 957 3670 τις
1014 3607 1384 3674 συνεστήσατο
1439 3607 1531 3658 ἐπί
1584 3623 1689 3658 τινι

110 3708 263 3777 κόρῃ
288 3721 304 3737 ο
341 3705 509 3774 μήπω
538 3703 594 3754 δὲ
620 3702 726 3754 τῶν
752 3701 1039 3768 γαμηλίων
1070 3698 1158 3750 ἐπ’
1189 3698 1376 3760 αὐτοῖς
1408 3697 1693 3750 τελεσθέν-

108 3817 245 3860 των,
277 3800 306 3849 ὁ
335 3796 582 3866 μνηστὴρ
616 3792 927 3860 συνεφθάρη
956 3794 1020 3860 τῇ
1052 3789 1252 3858 ἀδελςρῇ
1285 3790 1384 3856 τῆς
1416 3789 1687 3859 μνηστῆς,

109 3890 190 3953 ῶς
242 3887 436 3954 ἔγκυον
473 3885 689 3951 ἐκείνην
749 3882 1033 3950 γενέσθαιι
1079 3880 1252 3933 Τοῦτο
1303 3880 1412 3950 γάρ
1470 3882 1588 3932 ἐστι
1630 3879 1692 3932 τὸ

111 3980 457 4046 ἐπιφορήσω.
515 3975 705 4042 αὑτήν.
762 3968 895 4024 Εἶτα
942 3973 969 4024 ό
1021 3971 1163 4040 ἀνὴρ
1199 3973 1375 4037 ἔγημε
1423 3967 1520 4038 τὴν
1557 3985 1694 4036 μνη-

114 4073 275 4138 στὴν,
305 4070 336 4135 ὴ
370 4067 641 4134 φθαρεῖσα
671 4064 727 4124 δὲ
756 4061 1064 4131 ἀπήγξατο.
1106 4062 1260 4112 Κατά
1309 4060 1418 4111 τῶν
1464 4059 1696 4110 συνειδό-

109 4181 227 4214 των
261 4159 354 4211 οὖν
392 4157 488 4228 τὴν
522 4158 724 4210 ἄτοπον
767 4156 974 4223 ταύτην
1013 4152 1213 4220 πρᾶξιν
1267 4150 1527 4205 δεκαετία
1563 4148 1695 4219 ὡρί-

114 4252 224 4321 σθη
276 4251 418 4306 ὥστε
445 4248 642 4309 αὐτοὺς
672 4246 874 4314 ταύτης
910 4243 1290 4314 παρελθούσης
1329 4243 1584 4310 δεχθῆναι
1613 4243 1692 4302 εἰς

109 4347 246 4404 τοὺς
317 4339 684 4401 συνεστῶτας.
739 4338 799 4389 '0
849 4337 906 4388 δὲ
957 4336 1049 4388 τοῦ
1119 4333 1357 4404 μεγάλου
1407 4332 1691 4386 Βασιλείου

110 4435 522 4502 ἐϐδομηκοστδς
568 4430 756 4496 ὄγδοος
804 4425 1007 4489 κανὼν,
1058 4425 1148 4477 τὸν
1205 4425 1299 4477 δύο
1328 4424 1564 4492 ἀδελφὰς
1613 4425 1691 4482 εἰς

114 4527 457 4581 συνοικέσιον
495 4523 840 4592 ἀγαγόμενον
868 4523 1008 4572 κατά
1031 4518 1190 4571 ἄλλον
1221 4518 1314 4570 καὶ
1363 4517 1523 4570 ἀλλον
1565 4517 1690 4586 χρόι

111 4638 228 4682 νον,
254 4619 507 4671 ἐνιαυτὸν
551 4613 908 4683 προσκλαίειν
939 4609 1132 4678 ὁρίζει,
1167 4607 1256 4660 δύο
1309 4607 1353 4659 δ’
1416 4609 1691 4677 ἐπακροᾶ-

115 4713 269 4775 σθαι,
303 4710 453 4779 τρεῖς
486 4704 840 4764 ὑποπίπτειν,
873 4699 949 4769 τῷ
982 4700 1196 4767 ἐὸδόμῳ
1226 4698 1550 4750 συνίσταθαι
1583 4699 1693 4757 τοῖς

116 4805 356 4864 πιστοῖς,
385 4800 475 4852 καὶ
509 4797 651 4850 οὓτω
683 4797 780 4864 τῆς
809 4794 1124 4864 προσφορᾶς
1154 4789 1566 4855 καταξιοῦσθαι,
1600 4791 1694 4842 ἐάν

123 4897 265 4966 ;.ετά
289 4892 543 4962 δακρύων
604 4889 936 4958 μετανοήσῃ.
972 4883 1130 4934 Εἴποι
1182 4882 1276 4933 οὗν
1324 4882 1389 4932 ἀν
1434 4899 1537 4943 τις,
1574 4882 1694 4943 Πῶς

117 4983 360 5039 ἐνταῦθα
390 4979 694 5051 βαρύτερον
745 4977 870 5036 τοὺς
914 4973 1224 5033 συνειδότας
1253 4973 1302 5023 οἱ
1329 4975 1427 5040 τῆς
1473 4974 1694 5024 συνόδου

121 5079 426 5137 ἑκόλασαν;
461 5069 629 5140 υἷμαι
668 5069 846 5121 τοίνυν
888 5068 972 5118 ὃττ
1010 5064 1138 5116 ἔνθα
1162 5063 1255 5116 δύο
1283 5064 1516 5132 ἀδελφάς
1549 5066 1575 5115 ὁ
1604 5065 1698 5140 αἰτ

122 5173 216 5232 τος
262 5170 339 5230 εἰς
379 5137 556 5233 γάμον
583 5163 797 5229 ἀγεται,
831 5156 1237 5228 ἀθεμιτογαμίᾳ
1270 5157 1406 5226 μόνῃ
1445 5137 1698 5224 πλημμεὶ

122 5265 301 5314 λείται
328 5275 341 5286 ·
387 5258 478 5307 ἐπὶ
520 5255 574 5306 δὲ
617 5254 710 5320 τῆς
747 5249 1031 5319 παρούσης
1072 5247 1379 5308 ὑποθέσεως
1424 5246 1594 5298 πολλά
1628 5253 1697 5299 τα

123 5347 468 5417 τολμηθέντα
501 5340 664 5411 ἦσαν,
690 5341 864 5408 φθορά
891 5339 990 5408 τῆς
1034 5337 1330 5405 παρθένου,
1364 5336 1696 5403 ἀθεμιτογα-

129 5447 253 5515 μία,
281 5444 352 5503 ὡς
378 5440 470 5491 δύο
492 5438 742 5503 ἀδελφαῖς
773 5435 866 5484 τοῦ
895 5431 1058 5485 αὑτοῦ
1086 5430 1396 5499 μιχθέντος,
1417 5431 1508 5481 καὶ
1539 5431 1700 5498 φόνος

129 5541 196 5589 ἐκ
230 5537 326 5604 τῆς
359 5534 536 5592 αἰτίας
567 5527 772 5596 ταύτης
805 5527 1120 5594 γενόμενος,
1159 5524 1255 5575 καὶ
1291 5522 1381 5575 διά
1412 5521 1571 5576 τοῦτο
1603 5523 1700 5593 βαι

136 5631 360 5700 ρύτερον
388 5622 596 5692 ὡρίσθη
631 5622 689 5672 τὸ
720 5619 1017 5686 ἐπιτίμιον.

133 5720 350 5777 ΑΡΙΣΤ.
410 5736 428 5767 ι
473 5715 654 5783 Κόρην
685 5713 763 5773 τίς
821 5727 960 5771 τινος
1010 5708 1482 5778 μνηστευσάμενος
1533 5726 1702 5779 προσ-

213 5833 230 5866 ι
273 5812 480 5880 εφῖλάρη
510 5812 574 5877 τῇ
599 5806 799 5873 ἀδελφῇ
834 5803 1024 5870 αὐτῆς,
1055 5800 1170 5853 εἶτα
1198 5804 1293 5873 τὴν
1319 5799 1561 5873 μνηστὴν
1582 5801 1702 5856 ἔλα-

423 5908 694 5964 ΡΑιιιοι..
731 5892 1232 5967 Οῐι.ΟΧΧΧῊΙ.

1793 3235 2130 3296 existiment,
2163 3233 2307 3301 quod
2338 3248 2444 3285 non
2480 3231 2650 3300 magis
2695 3245 2857 3299 quam
2913 3230 2950 3284 ii
2981 3230 3070 3300 qui
3128 3231 3375 3284 fecerunt

1793 3328 2116 3396 puniantur.
2149 3325 2288 3379 Sunt
2322 3335 2503 3379 autem
2533 3323 2741 3377 conscii
2774 3323 2832 3385 ii,
2878 3325 2971 3392 qui
3007 3339 3169 3392 opera
3216 3323 3374 3392 juve-

1795 3429 1957 3485 runt;
1991 3436 2096 3474 non
2124 3429 2301 3473 autem
2331 3417 2390 3482 ii,
2418 3417 2510 3485 qui
2535 3416 2704 3471 solam
2727 3414 2928 3470 habent
2951 3415 3371 3480 conscientiam,

1793 3523 1847 3570 et
1890 3513 2180 3581 prohibere
2209 3521 2507 3581 nequeunt.

1864 3606 2120 3660 ZONAR.
2158 3605 2440 3674 DeSponsa
2479 3604 2656 3659 fuerat
2708 3604 2926 3660 cuidam
2981 3603 3181 3671 puella,
3210 3601 3372 3670 cujus

1793 3715 2039 3755 sororem
2073 3697 2278 3767 nuptiis
2306 3697 2546 3751 ηοιιόιιιιι
2582 3697 2820 3766 peractis
2845 3711 3080 3762 sponsus
3132 3696 3369 3756 vitiavit,

1795 3807 1916 3862 qua:
1941 3792 2108 3846 etiam
2139 3805 2202 3843 ex
2237 3790 2331 3844 illo
2363 3790 2659 3844 concubitu
2711 3789 2930 3858 gravida
2978 3787 3117 3843 facta
3160 3797 3264 3842 est.
3292 3789 3372 3856 (Id

1793 3883 1936 3937 enim
1968 3881 2238 3951 signiﬁcat
2270 3880 2494 3933 verbum
2540 3878 2924 3948 ἐπιφορῆσαι.)
2963 3878 3230 3946 Sponsam
3275 3878 3370 3930 de-

1796 3972 1920 4025 inde
1951 3975 2032 4024 vir
2065 3971 2185 4038 ejus
2217 3968 2493 4033 traduxit;
2529 3985 2650 4038 qua:
2681 3985 2808 4023 vero
2844 3971 3022 4022 fuerat
3068 3968 3253 4022 vitiata
3309 3982 3367 4020 se

1797 4062 2107 4119 suifucavit.
2138 4060 2339 4114 Contra
2376 4060 2542 4129 igitur
2570 4059 2772 4129 indigni
2827 4058 3088 4112 facinoris
3119 4057 3372 4111 coriscios

1794 4153 2047 4209 decennii
2091 4166 2250 4221 poena
2279 4152 2612 4214 constituta;
2657 4163 2765 4217 quo
2817 4148 3035 4201 demum
3078 4148 3264 4215 elapso
3319 4147 3370 4198 in

1795 4246 2038 4301 fidelium
2071 4250 2403 4298 conventum
2434 4240 2828 4309 reciperentur.
2875 4239 3053 4308 Magni
3087 4253 3213 4293 vero
3265 4237 3369 4290 Ba-

1796 4338 1902 4392 silii
1936 4335 2375 4406 septuagesimus
2395 4345 2622 4387 octavus
2647 4347 2849 4396 canon,
2873 4331 2968 4401 qui
2993 4330 3130 4385 duas
3154 4344 3372 4384 sorores

1797 4432 2016 4485 diverso
2048 4441 2290 4498 tempore
2319 4427 2560 4492 duxerit,
2597 4410 2718 4478 uno'
2742 4439 2886 4478 anno
2932 4426 2985 4477 in
3034 4425 3182 4477 luctu
3210 4437 3334 4476 esse
3354 4463 3370 4486 ,

1798 4523 2014 4577 duobus
2067 4522 2206 4574 inter
2264 4517 2585 4581 audientes,
2646 4517 2822 4570 tribus
2892 4515 2945 4568 in
3004 4513 3374 4568 substratione

1797 4618 2020 4687 degere,
2082 4614 2316 4684 septimo
2349 4613 2403 4665 in
2432 4610 2771 4664 consortium
2841 4609 3082 4663 ﬁdeliqu
3126 4606 3371 4672 admitti,

1796 4723 1848 4765 et
1881 4712 1983 4775 sic,
2018 4711 2060 4762 si
2099 4723 2220 4761 cum
2254 4705 2515 4775 lacrymis
2563 4702 2940 4773 paenitentiam
2992 4699 3185 4770 egerit,
3217 4700 3371 4753 obla-

1799 4801 1946 4854 tione
2003 4799 2224 4865 dignum
2283 4795 2470 4848 haberi
2534 4792 2709 4861 jubet.
2741 4791 2960 4856 Quaeret
3004 4791 3168 4859 igitur
3218 4790 3373 4859 quis-

1799 4893 1992 4960 piam:
2035 4889 2144 4940 Cur
2190 4886 2244 4939 in
2295 4901 2412 4947 eos,
2458 4889 2549 4954 qui
2598 4883 2804 4937 conm-ii
2861 4880 3096 4941 fuerant,
3150 4881 3374 4950 gravius

1801 4981 1902 5032 hoc
1937 4979 2056 5029 loco
2091 4974 2288 5044 synodi
2323 4974 2512 5027 Patres
2543 4969 3074 5025 animadverterint?
3108 4970 3216 5040 Ego
3244 4984 3373 5023 vero

1799 5080 2086 5140 propterea
2115 5067 2163 5119 id
2199 5065 2399 5118 factum
2427 5064 2700 5125 existimo,
2728 5060 2872 5129 quod
2898 5062 2991 5129 qui
3028 5059 3373 5113 matrimonio

1802 5161 1937 5214 duas
1969 5159 2072 5212 sibi
2105 5173 2326 5212 Sorores
2353 5155 2553 5225 jungit,
2587 5154 2639 5208 iu
2671 5169 2738 5208 eo
2787 5163 3021 5218 tantum,
3075 5152 3220 5220 quod
3264 5166 3374 5205 ve—

1803 5254 1916 5306 titis
1976 5266 2036 5304 se
2097 5249 2303 5318 nuptiis
2352 5246 2676 5315 alligaverit,
2733 5253 2922 5313 peccat
2969 5258 2984 5297 :
3035 5243 3088 5295 in
3115 5242 3375 5311 praesenti

1804 5355 1982 5398 autem
2021 5342 2170 5395 facto
2202 5339 2372 5394 multa
2401 5339 2610 5394 scelera
2641 5338 2897 5401 inerant;
2927 5335 3077 5405 virgo
3100 5342 3372 5402 stuprata,

1805 5437 2006 5507 nuptiae
2061 5434 2305 5496 uelat-ise,
2376 5446 2501 5485 cum
2557 5430 2770 5485 duabus
2828 5429 3040 5483 scilicet
3088 5430 3374 5482 sororibus

1803 5530 2003 5591 coitus,
2045 5537 2159 5580 tum
2187 5523 2384 5580 exinde
2427 5538 2649 5593 quoque
2689 5532 2877 5577 secuta
2910 5529 3122 5584 caedes;
3167 5518 3373 5574 idcirco

1804 5619 2146 5690 gnavioribus
2174 5618 2349 5685 pinnis
2371 5617 2498 5681 jure
2530 5616 2770 5668 damnati
2809 5621 2958 5668 sunt.

1803 5701 2032 5764 ARlb‘T.
2068 5727 2084 5759 ι
2128 5707 2358 5772 Quidam
2393 5724 2516 5761 cum
2554 5708 2785 5775 puellam
2813 5707 3224 5773 desponsasSet,
3281 5721 3373 5761 so-

1893 5821 1910 5853 ι
1947 5815 2123 5856 rorem
2160 5800 2280 5869 ejus
2321 5800 2561 5868 violavit,
2591 5798 2785 5855 deinde
2827 5813 3086 5868 sponsam
3142 5800 3368 5867 accepit.

2897 5894 2966 5951 33
