4164 6426
777 388 920 459 1203

2031 395 2307 455 TIIEOD.
2350 395 2743 455 BALSA‘MON

3884 391 4029 458 19.0!

772 500 994 575 quidem
1033 504 1208 559 multo
1240 505 1519 574 antiquior
1554 505 1667 559 haec
1729 506 1974 576 synodus
2015 523 2215 578 magno
2244 510 2344 561 Ba—

2455 508 2654 572 κανὼν,
2704 508 3002 577 ἠγνόηται·
3036 508 3439 578 προγενεστὲρα
3496 509 3608 578 γάρ
3656 509 3780 561 ἐστι
3855 510 4044 580 πολλᾷ

775 598 900 654 silio
930 596 1030 651 fuit
1068 615 1083 653 :
1119 611 1183 652 ac
1218 600 1445 652 omnino
1474 598 1521 652 si
1554 598 1609 651 in
1641 613 1703 653 ea
1734 599 1957 670 aliquod
1991 608 2207 669 tempus
2251 602 2345 654 tri-

771 702 1058 760 gamorum
1107 690 1444 760 paenitentia
1495 691 1816 759 praeﬁnitum
1865 692 2101 763 fuisset,
2137 710 2345 763 nequa-

765 796 935 847 quam
1006 779 1140 835 illud
1209 781 1676 850 sapientissimum
1741 782 2003 838 Basilium
2074 760 2343 840 latuisset.

770 873 889 929 Nisi
922 874 1061 929 forte
1090 876 1206 929 haec
1229 890 1447 945 quoque
1476 876 1719 946 synodus
1742 877 2070 946 prmﬂnitum
2106 885 2345 947 tempus,

771 963 1233 1019 consuetudinem
1267 964 1419 1018 dicit.
1469 964 1710 1035 Tempus
1757 966 1975 1036 quidem
2025 967 2216 1036 igitur,
2260 969 2347 1022 in-

770 1056 891 1128 quit
941 1072 1144 1123 canon,
1200 1057 1532 1127 pra~ﬁnitum
1586 1067 1690 1122 est,
1750 1059 1844 1114 sed
1898 1074 2087 1113 eorum
2141 1061 2234 1129 qui
2277 1059 2347 1113 oh

770 1147 1080 1216 trigamiam
1116 1148 1457 1216 paenitentiae
1509 1147 1713 1202 addicti
1746 1154 1875 1202 sunt
1945 1149 2247 1203 conversio“
2282 1164 2347 1204 ac

774 1237 1129 1309 ﬁduciaerga
1170 1238 1336 1294 Deum
1378 1247 1593 1310 tempus
1642 1242 1943 1296 contrahit.
2006 1240 2062 1295 Si
2110 1256 2347 1310 namque

771 1330 864 1397 qui
900 1331 1114 1384 illorum
1150 1332 1483 1402 pceuitentiae
1528 1338 1819 1402 praefectus
1848 1344 1950 1400 est,
1977 1348 2073 1389 eos
2103 1334 2154 1388 in
2188 1335 2344 1388 luen-

770 1425 858 1478 dis
932 1425 1108 1493 poenis
1171 1427 1413 1480 studium
1487 1426 1847 1496 ardoremque
1909 1442 2021 1497 prae
2076 1442 2133 1481 se
2203 1426 2344 1481 ferre

772 1516 1193 1580 animadvertat.
1238 1534 1335 1573 nec
1364 1520 1711 1574 consternari
1763 1528 1968 1584 mente,
2014 1519 2106 1575 sed
2165 1521 2345 1589 praell-

772 1608 965 1662 dentes
994 1605 1195 1662 divina:
1231 1607 1460 1662 bonitati
1491 1608 1709 1662 veniam
1735 1608 1839 1663 sibi
1871 1615 2168 1662 contractae
2191 1621 2347 1660 nox-.e

772 1698 1048 1767 polliceri,
1087 1699 1377 1768 prmstjtutl
1426 1698 1688 1768 temporis
1726 1698 2070 1753 intervallum
2122 1708 2347 1752 contra-

776 1793 865 1843 het
896 1805 962 1843 ac
991 1790 1275 1860 praecidet.

2448 597 2541 651 τοῦ
2575 599 2811 668 μεγάλου
2843 598 3119 652 Βασιλείου
3145 601 3180 669 ἡ
3215 599 3438 662 σύνοδος
3472 598 3616 669 αῦτη
3638 617 3653 631 ·
3700 602 3802 652 καὶ
3838 617 4051 654 παντε-

2448 691 2576 755 λῶς,
2607 694 2657 745 εί
2688 691 2891 761 ὥριστο
2931 694 3038 762 πρὸ
3082 684 3291 762 ταύτης
3320 694 3512 761 χρόνος
3564 692 3662 745 ἐπὶ
3700 693 3818 744 τῶν
3846 695 4051 760 τριγᾶ-

2452 801 2588 855 μων,
2618 784 2720 837 οὐκ
2749 782 2815 836 ἂν
2850 783 3091 853 ὴγνοήθη
3124 782 3204 852 τῷ
3227 783 3295 833 τὰ
3322 782 3500 834 πάντα
3533 781 3688 849 σοφῷ
3746 781 4047 847 Βασιλεξῳι

2450 880 2497 931 εί
2526 878 2599 948 μή
2624 895 2725 930 που
2752 878 2900 945 λέγει
2934 879 3026 929 καὶ
3041 876 3179 946 αῦτη
3206 877 3239 945 ἡ
3269 875 3482 938 σύνοδος
3507 875 3832 946 ὡρισμένον
3850 876 4049 944 χρόνον

2449 969 2546 1040 τὴν
2573 969 2885 1041 συνήθειαν.
2937 969 2997 1021 ’0
3037 969 3139 1039 μὲν
3160 964 3256 1021 οῦν
3286 970 3504 1039 χρόνος,
3531 969 3728 1037 φησιν,
3790 968 4047 1038 ὡρισμέ-

2449 1077 2537 1125 νος
2563 1063 2739 1115 ἐστίν·
2781 1064 2812 1131 ἡ
2841 1061 2899 1115 δέ
2925 1061 3036 1115 τῶν
3059 1062 3151 1114 ἐπὶ
3177 1063 3239 1130 τῇ
3281 1061 3555 1131 τριγαμία
3618 1061 4050 1129 μετανοούντων

2449 1155 2765 1224 ἀναστροφὴ
2835 1154 2930 1207 καὶ
2955 1157 2987 1221 ἠ
3013 1154 3196 1217 πίστις
3236 1155 3268 1222 ἡ
3301 1153 3437 1223 πρὸς
3459 1152 3553 1205 τὸν
3583 1152 3725 1204 Θεον
3758 1155 4048 1220 συντέμνει

2448 1248 2539 1301 τὸν
2564 1246 2776 1317 χρόνον.
2810 1248 2871 1299 El
2900 1247 3009 1316 γὰρ
3035 1250 3063 1300 ό
3093 1246 3315 1309 τούτους
3352 1244 3662 1311 οίκονομῶν
3695 1246 3809 1313 ὁρᾷ
3843 1245 4047 1305 αὐτοὺς

2451 1340 2685 1410 σπουδὴν
2742 1337 3187 1407 ἐνδεικνυμένους
3237 1339 3332 1391 καὶ
3392 1336 3719 1407 θερμότητα
3767 1337 3905 1405 περὶ
3950 1337 4047 1403 τὴν

2453 1433 2764 1502 μετάνοιαν⁹
2794 1432 2891 1485 καὶ
2938 1432 3039 1483 οὐκ
3063 1430 3571 1499 ἀπογινώσκοντας,
3620 1429 3769 1483 ἀλλὰ
3813 1429 4046 1481 πιστεύ·

2448 1542 2608 1589 οντας
2631 1528 2714 1580 ὅτι
2737 1527 2824 1579 διὰ
2852 1526 2954 1597 τὴν
2990 1527 3194 1595 πολλὴν
3228 1526 3547 1596 ἀγαθότητα
3583 1524 3687 1578 τοῦ
3726 1524 3877 1578 Θεοῦ
3915 1525 4047 1589 ἀφε-

2449 1618 2673 1686 θήσεται
2700 1618 2884 1679 αὐτοῖς
2918 1617 2980 1670 τδ
3020 1618 3353 1688 ἁμάρτημα,
3396 1619 3665 1688 συν-τεμεῖ
3707 1617 3811 1669 τὸν
3862 1618 4051 1687 χρόνον

2449 1710 2545 1764 καὶ
2576 1709 2873 1762 ἐλαττώσει
2901 1708 3086 1761 αὐτόν.

772 1854 1008 1938 ARIST.
1034 1899 1053 1935 ι
1107 1882 1530 1953 Polygamorum
1587 1891 1804 1953 tempus
1848 1882 2200 1938 manifestum
2236 1892 2341 1937 est.

2455 1889 2669 1945 ΑΡΙΣΤ.
2744 1908 2763 1941 ι
2802 1892 2923 1945 Τῶν
2955 1888 3293 1958 πολυγᾶμων
3325 1889 3352 1941 ὁ
3383 1888 3575 1956 χρόνος
3636 1886 3834 1954 σαφής
3857 1900 3873 1913 ·
3911 1884 3969 1937 τέ
4000 1885 4049 1938 δὲ

883 1992 904 2026 ι
943 1973 1444 2045 Pcenitentizeyero
1470 1974 1709 2030 studium
1742 1975 1873 2031 illud
1908 1975 2173 2044 praecidit.
2213 1992 2232 2025 ι

849 2066 1091 2138 Tempus
1124 2068 1485 2136 trigamorum
1521 2076 1574 2122 et
1622 2069 2038 2140 polygamorum
2091 2066 2347 2137 supplicii

775 2160 827 2213 in
865 2167 1064 2228 quarto
1121 2172 1331 2213 canone
1367 2159 1547 2229 magni
1594 2158 1776 2212 Basilii
1832 2167 1886 2213 et
1923 2159 1975 2212 in
2008 2159 2349 2226 octagesimo

776 2251 926 2305 illius
954 2265 1167 2305 canone
1216 2252 1458 2319 ponitur.
1506 2250 1764 2319 Quinque
1809 2252 1954 2304 enim
2009 2264 2205 2313 annos,
2264 2250 2349 2303 in-

772 2342 917 2409 quit,
951 2340 1044 2410 qui
1075 2353 1187 2398 tres
1236 2356 1437 2397 uxores
1487 2342 1663 2407 duxit,
1700 2352 2039 2412 segregetur,
2095 2342 2188 2397 sed
2237 2357 2344 2395 non

773 2434 999 2488 onmino
1032 2432 1100 2486 ab
1146 2434 1378 2490 ecclesia
1410 2445 1698 2498 arceatur;
1734 2448 1922 2487 verum
1946 2436 2083 2488 duos
2120 2441 2215 2485 aut
2238 2442 2347 2488 tres

773 2540 949 2580 annos
972 2526 1281 2579 divinarum
1309 2526 1719 2595 Scripturarum
1748 2525 2028 2580 auditione
2054 2525 2346 2594 dignetur:

773 2625 830 2673 et
863 2626 1052 2687 postea
1091 2632 1267 2687 usque
1300 2618 1367 2672 ad
1411 2618 1685 2687 expletum
1731 2617 2169 2687 quinquennium
2222 2631 2346 2669 cum

776 2711 1028 2765 tidelibus
1079 2711 1382 2776 consistat,
1438 2724 1468 2763 a
1522 2710 1651 2764 boni
1723 2720 1903 2764 autem
1959 2707 2351 2763 communione

774 2804 1092 2869 abstineat;
1130 2813 1184 2859 et
1216 2802 1299 2859 sic
1332 2805 1549 2857 sincere
1592 2802 1925 2870 resipiscens
1978 2800 2044 2854 ad
2096 2814 2346 2855 commu-

774 2896 992 2966 nionem
1045 2896 1390 2950 admittatur.
1432 2898 1502 2949 At
1546 2892 1821 2965 polygami
1872 2908 1966 2948 seu
2019 2892 2114 2963 qui
2161 2892 2351 2962 plures

777 2987 997 3058 nuptias
1055 2987 1294 3041 inierunt
1344 2994 1403 3040 ut
1464 2986 1581 3054 plus
1618 2984 1827 3054 aliquid
1888 2985 2052 3039 etiam
2107 2982 2349 3038 fornica-

774 3084 923 3137 tione
960 3088 1275 3150 peccantes,
1313 3094 1482 3132 unum
1514 3092 1719 3130 annum
1755 3074 2012 3139 deﬂeant,
2067 3083 2176 3130 tres
2219 3074 2349 3128 sub-

2526 2006 2545 2037 ι
2592 1986 2692 2049 τῆς
2717 1984 3008 2055 μετανοίας
3039 1983 3346 2043 σπουδαῖον,
3383 1980 3548 2034 αὐτὸν
3568 1980 3983 2048 ὑποτέμνεται.
4016 1998 4033 2028 ι

2532 2078 2592 2132 '0
2628 2077 2823 2148 χρόνος
2859 2077 2961 2145 τῆς
3015 2073 3303 2142 ἐπιτιμίας
3344 2072 3456 2125 τῶν
3486 2073 3802 2141 τριγὰμων
3832 2072 3928 2123 καὶ
3957 2088 4047 2122 τοο

2446 2171 2708 2240 λυγάμων
2750 2170 2929 2221 κεῖται
2962 2169 3020 2219 ἐν
3054 2164 3131 2234 τῷ
3162 2164 3411 2233 τετάρτῳ
3445 2163 3647 2215 κανόνι
3675 2161 3779 2214 τοῦ
3814 2161 4049 2230 μεγάλου

2448 2260 2731 2315 Βασιλείου
2760 2258 2853 2312 καὶ
2886 2259 2944 2311 ἐν
2966 2257 3047 2326 τῷ
3075 2253 3429 2327 ὀγδοηκοστῷ
3457 2255 3657 2307 κανόνι
3691 2252 3896 2306 αὺτοῦ.
3934 2252 4050 2305 Ἐπὶ

2449 2353 2609 2407 πέντε
2651 2350 2764 2421 γὰρ
2812 2348 2960 2402 ἔτεσί
3002 2363 3141 2418 φησι
3185 2347 3279 2399 τὸν
3331 2345 3607 2416 τρίγαμον
3647 2342 4047 2414 ἀφορίζεσθαι,

2449 2444 2588 2514 πλὴν
2621 2442 2695 2513 μὴ
2733 2443 2911 2511 πάντη
2958 2441 3251 2508 ἀπείργειν
3304 2438 3469 2492 αὺτὸν
3508 2437 3612 2503 τῆς
3700 2434 4044 2503 ἐκκλησίας·

2449 2536 2649 2589 ἀλλ’ἐν
2682 2531 2898 2602 δυσὶνῆ
2960 2532 3053 2585 καὶ
3113 2532 3292 2601 τρισὶν
3336 2529 3488 2581 ἔτεσι
3539 2526 3647 2595 τῆς
3705 2527 3831 2578 τῶν
3886 2527 4042 2578 θείων

2448 2623 2686 2694 Γραφῶν
2713 2623 3033 2692 ἀκροάσεως
3061 2620 3225 2673 αὐτὸν
3263 2617 3451 2683 ἀξιοῦν
3476 2634 3490 2649 ο
3528 2616 3629 2670 καὶ
3668 2616 3819 2685 μετὰ
3847 2615 4040 2677 ταῦτα,

2452 2715 2615 2785 μέχρι
2678 2712 2775 2766 τοῦ
2845 2710 3205 2781 πληρωθῆναι
3256 2709 3355 2777 τὴν
3422 2707 3790 2767 πενταετίαν,
3854 2707 4052 2774 and}-

2451 2823 2569 2860 κειν
2605 2804 2745 2874 μετὰ
2784 2801 2893 2856 τῶν
2922 2802 3137 2855 πιστῶν
3162 2817 3178 2834 ο
3220 2801 3321 2870 τῆς
3345 2800 3403 2854 δὲ
3436 2798 3533 2853 τοῦ
3575 2798 3805 2865 ἀγαθοῦ
3863 2815 4054 2851 κοινω-

2451 2895 2567 2959 νίας
2595 2893 2938 2964 ἀπέχεσθαι·
2976 2893 3072 2946 καὶ
3137 2890 3280 2945 οὕτω
3330 2891 3577 2960 γνησίως
3643 2889 4051 2957 μετανοοῦντα,

2450 2988 2531 3050 είς
2564 2986 2856 3040 κοινωνίαν
2911 2984 3356 3055 παραδεχθῆναι·
3395 2982 3525 3044 τοὺς
3557 2980 3618 3033 δὲ
3660 2981 4052 3049 πολυγὰμους,

2449 3076 2525 3140 ὡς
2554 3075 2719 3128 πλέον
2745 3093 2798 3128 τι
2833 3076 2929 3127 καὶ
2980 3074 3241 3144 πορνείας
3274 3073 3731 3143 ἁμαρτάνοντας,
3792 3069 4049 3123 ἐνιαυτὸν

774 3182 1137 3236 sternantur,
1211 3180 1266 3226 et
1330 3172 1411 3228 sic
1469 3169 1829 3224 admittuntur
1884 3184 2008 3225 cum
2078 3168 2346 3223 ﬁdelibus.

2455 3168 2838 3241 προσκλαίειν,
2872 3170 3024 3238 τρεῖς
3060 3167 3418 3226 ὑποπίπτειν,
3466 3165 3564 3217 καὶ
3594 3164 3746 3217 οὕτω
3774 3162 4054 3239 δέχεσθαι

776 3269 831 3323 Ιξι
887 3267 1129 3339 episcopi
1184 3274 1366 3322 autem
1422 3272 1712 3335 potestate,
1756 3263 1821 3318 ad
1874 3262 2346 3317 conversationem

779 3362 1049 3431 fidemque
1120 3360 1331 3429 agentis
1394 3357 1770 3427 paenitentiam
1838 3357 2230 3426 respicientis,
2289 3363 2349 3409 ut

773 3453 906 3507 dicit
961 3452 1048 3507 hic
1092 3467 1293 3516 canon,
1332 3451 1674 3521 paenitentia
1728 3461 1945 3520 tempus
1996 3450 2342 3516 contrahere,

778 3547 1022 3615 ponitur,

1352 3635 1583 3693 CANON
1624 3636 1716 3692 IV.

782 3752 799 3783 ι
840 3731 896 3787 Si
928 3732 1052 3802 quis
1083 3731 1366 3786 mulierem
1394 3730 1817 3800 concupiscens,
1851 3729 2201 3801 proposuerit
2225 3744 2348 3786 eum

854 3846 871 3879 ι
907 3841 971 3882 ea
1024 3826 1425 3891 concumbere,
1472 3824 1592 3895 ejus
1645 3832 1829 3879 autem
1893 3825 2230 3880 desiderium
2284 3824 2349 3879 ad

851 3939 869 3973 ι
905 3935 1044 3991 opus
1100 3934 1209 3974 non
1259 3918 1495 3983 venerit,
1553 3908 1907 3973 manifestum
1976 3928 2061 3973 est
2115 3917 2261 3987 quod
2319 3932 2349 3971 a

850 4030 869 4064 ι
909 4013 1083 4082 gratia
1116 4019 1386 4068 servatur.
1423 4029 1443 4062 ι

852 4103 1041 4158 BALS.
1076 4103 1135 4158 In
1171 4104 1410 4173 peccatis
1444 4117 1568 4157 esse
1611 4112 1847 4173 quatuor
1899 4103 2106 4173 gradus
2161 4104 2352 4160 dicunt

778 4198 955 4251 sancti
985 4196 1198 4261 Patres,
1233 4195 1655 4265 impressionem
1688 4210 1782 4251 seu
1836 4196 2075 4267 primum
2119 4207 2351 4264 motum,

781 4288 1165 4354 luctationem,
1188 4289 1595 4352 assensionem,
1624 4296 1678 4343 et
1704 4297 1885 4343 actum
1924 4306 1937 4343 :
1980 4304 2214 4359 quorum
2243 4289 2354 4345 duo

776 4382 996 4453 quidem
1029 4381 1205 4451 prima
1252 4395 1361 4436 non
1410 4395 1531 4436 esse
1579 4395 1757 4450 pteuaa
1814 4380 2085 4449 obnoxia;
2143 4381 2194 4435 in
2244 4381 2355 4437 duo

773 4482 957 4529 autem
1006 4471 1173 4545 £05
1236 4487 1357 4542 quae
1439 4481 1784 4541 sequuntur,
1855 4484 2073 4540 penam
2137 4471 2350 4527 cadere.

2461 3262 2599 3332 μετὰ
2622 3260 2731 3314 τῶν
2761 3260 2993 3314 πιστῶν.
3034 3260 3192 3330 Παρὰ
3223 3262 3290 3328 τῇ
3328 3257 3551 3327 ἐξουσία
3601 3257 3664 3310 δὲ
3730 3259 3927 3309 κεῖται
3965 3252 4054 3308 τοῦ

2457 3354 2784 3417 ἐπισκόπου,
2818 3351 2895 3415 ὡς
2925 3352 2954 3403 ό
2989 3350 3181 3419 παρὼν
3211 3349 3392 3403 κανὼν
3424 3348 3597 3417 λέγει,
3629 3348 3950 3400 ἐλαττῶσαι
3970 3345 4058 3397 τὸν

2457 3448 2652 3518 χρόνον
2685 3446 2787 3515 τῆς
2825 3445 3143 3516 μετανοίας,
3177 3444 3315 3513 πρὸς
3352 3443 3456 3510 τὴν
3492 3441 3786 3510 διαγωγὴν
3813 3442 3915 3493 καί
3963 3437 4057 3507 τὴν

2457 3542 2640 3594 πίστιν
2674 3538 2913 3610 ὁρῶντος
2975 3536 3073 3589 τοῦ
3121 3534 3539 3606 μετανοοῦντος.

3058 3628 3297 3683 ΚἈΝΩΝ
3338 3623 3417 3682 Δ’.

2465 3744 2483 3776 ι
2533 3724 2660 3777 Ἐὰν
2690 3719 2962 3790 πρόθηται
2992 3737 3099 3784 τις,
3128 3719 3481 3786 ἐπιθυμήσας
3507 3716 3808 3785 γυναικος,
3849 3731 4057 3781 συγκα-

2548 3835 2567 3868 ι
2601 3814 2861 3883 θευδῆσαι
2892 3812 3054 3883 αὐτῇ,
3103 3812 3179 3882 μὴ
3217 3812 3349 3883 ἐ).οῃ
3376 3811 3435 3865 δὲ
3482 3812 3565 3874 είς
3600 3808 3773 3879 ἔργον
3813 3808 3984 3862 αὐτοῦ
4024 3807 4058 3873 ἡ

2542 3926 2563 3961 ι
2601 3906 2924 3974 ἐνθύμησις,
2960 3906 3214 3973 φαίνεται
3244 3906 3325 3958 ὃτι
3370 3905 3477 3958 ὑπὸ
3536 3904 3642 3973 τῆς
3697 3903 3933 3973 χάριτος
3970 3902 4060 3971 ἐρ*

2537 4021 2555 4052 ι
2599 4002 2829 4073 ρύσθη.»

2535 4094 2730 4148 ΒΑΛΣ.
2773 4094 2898 4147 Ἐπὶ
2946 4092 3055 4145 τῶν
3112 4086 3534 4159 ἁμαρτημάτων
3585 4083 3880 4152 τέσσαρας
3921 4075 4057 4132 εἶναι

2465 4184 2706 4255 βαθμοὺς
2743 4184 2793 4235 οί
2828 4183 2974 4250 ἅγιοι
3006 4180 3244 4249 Πατέρες
3277 4180 3434 4245 φασὶ,
3461 4173 3807 4252 προσῦολὴν,
3843 4172 4051 4239 πάλην,

2464 4277 2883 4348 συγκατάθεσιν,
2914 4276 3009 4329 καὶ
3043 4274 3277 4342 πρᾶξιν·
3311 4265 3388 4325 ὧν
3426 4269 3530 4333 τὰς
3562 4267 3663 4322 δύο
3697 4268 3803 4330 τὰς
3833 4264 4058 4335 πρώτας

2462 4372 2892 4441 ἀνεπιτιμήτους
2934 4364 3115 4431 εἶναι,
3148 4367 3247 4429 τὰς
3295 4365 3353 4417 δὲ
3410 4362 3530 4433 μετ’
3558 4360 3737 4421 αὑτὰς
3798 4357 3899 4411 δύο
3957 4356 4056 4409 ὑπὸ

2463 4463 2762 4531 ἐπιτίμιον.
2810 4458 2952 4516 Οὔτε
3006 4459 3118 4529 γὰρ
3172 4458 3205 4527 ἡ
3252 4453 3533 4527 προσϐολὴ
3587 4453 3876 4521 κρίνεται,
3931 4449 4053 4501 οὕτε

776 4567 964 4636 Neque
992 4567 1140 4621 enim
1194 4565 1486 4634 impressio
1536 4579 1712 4634 neque
1754 4564 1983 4617 luctatio
2028 4561 2349 4649 iudicatur;

2462 4558 2494 4627 ἡ
2526 4555 2693 4625 πάλη,
2720 4555 2818 4608 ἐὰν
2846 4554 2945 4625 τὴν
2976 4551 3287 4623 προσϐολὴν
3325 4547 3785 4619 παραδεξάμενος
3815 4548 3848 4599 ό
3913 4546 4052 4611 λογι-

776 4660 823 4716 si
858 4660 1000 4713 ratio
1033 4657 1451 4727 impressionem
1490 4656 1821 4727 suscipiens,
1855 4665 2063 4711 etcum
2121 4669 2186 4711 ea
2236 4655 2355 4709 col-

777 4755 1005 4818 luctata,
1056 4752 1354 4822 cogitatum
1408 4749 1817 4820 repudiaverit:
1870 4747 2118 4803 assensio
2175 4755 2355 4803 autem

774 4844 1059 4914 judicatur
1108 4851 1163 4898 ει
1204 4850 1516 4902 accusatur,
1564 4850 1619 4896 et
1673 4841 1817 4895 actio
1850 4840 2096 4910 punitur.
2136 4840 2192 4895 Si
2225 4855 2357 4910 ergo

778 4933 1026 4990 mulieris
1086 4931 1424 4987 desiderium
1482 4931 1644 4985 alicui
1707 4930 1972 5000 injectum
2032 4939 2135 4997 est,
2207 4940 2261 4985 et
2310 4930 2357 4985 is

775 5026 979 5088 victus,
1012 5031 1071 5079 ut
1094 5039 1217 5079 cum
1267 5038 1329 5078 ea
1365 5037 1480 5077 rem
1514 5022 1757 5087 haberet,
1818 5036 2080 5078 assensus
2126 5030 2235 5087 est,
2285 5021 2353 5074 ad

777 5134 916 5189 opus
943 5126 1126 5173 autem
1168 5132 1277 5171 non
1317 5119 1487 5178 venit,
1523 5115 1573 5169 id
1600 5124 1704 5179 est,
1732 5126 1915 5169 actum
1947 5130 2054 5170 non
2087 5113 2357 5185 implevit,

778 5211 1133 5267 manifestum
1186 5216 1293 5273 est,
1335 5209 1481 5279 quod
1525 5208 1618 5262 Dei
1671 5209 1846 5279 gratia
1901 5223 2026 5264 eum
2077 5208 2355 5271 servavit;

776 5306 872 5361 sed
912 5320 1018 5359 non
1054 5304 1279 5372 impune
1311 5301 1507 5355 abibit.
1562 5298 1729 5355 Poena
1780 5301 1927 5353 enim
1978 5300 2033 5354 in
2077 5298 2360 5355 assensio-

776 5412 900 5451 nem
932 5396 1098 5451 etiam
1127 5394 1294 5449 cadit.
1330 5393 1445 5447 Hoc
1480 5407 1702 5463 quoque
1759 5391 2112 5446 manifestum
2155 5401 2240 5448 est
2292 5407 2357 5446 ex

774 5504 899 5543 can.
933 5488 1002 5542 70
1032 5486 1210 5543 sancti
1241 5485 1451 5549 Basilii,
1484 5484 1577 5555 qui
1630 5485 1763 5539 dicit
1815 5501 1829 5537 :
1861 5484 2138 5540 Diaconus
2186 5484 2358 5540 labris

774 5580 1039 5650 pollutus,
1079 5580 1197 5634 slve
1228 5578 1322 5648 qui
1354 5593 1529 5648 usque
1562 5577 1629 5632 ad
1671 5578 1922 5632 osculum
1955 5577 2209 5633 mulieris
2233 5592 2360 5648 per—

779 5673 949 5737 venit,
985 5681 1039 5727 et
1067 5687 1128 5727 se
1153 5670 1445 5739 hucusque
1480 5685 1743 5739 peccasse
1773 5667 2067 5724 confessus
2104 5678 2208 5735 est,
2252 5668 2359 5723 mi-

778 5765 1009 5819 nisterio
1053 5761 1101 5818 el
1133 5762 1514 5827 interdicetur,
1548 5760 1601 5815 id
1628 5768 1735 5827 est,
1786 5761 1853 5816 ad
1903 5772 2117 5831 tempus
2163 5761 2355 5829 prohi-

775 5854 996 5913 bebitur
1053 5875 1066 5912 :
1131 5855 1225 5913 sed
1300 5854 1662 5911 sacramentis
1719 5869 1822 5907 una
1901 5867 2023 5909 cum
2104 5852 2355 5909 diaconis

2464 4648 2602 4719 σμὸς
2634 4649 2727 4701 καὶ
2759 4646 3033 4709 παλαίσας
3062 4642 3434 4713 ἀπεπέμψατο
3466 4640 3525 4693 τὸ
3553 4638 3859 4709 ἐνθύμιον·
3918 4639 3954 4707 q
4001 4636 4052 4688 δὲ

2463 4739 2870 4807 συγκατάθεσις
2897 4737 3146 4807 κρίνεται
3172 4733 3270 4787 καὶ
3300 4733 3569 4793 αἰτιᾶται,
3616 4729 3717 4782 καὶ
3758 4732 3794 4797 ἡ
3859 4726 4050 4795 πρᾶξις

2461 4830 2777 4896 κολάζεται.
2822 4830 2948 4883 Ἐὰν
2980 4827 3073 4881 οῦν
3132 4827 3402 4896 ἐπιθυμία
3455 4821 3767 4895 προσέϐαλέ
3814 4838 3926 4874 τινι
3962 4838 4049 4886 γν-

2460 4925 2668 4990 ναικὸς,
2716 4924 2813 4977 καὶ
2856 4922 3104 4991 νικηθεὶς
3157 4918 3534 4987 συγκατέθετο
3596 4916 3834 4984 μιγῆναι
3896 4914 4043 4981 αὐτῇ,

2460 5019 2561 5072 οὐκ
2586 5014 2717 5089 ἦλθε
2742 5018 2799 5070 δὲ
2833 5019 2909 5079 εἰς
2923 5014 3104 5086 ἐργον,
3136 5014 3257 5083 ἦτοι
3280 5012 3343 5065 οὐ
3375 5011 3476 5080 τὴν
3502 5009 3710 5080 πρᾶξιν
3738 5009 4042 5077 ἐπλήρωσε,

2462 5112 2714 5181 φαίνεται
2762 5111 2846 5163 ὅτι
2897 5111 2925 5180 ἡ
2966 5107 3128 5179 χάρις
3167 5106 3262 5159 τοῦ
3341 5103 3479 5157 Θεοῦ
3533 5103 3702 5155 αὐτὸν
3746 5103 4039 5172 ἐῤῥύσατιν

2462 5204 2604 5274 πλὴν
2627 5203 2726 5256 οὐκ
2753 5202 3149 5270 ἀνεπιτίμητος
3198 5198 3375 5251 ἔσται.
3412 5198 3523 5250 Καὶ
3560 5198 3593 5265 ἡ
3642 5194 4040 5261 συγκατάθεσις

2460 5298 2570 5369 γὰρ
2603 5297 2708 5349 ὑπὸ
2735 5293 3011 5363 ἐπιτίμιον
3038 5293 3273 5361 γίνεται.
3310 5290 3420 5341 Καὶ
3457 5287 3618 5340 τοῦτο
3656 5286 3822 5354 δῆλον
3853 5288 3921 5338 ἐκ
3958 5279 4037 5335 τοῦ

2461 5387 2502 5442 o'
2556 5388 2780 5450 κανόνος
2806 5385 2901 5439 τοῦ
2936 5384 3094 5454 ἁγίου
3139 5383 3453 5447 Βασιλείου,
3513 5380 3808 5448 λέγοντος·
3857 5380 4037 5431 Διακο-

2461 5498 2551 5544 νος
2587 5480 2645 5534 ἐν
2674 5480 2878 5550 χείλεσι
2910 5477 3159 5548 μιανθεὶς
3181 5476 3353 5546 ἤγουν
3385 5474 3547 5545 μέχρι
3575 5472 3892 5540 φιλήματος
3920 5469 4038 5539 φθὰ-

2464 5590 2564 5635 σας
2603 5572 2882 5639 γυναικὸς,
2923 5571 3020 5623 καλ⁵
3073 5568 3234 5639 μέχρι
3269 5566 3463 5619 τούτου
3499 5564 3900 5633 ἡμαρτηκέναι
3929 5564 4037 5629 ὀμο-

2465 5670 2726 5739 λογήσας,
2754 5668 2854 5739 τῆς
2883 5668 3233 5736 λειτουργίας
3278 5664 3732 5734 ἐπισχεθήσεται,
3795 5661 4033 5713 τουτέστι

2466 5762 2631 5831 μέχρι
2662 5759 2859 5831 καιροῦ
2894 5758 3272 5828 κωλυθήσεται
3304 5772 3318 5788 ⁸
3376 5754 3475 5808 τοῦ
3531 5755 3589 5807 δέ
3640 5753 3903 5822 μετέχειν
3945 5750 4036 5802 τῶν

2464 5854 2823 5924 ἁγιασμάτων
2871 5852 3010 5923 μετὰ
3062 5850 3173 5922 τῷν
3205 5849 3473 5904 διακόνων
3521 5846 3917 5917 ἀξιωθήσεται.
3976 5842 4036 5895 Τὸ
