4164 6426
191 372 346 438 1209

1262 388 1346 449 IN
1385 390 1551 452 CAN.
1597 391 1672 450 VI
1712 388 1920 453 CONC.
1960 392 2409 458 NEOCESAR.

3332 396 3469 464 1210

182 493 255 546 ἐν
299 501 365 567 τῇ
401 497 530 566 εύχῇ
587 499 757 564 ἐστιν,
815 501 1130 570 ἀκροάσθω,
1191 505 1440 558 τουτέστι
1477 505 1616 573 μετὰ
1677 508 1765 558 τῶς

1890 507 2009 560 dem
2042 526 2104 562 ex
2131 509 2767 578 perfectinrummtmern
2804 509 2983 575 fuerit,
3019 525 3206 564 eorum
3233 513 3463 579 scilicet,

195 589 410 656 μέχρις
453 590 774 658 ἀκροάσεως
821 593 1130 660 ἱσταμένων
1180 596 1384 663 στήτω,
1453 598 1502 647 εί
1540 596 1786 664 ἀπόσχη-

185 695 293 731 ται
322 680 416 732 τοῦ
445 683 807 750 ἀμαρτάνειψ
858 687 908 736 εἰ
951 686 1007 737 δὲ
1051 687 1160 738 τῶν
1187 689 1553 756 ἀκροωμένων
1613 690 1779 752 ἐστὶν,

187 771 286 824 ἔτι
321 775 415 826 καὶ
451 775 778 844 ἁμαρτάνει,
835 778 1162 842 ἐξωθείσθω,
1205 780 1326 832 ἀντὶ
1386 781 1481 832 τοῦ
1541 781 1644 844 ἔξω
1687 783 1786 850 τῆς

190 867 507 936 ἐκκλησίας
543 872 721 940 στήτω
758 873 900 939 μετὰ
927 872 1035 924 τῶν
1066 874 1534 942 προσκλαιόντων.

194 1138 440 1191 ΛΡΙΣΤ.
509 1157 526 1188 ι
578 1138 640 1190 'O
675 1141 731 1192 ὲν
766 1139 1226 1208 τῷκατηχεῖσθαι
1288 1142 1636 1207 ἁμαρτάνων,
1691 1143 1782 1196 ἐὰν

289 1251 307 1281 ι
356 1233 486 1297 γόνυ
524 1232 720 1284 κλίνων
761 1236 957 1302 μηκέτι
993 1235 1321 1303 ἁμαρτάνοι,
1365 1238 1679 1307 ἀκροάσθω·
1732 1241 1780 1290 εί

287 1341 304 1374 ι
353 1325 408 1377 δὲ
455 1327 549 1377 καὶ
581 1328 935 1397 ἀκροώμενος
964 1330 1294 1400 ἁμαρτάνοι,
1329 1329 1514 1383 τέλεον
1545 1329 1784 1383 ἁπωθεί-

278 1435 295 1464 ι
349 1419 480 1472 σθω.
541 1439 556 1468 ι

271 1510 378 1561 Δύο
425 1512 540 1580 εἴδη
576 1513 684 1566 τῶν
740 1517 1170 1586 κατηχουμένων
1227 1518 1384 1570 εἰσίν·
1431 1519 1480 1570 oi
1533 1518 1633 1587 μὲν
1674 1518 1782 1587 γάρ

187 1603 334 1669 ἄρτι
373 1605 794 1676 προσέρχονται·
848 1608 928 1661 διδ
963 1610 1058 1661 καὶ
1117 1610 1192 1672 ὼς
1241 1610 1584 1678 ἀτελέστεροι
1644 1611 1783 1680 μετά

185 1696 305 1760 τὴν
332 1696 598 1762 ἀκρόασιν
629 1697 735 1749 τῶν
768 1699 1024 1768 Γραφῶν,
1055 1701 1149 1752 καὶ
1192 1701 1302 1753 τῶν
1329 1700 1491 1754 θείων
1533 1702 1784 1769 Εὑαγγε-

184 1783 337 1837 λίων
378 1789 542 1849 εὐθὺς
568 1790 808 1856 ἐξίασινο
842 1793 890 1843 οί
920 1793 975 1844 δὲ
1037 1793 1145 1861 πρὸ
1189 1793 1384 1862 καιροῦ
1447 1793 1777 1861 προσῆλθον,

189 1880 302 1932 καὶ
330 1884 590 1948 γεγόνασι
619 1882 938 1951 τελεώτεροι
969 1900 981 1913 ⁸
1011 1885 1134 1937 ὅθεν
1163 1885 1256 1936 καὶ
1283 1885 1419 1952 μετὰ
1449 1887 1509 1938 τὸ
1534 1885 1782 1951 Εὐαγγέ-

187 1979 319 2029 ὶιον
350 1977 447 2046 τὴν
473 1978 566 2029 ἐπὶ
594 1979 702 2040 τοῖς
747 1980 1181 2046 κατηχουμένοις
1223 1978 1388 2048 εὐχὴν
1421 1980 1776 2048 ἀναμένουσι·

186 2071 301 2122 καὶ
329 2071 385 2122 ἐν
413 2070 490 2138 τῷ
525 2071 969 2138 προσφωνεῖσθαι
1006 2072 1089 2132 τὴ,
1117 2073 1180 2123 Οἱ
1206 2072 1629 2141 κατηχούμενοι,
1677 2074 1778 2136 τὰς

187 2164 447 2231 κεφαλάς
481 2163 634 2232 ὑμῶν
661 2163 738 2233 τῷ
769 2165 960 2234 Κυρίῳ
976 2165 1218 2229 κλίνατε,
1238 2169 1295 2218 τὸ
1318 2169 1445 2233 γόνυ
1477 2167 1772 2223 κλίνουσιν.

188 2258 268 2308 Οἱ
305 2255 434 2320 γοῦν
473 2254 815 2322 τελειῖιτεροι,
849 2253 924 2314 ὡς
976 2256 1266 2321 γευόμενοι
1301 2256 1469 2309 καλοῦ
1503 2257 1637 2309 Θεοῦ
1676 2259 1774 2329 ρήο

187 2365 370 2416 ματα,
409 2348 504 2398 καὶ
540 2344 977 2415 παραπεσόντες,
1030 2347 1459 2414 μετακινοῦνται
1510 2349 1609 2418 τῆς
1639 2351 1769 2403 στά-

181 2456 360 2498 σεως,
407 2440 502 2488 καὶ
534 2439 646 2498 τοῖς
681 2437 1057 2504 ἀκροωμένοις
1089 2438 1502 2490 συντάττονται⁶
1536 2441 1582 2491 εί
1605 2439 1659 2491 δὲ
1679 2441 1772 2493 καὶ

178 2531 541 2600 ἀκροώμενοι
592 2529 992 2598 ἀμαρ·.άνουσι,
1028 2531 1130 2599 τῆς
1204 2530 1530 2601 Ἐκκλησίας
1587 2531 1771 2585 τέλεον

173 2623 548 2688 ἐξωθοῦνται.

796 2719 1036 2772 κΑΝοΝ
1074 2717 1164 2784 (τ’.

189 2829 213 2862 ι
255 2811 390 2881 Περὶ
461 2812 866 2882 κυοφορούσης,
921 2813 1002 2864 ὅτι
1060 2812 1142 2864 δεῖ
1203 2811 1557 2880 φωτίζεσθαι,
1607 2815 1768 2867 ὁπότε

262 2921 283 2953 ς
329 2900 598 2970 βούλεται.
671 2903 838 2955 Οὐδὲν
909 2902 1018 2971 γὰρ
1070 2903 1128 2954 έν
1189 2901 1364 2970 τούτῳ
1424 2907 1676 2957 κοινωνεῖ
1733 2907 1766 2974 ἡ

266 3009 288 3042 ι
327 2991 588 3044 τίκτουσα
620 2993 694 3058 τῷ
721 2994 1054 3061 τικτομένῳ·
1107 2991 1194 3044 διὰ
1227 2991 1286 3045 τὸ
1336 2994 1566 3047 ἑκάστου
1633 2994 1770 3048 ίδίαν

268 3101 290 3135 σ
328 3083 425 3153 τὴν
475 3083 802 3154 προαίρεσιν
847 3083 949 3156 τὴν
1006 3085 1100 3137 ἐπὶ
1151 3087 1216 3157 τῇ
1250 3085 1513 3158 ὁμολογία
1552 3086 1767 3140 δείκνυ-

261 3195 283 3229 (
326 3176 473 3232 σθαι.
523 3195 543 3228 ι

263 3359 461 3413 ΒΑΛΣ.
493 3357 654 3420 Τινὲς
679 3358 866 3424 ἔλεγον
894 3357 969 3427 μὴ
1002 3346 1242 3424 ὀφείλειν
1283 3359 1642 3429 βαπτίζεσθαι
1670 3361 1769 3425 τὰς

179 3451 246 3515 ἐξ
280 3451 527 3503 ἀπίστων
566 3452 632 3520 τῇ
702 3449 1009 3520 Ἐκκλησία
1059 3451 1510 3522 προσερχομένας
1568 3470 1770 3521 κυοφοο

186 3544 417 3616 ρούσας,
456 3544 569 3596 ἀλλ’
594 3544 888 3612 ἀναμένειν
922 3543 1019 3608 τὴν
1053 3542 1132 3605 είς
1159 3545 1219 3597 τὸ
1253 3545 1368 3612 φῶς
1411 3543 1506 3598 τοῦ
1541 3547 1766 3602 τοκετοῦ

181 3637 488 3704 ὲΞέλευσιν,
518 3639 601 3689 ἵνα
631 3636 728 3705 μὴ,
765 3637 970 3706 ταύτης
1003 3637 1430 3707 βαπτιζομένης,
1469 3640 1596 3710 δόξῃ
1630 3658 1767 3712 συμ-

181 3729 551 3792 6απτίζεσθαι
585 3731 680 3782 καὶ
730 3728 791 3781 τὸ
835 3729 1334 3799 ὲγκυμνινούμενον,
1368 3732 1443 3793 ὡς
1481 3733 1764 3800 ἡνωμένον

179 3820 360 3872 διόλου
395 3821 552 3888 αὐτῇ·
578 3817 874 3871 κάντεῦθεν
908 3819 1045 3886 μετὰ
1078 3819 1137 3870 τὸ
1169 3820 1527 3889 γεννηθῆναι,
1557 3821 1588 3890 ἦ
1617 3821 1766 3889 ἀφώ-

183 3927 376 3962 τιστον
426 3907 786 3976 καταλειφθῇ,
841 3907 873 3975 ἦ
933 3906 1332 3975 βαπτιζόμενον
1396 3908 1620 3979 λογισθῇ
1670 3911 1765 3964 καὶ

181 3999 341 4058 αὖθις
381 3996 764 4066 βαπτίζεσθαι.
809 3998 870 4046 Οί
901 3995 1032 4062 γοῦν
1070 3997 1334 4065 Πατέρες,
1363 3997 1460 4067 τὴν
1487 3997 1762 4053 ἀντίθεσιν

179 4089 392 4156 ταύτην
438 4089 512 4156 μὴ
533 4086 997 4155 παραδεξάμενοι,
1030 4087 1243 4155 ὥρισαν
1267 4090 1762 4158 ἁποκριματίστως

181 4181 552 4252 βαπτίζεσθαι
599 4181 700 4242 τὰς
750 4179 1151 4249 κυοφορούσας,
1180 4180 1270 4232 ὅτε
1331 4181 1635 4250 βούλοιντο,
1675 4184 1765 4238 διὰ

177 4273 243 4325 τὺ
281 4272 554 4341 μηδεμίαν
587 4269 879 4324 κοινωνίαν
929 4271 1150 4322 ὑπεῖναι
1198 4273 1264 4340 τῇ
1327 4273 1589 4343 τικτούσῃ
1626 4274 1764 4342 μετὰ

181 4361 282 4418 τοῦ
312 4362 663 4430 τικτομένου,
690 4361 813 4414 ὅσον
841 4361 922 4422 είς
954 4361 1043 4412 τὸν
1074 4361 1233 4428 λόγον
1259 4364 1353 4414 τοῦ
1392 4365 1760 4434 φωτίσματος.

190 4457 406 4518 Ἀλλως
438 4472 519 4518 τε,
563 4454 750 4523 φασὶν,
784 4454 1062 4519 ἀναγκαία
1119 4455 1266 4507 ἐστὶν
1301 4456 1330 4524 ἡ
1360 4455 1593 4510 ἑκάστου
1628 4461 1758 4527 ὁμου

183 4549 347 4615 λογία
381 4549 439 4598 ὲν
471 4548 546 4615 τῷ
597 4545 983 4616 βαπτίζεσθαιο
1021 4546 1082 4607 τὺ
1127 4545 1183 4597 δὲ
1222 4545 1462 4616 ἔμϐρυον
1529 4551 1760 4620 ἐστερη-

176 4642 345 4710 μένον
368 4637 665 4698 διαθέσεως
690 4637 747 4688 ού
773 4635 998 4688 δύναται
1029 4635 1128 4697 τὰς
1159 4636 1254 4687 ἐπὶ
1303 4637 1379 4705 τῷ
1411 4636 1758 4709 βαπτίσματι

171 4731 474 4801 ὁμολογίας
512 4729 761 4796 ποιῆσαι.
817 4725 1135 4797 Προσετέθη
1192 4727 1248 4779 δὲ
1302 4727 1378 4798 τῷ
1433 4729 1620 4783 κανόνι
1675 4731 1755 4794 τὸ,

172 4825 264 4876 ὅτε
301 4822 600 4890 βούλοιντο,
633 4820 721 4872 διά
759 4819 884 4881 τοὺς
909 4818 1174 4886 λέγοντας
1207 4821 1316 4889 πρὸ
1352 4821 1452 4890 μὲν
1487 4822 1582 4874 τοῦ
1615 4823 1758 4875 είδο-

176 4914 476 4983 ποιηθῆναι
543 4913 604 4964 τὸ
671 4911 914 4981 ἔμϐρυον
975 4913 1055 4974 είς
1105 4910 1394 4982 ἄνθρωπον
1456 4913 1758 4978 ἀκινδύνως

177 5003 547 5074 βαπτίζεσθαι
597 5003 698 5072 τὴν
754 5003 970 5072 μητέρα
1014 5003 1452 5069 ὲγκυμονοῦσαν,
1501 5005 1641 5075 μετὰ
1699 5005 1756 5058 δὲ

174 5096 339 5150 τοῦτο
370 5095 443 5164 μὴ
489 5094 671 5156 καλῶς
716 5095 890 5163 αὐτὴν
951 5092 1328 5162 βαπτίζεσθαι’
1367 5096 1454 5150 διὰ
1502 5099 1561 5152 τὸ
1613 5095 1756 5152 εἶναι

175 5187 440 5254 τοιαύτης
494 5184 791 5247 διαθέσεως
825 5185 886 5236 τὸ
939 5186 1437 5255 ὲγκυμονούμενον,
1471 5189 1590 5252 οἵας
1645 5191 1756 5244 eisi.

174 5277 274 5329 καὶ
309 5275 674 5345 ἀρτιγέννητα
710 5275 901 5342 νήπια,
939 5275 1005 5326 τά
1035 5274 1108 5344 μὴ
1137 5275 1413 5346 δυνάμενα
1444 5280 1752 5349 ὁμολογεῖν.

173 5365 271 5419 Διό
292 5383 371 5418 τοι
419 5365 514 5417 καὶ
547 5362 701 5417 εἷπον
737 5367 786 5417 οί
817 5365 1057 5434 Πατέρες
1088 5365 1175 5417 ἐπ’
1206 5367 1390 5432 ἁδείας
1451 5369 1596 5439 ἔχειν
1655 5371 1754 5436 τὴν

169 5453 610 5525 ἐγκυμονοῦσαν,
636 5459 722 5510 ὅτε
756 5461 900 5512 θέλει
938 5461 1326 5529 βαπτίζεσθαι.
1386 5464 1466 5516 Τὰ
1508 5464 1607 5533 μὲν
1638 5465 1748 5533 γὰρ

176 5549 422 5620 ἔμϐρυα,
457 5551 604 5613 ὅπως
632 5551 822 5620 ἔχοισι
863 5552 1179 5615 διαθέσεως,
1242 5553 1417 5616 οὐδεὶς
1457 5557 1755 5625 σπεριεργὰ⁹

170 5642 377 5695 σασθαι
410 5642 690 5712 δύναταιῆ
725 5643 1112 5708 ἀναδέξασθαι·
1144 5645 1212 5697 τά
1236 5644 1293 5697 δὲ
1326 5646 1500 5716 νήπια
1533 5646 1620 5699 διὰ
1641 5649 1751 5700 τῶν

166 5733 586 5804 ἀναδεχομένων
618 5735 758 5806 αὐτὰ
781 5737 1184 5802 κατατίθενται,
1221 5738 1315 5789 καὶ
1340 5739 1749 5808 πραγματικῶς

170 5823 525 5896 φωτιζόμενα
551 5826 707 5892 θείας
739 5827 1121 5892 καταξιοῦνται
1162 5828 1504 5900 ἐλλάμψεως.
1579 5832 1739 5885 ‘Ava’t-

1889 602 1978 668 qui
2009 602 2058 652 in
2095 604 2408 670 precatione
2454 618 2592 672 genu
2653 602 2903 664 ﬂectunt.
2952 605 3156 665 audiat,
3225 605 3328 659 hnc
3359 617 3466 671 cst,

1888 708 2012 747 eum
2049 697 2114 748 iis
2149 697 2242 765 qui
2277 696 2573 750 auscultari
2615 698 2998 751 tantummodo
3052 701 3465 768 permittuntur.

1891 787 1934 838 si
1970 787 2133 839 modo
2160 787 2319 840 linem
2353 788 2613 854 peccandi
2641 789 2852 852 fecerit,
2892 790 3194 855 consistat;
3231 793 3315 843 sin
3335 805 3468 844 vero

1889 878 2032 930 inter
2063 879 2348 933 audientes
2379 894 2546 948 agens
2573 881 2752 932 adhuc
2790 889 2972 933 tamen
3022 880 3329 936 offenderit.
3367 900 3466 937 ex-

1888 969 2038 1036 pelli.
2068 970 2171 1022 hne
2193 979 2298 1032 est,
2324 982 2478 1024 extra
2503 971 2789 1024 ecclesiam
2813 986 2937 1026 cum
2968 971 3277 1042 lugentibus
3297 985 3464 1038 stare,

1887 1059 1977 1111 hie
2011 1075 2186 1113 canon
2210 1062 2386 1128 jubet.
2685 1046 2704 1073 ”

1887 1150 2118 1205 ARIST.
2170 1169 2188 1201 ι
2229 1153 2671 1208 Catechuntenus
2738 1169 2990 1222 peccans,
3033 1156 3102 1220 si,
3138 1157 3268 1210 dtnn
3323 1174 3462 1226 genu

1967 1266 1985 1298 ι
2029 1247 2219 1310 ﬂectit,
2248 1249 2481 1317 amplius
2508 1249 2842 1319 peccaverit,
2877 1250 3018 1302 inter
3044 1250 3331 1306 audientes
3357 1253 3422 1304 sit
3446 1267 3464 1315 ;

1965 1359 1981 1390 ι
2031 1343 2136 1404 sin,
2175 1341 2302 1393 dum
2335 1344 2476 1396 inter
2509 1343 2800 1397 audientes
2846 1350 2948 1406 est,
2998 1351 3208 1411 peccet,
3246 1344 3466 1413 penitus

1969 1451 1987 1483 ι
2035 1433 2311 1500 ejiciatur.
2347 1451 2364 1485 ι

1958 1525 2088 1579 Dute
2136 1535 2264 1579 sunt
2326 1527 2537 1594 species
2597 1526 3119 1580 catcehumenornm
3166 1528 3461 1581 :nonnulli

1883 1615 2026 1684 cnim
2057 1616 2217 1668 modo
2245 1614 2556 1675 accedunt;
2595 1617 2854 1682 quocirca
2892 1625 2943 1668 et
2979 1627 3039 1670 ttt
3084 1617 3465 1684 imperfectio-

1883 1632 1948 1667 cn
1979 1632 2026 1666 m
2057 1632 2217 1668 moon
2245 1632 2556 1675 accedunt;
2595 1632 2854 1682 quocirca
2892 1632 2943 1668 et
2979 1632 3039 1670 ιιι
3084 1632 3462 1684 tmperrecuo-

1883 1632 1979 1758 re}
1998 1715 2118 1774 post
2153 1706 2558 1774 Seripturarum
2583 1715 2637 1761 et
2669 1707 3082 1775 Evangeliorum
3123 1709 3462 1761 auditionem

1884 1797 2064 1850 statim
2093 1798 2440 1850 emittuntur.
2472 1797 2574 1850 Alii
2614 1807 2794 1850 autem
2819 1805 2944 1849 ante
2976 1804 3190 1864 tempus
3224 1797 3451 1865 aliquod

1885 1888 2243 1950 advenerunt,
2288 1897 2342 1941 et
2401 1887 2759 1955 perfectiores
2815 1897 3131 1942 evaserunt.
3182 1886 3362 1952 Quare
3409 1897 3465 1942 et

1885 1988 2005 2045 post
2044 1976 2394 2046 Evangelium
2453 1991 2643 2044 preces
2691 1992 2788 2045 pro
2841 1978 3254 2032 catechumenis
3291 1979 3465 2034 factas

1884 2077 2242 2136 exspectant;
2301 2078 2355 2122 et
2421 2083 2546 2121 cum
2607 2067 2736 2122 illud
2782 2069 3001 2130 dicitur.
3048 2071 3462 2136 Catechumeni,

1883 2159 2059 2226 capita
2096 2167 2275 2212 vestra
2312 2158 2542 2212 Domino
2574 2157 2797 2222 ﬂectite,
2844 2175 2981 2228 genu
3005 2159 3245 2216 ﬂectunt.
3277 2161 3466 2216 Perfe-

1883 2252 2084 2305 ctiores
2106 2252 2289 2319 itaque
2325 2261 2384 2304 ut
2413 2252 2504 2321 qui
2535 2253 2676 2305 bona
2713 2250 2806 2306 Dei
2837 2253 3003 2307 verba
3043 2262 3460 2322 pcrgustarunt,

1883 2347 1926 2395 si
1954 2341 2091 2407 lapsi
2157 2339 2383 2401 fuerint,
2442 2342 2679 2396 statione
2738 2356 2836 2395 sua
2899 2352 3208 2408 moventur,
3245 2354 3462 2399 etcum

1881 2431 2227 2486 audientibus
2279 2432 2666 2498 collocantur;
2729 2433 2772 2486 si
2831 2441 3040 2498 autem,
3092 2443 3146 2488 et
3189 2450 3314 2489 cum
3364 2450 3465 2489 au-

1880 2525 2097 2579 dientes
2135 2525 2266 2591 sint,
2302 2531 2553 2594 peccant,
2603 2526 2672 2579 ab
2699 2526 2932 2580 ecclesia
2994 2526 3234 2596 perfecte
3269 2528 3464 2597 expel-

1879 2616 2083 2672 luntur.

2464 2711 2693 2767 CANON
2750 2711 2840 2767 Vl.

1883 2818 1902 2852 ι
1949 2801 2023 2856 De
2051 2818 2115 2858 ea
2174 2819 2296 2870 qua:
2347 2813 2562 2858 uterum
2596 2806 2755 2875 gerit,
2815 2806 2961 2875 quod
3020 2815 3272 2876 Oporteat
3337 2822 3460 2863 eam

1953 2916 1972 2944 α
2016 2898 2308 2965 baptizari,
2364 2897 2584 2964 quando
2637 2897 2797 2953 velit.‘
2855 2897 2997 2951 Nihil
3028 2898 3173 2951 enim
3208 2914 3298 2960 ea,
3340 2916 3463 2968 quae

1954 3011 1974 3044 ι
2021 2992 2182 3062 parit,
2216 3006 2341 3045 cum
2385 2991 2519 3053 fetu,
2546 2991 2639 3060 qui
2686 2991 2920 3058 paritur,
2965 2992 3067 3045 bac
3127 2993 3180 3044 in
3217 3008 3274 3047 re
3305 3008 3454 3047 cont-

1953 3103 1972 3137 ι
2020 3099 2186 3138 mune
2222 3083 2434 3147 habet;
2497 3082 2641 3152 quod
2685 3082 2968 3152 proprium
3018 3083 3462 3154 uniuscujusque

1952 3195 1970 3229 ‹
2017 3175 2328 3231 institutum
2356 3189 2419 3229 ac
2446 3175 2788 3244 propositum
2815 3173 2870 3228 in
2903 3173 3252 3230 confessione
3275 3187 3462 3233 osten-

1951 3285 1970 3317 ι
2018 3267 2198 3320 datur.

1943 3356 2142 3415 BALS.
2178 3356 2408 3423 Quidam
2449 3355 2727 3417 dicebant,
2781 3372 2890 3411 non
2941 3357 3143 3412 debere
3191 3357 3458 3429 baptizari

1869 3449 2142 3518 gravidas,
2179 3463 2299 3517 quze
2356 3463 2421 3502 ex
2471 3448 2783 3503 infidelibus
2829 3449 2896 3503 ad
2956 3449 3253 3504 Ecclesiam
3301 3463 3460 3504 acce-

1869 3541 2028 3604 dunt,
2058 3540 2152 3595 sed
2177 3550 2499 3609 exspectare
2561 3540 2706 3595 fetus
2742 3541 2794 3595 in
2855 3541 3030 3596 lucem
3079 3541 3333 3608 exitum;
3389 3556 3459 3594 ne

1867 3631 1996 3684 dum
2026 3647 2087 3686 ca
2124 3631 2456 3699 baptizatur,
2497 3632 2751 3685 videatur
2782 3646 3003 3701 quoque
3037 3647 3144 3685 una
3191 3632 3458 3698 baptizari

1871 3723 2042 3781 fetus.
2084 3737 2247 3791 quem
2301 3723 2356 3774 in
2413 3731 2572 3776 utero
2620 3725 2785 3792 gerit,
2810 3733 2870 3778 ut
2905 3725 2996 3794 qui
3031 3726 3103 3778 sit
3150 3725 3199 3778 ei
3233 3724 3458 3777 omnino

1868 3815 2097 3867 unitus:
2131 3828 2243 3881 quo
2272 3813 2330 3866 fit
2364 3820 2424 3867 ut
2455 3823 2746 3883 postquam
2801 3824 2966 3869 natus
2999 3814 3184 3877 fuerit,
3218 3814 3299 3869 vcl
3344 3829 3454 3869 non

1868 3904 2179 3975 baptizatus
2229 3904 2590 3972 relinquetur,
2643 3905 2725 3958 vel
2780 3907 2824 3960 si
2891 3905 3227 3974 baptizetur,
3267 3922 3457 3962 rursus

1867 3997 2138 4064 baptizari
2171 4007 2477 4066 reputatur.
2523 3995 2714 4052 Patres
2771 3998 2980 4068 itaque.
3016 3999 3115 4053 hac
3165 3999 3455 4053 contradi-

1868 4091 2050 4142 ctione
2078 4103 2186 4141 non
2216 4088 2476 4152 admissa,
2538 4096 2873 4152 statuerunt,
2909 4097 2963 4142 ut
3004 4089 3123 4143 sine
3171 4088 3282 4141 ullo
3316 4104 3457 4158 prae-

1863 4183 2072 4252 judicio
2101 4182 2449 4249 baptizetttur
2487 4188 2832 4248 przegnantes
2899 4181 3179 4244 mulieres,
3233 4179 3456 4247 quando

1869 4274 2175 4337 voluerint;
2207 4287 2272 4324 en
2296 4271 2441 4339 quod
2473 4271 2608 4323 nihil
2642 4271 2834 4325 habeat
2862 4285 3157 4325 commune
3185 4285 3455 4338 puerpera

1871 4377 1996 4415 cum
2033 4361 2145 4414 fetu
2188 4362 2281 4428 qui
2320 4362 2550 4428 paritur,
2589 4359 2734 4429 quod
2763 4360 2826 4412 ad
2856 4360 3191 4427 baptismum
3229 4359 3452 4414 attinet.

1869 4453 2126 4518 Maxime,
2161 4453 2450 4522 inquiunt,
2481 4468 2606 4507 cum
2647 4454 2716 4507 sit
2769 4451 3070 4519 unicuique
3107 4466 3208 4506 sua
3252 4451 3307 4504 in
3363 4451 3454 4504 ba-

1872 4545 2464 4614 ptismatenecessario
2493 4544 2788 4612 promissio
2833 4562 2845 4596 :
2903 4544 3046 4598 fetus
3092 4554 3300 4610 autem,
3357 4545 3450 4615 qui

1865 4648 1951 4693 est
1990 4640 2042 4692 in
2074 4647 2251 4697 utero.
2286 4651 2412 4691 cum
2473 4637 2544 4690 sit
2597 4635 2889 4692 affectione
2959 4637 3288 4699 destitutus.
3341 4656 3450 4692 non

1861 4734 2040 4796 potest
2073 4742 2194 4795 qua:
2222 4726 2274 4779 in
2305 4724 2633 4794 baptismate
2676 4727 3031 4793 requiruntur
3073 4727 3449 4793 professiones

1863 4828 1916 4873 et
1947 4827 2070 4872 vota
2105 4819 2308 4873 facere.
2339 4817 2501 4888 M7
2539 4816 2821 4884 Adjectum
2873 4824 2958 4871 est
3010 4827 3192 4870 autem
3247 4821 3450 4874 canoni

1862 4908 2016 4971 illud,
2049 4909 2280 4973 Quando
2305 4909 2498 4971 velint,
2537 4916 2761 4976 propter
2792 4922 2887 4962 eos
2918 4909 3012 4976 qui
3052 4908 3264 4974 dicunt,
3297 4920 3450 4963 ante-

1861 5019 2023 5074 quam
2051 5004 2195 5058 fetus
2219 5000 2487 5056 formetur
2529 5001 2583 5055 in
2612 5001 2887 5056 hominem
2937 5016 3098 5071 posse
3155 5001 3447 5056 mulierem

1863 5104 2235 5168 prmgnantem
2284 5096 2403 5150 sine
2463 5093 2708 5164 periculo
2774 5095 3064 5163 baptizari,
3127 5109 3236 5147 non
3295 5102 3448 5147 recte

1859 5199 2039 5242 autem
2076 5187 2344 5254 baptizari
2381 5194 2570 5255 postea
2616 5203 2630 5238 :
2666 5186 2927 5254 quoniam
2965 5184 3040 5248 id,
3089 5184 3236 5254 quod
3281 5183 3450 5238 habe-

1859 5292 1948 5334 tur
1989 5280 2040 5332 in
2068 5290 2242 5342 utero,
2279 5279 2332 5332 itt
2365 5294 2426 5332 ea
2453 5287 2534 5332 est
2557 5277 2979 5342 constitutione,
3021 5278 3072 5330 in
3111 5291 3221 5346 qua
3253 5277 3445 5330 infan-

1857 5383 1938 5428 tes
1963 5375 2124 5427 modo
2165 5373 2276 5427 nati
2309 5372 2400 5441 qui
2443 5371 2689 5438 polliceri
2764 5387 2869 5425 non
2921 5381 3193 5438 possunt;
3222 5381 3279 5425 et
3325 5372 3447 5426 ideo

1861 5464 2119 5517 dixerunt
2155 5460 2366 5521 Patres,
2387 5476 2510 5516 esse
2540 5461 2592 5512 in
2621 5461 2870 5514 mulieris
2905 5461 3144 5523 gravida:
3169 5469 3446 5530 potestate

1859 5554 2126 5624 baptizari
2155 5552 2372 5623 quando
2398 5553 2548 5607 velit.
2580 5552 2866 5618 Quomodo
2889 5553 3034 5608 enim
3087 5569 3146 5609 se
3200 5554 3442 5608 habeant

1858 5646 2022 5712 fetus,
2058 5661 2219 5700 nemo
2246 5653 2424 5714 potest
2464 5646 2803 5715 perquirere,
2858 5647 2941 5700 vel
2979 5661 3073 5702 eos
3123 5647 3434 5716 suscipere.

1858 5739 2104 5792 Infantes
2135 5745 2315 5791 autem
2349 5751 2444 5805 per
2473 5748 2834 5807 susceptores
2864 5753 2994 5792 suos
3055 5738 3348 5800 affirmant.
3378 5748 3432 5792 ct

1859 5840 1980 5888 actu
2019 5830 2275 5902 baptizati
2303 5830 2484 5884 divina
2520 5831 2922 5885 illuminatione
2946 5829 3436 5901 dignicensentut.
