4164 6426
149 365 300 433 ῙΞΞΒ

1204 379 1282 436 IN
1309 379 1474 438 (λιν.
1518 380 1629 437 VII
1672 379 1878 443 CONC.
1915 381 2353 446 NEOCESAR.

3298 389 3428 453 πειι.

144 491 252 533 καὶ
288 485 347 535 οὐ
378 484 666 552 δυνήσεται
691 487 1016 554 ἐπιτιμῆσαι
1051 488 1140 542 τὶν
1193 493 1600 560 διγαῴβαντα.
1634 496 1739 546 Κα-

1849 513 1945 550 nec
1999 503 2196 567 poterit
2243 520 2397 568 eum,
2443 505 2533 571 qui
2567 504 2704 558 duas
2746 521 2943 559 uxores
2987 505 3161 569 duxit,
3210 508 3423 574 punire.

142 573 266 637 λιτις
299 576 351 626 δὲ
376 576 698 643 διωρίσαντο
766 584 1150 634 συνεστιᾶσθαι
1213 586 1388 650 τούτῳ
1446 587 1538 636 τὸν
1591 585 1739 652 ἱερέα.

148 667 302 734 μετὰ
333 667 421 717 τίον
463 669 654 736 καιρδν
686 668 778 721 τοῦ
805 673 1006 738 γάμου.
1040 674 1190 724 Μετὰ
1223 676 1329 743 γὰρ
1349 675 1439 726 τὸν
1473 677 1649 743 γάμον
1679 679 1736 728 οὐ

145 757 540 825 κωλυθήσεται
579 764 1203 831 συνανακεῖσθαιαύτιῖι,
1261 767 1336 826 ὡς
1392 768 1527 834 μηδὲ
1591 771 1742 819 ἀκοι-

151 849 391 914 νωνήτῳ
422 847 560 900 ὄντι.
599 850 785 900 Εἰπὼν
810 851 863 902 δέ
903 854 982 902 ti:
1020 870 1148 905 ποτε
1196 854 1432 918 ὀφείλειν
1463 858 1552 907 τὸν
1593 857 1737 922 διγα-

153 937 422 1002 μήσαντα
460 939 599 1004 μετὰ
619 942 720 1008 τὴν
752 943 1053 995 ἀπόστασιν
1077 945 1173 1012 τῆς
1207 947 1465 1013 διγαμίας
1481 949 1738 1014 δέχεσθαι

145 1025 238 1086 εἰς
277 1029 593 1092 μετάνοιαν,
634 1033 728 1081 καὶ
764 1034 1128 1100 ἐπιτιμᾶσθαι
1194 1036 1298 1104 (ἔτι
1359 1039 1465 1105 γὰρ
1523 1037 1615 1088 τοῦ
1645 1039 1742 1103 γά-

151 1134 268 1183 μου
303 1122 721 1187 συνισταμένου,
749 1123 921 1176 ταῦτα
962 1123 1147 1194 χώραν
1181 1127 1282 1177 οὐκ
1344 1127 1550 1195 ἔχουσι,
1594 1129 1736 1180 κατὰ

145 1210 252 1260 τὸν
278 1210 509 1264 καθόλου
544 1215 788 1276 κανόνα),
821 1218 1021 1284 ἤκουσε
1061 1219 1135 1286 μὴ
1178 1216 1317 1271 εἶναι
1390 1219 1568 1286 γάμον
1618 1220 1743 1271 ἀθέ-

153 1317 344 1367 μιτον,
380 1300 522 1354 ῶστε
560 1304 917 1360 διασπᾶσθαι.
983 1311 1094 1361 Καὶ
1148 1310 1234 1362 διὰ
1275 1311 1433 1363 τοῦτο
1504 1311 1740 1381 ἔρρωται

154 1389 288 1459 μὲν,
319 1394 644 1463 ἐπιτιμᾶται
676 1395 732 1447 δὲ
764 1399 1030 1467 μετρίως,
1069 1399 1146 1464 ὡς
1180 1404 1421 1471 εἴρηται.

628 1654 834 1725 Ἑτέρα
865 1657 1143 1725 ἑρμηνεία
1184 1659 1317 1730 (99).

232 1746 292 1801 Ὀ
348 1747 542 1818 παρὼν
615 1749 797 1803 κανὼν
864 1750 1062 1803 κωλύει
1134 1754 1260 1815 τοὺς
1337 1753 1741 1824 πρεσϐυτέρους

156 1839 452 1893 ἑστιᾶσθαι
509 1843 644 1907 μετά
699 1843 972 1910 διγάμων,
1017 1844 1111 1896 καὶ
1159 1847 1398 1916 παριστᾷ
1434 1847 1518 1898 διὰ
1546 1848 1736 1901 τούτου
1773 1845 1814 1900 Β

148 1931 626 2001 ἑπιτετιμημένον
656 1927 797 1985 εἶναι
823 1934 912 1986 τὸν
950 1934 1205 2004 δεύτερον
1266 1939 1465 2004 γάμον.
1494 1941 1564 1990 Τὸ
1610 1940 1739 1992 αὐτὸ

145 2019 215 2071 δὲ
236 2023 484 2086 φαίνεται
516 2025 610 2075 καὶ
645 2009 862 2077 ἀπὸτοῦ
889 2021 934 2092 γ’
966 2045 1090 2079 καν.
1120 2029 1218 2095 τῆς
1242 2031 1298 2080 ἐν
1326 2031 1736 2100 Νεσκαισαρείᾳ

151 2111 388 2177 συνόδου
424 2113 518 2165 καὶ
550 2114 657 2166 ἀπὸ
686 2113 729 2166 δ’
756 2133 877 2168 καν.
910 2117 1000 2168 τοῦ
1040 2119 1195 2183 ἁγίου
1232 2120 1539 2176 Βασιλείου.
1584 2123 1737 2174 Ἐπεὶ

147 2202 217 2254 δὲ
253 2203 528 2274 βλέπομέν
561 2225 715 2270 τινας
739 2207 1258 2277 σκανδαλιζομένους
1316 2214 1379 2264 ὲκ
1446 2215 1537 2265 τοῦ
1605 2215 1738 2284 μηδὲ

143 2313 280 2348 τινα
307 2297 864 2369 δευτερογαμήσαντα
904 2303 1311 2372 ἐπιτιμηθῆναί
1389 2323 1542 2368 ποτε,
1600 2309 1735 2376 μήτε

149 2387 260 2456 τὴν
288 2390 546 2459 τοιαύτην
580 2393 885 2462 ἱερολογίαν
931 2394 1345 2463 ἐμποδίζεσθαι,
1391 2398 1593 2466 μᾶλλον
1638 2399 1737 2466 μὲν

142 2476 250 2533 οὖν
277 2481 424 2534 ἔστιν
457 2484 543 2535 ὅτε
576 2485 932 2554 ἐπιτρέπεται
963 2487 1051 2540 διὰ
1106 2489 1393 2541 πιττακίου
1461 2491 1732 2558 χαρτοφύ-

144 2574 325 2636 λακος
367 2590 381 2602 ·
419 2577 635 2645 εἴδομεν
669 2578 725 2631 δὲ
775 2581 1127 2649 πατριάρχας
1159 2581 1253 2632 καὶ
1287 2583 1570 2652 ἀρχιερεῖς
1603 2583 1732 2636 πολ-

147 2665 285 2726 λοὺς
311 2667 695 2730 συνεσθίοντας
730 2670 868 2736 μετὰ
907 2670 1174 2738 βασιλέων
1207 2673 1611 2740 διγαμούντων,
1641 2673 1737 2726 καὶ

166 2756 219 2808 ἄ
241 2756 347 2810 λων
369 2760 733 2826 μεγιστάνων,
764 2763 944 2832 φαμὲν
969 2764 1051 2816 ὅτι
1077 2765 1180 2817 κᾶν
1198 2766 1459 2835 ἐπιτιμίῳ
1475 2766 1734 2836 καιρικῆς

145 2849 564 2920 ἀκοινωνησίας
602 2854 666 2906 ἐκ
698 2854 791 2907 τοῦ
829 2856 1090 2925 ῥηθέντος
1126 2857 1352 2918 κανόνος
1399 2860 1446 2910 oi
1477 2858 1733 2928 δευτερο-

146 2940 477 3010 γαμοῦντες
509 2943 820 3011 ὑπέκειντο,
846 2944 964 2999 ἀλλ’
988 2947 1016 2999 6
1077 2948 1175 3016 τῆς
1225 2948 1474 3012 ἑνώσεως
1544 2951 1730 3020 τόμος,

142 3035 571 3103 καταστρωθεὶς
601 3039 734 3107 παρ’
797 3039 954 3108 ἡμῶν
994 3041 1072 3102 είς
1144 3041 1238 3092 τὸν
1294 3039 1336 3094 δ’
1400 3042 1598 3095 κανόνα
1638 3042 1732 3095 τοῦ

144 3127 316 3197 ἁγίου
348 3127 653 3194 Βασιλείου,
687 3129 935 3194 ἐξισώσει
965 3131 1040 3201 τῷ
1099 3131 1302 3202 πρώτῳ
1340 3133 1502 3204 γάμῳ
1553 3134 1729 3186 διόλου

141 3221 246 3270 τὸν
273 3217 528 3286 δεύτερον
556 3233 570 3247 ⁶
599 3217 694 3270 καὶ
736 3218 909 3272 εἰπὼν
941 3221 1072 3272 πότε
1107 3222 1204 3274 καὶ
1268 3213 1418 3275 οὗτοι
1471 3223 1732 3293 ἐπιτιμᾶ-

146 3307 284 3360 σθαι
317 3307 655 3376 ὀφείλουσιν,
687 3309 845 3362 ἔλυσε
875 3309 936 3363 τὸ
978 3312 1277 3381 ἐπιτίμιον.
1335 3315 1473 3382 Φησὶ
1507 3317 1617 3385 γὰρ
1675 3321 1734 3370 ὲν

149 3399 318 3466 μέρει
349 3398 525 3452 ταῦτα
563 3399 661 3470 μὲν
696 3401 826 3470 περὶ
849 3401 944 3454 τοῦ
972 3403 1159 3471 τρίτου
1220 3405 1400 3473 γάμου
1442 3421 1454 3435 ·
1505 3408 1564 3459 οὐ
1628 3409 1735 3477 μὴν

147 3489 282 3543 οὐδὲ
309 3489 399 3543 τὸν
444 3490 696 3561 δεύτερον
732 3493 852 3544 οὐδὲ
885 3494 974 3545 τὸν
1008 3493 1056 3547 α’
1087 3496 1245 3559 ἐκτὸς
1294 3497 1596 3565 ἀσφαλείας
1628 3499 1734 3552 ἑῶ-

150 3599 259 3650 μεν
287 3598 301 3614 ·
337 3582 473 3636 ἀλλὰ
514 3583 808 3642 κάκείνους
831 3583 1088 3655 ὁρίζομεν
1153 3586 1296 3640 οὕτω
1356 3590 1731 3658 συνίστασθαι,

147 3673 303 3728 ὥστε
371 3674 644 3745 μηδεμίαν
705 3676 852 3745 ἔχειν
892 3681 1138 3748 πονηρὰν
1171 3681 1416 3751 αἰτίανῆ
1460 3683 1516 3746 ἐξ
1559 3684 1736 3754 ἅρπα-

152 3765 818 3837 γῆςῆπροηγησαμένης
858 3768 1127 3837 λαθραίας
1186 3771 1417 3841 φθορᾶς,
1451 3775 1589 3829 ἀλλὰ
1648 3795 1736 3831 νο.

149 3859 362 3928 μίμους
443 3858 541 3911 καὶ
617 3857 1027 3930 καθαρεύοντας
1085 3861 1193 3913 τῶν
1261 3862 1525 3917 τοιούτων
1572 3867 1739 3936 μολυ-

154 3949 385 4017 σμάτων
441 3949 536 4002 καὶ
607 3952 854 4020 πονηρᾶς
915 3950 1308 4022 ἀκαθαρσίας·
1384 3956 1481 4008 καὶ
1541 3958 1740 4028 ἐφεξῆς

152 4038 503 4108 ἐπιτιμῶμεν
531 4039 755 4100 τούτους
793 4042 1020 4109 μόνους⁸
1083 4043 1210 4105 τοὺς
1254 4043 1311 4095 δὲ
1381 4043 1603 4110 λοιποὺς
1642 4050 1738 4103 ἀν-

153 4148 180 4182 ε
195 4132 527 4199 πιτιμήτους
558 4134 832 4202 σνντηρεῖ.

211 4223 456 4278 ΖΩΝΑΡ.
506 4223 568 4276 Ἦ
604 4226 840 4294 διγαμία
872 4227 976 4280 ὑπὸ
1006 4228 1283 4298 ἐπιτίμιόν
1310 4230 1482 4284 ἐστιν.
1530 4231 1744 4286 Ἐνιαυ-

152 4315 253 4367 τδν
286 4315 394 4385 γὰρ
425 4316 526 4382 τῆς
580 4316 741 4384 ἁγίας
806 4318 1164 4388 μεταλήψεως
1219 4321 1487 4392 εἴργεται.
1563 4325 1636 4377 Τὸ
1687 4326 1744 4380 δὲ

156 4407 438 4475 ἐπιτίμιον
468 4409 516 4460 oi
555 4410 718 4477 ἱερεῖς
753 4411 1078 4477 ἐπάγουσιν,
1117 4413 1198 4474 εἰς
1243 4415 1533 4482 μετάνοιαν
1589 4417 1746 4487 ἐρχο-

1851 589 2015 643 Recte
2047 602 2228 646 autem
2259 595 2583 650 definierunt
2605 636 2619 658 ,
2665 613 2730 650 ne
2765 598 3020 651 sacerdos
3056 614 3175 650 cum
3205 615 3268 651 eo
3294 613 3429 650 eon-

1849 682 2060 734 vivetur
2090 693 2332 752 tempore
2361 689 2700 754 nuptiarum.
2733 687 2860 742 Post
2895 689 3112 755 nuptias
3140 689 3282 740 enim
3316 704 3423 740 non

1850 769 2229 834 prohibebitur
2279 789 2400 826 cum
2446 790 2510 828 eo
2559 777 2914 839 accumbere,
2962 786 3019 830 ut
3059 779 3150 844 qui
3203 793 3310 830 non
3357 778 3426 830 sit

1847 864 2074 913 omnino
2109 866 2648 919 excommunicatus.
2681 869 2813 920 Cum
2852 876 3032 920 autem
3066 869 3293 921 dixisset
3325 870 3425 920 ali-

1849 953 2070 1018 quando
2102 955 2372 1022 quiSpiatn
2401 998 2415 1018 ,
2448 957 2649 1010 debere
2679 974 2800 1010 cum
2835 960 2926 1028 qui
2961 960 3255 1013 secundam
3292 977 3424 1013 uxo-

1849 1059 1962 1095 rem
1995 1046 2171 1109 duxit,
2205 1056 2494 1114 postquam
2532 1065 2558 1100 a
2591 1050 2833 1103 secundo
2865 1051 3212 1105 matrimonio
3240 1053 3425 1104 diver-

1849 1136 1994 1198 terit,
2025 1136 2087 1187 ad
2117 1138 2493 1204 ptruiteutiam
2525 1141 2692 1206 recipi
2742 1151 2792 1193 ct
2823 1141 2999 1208 pttuiri
3049 1141 3248 1209 (adhuc
3275 1142 3419 1194 enim

1853 1239 2137 1280 constante
2171 1230 2540 1294 matrimonio,
2573 1232 2686 1283 bare
2721 1233 2899 1284 locum
2939 1249 3045 1286 non
3081 1233 3302 1295 habent,
3337 1251 3426 1289 se-

1847 1321 2082 1372 cundum
2109 1321 2470 1375 universalem
2504 1324 2793 1391 regulam),
2821 1325 3026 1375 audivit
3050 1340 3156 1376 non
3175 1340 3296 1378 esse
3320 1325 3425 1377 iiIi-

1848 1412 2013 1464 citum
2045 1413 2476 1476 matrimonium,
2503 1423 2559 1467 ut
2588 1415 2828 1483 separari
2856 1415 3070 1468 debeat.
3096 1415 3155 1468 Et
3177 1425 3425 1484 propter-

1846 1516 1907 1554 ea
1943 1512 2028 1556 est
2091 1503 2310 1571 quidem
2346 1505 2750 1569 confirmatum,
2803 1507 3018 1561 modice
3052 1515 3231 1560 autem
3266 1509 3424 1577 puni-

1849 1601 1958 1657 tur,
1993 1603 2056 1648 ut
2082 1594 2291 1648 dictum
2319 1606 2424 1652 est.

2326 1688 2509 1742 Altera
2546 1689 2938 1757 interpretatio.
3025 1758 3029 1762 _

1921 1778 2168 1832 Przrsens
2205 1794 2377 1832 canon
2423 1781 2672 1849 prohibet
2724 1785 3071 1853 presbyteros
3105 1800 3226 1839 cum
3274 1786 3426 1854 diga-

1847 1874 1949 1927 mis
1983 1876 2261 1927 convivari
2283 1915 2296 1936 ,
2330 1885 2380 1930 et
2415 1891 2508 1943 per
2540 1877 2642 1931 hoc
2683 1880 2981 1932 secundum
3013 1881 3420 1934 matrimonium

1843 1965 2022 2032 puniri
2073 1968 2330 2020 ostendit.
2380 1967 2526 2021 Idem
2564 1977 2745 2023 autem
2793 1980 3016 2039 apparet
3063 1979 3116 2024 et
3161 1987 3224 2024 ex
3262 1973 3423 2024 tertio

1843 2072 2050 2110 Curione
2089 2075 2209 2124 svo.
2256 2056 2717 2123 Neocresarianaz,
2748 2069 2800 2112 et
2841 2076 2905 2114 ex
2950 2077 3160 2115 canone
3186 2062 3219 2114 4
3248 2063 3423 2115 sam-ti

1843 2147 2048 2202 Basilii.
2081 2146 2349 2214 Quoniam
2381 2160 2563 2202 autem
2601 2150 2847 2204 videmus
2876 2153 3167 2206 nonnullos
3196 2153 3422 2216 oiTendi,

1839 2252 1904 2291 eo
1929 2238 2069 2306 quod
2098 2238 2280 2290 nullus
2304 2253 2516 2300 eorum,
2551 2238 2643 2308 qui
2672 2241 2970 2294 secundum
3007 2245 3419 2299 matrimonium

1838 2330 2130 2386 contraxit.
2159 2346 2400 2394 unquam
2428 2333 2708 2399 puniatur,
2736 2348 2834 2386 nec
2864 2333 2930 2387 iis
2956 2346 3424 2392 sacramentorum

1839 2421 2188 2488 partieipatio
2215 2422 2572 2490 impediatur,
2605 2426 2696 2477 sed
2728 2425 2910 2493 potius
2936 2427 3100 2480 etiam
3135 2445 3230 2496 per
3260 2431 3424 2483 char-

1837 2510 2142 2579 tophyiacis
2168 2511 2446 2579 pittacium
2475 2513 2856 2582 permittatur;
2894 2515 3133 2571 vidimus
3157 2527 3423 2572 autemet

1838 2604 2178 2671 patriarchas
2200 2614 2251 2659 et
2269 2612 2471 2659 multos
2491 2606 2624 2658 alios
2643 2607 2918 2660 antistites
2937 2622 3058 2660 cum
3085 2609 3425 2675 imperatori-

1837 2695 1960 2760 bus,
2007 2697 2098 2765 qui
2133 2695 2405 2750 secundas
2437 2697 2658 2765 nuptias
2691 2697 2989 2758 celebrant,
3019 2706 3072 2751 et
3103 2699 3268 2770 408
3299 2717 3424 2756 cum

1835 2788 1956 2842 aliis
1982 2789 2323 2857 magnatibus
2345 2787 2725 2852 comedentes;
2754 2787 3008 2849 dicimus,
3036 2790 3175 2857 quod
3204 2791 3420 2846 etiamsi

1836 2879 2155 2947 temporalis
2198 2877 2788 2934 excommunicationis
2830 2894 3002 2946 pretia:
3042 2894 3106 2934 ex
3161 2881 3425 2948 praedicto

1835 2986 1962 3026 can.
1993 2971 2192 3040 digami
2240 2971 2470 3036 subjecti
2514 2971 2662 3034 sint,
2709 2970 2930 3024 unionis
2969 2980 3149 3025 tamen
3194 2973 3420 3038 decisio,

1834 3076 1956 3129 quze
1983 3076 2011 3114 a
2048 3061 2205 3114 nobis
2230 3060 2333 3114 sita
2359 3068 2442 3112 est
2470 3060 2523 3112 in
2565 3074 2684 3113 can.
2726 3061 2754 3112 ι
2791 3060 2962 3113 sancti
2997 3060 3208 3119 Basilii.
3242 3061 3424 3129 primo

1838 3151 2187 3204 matrimonio
2230 3152 2529 3204 secundum
2579 3149 2807 3204 omnino
2850 3152 3117 3218 wquavit;
3165 3161 3217 3205 et
3253 3153 3419 3215 dixit,

1838 3241 2057 3310 quando
2088 3241 2122 3294 ii
2153 3241 2375 3294 omnino
2405 3241 2726 3309 punientur,
2758 3255 2972 3306 pmnam
3002 3241 3273 3295 dissolvit.
3303 3242 3426 3296 Haec

1837 3333 1999 3386 etiam
2041 3334 2094 3385 in
2126 3333 2446 3401 particulari
2479 3332 2612 3386 dicit
2648 3333 2714 3385 de
2746 3334 2904 3386 tertio
2937 3334 3288 3388 matrimonio
3317 3351 3328 3385 :
3366 3341 3426 3387 at

1839 3440 1942 3479 nec
1971 3424 2275 3478 secundum
2323 3439 2422 3478 nec
2467 3424 2706 3492 primum
2753 3426 2869 3479 sine
2908 3426 3204 3480 secoritate
3251 3426 3422 3479 relin-

1840 3516 2060 3584 quimus
2086 3535 2101 3571 :
2127 3516 2220 3571 sed
2246 3523 2302 3571 et
2330 3516 2420 3569 illa
2449 3515 2529 3570 sic
2557 3517 2944 3570 Constituenda
2968 3517 3335 3579 decernimus,
3363 3527 3423 3570 ut

1840 3609 2041 3661 nullam
2089 3608 2389 3671 improbam
2436 3622 2658 3660 causam
2701 3606 2967 3670 habeant,
3006 3607 3087 3661 vel
3125 3622 3190 3660 ex
3232 3616 3419 3675 raptu,

1837 3705 1920 3758 vel
1955 3718 2020 3757 ex
2055 3703 2394 3757 clandestino
2433 3704 2778 3771 prmcedente
2807 3702 2988 3765 coitu;
3024 3702 3117 3756 sed
3150 3703 3260 3756 sint
3295 3702 3427 3771 legi--

1842 3797 1970 3853 tima
2000 3806 2048 3849 et
2076 3796 2144 3850 ab
2170 3795 2438 3865 ejusmodi
2464 3796 2893 3863 inquinamentis
2919 3793 3283 3860 sordibusque
3313 3808 3426 3846 ma-

1841 3884 1907 3940 lis
1938 3886 2146 3952 aliena;
2180 3895 2235 3942 et
2273 3887 2530 3956 deinceps
2571 3901 2691 3956 qum
2732 3897 2858 3939 sunt
2891 3885 3203 3952 huiusmodi
3245 3886 3421 3940 solum

1842 3979 2134 4046 ponimus;
2182 3979 2392 4049 reliqua
2442 3994 2573 4034 vero
2618 3978 2795 4049 pmnis
2847 3995 2956 4034 non
3003 3979 3241 4034 obnoxia
3289 3993 3425 4033 con-

1843 4079 2046 4125 servat.

1917 4247 2169 4304 ZONAR.
2209 4247 2375 4302 Suam
2421 4248 2670 4318 digamia:
2721 4249 2948 4302 multam
2997 4262 3120 4302 can.
3162 4257 3428 4301 statuere.

1846 4341 1968 4396 Uno
2008 4341 2276 4411 siquidem
2311 4355 2456 4394 anno
2501 4342 2746 4409 digamos
2777 4355 2806 4393 a
2843 4340 3196 4409 perceptione
3243 4355 3427 4393 sacro-

1846 4448 1968 4489 rtrm
1999 4448 2290 4488 munerum
2321 4433 2496 4486 arceri
2523 4432 2736 4500 jubent.
2772 4433 2904 4486 Eam
2941 4447 3069 4486 vero
3095 4448 3307 4501 pmuum
3339 4433 3428 4486 di-

160 4500 332 4568 μένου
358 4499 451 4551 τοῦ
481 4500 910 4569 διγαμήσαντος.
969 4503 1028 4555 Ὀ
1059 4503 1191 4571 γοῦν
1227 4505 1317 4558 διὰ
1376 4507 1476 4576 τῆς
1539 4526 1739 4580 παρου-

1850 4524 2055 4595 gamis.
2102 4524 2204 4578 sibi
2249 4539 2276 4576 a
2321 4523 2646 4592 poenitentia
2681 4524 2983 4577 remedium
3031 4525 3428 4592 quaerentibus,

158 4594 286 4654 σίας
315 4592 479 4645 αὑτοῦ
511 4596 782 4646 συναινεῖν
811 4595 995 4649 δοκῶν
1026 4595 1105 4664 τῷ
1164 4597 1402 4670 δευτέρῳ
1457 4600 1622 4670 γάμῳ
1675 4603 1748 4654 ie—

160 4685 291 4753 ρεὺς
320 4686 402 4748 τίς
432 4684 608 4751 ἔσται,
672 4688 836 4756 φησὶν
862 4689 889 4741 6
911 4688 1110 4756 κανὼν,
1139 4691 1406 4756 τουτέστι,
1466 4691 1586 4756 πῶς
1652 4695 1751 4750 οὐκ

157 4777 546 4848 αἰδεσθὴσεται
633 4781 906 4850 ἐπιτιμῶν
986 4781 1066 4850 τῷ
1139 4782 1633 4853 δευτερογαμοῦντι
1721 4787 1751 4838 6

160 4869 256 4922 διὰ
285 4871 386 4936 τῆς
420 4872 728 4940 παρουσίας
765 4872 931 4925 αὑτοῦ
980 4875 1317 4928 συνευδοκῶν
1374 4878 1438 4944 τῇ
1498 4876 1750 4945 δευτερο-

154 4959 338 5030 γαμίᾳ
373 4977 388 5024 ;
424 4959 586 5016 Ἀλλὰ
615 4962 787 5014 ταῦτα
841 4965 898 5015 ὲν
920 4964 1268 5033 γράμμασιν.
1323 4963 1486 5035 Ἦμίν
1548 4966 1604 5018 δὲ
1656 4967 1749 5020 καὶ

153 5051 513 5122 πατριάρχης
581 5051 758 5122 ὤφθη,
829 5056 926 5107 καὶ
1026 5058 1431 5127 μητροπολίται
1499 5057 1747 5130 διάφοροι

154 5142 585 5213 συνεστιώμενοι
615 5145 1158 5216 δευτερογαμὴσαντι
1194 5148 1425 5218 βασιλεῖ.

1847 4614 2170 4670 sacerdotes
2227 4613 2541 4686 injungunt.
2583 4614 2718 4679 Quis
2753 4629 2884 4684 ergo
2918 4614 3178 4668 sacerdos
3201 4653 3216 4678 ,
3250 4614 3428 4681 inquit

1847 4720 2048 4767 canon,
2082 4705 2343 4760 secundis
2384 4705 2611 4773 nuptiis,
2648 4714 2708 4758 ut
2734 4719 2828 4759 eas
2859 4703 2941 4757 vel
2977 4706 3077 4758 hoc
3114 4705 3256 4773 ipso,
3284 4702 3428 4770 quod

1848 4799 2025 4860 adest,
2064 4798 2296 4866 probare
2326 4797 2596 4859 videatur,
2631 4797 2882 4851 intersit?
2918 4798 3019 4850 hoc
3052 4807 3160 4863 est,
3197 4797 3285 4865 qui
3318 4797 3431 4851 ﬁeri

1851 4897 2035 4957 potest
2068 4899 2125 4943 ut
2158 4904 2375 4957 pomum
2419 4903 2448 4941 a
2480 4889 2694 4957 digamo
2736 4889 2955 4957 exigere
3001 4904 3108 4941 non
3155 4888 3327 4956 pudor
3363 4887 3433 4941 sit

1852 4979 1925 5041 ei,
1977 4979 2068 5048 qui
2118 4979 2318 5048 digami
2365 4977 2570 5032 factum
2620 4995 2648 5031 a
2696 4995 2754 5034 se
2796 4995 2900 5033 non
2942 4979 3260 5048 improbari,
3306 4994 3429 5032 cum

1856 5071 2060 5139 nuptiis
2109 5071 2369 5125 secundis
2405 5071 2525 5140 ipse
2566 5071 2909 5135 interfuerit,
2960 5073 3096 5126 satis
3142 5071 3440 5125 ostendit?

1859 5157 2061 5214 Verum
2101 5160 2215 5216 hmc
2245 5162 2297 5215 in
2329 5162 2482 5216 libris
2515 5161 2715 5230 scripta
2754 5161 3121 5230 reperiuntur.
3163 5161 3275 5215 Nos
3337 5177 3435 5243 au-

155 5247 274 5292 tem
320 5245 375 5291 et
420 5242 787 5308 patriarcham
831 5251 886 5298 et
935 5244 1386 5314 metropolitanos
1428 5248 1738 5319 complures
1779 5252 1830 5308 in
1855 5255 2108 5311 convivio
2131 5256 2476 5327 imperatoris
2499 5254 2768 5314 secundas
2829 5257 3050 5326 nuptias
3094 5242 3434 5311 celebrantes

151 5337 497 5401 aspeximus.

1383 5453 1582 5516 Guill.
1617 5457 1951 5537 Beveregii
1974 5465 2163 5518 notae.

237 5548 590 5625 (Q9)_'Etépa
617 5551 920 5621 ἑρμηνεία.
976 5553 1125 5625 Hanc
1161 5556 1388 5609 alteram
1435 5557 1600 5625 hujus
1628 5574 1718 5610 ca-

157 5622 326 5695 nonis
368 5619 868 5695 interpretationem
900 5626 1072 5695 codici
1108 5624 1401 5679 Bodleiano
1434 5619 1716 5695 acceptam

156 5690 416 5760 ferimus.
480 5689 667 5760 Neque
697 5695 845 5748 enim
895 5694 1083 5749 Grtcce
1134 5706 1310 5749 exstat
1345 5715 1357 5749 :
1395 5699 1490 5750 sed
1523 5689 1718 5752 Latina

151 5759 286 5828 ejus
316 5761 495 5817 versio
526 5759 589 5818 in
612 5766 993 5834 supplemento
1024 5765 1090 5820 ad
1125 5765 1494 5823 Parisiensem
1537 5767 1725 5823 Balsa-

1828 5563 2008 5615 tnonis
2054 5562 2350 5615 editionem
2404 5559 2661 5620 habetur,
2712 5573 2744 5614 e
2793 5556 2986 5612 codice
3033 5555 3250 5610 Tiliano
3310 5572 3422 5623 per

1827 5632 2158 5685 Gentianum
2223 5629 2516 5685 llervetum
2576 5637 2755 5687 eruta.
2809 5628 2863 5684 In
2919 5628 3112 5684 codice
3139 5627 3419 5684 Amerba-

1827 5702 2026 5758 chiano
2053 5700 2419 5758 desideratur.
