4164 6426
158 404 306 466 1217

154 519 427 580 δικάζει]
448 537 504 569 ιι,

157 611 415 673 δείξεων,
448 611 521 672 ὼς
553 611 794 680 εἴρηται,
822 613 883 664 οὐ
916 611 1026 681 μὴν
1071 613 1171 680 τὴν
1199 611 1767 665 ὑποπτευθεῖσοιναπδ

154 703 392 771 ὁμιλίας
427 704 456 771 ἢ
489 705 879 772 συνοικήσεως,
952 706 982 773 ἦ
1020 705 1187 776 ἄλλης
1247 705 1393 766 τινος
1429 705 1631 765 αἰτίας.
1701 704 1764 754 'l'i

160 797 251 858 δὲ,
289 797 384 848 ἐὰν
415 799 442 850 6
468 797 678 860 λαῖκδς,
712 798 850 865 μετὰ
882 798 942 849 τὸ
1004 797 1364 868 μοιχευθῆναι
1399 797 1496 867 τὴν
1533 799 1766 865 γυναῖκα.

157 891 387 953 τούτου,
447 890 694 961 ἀπολύσῃ
759 890 953 960 αὐτὴν,
1012 890 1624 960 προαναὸιϐασθήσεται
1687 891 1763 951 είς

166 979 409 1049 βαθμὸν,
449 981 642 1050 ῶσπερ
664 982 722 1031 ού
774 979 1125 1049 καθαιρεῖτσι
1158 981 1184 1030 6
1216 978 1532 1047 ἱερωμένης,
1571 979 1596 1028 6
1628 977 1768 1027 ἁπο-

162 1073 346 1136 λύσας
403 1078 501 1142 τὴν
566 1071 949 1142 μοιχευθεῖσαν
1005 1072 1242 1138 γυναῖκα
1291 1069 1514 1128 αὑτοῦ;·
1556 1069 1765 1131 Λιπσίς.

187 1165 331 1218 ’Λπὸ
361 1165 455 1216 τοῦ
513 1162 583 1234 ιη’
627 1163 990 1216 ἀποστολικοῦ
1038 1163 1261 1225 κανόνος
1299 1162 1567 1215 κωλύεται
1636 1177 1768 1230 προ-

167 1256 612 1324 οιναῦιῦασθῆναι
641 1260 719 1319 είς
766 1255 974 1324 βαθμὸν
1002 1258 1030 1308 6
1058 1258 1293 1323 γυναῖκα
1327 1255 1532 1324 πόρνην
1561 1255 1766 1320 ἀγόμε-

165 1363 266 1408 νος
307 1364 320 1376 ο
356 1345 538 1414 πολλῷ
559 1345 690 1413 γοῦν
725 1345 890 1397 πλέον
951 1346 1013 1397 οὐ
1097 1343 1712 1412 προαναὸιῦασθήσεται
1741 1347 1766 1393 ο

174 1439 322 1506 μετὰ
350 1437 660 1505 μοιχαλίδος
694 1437 1065 1508 συμφθαρεὶς,
1119 1438 1224 1489 κᾶν
1260 1439 1316 1489 ἐν
1372 1439 1588 1506 ἀγνοίᾳ.
1669 1438 1768 1490 Διὰ

168 1535 290 1598 γὰρ
314 1530 473 1582 τοῦτο
509 1531 605 1583 καὶ
637 1533 686 1583 oi
718 1531 958 1600 Ιιατέρες
990 1533 1083 1583 ἐπὶ
1115 1531 1212 1600 μὲν
1242 1531 1337 1584 τοῦ
1403 1532 1594 1584 λαῖκοῦ
1630 1532 1768 1584 διαί-

177 1623 432 1691 ρεσινοὺ
499 1626 857 1692 πεποιήκασι,
911 1626 1070 1693 χάριν
1124 1623 1219 1674 τοῦ
1275 1622 1610 1690 ἀπολυθῆναι
1668 1623 1766 1692 τὴν

178 1714 492 1782 μοιχαλίδα,
517 1716 611 1768 καὶ
635 1715 708 1784 μὴ
743 1714 1104 1784 ἀπολυθῆναι,
1140 1715 1274 1766 ἀλλὰ
1297 1714 1657 1776 ἁδιαστίκτως
1689 1715 1766 1766 δι-

179 1811 459 1875 ωρίσαντο
492 1807 564 1878 μὴ
604 1807 864 1860 δύνασθαι
909 1809 1001 1859 τὸν
1038 1808 1205 1876 ἄνδρα
1264 1808 1434 1877 αὐτῆς
1487 1808 1566 1870 εἰς
1627 1808 1764 1876 ὑπη-

173 1901 372 1969 ρεσίαν
406 1900 578 1953 ἐλθεῖν
612 1917 625 1931 ·
661 1901 755 1953 ἐπὶ
805 1900 971 1953 δὲτοῦ
1048 1902 1239 1970 ἱερέως
1309 1900 1605 1968 εἰσήγαγον
1664 1900 1762 1968 τὴν

169 1995 466 2062 διαίρεσιν.
521 1994 675 2046 Ἐστι
738 1993 796 2045 δὲ
871 1994 966 2046 καὶ
1019 1994 1255 2064 διαφορὰ
1304 1992 1400 2045 τοῦ
1464 1994 1632 2062 μήπω
1699 1993 1771 2044 l2-

179 2088 451 2156 ρωθὲιτος
530 2088 623 2139 καὶ
711 2084 806 2138 τοῦ
895 2085 1241 2153 ίερωθέντος,
1327 2086 1422 2137 καὶ
1525 2065 1652 2138 διί
1714 2101 1771 2136 τι

175 2181 435 2248 πταῖσμα
470 2176 868 2248 καθαιρεθῆναι
904 2177 1217 2245 μέλλοντος.
1295 2175 1354 2228 '0
1417 2176 1517 2244 μὲν
1549 2176 1659 2246 γὰρ
1697 2175 1771 2244 μὴ

176 2271 460 2339 ἐπιτυχὼν
492 2269 746 2330 πλείονός
782 2285 929 2330 τινος
971 2268 1030 2320 οὐ
1059 2267 1316 2319 τοσοῦτον
1351 2265 1768 2337 βαρυθυμήσει,

175 2363 301 2415 ἀλλ’
329 2362 719 2432 εὑχαριστήσει
756 2361 980 2430 μᾶλλον,
1025 2359 1098 2420 ὡς
1132 2359 1208 2430 τῷ
1249 2361 1436 2412 κανόνι
1492 2359 1566 2428 μὴ
1601 2375 1770 2429 προσ-

175 2455 423 2526 κρούσας
451 2473 464 2486 ο
495 2457 522 2506 6
553 2456 609 2508 δὲ
660 2455 749 2507 δια
777 2471 829 2506 τι
863 2457 1113 2523 πταῖσμα
1167 2455 1356 2522 ἐτέρου
1417 2455 1763 2524 ἀφαιρούμε-

175 2566 272 2611 νος
305 2549 364 2600 τὸ
418 2549 620 2617 προσὸν
660 2548 808 2616 αὐτῷ
839 2547 1052 2617 ἀξίωμα
1075 2548 1324 2618 μεγάλως
1359 2548 1761 2621 δεινοπαθήσειο.

177 2640 260 2693 Τὸ
309 2640 418 2712 γὰρ
449 2645 526 2704 εἰς
564 2643 758 2710 πεῖραν
786 2658 922 2711 ηκον
953 2639 1178 2710 ἀνιαρὸν
1233 2641 1312 2704 είς
1344 2640 1655 2707 ἀφαίρεσιν.

257 2734 504 2788 ΖΩΝΛΡ.
557 2733 776 2803 ’Δνδρὸς
803 2730 996 2784 λαῖκοῦ
1043 2731 1180 2800 γυνὴ
1254 2731 1627 2799 μοιχευθεῖσα,
1676 2733 1763 2784 καλ

180 2822 440 2893 φανερῶς
473 2821 820 2890 ἐλεγχθεῖσα,
887 2817 1203 2871 κωλύειτὸν
1236 2818 1405 2886 ἄνδρα
1464 2818 1633 2886 αὐτῆς
1691 2820 1771 2879 είς

181 2914 495 2984 ὑπηρεσίαν
535 2912 734 2977 ἐλθεῖν,
769 2912 1056 2963 τουτέστιν
1094 2911 1173 2972 είς
1239 2909 1449 2979 βαθμὸν
1497 2911 1771 2977 ίερατικὸν

175 3026 311 3062 τινα
330 3023 344 3038 ·
382 3006 520 3075 πλὴν
547 3007 582 3074 ἠ
616 3003 866 3072 φανερῶς
895 3001 1241 3071 ἐλεγχθεῖσα,
1278 3003 1377 3071 οὐχ
1405 3005 1435 3071 ὴ
1481 3006 1535 3055 ὲν
1562 3002 1769 3072 ὑποψίᾳ

181 3098 460 3168 γενομένη
509 3096 670 3166 ἢκαὶ
718 3093 1166 3164 κατηγορηθεῖσα
1257 3097 1410 3159 παρα
1466 3106 1612 3152 τινος
1663 3091 1772 3142 τῶν

1242 407 1319 465 ΙΝ
1355 405 1518 464 CAN.
1563 406 1642 465 1X
1687 407 1896 466 CUNC.
1941 407 2375 473 NEQQESAR.

578 537 673 588 την
718 517 1073 588 ἐλεγχθείῖαν
1157 522 1247 573 διὰ
1311 522 1564 589 φανερῶν
1629 522 1764 572 ἁπτι-

1876 521 1974 572 bus
2005 524 2280 586 cmivicta,
2319 533 2375 575 ut
2413 523 2619 576 dictum
2657 533 2772 588 est;
2812 538 2916 576 non
2949 532 3130 578 autem
3160 540 3302 592 eam,
3334 546 3453 594 qua:

3307 414 3448 479 1918

1873 613 1970 666 fuit
1999 627 2250 684 suspecta
2289 628 2508 684 propter
2542 618 2963 671 collocutionem
2986 661 2998 681 ,
3029 621 3110 673 vel
3149 634 3454 675 consuetu-

1871 711 2049 761 tliucm
2083 724 2144 760 ac
2177 709 2624 761 lamiliaritatem.
2661 709 2740 760 vel
2775 711 3006 779 aliquam
3034 712 3192 763 aliam
3221 714 3290 766 ob
3319 730 3454 772 cau-

1869 816 2007 854 Sam.
2041 798 2180 862 Quid
2207 809 2415 862 autem,
2443 815 2509 852 an
2537 800 2730 862 laicus,
2760 802 2803 853 si
2837 811 3120 870 postquam
3148 804 3314 876 409
3331 808 3450 877 ejus

1870 910 2008 948 uxor
2034 893 2132 946 fuit
2163 895 2490 959 adulterata,
2523 896 2792 949 dimiserit
2814 912 2954 960 eam,
2985 899 3052 950 ad
3079 902 3306 968 gradum
3330 920 3452 973 pro-

1870 987 2216 1051 mavebitur;
2251 987 2397 1040 sicut
2425 1003 2529 1041 non
2561 989 2856 1056 deponitur
2880 989 2927 1042 is
2959 991 3047 1058 qui
3077 1000 3161 1044 est
3182 1005 3448 1059 sacratus,

1871 1079 2096 1131 dimissa
2127 1094 2296 1130 uvore.
2331 1093 2451 1141 sua,
2480 1095 2600 1147 quin
2631 1079 2904 1132 commisit
2943 1080 3274 1134 adulterium
3303 1085 3324 1136 ?
3353 1085 3453 1137 So-

1872 1170 2024 1223 lario.
2063 1170 2102 1222 A
2148 1186 2361 1225 canone
2407 1171 2706 1239 apostolico
2757 1173 2821 1224 18
2866 1172 3186 1239 prohibetur
3219 1177 3284 1227 ad
3330 1193 3454 1242 gia-

1870 1263 1997 1315 dnm
2035 1263 2369 1330 proumvcri,
2413 1262 2507 1331 qui
2545 1262 2698 1315 duxit
2737 1278 2964 1316 uxorem
3004 1265 3452 1319 fornicatriri-m:

1872 1355 2042 1406 n:ul'o
2065 1370 2192 1423 ergo
2222 1357 2392 1424 magis
2424 1369 2530 1408 non
2563 1356 2992 1423 promovebitur,
3014 1358 3105 1424 qui
3139 1372 3262 1410 cum
3296 1359 3454 1410 adul-

1873 1458 1986 1499 tera
2034 1449 2112 1499 vel
2156 1449 2395 1501 insciens
2431 1464 2542 1501 rem
2581 1447 2792 1501 ltabdtt.
2833 1447 3126 1515 Prtqttcrca
3159 1453 3304 1502 enim
3350 1451 3453 1503 Pa-

1873 1549 1983 1593 trcs
2031 1543 2233 1592 nullam
2274 1543 2324 1592 in
2366 1540 2504 1592 laico
2545 1540 2868 1593 divisionem
2907 1540 3112 1597 fecere.
3158 1543 3227 1592 de
3266 1542 3457 1592 dimit-

1871 1633 2032 1686 tcnda
2064 1634 2332 1691 adultera,
2367 1633 2450 1684 vel
2481 1648 2587 1685 non
2616 1633 2935 1685 dimitti-mla
2965 1649 2978 1684 :
3008 1633 3099 1686 sed
3127 1635 3450 1687 indistincte

1870 1724 2222 1787 dclinicrnut,
2259 1740 2362 1776 non
2398 1740 2559 1793 posse
2594 1725 2714 1792 ejus
2749 1726 3002 1777 maritum
3034 1725 3215 1778 venire
3243 1725 3310 1778 ad
3347 1728 3450 1776 mi-

1872 1819 2184 1870 ttiSlet'innt.
2231 1818 2287 1871 Iit
2342 1820 2639 1872 sacelilote
2684 1827 2866 1871 autent
2915 1817 3234 1871 divisionem
3281 1818 3452 1869 intur-

1875 1899 2230 1964 duxet'efEst
2262 1922 2440 1963 autem
2477 1901 2784 1963 dilTerentia
2819 1910 2940 1979 ejus
2968 1911 3059 1978 qni
3093 1910 3334 1962 nondum
3372 1919 3456 1962 cst

1872 2011 2143 2058 sacratus,
2182 2011 2232 2053 et
2262 2001 2378 2069 ejus
2416 2003 2506 2069 qui
2541 2010 2623 2054 est
2659 2009 2941 2063 sacratus;
2977 2002 3070 2056 sed
3103 2011 3326 2070 propter
3359 2003 3453 2054 de-

1872 2095 2060 2148 lictum
2105 2094 2323 2161 aliquod
2361 2104 2440 2147 est
2476 2094 2854 2163 deponendus.
2894 2092 2995 2159 Qui
3033 2094 3177 2147 enim
3219 2108 3325 2145 non
3370 2102 3454 2144 est

1873 2189 2049 2252 majus
2084 2186 2301 2254 aliquod
2346 2194 2653 2249 assecutus,
2690 2201 2794 2238 non
2833 2195 2940 2237 tam
2977 2201 3117 2254 εδει-ο
3150 2185 3318 2238 feret:
3357 2185 3451 2237 sed

1870 2295 2025 2347 :L-qno
2055 2280 2236 2347 potius
2276 2280 2460 2330 animo
2499 2280 2736 2345 patietur
2768 2288 2819 2332 et
2854 2280 3147 2339 la-tabitur,
3183 2279 3326 2346 quod
3361 2293 3450 2330 ca-

1877 2384 2076 2422 uonem
2111 2384 2221 2420 non
2269 2364 2578 2421 Oﬂelldi'l‘ll.
2625 2367 2676 2421 Is
2704 2378 2904 2429 autem,
2940 2369 3026 2421 cui
3065 2378 3285 2436 propter
3315 2369 3454 2420 alte-

1877 2462 1994 2515 rius
2021 2461 2281 2514 delictum
2312 2459 2560 2514 aufertur
2589 2474 2650 2513 ea
2683 2475 2844 2526 quam
2875 2462 3032 2513 habet
3061 2461 3325 2529 dignitas,
3357 2461 3457 2512 ad—

1877 2556 2097 2606 modum
2127 2568 2267 2621 a-gre
2299 2554 2458 2604 feret.
2497 2551 2550 2604 Id
2580 2552 2726 2605 cuint
2752 2551 2895 2620 quod
2923 2553 3036 2621 jam
3067 2561 3325 2620 expertus
3351 2562 3458 2616 est,

1877 2645 2162 2696 molestum
2199 2652 2282 2696 est
2324 2643 2366 2696 si
2409 2642 2716 2695 auferatur.
2773 2642 2786 2710 ξ

1940 2734 2194 2790 ΖοΝΑιι.
2234 2734 2289 2788 Si
2331 2736 2452 2787 laici
2492 2750 2631 2787 uxor
2688 2733 2942 2787 adulterii
2992 2733 3285 2789 manifesto
3322 2750 3459 2790 con-

1869 2825 2010 2878 victa
2039 2827 2129 2888 sit,
2163 2826 2286 2893 ejus
2317 2825 2492 2878 virum
2527 2843 2555 2876 a
2594 2825 2919 2890 llllitlSiCl'lO,
2959 2839 2986 2876 a
3022 2839 3307 2877 sacrorum
3349 2824 3460 2878 sci-

1871 2917 2001 2972 licet
2043 2917 2299 2971 ordinum
2348 2917 2742 2983 susceptione,
2793 2917 2968 2970 arceri
3019 2913 3243 2986 [canou]
3282 2915 3458 2986 jubet;

1870 3009 2034 3063 modo
2084 3017 2265 3062 tamen
2319 3008 2628 3060 manifestis
2681 3008 2896 3061 iudiciis
2943 3007 3193 3061 convicta
3245 3009 3461 3071 mulier,

1871 3119 1982 3156 non
2019 3107 2201 3156 autem
2231 3101 2311 3155 vel
2340 3101 2659 3170 suspicione
2694 3109 2900 3152 taututn
2930 3110 3136 3166 notata,
3167 3101 3248 3155 vel
3277 3101 3346 3154 ab
3370 3102 3460 3166 iis,

178 3191 538 3260 κατηγορεῖν,
597 3188 734 3241 ἀλλὰ
785 3188 968 3258 ῥητοῖς
1018 3181 1348 3254 προσώπων.
1388 3185 1462 3238 Οὐ
1538 3187 1649 3252 γὰρ
1695 3179 1771 3250 τῷ

1878 3195 2081 3263 quibus
2131 3207 2326 3246 nomen
2377 3191 2520 3244 illius
2571 3191 2847 3244 deferendi
2901 3198 3145 3259 potestas
3199 3205 3309 3243 non
3354 3203 3461 3256 est,

177 3282 502 3354 βουλομένῳ
561 3281 776 3347 ἐφεῖται
836 3278 967 3348 περὶ
1008 3275 1255 3345 μοιχείας
1317 3278 1643 3342 κατηγορεῖν
1707 3277 1767 3328 οὐ

173 3376 507 3444 δυναμένων
533 3372 701 3441 αὐτῆς
733 3371 1061 3440 προσώπων.
1091 3372 1166 3423 UO
1195 3370 1303 3440 γὰρ
1328 3370 1406 3439 τῷ
1463 3371 1777 3441 βουλομένῳ

175 3468 401 3532 ιφεῖται
479 3466 606 3533 περὶ
685 3463 927 3532 μοιχείας
1005 3464 1330 3532 κατηγορεῖν
1391 3463 1526 3514 ἀλλὰ
1604 3480 1773 3534 προσ-

174 3562 382 3621 ώποις.
433 3556 560 3609 Ἐὰν
613 3557 668 3609 δὲ
732 3556 826 3607 καὶ
903 3555 1202 3624 ἱερωμένου
1293 3556 1431 3625 γυνὴ
1489 3558 1777 3628 μοιχευθῇ,

177 3649 460 3703 ἀπολῦσαι
488 3648 660 3718 αὐτὴν
679 3647 909 3716 ὀφείλει,
937 3648 1180 3699 τουτέστι
1202 3647 1526 3716 διαζυγῆναι
1558 3649 1730 3718 αὐτῆς
1763 3688 1778 3704 .

177 3744 238 3794 εί
274 3741 328 3792 δὲ
365 3740 534 3809 συζῇν
565 3740 702 3810 αὐτῇ
753 3739 1028 3808 βούλεται,
1085 3738 1352 3789 κωλύεται
1384 3741 1483 3806 τῆς
1540 3741 1778 3808 ἐγχειρι-

183 3834 418 3900 σθείστ,ς
446 3831 596 3900 αὐτῷ
637 3833 931 3894 διακονίας,
970 3832 1089 3900 ἣτοι
1159 3833 1252 3881 τοῦ
1307 3830 1518 3900 βαθμοῦ
1581 3833 1660 3893 είς
1723 3831 1781 3884 ὃν

179 3927 527 3996 κατετάχθη.
614 3927 680 3977 Ἠ
709 3925 818 3991 γὰρ
893 3925 1246 3993 μοιχευθεῖσα
1292 3924 1588 3992 μεμίανται
1627 3941 1640 3955 ·
1668 3925 1696 3973 6
1724 3923 1780 3975 δὲ

175 4019 368 4090 ταύτῃ
390 4017 722 4086 μιγνύμενος
758 4015 814 4066 ἓν
839 4017 996 4084 σῶμα
1027 4017 1257 4081 γίνεται,
1294 4015 1384 4066 καὶ
1412 4014 1598 4065 λοιπὸν
1649 4032 1779 4084 μετ-

185 4113 589 4180 έχεικὰκείνος
626 4110 720 4161 τοῦ
777 4109 1109 4177 μιάσματος.
1173 4107 1233 4159 'U
1284 4106 1340 4158 δὲ
1397 4110 1772 4176 μεμιασμένος

182 4205 312 4264 πῶς
340 4203 663 4272 δεχθήσεται
691 4201 770 4262 είς
795 4216 846 4252 τι
881 4200 1026 4251 θεῖον
1050 4198 1454 4267 λειτούργημας

183 4301 358 4369 gione
427 4301 603 4367 ipsum
681 4295 942 4349 maculari
1030 4309 1259 4348 necesse
1306 4302 1413 4347 est.

181 4391 369 4445 ferat?

187 4483 419 4539 ΑΡΙΣΤ.
467 4499 486 4531 ε
538 4479 595 4532 '0
630 4477 840 4540 λαῖκδς,
879 4469 938 4528 οὗ
980 4476 1014 4544 ἡ
1050 4473 1190 4543 γυνὴ
1251 4474 1631 4543 μεμοίχευται,
1717 4479 1778 4531 οὐ

267 4595 284 4627 ι
319 4572 648 4644 κληροῖηαν
686 4570 780 4623 καὶ¹
808 4571 835 4620 6
875 4570 931 4621 ὲν
993 4568 1184 4636 κλήρῳ
1219 4567 1267 4617 εί
1293 4566 1515 4635 κατέχει
1558 4584 1782 4638 μοιχευ-
1813 4597 1864 4654 D

280 4688 297 4719 ι
346 4669 532 4720 θεῖσαν
555 4664 745 4732 αὐτὴν,
790 4661 1172 4713 ὲκδιώκεται.»

271 4761 332 4812 Εἰ
368 4763 395 4813 ὁ
432 4754 990 4825 κεκληρωμένος,τὴν
1013 4753 1254 4817 γυναῖκα
1333 4751 1496 4804 αὐτοῦ
1556 4769 1778 4822 μοιχευ-

189 4860 385 4909 Οεῖσειν
420 4854 494 4923 μὴ
519 4851 796 4912 ἀπολύων,
828 4850 928 4916 τῆς
959 4849 1120 4912 ἀξίας
1185 4849 1564 4915 μετακινεῑται
1597 4863 1610 4878 ο
1664 4846 1780 4910 πῶς

187 4955 220 5001 r',
257 4947 462 5005 λαῖκὺς,
491 4936 550 4994 οὗ
581 4943 612 5011 ἡ
645 4939 784 5008 γυνὴ
817 4936 1196 5006 μεμοίχευται,
1232 4936 1313 4997 εἰς
1367 4936 1569 5004 κλῆρον
1606 4955 1782 5008 παρα-

185 5034 554 5103 ὁεχθήσεται;

824 5124 1060 5176 ΚΑΝΩΝ
1096 5122 1173 5175 Θ’.

196 5241 219 5275 ε
267 5218 664 5290 Πρεσούτερος,
710 5217 806 5270 ἐὰν
845 5214 1293 5286 προημαρτηκὼς
1349 5213 1588 5283 σώματι,
1637 5233 1773 5284 προ-

250 5331 267 5363 σ
301 5313 463 5380 αχθῇ,
487 5313 582 5364 καὶ
605 5310 914 5379 ὁμολογήσῃ
941 5311 1022 5360 ὅτι
1045 5308 1257 5376 ἥμαρτε
1280 5307 1385 5376 πρὸ
1409 5309 1765 5376 χειροτονίας,

264 5425 280 5457 ι
329 5408 401 5475 μὴ
427 5405 790 5475 προσφερέτω
824 5418 837 5431 '
880 5403 1058 5470 μένων
1088 5403 1144 5452 έν
1177 5403 1290 5463 τοῖς
1323 5401 1530 5461 λοιποῖς
1561 5400 1646 5452 διὰ
1673 5399 1771 5470 τὴ]

261 5518 278 5551 t
313 5498 479 5566 ἄλλην
510 5497 769 5565 σπουδήν.
801 5496 882 5547 Τὰ
916 5495 1022 5564 γὰρ
1040 5493 1202 5545 λοιπὰ
1228 5494 1604 5562 ἁμαρτήματα
1633 5492 1768 5560 ἐφα-

268 5611 286 5644 t
330 5610 427 5645 σαν
451 5591 499 5643 οί
535 5590 717 5642 πολλοὶ
761 5591 852 5641 καὶ
883 5590 980 5658 τὴν
1008 5586 1350 5656 χειροθεσίαν
1384 5586 1619 5652 ἀφιέναι.
1643 5585 1768 5636 Ἐὰν

270 5702 289 5735 t
321 5684 374 5735 δὲ
400 5683 556 5744 αὐτὸς
582 5685 654 5750 μὴ
680 5681 939 5748 ὁμαλογῇ,
974 5678 1296 5746 ἐλεγχθῆναι
1326 5677 1382 5728 δὲ
1415 5676 1661 5746 φανερῶς
1690 5676 1764 5746 μὴ

256 5797 275 5827 ι
311 5774 533 5844 δυνηθῇ,
552 5773 636 5826 ἐπ’
662 5774 808 5840 αὐτῷ
826 5771 1021 5840 ἐκείνῳ
1044 5770 1315 5822 ποιεῖσθαι
1341 5766 1756 5837 τὴνέξουσὶαν.»

265 5869 460 5920 ΒΑΛΣ.
519 5867 739 5938 Ἰερεὺς,
778 5864 1083 5936 πορνεύσας
1116 5862 1220 5932 πρὸ
1253 5863 1350 5932 τῆς
1398 5859 1758 5932 χειροτονίας,

1485 4292 1771 4346 Hominem
1839 4305 1972 4346 vero
2025 4288 2293 4359 pollutum
2353 4289 2404 4341 in
2467 4302 2626 4342 sacro
2701 4289 2887 4357 aliquo

1881 3300 1975 3338 acc
2010 3281 2136 3338 ‘sata
2177 3283 2360 3339 fuerit.
2404 3281 2511 3336 Nec
2547 3283 2692 3336 enim
2729 3284 3043 3351 cuicunque
3083 3283 3282 3335 volenti
3313 3323 3326 3345 ,
3368 3284 3462 3336 sed

1880 3376 2048 3431 certis
2106 3385 2320 3429 tantum
2374 3374 2702 3441 quibusdam
2762 3375 3114 3435 hominibus,
3173 3375 3459 3427 mulierem

1881 3469 2133 3521 adulterii
2177 3482 2324 3521 ream
2354 3481 2514 3537 agere
2542 3481 2867 3519 concessum
2905 3478 3008 3518 est.
3039 3464 3196 3530 Quod
3231 3467 3275 3520 si
3310 3465 3467 3518 adul-

1881 3562 2075 3615 terium
2113 3572 2274 3611 sacro
2307 3557 2499 3610 ordine
2535 3556 2732 3608 initiati
2770 3555 3008 3608 hominis
3043 3554 3245 3623 conjux
3281 3565 3464 3624 patra-

1881 3651 2042 3713 verit,
2078 3665 2194 3702 eam
2238 3647 2320 3700 vir
2355 3647 2631 3710 dimittat,
2673 3647 2776 3698 hoc
2819 3654 2923 3709 est,
2965 3645 3034 3697 ab
3065 3645 3212 3696 illius
3247 3660 3305 3699 se
3335 3660 3467 3697 cun-

1879 3739 2172 3794 suetudine
2222 3737 2665 3803 commercioque
2721 3735 3018 3804 Sejnngat:
3061 3737 3106 3790 si
3154 3750 3284 3788 vero
3339 3751 3464 3787 cum

1879 3829 1972 3882 illa
2006 3827 2128 3880 vita:
2167 3825 2487 3878 societatem
2520 3824 2721 3876 habere
2753 3825 3005 3888 voluerit,
3039 3827 3217 3893 ipsum
3254 3840 3281 3877 a
3314 3840 3465 3879 com-

1881 3921 2056 3974 misso
2090 3917 2421 3979 ministerio,
2458 3915 2560 3969 hoc
2599 3925 2703 3979 est,
2736 3931 2764 3968 a
2801 3919 2884 3969 Siti
2915 3918 3125 3970 ordinis
3161 3919 3355 3986 gradu,
3383 3919 3468 3970 di-

1886 4011 2091 4066 moveri
2144 4009 2424 4062 decretum
2479 4015 2585 4062 est.
2639 4005 2860 4059 Patrato
2913 4023 3150 4076 namque
3194 4008 3466 4061 adulterio

1887 4102 2084 4155 tnulicr
2127 4101 2334 4168 polluta
2368 4108 2487 4165 est;
2523 4100 2616 4167 qui
2652 4113 2780 4151 vero
2809 4099 3027 4165 polluta:
3062 4100 3465 4164 commiscetur,

1882 4211 2050 4249 unum
2098 4209 2297 4262 corpus
2359 4193 2612 4256 eﬂicitur,
2659 4192 2958 4261 eademque
3019 4194 3244 4263 proinde
3281 4202 3470 4246 conta-

2987 4290 3292 4344 ministerio
3348 4293 3474 4359 quis

1896 4481 2126 4537 ARIST.
2162 4499 2181 4532 ι
2220 4479 2420 4534 Laieus
2451 4479 2610 4548 cujus
2647 4492 2787 4530 uxor
2822 4476 3124 4529 adi-iterata
3159 4485 3242 4529 est
3277 4493 3381 4528 non
3418 4477 3469 4528 lit

1973 4593 1990 4625 ι
2031 4572 2290 4632 clericus,
2328 4577 2380 4624 et
2408 4571 2643 4622 clericus
2673 4569 2762 4636 qui
2797 4584 2916 4621 eam
2949 4569 3147 4621 retinet
3183 4578 3470 4637 postquam

1967 4685 1984 4717 ι
2032 4665 2363 4718 adulterium
2405 4662 2704 4722 commisit,
2743 4663 3055 4729 expellitur.
3099 4679 3116 4710 ι

1961 4756 2016 4809 Si
2054 4758 2144 4810 ille
2170 4757 2261 4825 qui
2292 4758 2344 4809 in
2375 4755 2576 4808 clerum
2607 4764 2894 4822 cooptatus
2925 4768 3028 4815 est,
3063 4769 3284 4807 uxorem
3312 4769 3466 4808 suam

1885 4848 2246 4901 adulteratam
2306 4862 2414 4900 non
2475 4845 2799 4906 dimittens,
2860 4845 3124 4913 dignitate
3176 4857 3467 4901 movetur:

1884 4939 2164 5006 quontodo
2199 4938 2372 4989 laicus
2415 4936 2573 5005 cujus
2621 4952 2760 4990 uxor
2805 4936 3112 4991 adulterata
3142 4949 3219 4994 est
3246 4941 3314 4998 in
3358 4942 3466 4995 cie-—

1883 5044 2003 5081 rum
2043 5027 2406 5081 admittatur?

2484 5118 2716 5176 CANON
2769 5119 2861 5174 IX.

1883 5235 1901 5268 ι
1946 5215 2000 5269 Si
2024 5213 2329 5283 presbyter,
2350 5214 2440 5284 qui
2464 5229 2694 5281 corpore.
2712 5214 2864 5280 prius
2885 5220 3220 5279 peccaverat,
3244 5230 3463 5284 promo-

1954 5324 1970 5354 ι
2015 5315 2098 5356 tus
2122 5305 2303 5366 fuerit,
2338 5316 2389 5356 et
2421 5304 2462 5355 si
2485 5314 2609 5354 ante
2629 5304 3025 5355 ordinationem
3059 5319 3311 5371 peccasse
3331 5319 3464 5357 con-

1949 5416 1966 5447 ι
2015 5396 2191 5450 lessus
2228 5396 2506 5457 fuerit,ne
2544 5393 2737 5447 oﬂ‘erat
2770 5414 2780 5446 :
2821 5395 3121 5447 tnanensin
3147 5395 3290 5458 aliis,
3320 5413 3456 5465 pro-

1952 5508 1969 5540 ι
1999 5500 2112 5558 pter
2134 5487 2282 5541 aliud
2305 5488 2418 5554 ejus
2451 5489 2603 5540 bona:
2633 5486 2752 5540 vita-
2774 5487 3033 5539 studium.
3062 5484 3288 5554 Reliqua
3310 5489 3455 5539 enim

1951 5603 1967 5633 ι
2010 5591 2233 5650 peccata
2261 5580 2617 5633 dieititttuulti
2652 5594 2905 5630 manuum
2937 5579 3283 5646 impOsitione
3315 5581 3456 5634 tolli.

1950 5693 1966 5724 ι
1999 5674 2150 5738 Quod
2173 5675 2214 5727 si
2235 5674 2350 5742 ipse
2368 5669 2828 5733 noncouiiteatur,
2851 5682 3031 5738 aperte
3049 5679 3222 5721 autent
3243 5684 3368 5722 conv
3389 5687 3460 5723 tn.

1949 5785 1965 5815 ι
2007 5767 2052 5817 ci
2096 5781 2201 5818 non
2239 5765 2497 5833 potuerit,
2545 5765 2689 5818 illius
2735 5778 2954 5832 quoque
2986 5763 3030 5813 ei
3063 5766 3152 5814 ttat
3186 5772 3453 5830 potestas.

1944 5857 2141 5912 BALS.
2181 5857 2470 5920 Sacerdos,
2498 5854 2589 5924 qui
2623 5864 2747 5909 ante
2785 5854 3186 5908 ordinationem
3219 5850 3456 5905 fornica-
