4164 6426
742 439 876 505 1219

1999 423 2100 481 ΤΙΙ
2113 423 2197 481 EC
2208 423 2275 481 D.
2314 421 2402 479 BA
2416 418 2715 480 LSAMON

3888 409 4031 472 1220

756 501 1036 591 inserat,
1078 532 1366 593 pectatum
1397 533 1494 573 sua
1535 528 1731 585 sponte
1775 525 1894 580 post
1932 512 2333 567 ordinationem

2456 511 2795 580 ἱιμολόγησεν
2827 506 2972 561 ἑκὼν
2998 504 3136 576 μετᾶ
3187 505 3282 575 τὴν
3323 502 3671 574 χειροτονίαν
3699 501 3802 569 τὴν
3837 502 4032 569 ἁμαρ-

744 620 930 677 fassns
976 623 1084 669 est.
1126 612 1321 666 Dicunt
1361 624 1491 679 ergo
1540 607 1750 668 Patres,
1797 621 1920 659 eum
1947 644 1963 669 ,
2009 603 2190 672 utqui
2225 617 2323 655 sua

746 718 945 779 sponte
984 707 1168 761 fassus
1203 703 1302 766 sit,
1338 716 1367 752 a
1404 698 1662 754 sacriﬁcii
1700 696 1919 766 quidem
1954 693 2327 747 celebratione

749 814 993 861 cessare,
1029 797 1234 852 habere
1274 803 1456 847 autem
1492 792 1595 844 alia
1629 789 1975 844 sacerdotum
2014 784 2326 856 privilegia,

749 894 963 947 scilicet
994 906 1115 944 cum
1158 885 1546 941 sacerdotibus
1584 882 1929 942 cathedram,
1961 888 2333 932 sacramento-

749 1003 871 1040 rum
908 987 961 1037 in
993 980 1152 1037 altari
1190 977 1693 1049 participationem,
1724 982 1779 1027 et
1807 973 1913 1026 alia
1945 971 2196 1041 quardani
2232 984 2246 1021 :
2280 975 2335 1021 et

755 1077 990 1131 maxime
1022 1075 1066 1127 si
1105 1075 1178 1127 sit
1210 1070 1435 1123 virtutis
1465 1065 1770 1122 studiosus.
1796 1063 2031 1119 Perinde
2057 1070 2239 1115 autem
2272 1073 2337 1113 ac

689 1195 696 1201 ν
751 1165 798 1217 si
829 1163 1059 1217 dixisset
1083 1160 1380 1229 quispiam,
1407 1156 1511 1209 alia
1540 1169 1769 1223 quoque
1799 1158 2018 1222 peccata
2047 1148 2199 1217 sequi
2232 1147 2340 1199 l'or-

756 1256 1052 1309 nieationis
1087 1252 1301 1313 vitium,
1335 1261 1693 1309 consensum,
1726 1259 1921 1298 manus
1951 1239 2340 1297 contrectatio-

757 1363 907 1407 nem,
943 1344 1156 1405 osenla,
1191 1350 1246 1394 et
1280 1338 1591 1407 hujusmodi
1625 1336 1765 1399 alia;
1799 1343 1853 1389 et
1880 1334 1949 1389 ab
1987 1332 2057 1388 iis
2086 1330 2338 1401 impediri

756 1452 882 1493 eum
911 1436 1004 1504 qui
1044 1434 1226 1486 fassus
1255 1442 1363 1491 est,
1392 1445 1459 1483 ne
1490 1428 1687 1481 habeat
1716 1424 2022 1480 sacerdotis
2052 1426 2338 1477 honorem:

756 1528 1160 1596 subjunxerunt
1191 1521 1406 1584 Patres,
1441 1519 1595 1588 quod
1630 1516 1890 1584 quoniam
1922 1516 1990 1569 ab
2020 1514 2341 1584 hujusmodi

760 1618 977 1671 ili-lictis
1017 1630 1122 1667 non
1163 1612 1461 1680 impeditur
1489 1608 1787 1677 quispiam,
1825 1606 2121 1675 quominus
2155 1607 2221 1659 ad
2254 1620 2343 1661 sa-

760 1702 1069 1757 cerdotium
1126 1702 1487 1768 provehatur,
1526 1698 1657 1764 quia
1709 1695 1826 1748 hinc
1869 1693 1939 1747 ab
1995 1695 2345 1749 ordinatione

2433 605 2580 658 τίαν.
2610 601 2783 655 Φασὶν
2815 600 2910 654 οὖν
2930 601 2980 652 οἱ
3008 597 3253 666 Πατέρες
3287 598 3381 647 τὸν
3420 593 3665 647 τοιοῦτον
3720 592 3800 652 ὡς
3866 592 4037 642 αὖτο-

2432 695 2600 751 θελῶς
2651 690 3201 761 ἐξομολογησάμενον
3231 687 3333 755 τῆς
3364 686 3466 755 μέν
3529 682 3861 755 ἱερουργίας
3900 698 4041 733 παυ-

2435 788 2619 856 θῆναι,
2649 785 2795 855 ἔχειν
2820 784 2878 837 δέ
2901 780 3362 851 τάλλαπρονόμια
3393 776 3503 830 τῶν
3532 775 3754 846 ἱερέων,
3780 773 4041 842 δηλονότι

2433 880 2533 951 τὴν
2566 882 2705 949 μετὰ
2752 876 2861 928 τῶν
2892 875 3087 946 ἱερέων
3123 871 3424 943 καθέδραν,
3476 870 3580 938 τὴν
3633 868 3696 921 ἐν
3734 866 3816 935 τῷ
3844 865 4043 918 θυσια-

2438 973 2649 1044 στηρίῳ
2700 971 2810 1024 τῶν
2879 968 3244 1038 ἀγιασμάτων
3310 962 3638 1033 μετάληψιν,
3709 959 3813 1013 καὶ
3875 956 4045 1025 ἕτερά

2435 1084 2584 1130 τινα,
2619 1064 2713 1118 καὶ
2785 1062 3023 1133 μάλιστα
3077 1061 3175 1113 ἐὰν
3260 1057 3400 1128 πρὸς
3446 1053 3653 1125 ἀρετὴν
3740 1050 4042 1111 σπουδαῖός

2441 1161 2609 1211 ἐστιν.
2644 1159 2740 1221 Ὠς
2788 1172 2934 1217 τινος
2964 1153 3022 1206 δὲ
3070 1151 3317 1211 είπόντος
3377 1145 3783 1201 ἐπακολουθεῖν
3816 1142 3906 1213 τῷ
3940 1144 4042 1195 πά-

2444 1253 2526 1306 θει
2554 1250 2661 1318 τῆς
2696 1248 2957 1319 πορνείας
2983 1246 3078 1298 καὶ
3129 1243 3263 1299 ἄλλα
3290 1245 3413 1294 τινὰ
3452 1241 3870 1309 ἁμαρτήματα,
3907 1251 4037 1300 συγ-

2441 1341 2761 1403 κατάθεσιν,
2814 1338 2960 1408 ἀφὴν
3015 1335 3223 1406 χειρδς,
3259 1333 3568 1401 φιλήματα,
3628 1327 3731 1380 καὶ
3778 1325 4039 1387 τοιαῦτα,

2445 1435 2541 1489 καὶ
2569 1434 2679 1487 ἀπὸ
2699 1433 2902 1486 τούτων
2927 1426 3322 1501 ἐμποδίζεσθαι
3355 1428 3448 1478 τὸν
3495 1418 4042 1493 ἐξομολογούμενον,

2444 1527 2585 1580 ὥστε
2626 1526 2772 1595 ἔχειν
2793 1524 2960 1594 τιμὴν
2987 1522 3199 1593 ἱερέως,
3233 1519 3516 1584 ἐπήγαγον
3540 1517 3591 1567 οἱ
3665 1512 3927 1580 Πατέρεε
3943 1512 4039 1570 ὡς,

2443 1618 2567 1672 ἐπεὶ
2592 1618 2699 1670 ἀπὸ
2724 1617 2987 1668 τοιούτων
3047 1608 3472 1681 ἁμαρτημάτων
3520 1605 3624 1657 οὐκ
3673 1600 4041 1673 ἐμποδίζεταί

2444 1726 2528 1771 τις
2560 1710 2640 1772 εἱς
2665 1707 2966 1778 ἱερωσύνην
3004 1698 3570 1774 προαναόισασθῆναι,
3601 1697 3691 1751 διὰ
3726 1697 3792 1749 τὸ
3813 1694 4039 1748 λύεσθαι

765 1794 1053 1847 solvuntur
1076 1832 1091 1855 ,
1141 1804 1250 1842 non
1296 1787 1623 1857 impcdietur
1663 1787 1730 1839 ab
1762 1785 1866 1851 iis,
1908 1784 2208 1854 quominus
2237 1787 2343 1840 alia

2456 1802 2622 1855 ταῦτα
2662 1799 2769 1852 ὑπὸ
2793 1798 2895 1866 τῆς
2927 1795 3287 1867 χειροτονίας,
3314 1792 3377 1844 οὐ
3432 1790 3823 1860 κωλυθήσεται
3858 1788 3921 1854 ἐξ
3949 1790 4042 1840 ad-

766 1884 964 1938 habeat
990 1880 1295 1952 privilegia.
1327 1877 1392 1931 Et
1417 1878 1533 1933 haec
1562 1876 1805 1947 quidem,
1834 1876 2054 1946 quando
2085 1875 2345 1933 sacerdos

763 1988 925 2028 suum
980 1980 1264 2041 peccatum
1312 1970 1606 2023 confessus
1644 1967 1829 2021 fuerit.
1877 1964 1971 2020 Sin
2014 1977 2195 2021 autem
2242 1981 2343 2021 nec

764 2064 1054 2117 confessus
1088 2076 1188 2115 nec
1228 2070 1415 2130 aperte
1448 2061 1739 2113 convictus
1774 2058 1961 2121 fuerit,
2000 2058 2149 2111 nullo
2184 2057 2347 2112 modo

761 2154 1191 2210 labefactahitur
1211 2193 1226 2217 ,
1260 2150 1353 2205 scd
1385 2151 1438 2203 in
1475 2150 1595 2218 ejus
1631 2158 1899 2217 potestate
1929 2148 2035 2203 erit
2064 2163 2226 2203 sacra
2257 2162 2349 2202 ce-

765 2247 984 2301 lebrare
1013 2245 1096 2298 vel
1126 2258 1366 2307 cessare,
1407 2251 1570 2313 prout
1603 2242 1652 2295 ei
1686 2257 1783 2292 sua
1813 2242 2038 2294 dictarit
2064 2241 2350 2295 conscien-

766 2340 886 2405 tia;
940 2337 1401 2406 quemadmodum
1457 2335 1503 2390 si
1562 2335 1852 2389 convictus
1906 2332 2104 2399 fuerit,
2155 2332 2353 2388 exinde

766 2431 1095 2498 deperictur,
1126 2438 1180 2482 et
1210 2442 1310 2481 nec
1335 2429 1545 2480 honore
1571 2441 1674 2480 nec
1703 2426 1812 2479 alio
1846 2427 2132 2496 privilegio
2155 2425 2352 2496 dignus

771 2521 1083 2574 habebitur.
1113 2519 1280 2589 410
1306 2517 1639 2587 Adjecerunt
1671 2528 1853 2572 autem
1887 2516 2077 2573 Patres
2108 2528 2350 2585 apertam

771 2610 1192 2678 probationem,
1231 2622 1297 2660 eo
1337 2606 1483 2675 quod
1527 2622 1691 2660 nemo
1731 2608 2075 2674 deponatur,
2116 2607 2220 2660 nisi
2259 2620 2357 2675 per

770 2709 985 2769 apertas
1003 2701 1372 2769 probationes,
1398 2698 1611 2752 scilicet
1636 2714 1736 2767 per
1758 2696 2172 2752 aﬂirmationem
2199 2698 2359 2766 quin-

769 2807 876 2859 que
913 2789 1137 2843 testium
1163 2789 1493 2859 jurantium.
1524 2788 1667 2842 Dicit
1699 2796 1877 2842 autem
1914 2789 2079 2841 etiam
2111 2788 2193 2842 lex
2228 2790 2359 2842 civi-

771 2884 874 2947 lis;
923 2880 1117 2936 Melius
1165 2890 1250 2936 est
1295 2891 1518 2949 peccata
1561 2880 1799 2948 relinqui
1836 2880 2138 2948 impunita,
2193 2894 2357 2946 quam

775 2972 993 3040 aliquos
1026 2971 1146 3024 sine
1177 2985 1344 3023 causa
1382 2968 1587 3037 puniri.
1626 2967 1769 3039 Lege
1802 2978 1856 3022 et
1887 2984 2153 3023 eanonem
2187 2970 2358 3023 sancti

775 3061 989 3125 Basilii,
1024 3063 1091 3115 27
1127 3072 1181 3117 et
1217 3063 1489 3118 novellam
1520 3061 1592 3117 9.9
1631 3061 1839 3115 domini
1875 3058 2077 3115 Leonis
2111 3059 2362 3116 Philoso-

2446 1894 2556 1947 τῶν
2582 1893 2727 1964 ἔχειν
2753 1895 2821 1943 τά
2850 1890 2986 1944 ἀλλα
3021 1890 3326 1956 προνόμια.
3353 1883 3463 1936 Καὶ
3488 1882 3669 1936 ταῦτα
3745 1883 3875 1951 μὲν,
3914 1882 4043 1935 ὅταν

2451 1984 2689 2053 ὁὶερεὺς
2771 1982 3241 2053 ἐξομολογήσηται
3317 1978 3378 2030 τὸ
3419 1976 3769 2050 ἁμάρτημα’
3835 1973 3940 2025 ἐὰν
3990 1972 4044 2024 δὲ

2452 2078 2594 2147 μήτε
2620 2075 2939 2148 ὁμολογήσῃ
2964 2075 3101 2145 μήτε
3124 2074 3355 2145 ἐλεγχθῇ
3389 2071 3662 2143 φανερῶς,
3686 2064 4044 2121 οὖδεπωεοῦν

2452 2168 3013 2237 παρασαλευθήσεται
3041 2186 3054 2197 ·
3077 2166 3216 2219 ἀλλά
3248 2165 3383 2231 παρ’
3423 2163 3575 2233 αύτῷ
3607 2161 3870 2215 κείσεται
3902 2156 4047 2221 ἐξανδ-

2454 2262 2545 2313 σία
2580 2260 2674 2313 τοῦ
2700 2260 3074 2330 ἱερουργεῖνῆ
3126 2258 3441 2311 παύσασθαι
3510 2255 3651 2323 πρὸς
3699 2252 3769 2304 τὸ
3844 2250 4048 2302 οἰκεῖον

2454 2352 2696 2415 συνειδός
2721 2368 2736 2382 °
2771 2352 2965 2421 ὥσπερ
2998 2352 3093 2404 ἐὰν
3126 2350 3385 2420 ἐλεγχθῇ,
3431 2344 3783 2402 ἀπεντεῦθεν
3846 2341 4046 2396 καθαι-

2456 2444 2889 2517 ρεθήσεται,καὶ
2912 2443 3033 2495 οὐδὲ
3052 2443 3265 2515 τιμῆςῆ
3310 2441 3473 2495 ἄλλου
3525 2438 3844 2509 προνομίου
3889 2434 4050 2498 ἀξιω-

2457 2536 2709 2604 θήσεται.
2753 2534 3087 2605 Προσέθεντο
3140 2531 3197 2585 δὲ
3232 2532 3287 2586 οἱ
3338 2529 3581 2599 Πατέρες
3631 2526 3729 2580 τδν
3810 2525 4048 2593 φανερὸν

2456 2627 2704 2697 ἔλεγχον,
2737 2627 2827 2679 διὰ
2853 2626 2913 2678 τὸ
2948 2625 3159 2696 μηδένα
3184 2624 3575 2689 καθαιρεῖσθαι
3606 2620 3657 2674 εί
3706 2618 3791 2691 μὴ
3829 2618 3927 2671 διὰ
3954 2634 4049 2684 φα·

2457 2719 2632 2788 πρὼν
2660 2717 3017 2781 ἀποδείξεων,
3084 2720 3207 2787 ἦτοι
3260 2717 3350 2770 διὰ
3402 2715 3767 2777 καταθέσεως
3840 2712 4048 2782 μαρτύ-

2463 2826 2573 2879 ρων
2639 2809 2803 2861 πέντε
2866 2810 3205 2879 ὁμνυόντων.
3281 2809 3422 2877 Φησὶ
3485 2809 3542 2861 δέ
3593 2807 3690 2861 καὶ
3754 2806 3786 2858 δ
3841 2805 4047 2873 νόμος·

2464 2902 2737 2970 Κρεῖττόν
2766 2904 2885 2955 ἐστι
2915 2903 2986 2954 τά
3011 2900 3742 2973 ἀμαρτήματαάνεκδίκητα
3776 2897 4050 2963 καταλιμ·

2465 2995 2756 3056 πάνεσθαι,
2790 2995 2825 3064 ἦ
2850 3011 3008 3057 τινας
3029 2994 3308 3055 ἀναιτίους
3345 2992 3693 3057 κολάζεσθαι.
3742 2988 4049 3056 Ἀνάγνωθι

2463 3087 2677 3139 καὶτὸν
2734 3088 2815 3150 κζ’
2845 3087 3047 3140 κανόνα
3079 3087 3175 3138 τοῦ
3215 3086 3375 3153 ἁγίου
3456 3082 3750 3138 Βασιλείου
3798 3082 3900 3134 καὶ
3954 3082 4050 3149 τὴν

778 3155 895 3223 phi,
927 3163 980 3208 et
1014 3170 1078 3207 ex
1115 3153 1641 3224 interrogationibus
1675 3152 1838 3209 lactis
1870 3156 1922 3206 in
1959 3154 2171 3224 synodo
2209 3154 2354 3206 Con-

2463 3174 2535 3229 οθ¹
2558 3178 2757 3246 νεαρὰν
2782 3176 2877 3229 τοῦ
2914 3176 3178 3245 βασιλέως
3204 3152 3399 3245 κυρίου
3448 3175 3675 3236 Λέοντος
3742 3172 3845 3226 τοῦ
3902 3173 4050 3225 Φιλο-

775 3247 1258 3314 stantinOpolitana
1282 3246 1785 3315 interpretationem
1832 3249 2104 3316 responsi,
2124 3247 2356 3300 dicentis

776 3338 1041 3392 lazeorum
1084 3339 1202 3392 loco
1233 3338 1445 3391 censeri
1475 3352 1603 3403 eos,
1633 3338 1726 3407 qui
1757 3338 1991 3407 depositi
2025 3338 2231 3392 fuerint
2258 3354 2271 3391 :
2307 3347 2360 3391 et

768 3432 868 3491 dic
914 3430 1138 3499 paucis,
1187 3429 1327 3499 quod
1363 3438 1447 3483 est
1486 3429 1791 3483 diil‘erentia
1822 3430 1943 3498 ejus
1976 3429 2068 3499 qui
2114 3429 2361 3498 peccavit

780 3530 907 3575 ante
931 3521 1331 3575 ordinationem
1358 3529 1412 3576 et
1442 3521 1731 3576 confessus
1761 3531 1846 3576 est
1874 3528 1929 3575 et
1962 3519 2081 3587 ejus
2109 3521 2199 3591 qui
2231 3534 2360 3591 pro-

781 3620 902 3678 pter
948 3612 1161 3665 crimen
1195 3609 1595 3665 condemnatus
1639 3621 1721 3665 est
1767 3620 1891 3681 post
1933 3611 2359 3665 ordinationem.

781 3702 1047 3757 Similiter
1086 3710 1139 3755 et
1175 3702 1297 3772 ejus
1334 3703 1424 3772 qui
1463 3702 1566 3756 fuit
1613 3702 1867 3773 digamus
1904 3710 2028 3771 post
2057 3702 2360 3757 ordinatio-

780 3809 929 3860 nem,
973 3801 1028 3846 et
1082 3794 1204 3863 ejus
1249 3795 1340 3848 cui
1390 3794 1759 3848 sacerdotium
1805 3793 2048 3848 ablatum
2099 3804 2204 3848 est.
2255 3792 2361 3859 Qui

780 3886 964 3949 enim,
1003 3887 1148 3954 quod
1182 3888 1307 3939 ante
1349 3885 1749 3939 ordinationem
1816 3884 2129 3950 commisit,
2167 3899 2362 3954 pecca-

787 3986 902 4030 tum
933 3977 1226 4032 eonfessus
1252 3983 1361 4042 est,
1396 3977 1467 4032 ab
1505 3976 1785 4031 offerendo
1817 3984 2027 4030 tantum
2060 3977 2365 4032 removebi-

787 4077 902 4133 tur,
936 4070 1033 4125 sed
1067 4068 1400 4124 sacerdotali
1433 4068 1695 4123 cathedra
1729 4068 1929 4137 dignus
1961 4068 2276 4135 habebitur,
2308 4076 2364 4123 et

787 4162 1016 4231 reliquis
1044 4161 1339 4231 ejusmodi,
1396 4173 1455 4215 ut
1488 4161 1608 4215 vult
1636 4174 1809 4215 canon
1845 4160 1913 4214 89
1947 4161 2119 4214 sancti
2154 4159 2359 4215 Basilii.

785 4254 891 4319 Qui
920 4261 1100 4307 autem
1133 4254 1427 4308 secundam
1459 4266 1687 4306 uxorem
1727 4249 1905 4315 duxit,
1937 4260 1990 4305 et
2016 4264 2076 4305 se
2102 4264 2169 4305 eo
2200 4250 2363 4305 modo

788 4344 1099 4399 sacerdotio
1127 4344 1298 4397 movit
1327 4383 1343 4409 ,
1380 4342 1724 4407 ministeriis,
1771 4356 1892 4411 quat
1920 4349 2049 4396 sunt
2088 4348 2243 4397 extra
2274 4354 2364 4396 sa-

788 4449 947 4489 crum
982 4434 1244 4501 tribunal,
1273 4433 1471 4505 dignus
1500 4433 1813 4487 habebitur.
1842 4431 1947 4486 Sed
1977 4431 2070 4501 qui
2102 4440 2187 4487 est
2227 4445 2363 4486 con-

787 4526 1104 4591 demnatus,
1148 4541 1215 4580 ne
1245 4526 1359 4579 haec
1389 4524 1609 4594 quidem
1642 4523 1937 4590 exercebit,
1972 4522 2065 4577 sed
2100 4523 2154 4576 in
2195 4522 2364 4576 laico-

790 4631 911 4670 rum
946 4617 1125 4669 locum
1172 4615 1465 4684 rejicietur.
1503 4612 1647 4684 Lege
1686 4629 1811 4684 syn.
1862 4613 1916 4667 in
1965 4613 2156 4666 Trullo
2191 4626 2364 4666 cano-

790 4724 915 4765 nem
944 4706 1008 4760 21
1042 4716 1098 4761 et
1123 4706 1213 4770 26,
1246 4716 1299 4760 et
1330 4721 1448 4775 quae
1478 4713 1604 4760 sunt
1636 4707 1689 4759 in
1724 4706 1878 4774 ipsis.
1911 4704 1981 4758 79
2015 4712 2194 4759 autem
2227 4705 2361 4777 imp.

792 4799 999 4853 domini
1033 4797 1234 4853 Leonis
1274 4796 1553 4866 Sapientis
1586 4796 1833 4859 novella,
1880 4795 1961 4848 sic
2004 4809 2064 4848 se
2095 4794 2259 4849 habet
2295 4794 2364 4849 ad

794 4887 1059 4941 verbum:
1092 4885 1223 4952 Quae
1254 4885 1363 4939 Deo
1393 4886 1560 4941 semel
1600 4894 1728 4939 sunt
1757 4892 2108 4950 consecrata,
2153 4898 2215 4938 ea
2255 4900 2365 4939 non

790 4991 916 5030 esse
942 4975 1238 5029 auferenda
1273 4974 1535 5027 constitui
1565 4979 1814 5043 oportet;
1851 4972 2013 5041 idque
2047 4986 2151 5024 non
2185 4972 2364 5026 solum

796 5066 853 5121 in
898 5065 1065 5120 rebus
1115 5063 1371 5133 pretiosis
1417 5063 1787 5124 consecratis,
1836 5060 1932 5115 sed
1986 5060 2156 5113 inulto
2199 5062 2365 5115 etiam

797 5155 973 5226 magis
1018 5158 1072 5209 in
1127 5154 1479 5218 hominibus,
1527 5153 1723 5223 quibus
1754 5166 1850 5220 per
1894 5151 2214 5205 clericatum
2258 5149 2367 5204 Deo

802 5245 1074 5299 dedicatio
1110 5246 1373 5311 accessit;
1404 5244 1644 5309 etiamsi,
1692 5243 1998 5312 cujusuiodi
2042 5242 2211 5297 multa
2242 5251 2369 5297 sunt

800 5335 1039 5389 humana
1061 5335 1281 5401 delicta,
1306 5336 1375 5389 ab
1400 5349 1464 5389 eo
1489 5335 1700 5399 ordine,
1732 5333 1784 5387 in
1816 5350 1945 5404 quo,
1976 5344 2033 5388 ut
2057 5350 2116 5388 se
2141 5335 2368 5389 honeste

798 5431 1166 5499 praeclareque
1190 5438 1461 5497 gererent,
1486 5427 1643 5482 electi
1670 5437 1821 5490 sunt,
1845 5428 2186 5496 tyrannidem
2215 5443 2369 5482 exer-

800 5535 933 5574 cens
981 5535 1075 5573 eos
1126 5531 1409 5588 precatum
1454 5519 1774 5574 detruserit.
1807 5517 2022 5573 Veteris
2064 5521 2249 5589 itaque
2297 5519 2372 5573 le-

798 5614 1075 5685 gislatoris
1103 5614 1408 5667 institutum
1445 5628 1552 5668 non
1585 5612 1949 5677 admittimus,
1985 5612 2077 5681 qui
2108 5611 2223 5665 vult
2248 5627 2372 5684 pre-

802 5708 1075 5775 Shyterum
1102 5706 1184 5760 vel
1216 5705 1504 5760 diaconum
1536 5706 1617 5760 vel
1645 5706 2066 5769 subdiaconutn,
2092 5706 2184 5776 qui
2217 5713 2370 5773 post.

802 5813 966 5867 quam
994 5799 1043 5854 ei
1075 5813 1272 5854 manus
1298 5808 1379 5856 est
1403 5797 1673 5868 imposita,
1692 5814 1816 5855 cum
1840 5799 2066 5855 muliere
2090 5796 2373 5869 conjungi-

2395 4557 2438 4614 υ
2465 4541 2749 4599 διακονιῶν
2775 4542 3164 4613 ἀξιωθήσεται.
3225 4543 3285 4597 Ὀ
3343 4544 3404 4597 δὲ
3436 4545 3874 4608 καταδικασθεὶς

2468 3268 2656 3335 σόφου,
2683 3268 2781 3320 καὶ
2813 3267 2921 3319 ἀπὸ
2964 3267 3073 3321 τῶν
3114 3266 3420 3335 γεγονυιῶν
3487 3258 3823 3336 ἐρωτήσεων
3844 3266 3930 3327 είς
3956 3264 4050 3330 τὴν

2462 3356 2764 3427 ἑρμηνείαν
2789 3357 2886 3427 τῆς
2926 3358 3303 3427 ἀποκρίσεως,
3331 3358 3433 3425 τῆς
3482 3356 3757 3425 λεγούσης
3814 3356 3902 3417 εἱς
3960 3357 4049 3406 τὶν

2461 3453 2629 3504 τόπον
2650 3450 2942 3504 τάττεσθαι
2993 3450 3101 3503 τῶν
3147 3448 3352 3503 λαῖκῶν
3400 3447 3530 3512 τοὺς
3561 3447 4003 3517 καθαιρεθέντας
4031 3461 4048 3478 ·

2466 3543 2563 3595 κα)⁸
2604 3542 2936 3610 συναγαγὼν
2975 3543 3097 3594 εἰπέ
3123 3542 3204 3594 ὅτι
3236 3541 3477 3611 διαιρορά
3510 3542 3628 3593 ἐστι
3673 3538 3776 3592 τοῦ
3813 3541 3925 3610 tum
3954 3540 4047 3606 τῆς

2467 3632 2811 3700 χειροτονίας
2878 3632 3265 3701 ἡμαρτηκότος
3328 3632 3424 3684 καὶ
3468 3629 4045 3700 ἐξομολογησαμένου,

2462 3726 2558 3777 καὶ
2595 3723 2689 3776 τοῦ
2714 3723 3215 3786 καταδικασθέντος
3294 3723 3384 3777 διὰ
3433 3722 3694 3793 ἔγκλημα
3756 3724 3906 3794 μετὰ
3950 3724 4048 3788 τὴν

2461 3814 2800 3884 χειροτονίαν
2829 3828 2845 3843 ⁸
2894 3814 3157 3877 ὡσαύτως
3187 3814 3281 3867 καὶ
3320 3813 3417 3866 τοῦ
3450 3814 3864 3885 διγαμήσαντος
3913 3815 4047 3879 μετὰ

2463 3904 2568 3974 τὴν
2601 3904 2966 3975 χειροτονίαν,
3000 3907 3094 3959 καὶ
3124 3906 3520 3976 ἀφαιρεθέντος
3547 3907 3650 3975 τὴν
3717 3906 4041 3975 ἱερωσύνην.

2474 3997 2533 4050 Ὀ
2563 3999 2663 4066 μὲν
2695 3998 2804 4067 γὰρ
2838 3998 3379 4068 ἐξομολογησάμενος
3413 3998 3515 4067 τὴν
3558 3998 3669 4067 πρὸ
3696 3997 3807 4067 τῆς
3865 4014 4045 4067 χειρο-

2460 4090 2647 4152 τονίας
2672 4090 2952 4159 ἁμαρτίαν
2998 4089 3165 4158 μόνου
3194 4087 3301 4142 τοῦ
3328 4090 3668 4158 προσφέρειν
3711 4090 4046 4157 στερηθήσε-

2461 4195 2552 4231 ται
2582 4195 2598 4211 ο
2624 4179 2899 4250 καθέδρας
2916 4178 2975 4232 δέ
3015 4180 3303 4249 ἱερατικῆς
3320 4179 3694 4247 ἀξιωθήσεται
3718 4180 3821 4232 καὶ
3840 4179 4045 4231 λοιπῶν

2462 4269 2746 4335 τοιούτων,
2790 4274 2931 4323 κατα
2956 4272 3050 4322 τὸν
3080 4267 3167 4323 πθ¹
3186 4270 3387 4323 κανόνα
3410 4270 3506 4323 τοῦ
3539 4269 3703 4338 ἁγίου
3741 4269 4043 4325 Βασιλείαν.

2472 4356 2535 4413 Ὅ
2573 4361 2632 4412 δὲ
2710 4362 3044 4429 διγαμήσας,
3094 4362 3189 4415 καὶ
3252 4361 3447 4414 ἑαυτὸν
3508 4365 3952 4429 torento:de
3988 4366 4045 4419 ἐκ

2464 4449 2569 4519 τῆς
2598 4450 2903 4521 ἱερωσύνης
2939 4453 3342 4523 μετακινήσας,
3378 4453 3487 4505 τῶν
3526 4452 3635 4516 ἐξω
3672 4453 3772 4507 τοῦ
3808 4454 4046 4525 βήματος

2464 4632 2637 4683 ταῦτα
2662 4633 2969 4701 ἐνεργήσει,
3004 4632 3121 4684 ἀλλ’
3168 4633 3251 4695 είς
3309 4634 3401 4686 τὸν
3447 4632 3618 4687 τόπον
3664 4634 3778 4687 τῶν
3846 4635 4041 4689 λαῖκῶν

2468 4721 2788 4791 ριφήσεται.
2831 4723 3135 4790 Ἀνάγιωθι
3162 4731 3255 4777 καὶ
3288 4724 3389 4793 τῆς
3415 4726 3474 4777 ἐν
3496 4724 3573 4795 τῷ
3596 4726 3871 4797 Τρούλλῳ
3927 4746 4040 4781 συν.

2473 4810 2600 4863 όδου
2631 4812 2831 4867 κανόνα
2861 4812 2946 4865 κα’
2969 4815 3063 4866 καὶ
3101 4814 3169 4866 τὰ
3197 4815 3254 4867 ἐν
3280 4815 3487 4877 αὐτοῖς.
3556 4814 3619 4867 Ἠ
3652 4815 3710 4868 δὲ
3760 4818 3842 4870 σθ’
3886 4819 4039 4885 νεαρά

2468 4901 2564 4955 τοῦ
2593 4902 2861 4973 βασιλέως
2889 4907 3059 4974 κυροῦ
3093 4904 3323 4969 Λέοντος
3360 4906 3455 4958 τοῦ
3484 4905 3665 4974 Σοφοῦ
3723 4907 3847 4977 ἔχει
3913 4911 4037 4962 κατὰ

2470 4988 2625 5061 ῥῆμα
2661 4989 2833 5054 οὓτως
2868 5008 2883 5021 ’
2922 4990 3002 5047 Τὰ
3033 4993 3182 5056 ἅπαξ
3207 4993 3613 5065 ἀνατεθειμένα
3636 4995 3717 5065 τῷ
3748 4996 3877 5067 Θεῷ
3919 5000 4036 5051 ἀνι-

2473 5081 2708 5151 φαίρετα
2740 5082 2848 5134 δεῖν
2882 5081 3027 5137 εἶναι
3055 5084 3444 5149 καθίστασθαι,
3472 5087 3759 5140 καὶτοῦτο
3797 5092 3858 5142 οὐ
3892 5089 4036 5157 μόνον

2468 5172 2561 5225 ἐπὶ
2587 5175 2889 5243 κειμηλίων
2915 5177 3326 5246 ἀνιερωμένων,
3349 5176 3488 5230 ἀλλά
3518 5178 3659 5232 πολὺ
3704 5179 3915 5248 μᾶλλον
3959 5182 4033 5231 ἐπ’

2470 5267 2804 5336 ἀνθρώπων,
2828 5263 2909 5331 οἷς
2938 5270 3026 5321 διὰ
3050 5270 3147 5322 τοῦ
3181 5270 3387 5341 κλήρου
3442 5272 3827 5341 προσγένηται
3856 5274 3890 5343 ἡ
3918 5275 4031 5341 πρὶς

2469 5357 2530 5410 τὸ
2601 5357 2746 5410 θεῖον
2781 5360 3059 5424 ἀνάθεσις,
3101 5358 3335 5427 κᾶν,οῗα
3391 5362 3558 5414 πολλά
3603 5363 3676 5415 τά
3738 5362 4031 5433 ἀνθρώπιναι

2471 5452 2814 5521 πταίσματα,
2843 5451 2943 5518 τῆς
2976 5452 3185 5518 τάξεως
3211 5456 3268 5506 ἐν
3395 5454 3731 5522 διαπρέπειν
3788 5454 4032 5520 autalt;-

2474 5542 2755 5611 ρώθησαν,
2793 5544 2826 5612 ἡ
2859 5544 3125 5613 τύραννος
3179 5546 3379 5605 αὐτοὺς
3413 5545 3753 5615 ἐξωθησειεν
3785 5546 4027 5615 ἁμαρτία.

2477 5634 2591 5685 Οὐκ
2618 5634 3013 5703 ἀποδεχόμενοι
3036 5635 3129 5687 οὖν
3156 5636 3254 5706 τῆς
3285 5622 3671 5706 προαιρέσεως
3689 5636 3787 5689 τὸν
3826 5636 4030 5689 παλαιὸν

2472 5724 2867 5795 νομοθέτην,ὃς
2917 5724 3169 5795 βούλεται
3213 5728 3586 5797 πρεσϐύτερον
3654 5726 3691 5798 ἢ
3747 5725 4027 5793 διάκονονῆ

2476 5816 2855 5881 ὑποδιάκονον,
2896 5817 3036 5887 μετά
3068 5819 3166 5889 τὴν
3198 5818 3285 5872 ἐπ’
3326 5819 3477 5891 αὐτῷ
3513 5820 3875 5891 χειροθεσίαν
3898 5836 4029 5873 cursv
