4164 6426
152 382 275 444 ἱὲἓί

183 385 275 446 Ξὲί
1210 383 1288 443 ΙΝ
1331 385 1493 444 CAN.
1532 386 1578 442 Χ
1618 383 1720 442 (1(ίῖ

1824 427 1830 443 .
1869 383 2302 444 NEOCJESAR.

3269 382 3405 447 1222

145 504 413 568 θηεύμενον
458 501 699 568 γαμετῇ,
728 499 1008 560 παντελῶς
1034 500 1277 551 τοιούτου
1333 501 1720 562 ὑπεξίστασθαι

1833 512 1940 564 tur,
1979 503 2045 554 ah
2093 517 2155 552 co
2209 501 2393 552 habitu
2442 497 2976 561 omnino'evridere,
3023 504 3076 549 et
3119 497 3183 549 ad
3237 499 3400 551 vitam

144 592 443 661 σχήματος,
474 593 564 641 καὶ
611 591 749 660 πρὸς
781 592 869 642 τὸν
911 591 1102 642 λαῖγὺν
1167 591 1282 659 βίον
1374 593 1716 659 ἐπαναστρέ-

145 683 366 746 φεσθαι,
403 683 726 751 άκυροῦμεν
774 687 832 735 τ),
856 685 1054 752 δόγμα.
1094 683 1444 752 Θεσπίζομεν
1485 685 1538 735 δὲ
1566 686 1722 752 μόνον

141 777 204 842 τῇ
239 774 586 841 ὑποχωρήσει
625 775 723 842 τῆς
754 774 957 836 τάξεως
993 773 1076 840 ἐφ’
1136 767 1169 845 ᾖ
1229 773 1333 842 πρὸ
1389 772 1482 824 τοῦ
1541 775 1720 840 γάμου

141 866 521 930 ἐγνωρίζοντο,
560 866 848 936 ἀρκεῖσθαι
879 865 977 934 τὴν
1003 865 1160 933 δίκην
1223 866 1407 926 αὐτοῖς
1451 882 1461 892 ·
1515 863 1608 915 τοῦ
1667 863 1722 916 δὲ

142 957 406 1028 κληρικοῦ
441 959 732 1025 σχήματος
781 959 873 1009 καὶ
921 959 1023 1025 τῆς
1059 960 1224 1027 ἄλλης
1257 961 1313 1011 ἐν
1339 961 1458 1020 ταῖς
1525 958 1724 1026 ἐκκλη-

141 1051 286 1110 aiat;
321 1049 648 1118 ὑπηρεσίας,
681 1044 746 1118 ἧς
784 1049 1127 1116 ἐφάπτεσθαι
1162 1055 1260 1102 οὑκ
1323 1050 1602 1118 ἀθέμιτον,
1647 1051 1720 1120 μὴ

142 1141 464 1192 παντάπασι
503 1140 598 1207 τὴν
631 1140 990 1211 ἀλλοτρίωσιν
1029 1142 1510 1205 καταδικάζεσθαι.

205 1232 452 1285 ΖΩΝΛΡ.
509 1233 636 1285 Ἐάν
671 1250 754 1294 τις
785 1233 892 1302 πρὸ
921 1235 1017 1301 τῆς
1049 1236 1131 1296 είς
1186 1235 1490 1305 ἱερωσύνην
1539 1254 1720 1307 χειρο-

141 1325 324 1385 τονίας
352 1325 576 1394 ἁμάρτῃ
605 1326 843 1394 σώματι,
873 1327 1044 1396 ἤγουν
1075 1328 1238 1396 μέχρι
1273 1329 1474 1397 μίξεως
1533 1346 1723 1399 σαρκι-

138 1416 239 1483 κῆς
272 1415 425 1487 ἔλθῃ,
483 1412 601 1468 εἶτα
652 1419 924 1488 προαχθῇ,
995 1421 1123 1473 ἀντὶ
1177 1420 1292 1486 τοῦ,
1353 1422 1724 1492 πρεσϐύτερος

138 1506 525 1576 χειροτονηθῇ,
557 1507 650 1560 καὶ
685 1509 828 1578 μετὰ
871 1511 969 1578 τὴν
1023 1513 1367 1580 χειροτονίαν
1409 1513 1724 1583 ὁμολογήσῃ

137 1597 235 1664 τὴν
270 1598 583 1666 ἁμαρτίαν,
617 1601 958 1672 προσφέρειν
1034 1603 1132 1672 μὲν
1196 1604 1256 1654 οὑ
1331 1607 1719 1674 συγχωρεῖται,

137 1691 420 1742 τουτέστιν
483 1691 795 1761 ἱερουργεῖν
834 1707 848 1721 ⁸
917 1698 1070 1763 μενεῖ
1099 1694 1154 1747 δέ
1193 1697 1250 1747 ἐν
1323 1697 1437 1758 τοῖς
1519 1696 1719 1760 ἄλλοις,

1827 596 2021 647 lait-am
2069 594 2246 646 redire
2286 609 2299 644 :
2347 600 2397 645 et
2431 591 2709 645 decretum
2749 591 3109 642 infinnamns.
3151 589 3406 642 llccernt-

1827 705 1949 741 mus
1987 696 2167 738 autem
2205 686 2382 738 solum
2418 696 2470 738 ut
2503 684 2713 738 ordinis
2746 686 3019 746 cessione,
3057 683 3109 735 in
3139 699 3247 750 quo
3278 693 3404 736 ante

1826 778 2236 830 matrimonium
2287 777 2756 844 cognosrehatur,
2809 775 3058 842 supplicii
3113 776 3248 826 satis
3291 774 3399 828 sit:

1823 869 2012 923 clerici
2046 878 2227 920 autem
2279 866 2532 930 habitus,
2584 877 2634 920 et
2673 869 2818 919 alius
2863 869 2914 919 in
2957 867 3204 920 ecclesiis
3244 867 3404 918 initii-

1826 962 2008 1023 sierii,
2059 961 2203 1026 quod
2253 961 2405 1013 nefas
2451 975 2557 1012 non
2607 971 2689 1011 est
2734 961 3030 1028 attingere,
3075 961 3404 1014 alienatione

1826 1068 1934 1106 non
1962 1051 2185 1104 omnino
2215 1052 2629 1104 condemnetur.

1898 1234 2154 1289 ZONAI‘.
2182 1234 2260 1298 Si,
2298 1250 2619 1306 priusquam
2652 1235 2824 1288 sacris
2853 1233 3136 1287 ordinibus
3163 1234 3406 1286 initiare-

1828 1338 1934 1394 tur,
1971 1343 2204 1395 corpore
2237 1327 2509 1396 quispiam
2547 1328 2874 1396 peccaverit,
2910 1327 3009 1378 hoc
3042 1334 3144 1389 Cal,
3178 1327 3243 1378 ad
3283 1326 3404 1377 lihi-

1824 1421 2075 1473 dinosam
2111 1435 2282 1488 usque
2329 1433 2616 1486 corporum
2659 1419 3095 1472 connnistioncm
3149 1432 3404 1488 progres-

1827 1528 1921 1567 SttS
1965 1512 2133 1566 fuerit
2157 1551 2170 1576 ,
2206 1510 2404 1565 deinde
2444 1525 2574 1564 vero
2612 1510 2912 1565 admissum
2943 1509 3151 1562 crimen
3185 1523 3405 1578 promo-

1828 1618 1937 1670 tus,
1976 1606 2076 1659 hoc
2112 1615 2214 1666 est,
2249 1604 2336 1657 ubi
2381 1603 2639 1657 sacerdos
2665 1614 2878 1656 creatus
2913 1602 3109 1664 fuerit,
3143 1599 3404 1655 contiiea-

1827 1709 1950 1761 tur,
2011 1695 2245 1761 offerre,
2312 1697 2412 1750 hoc
2473 1705 2587 1758 est,
2639 1711 2794 1749 sacra
2857 1695 3135 1748 celebrare
3197 1691 3400 1744 homini

133 1784 422 1835 τουτέστιν
461 1787 518 1838 ἐν
545 1787 610 1853 τῇ
645 1787 776 1855 τιμῇ
805 1785 918 1837 τῶν
957 1787 1170 1856 ἱερέων,
1215 1789 1275 1839 ἐν
1322 1791 1390 1857 τῇ
1451 1788 1720 1858 καθέδρᾳ,

1831 1804 2175 1857 nequaquam
2220 1787 2446 1842 licebit:
2496 1799 2749 1840 caeterum
2787 1786 2927 1850 alia,
2969 1785 3179 1838 SCiliCt‘l
3218 1798 3402 1836 sacer-

135 1876 231 1928 καὶ
274 1876 332 1926 ἐν
359 1875 854 1947 τῷθυσιαστηρίῳ
915 1877 1023 1929 τῶν
1073 1879 1436 1948 ἁγιασμάτων
1488 1881 1726 1952 μεταλή-

134 1968 323 2035 ψεται,
355 1968 449 2020 καὶ
483 1969 616 2021 ἄλλα
655 1968 769 2034 ἕξει
795 1970 1067 2039 προνόμια
1111 1969 1197 2023 διὰ
1232 1971 1329 2041 τὴν
1361 1972 1526 2042 ἄλλην
1556 1991 1724 2026 σπου-

135 2059 231 2128 δὴν
260 2060 578 2122 σπουδαῖος.
629 2061 1034 2130 Ἀμαρτὴματα
1072 2063 1180 2132 γὰρ
1234 2064 1302 2116 τὰ
1381 2064 1610 2130 ἐλάττω,
1657 2065 1724 2120 τὰ

136 2152 277 2220 πρὸς
338 2153 436 2218 τῆς
470 2154 668 2220 μίξεως
714 2153 938 2222 δηλαδὴ.
971 2151 1085 2206 οἷον
1108 2153 1206 2225 τὴν
1294 2157 1722 2223 συγκατάθεσιν,

132 2245 192 2294 τὸ
227 2243 471 2310 ἅψασθαι
505 2246 651 2312 χειρὶ
699 2246 986 2311 γυναικὸς,
1055 2247 1116 2297 τὸ
1174 2246 1340 2316 μέχρι
1415 2248 1724 2316 φιλήματος

135 2332 452 2400 προελθεῖν,
485 2335 517 2400 ἡ
551 2332 865 2402 χειροθεσία
899 2333 1036 2398 λύει,
1064 2333 1224 2401 φησί.
1260 2335 1371 2386 Καὶ
1416 2335 1537 2386 οὑδὲ
1567 2335 1724 2386 τοῦτο

133 2422 209 2484 ὼς
237 2423 672 2492 ὁμολογούμενον
691 2421 838 2486 εἷπε,
865 2425 1003 2476 ἀλλὰ
1029 2423 1474 2492 κεκολασμένως,
1492 2425 1720 2492 ἔφασαν,

131 2511 325 2575 εἰπὼν,
359 2517 404 2566 οἱ
440 2515 646 2576 πολλοὶ,
674 2515 794 2567 ἀντὶ
829 2515 948 2578 τοῦ,
976 2515 1050 2577 ὼς
1078 2516 1228 2583 πλρὰ
1266 2532 1426 2566 τινων
1476 2514 1720 2582 λέγεται.

133 2605 197 2656 Ei
239 2605 340 2673 μὲν
366 2606 459 2658 οὖν
516 2607 678 2670 αὐτὸς
729 2607 983 2675 ὁμολογεῖ
1018 2607 1078 2658 τὸ
1105 2609 1431 2675 ἁμάρτημα,
1459 2607 1526 2658 τὰ
1565 2608 1720 2676 εἱρη-

133 2697 274 2765 μένα
305 2699 595 2768 γενήσεται
634 2715 646 2727 ”
669 2698 719 2750 εἰ
750 2697 807 2750 δὲ
837 2699 936 2767 οὐχ
973 2697 1229 2768 ὁμολογεῖ
1257 2699 1380 2749 οὔτε
1427 2697 1722 2767 προφανῶς

131 2790 439 2859 ἐλέγχοιτο,
522 2791 642 2844 τότε
678 2790 786 2860 χρὴ
817 2791 916 2860 τὴν
952 2791 1204 2857 ἐξουσίαν
1225 2791 1316 2841 τοῦ
1354 2792 1661 2857 ἱερουργεῖν
1693 2789 1724 2858 ἢ

132 2883 459 2938 παύσασθαι
518 2887 728 2937 ἐκεῖνον
758 2884 924 2953 ἔχειν,
951 2885 1064 2943 ἵνα,
1100 2884 1147 2934 εἱ
1180 2882 1422 2934 σύνοιδεν
1453 2882 1632 2951 ἐαυτῴ
1662 2883 1724 2935 τὸ

133 2977 465 3047 ἁμάρτημα,
499 2976 780 3045 παύσηται
849 2975 948 3042 τῆς
999 2975 1345 3044 λειτουργίας
1391 2992 1404 3004 ·
1467 2978 1723 3044 κρεῖσσον

130 3068 263 3133 γὰρ,
313 3067 446 3135 φησί
482 3083 585 3118 που
618 3067 852 3136 ὁνόμος,
911 3066 976 3118 τὰ
1025 3065 1400 3135 ἁμαρτήματα
1451 3066 1720 3136 καταλιμ-

132 3161 403 3212 πάνεσθαι
432 3159 776 3229 ἀνεκδίκητα,
813 3159 845 3229 ἦ
883 3175 1035 3220 τινας
1087 3157 1342 3217 ἀναιτίως
1376 3156 1730 3221 καλάζεσθαι.

1829 1882 2015 1934 dolum
2055 1881 2316 1934 honorem
2346 1919 2360 1942 ,
2409 1878 2686 1932 cathedra:
2725 1879 3134 1947 przrt‘ogativam
3157 1916 3171 1939 ,
3205 1876 3405 1945 jusque

1827 1981 2088 2040 praeterea
2139 1972 2190 2023 in
2236 1970 2394 2022 altari
2441 1967 2904 2027 connnunicandi,
2938 1966 3212 2027 retinebit,
3255 1967 3406 2017 aliis-

1827 2079 1933 2131 que
1984 2062 2056 2116 ob
2103 2061 2238 2114 alias
2287 2061 2550 2125 virtutes,
2582 2060 2625 2113 si
2659 2059 2916 2112 nimirum
2946 2059 3066 2110 vit.t-
3101 2058 3309 2126 integer
3341 2071 3404 2108 ac

1826 2155 2045 2208 virtutis
2085 2152 2404 2206 exercenda:
2451 2153 2726 2206 studiosus
2761 2153 2860 2213 sit,
2897 2149 3190 2219 privilegiis
3235 2149 3406 2202 coho-

1828 2248 2159 2299 nestabitur.
2224 2244 2359 2297 Nam
2420 2246 2626 2312 reliqua
2690 2245 2902 2297 minora
2956 2245 3229 2304 crimina,
3283 2257 3407 2309 (ιιιιιι

1826 2335 2077 2388 videlicet
2099 2335 2545 2402 conjunctionem
2569 2350 2857 2402 corporum
2880 2332 3406 2398 comit:mtnr,qnale

1825 2439 1910 2483 est
1944 2427 2174 2480 facinori
2211 2427 2500 2490 assentiri,
2538 2433 2878 2480 contrectare
2920 2441 3080 2479 tnanu
3123 2423 3403 2488 feminam,

1825 2519 2074 2574 OScttlum
2133 2533 2352 2585 quoque
2412 2517 2585 2570 eidem
2646 2515 2940 2585 impertiri,
3013 2515 3154 2577 haec,
3207 2514 3406 2583 inquit,

1829 2625 2090 2665 manuum
2139 2609 2486 2678 impositione
2531 2607 2816 2661 tolluntur.
2853 2605 3051 2660 Verum
3091 2623 3156 2660 tte
3191 2606 3241 2660 id
3284 2609 3409 2675 qui-

1826 2699 1947 2752 dem
1981 2708 2238 2764 tanquam
2266 2699 2491 2748 omnino
2527 2706 2759 2759 certum,
2793 2695 2884 2748 sed
2922 2712 3040 2746 cum
3071 2711 3130 2748 ea
3161 2696 3408 2749 modera-

1828 2792 1976 2843 tione
2006 2790 2197 2844 dixere
2237 2788 2429 2852 multi,
2471 2789 2570 2840 hoc
2598 2795 2717 2852 est,
2753 2797 2809 2839 ut
2846 2804 2873 2840 a
2905 2787 3233 2855 quibusdam
3272 2787 3406 2840 dici-

1827 2892 1936 2945 tur,
1971 2886 2330 2937 asseverant.
2361 2883 2538 2948 Atque
2574 2881 2684 2933 hmr
2715 2882 2955 2950 quidem,
2988 2895 3052 2934 eo
3085 2881 3264 2934 scelus
3296 2894 3407 2933 non

1828 2974 2139 3038 inliciente,
2190 2974 2420 3025 tenenda
2456 2982 2604 3027 sunt.
2651 2971 2806 3038 Quod
2844 2974 2886 3027 si
2937 2987 3034 3026 nec
3079 2973 3169 3026 ille
3197 2973 3407 3026 crimen

1827 3068 1985 3121 fateri
2017 3067 2168 3130 velit,
2204 3081 2384 3134 neque
2416 3064 2710 3119 manifesto
2742 3067 2992 3120 convinci
3030 3075 3243 3135 potest;
3280 3074 3409 3117 tunc

1846 3174 2000 3212 sacra
2059 3158 2366 3220 ministeria
2426 3158 2700 3221 obeundi,
2760 3158 2846 3212 vel
2905 3160 2971 3211 ab
3023 3158 3102 3212 eis
3156 3156 3408 3212 cessandi

131 3263 383 3323 potestas
410 3257 557 3310 illius
587 3255 816 3308 arbitrio
845 3253 1089 3324 permitti
1118 3253 1305 3319 debet;
1337 3261 1396 3305 ut
1456 3253 1500 3307 si
1567 3255 1784 3323 quidem
1811 3255 2146 3310 conscientia
2172 3253 2360 3318 flagitii
2386 3256 2673 3321 premitur,
2698 3268 2798 3307 sua
2824 3263 3021 3323 sponte
3062 3265 3092 3304 a
3122 3265 3407 3306 sacrorum

135 3364 430 3405 munerum
520 3349 802 3402 functione
869 3347 1120 3402 desistat.
1180 3347 1441 3400 Maleficia
1523 3363 1779 3418 namque,
1847 3349 2048 3402 alicubi
2109 3350 2193 3402 lex
2253 3350 2360 3413 ita,
2417 3349 2597 3419 potius
2646 3348 2914 3417 impunita
2964 3345 3204 3408 dimitti,
3247 3358 3409 3413 quam

133 3441 529 3497 innocentibus
556 3440 978 3509 quibuscunque
1010 3453 1226 3507 pmnam
1259 3438 1512 3507 irrogari,
1539 3437 1715 3491 decet.

132 3532 396 3586 APISTJ
449 3532 575 3584 Ἐὰν
594 3529 905 3600 ὁμολογήσῃ
932 3527 1303 3600 πρεσϐύτερος
1328 3530 1406 3580 ὅτι
1429 3529 1719 3599 προημαρο

1825 3524 2057 3579 ARIST.
2098 3543 2115 3576 ι
2158 3522 2212 3578 Si
2248 3523 2540 3594 presbyter
2566 3523 2856 3578 confessus
2887 3521 3050 3576 fuerit
3076 3534 3135 3575 se
3162 3535 3408 3589 pecasse,

210 3644 229 3675 ι
278 3642 358 3688 τε,
421 3623 494 3693 μὴ
547 3621 929 3691 προσφερέτω,
994 3622 1084 3673 καὶ
1117 3620 1298 3686 μόνον.
1325 3621 1458 3673 Τινὰ
1476 3623 1585 3692 γὰρ
1615 3621 1724 3673 τῶν

216 3733 234 3766 ι
277 3715 691 3784 ἁμαρτημᾶτων
745 3714 799 3765 αἱ
873 3713 1206 3782 χειροτονίαν
1263 3712 1507 3778 ἀφιᾶσιν.
1555 3712 1616 3763 El
1668 3711 1723 3764 δὲ

211 3823 230 3857 ι
278 3807 407 3876 μήθ’
446 3807 760 3876 ὁμολογοίη,
804 3805 928 3876 μήτ’
995 3804 1296 3874 ἐλέγχοιτο,
1341 3801 1501 3866 αὐτὸς
1552 3802 1723 3872 ἐχέτω

210 3917 228 3948 ι
278 3898 374 3966 τὴν
395 3898 675 3962 ἐξουσίαν.
697 3918 713 3950 ι

207 3990 290 4043 Τὰ
325 3991 426 4057 μὲν
485 3991 618 4045 ἄλλα
664 3992 842 4044 πάντα
911 3991 1281 4060 ἁμαρτήματα
1331 3989 1363 4059 ἠ
1409 3987 1722 4060 χειροθεσία

129 4082 290 4135 λύει·
324 4083 491 4151 μόνης
519 4082 575 4135 δέ
617 4083 716 4150 τῆς
749 4083 1075 4151 σωματικῆς
1121 4079 1402 4152 ἁμαρτίας
1458 4081 1712 4150 ἡττᾶται.

141 4171 274 4224 Ἐὰν
303 4167 397 4224 οὖν
425 4189 532 4234 τις,
557 4170 816 4239 πορνείαν
847 4169 1321 4240 προημαρτηκὼς,
1356 4171 1434 4231 εἱς
1465 4172 1596 4239 ἱερω
1621 4168 1718 4220 σύ-

125 4280 231 4332 νην
271 4262 612 4333 παραδεχθῆ,
679 4265 774 4315 καὶ
801 4263 938 4332 μετὰ
965 4263 1064 4331 τὴν
1131 4262 1468 4330 χειροτονίαν
1501 4260 1714 4330 ὼμολό·

126 4368 270 4424 γησε
314 4353 382 4404 τὰ
412 4354 786 4422 ἁμαρτήματα
818 4366 833 4382 ⁸
864 4352 961 4421 τῆς
997 4352 1095 4420 μὲν
1124 4351 1393 4421 καθέδρας
1422 4353 1516 4404 καὶ
1548 4351 1716 4420 τιμῆς

126 4445 242 4497 τῶν
271 4445 659 4515 πρεσϐυτέρων
725 4444 998 4515 μεθέξει·
1071 4445 1346 4515 ἱερατικὸν
1403 4443 1459 4497 δέ
1519 4444 1714 4497 τιούκ

126 4537 440 4607 ἐνεργήσει.
467 4537 530 4589 Ei
555 4538 611 4589 δὲ
636 4539 774 4608 μήτε
806 4537 969 4599 αὑτὸς
1026 4536 1342 4606 ὁμολογοίη,
1405 4539 1542 4604 μήτε
1582 4535 1713 4602 παρ’

125 4629 290 4681 ἄλλου
319 4629 599 4698 ἐλέγχοιτο
630 4630 906 4698 φανερῶς,
946 4629 1101 4699 παρὰ
1129 4632 1196 4699 τῇ
1260 4628 1426 4680 αὑτοῦ
1486 4627 1709 4697 ἐξουσίᾳ

125 4719 379 4773 κείσεται
403 4720 505 4787 τῆς
539 4721 842 4790 ἱερωσύνης
878 4719 1175 4786 παυθῆναι,
1227 4718 1344 4770 εἴτε
1381 4718 1474 4770 καὶ
1533 4717 1634 4786 μή.

758 4810 998 4865 ΚΑΝΩΝ
1059 4811 1115 4864 l'.

130 4923 150 4957 ε
207 4904 444 4974 ὀμοίως
500 4904 591 4958 καὶ
613 4904 885 4964 διάκονος,
931 4902 1026 4953 ἐὰν
1060 4905 1118 4954 ἐν
1148 4901 1225 4971 τῷ
1255 4900 1405 4970 αὑτῷ
1446 4899 1705 4968 ἁμαρτῆ·
1740 4884 1783 4941 D

203 5014 223 5046 ι
250 5013 379 5066 ματι
410 4996 702 5066 περιπέσῃ,
732 4995 832 5065 τὴν
857 4993 953 5045 τοῦ
986 4993 1261 5063 ὑπηρέτου
1286 4991 1439 5057 τάξιν
1473 4990 1698 5058 ἐχέτω.»

198 5089 399 5145 ΒΑΛΣ.
449 5089 539 5141 Ἐν
571 5087 649 5158 τῷ
701 5087 746 5139 θ’
782 5087 968 5139 κανόνι
1027 5087 1093 5138 τὰ
1127 5085 1256 5155 ιπερὶ⁵
1316 5084 1707 5155 πρεσϐυτέρων

126 5182 538 5253 ἡμαρτηκότων
567 5180 949 5250 διελέχθησαν
993 5183 1049 5232 ἐν
1099 5177 1259 5248 δέτῷ
1292 5178 1521 5245 παρόντι
1582 5176 1715 5248 περὶΙ

123 5277 416 5329 διακόνων.
458 5275 568 5326 Καὶ
598 5269 744 5327 οὗτοι
782 5275 910 5343 γὰρ,
949 5273 1462 5342 ἐξομολογούμενοι,
1497 5273 1587 5324 τοῦ
1614 5273 1713 5343 μὲν

127 5367 450 5422 διακονικοῦ
489 5367 806 5436 ἀξιώματος
838 5367 1227 5429 ἐκπεσοῦνται,
1255 5369 1334 5427 είς
1359 5365 1638 5434 ὑπηρέτου
1657 5364 1712 5416 δὲ

123 5463 284 5527 τάξιν
316 5460 914 5529 καταῦιϐασθήσονται,
962 5461 1082 5531 ἦτοι
1117 5461 1540 5530 ἀχειροτονήτου
1584 5460 1716 5511 ὑπο-

119 5553 378 5608 διακόνου
413 5553 446 5622 ἢ
480 5552 854 5620 ἀναγνώστου.

202 5648 450 5702 ΖΩΝΛΡ.
503 5649 848 5701 Ἐκπεσεῖται
882 5649 989 5716 γὰρ
1016 5649 1116 5718 τῆς
1151 5647 1454 5712 διακονίας,
1497 5645 1592 5698 καὶ
1622 5646 1702 5708 εἰς

125 5741 410 5809 ὑπηρέτου
438 5739 599 5791 τόπον
619 5740 1178 5812 καταθιϋασθήσεται.
1209 5742 1270 5792 Οἱ
1301 5739 1408 5809 γὰρ
1437 5737 1709 5809 ὑπηρέται

127 5835 190 5884 ου
221 5833 646 5904 προσφέρουσιν.

1907 3635 1925 3667 ι
1965 3617 2034 3669 ab
2068 3615 2349 3670 oblatione
2380 3615 2674 3678 abStineat,
2706 3623 2760 3669 et
2792 3615 2860 3667 ab
2887 3628 2949 3666 ea
2985 3620 3221 3667 tantum.
3253 3613 3412 3676 Qua:-

1907 3725 1925 3758 ι
1955 3690 2091 3760 ⁷(ἱειιιι
2126 3706 2272 3760 enim
2312 3717 2537 3776 peccata
2578 3707 2803 3760 ordines
2834 3706 3142 3760 remittunt.
3188 3705 3242 3758 Si
3283 3718 3410 3758 vero

1904 3819 1923 3852 ι
1965 3814 2064 3852 nec
2112 3799 2440 3853 confiteatur
2470 3814 2570 3854 nec
2612 3800 2992 3862 convincatur,
3039 3798 3153 3866 ipse
3199 3798 3281 3851 sui
3316 3812 3411 3866 po-

1902 3911 1920 3944 ι
1960 3898 2212 3947 testatem
2251 3890 2470 3946 habeat.
2511 3910 2531 3944 ι

1894 3986 2089 4040 Omnia
2138 3986 2357 4055 quidem
2402 3986 2507 4039 alia
2557 3993 2783 4055 peccata
2830 3999 3093 4038 manuum
3129 3984 3408 4053 im‘positio

1823 4079 1985 4144 tollit,
2017 4078 2138 4133 solo
2170 4085 2351 4132 autem
2381 4080 2651 4148 corporali
2682 4086 2907 4146 peccato
2941 4078 3170 4131 inferior
3201 4084 3310 4131 est.
3349 4076 3408 4131 Si

1819 4171 1941 4240 quis
1963 4170 2145 4238 itaque
2167 4169 2327 4240 411
2356 4171 2446 4238 qui
2471 4169 2889 4224 fornicationem
2925 4179 3083 4224 antea
3106 4169 3405 4233 commisit,

1819 4265 1873 4320 in
1905 4262 2276 4319 sacerdotium
2313 4264 2593 4332 recipitur,
2626 4273 2681 4317 et
2713 4270 2835 4331 post
2860 4262 3260 4316 ordinationem
3277 4276 3408 4330 pec-

1818 4368 1941 4412 cata
1975 4370 2073 4410 sua
2091 4353 2376 4412 confeSSnS
2398 4367 2514 4419 est,
2539 4355 2815 4408 cathedra:
2851 4354 3070 4423 quidem
3096 4363 3148 4407 et
3181 4353 3407 4407 honoris

1817 4453 2266 4522 presbyterorum
2300 4448 2575 4519 particeps
2605 4447 2748 4512 erit;
2780 4454 2834 4498 at
2889 4446 3232 4501 sacerdotale
3295 4444 3400 4498 ali-

1813 4543 1956 4610 quod
1982 4559 2181 4596 munus
2215 4557 2320 4594 non
2349 4540 2529 4594 obeat.
2557 4537 2612 4592 Si
2642 4549 2822 4592 autem
2846 4553 2945 4592 nec
2979 4536 3095 4607 ipse
3113 4537 3401 4590 confessus

1815 4636 2001 4694 fuerit,
2031 4651 2128 4689 nec
2145 4635 2212 4688 ab
2230 4634 2337 4685 alio
2373 4630 2658 4684 manifeste
2691 4633 3073 4694 convincatur,
3107 4631 3158 4682 in
3185 4643 3280 4683 soa
3311 4645 3400 4682 re-

1813 4727 2085 4795 linquitur
2110 4733 2378 4797 potestate
2434 4739 2500 4776 an
2536 4739 2562 4775 a
2600 4723 2919 4776 sacerdotio
2937 4722 3178 4777 cessabit
3212 4735 3403 4777 mene.

2438 4815 2664 4870 CANON
2699 4813 2767 4869 Χ.

1835 4927 1852 4960 ι
1899 4909 2164 4964 Similiter
2191 4917 2244 4964 et
2276 4909 2564 4972 diaconus,
2600 4908 2643 4961 si
2694 4907 2749 4961 in
2807 4907 2949 4961 idem
3000 4916 3283 4977 peccatum
3321 4905 3405 4960 in-

2031 5021 2048 5053 c
2098 5002 2318 5066 ciderit,
2351 4999 2594 5055 ministri
2624 4999 2872 5054 ordinem
2910 4999 3128 5053 habeat.
3175 5017 3194 5050 ι

1894 5091 2093 5146 BALS.
2139 5091 2194 5145 lu
2254 5105 2464 5146 canone
2497 5091 2530 5146 9
2570 5092 2636 5146 de
2680 5091 3016 5160 presbyteris
3054 5091 3144 5158 qui
3199 5104 3391 5160 pecca-

1818 5194 1945 5237 runt
1998 5194 2292 5238 tractaturo
2347 5189 2430 5237 est
2465 5198 2476 5234 :
2519 5184 2570 5236 in
2609 5183 2863 5250 praseuti
2891 5191 3071 5236 autem
3112 5181 3179 5236 de
3218 5181 3407 5236 diaco-

1821 5277 1947 5330 nis:
1983 5293 2107 5330 nam
2150 5286 2205 5330 et
2251 5277 2285 5329 ii
2336 5274 2577 5330 confessi
2624 5290 2653 5328 a
2696 5275 2913 5328 diaconi
2950 5275 3218 5344 dignitate
3256 5276 3406 5328 exci-

1817 5368 1998 5423 dent:
2055 5368 2106 5421 in
2177 5367 2415 5422 ministri
2448 5377 2628 5420 autem
2696 5367 2942 5420 ordinem
3004 5365 3401 5434 deprimentur,

1820 5460 2188 5531 hypodiaconi
2241 5459 2471 5522 scilicet,
2541 5459 2634 5528 qui
2681 5473 2789 5512 non
2841 5467 2922 5512 est
2956 5457 3271 5523 ordinatus,
3316 5457 3402 5511 vel

1819 5551 2064 5604 lectoris.

1891 5641 2146 5696 ZONAIL
2213 5640 2436 5697 Excidet
2472 5641 2616 5695 enim
2661 5655 2688 5694 a
2719 5639 3039 5705 diaeonatu,
3083 5648 3138 5696 et
3180 5639 3234 5694 in
3297 5639 3401 5693 mi-

1817 5736 1977 5789 nistri
2040 5736 2220 5791 locum
2299 5735 2608 5806 dejicietur.
2691 5733 2928 5791 Ministri
3002 5747 3240 5803 namque
3290 5749 3399 5788 non

1816 5827 2072 5883 ofl‘crunt.
