4164 6426
146 363 277 446 1225

1097 382 1176 440 IN
1210 383 1377 441 CAN.
1421 382 1567 440 Χιιι
1598 382 1801 441 CUNC.
1839 378 2267 439 NEOCESAR.

3231 324 3365 435 1225

149 517 259 562 ποις
290 498 409 551 οὐδὲ
461 498 606 569 δόξει
632 493 997 567 ἀποκαρῇναί.
1057 496 1244 561 Ὥστε,
1294 498 1386 549 ἐάν
1419 498 1524 548 ὑπὸ
1546 498 1701 566 αἴρει

1812 496 2212 564 amplectuntur
2240 512 2252 547 :
2283 501 2335 546 et
2354 493 2516 545 veluti
2544 506 2671 555 voce
2693 492 2873 544 divina
2901 492 3137 548 incitati.
3162 494 3367 550 dicunt.

151 609 225 642 σιν
259 589 623 659 ἀποκάρσεως
652 587 986 658 κατελείφθη
1016 588 1168 656 αὑτῷ
1204 588 1323 641 τόδε
1372 606 1449 651 τι,
1493 590 1583 640 καὶ
1642 589 1697 638 ὲν

148 683 248 749 ζωῇ
287 680 359 732 ὢν
384 683 482 733 οὐκ
518 683 798 751 ἀπεκάρη,
824 682 939 733 ἀλλ’
974 683 1031 732 ὲν
1064 682 1187 743 ταῖς
1216 681 1555 741 τελευταίαις
1573 680 1703 731 ἀνα-

149 777 330 835 πνοαῖς
368 776 462 825 τὸν
504 774 713 844 μονήρη
752 772 869 843 βίον
919 752 1116 837 είλετο,
1152 760 1242 824 καὶ
1276 773 1440 834 εὐθὺς
1492 771 1703 825 ἀπέθα-
1746 812 1749 819 .

147 882 247 923 νεν,
299 866 358 916 οὐ
385 865 621 933 λήψεται
665 869 691 916 6
736 866 1066 933 κληρονόμος
1105 863 1268 915 αὑτοῦ
1327 864 1394 915 τά
1450 863 1702 915 καταλει-

150 953 322 1017 θὲντα,
357 956 445 1008 διὰ
494 956 553 1006 τὸ
583 954 941 1023 πληρωθῆναι
989 956 1129 1023 τάχα
1154 955 1254 1023 τὴν
1285 954 1513 1023 αἰρεσιν·
1568 954 1705 1006 ἀλλά

147 1048 676 1117 καταδικασθήσεται
733 1047 807 1110 ὡς
872 1048 1006 1116 μηδὲ
1059 1043 1309 1113 δόξαντος
1360 1047 1703 1115 ἀποκαρῆναι

146 1140 231 1191 τοῦ
270 1140 724 1208 τελευτήσαντος,
766 1140 1065 1191 κάντεῦθεν
1099 1139 1440 1209 ἀτονησάσης
1474 1142 1568 1190 καὶ
1604 1138 1704 1205 τῆς

150 1224 428 1298 αἱρέσεως.
468 1230 768 1297 Ἀνάγνωθι
795 1231 890 1284 καὶ
921 1230 1017 1283 τοῦ
1043 1230 1091 1283 α’
1116 1230 1295 1284 τίτλου
1323 1230 1418 1281 τοῦ
1438 1227 1703 1299 δ’βιϐλίου

145 1339 261 1388 κεφ.
297 1320 336 1373 ε’
358 1322 493 1390 ὅπερ
526 1321 839 1390 συνωψίσθη
880 1322 1009 1390 περὶ
1060 1322 1128 1373 τὰ
1163 1321 1303 1391 μέσα
1349 1320 1441 1373 τοῦ
1476 1326 1525 1374 α’
1576 1338 1703 1386 κεφ.

144 1415 231 1467 τοῦ
265 1421 333 1467 ια’
363 1416 545 1467 τίτλου
601 1415 695 1467 τοῦ
749 1415 1017 1481 παρόντος
1064 1415 1457 1484 συντάγματος,
1512 1414 1705 1467 καὶτὰ

146 1509 269 1576 περὶ
295 1509 355 1559 τὸ
378 1508 530 1571 τέλος
552 1508 647 1560 τοῦ
677 1514 723 1559 α’
757 1526 881 1573 κεφ.
924 1507 1018 1559 τοῦ
1056 1508 1112 1577 νβ’
1132 1492 1311 1559 τίτλοῖ)
1344 1507 1436 1559 τοῦ
1502 1508 1701 1576 παρόν-

143 1617 226 1660 τος
247 1602 667 1669 συντάγματος,
688 1601 785 1652 καὶ
816 1599 959 1652 κατὰ
984 1600 1084 1663 τὴν
1109 1598 1390 1669 παροῦσαν
1410 1599 1704 1668 ἑρμηνείαν

142 1694 483 1763 ὲρμήνευσον
514 1692 609 1745 καὶ
634 1693 812 1744 ἐκεῖνο
844 1693 907 1745 τὸ
933 1690 1253 1758 κεφάλαιον,
1304 1692 1399 1745 καὶ
1444 1692 1565 1744 είπὲ
1600 1691 1702 1754 ὅτι,

140 1786 186 1836 εί
249 1784 347 1851 μὲν
407 1787 435 1836 6
467 1784 559 1837 ἐπὶ
612 1784 823 1850 αἱρέσει
856 1784 1202 1846 παιδοποιίας
1253 1782 1431 1835 λαϐὼν
1464 1785 1695 1852 πρᾶγμα

143 1874 511 1943 βεϐαρημένον
529 1876 587 1926 ὲν
610 1875 771 1944 ὑγεία
797 1875 1053 1944 ἀποκαρῇ
1081 1872 1261 1944 ἀγαθῇ
1292 1876 1494 1943 χάριτι,
1518 1874 1694 1937 καλῶς

144 1963 225 2017 ἵνα
279 1964 585 2035 καταλεῖψῃ
645 1960 779 2016 αὐτὸ
832 1965 912 2025 είς
978 1965 1222 2024 εὐσεϐεῖς
1280 1965 1494 2027 αὶτίας,
1528 1965 1620 2017 καὶ
1670 1967 1703 2034 ἡ

142 2046 586 2114 ὑποκατάστασις
648 2052 1024 2122 ἀπρακτήσειο
1079 2054 1128 2103 εί
1181 2053 1236 2105 δὲ
1285 2055 1343 2105 ἐν
1397 2055 1475 2120 τῷ
1528 2055 1704 2125 καιρῷ

139 2143 233 2209 τῆς
282 2143 605 2206 τελευταίας
651 2141 932 2211 ἀναπνοῆς
1001 2143 1171 2196 αὐτοῦ
1225 2146 1287 2197 ού
1342 2142 1706 2215 παραπέμψει

137 2223 429 2295 τοῦτοέίς
486 2233 727 2297 εὐσεϐεῖς
790 2235 989 2297 αίτίας,
1041 2234 1129 2287 διὰ
1176 2236 1239 2287 τὸ
1297 2236 1559 2303 ἁτονῆσαι
1606 2234 1706 2306 τὴν

139 2325 374 2395 αἵρεσιν,
428 2327 520 2378 καὶ
582 2326 768 2392 ἕξουσι
820 2327 1005 2397 χώραν
1058 2329 1123 2380 τὰ
1163 2331 1263 2398 τῆς
1324 2319 1710 2383 ὑποκάταστά·

140 2436 298 2483 σεως.

207 2514 452 2566 ΖΩΝΑΡ.
494 2516 590 2577 ⁸ος
646 2514 909 2582 ὑγιαίνων
948 2516 1045 2583 μὲν
1106 2516 1457 2585 ὑπερετίθετο
1510 2517 1708 2586 βαπτι-

141 2606 356 2683 σθῆναι,
413 2608 649 2675 νοσήσας
682 2606 739 2659 δὲ
780 2610 876 2660 καὶ
928 2590 1181 2661 κίνδυνον
1238 2609 1369 2679 περὶ
1413 2612 1511 2677 τὴν
1562 2608 1709 2679 ζωὴν

141 2698 500 2768 ὑφορώμενος
558 2683 891 2768 ἐϐαπτίσθη,
949 2693 1101 2760 οὗτος
1156 2702 1233 2762 είς
1278 2701 1585 2771 ἱερωσύνην
1647 2703 1708 2754 οὐ

141 2786 575 2856 προαχθήσεται.
607 2789 769 2841 Δοκεῖ
791 2788 898 2860 γὰρ
928 2788 1331 2843 ἀναϐάλλεσθαι
1362 2791 1422 2843 τὸ
1454 2790 1711 2860 φώτισμα

136 2873 227 2927 διά
282 2876 342 2927 τὸ
392 2876 673 2946 φιλήδονον
722 2880 815 2930 καὶ
861 2878 1209 2948 φιλόσαρκον,
1267 2881 1367 2934 καὶ.
1422 2883 1484 2933 τὸ
1534 2882 1710 2934 θέλειν

136 2968 342 3029 ἀνέτως
377 2967 497 3038 ζῇν,
530 2970 621 3021 καί
649 2970 955 3039 ὑπαχθῆναι
998 2971 1076 3040 τῷ
1129 2972 1298 3042 ζυγῷ,
1326 2972 1419 3024 τοῦ
1472 2975 1710 3041 Εὑαγγε-
1734 2948 1745 2961 θ

138 3056 254 3110 λίου
290 3060 388 3128 (5),
430 3063 524 3113 καὶ
556 3062 613 3126 ἐξ
642 3062 944 3131 ἀνάγκηςή
982 3062 1171 3124 πίστις
1224 3064 1411 3126 αὑτοῦ.
1457 3065 1575 3117 ἀλλ’
1611 3068 1710 3119 οὐκ

1806 585 1905 639 Ubi
1934 588 2285 649 teinveuero,
2339 586 2446 637 illic
2488 596 2540 638 te
2581 566 2857 653 judicalm.
2922 585 3079 651 Apud
3126 584 3372 637 homines
3406 639 3411 643 ,

1804 684 1984 731 autem
2036 692 2143 729 non
2199 676 2468 729 videbitur
2524 674 2644 729 css'e
2695 685 2907 729 tonsus.
2974 672 3152 740 Quare
3218 676 3264 726 si
3310 675 3369 726 ei

1805 769 2005 838 aliquid
2100 768 2345 822 relictum
2422 778 2610 828 esset,
2677 768 2779 821 sub
2839 768 2941 819 hac
3025 766 3369 827 conditione,

1806 861 1848 912 si
1878 869 2067 912 tonsus
2108 869 2275 920 esset,
2312 868 2511 911 etcum
2566 860 2620 911 in
2672 859 2780 910 vita
2808 867 2974 919 esset,
3004 866 3222 911 'tonsus
3263 874 3370 915 nou

1805 961 1906 1011 est,
1944 952 2039 1006 sed
2080 952 2131 1004 in
2164 964 2405 1005 extremo
2435 950 2627 1020 spiritu
2660 952 2825 1002 vitam
2863 938 3220 1003 monasticam
3255 952 3369 1003 ele-

1807 1046 1903 1114 git,
1933 1056 1984 1100 et
2021 1044 2099 1098 sic
2137 1046 2385 1096 mortuus
2420 1053 2539 1107 est;
2590 1046 2695 1099 no'n
2751 1041 2985 1109 accipiet
3027 1040 3143 1108 ejus
3200 1040 3374 1093 haeres

1805 1152 1927 1206 qua:
1958 1137 2005 1189 ei
2038 1136 2223 1189 relicta
2252 1145 2398 1198 sunt,
2433 1145 2690 1203 tanquam
2722 1133 2940 1199 impleta
2990 1132 3151 1184 fuerit
3185 1132 3374 1185 condi-

1810 1230 1885 1279 tio
1925 1227 2061 1281 :sed
2090 1225 2571 1283 coudemnabitur.
2621 1231 2805 1291 utpote
2864 1223 3010 1287 quod
3082 1222 3375 1275 defunctus

1808 1335 1916 1373 non
1947 1329 2136 1373 tonsus
2165 1318 2332 1371 fuisse
2357 1318 2505 1369 visus
2537 1316 2629 1377 sit,
2667 1326 2723 1368 et
2760 1315 2883 1367 ideo
2920 1313 3164 1367 conditio
3198 1314 3376 1367 nullas

1806 1410 1953 1463 vires
2008 1410 2282 1463 habuerit.
2348 1405 2489 1476 Lege
2541 1417 2594 1459 et
2654 1406 2737 1457 tit.
2771 1406 2793 1456 l
2834 1406 2949 1472 ,lih.
2980 1420 3050 1467 ιν,
3091 1420 3214 1472 cap.
3240 1405 3294 1466 5,
3322 1404 3376 1457 in

1809 1503 1993 1561 medio
2023 1502 2184 1572 primi
2222 1516 2343 1565 cap.
2386 1501 2443 1553 ll
2477 1502 2560 1553 tit.
2607 1500 2890 1567 przcsentis
2931 1499 3117 1566 operis
3146 1500 3199 1549 in
3229 1513 3378 1578 cqui-

1806 1596 2063 1663 pendium
2136 1593 2461 1656 redactum;
2518 1599 2571 1644 et
2634 1606 2754 1659 qua:
2805 1600 2932 1643 sunt
2995 1591 3139 1643 circa
3217 1589 3374 1642 tinem

1810 1688 1969 1758 primi
2027 1688 2226 1757 capitis
2277 1685 2505 1740 secundi
2576 1685 2718 1737 tituli
2786 1685 3069 1752 prmsentis
3106 1685 3289 1751 operis
3323 1690 3378 1735 et.

1808 1778 2109 1833 secundum
2160 1786 2477 1846 praesentem
2541 1775 3047 1843 interpretationem
3104 1774 3231 1825 illud
3287 1788 3381 1825 ca~

1810 1886 1904 1943 put
1941 1882 2273 1941 exponeret
2299 1872 2405 1933 die,
2440 1871 2582 1939 quod
2608 1872 2650 1925 si
2683 1872 2752 1931 is.
2802 1873 2893 1939 qui
2935 1870 3037 1923 sub
3075 1869 3375 1921 liberorum

1806 1965 2126 2021 conditione
2176 1980 2288 2017 rem
2347 1954 2585 2031 aliquam
2634 1973 2910 2031 gravatam
2982 1962 3280 2030 acceperit.
3320 1962 3377 2014 in

1807 2059 2043 2113 sanitate
2096 2065 2292 2131 tonsus
2367 2054 2534 2107 fuerit
2592 2054 2729 2105 bona
2762 2055 2956 2122 gratia,
2992 2063 3139 2130 recte
3160 2064 3277 2106 eam
3310 2056 3378 2105 ad

1808 2149 1926 2219 pias
1964 2163 2160 2202 causas
2216 2148 2505 2215 relinquat,
2536 2154 2588 2199 et
2640 2146 2913 2199 rcStitutio
2958 2145 3214 2213 cessabit
3250 2145 3375 2197 :sin

1809 2253 1988 2296 autem
2026 2243 2077 2295 in
2119 2241 2348 2294 extremi
2401 2240 2654 2308 spiritns-
2696 2250 2964 2305 tempore,
3002 2251 3119 2291 eam
3148 2237 3211 2289 ad
3265 2239 3381 2303 pias

1808 2348 2007 2387 causas
2036 2332 2516 2393 nontransmittet,
2555 2331 2696 2400 quod
2778 2328 3011 2383 invalida
3050 2327 3207 2381 fuerit
3245 2343 3382 2382 con-

1809 2409 1978 2483 ditio,
1998 2436 2050 2477 et
2084 2425 2263 2478 locum
2303 2423 2517 2476 habebit
2548 2424 2843 2478 restitutio.

1882 2513 2133 2569 ZONAR.
2193 2514 2519 2583 Quicunque
2580 2516 2872 2568 incolumis
2924 2515 3179 2583 baptismi
3236 2516 3382 2569 diem

1812 2608 2038 2678 longius
2084 2610 2344 2667 extraxit.
2405 2606 2603 2661 deinde
2666 2624 2796 2661 vero
2866 2610 3056 2661 morbo
3092 2618 3385 2676 grassante

1812 2702 2085 2768 salutique
2118 2700 2620 2761 metueussalutari
2667 2700 2888 2752 lavacro
2908 2700 3140 2778 ‘abhitus
3173 2710 3278 2764 est,
3315 2704 3384 2755 ad

1812 2791 2102 2845 sacerdotii
2168 2791 2394 2861 gradum
2459 2806 2566 2844 non
2626 2792 3059 2861 promovebitur.
3147 2790 3383 2846 Utenim

1814 2883 2077 2951 voluptati
2116 2897 2179 2935 ac
2221 2882 2545 2957 libidinibus
2583 2882 2911 2953 indulgeret,
2962 2884 3241 2952 vitamque
3272 2886 3387 2939 dis-

1815 2974 1993 3028 solute
2047 2986 2252 3043 ageret,
2317 2986 2483 3043 atque
2548 2992 2577 3029 a
2612 2976 2747 3046 jugo
2797 2977 3075 3048 Evangelii
3126 2980 3386 3033 immunis

1812 3076 1978 3131 esset,
2010 3067 2213 3122 idcirco
2261 3069 2537 3138 baptismo
2574 3085 2783 3122 moram
2827 3071 3224 3141 interposuisse
3259 3088 3388 3125 cen-

139 3152 205 3203 ὲκ
239 3153 620 3221 προαιρέσεως
643 3152 900 3220 γενέσθαι
929 3156 1199 3222 φαίνεται.
1229 3156 1290 3207 Et
1323 3156 1380 3209 δὲ
1417 3157 1709 3219 σπουδαῖος

1816 3158 2021 3212 scndus
2054 3169 2138 3213 est
2167 3175 2183 3223 ;
2216 3160 2557 3229 proindeque
2588 3163 2655 3213 ab
2701 3160 2792 3213 illo
2849 3162 3000 3223 fides.
3052 3164 3388 3217 necessitate

143 3245 283 3311 μετά
327 3244 389 3296 τὸ
422 3244 711 3314 βάπτισμα
742 3249 886 3315 φανῇ
917 3249 1046 3316 περὶ
1078 3249 1176 3318 τὴν
1221 3248 1331 3300 τῶν
1365 3250 1524 3303 θείων
1560 3251 1713 3301 ἐντο-

138 3333 248 3386 λῶν
278 3334 547 3402 φυλακὴν,
581 3334 675 3392 καὶ
694 3335 823 3403 περὶ
852 3335 949 3404 τὴν
984 3335 1167 3388 πίστιν
1196 3335 1435 3406 βέϐαιος,
1463 3336 1559 3390 καὶ
1576 3340 1715 3390 σπά..

135 3438 220 3483 νις
256 3422 343 3491 είη
372 3422 682 3491 ἀνθρώπιον
712 3424 849 3491 πρὸς
872 3424 1174 3496 ἱερωσύνην
1213 3426 1560 3494 ἐπιτηδείων,
1590 3428 1711 3480 τότε

138 3519 454 3584 γενήσεται.
1018 3569 1050 3600 Ι

146 3784 372 3841 ΓΡΙΣΤ.
450 3806 467 3837 ι
511 3790 569 3840 ’0
620 3788 709 3839 διά
770 3787 927 3849 νόσον
976 3786 1293 3855 βαπτισθεὶς
1348 3789 1425 3859 μὴ
1480 3794 1714 3858 γινέσθω

220 3899 239 3927 ι
286 3879 683 3949 πρεσϐύτερος,
718 3880 766 3932 εί
817 3878 895 3949 μὴ
939 3878 1029 3931 διὰ
1076 3880 1392 3948 ὼνοάγῶνα
1420 3864 1711 3953 τὸνίιξῆς,

219 3990 239 4022 ι
282 3972 380 4023 καὶ
405 3972 607 4024 σπάνιν
639 3970 971 4042 ἀνθρώπων.
1005 3990 1025 4023 ι

226 4063 287 4116 '0
314 4064 412 4133 μὲν
445 4066 542 4134 μὴ’
568 4080 712 4125 τινος
738 4041 990 4134 ἀνάγκης
1035 4059 1467 4138 κατεπειγούσης
1518 4041 1712 4136 {mir}-

138 4156 321 4223 τήσας
350 4156 412 4206 τὶ
444 4154 751 4225 βάπτισμα,
786 4157 974 4225 ἐπειδὴ
1033 4156 1210 4210 πάντα
1262 4158 1434 4226 ῥύπον
1485 4159 1715 4228 ψυχικὸν

144 4246 339 4299 ίκανὸν
375 4248 529 4299 ἐστιν
564 4247 878 4300 ἀποπλῦναι
902 4249 1058 4311 αὐτὸ,
1084 4249 1178 4301 καὶ
1206 4250 1285 4312 είς
1318 4250 1713 4321 πρεσϐύτερον,

137 4341 241 4393 καὶ
278 4342 359 4402 είς
414 4342 717 4420 ἐπίσκοπον
776 4342 1245 4412 ’προαχθήσεται,
1312 4343 1496 4407 καθὼς
1526 4345 1717 4413 ὀγδοη-

137 4432 342 4495 κοστὸς
384 4435 567 4485 κανὼν
629 4433 737 4485 τῶν
791 4434 964 4501 ἁγίων
1016 4436 1351 4501 ἀποστόλων,
1384 4439 1411 4489 6
1458 4438 1713 4508 δεύτερος

1813 3250 2071 3313 quadam,
2128 3265 2236 3303 non
2301 3251 2467 3305 libera
2524 3254 2720 3305 animae
2766 3253 3071 3318 voluntate,
3122 3264 3386 3323 suscepta

1813 3343 1984 3395 videri
2018 3350 2214 3410 potest.
2250 3342 2405 3409 Quod
2438 3345 2482 3398 si
2530 3356 2714 3413 postea
2753 3345 3026 3415 baptismo
3051 3348 3304 3419 initiatus
3331 3349 3413 3402 iw

1813 3436 2204 3490 exhauriendis
2245 3444 2471 3489 strenue
2504 3435 2599 3491 Dei
2654 3437 2925 3492 mandatis
2954 3453 3178 3505 operam
3232 3454 3385 3494 suam

1818 3528 2052 3597 fideique
2118 3527 2485 3582 constantiam
2555 3531 2891 3597 probaverit,
2930 3544 2984 3584 et
3014 3547 3146 3586 vero
3177 3533 3258 3588 sic
3296 3549 3389 3588 eo-

1815 3637 1957 3682 rum,
2027 3622 2118 3689 qui
2185 3623 2253 3673 ad
2306 3622 2642 3675 sacerdotale
2706 3640 2908 3695 munus
2988 3625 3166 3679 idonei
3233 3636 3384 3690 sunt,

1768 3719 1773 3726 ’
1814 3716 2058 3781 paucitas
2086 3716 2335 3777 suadeat,
2364 3724 2492 3768 tunc
2523 3716 2856 3771 admittatur.

1814 3808 2045 3862 AltlST.
2113 3830 2131 3860 ι
2182 3809 2411 3879 Propter
2476 3813 2726 3866 nimbum
2800 3814 3116 3883 baptizatus
3166 3832 3233 3870 ne
3295 3816 3389 3869 ﬂat

1891 3919 1910 3951 ι
1962 3903 2270 3973 presbyter,
2326 3896 2445 3957 nisi
2504 3906 2575 3957 ob
2605 3914 2882 3960 certamen
2909 3908 3053 3975 quod
3086 3917 3272 3977 postea
3296 3924 3387 3961 su-

1894 4012 1912 4044 ι
1962 3994 2145 4055 hierit,
2180 4001 2275 4047 aut
2298 3995 2590 4047 hominum
2624 3996 2925 4051 raritatem.
2976 4016 2994 4049 ι

1838 4115 1841 4119 ι
1886 4082 1988 4147 Qui
2026 4083 2247 4151 quidem
2285 4083 2431 4137 nulla
2464 4094 2690 4143 urttente
2734 4088 3065 4142 necessitate
3118 4091 3387 4159 baptisma

1816 4176 2088 4241 qua-sivit,
2116 4178 2561 4245 quandoquidem
2596 4178 2734 4233 istud
2764 4178 2831 4232 ad
2873 4195 3089 4235 omnem
3134 4184 3389 4250 spiritua-

1816 4268 1919 4321 lem
1953 4268 2268 4323 diluendam
2300 4270 2518 4323 sordem
2557 4270 2832 4326 sumciens
2867 4274 2961 4336 sit,
2999 4285 3054 4327 et
3086 4275 3137 4327 iu
3165 4277 3392 4347 presby-

1818 4369 1995 4415 terum
2030 4371 2086 4415 et
2122 4362 2175 4415 in
2200 4364 2517 4431 episcopum
2560 4366 3071 4433 promorebiturmt
3119 4370 3392 4439 octogesi-

1820 4467 1945 4507 mus
2003 4463 2326 4507 sanctorum
2406 4457 2782 4525 apostolorum
2850 4472 3055 4521 canon,
3108 4460 3389 4515 secundus

133 4517 243 4593 τῆς
274 4524 336 4577 ὲν
368 4524 577 4595 Νικαίᾳ
604 4525 851 4589 συνόδου,
880 4528 910 4578 6
940 4526 1124 4595 τρίτος
1158 4527 1255 4596 τῆς
1302 4528 1360 4580 ὲν
1399 4529 1713 4599 Λαοδικείᾳ,

1823 4543 2017 4611 synodi
2053 4544 2312 4608 Nicaeae,
2379 4550 2574 4602 tertius
2634 4548 3007 4610 Laodicensis.
3041 4563 3097 4606 et
3144 4553 3390 4607 decimus

136 4618 241 4667 καὶ
272 4615 551 4678 όδέκατος
603 4616 700 4683 τῆς
734 4617 791 4667 tv
845 4616 1179 4689 Καρθαγένῃ
1230 4618 1562 4690 διαγορεύει·
1596 4623 1625 4673 6
1658 4622 1715 4673 δὲ

139 4709 238 4761 διά
262 4702 415 4760 νόσον
440 4692 792 4776 βαπτισθεὶς,
837 4693 931 4772 ὡς’
954 4709 1027 4780 μὴ
1067 4712 1132 4761 ὲκ
1169 4714 1571 4782 προαιρέσεως,
1597 4714 1713 4766 ἀλλ’

135 4803 201 4865 ἐξ
237 4802 487 4869 ἀνάγκης
518 4800 834 4869 προσελθὼν
865 4800 943 4871 τῷ
1012 4802 1347 4872 φωτίοματι,
1379 4805 1480 4855 οὐκ
1539 4803 1715 4867 άλλως

136 4893 555 4961 εἰςίερωσύνην
590 4894 1093 4964 παραδεχθήσεται,
1138 4899 1187 4948 εί
1250 4898 1324 4966 μὴ
1365 4898 1717 4969 συνδράμωτι

137 4990 242 5039 καὶ
272 4986 581 5056 ἀμφότερα,
620 4987 682 5037 τὸ
724 4987 923 5049 σπάνιν
962 5004 1021 5040 τε
1080 4987 1382 5057 ἀξιολόγων
1411 4992 1716 5071 ἀνθρώπων

135 5075 319 5142 εἶναι,
361 5078 455 5130 καὶ
483 5078 546 5130 τὸ
596 5078 974 5146 ἀγωνίσασθαι
1008 5080 1172 5133 αὐτὸν
1226 5082 1365 5151 μετά
1396 5083 1489 5160 τὸ..
1516 5084 1717 5153 βάπτι-

141 5187 287 5236 σμα.

750 5262 987 5317 ΚΔΝΩΝ
1012 5264 1109 5318 lI".

76 5410 81 5416 ,
144 5376 165 5408 ε
212 5353 535 5423 Ἐπιχώριοι
567 5353 622 5405 δὲ
654 5352 1024 5424 πρεσϐύτεροι
1054 5354 1129 5427 (6)
1159 5357 1217 5408 ἑν
1246 5356 1323 5428 τῷ
1349 5360 1597 5432 κοριακῷ
1617 5362 1715 5433 τῆς

1822 4636 2277 4709 Carthaginensis
2337 4643 2712 4702 pronuntiant.
2769 4640 2874 4709 Qui
2928 4655 3107 4698 autem
3169 4654 3391 4716 propter

1825 4729 2076 4783 morbum
2111 4731 2422 4801 baptizatus
2480 4742 2585 4797 est,
2619 4742 2675 4786 ut
2708 4749 2815 4787 non
2849 4750 2914 4788 ex
2961 4737 3242 4804 proposito
3292 4737 3389 4790 sed

1827 4824 2159 4877 necessitate
2198 4824 2264 4877 ad
2306 4824 2756 4904 illuminationem
2809 4828 3058 4892 veniens,
3095 4842 3203 4882 non
3234 4829 3391 4882 aliter

1821 4916 1886 4969 ad
1913 4916 2277 4970 sacerdotium
2339 4918 2687 4981 admittetur,
2731 4920 2840 4974 nisi
2904 4922 3064 4975 ambo
3095 4921 3211 4977 haec
3249 4937 3389 4975 cnn-

1817 5016 2067 5074 currant,
2107 5017 2159 5063 et
2184 5025 2389 5078 paucos
2440 5026 2563 5065 esse
2594 5013 2789 5081 dignos
2824 5014 3092 5069 homines.
3124 5016 3386 5085 etipsum

1819 5108 1941 5170 post
1965 5099 2233 5170 baptisma
2268 5099 2496 5162 multum
2529 5110 2789 5156 certasse.
2867 5123 2880 5133 ί

2388 5278 2620 5337 CANON
2667 5282 2805 5339 Xlll.

1822 5388 1850 5436 ,ι
1898 5368 2092 5424 Vicani
2133 5381 2315 5426 autem
2374 5377 2674 5447 presbyteri
2709 5379 2763 5432 in
2805 5377 2958 5447 urbis
2987 5380 3271 5435 dominico
3301 5380 3387 5435 of-

1371 5478 1559 5543 Guill.
1598 5484 1922 5563 Beveregii
1967 5492 2159 5547 no’tte.
2222 5548 2231 5569 ,

220 5579 299 5646 (5)
333 5579 417 5653 Τφ
454 5571 605 5653 ξργῷ
632 5572 741 5653 τοῦ
767 5574 1180 5653 Εὑαγζελιόυτί
1200 5580 1525 5649 ιρευηάιιω
1554 5585 1711 5653 juxta

141 5667 291 5706 mss.
320 5646 815 5722 Aule-tbachiauum
848 5657 900 5722 e_t
934 5646 1211 5722 Gallam“.
1247 5646 1405 5722 τί,γῷ
1461 5646 1569 5707 τοῦ-
1606 5657 1714 5709 κυ-

142 5725 294 5794 Ρίουν
326 5715 403 5794 ’ξιὲ
425 5716 788 5794 νάμςροιλέγεορ
820 5716 900 5782 τῷ
926 5715 1346 5794 eomexrx.;,,__'
1376 5715 1388 5722 ·
1732 5717 1737 5721 -

220 5792 299 5860 (6)
336 5783 669 5865 Ἐπιχώριοι
714 5784 783 5836 δὲ
833 5783 1252 5858 πρεσσύτεροιί
1298 5792 1409 5848 Hoc
1444 5806 1547 5858 est,
1585 5795 1713 5851 Pre-

432 5880 701 5939 l’n'uoL.
733 5883 849 5940 (in.
879 5881 1235 5942 CXXXVI].

1820 5589 2208 5665 sbyteriruris,
2232 5604 2288 5647 ut
2322 5592 2611 5665 Dionysius
2657 5598 2900 5665 Exiguus
2928 5610 3075 5655 recte
3106 5606 3283 5656 vertit.
3329 5606 3385 5656 lu

1824 5660 1927 5739 hoc
1954 5662 2101 5741 enim
2137 5674 2197 5741 _et
2246 5660 2495 5741 sequenii
2535 5682 2744 5741 canone
2762 5660 2878 5741 lvel
2910 5672 3089 5737 potius
3114 5672 3217 5725 hoc
3246 5675 3386 5736 solo,

1824 5731 2096 5815 siquidem
2136 5732 2189 5785 in
2213 5804 2224 5814 ι
2245 5735 2520 5815 plerisque
2547 5738 2882 5815 editionibus
2910 5731 2965 5795 is
2990 5744 3118 5798 huic
3155 5731 3388 5815 conjuu;

1828 5801 1997 5869 gitur)
2036 5801 2104 5855 de
2140 5801 2527 5873 cpisconis'ct
2579 5813 2915 5881 presbyteris
2974 5816 3117 5870 ruris
3182 5801 3386 5888 agitur,

2913 5902 2987 5967 39
