4164 6426
156 427 281 490 1229

1109 429 1191 488 IN
1234 428 1400 488 CAN.
1445 429 1576 486 XIV
1603 427 1809 521 CQNC.
1855 426 2294 489 NEOC/ESAR.

3250 432 3387 495 1230

150 544 543 612 προσκομίζειν
581 545 674 598 ἐπὶ
710 545 1046 616 λειτουργία,
1073 543 1196 596 οὗτε
1236 545 1399 612 ἄρτον
1458 544 1488 611 ἢ
1545 547 1698 611 ποτή-

1815 542 2041 606 offerre,
2110 559 2173 598 eo
2238 547 2340 597 line
2401 544 2671 610 videlicet,
2731 555 2787 597 ut
2844 548 3018 598 sacris
3074 555 3394 614 operentur.

148 653 254 701 [κίον
291 635 488 686 διδόναι
542 637 600 687 ἐν
662 641 815 705 εὐχῇ,
869 638 1149 688 τουτέστιν
1195 636 1316 688 οὐδὲ
1368 636 1479 687 τῶν
1539 637 1710 702 ἁγίων

143 726 326 793 δώρων
358 728 774 790 ἔξεστιναὺτοίς
822 728 1159 796 μεταδιδόναι
1197 727 1274 797 τῷ
1325 727 1436 796 λαῷ
1464 728 1520 778 ἐν
1551 727 1707 796 εὑκῇο

182 836 256 868 τοι
294 820 350 869 ἐν
387 820 699 890 ἱερουργίας
730 821 926 890 καιρῷ.
995 823 1057 874 Οἱ
1116 822 1225 890 γὰρ
1276 822 1608 890 προσφέρειν
1648 821 1708 872 οὐ

143 911 428 978 δυνάμενοι
459 913 578 964 οὐδὲ
605 915 672 964 τὰ
695 913 830 966 ἄλλα
855 916 921 966 τὰ
965 916 1076 974 τοῖς
1111 915 1518 984 προσφέρουσιν
1573 914 1710 982 ἀνή-

145 1017 301 1052 κοντα
348 1003 668 1070 πράξουσιν.
719 1006 842 1056 Ἐὰν
899 1006 955 1056 δὲ
1016 1006 1230 1057 ἀπῶσιν
1275 1009 1302 1057 ὁ
1345 1006 1442 1073 τῆς
1497 1005 1708 1067 πόλεως

144 1095 435 1156 ἐπίσκοπος
469 1097 562 1147 καὶ
603 1099 650 1148 oi
678 1100 733 1150 ἐν
768 1099 904 1167 αὐτῇ
955 1099 1140 1168 ἱερεῖς,
1174 1100 1269 1150 καὶ
1299 1098 1472 1168 κληθῇ
1507 1096 1706 1166 χωρίου

145 1187 171 1253 ῆ
208 1185 399 1255 κώμης
436 1189 615 1259 ἱερεὺς
646 1193 725 1252 εἰς
758 1189 946 1259 εὐχὴν,
971 1191 1090 1242 τότε
1126 1193 1218 1241 καὶ
1246 1189 1353 1242 τῶν
1420 1188 1706 1257 ἀγιασμά-

141 1297 242 1328 των
293 1282 672 1347 μεταδίδωσιν.

1818 634 2094 704 quidpiam
2148 637 2376 700 aﬂ‘erre,
2429 653 2604 706 neque
2656 653 2846 706 panem
2914 651 3006 691 aut
3056 640 3283 691 calicem
3337 639 3394 691 in

1815 731 2128 795 precatione
2181 730 2415 793 tradere,
2457 729 2559 784 hoc
2587 741 2690 795 est,
2728 732 2923 800 populo
2952 741 3136 785 sancta
3168 747 3394 786 munera

1817 819 1869 869 in
1930 819 2278 884 precatione,
2371 821 2574 874 interea
2630 822 2842 874 scilicet
2888 818 3016 872 dum
3070 836 3224 874 sacra
3271 836 3396 889 pcr-

1816 920 2074 976 aguntur,
2107 909 2376 978 impertiri
2407 923 2728 964 concessum
2762 919 2868 966 est.
2923 909 3134 975 Quibus
3161 927 3397 978 namque

1818 1001 2002 1068 aliquo
2052 1003 2102 1053 in
2159 1003 2275 1055 loco
2324 1001 2584 1055 oll‘erendi
2637 1004 2866 1057 facultas
2899 1018 3006 1056 non
3041 1011 3144 1066 est,
3199 1011 3392 1055 ca-tern

1819 1108 2038 1162 quoque
2064 1093 2406 1148 offerentium
2453 1097 2671 1164 propria
2712 1112 2939 1150 munera
2976 1095 3081 1148 illis
3114 1093 3307 1148 eodem
3342 1097 3395 1145 in

1818 1185 1935 1239 loco
1967 1187 2118 1239 obire
2148 1203 2491 1256 nequaquam
2521 1188 2724 1242 licebit.
2775 1188 3108 1244 Ahsentibus
3134 1201 3262 1241 vero
3284 1196 3395 1239 tum

1819 1281 2028 1333 urbano
2059 1284 2320 1351 episc0po
2359 1290 2476 1334 tum
2513 1283 2763 1352 ejusdem
2797 1283 2952 1334 urbis
2987 1280 3395 1340 sacerdotibus,

141 1375 183 1426 si
237 1389 299 1426 ex
363 1375 481 1427 vico
528 1389 621 1427 aut
664 1375 863 1444 oppido
908 1377 973 1430 ad
1025 1379 1392 1444 precationem
1431 1375 1713 1443 presbyter
1751 1373 2086 1439 advocetur;
2118 1377 2166 1428 ei
2205 1383 2338 1428 tunc
2373 1379 2632 1444 temporis
2661 1393 2815 1430 sacra
2882 1393 3102 1444 quoque
3168 1392 3396 1430 munera

143 1468 403 1537 impertiri
441 1469 602 1521 licere
627 1468 908 1523 decretum
940 1479 1043 1522 est.

735 1609 972 1660 ΚΑΝΩΝ
1023 1612 1116 1661 ΙΔ’.

144 1741 158 1770 ι
197 1721 259 1771 ε.ιὶ
296 1721 350 1772 δὲ
383 1722 790 1790 χωρεπίσκοποι
819 1722 926 1772 sisi.
963 1724 1060 1787 μὲν
1087 1723 1164 1782 εἰς
1215 1722 1384 1772 τόπον
1418 1720 1524 1772 τῶν
1554 1722 1699 1774 ἑϐδοο

214 1834 230 1863 ι
277 1815 551 1882 μήκοντα·
584 1813 657 1874 ὠς
700 1813 755 1863 δὲ
788 1814 1215 1880 συλλειτουργοὶ,
1271 1813 1359 1865 διὰ
1403 1815 1498 1882 τὴν
1545 1831 1708 1864 σπου-

215 1930 228 1957 ι
268 1909 361 1976 δὴν
391 1908 490 1975 τὴν
523 1907 602 1966 εἰς
630 1907 754 1966 τοὺς
809 1908 1083 1973 πτωχοὺς,
1115 1907 1490 1975 προσφέρουσι
1525 1907 1696 1974 τιμω-

209 2024 223 2051 1
269 2019 437 2069 μενοι.
496 2021 511 2049 D

203 2117 395 2166 ΒΑΛΣ.
451 2117 540 2176 Εἰς
595 2115 762 2166 τύπον
835 2116 943 2163 τὼν
1013 2112 1272 2180 μαθητῶν
1317 2112 1410 2162 τοῦ
1472 2111 1700 2174 Κυρίου,

132 2208 236 2260 τῶν
267 2207 474 2259 δώδεκα
511 2208 710 2274 δηλαδὴ
758 2206 1092 2266 ἀποστόὶων,
1139 2204 1246 2256 τῶν
1290 2205 1385 2255 καὶ
1425 2201 1701 2254 λαϐόντων

130 2297 226 2364 τὴν
257 2299 420 2364 χάριν
467 2297 560 2349 τοῦ
595 2298 751 2362 ἁγίου
789 2297 1126 2363 [Ινεύματος,
1156 2294 1297 2346 ὥστε
1332 2295 1558 2360 δεσμεῖν
1605 2292 1701 2344 καὶ

129 2387 297 2447 λύειν,
332 2387 752 2456 προεϐλήθησαν
782 2388 832 2438 οἱ
866 2387 1105 2453 ἑκάστης
1136 2386 1319 2454 χώρας
1381 2383 1699 2435 ἐπίσκοποι.

141 2481 295 2533 Ἐπεὶ
329 2482 384 2532 δὲ
419 2483 557 2532 κατά
600 2483 689 2531 τὸν
719 2482 913 2549 καιρὸν
947 2480 1042 2530 τοῦ
1103 2476 1487 2546 σωτηριιίιδους
1532 2473 1703 2542 κηρύ-

127 2590 333 2640 γματος
379 2575 451 2642 μὴ
482 2573 855 2640 ἐξαρκούντων
890 2573 995 2622 τῶν
1025 2569 1230 2623 δώδεκα
1278 2568 1592 2620 ἀποστόλων
1623 2567 1702 2628 εἰς

129 2685 185 2717 τε
207 2668 306 2734 τὴν
337 2666 688 2717 διδασκαλίαν
747 2664 840 2716 τοῦ
890 2662 1249 2730 Εὑαγγελίου,
1320 2661 1411 2712 καὶ
1475 2662 1553 2720 εἰς
1604 2661 1701 2719 τὰς

130 2759 323 2820 λοιπὰς
353 2758 633 2820 διακονίας
664 2776 770 2809 των
809 2757 1264 2827 προσερχομένων
1285 2754 1360 2822 τῷ
1386 2753 1525 2821 Θεῷ,
1559 2767 1702 2820 παρ-

128 2853 440 2922 ελήςροησαν
488 2852 580 2903 καὶ
616 2851 665 2902 οἱ
732 2850 1106 2919 ὲῦδομήκοντα
1138 2848 1329 2917 ἄνδρες
1361 2846 1554 2906 οἵτινες
1583 2845 1701 2896 δια-

130 2948 355 3011 κονηταὶ
407 2944 504 3012 μὲν
567 2944 814 3009 ἐλέγοντο
866 2941 959 2993 καὶ
1014 2939 1252 3009 μαθηταὶ
1307 2935 1400 2988 τοῦ
1457 2936 1698 3006 Κυρίου,

127 3039 452 3101 εξουσίανδὲ
492 3039 590 3088 οὐκ
645 3033 788 3106 εἶχον
839 3033 1056 3096 ἀφιέναι
1102 3033 1400 3101 ἁμαρτίας.
1434 3029 1509 3091 ὡς
1566 3027 1701 3096 μηδὲ

125 3135 380 3194 λαϐόντες
402 3137 498 3202 τὴν
527 3133 685 3200 χάριν
714 3129 807 3181 τοῦ
854 3127 1168 3196 Ιίνεύματος
1197 3143 1210 3155 ·
1247 3124 1394 3186 ἔδοξε
1419 3124 1532 3183 τοῖς
1591 3122 1701 3172 Πα-

125 3229 291 3295 τράσι
317 3231 396 3289 εἰς
433 3223 602 3277 τύπον
633 3224 741 3276 τῶν
773 3221 1034 3274 τοιούτων
1083 3219 1461 3286 ἑδδομήκοντα
1518 3215 1696 3285 μαθη-

2353 1603 2666 1658 CANON
2725 1605 2860 1656 XIV.

1823 1738 1839 1769 I
1868 1719 2257 1791 Chorcpiscopi
2279 1733 2458 1777 autem
2480 1732 2606 1776 sunt
2625 1722 2841 1788 quidem
2866 1719 3163 1771 imitatione
3179 1728 3398 1785 septua-

1895 1834 1911 1863 ι
1952 1815 2121 1882 ginta.
2185 1815 2446 1868 Utautem
2498 1813 2882 1872 comministri,
2916 1811 3394 1878 propterstudium

1892 1927 1908 1956 ι
1955 1907 2006 1958 ιιι
2046 1922 2337 1974 pauperes,
2374 1906 2607 1960 oﬂ‘erunt
2641 1905 2912 1957 honorati.
2942 1924 2957 1954 ι

1881 2107 2073 2163 BALS.
2132 2111 2187 2163 Ιιι
2219 2111 2392 2164 locum
2417 2111 2813 2180 discipulorum
2844 2110 3077 2170 Domini,
3104 2110 3390 2164 duodecim

1807 2201 2017 2254 scilicet
2068 2205 2479 2270 apostolorum,
2536 2204 2628 2272 qui
2687 2204 2851 2257 etiam
2914 2202 3155 2269 Spiritus
3217 2204 3390 2256 sancti

1805 2291 2034 2357 gratiam
2074 2301 2427 2358 acceperunt,
2481 2302 2538 2345 ut
2570 2295 2802 2363 ligarent
2834 2304 2888 2348 et
2922 2297 3216 2356 solverent.
3272 2311 3395 2362 pro-

1809 2381 1939 2432 moti
1976 2394 2100 2434 sunt
2135 2384 2573 2453 uniuscujusque
2627 2387 2864 2455 regionis
2898 2388 3160 2455 episcopi.
3255 2387 3392 2452 Quia

1807 2483 1988 2526 autem
2037 2475 2295 2529 salutaris
2342 2478 2747 2545 praedicationis
2798 2487 3044 2546 tempore
3085 2496 3190 2532 non
3240 2483 3393 2534 suzli-

1805 2566 2020 2618 ciebant
2077 2567 2146 2620 12
2219 2570 2450 2637 apostoli
2499 2571 2564 2625 ad
2619 2571 2924 2624 doctrinam
2987 2572 3285 2642 Evangelii,
3337 2583 3391 2626 et

1810 2657 2014 2724 reliqua
2036 2659 2336 2714 ministeria
2369 2676 2579 2723 eorum,
2618 2663 2705 2731 qui
2734 2663 2799 2715 ad
2830 2662 2996 2717 Deum
3018 2666 3351 2720 accedebant
3372 2708 3386 2725 .

1805 2753 2068 2819 asstunpti
2115 2763 2244 2805 sunt
2275 2754 2438 2807 etiam
2474 2758 2815 2825 septuaginta
2850 2759 2972 2821 viri,
3009 2761 3099 2824 qui
3134 2759 3392 2812 diceban-

1808 2855 1896 2897 tur
1941 2845 2160 2912 quidem
2197 2847 2432 2900 ministri
2467 2859 2520 2902 et
2551 2848 2804 2919 discipuli
2855 2850 3098 2913 Domini,
3149 2869 3252 2905 non
3290 2853 3390 2905 ha-

1806 2935 2005 2988 bebant
2060 2945 2242 2990 autem
2295 2937 2608 2992 facultatem
2663 2942 2972 2996 dimittendi
3034 2953 3279 3012 peccata,
3333 2955 3390 2997 ut

1805 3029 1893 3095 qni
1925 3046 2101 3097 neque
2137 3031 2376 3099 Spiritus
2410 3033 2637 3100 gratiam
2670 3035 3042 3104 accepissent:
3098 3037 3271 3090 visum
3303 3048 3388 3089 est

1808 3118 2078 3183 Patri-bus,
2131 3123 2191 3172 ad
2243 3124 2549 3189 exemplum
2600 3138 2789 3177 eorum
2840 3129 3181 3196 septuaginta
3218 3117 3388 3183 disci-

1806 3214 2078 3281 polorum,
2131 3215 2556 3284 chon-episcopos
2613 3217 2679 3270 ab
2728 3219 3000 3287 episcopis
3035 3224 3381 3289 promoveri:

124 3320 234 3371 τῶν
266 3318 721 3388 χιιιρεπισκόπους
745 3315 898 3384 παρα
924 3314 1034 3364 τῶν
1085 3311 1408 3363 ἐπισκόπων
1461 3309 1698 3376 προδάλο

1805 3317 1862 3357 ιιι
1892 3322 1989 3373 per
2015 3322 2109 3360 cos
2140 3307 2290 3360 fieret
2326 3311 2655 3376 pauperibus
2705 3311 3020 3365 distributio
3062 3325 3114 3367 et
3144 3329 3386 3384 expensa

125 3412 316 3464 ζίεσθαι
348 3413 429 3480 ἐφ’
476 3407 519 3478 ᾧ
551 3412 643 3463 διὰ
673 3410 877 3462 τούτων
904 3405 1151 3473 γίνεσθαι
1182 3405 1280 3472 τὴν
1297 3406 1376 3463 εἰς
1402 3405 1528 3463 τοὺς
1562 3419 1703 3453 πτω-

122 3506 251 3572 χοὺς
285 3504 548 3567 διανομὴν
592 3501 684 3553 καὶ
715 3501 962 3568 δαπάνην
1015 3499 1125 3550 τῶν
1157 3497 1453 3567 Κυριακῶν
1482 3498 1699 3566 χρημά-

121 3617 232 3650 των
264 3600 357 3648 καὶ
401 3594 695 3662 πῑωχικῶν
729 3594 1064 3662 λεγομένων.
1102 3593 1192 3660 Τῷ
1215 3609 1298 3643 τοι
1325 3591 1447 3643 οὐδὲ
1477 3590 1699 3643 δύναται

125 3689 534 3756 πρεσϐυτέρους
587 3687 618 3753 ἢ
675 3685 954 3746 διακόνους
1010 3685 1372 3752 χειροτονεῖν·
1416 3682 1531 3734 ἀλλ’
1579 3682 1698 3732 οὐδὲ

121 3779 344 3845 ἀφιέναι
378 3776 674 3845 ἁμαρτίας,
714 3773 904 3841 ὥσπερ
935 3773 1055 3824 οὐδὲ
1093 3774 1140 3825 οἱ
1182 3772 1556 3841 ἑϐδομήκοντα
1591 3789 1695 3839 μα-

122 3869 305 3938 Οηταί.
346 3868 469 3920 Ὀτι
505 3867 559 3917 δὲ
601 3863 777 3935 χρεὼν
805 3860 1128 3934 ’ἧν-τούτους
1171 3863 1434 3931 τιμᾶσθαι
1463 3863 1548 3915 διὰ
1574 3864 1699 3924 τοὺς

122 3962 326 4022 κόπους
360 3957 558 4018 αὐτῶν,
615 3957 821 4025 ὥρισαν
892 3957 940 4007 οἰ
975 3955 1215 4023 Πατέρες
1278 3955 1443 4024 μηδὲν
1507 3955 1697 4024 ἓτερον

121 4055 346 4112 τούτους
390 4053 588 4108 ποιεῖν,
622 4049 737 4100 ἀλλ’
797 4048 827 4115 ἢ
884 4047 958 4108 ὡς
1024 4046 1476 4114 συλλειτουργοὺς
1537 4047 1697 4114 μόνον

121 4146 453 4213 ἱερουργεῖν.
500 4143 588 4192 Ἐν
623 4140 676 4191 δὲ
704 4139 778 4206 τῷ
816 4138 1027 4206 δεκάτῳ
1068 4138 1256 4189 κανόνι
1310 4139 1408 4206 τῆς
1448 4140 1505 4189 ὲν
1575 4139 1692 4190 Ἀν-

119 4235 334 4303 τιοχείᾳ
379 4232 597 4284 συνόδου
639 4231 1044 4293 κεκανόνισται,
1077 4228 1204 4288 τοὺς
1245 4228 1698 4296 χωρεπισκόπους

123 4329 303 4379 ποιεῖν
327 4323 679 4389 ἀναγνώστας
698 4323 790 4372 καὶ
826 4319 1211 4381 ὑποδιακόνους
1235 4321 1326 4370 καὶ
1355 4317 1695 4390 ἐξορκιστάς.

121 4419 442 4488 Σημείωσαι
480 4412 574 4466 οὖν
612 4419 702 4466 καὶ
738 4411 846 4464 ἀπὸ
894 4410 988 4461 τοῦ
1037 4411 1304 4478 παρόντος
1336 4412 1580 4474 κανόνος,
1616 4412 1698 4462 ὃτι

121 4514 219 4566 καὶ
251 4512 300 4564 οἰ
332 4513 496 4580 ἱερεῖς
531 4510 590 4560 οὑ
624 4508 876 4559 δύνανται
930 4503 1186 4573 δέχεσθαι
1246 4503 1545 4572 λογισμοὺς
1605 4505 1697 4554 καὶ

123 4604 348 4672 ἀφιέναι
382 4598 680 4668 ἁμαρτίας,
715 4598 763 4647 εἰ
812 4597 885 4664 μὴ
941 4593 1304 4664 ὲκχωρηθῶσι
1339 4594 1511 4646 ταῦτα
1548 4595 1698 4663 παρὰ

1806 3399 2208 3452 θοιιιὶιιιιξηιίιιιι
2269 3403 2648 3470 pecuniarum,
2717 3411 2771 3454 et
2821 3420 3012 3457 eorum
3073 3423 3194 3473 qua:
3245 3425 3384 3460 πτω-

1801 3494 1949 3563 χικὰ,
1991 3511 2083 3548 seu
2118 3511 2417 3562 pauperum
2455 3497 2616 3557 bona,
2653 3497 2930 3550 dicuntur.
3019 3499 3382 3563 Quamobrem

1802 3599 1900 3637 nec
1939 3595 2169 3651 possunt
2201 3586 2416 3653 quidem
2444 3588 2796 3657 presbyteros
2825 3590 2906 3642 vel
2943 3591 3205 3646 diaconos
3231 3593 3384 3646 ordi-

1801 3695 1968 3741 nare;
2022 3680 2114 3731 sed
2155 3694 2254 3732 nec
2308 3689 2530 3748 peccata
2566 3679 2867 3746 dimittere,
2919 3687 3380 3753 quemadmodum

1801 3784 1897 3822 nec
1950 3771 2293 3838 septuaginta
2349 3771 2629 3840 discipuli.
2740 3773 2877 3838 Quia
2934 3785 3112 3830 autem
3165 3794 3379 3847 :epmm

1799 3871 1938 3924 erat,
1969 3875 2025 3915 ut
2052 3864 2085 3914 ii
2118 3873 2338 3931 propter
2368 3879 2498 3918 suos
2532 3865 2746 3920 labores
2785 3867 3213 3932 honorarentur.
3265 3882 3381 3928 sta-

1801 3963 2024 4007 luerunt
2072 3955 2261 4007 Patres
2309 3965 2367 4008 ut
2403 3956 2434 4008 ii
2473 3958 2606 4009 nihil
2635 3958 2781 4010 aliud
2817 3959 3083 4025 facerent,
3123 3981 3284 4031 quam
3323 3978 3382 4019 ut

1801 4057 2056 4114 tanquam
2093 4049 2458 4101 comministri
2493 4064 2649 4103 sacra
2687 4053 2866 4106 solum
2895 4054 3255 4110 celebrarent.
3321 4058 3379 4112 In

1801 4141 2008 4192 decimo
2037 4151 2215 4194 autem
2259 4137 2469 4195 canone
2522 4145 2714 4212 synodi
2767 4145 3121 4200 Antiochena:
3157 4159 3377 4203 cautum

1800 4242 1900 4296 cst,
1939 4243 1998 4284 ut
2030 4235 2408 4304 chorepiscopi
2444 4237 2647 4289 faciant
2672 4238 2906 4292 lectores
2930 4251 2980 4292 et
3010 4241 3379 4296 subdiaconos

1799 4335 1852 4379 et
1886 4327 2210 4380 exorcistas.
2272 4327 2412 4380 Nom
2435 4344 2565 4397 ergo
2593 4341 2644 4383 et
2671 4345 2735 4382 ex
2760 4331 2861 4383 hcc
2888 4334 3140 4398 prmsenti
3169 4348 3380 4387 canone

1800 4417 1941 4485 quod
2003 4420 2162 4471 etiam
2217 4420 2532 4473 sacerdotes
2592 4437 2699 4474 non
2749 4432 2979 4490 possunt
3028 4435 3374 4492 peccatorum

1801 4510 2177 4563 confessiones
2213 4512 2485 4578 excipere,
2543 4521 2596 4566 et
2627 4526 2845 4582 peccata
2899 4516 3214 4580 remittere,
3271 4518 3373 4571 nisi

1800 4615 1861 4652 ea
1894 4602 1963 4653 ab
1995 4601 2252 4668 episc0po
2286 4601 2394 4654 illis
2427 4616 2690 4656 concessa
2732 4604 2970 4658 fuerint:
3027 4609 3378 4675 quandoqui-

120 4698 218 4750 τοῦ
255 4693 590 4747 ὲπισκόπου’
634 4692 756 4742 ἐπεὶ
807 4687 927 4740 οὐδὲ
989 4690 1037 4738 οί
1091 4689 1504 4757 χωρεπίσκοποι
1541 4687 1698 4739 τοῦτο

1804 4693 1921 4744 dem
1974 4709 2074 4746 nec
2127 4694 2228 4746 hoc
2283 4705 2516 4762 possunt
2568 4696 2981 4765 chorepiscopi;
3044 4702 3136 4766 qui
3195 4709 3372 4753 tamen

117 4792 400 4848 δύνανται,
444 4785 665 4836 πλείονα
715 4781 808 4832 καὶ
844 4780 1015 4830 ταῦτα
1047 4783 1323 4848 προνόμια
1377 4778 1524 4847 παρὰ
1571 4781 1694 4841 τοὺς

121 4885 291 4950 ἱερεῖς
327 4881 562 4948 ἔχοντες.
592 4876 715 4926 Ὅτι
745 4874 802 4924 δὲ
840 4874 892 4924 οἱ
922 4871 1297 4940 ἐϐδομήκοντα
1329 4871 1570 4940 μαθηταὶ
1600 4869 1694 4923 τοῦ

121 4981 330 5046 Κυρίου
366 4975 464 5024 οὐκ
496 4969 641 5039 εἰχον
670 4968 919 5032 ἐξουσίαν
953 4967 1173 5035 ἀφιέναι
1215 4967 1511 5036 ἁμαρτίας,
1535 4965 1692 5032 δῆλόν

119 5077 273 5122 εστιν
304 5070 365 5118 ὲκ
395 5066 494 5132 τῆς
533 5064 714 5132 βίϐλου
751 5061 862 5112 τῶν
902 5059 1278 5112 ἀποστολικῶν
1312 5059 1570 5128 Πραξεων
1593 5073 1606 5086 ·
1637 5059 1696 5108 ὲν

117 5161 150 5234 ἧ
184 5163 466 5229 ἱστόρηται
492 5159 519 5208 ὀ
552 5155 841 5216 Φίλιππος,
890 5155 917 5204 ὁ
966 5153 1075 5204 τῶν
1109 5151 1250 5204 ὲπτά
1291 5151 1556 5203 διακόνιον
1610 5144 1688 5212 εἷς

118 5253 366 5312 καταίλάς
416 5250 495 5305 εἰς
553 5246 890 5315 Σαμάρειαν,
931 5244 1025 5296 καὶ
1077 5242 1347 5313 βαπτίσας
1416 5241 1643 5303 πολλούς
1676 5259 1690 5274 ο

116 5351 160 5398 ἐν
193 5349 204 5364 ’
238 5342 329 5403 οὒς
362 5345 465 5394 ἀπε
481 5341 766 5392 στάλκασιν
794 5339 842 5388 οἱ
876 5337 1163 5389 ἀπόστολοι
1206 5336 1412 5405 Πέτρον
1449 5337 1543 5387 καὶ
1580 5334 1692 5387 Ἰω-

155 5367 184 5414 ¹⁹
1224 5393 1236 5426 ι

117 5443 312 5507 ἀννην,
367 5435 564 5493 οἵτινες
604 5431 934 5492 ἀπελθόντες
990 5428 1280 5481 ἑπετίθουν
1343 5429 1440 5491 τάς
1499 5430 1688 5497 χεῖρας

112 5538 231 5594 τοῖς
265 5527 629 5599 βαπτισθεῖσι,
677 5524 770 5577 καὶ
795 5524 1104 5592 ἐλάμϐανον
1132 5523 1354 5592 Πνεῦμα
1381 5524 1554 5590 ἅγιον.
1589 5522 1693 5575 Οὕ-

114 5643 205 5676 πω
233 5626 340 5691 γὰρ
374 5617 438 5692 ἦν
473 5620 557 5670 ἐπ’
584 5618 761 5670 οὐδενὶ
792 5617 973 5669 αὐτῶν
1003 5617 1407 5679 ἐπιπεπτωκός.

193 5714 438 5769 ΖΩΝΑΡ.
481 5714 542 5764 Οἱ
596 5714 694 5781 μὲν
747 5711 1035 5762 ἐπίσκοποι
1085 5712 1162 5771 είς
1218 5709 1390 5762 τύπον
1454 5711 1562 5762 τῶν
1625 5708 1695 5778 ιβ’

112 5807 433 5863 ἀποστόλων
496 5807 655 5868 εἰσὶν,
704 5799 786 5863 οἷς
824 5803 1151 5872 ὲμφυσήσας
1183 5804 1209 5852 ὁ
1244 5801 1446 5871 Κύριος
1494 5803 1686 5872 ἔφησε,

111 5901 341 5957 Λάϐετε
409 5900 644 5961 Πνεῦμα
707 5897 917 5964 (inor:
968 5894 1042 5945 ἄν
1094 5912 1272 5947 τινων
1339 5895 1530 5962 ἀφῆτε
1583 5897 1688 5960 τὰς

1797 4787 1945 4852 plura
2004 4785 2197 4838 habent
2254 4788 2534 4855 privdegia
2584 4803 2746 4856 quam
2799 4791 3136 4845 sacerdotes.
3215 4791 3370 4855 Quod

1796 4889 1977 4929 autem
2033 4878 2374 4944 scptuaginta
2414 4877 2670 4945 discipuli
2708 4879 2918 4932 Domini
2955 4895 3063 4933 non
3098 4882 3371 4935 habebant

1797 4968 2104 5022 facultatem
2145 4968 2452 5021 remittendi
2486 4978 2729 5036 peccata.
2763 4972 2973 5024 clarum
3000 4980 3082 5024 est
3129 4988 3194 5024 ex
3235 4972 3372 5024 libro

1792 5062 2048 5114 Actorum
2080 5063 2489 5127 apostolorum:
2552 5063 2604 5113 iu
2637 5077 2746 5128 quo
2777 5061 3032 5114 scribitur
3062 5061 3371 5132 Philippum

1800 5167 1862 5203 ex
1885 5160 2089 5220 septem
2115 5152 2360 5204 diaconis
2392 5168 2582 5214 unum,
2611 5153 2962 5206 descendisse
2996 5153 3048 5206 in
3069 5153 3371 5206 Samariam

1799 5251 1853 5295 et
1883 5246 2185 5311 haptizasse
2221 5243 2452 5306 multos;
2489 5243 2556 5296 ad
2587 5261 2726 5312 quos
2755 5248 3021 5300 miserunt
3048 5245 3214 5316 414
3242 5263 3344 5314 apo

1799 5336 1922 5389 stoli
1950 5335 2169 5389 Petrum
2201 5347 2254 5390 et
2282 5335 2578 5401 Joannem;
2633 5337 2726 5407 qui
2775 5339 2990 5407 quidem
3022 5353 3087 5392 eo
3121 5339 3369 5408 profecti,

1800 5428 2177 5496 imposuerunt
2230 5445 2423 5483 manus
2468 5431 2533 5482 iis
2587 5433 2676 5496 qui
2713 5430 2970 5500 baptizati
3030 5431 3265 5497 fuerant,
3316 5445 3370 5484 et

1797 5531 2127 5590 acceperunt
2180 5521 2450 5598 Spiritum
2490 5535 2763 5578 sanctum.
2853 5526 2913 5577 lu
2961 5525 3167 5577 nullum
3221 5526 3364 5579 enim

1795 5631 1982 5668 eorum
2013 5615 2190 5668 adhuc
2229 5616 2609 5670 descenderat.

1868 5705 2116 5758 ZONAR.
2184 5707 2432 5776 Episcopi
2466 5710 2680 5777 quidem
2714 5711 2766 5763 in
2818 5711 3099 5764 duodecim
3153 5723 3369 5778 aposto—

1794 5797 1966 5850 lorum
2013 5799 2188 5851 locum
2239 5798 2448 5853 suﬂ‘ecti
2499 5810 2643 5865 Sunt,
2694 5803 2890 5870 quibus
2941 5819 3064 5856 cum
3101 5801 3369 5855 sulllasset

1795 5889 2075 5956 Dominus,
2130 5893 2380 5959 Accipite,
2411 5894 2605 5962 inquit,
2637 5895 2894 5960 Spiritum
2946 5908 3209 5958 sanctum,
3239 5909 3370 5945 auo-
