4164 6426
147 392 279 460 1245

133 602 437 665 λέγοντας,
466 597 547 665 μὴ
573 599 1060 668 νοσφιζομένους,
1086 601 1245 654 ἀλλὰ
1267 601 1474 654 πίστιν
1492 603 1697 655 πᾶσαν

131 692 622 760 ἐγῦεικνινμένους
659 695 910 760 ἀγαθήν.
958 696 1094 758 Τοὺς
1124 696 1253 762 γοῦν
1282 693 1541 747 τάναντία
1575 694 1698 746 τού-

130 803 243 846 τοις
271 786 620 852 ὑποτιθέντας
647 789 758 848 τοῖς
785 786 989 848 δούλοις
1013 790 1152 853 τάχα
1181 787 1266 838 διά
1291 786 1543 854 ἄσκησιν,
1565 787 1697 836 ἀνα-

131 874 407 941 θεματίζει
431 876 457 925 ὁ
489 876 685 928 κανών.
729 877 792 928 Ἡ
821 877 1002 944 μέντοι
1040 875 1123 941 ξς¹
1145 877 1310 944 νεαρά
1327 875 1416 928 τοῦ
1436 874 1700 943 βασιλέως

131 964 316 1034 κυρίου
365 967 592 1029 Λέοντος
638 966 732 1018 τοῦ
781 967 1072 1034 φιλοσόφου
1124 966 1556 1035 παρακελεύεται
1609 967 1699 1017 τὸν

132 1059 558 1126 ἀνδραποδιστὴν
602 1061 674 1129 μὴ
725 1061 1025 1128 κεφαλικὴν
1068 1061 1336 1130 τιμωρίαν
1375 1059 1700 1126 ὑφίστασθαι

133 1150 272 1200 κατά
304 1151 391 1202 τὸν
414 1153 642 1203 παλαιὸν
670 1153 853 1218 νόμον.
893 1152 1025 1203 ἀλλά
1055 1152 1149 1204 σὺν
1173 1155 1237 1221 τῇ
1265 1152 1575 1222 ἀναστροφῇ
1605 1147 1700 1201 τοῦ

130 1239 315 1292 δούλου
361 1241 558 1294 διδόναι
614 1242 774 1312 χάριν
817 1244 1006 1311 ποινῆς
1053 1245 1130 1303 είς
1171 1242 1230 1294 τὸ
1275 1242 1556 1294 διπλάσιον
1603 1242 1701 1310 τὴν

130 1331 461 1399 διατίμησιν.
492 1333 599 1385 τῶν
655 1335 966 1386 κλαπέντων
1015 1334 1165 1404 παρά
1210 1335 1301 1386 τοῦ
1352 1334 1535 1386 δούλου
1576 1319 1701 1394 ἴσως

134 1425 226 1475 καὶ
273 1427 470 1487 παντὸς
499 1426 844 1496 διαφέροντος
882 1429 958 1496 τῷ
992 1428 1226 1499 δεσπότῃ
1255 1447 1265 1457 ’
1298 1427 1432 1480 ἀλλὰ
1468 1428 1570 1496 μὴν
1609 1427 1703 1478 καὶ

131 1518 230 1582 τὴν
253 1517 675 1585 ἀποδιατίμησιν
705 1518 893 1572 αὐτοῦ.
930 1519 1036 1571 καὶ
1071 1522 1097 1571 ὁ
1125 1519 1221 1588 μὲν
1244 1519 1420 1569 κανὼν
1449 1518 1588 1569 οὕτω
1615 1505 1704 1570 κο-

132 1608 302 1671 necat.
324 1610 448 1671 τοὺς
487 1608 908 1681 ὑποτιθεμένους
939 1613 1156 1675 δούλους
1196 1616 1269 1684 μὴ
1309 1615 1553 1667 ὑπείκειν
1591 1615 1704 1674 τοῖς

132 1700 439 1766 δεσπόταις,
475 1703 578 1755 κάν
605 1708 720 1757 κατ’
749 1707 1033 1768 εὐλαϐείας
1063 1708 1332 1777 πρόφασιν
1361 1705 1515 1758 τοῦτο
1551 1707 1704 1773 γίνη-

132 1805 224 1840 ται
251 1805 264 1817 ·
297 1791 331 1858 ἡ
357 1790 413 1842 δὲ
445 1793 586 1845 κατά
617 1794 710 1845 τὸν
747 1794 962 1847 Ἰούλιον
992 1795 1137 1865 μῆνα
1167 1798 1264 1864 τῆς
1299 1796 1343 1845 θ’
1381 1795 1704 1854 ίνδικτιῶνος

130 1880 228 1933 τοῦ
266 1883 421 1948 ςφλδ¹
454 1884 614 1971 ξτους
639 1888 902 1956 γενομένη
933 1889 1102 1954 νεαρὰ
1138 1889 1290 1958 παρά
1314 1888 1406 1940 τοῦ
1442 1887 1705 1954 βασιλέως

134 1973 303 2040 κυροῦ
324 1976 728 2028 Κωνσταντίνου
757 1978 850 2029 τοῦ
883 1980 1421 2048 Πορφυρογεννήτου,
1449 1978 1707 2046 συμπράε

134 2064 327 2126 ξαντος
365 2069 458 2118 καὶ
505 2067 599 2119 τοῦ
637 2069 755 2120 τότε
791 2071 1094 2136 ἀγιωτάτου
1129 2073 1468 2139 πατριάρχου
1511 2071 1702 2139 κυρίου

147 2154 423 2221 Ἀλεξίου,
455 2159 548 2210 καὶ
580 2159 680 2225 τῆς
716 2161 931 2213 συνόδου
957 2207 968 2223 ,
1004 2163 1036 2230 ή
1070 2164 1164 2214 καί
1194 2163 1346 2228 τάξιν
1377 2163 1543 2230 τόνου
1579 2164 1707 2213 ἐπέ-

135 2265 312 2314 χουσα
333 2289 348 2313 ,
377 2251 451 2311 ὼς
484 2251 864 2320 ὑπογραφεῐσα
895 2255 1047 2322 παρά
1076 2253 1166 2305 τοῦ
1201 2254 1464 2322 βασιλέως
1496 2254 1588 2306 καὶ
1612 2254 1707 2320 τῆς

137 2341 393 2401 συνόδου,
450 2342 544 2393 καὶ
601 2341 977 2412 διοριζομὲνης
1032 2343 1526 2411 ἀναθεματίζεσθαι
1583 2345 1707 2405 τοὺς

136 2433 555 2502 ἐπιχειροῦντας
583 2435 921 2488 ἀποστασίαν
955 2439 1093 2488 κατὰ
1128 2437 1388 2505 βασιλέως
1425 2438 1640 2506 ποιῆσαι
1673 2436 1705 2506 ἢ

137 2527 465 2595 τυραννίδα,
503 2527 798 2579 κάντεῦθεν
827 2531 952 2592 τοὺς
989 2529 1264 2595 ὑπηκόους
1307 2530 1443 2582 κατὰ
1477 2529 1583 2582 τῶν
1613 2532 1712 2581 αὑ-

79 2671 84 2674 _
137 2616 342 2667 θεντῶν
384 2617 562 2670 αὐτῶν
611 2619 1065 2679 ἀναστατοῦντας,
1115 2620 1403 2690 διορίζεται
1438 2622 1575 2689 μετὰ
1606 2621 1712 2672 τῶν

137 2707 318 2760 ἄλλων
349 2713 476 2777 περὶ
504 2710 564 2762 τὸ
591 2711 740 2770 τέλος
773 2713 864 2762 καὶ
889 2714 1060 2763 ταῦτα
1093 2713 1268 2783 ῥητῶς
1298 2733 1312 2744 ·
1341 2715 1464 2774 Τοῖς
1495 2713 1714 2780 μέλλον-

141 2817 230 2850 σιν
281 2800 314 2867 ἢ
347 2800 603 2871 ἐπιϐουλῇ
646 2803 756 2854 ἀπό
781 2820 843 2868 γε
889 2804 982 2855 τοῦ
1035 2804 1126 2855 νῦν
1171 2804 1549 2874 ἐπιχειρεῖν,ἢ
1595 2822 1712 2856 του-

146 2890 389 2961 μούλτῳ,
417 2893 667 2962 ἀνάθεμα
692 2912 705 2924 ·
738 2898 848 2957 τοῖς
898 2897 1342 2964 συμπράττουσιν
1397 2897 1579 2958 αὐτοῖς
1621 2900 1715 2949 καὶ

143 2984 605 3047 συγκοινωνοῦσιν
666 2988 724 3037 ὲν
785 2990 850 3055 τῇ
908 2989 1217 3055 ἀποστασία
1275 2990 1540 3055 ἀνάθεμα.
1592 2990 1716 3051 Τοῖς

141 3071 608 3138 συμϐουλεύουσιν
641 3075 673 3145 ἢ
710 3077 1068 3146 παρορμῶσιν
1113 3080 1193 3140 είς
1222 3079 1287 3130 τὰ
1329 3077 1552 3131 τοιαῦτα
1583 3078 1718 3130 ἀνά-

142 3162 312 3230 θεμα.
344 3165 468 3227 Τοῖς
495 3169 1016 3237 συνεκστρατεύουσι
1045 3169 1255 3232 τούτοις
1288 3170 1557 3238 ἀνάθεμα.
1593 3172 1718 3233 Τοῖς

1276 398 1353 455 1N
1397 397 1560 457 CAN.
1606 397 1696 453 lll
1725 395 1932 454 CONC.
1965 396 2255 455 GANGR.

132 511 331 560 τεσθαι
353 546 366 568 ,
393 508 489 560 καὶ
523 510 590 559 ἐν
619 509 808 562 πᾶσιν
839 511 1204 578 εὐαρέστους
1232 507 1380 563 εἶναι
1405 513 1489 579 μὴ
1530 513 1688 565 ἀντι-

1815 515 1884 566 :ed
1915 513 2069 571 ﬁdem
2102 526 2304 563 omnem
2340 511 2528 561 bonam
2575 504 2895 558 ostendentes
2925 504 2965 553 ’.

3231 377 3367 458 1245

3063 500 3164 551 Eos
3214 513 3366 564 ergo.

1797 605 1889 672 qui
1931 604 2105 657 servis
2139 599 2409 654 contraria
2447 605 2768 667 suggeruut,
2819 594 2887 644 ob
2920 589 3366 643 exercitationem

1799 693 1938 747 forte
1970 693 2334 760 spiritualem,
2367 703 2537 741 canon
2568 682 3010 739 anathematizat.
3097 678 3214 730 Jam
3245 692 3369 725 vero

1799 784 2153 853 imperatoris
2204 781 2407 835 domini
2439 779 2636 841 Leonis
2689 774 2993 846 philosonhi
3035 767 3242 825 novella
3281 768 3370 821 (ili.

1794 874 2039 943 jubet-rut
2075 873 2371 943 plagiarius
2417 887 2524 923 non
2560 870 2752 922 subeat
2791 879 3006 935 pmnam
3050 862 3269 931 Capitis,
3316 869 3368 910 ut

1798 969 2014 1022 volebat
2064 968 2146 1019 lex
2200 965 2457 1034 antiqua:
2509 963 2600 1016 sed
2655 975 2777 1014 cum
2829 957 2970 1012 servi
3023 955 3371 1008 restitutione

1801 1061 1890 1113 det
1940 1059 2059 1112 loco
2109 1073 2280 1126 partite
2336 1060 2386 1110 in
2437 1056 2655 1123 duplum
2706 1052 2936 1121 pretium
2970 1065 3159 1102 eorum
3194 1061 3312 1114 qum.
3346 1061 3372 1096 τι

1802 1168 1958 1206 servo
1989 1151 2128 1205 forte
2162 1151 2308 1204 furto
2339 1161 2583 1217 surrepta
2617 1157 2768 1210 sunt,
2817 1154 2869 1198 et
2907 1143 3085 1196 omnis
3119 1142 3236 1204 ejus
3275 1138 3373 1197 rt-i,

1803 1261 1924 1312 quze
1955 1245 2161 1298 domini
2199 1246 2460 1306 interest;
2515 1241 2812 1310 quinetiam
2865 1247 2916 1291 et
2967 1236 3085 1303 ejus.
3118 1234 3375 1298 pro-tium.

1804 1338 1867 1389 Et
1903 1353 2077 1390 canon
2108 1337 2324 1405 quidem
2358 1319 2450 1388 eos
2483 1335 2560 1387 sit:
2593 1333 2766 1401 punit,
2819 1330 2910 1396 qui
2966 1327 3138 1379 seri-is
3185 1339 3379 1387 stt-Jee-

1804 1439 1972 1492 runt,
2031 1445 2135 1482 non
2170 1445 2290 1482 esse
2333 1427 2632 1494 parendum
2682 1423 2951 1477 dominis:
3008 1419 3219 1472 etiamsi
3279 1417 3379 1466 hoe.

1805 1520 1890 1572 ﬁat
1931 1529 2191 1588 praetextu
2225 1516 2525 1584 religionis.
2603 1515 2734 1578 Qua:
2760 1522 2938 1564 autem
2988 1522 3172 1560 mense
3214 1506 3376 1561 Julio,

1805 1613 1995 1665 intliet.
2031 1610 2084 1675 9,
2115 1627 2257 1664 anno
2289 1609 2452 1672 6534,
2504 1608 2574 1661 ab
2617 1608 2939 1674 imperatore
2986 1600 3205 1653 domino
3240 1590 3381 1647 Con-

1806 1704 2047 1756 stantino
2067 1701 2576 1770 Porphyrogenneta
2603 1697 2742 1750 facta
2765 1705 2848 1749 est
2873 1692 3102 1752 novella,
3154 1688 3384 1742 santstir-

1809 1797 1948 1850 simo
1976 1809 2196 1862 quoque
2229 1791 2540 1861 patriarcha
2571 1789 2793 1842 domino
2827 1786 3036 1847 Alexio,
3088 1793 3141 1834 et
3175 1780 3383 1849 synodo

1812 1887 2160 1948 assentiente,
2215 1900 2336 1954 quae
2370 1882 2664 1937 deeisionis
2698 1881 2876 1933 locum
2911 1878 3137 1933 obtinet.
3179 1885 3232 1925 ut
3263 1890 3384 1938 (μιν

1813 1981 1878 2034 ab
1916 1981 2242 2047 imperatore
2288 1985 2340 2030 et
2391 1974 2597 2045 synodo
2649 1970 2953 2036 subscripta
3005 1975 3117 2026 est,
3168 1973 3220 2016 et
3267 1979 3388 2031 qme.

1813 2071 2056 2125 decernit
2107 2086 2200 2122 eos
2249 2064 2723 2126 anathematizari,
2777 2061 2867 2131 qui
2913 2059 3272 2114 defectionem
3319 2054 3386 2105 ah

1815 2164 2142 2231 imperatore
2173 2160 2490 2220 moliuntur,
2523 2157 2604 2210 vel
2638 2153 2982 2225 tyrannidem
3017 2149 3296 2206 invadere,
3335 2156 3388 2199 et

1814 2277 1876 2314 ea
1933 2259 2144 2312 ratione
2187 2255 2464 2316 subiectos
2517 2252 2782 2305 adversus
2812 2263 2999 2302 eorum
3038 2244 3388 2312 magistratus

1815 2354 2042 2407 incitant
2073 2358 2126 2404 et
2155 2349 2219 2402 ad
2260 2345 2652 2416 insurgendum
2697 2349 3033 2413 provocant;
3087 2339 3230 2390 inter
3283 2336 3387 2386 alia

1820 2445 1919 2494 hoc
1952 2456 2163 2509 quoque
2192 2439 2336 2491 circa
2380 2437 2538 2490 linem
2571 2450 2828 2503 expresse
2869 2432 3058 2485 deﬁnit
3099 2449 3112 2482 :
3160 2429 3250 2489 lis,
3298 2427 3389 2492 qui

1818 2535 1884 2586 ab
1932 2533 2034 2585 hoc
2087 2531 2344 2597 deinceps
2378 2539 2620 2596 tempore
2657 2524 2884 2578 insidias
2930 2507 3390 2574 sunt-machina-

1819 2627 1926 2694 uiri
1964 2625 2046 2679 vel
2085 2609 2374 2677 tutn'ultum
2402 2617 2717 2681 excitaturi,
2750 2615 3061 2668 anathema.
3147 2609 3240 2672 lis,
3294 2603 3384 2672 qui

1819 2733 1977 2784 Opem
2036 2715 2140 2768 illis
2199 2712 2417 2774 lerunt,
2473 2718 2525 2763 et
2583 2709 2634 2761 in
2683 2706 2991 2760 defectione
3049 2709 3178 2756 sunt
3231 2698 3391 2760 Socii,

1821 2808 2128 2862 anathema.
2214 2805 2305 2866 lis,
2358 2803 2452 2873 qui
2504 2801 2796 2855 consulunt
2841 2798 2922 2851 vel
2962 2797 3027 2848 ad
3080 2791 3390 2862 hujusmndi

1821 2900 2070 2961 incitant,
2125 2896 2436 2949 anathema.
2527 2891 2638 2956 lis,
2698 2890 2793 2959 qui
2844 2887 3219 2956 expeditiones
3269 2898 3391 2933 eum

1823 2991 1906 3044 his
1936 2990 2260 3056 suscipiunt,
2289 2986 2600 3039 anathema.
2673 2982 2766 3042 lis,
2805 2982 2895 3048 qui
2933 2981 3080 3047 ipsos
3122 2977 3185 3028 ad
3219 2977 3396 3044 ptent-

1823 3080 2048 3135 tentiam
2097 3079 2448 3144 suscipiunt,
2503 3090 2627 3128 cum
2663 3089 2690 3127 a
2728 3072 3032 3125 delectione
3065 3082 3170 3120 non
3203 3065 3397 3133 resipi-

1827 3178 1986 3234 scant'
2015 3186 2117 3224 nec
2145 3185 2262 3223 eam
2297 3170 2630 3236 relinquant,
2667 3167 2976 3218 anathema.

143 3254 456 3324 δεχομένοις
490 3259 686 3322 αὐτοὺς
721 3262 779 3312 ὲν
816 3263 1093 3334 μετανοίᾳ,
1129 3266 1205 3333 μὴ
1243 3262 1718 3333 μεταμελομένους
1756 3262 1864 3315 ἀπὸ
1895 3263 1997 3329 τῆς
2038 3258 2404 3322 ἀποστασίας,
2439 3258 2534 3311 καὶ
2606 3254 3113 3321 καταλιμπάνοντας
3193 3246 3357 3310 αὐτὴν
3381 3288 3394 3310 ,

139 3350 312 3402 ἀνάθε
322 3369 416 3413 μα.

2860 3383 2876 3394 ι

216 3445 464 3498 ΖΩΝΑΡ.
498 3446 558 3496 Ὀ
585 3450 758 3515 μέγας
795 3452 1005 3514 Παῦλος
1071 3453 1401 3507 ἐπιστέλλων
1428 3453 1676 3523 Τιμοθέῳ
1697 3492 1709 3511 .

1889 3443 2139 3500 ZONAR.
2161 3442 2486 3508 Quicunque,
2515 3437 2685 3504 inquit
2718 3447 2948 3502 magnus
2979 3430 3177 3483 Paulus
3209 3428 3270 3480 ad
3305 3423 3399 3478 Ti‘

130 3535 311 3603 ¹φησίν
330 3554 342 3568 ·
378 3540 547 3591 Ὅσοι
567 3543 728 3594 εἰσίν
763 3545 882 3597 ὑπὸ
904 3542 1079 3612 ζυγὸν
1107 3545 1334 3604 δοῦλοι,
1359 3546 1499 3611 τοὺς
1529 3546 1716 3610 ἰδίους

140 3628 448 3707 δεσπότας
481 3632 699 3698 ’πάσης
740 3634 914 3702 τιμῆς
947 3636 1159 3701 ἀξίους
1210 3639 1611 3705 ἡγείσθωσαν.
1653 3639 1716 3688 0t

142 3721 218 3774 δὲ
248 3723 504 3787 πιστοὺς
537 3724 782 3792 ἔχοντες
803 3725 1215 3797 δεσπότας-μὴ
1245 3731 1717 3800 καταφρονείτω-

142 3827 293 3875 σαν,
325 3812 410 3864 ὅτι
436 3813 689 3881 ἀδελφοί
710 3817 888 3879 εἰσιν,
915 3817 1076 3870 ἀλλὰ
1099 3818 1340 3885 μᾶλλον
1359 3819 1722 3873 δουλευέτω-

139 3919 292 3965 σαν,
323 3903 412 3958 ὅτι
436 3906 640 3958 πιστοί
666 3910 825 3975 εἰσιν
852 3913 904 3962 οι
933 3909 1042 3978 τῆς
1067 3913 1415 3980 εὐεργεσίας
1439 3913 1723 3981 (ir-tutem-
1751 3959 1760 3979 ,

145 3997 491 4066 σανόμενοι.
532 3999 642 4051 Καὶ
677 4001 753 4068 τῷ
786 4003 926 4073 Τίτῳ
961 4004 1017 4055 δὲ
1050 4000 1204 4066 αὖθις
1234 4006 1539 4059 ἐντέλλεται
1575 4007 1719 4076 ((21),

143 4090 568 4194 τίναξιδάσκειν
593 4092 787 4194 χρεῲν,
818 4095 910 4147 καί
943 4113 1074 4164 φησι
1097 4112 1112 4127 ⁸
1145 4098 1411 4163 Δούλους
1442 4099 1611 4163 ἰδίοις
1633 4097 1726 4150 δε-

145 4179 407 4244 σπόῒαις
427 4181 907 4245 ὑποτάσσεσθαι,
935 4187 1029 4238 καὶ
1049 4187 1118 4238 ἐν
1144 4188 1336 4241 πᾶσιν
1354 4190 1724 4256 εὐαρέστους

142 4269 328 4332 εἶναι,
357 4275 449 4325 καὶ
468 4275 681 4343 τὰὲξῆς
701 4277 834 4344 (2‘2).
872 4278 1009 4330 Ἀλλ’
1034 4280 1060 4330 ό
1087 4279 1376 4342 Εὑστάθιος
1404 4280 1499 4332 καὶ
1522 4282 1570 4332 οἱ
1597 4283 1725 4350 περὶ

147 4367 361 4416 ἐκεῖνον
385 4367 702 4420 τούναντίον
734 4369 879 4422 ἆπαν
906 4371 1184 4424 ἐδίδασκον
1207 4414 1221 4435 ,
1258 4374 1352 4425 καὶ
1381 4376 1490 4435 τοῖς
1520 4361 1725 4437 δούλοις

148 4455 434 4526 παρῄνουν
482 4461 918 4541 ,καταλιμπάνειν
967 4464 1090 4526 τοὺς
1137 4465 1426 4526 δεσπότας,
1485 4468 1578 4517 καὶ
1631 4467 1728 4534 τῆς

148 4548 364 4600 τούτων
409 4551 708 4620 ὑπηρεσίας
760 4559 1120 4625 καταφρονεῖν
1165 4559 1305 4627 τάχα
1350 4558 1417 4609 δι’
1471 4558 1725 4625 ἄσκησιν.

152 4640 266 4702 οὒς
294 4643 327 4710 ἡ
352 4641 567 4705 σύνοδος
595 4644 681 4696 διὰ
713 4645 810 4713 τὴν
834 4647 1071 4717 διδαχὴν,
1098 4650 1384 4722 στοιχοῦσα
1410 4654 1477 4722 τῇ
1505 4653 1731 4705 ἀποστοα

152 4735 284 4803 λικῇ
319 4735 671 4806 διδασκαλίᾳ,
709 4738 1125 4808 ἀνεθεμάτισεν.

151 5005 382 5059 ΑΡΙΣΤ.
445 5025 463 5056 ι
503 5005 593 5074 Τῷ
623 5008 865 5086 πείθοντι
915 5009 1100 5062 δοῦλον
1149 5011 1456 5080 ἀναχωρεῖν
1511 5012 1604 5066 τοῦ
1646 5014 1732 5066 δε-

371 5097 570 5150 σπότου
600 5099 882 5164 εὐσεϐείας
917 5103 1186 5171 προφάσει
1212 5105 1480 5174 ἀνάθεμα.
1511 5123 1530 5154 ι
1634 5107 1650 5135 ⁸

268 5267 288 5294 ¹
314 5261 423 5316 Tit.
459 5276 520 5323 ιι,
544 5261 598 5326 9,
636 5262 728 5316 10.

1821 3539 2100 3591 motheum
2147 3534 2415 3593 scribens,
2469 3538 2589 3582 sunt
2637 3527 2730 3580 sub
2767 3526 2898 3594 jugo
2946 3524 3101 3582 servi,
3160 3519 3400 3571 dominos

1819 3648 1939 3685 suos
1977 3628 2119 3683 omni
2149 3627 2342 3678 honore
2375 3624 2559 3692 dignos
2585 3629 2787 3689 putent.
2873 3616 2972 3680 Qui
3013 3627 3185 3666 autem
3220 3609 3399 3678 ﬁdeles

1819 3724 2058 3775 dominos
2113 3719 2300 3771 habent
2349 3732 2409 3768 ne
2450 3721 2807 3772 contemnant,
2854 3707 2989 3777 quod
3031 3706 3222 3772 fratres
3258 3704 3401 3764 sint;

1821 3817 1911 3869 sed
1948 3814 2116 3882 magis
2142 3811 2392 3872 serviant,
2446 3808 2695 3873 quoniam
2739 3812 2860 3858 sunt
2908 3802 3086 3869 ﬁdeles
3138 3798 3228 3867 qui
3270 3796 3402 3848 bono

1821 3924 2000 3961 eorum
2031 3921 2181 3974 apere
2210 3905 2482 3972 fruuntur.
2573 3899 2638 3951 Et
2679 3902 2745 3950 ad
2777 3894 2956 3948 Τιιιιιιι
3005 3906 3220 3953 rursus,
3274 3887 3401 3940 dum

1824 3989 2053 4066 eaquae
2101 3998 2298 4050 docere
2355 4000 2602 4062 oporteat
2649 3986 2986 4054 exsequitur,
3043 3989 3240 4051 prteter
3271 3977 3398 4028 alia.

1824 4091 1940 4144 haec
1976 4103 2195 4158 quoque
2224 4087 2406 4142 habet.
2461 4082 2649 4136 Servos
2679 4080 2786 4132 suis
2819 4075 3048 4129 dominis
3079 4072 3294 4138 subjici,
3349 4070 3405 4120 in

1826 4183 2066 4236 omnibus
2104 4181 2225 4231 bene
2255 4178 2541 4244 placentes,
2591 4181 2643 4226 et
2671 4187 2789 4240 qua:
2817 4174 3146 4237 sequuntur.
3203 4165 3271 4215 At
3296 4161 3405 4213 Eu-

1828 4273 2064 4328 stathius
2096 4273 2324 4339 ejusque
2370 4269 2591 4322 asseclze
2637 4264 2914 4317 contraria
2964 4273 3192 4328 prorsus
3227 4256 3401 4307 disse-

1829 4366 2150 4427 minabant,
2198 4377 2262 4415 ac
2312 4360 2508 4420 servis,
2563 4365 2620 4410 ut
2668 4371 2724 4408 se
2776 4354 3122 4407 dominorum
3176 4345 3404 4413 imperio

1829 4458 2254 4517 Subtraherent.
2313 4453 2605 4521 muniaque
2651 4447 2817 4518 419
2869 4446 2936 4499 ab
2988 4444 3096 4497 illis
3148 4439 3402 4509 imposita

1831 4549 2188 4616 nogligerent.
2259 4541 2396 4598 forte
2453 4540 2754 4610 spiritualis
2806 4532 3212 4588 exercitationis
3270 4530 3403 4582 obe-

1832 4642 1963 4695 undi
2019 4653 2225 4703 causa,
2272 4632 2594 4690 suadebant.
2679 4629 2826 4695 Quos
2879 4627 3095 4696 quidem
3152 4625 3265 4675 haec
3316 4636 3407 4689 sy-

1835 4734 2011 4786 nodus
2056 4732 2126 4785 ob
2177 4727 2444 4798 eiusmodi
2492 4724 2819 4786 doctrinam,
2869 4717 3184 4788 apostolicae
3237 4715 3406 4768 disci-

1755 4803 1809 4862 Β
1837 4829 1993 4898 plina:
2029 4825 2270 4895 vestigiis
2302 4821 2580 4878 insistens,
2609 4817 2954 4870 anathemate
3003 4810 3244 4862 irretitos
3279 4821 3400 4860 esse

1834 4918 2105 4973 decernit.

1840 5008 2062 5065 ARlST.
2101 5025 2119 5057 ι
2163 5007 2217 5059 Ei
2246 5006 2336 5076 qui
2368 4993 2529 5058 servo
2564 5000 2900 5072 persuadeta
2935 4996 3156 5052 domino
3190 4993 3408 5062 religio-

2067 5121 2084 5152 ι
2120 5103 2204 5154 nis
2229 5107 2490 5169 praetextu
2515 5096 2764 5152 recedere
2817 5096 3123 5148 anathema.
3162 5112 3178 5141 ι

1387 5357 1578 5418 Guill.
1613 5358 1932 5435 Beveregii
1976 5365 2165 5419 notae.

236 5461 346 5532 (2!)
368 5454 548 5524 Αὖθις
579 5457 1246 5532 ἐντέλλεταιὼεξςεηύιιε
1278 5466 1360 5512 est
1392 5458 1728 5532 hi_c_Z_onar:e

157 5525 338 5595 locus,
371 5532 524 5599 juxta
567 5533 809 5583 codicem
860 5525 1379 5590 Amerbaehianum,
1429 5525 1594 5587 Αὖθις
1643 5532 1728 5580 ἐν-

161 5601 491 5669 τιλλόμενος
520 5599 642 5652 τίνα
671 5600 946 5653 διδάσκειν
989 5599 1188 5670 χρεὼν,
1245 5602 1379 5669 πρὸς
1405 5601 1516 5662 τοῖς
1549 5600 1726 5663 ἄλλοις

162 5677 264 5727 καὶ
287 5671 460 5725 ταῦτὰ
486 5688 673 5739 φησιν.

241 5743 353 5808 (2‘2)
378 5743 487 5794 Καὶ
517 5741 586 5794 τὰ
605 5740 771 5808 ἑξῆς.
797 5739 899 5793 Pro
931 5741 1015 5793 his
1042 5741 1220 5794 verbis
1247 5741 1296 5792 in
1329 5740 1520 5793 codice
1537 5743 1726 5792 Anter-

168 5814 447 5869 bachiano
480 5812 634 5868 locus
683 5828 852 5867 sacrm
881 5811 1178 5881 Serlpturze
1208 5812 1294 5866 hic
1326 5813 1524 5868 citatus
1569 5813 1729 5882 plene

1835 5462 1911 5513 sic
1963 5459 2176 5528 legitur.
2241 5459 2331 5528 Μὴ
2381 5458 2785 5524 ἀντιλέγοντας,
2838 5457 2912 5525 μὴ
2962 5453 3406 5528 νοσφιζομένους,

1834 5531 1969 5583 ἀλλά
1998 5522 2177 5582 πίστιν
2203 5522 2382 5582 πᾶσαν
2407 5522 2848 5598 ἐνδεικνυμένους
2876 5527 3105 5592 ἀγαθήν,
3126 5522 3248 5575 Non
3276 5540 3407 5574 con-

1835 5603 2167 5662 tradicentes,
2211 5616 2311 5651 non
2336 5594 2667 5668 fraudant“,
2699 5601 2783 5651 sed
2814 5614 3015 5650 omnem
3036 5601 3222 5648 bonam
3252 5594 3407 5660 ﬁdem

1835 5677 2182 5796 ρεεεηάρηιεδ.
2212 5664 2344 5736 Quae
2367 5672 2529 5726 etiam
2589 5670 2752 5725 verba
2801 5670 2853 5721 in
2923 5667 3173 5723 Callandl
3216 5664 3407 5719 codice

1855 5755 2111 5796 canntur.

1855 5755 2111 5813 egttntur.
