4164 6426
114 427 257 494 1949

1283 429 1362 488 IN
1401 428 1571 489 CAN.
1615 426 1697 485 IX
1729 424 1932 485 CONC.
1970 427 2251 485 GANUR.

3201 418 3344 488 19.50

109 545 206 597 τοῦ
243 543 490 606 συνάξεις
525 545 694 594 ποιεῖν
725 543 758 611 ἦ
789 543 987 610 μᾶλλον
1018 545 1445 610 παρασυνάξεις,
1467 541 1677 611 ἤθελον,

1786 540 1950 600 bant,
2010 542 2058 590 id
2115 549 2219 598 est,
2251 545 2545 588 conventus
2594 545 2687 589 aut
2736 535 3105 589 conventicula
3163 535 3344 602 potius

113 634 384 701 πράττειν
414 652 474 686 τε
499 634 566 686 τά
597 635 696 700 τῆς
732 635 1082 704 Ἑκκλησίας,
1114 635 1424 703 ἱερουργίας
1451 633 1672 700 δηλαδὴ.

111 725 190 793 μὴ
231 727 481 788 συνόντος
533 723 628 776 τοῦ
692 723 1063 794 πρεσϐυτέρου
1119 726 1260 775 κατά
1311 724 1534 790 γνώμην
1583 722 1674 773 τοῦ

107 815 435 869 ἐπισκόπου.
483 817 570 867 Ἐν
599 815 873 886 εὐκτηρίῳ
899 815 1007 884 γὰρ
1037 816 1188 877 ἐντὸς
1228 814 1405 877 οἰκίας
1433 813 1547 866 ὄντι
1567 815 1675 887 οὐκ

108 908 438 974 ἐκχωρεῐται
511 907 885 977 πρεσϐύτερος
940 909 1265 974 ἱερουργεῖν,
1337 909 1411 971 εἰ,
1452 905 1527 974 μὴ
1581 904 1674 957 τοῦ

109 998 414 1050 ἐπισκόπου
444 998 545 1066 τῆς
573 999 780 1060 πόλεως
820 1000 1226 1069 ἐπιτρέποντος.
1258 998 1348 1051 Διδ
1399 998 1495 1051 καὶ
1542 998 1674 1050 ἀνα-

108 1089 312 1157 θέματι
340 1090 826 1160 κατεδικάσθησαν.

205 1269 428 1323 ΑΡΙΣΤ.
469 1287 488 1318 ι
541 1270 598 1321 Ὀ
631 1269 1010 1338 ἐκκλησιάζων
1035 1269 1139 1339 ἰδίᾳ.
1162 1271 1248 1339 εἴη
1277 1269 1543 1338 ἀνάθεμα.
1585 1287 1603 1319 ι

705 1469 946 1521 ΚᾹΝΩΝ
979 1467 1057 1523 Ζ’.

106 1597 128 1630 ε
171 1579 242 1632 Et
269 1599 352 1644 τις
383 1583 762 1652 καρποφορίας
797 1583 1260 1654 ἐκκλησιαστικάς
1308 1583 1482 1637 ἐθέλει
1537 1584 1677 1654 λαμ-

189 1692 208 1723 ‹
246 1675 454 1735 ϐάνειν,
511 1676 542 1744 ἢ
593 1677 795 1728 διδόναι
850 1677 956 1741 ἐξω
985 1679 1083 1746 τῆς
1143 1677 1470 1747 Ἐκκλησίας
1526 1677 1677 1746 παρὰ

187 1784 208 1816 ι
246 1766 468 1835 γνώμην
496 1766 590 1819 τοῦ
651 1769 954 1822 ἐπισκόπου
983 1769 1016 1836 ἢ
1045 1767 1138 1820 τοῦ
1191 1769 1675 1839 ἐγκεχειρισμένου

188 1878 208 1909 ‹
245 1863 310 1912 τά
335 1862 581 1924 τοιαῦτα,
618 1863 715 1914 καὶ
754 1863 829 1932 μὴ
861 1863 1000 1932 μετὰ
1021 1863 1243 1934 γνώμης
1278 1863 1444 1916 αὑτοῦ
1504 1864 1674 1916 ἐθέλει

179 1971 203 2004 ε
244 1954 525 2022 πράττειν,
560 1956 809 2026 ἀνάθεμα
841 1955 1038 2009 ἔστω.»

180 2066 377 2121 ΒΑΛΣ.
409 2069 474 2120 Δί
517 2073 929 2139 προσαγόμεναι
983 2073 1362 2143 καρποφορίαι
1413 2077 1535 2136 ταῖς
1586 2076 1682 2126 ἐκ·

101 2157 364 2228 κλησίάις
387 2156 479 2213 διὰ
505 2160 616 2213 τῶν
645 2163 956 2215 ἐπισκόπων
1017 2166 1354 2234 μερίζονται.
1400 2164 1553 2219 Ἐπεὶ
1588 2161 1683 2219 οὖν

101 2251 188 2310 εἰς
248 2251 655 2320 καταφρόνησιν
711 2253 920 2306 τούτων
981 2255 1126 2317 τινὲς
1174 2255 1428 2326 ἐμέριζον
1479 2255 1684 2320 ταύτας

99 2344 342 2406 ἐαυτοῐς,
401 2343 748 2413 διορίζεταιό
782 2345 963 2399 κανὼν
1021 2347 1506 2417 ἀναθεματίζεσθαι
1559 2352 1683 2413 τοὺς

102 2428 282 2496 χωρὶς
334 2435 702 2502 ὲπισκοπικῆς
764 2435 1027 2504 είδήσεως
1074 2437 1319 2490 τοιοῦτόν
1365 2455 1418 2490 τι
1473 2439 1686 2492 ποιοῦν-

99 2537 234 2579 τας.

186 2613 437 2668 ΖΩΝΑΡ.
468 2615 624 2667 Μετά
648 2617 756 2667 τῶν
805 2617 1001 2684 ἄλλων,
1038 2615 1113 2673 ὢν
1153 2621 1396 2687 ἐτόλμων
1453 2625 1501 2676 oi
1556 2628 1684 2694 περὶ

101 2706 204 2756 τὸν
237 2707 558 2772 Εὐστάθιον,
598 2711 693 2763 καὶ
733 2712 1111 2781 καρποφορίας
1137 2715 1234 2776 τὰς
1265 2716 1511 2786 συνήθως
1568 2722 1684 2780 ταῖς

97 2799 440 2868 ἐκκλησίαις
509 2806 931 2874 προσαγομένας
990 2805 1357 2874 λαμϐάνοντες
1436 2809 1684 2879 διένεμον

107 2890 394 2957 ἀλλήλοις.
428 2892 600 2945 Τοῦτο
632 2892 724 2945 οὖν
778 2897 805 2947 ό
857 2896 1032 2950 κανὼν
1074 2899 1316 2965 κωλύων,
1359 2907 1530 2970 χωρὶς
1588 2901 1682 2954 τοῦ

99 2983 420 3034 ἐπισκόπου
451 2983 484 3053 ἢ
517 2983 615 3036 τοῦ
651 2985 1164 3056 ὲμπεπιστευμέυου
1199 2989 1297 3060 τὴν
1340 2991 1436 3060 τῆς
1486 2992 1684 3060 ἐκκλη-

105 3074 240 3135 σίας
268 3073 585 3141 οἰκονομίαν
614 3074 788 3145 ὁρίζει
821 3075 896 3146 μὴ
927 3077 1125 3143 ἐξεῖναί
1171 3095 1278 3131 τινι
1319 3080 1617 3150 λαμϐάνειν
1647 3083 1680 3154 ἢ

95 3166 312 3217 διδόναι
349 3169 750 3238 καρποφορίαν.
777 3169 899 3221 Τῶν
940 3169 998 3221 δι
1058 3172 1150 3224 τὸν
1180 3173 1379 3226 κανόνα
1408 3191 1480 3226 πα
1492 3173 1683 3244 ραϐαι-

101 3260 315 3311 νόντων
364 3260 613 3329 ἀνάθεμα
653 3261 1086 3331 κατεψηφίσατο.

102 3349 342 3402 ΔΡΙΣΤ.
387 3367 405 3399 ι
452 3348 510 3402 '0
539 3352 689 3422 παρά
746 3351 974 3422 γνώμην
1031 3357 1331 3409 ἐπισκόπου
1377 3358 1684 3429 ἢπρεσϐυ·

142 3441 311 3510 τέρου
341 3442 411 3493 τὰ
444 3443 543 3511 τῆς
584 3444 910 3514 Ἐκκλησίας
951 3449 1118 3500 τελῶν
1178 3451 1262 3520 εἴη
1309 3451 1578 3521 ἀνάθεμα.
1623 3471 1642 3504 ι

720 3650 960 3704 ΚΑΝΩΝ
994 3650 1078 3705 Η’.

107 3783 131 3814 ‹
184 3765 249 3817 Εἰ
285 3781 365 3829 τις
402 3765 594 3836 διδοἴῆ
645 3766 911 3837 λαμϐάνοι
977 3773 1358 3841 καρωφορὶαν
1417 3777 1686 3844 παρεκτὸς

195 3877 214 3908 ι
251 3857 346 3910 τοῦ
379 3861 679 3912 ἐπισκόπου
718 3859 752 3931 ἦ
783 3861 878 3912 τοῦ
930 3864 1363 3934 ἐπιτεταγμένου
1422 3870 1504 3930 εἰς
1545 3873 1689 3923 οἱκο-

195 3970 214 4001 ι
258 3951 452 4019 νομίαν
481 3953 751 4016 εὐποιίας,
785 3954 880 4007 καὶ
923 3954 952 4006 ὁ
989 3956 1163 4019 διδοὺς
1193 3961 1287 4011 καὶ
1317 3962 1346 4012 ὁ
1372 3961 1686 4030 λαμϐάνων,

193 4063 212 4093 ε
255 4043 503 4113 ἀνάθεμα
535 4045 691 4098 ἔστω.
742 4064 761 4096 ι

192 4135 390 4190 ΒΑΛΣ.
421 4137 517 4188 καὶ
544 4138 790 4191 ΖΩΝΑΡ.
835 4139 1164 4213 ἰσοδυναμεί
1203 4146 1299 4197 καὶ
1345 4139 1501 4210 οὗτος
1532 4150 1556 4201 ό
1587 4165 1689 4201 κα-

105 4228 226 4281 νὼν
270 4229 348 4298 τῷ
382 4230 738 4308 πρὸάύτοῦ.’

110 4321 347 4377 ΔΡΙΣΤ.
423 4341 441 4373 ι
483 4322 666 4386 Διδούς
720 4341 804 4387 τις
863 4325 896 4396 ἢ
953 4325 1245 4394 λαμϐάνων
1312 4332 1690 4402 καρποφορίαν

202 4413 416 4487 «ἐκτὸς
473 4413 568 4465 τοῦ
614 4415 914 4469 ἐπισκόπου
965 4417 1187 4472 καὶτοῦ
1227 4421 1530 4493 οἰκονομεῖν
1588 4442 1692 4478 τσ-

197 4525 215 4556 ι
255 4508 474 4576 χθέντος
502 4509 583 4568 εἰς
608 4507 855 4560 εὐποιίαν
874 4524 888 4539 ·
921 4509 1015 4562 καὶ
1039 4511 1067 4562 ό
1096 4511 1286 4576 διδοὺς,
1313 4516 1406 4566 καὶ
1431 4518 1457 4567 ό
1480 4514 1691 4583 λαμϐά-

199 4619 216 4650 ι
255 4617 385 4662 νων,
406 4596 548 4650 ἔστω
585 4598 852 4666 ἀνάθεμα.
897 4617 916 4650 ι

747 4714 985 4767 ΚΔΝΩΝ
1016 4713 1093 4767 8'.

115 4851 138 4881 ε
185 4828 253 4881 Ε(
276 4809 360 4889 τις
391 4826 718 4896 παρθενεύοι
758 4828 790 4897 ἢ
833 4809 1243 4904 ἐγκρατεύοιτο,
1279 4832 1354 4893 ὡς
1388 4833 1455 4886 ἂν
1478 4833 1694 4903 βδελύτ-

198 4943 216 4974 ι
254 4939 364 4975 των
397 4924 506 4974 τῶν
556 4921 748 4990 γάμων
790 4923 1108 4994 ἀναχωρῶν,
1141 4928 1235 4978 καὶ
1265 4925 1340 4996 μὴ
1371 4927 1440 4979 δι’
1471 4927 1603 4980 αὐτὸ
1633 4930 1691 4980 τὸ

197 5036 214 5066 ι
253 5014 420 5138 ἔαλὸν
492 5016 586 5066 καὶ
643 5016 798 5081 ἆγιον
867 5020 968 5088 τῆς
1027 5019 1370 5088 παρθενίας,
1443 5021 1692 5089 ἀνάθεμα

200 5107 219 5138 ι
287 5103 462 5138 στω.»

200 5107 219 5138 1
253 5103 414 5138 εστω.
441 5103 462 5136 ι

191 5207 393 5262 ΒᾹΛΣ.
431 5206 570 5275 Περὶ
608 5205 718 5256 τῶν
777 5207 1274 5276 ἀποστρεφομένων
1315 5207 1406 5259 τὸν
1461 5209 1693 5280 νόμιμον

108 5308 299 5377 γάμον
339 5304 414 5370 μὴ
445 5301 534 5354 διά
557 5300 761 5372 ἀρετὴν
807 5302 901 5354 καὶ
941 5299 1231 5352 εὐλάϐειαν
1265 5302 1588 5373 ἐγράψαμεν
1637 5305 1694 5356 ἐν

110 5401 199 5470 τῷ
231 5396 439 5467 πρώτῳ
460 5397 675 5448 κανόνιο
709 5396 804 5453 καὶ
839 5394 1114 5462 ἀνάγνωθι
1143 5395 1336 5449 ταῦτα.

191 5489 445 5544 ΖΩΝΑΡ.
472 5488 772 5541 Κάλλιστον
813 5488 913 5557 μὲν
942 5489 977 5558 ἡ
1011 5485 1297 5558 παρθενία,
1325 5488 1487 5540 καλὸν
1521 5489 1574 5541 δὲ
1603 5491 1695 5559 κα).

112 5589 153 5655 ὴ
191 5573 555 5652 σωφροσύνη·
589 5581 704 5633 ἀλλ’
732 5583 780 5634 εἰ
814 5579 881 5633 δι’
937 5581 1070 5634 αὐτὸ
1119 5582 1180 5634 τὸ
1225 5585 1389 5638 καλὸν
1437 5589 1691 5654 γίνοιντο,

117 5679 226 5733 καὶ
258 5677 344 5730 διὰ
377 5677 469 5730 τὸν
497 5676 556 5742 ἐξ
585 5675 766 5728 αὐτῶν
801 5676 1093 5747 ἁγιασμόν.
1134 5676 1197 5728 Et
1246 5677 1300 5728 δέ
1352 5694 1434 5740 τις
1491 5678 1696 5749 παρθε-

119 5771 298 5835 νεύει,
333 5770 426 5823 τὸν
460 5769 639 5838 γάμον
667 5767 743 5830 ὡς
780 5768 1092 5840 ἀκάθαρτον
1125 5767 1563 5838 βδελυττόμενος,
1601 5771 1696 5824 καὶ

123 5867 401 5930 σωφρονεί
445 5866 539 5918 καὶ
573 5863 963 5933 ἐγκρατεύεται
999 5862 1195 5933 μίξεως
1239 5864 1574 5933 ἀπεχόμενος
1598 5864 1690 5916 τοῦ

1782 630 2136 696 peragebant,
2185 627 2348 697 420
2397 626 2574 694 ibique
2601 642 2716 694 quae
2751 629 2802 679 in
2838 627 3067 679 ecclesia
3102 625 3214 676 lit-ri
3251 623 3348 675 de-

1785 721 2033 780 buerant,
2068 734 2220 772 sacra
2253 718 2498 771 videlicet
2523 720 2798 789 mysteria,
2832 719 2978 770 nullo
3005 734 3065 771 ex
3101 715 3343 783 OplSt'Opi

1783 802 2050 866 sententia
2077 810 2283 862 delecto
2308 811 2589 864 sacerdote
2618 811 2981 864 celebrabant.
3029 810 3081 860 lu
3103 818 3347 860 oratorio

1780 901 1922 954 enim
1973 901 2113 969 quod
2142 913 2226 956 est
2265 904 2402 954 intra
2435 902 2656 955 domum
2707 903 2986 971 presbyter
3021 915 3174 954 sacra
3211 901 3347 951 «σειρ-

1783 993 1940 1058 brare
1968 1010 2075 1047 non
2115 995 2460 1062 permittitur,
2494 997 2594 1048 nisi
2624 996 2777 1048 venia
2814 997 2960 1063 prius
2995 997 3060 1047 ab
3093 994 3348 1062 episc0po

1782 1086 2016 1139 civitatis
2079 1088 2378 1155 impetrata.
2422 1089 2674 1150 Proinde,
2721 1098 2774 1141 et
2827 1088 2878 1138 iu
2932 1102 3026 1140 eos
3071 1088 3351 1138 damnatio

1781 1179 2137 1231 auatltematis
2161 1181 2480 1235 constituta.

1781 1265 2006 1321 ARIST.
2071 1288 2090 1320 ι
2125 1270 2224 1335 Qui
2261 1272 2512 1339 privatim
2548 1271 2928 1323 conventicula
2965 1271 3225 1334 celebrat,
3281 1270 3354 1323 sit

2334 1380 2352 1412 ί
2384 1363 2692 1416 anathema.
2731 1381 2748 1411 ι

2322 1475 2637 1531 CANON
2697 1477 2804 1528 νη.

1787 1608 1807 1642 ι
1844 1589 1896 1644 Si
1930 1591 2054 1660 quis
2083 1592 2191 1645 vult
2227 1591 2437 1646 fruetus
2471 1593 2716 1646 ecclesia:
2745 1592 2955 1646 oblatos
2982 1593 3247 1660 accipere,
3273 1591 3354 1644 Vel

1858 1699 1878 1733 ι
1913 1683 2044 1736 dare
2095 1691 2247 1737 extra
2297 1685 2627 1747 ecclesiam,
2686 1693 2882 1751 praeter
2933 1683 3169 1751 episcopi
3229 1698 3355 1737 sen-

1861 1791 1880 1823 ι
1919 1773 2296 1837 tentiam,_vel
2341 1776 2463 1842 ejus
2514 1777 2601 1828 cui
2637 1789 2767 1828 cura
2818 1791 3005 1827 eorum
3059 1775 3352 1827 commissa

1858 1881 1880 1916 ε
1917 1876 2020 1926 est,
2051 1876 2105 1918 et
2134 1881 2240 1918 non
2267 1882 2389 1919 cum
2411 1867 2529 1936 ejus
2561 1868 2828 1922 sententia
2855 1882 2917 1920 ea
2948 1866 3056 1920 vult
3079 1882 3260 1936 agere,
3286 1869 3358 1920 sit

1859 1978 1878 2011 ι
1914 1961 2219 2014 anathema.
2269 1983 2289 2010 ο

1858 2071 2054 2128 BALS.
2112 2072 2371 2135 Fructus,
2425 2073 2518 2142 qui
2568 2053 2814 2127 ecclesiis
2878 2072 3204 2134 offeruntur,
3259 2087 3356 2140 per

1783 2162 2069 2234 episcopos
2093 2164 2434 2218 dividuntur.
2484 2162 2749 2230 Quoniam
2775 2181 2902 2234 ergo
2930 2168 2981 2217 in
3007 2180 3195 2218 eorum
3224 2179 3358 2218 con-

1787 2264 2045 2325 temptum
2076 2256 2296 2324 quidam
2330 2258 2451 2311 illos
2502 2257 2606 2312 sibi
2657 2257 2978 2319 diviserunt,
3035 2272 3206 2308 canon
3258 2272 3354 2310 eos

1783 2347 2230 2402 anathematizari
2286 2348 2500 2414 statuit,
2549 2349 2639 2418 qui
2685 2349 2805 2403 sine
2853 2349 3082 2403 scientia
3113 2349 3352 2418 episeopi

1785 2439 1886 2491 tale
1914 2439 2040 2496 quid
2077 2439 2299 2492 faciunt.

2211 2631 2368 2668 "mter
2416 2616 2517 2668 alia
2576 2616 2802 2668 crimina
2853 2616 3191 2671 Eustathiani
3245 2619 3357 2671 fru-

1784 2717 1906 2760 ctus
1962 2725 2202 2775 quoque,
2259 2711 2347 2776 qui
2405 2710 2649 2761 ecrlesna:
2699 2709 2880 2761 offerri
2934 2722 3354 2774 consueverant,

1784 2801 2107 2855 invadentes
2140 2803 2278 2854 inter
2298 2818 2356 2855 se
2391 2802 2621 2855 invicem
2647 2803 3047 2870 partiebantur.
3108 2805 3162 2856 Id
3194 2808 3359 2871 igitur

1785 2906 1958 2945 canon
2011 2892 2282 2961 prohibet,
2335 2907 2398 2944 ac
2447 2907 2513 2946 ne
2570 2895 2824 2960 cuiquam
2876 2895 3082 2961 absque
3114 2895 3355 2963 CpiaCltpi

1784 2984 2132 3046 auctoritate,
2161 2984 2245 3037 vel
2264 2984 2382 3052 ejus
2401 2984 2488 3037 cui
2516 2983 2759 3037 ecclesia:
2783 2983 3186 3037 administratio
3208 3001 3361 3036 uian-

1785 3079 1906 3130 data
1955 3085 2059 3141 est,
2115 3077 2324 3131 fruetus
2355 3077 2449 3145 qui
2495 3075 2795 3130 oﬂ‘eruutur
2830 3077 2959 3130 dare
2991 3083 3083 3128 aut
3112 3076 3362 3145 alciperc

1785 3170 1967 3236 liceat,
2022 3173 2285 3228 deCernit.
2379 3167 2482 3235 Qui
2529 3184 2686 3226 secus
2739 3168 2960 3232 fecerit,
3017 3169 3361 3222 anathemata

1854 2613 1910 2666 ἲ(
1930 2624 1980 2666 ιζ’
2005 2639 2056 2664 νὶι

1707 3273 1753 3339 c
1787 3263 1944 3332 plecti
1972 3263 2144 3333 jubet.

1789 3349 2015 3408 ARIST.
2115 3373 2132 3403 ‹
2180 3352 2280 3420 Qui
2343 3363 2538 3422 praeter
2601 3353 2842 3422 episcopi
2907 3356 2991 3408 vel
3059 3356 3360 3424 presbyteri

1862 3462 1882 3493 ι
1937 3447 2261 3500 sententiain
2327 3447 2706 3501 ecclesiastica
2771 3449 3024 3518 peragit,
3091 3450 3164 3503 sit
3228 3465 3361 3501 ana-

1950 3539 2151 3592 thema.
2195 3558 2214 3590 ι
2299 3529 2307 3546 ’

2310 3652 2618 3708 CANON
2695 3653 2834 3710 Vlll.

1753 3779 1813 3820 ἰ
1844 3768 1898 3822 Si
1927 3771 2050 3839 quis
2099 3769 2188 3823 det
2243 3769 2322 3824 vel
2374 3771 2602 3838 accipiat
2654 3770 2860 3824 fructus
2911 3770 3365 3840 oblatus,pra:ter

1863 3880 1882 3913 ε
1919 3864 2275 3932 episcopum,
2335 3856 2417 3916 vel
2464 3878 2587 3915 eum
2640 3865 2731 3932 qui
2780 3873 2863 3916 est
2916 3865 3246 3918 constitutus
3295 3867 3361 3917 ad

1867 3971 1885 4004 ι
1924 3954 2294 4008 beneficentiae
2316 3954 2778 4022 dispensationem
2802 3971 2816 4007 :
2850 3963 2904 4006 et
2928 3956 3018 4024 qui
3045 3954 3156 4021 dat,
3183 3968 3237 4009 et
3266 3957 3361 4025 qui

1866 4066 1882 4096 ι
1921 4046 2136 4115 accipit,
2171 4047 2242 4099 sit
2269 4046 2578 4099 anathema.
2615 4064 2632 4096 ι
3188 4032 3195 4038 “

1854 4136 2046 4191 BALS.
2079 4147 2132 4192 et
2162 4136 2412 4192 ZONAR.
2467 4137 2566 4192 llic
2614 4153 2787 4192 canon
2831 4141 3157 4208 praecedenti
3185 4140 3362 4210 aequi-

1789 4229 1956 4283 valet.

1790 4319 2018 4376 ARIST.
2076 4341 2096 4373 ι
2133 4322 2394 4392 Quisquis
2424 4325 2534 4386 dat,
2571 4325 2650 4378 vel
2671 4325 3096 4393 accipitt'ructus
3125 4323 3359 4385 oblatos,

1867 4430 1887 4464 ι
1924 4423 2118 4482 praeter
2165 4416 2482 4484 episcopum
2539 4425 2593 4468 et
2643 4430 2765 4468 eum
2795 4416 2885 4483 qui
2922 4417 2986 4468 ad
3025 4414 3166 4468 bona
3197 4427 3359 4482 opera

1869 4523 1888 4554 ‹
1925 4506 2242 4574 dispensare
2258 4504 2630 4569 constituitur,
2669 4515 2717 4558 et
2740 4505 2832 4574 qui
2869 4507 2978 4568 dat,
3012 4513 3066 4557 et
3097 4505 3187 4574 qui
3221 4507 3364 4560 acci-

1872 4615 1892 4648 ι
1929 4598 2028 4666 pit,
2064 4599 2135 4652 sit
2165 4597 2475 4652 anathema.
2517 4616 2535 4648 ι
3147 4581 3168 4597 ’

2350 4707 2525 4763 CAN
2556 4708 2661 4762 ΟΝ
2712 4707 2802 4763 IX.

1798 4843 1816 4876 ι
1857 4822 1910 4878 Si
1930 4824 2052 4894 quis
2083 4824 2446 4895 virginitatem
2473 4825 2744 4880 custodiat
2766 4826 2845 4879 vel
2879 4825 3225 4881 continentia:
3252 4833 3368 4881 stu-

1872 4935 1889 4967 ι
1925 4917 2071 4979 deat,
2104 4930 2131 4968 a
2164 4916 2513 4969 matrimonio
2538 4928 2790 4987 tauquam
2828 4917 3191 4971 abominando
3218 4932 3368 4970 rece-

1871 5029 1888 5060 ι
1928 5011 2086 5075 deus,
2113 5020 2168 5062 et
2198 5025 2302 5062 non
2337 5019 2559 5078 propter
2592 5012 2766 5078 ipsam
2787 5011 3110 5079 virginitatis
3129 5010 3370 5078 pulchri-

1871 5119 1890 5151 ι
1931 5103 2170 5154 tudinem
2199 5111 2252 5154 et
2283 5104 2648 5163 sanctitatem,
2684 5104 2755 5155 sit
2784 5103 3095 5155 anathema.
3129 5121 3148 5152 ι

1865 5214 2059 5272 BALS.
2141 5217 2214 5270 De
2249 5217 2315 5270 iis
2352 5217 2442 5286 qui
2478 5217 2744 5285 legitimas
2781 5219 2998 5285 nuptias
3043 5226 3365 5269 aversantur

1798 5326 1906 5366 non
1947 5317 2166 5379 propter
2202 5310 2457 5378 pietatem
2510 5317 2563 5361 et
2619 5311 2897 5373 virtutem,
2954 5307 3278 5376 scripsimus
3313 5308 3366 5358 in

1800 5408 1978 5476 primo
2007 5421 2250 5468 canone;
2278 5411 2331 5458 et
2363 5404 2475 5472 lege
2507 5418 2590 5455 ea.

1903 5497 2152 5552 ZONAR.
2239 5489 2609 5551 Pulcherrima
2649 5493 2865 5562 quidem
2899 5506 2984 5544 res
3010 5501 3093 5546 est
3136 5489 3368 5558 virgini-

1799 5601 1903 5655 tas,
1965 5592 2192 5645 honesta
2240 5602 2368 5642 vero
2420 5598 2471 5641 et
2522 5586 2890 5644 Continentia,
2954 5585 2996 5637 si
3053 5593 3231 5636 tamen
3276 5598 3369 5635 eas

1798 5689 1866 5738 ob
1918 5686 2253 5738 honestatem
2309 5683 2518 5749 ipsam,
2586 5693 2812 5748 qua-que
2876 5679 2996 5731 illas
3051 5679 3366 5735 comitatur.

1799 5776 2138 5830 sanctitatem
2213 5762 2526 5842 sequamur.
2637 5770 2790 5836 Quod
2858 5776 2901 5823 si
2969 5772 3090 5839 quis
3163 5769 3368 5823 idcirco

1799 5867 2162 5935 virginitatem
2219 5864 2608 5936 amplectitur.
2671 5865 2795 5929 quia
2861 5865 3081 5928 nuptias
3139 5875 3195 5915 ut
3262 5862 3363 5916 im-
