4164 6426
735 357 872 422 1263·

1982 365 2264 427 ΤΙΙΕΟΙ).
2302 365 2707 428 BALSAMCN

3853 363 3979 424 1954

731 468 886 532 dixit,
922 469 1180 538 quoniam
1236 471 1283 527 is
1335 471 1508 543 ipsius
1562 481 1754 528 auctor
1786 485 1842 528 et
1893 491 2058 532 causa
2105 486 2209 543 est,
2247 487 2300 532 ut

2407 494 2528 543 πεν,
2554 477 2638 528 ὅτι
2667 475 2838 536 aluo;
2862 475 3033 545 αὐτῆς
3062 476 3231 537 ἐστιν,
3260 474 3334 536 ὡς
3370 475 3424 538 ἐξ
3452 473 3615 527 αὑτοῦ
3658 471 3982 540 γενομένης.

730 578 850 631 qua:
891 579 957 616 ex
988 579 1054 617 eo
1100 564 1241 618 facta
1271 567 1363 620 sit.
1401 565 1478 620 Ex
1523 567 1695 622 Adam
1729 568 1872 622 enim
1909 567 2040 623 Eva.
2080 567 2146 622 Et
2183 579 2304 639 post

733 656 991 709 nommlla
1028 651 1129 710 :Si
1176 658 1315 709 enim
1365 675 1467 711 non
1516 661 1716 713 veletur
1755 660 1963 725 mulier,
2001 662 2302 716 tondeatur.

734 744 795 799 Si
826 755 1004 799 autem
1053 755 1204 815 turpe
1237 757 1315 801 est
1358 748 1574 802 mulieri
1622 751 1828 804 tonderi
1858 750 1939 804 vel
1985 751 2124 816 radi;
2160 753 2306 806 'rele-

737 850 824 891 tur
859 839 921 894 “.
965 838 1031 891 Et
1063 841 1225 908 paulo
1278 848 1402 911 post
1455 858 1470 896 :
1521 841 1718 897 Mulier
1761 844 1806 897 si
1837 860 2042 898 comam
2077 847 2304 911 nutriat,

730 932 901 1000 gloria
950 939 1027 984 est
1067 932 1191 1000 ipsi,
1239 933 1366 1004 quia
1419 949 1566 988 coma
1613 951 1709 1003 pro
1765 937 1996 990 amiculo
2047 937 2129 989 illi
2175 940 2305 992 data

731 1032 809 1076 est
843 1023 906 1077 η.
959 1023 1024 1077 Ει
1061 1024 1175 1079 haec
1211 1025 1431 1095 quidem
1466 1042 1695 1098 magnus
1724 1027 1948 1084 Paulus.
1983 1028 2306 1085 Eustathius

734 1125 916 1168 autem
964 1117 1222 1171 mulieres
1265 1118 1480 1172 tonderi
1512 1119 1720 1185 docuit,
1763 1121 1988 1189 perinde
2017 1136 2080 1175 ac
2113 1122 2160 1175 si
2189 1122 2305 1190 ipsa

733 1218 963 1262 tonsura
1000 1210 1066 1263 ad
1106 1212 1360 1280 pietatem
1398 1211 1646 1267 conferat
1668 1253 1683 1278 ,
1713 1224 1766 1267 et
1799 1227 1868 1268 ne
1899 1214 2162 1269 adversus
2186 1215 2309 1282 qui-

734 1298 857 1352 dem
911 1284 1165 1353 naturam
1223 1301 1395 1370 legem
1453 1301 1599 1358 ferre
1650 1318 1774 1358 eum
1828 1305 2044 1374 puduit.
2098 1305 2305 1360 Natura

735 1392 881 1445 enim
917 1407 1134 1448 cOmam
1185 1394 1510 1450 mulieribus
1544 1396 1679 1451 adeo
1727 1412 1850 1452 esse
1897 1399 2305 1454 convenientem

731 1485 906 1549 novit,
963 1493 1021 1538 ut
1069 1499 1170 1539 nec
1223 1485 1305 1542 eis
1360 1502 1600 1558 unquam
1656 1489 1936 1543 calvitium
1987 1492 2307 1546 naturaliter

732 1574 888 1630 insit.
920 1575 980 1628 Si
1013 1589 1146 1644 ergo
1180 1576 1473 1631 tondeatur
1511 1578 1732 1645 mulier,
1767 1589 1827 1634 ut
1861 1595 1984 1649 quae
2013 1595 2072 1636 se
2100 1581 2305 1651 aliquid

733 1665 917 1720 facere
950 1666 1246 1732 existimet,
1291 1669 1437 1738 quod
1475 1668 1584 1724 Deo
1618 1682 1900 1741 acceptum
1932 1672 2004 1728 sit
2034 1681 2088 1728 et
2121 1672 2307 1743 subita.

730 1758 930 1814 ctionis
1008 1761 1443 1818 recordationem
1518 1765 1673 1819 tollat
1731 1764 1822 1835 (et
1877 1765 1980 1820 hoc
2034 1766 2197 1821 etiam
2238 1781 2303 1820 ex

2420 570 2514 621 Ἐκ
2546 568 2638 620 τοῦ
2710 569 2882 638 Ἀδὰμ
2912 568 3021 637 γὰρ
3057 569 3090 636 ἡ
3132 566 3264 620 Εὕα.
3293 567 3404 619 Kal
3433 567 3572 636 μετά
3587 581 3710 618 τινα
3737 566 3842 616 -ει
3882 566 3984 632 γὰρ

2405 664 2478 716 οὐ
2534 662 3055 715 κατακαλύπτεται
3094 658 3273 728 γυνὴ,
3313 657 3412 710 καὶ
3466 657 3767 723 κειρέσθω.
3805 657 3883 708 Ei
3924 654 3986 706 δὲ

2405 753 2665 822 αἰσχρὸν
2725 749 2965 820 γυναιξί
3033 752 3100 802 τό
3154 751 3461 816 κειζίιεσϐαι
3554 748 3593 815 ἣ
3661 746 3988 815 ξυμῖσοαι,

2405 841 2977 896 κατακαλυπτέσθω.
3043 842 3152 893 Καὶ
3199 840 3319 908 μεθ’
3361 840 3528 907 ἔτερα
3560 857 3573 869 ’
3609 839 3808 906 Γυνὴ,
3881 840 3991 892 ἐὰν

2407 933 2583 1002 κομᾷ,
2623 934 2774 996 δόξα
2804 931 2958 1001 αὐτῇ
2989 932 3185 997 ἐστιν,
3220 929 3310 984 ὅτι
3338 931 3376 998 ἠ
3415 931 3566 998 κόμη
3593 929 3720 982 ἀντὶ
3750 931 3992 996 περιεο-

2411 1028 2593 1080 λαίου
2625 1025 2865 1078 δέδοται
2887 1023 3065 1092 αὐτῇ.
3085 1023 3196 1076 Καὶ
3243 1022 3419 1076 ταῦτα
3452 1022 3548 1091 μὲν
3577 1022 3604 1072 ό
3630 1023 3804 1090 μέγας
3843 1022 3994 1073 Παῦ-

2406 1119 2498 1181 λος
2542 1134 2557 1149 ο
2591 1120 2619 1172 ό
2649 1117 2705 1170 δὲ
2733 1117 3037 1178 Εὐστάθιος
3066 1115 3352 1184 κείρεσθαι
3389 1113 3490 1176 τὰς
3536 1115 3807 1180 γυναῖκας
3886 1111 3994 1163 eet-

2407 1208 2730 1274 δασκεν,ὠς
2780 1209 2922 1278 τάχα
2983 1208 3121 1277 πρὸς
3169 1205 3481 1259 θεοσέϐειαν
3536 1202 3994 1272 συμϐαλλομένου

2406 1301 2502 1354 τοῦ
2552 1299 2861 1370 κείρεσθαι,
2907 1300 3002 1351 καὶ
3024 1299 3145 1351 οὐδὲ
3194 1301 3263 1368 τῇ
3334 1298 3495 1366 φύσει
3545 1295 3996 1363 ἀντινομοθετῶν

2407 1392 2611 1464 ᾐδεῖτο.
2637 1391 2908 1444 Τοσοῦτον
2935 1391 3045 1460 γὰρ
3093 1391 3295 1443 οἰκεῖον
3350 1384 3490 1440 οἶδεν
3529 1389 3562 1457 ἠ
3641 1387 3810 1454 εξύσις
3876 1391 3996 1447 ταῖς

2408 1487 2627 1555 γυναιξὶ
2659 1487 2763 1556 τὴν
2809 1485 3011 1554 κόμην,
3071 1484 3147 1546 ὡς
3203 1483 3324 1535 οὑδὲ
3371 1482 3713 1550 φαλάκρωμα
3753 1480 3996 1542 ταύταις

2413 1579 2697 1648 ἐγγίνεται
2731 1578 2844 1647 (55)
2879 1576 3147 1645 φυσικῶς.
3186 1575 3250 1628 Ei
3282 1573 3416 1642 γοῦν
3448 1574 3690 1642 κείροιτο
3719 1573 3900 1639 γυνὴ,
3923 1571 3998 1632 ὡς

2407 1673 2552 1742 τάχα
2577 1668 2883 1723 τιδοκοὺσα
2913 1668 3093 1720 ποιεῖν
3127 1665 3264 1734 πρὸς
3283 1663 3421 1716 Θεοῦ
3451 1663 3857 1732 εὐαρέστησιν,
3906 1661 3999 1713 καὶ

2410 1763 2691 1832 περιαιρεί
2718 1758 2818 1828 τὴν
2844 1759 3156 1826 ὑπόμνησιν
3211 1755 3308 1825 τῆς
3338 1755 3618 1823 ὑποταγῆς
3654 1754 3777 1823 (καὶ
3835 1752 3999 1804 τοῦτο

727 1847 971 1919 Epistula
1048 1853 1118 1906 ad
1189 1852 1502 1912 Corinthios
1548 1867 1825 1927 sumptum
1879 1867 1963 1913 est
2016 1873 2046 1912 a
2111 1857 2300 1929 synodi

2408 1858 2466 1910 δὲ
2495 1859 2557 1910 ὲκ
2594 1857 2695 1924 τῆς
2737 1855 2875 1924 πρὸς
2904 1853 3224 1924 Κορινθξους
3267 1851 3521 1919 εἴληπται
3553 1851 3668 1910 τοῖς
3701 1848 3805 1917 τῆς
3844 1848 3998 1898 στυνὸ-

726 1938 1003 1996 Patribus.
1038 1941 1178 1997 Dicit
1204 1945 1349 1999 enim
1383 1947 1495 2001 illic
1525 1945 1822 2017 Apostolus
1858 1963 1872 2000 :
1912 1948 2079 2005 Debet
2113 1950 2306 2004 mulier

736 2030 942 2083 habere
992 2040 1314 2100 potestatem
1372 2035 1425 2089 in
1483 2037 1683 2106 capite,
1737 2039 1945 2093 scilicet
1994 2041 2302 2109 symbolum

728 2120 1115 2190 subjectionis,
1147 2123 1200 2179 id
1228 2137 1330 2192 est,
1363 2136 1564 2182 tectum
1603 2129 1800 2185 habere
1830 2130 2042 2204 caput),
2086 2133 2306 2188 anathe-

735 2225 824 2264 ma
864 2212 937 2265 sit
969 2213 1062 2279 illi,
1100 2227 1155 2267 ttt
1196 2232 1320 2285 quae
1349 2219 1521 2273 solvat
1560 2229 1613 2274 et
1643 2223 2077 2292 trunsgrediatur
2116 2225 2304 2294 subje-

731 2301 931 2357 ctionis
984 2315 1336 2375 praeceptum.
1390 2306 1487 2364 llis
1535 2309 1608 2364 ita
1646 2327 1708 2366 se
1739 2313 2088 2378 habentibus,
2122 2331 2189 2370 ne
2220 2315 2305 2370 di-

734 2394 881 2447 xeris
922 2409 987 2448 ex
1033 2399 1287 2465 praesenti
1336 2414 1545 2455 canone
1594 2403 1868 2472 prohiberi
1912 2406 2220 2470 mulierem,
2255 2407 2300 2462 si

729 2493 1012 2540 tonsuram
1049 2491 1408 2545 monasticam
1438 2494 1680 2563 elegerit.
1709 2493 1784 2548 Ea
1813 2496 1986 2564 enim,
2018 2498 2101 2550 vel
2131 2498 2302 2554 invito

731 2578 950 2644 marito,
985 2580 1032 2635 si
1094 2584 1258 2637 vitam
1289 2585 1394 2640 tori
1439 2597 1718 2659 expertem
1765 2589 2012 2660 eleeerit,
2043 2591 2301 2648 exaudie-

729 2678 838 2735 tur,
871 2682 924 2725 et
961 2673 1292 2730 tondebitur.

799 2848 1055 2904 ZONAR.
1102 2852 1329 2923 Magnus
1361 2854 1564 2913 Paulus
1607 2860 1672 2913 ad
1703 2858 2019 2918 Corinthios
2056 2865 2302 2921 scnbens

727 2942 882 3010 dicit,
927 2945 1156 3000 Maritus
1186 2957 1263 3001 est
1292 2950 1529 3005 mulieris
1565 2962 1744 3022 caput.
1784 2953 1899 3009 lloc
1928 2965 2108 3011 autem
2141 2960 2299 3023 dixit,

726 3040 985 3105 quoniam
1039 3042 1082 3093 is
1131 3042 1302 3110 ipsius
1351 3056 1541 3099 auctor
1571 3055 1624 3099 et
1667 3062 1832 3122 causa
1863 3060 1964 3117 cst,
1996 3061 2053 3104 ut
2084 3069 2206 3122 qua:
2235 3069 2300 3108 ex

725 3145 789 3182 eo
817 3128 961 3185 facta
992 3134 1084 3187 sit.
1112 3132 1186 3186 Ex
1219 3137 1387 3189 Adam
1418 3139 1561 3191 enim
1591 3138 1721 3195 Eva.
1756 3143 1820 3195 Et
1843 3153 1967 3212 post
2000 3147 2298 3202 nonnulla:

725 3222 784 3276 Si
832 3226 972 3276 enim
1032 3242 1134 3277 non
1173 3227 1370 3280 celetur
1399 3229 1609 3294 mulier,
1661 3235 1964 3292 tondeatur.
2010 3237 2068 3293 Si
2122 3252 2298 3294 autem

724 3322 875 3380 turpe
911 3324 988 3366 est
1021 3315 1229 3368 mulieri
1267 3316 1472 3371 tonderi
1508 3321 1586 3371 vel
1617 3321 1758 3385 radi,
1792 3322 2005 3377 celetur.
2044 3327 2105 3377 Ιιι
2139 3329 2301 3395 paulo

726 3415 850 3472 post
887 3421 899 3457 :
934 3403 1137 3458 Mulier
1189 3407 1235 3460 ιι
1287 3423 1493 3461 comam
1546 3413 1770 3475 nutriat,
1828 3413 2000 3481 gloria
2053 3424 2130 3468 est
2175 3417 2299 3484 ipsi.

721 3497 788 3550 Et
823 3498 938 3553 haec
988 3498 1205 3567 quidem
1258 3515 1489 3570 magnus
1518 3501 1741 3559 Paulus.
1821 3503 2147 3564 Eustathius
2201 3525 2301 3563 au-

721 3597 829 3641 tem
916 3581 1176 3644 mulieres
1241 3591 1460 3646 tonderi
1528 3592 1737 3659 docuit,
1835 3597 2063 3666 perinde
2133 3614 2196 3655 ac
2252 3601 2300 3656 si

722 3677 838 3747 ipsa
902 3686 1131 3733 tonsura
1166 3679 1232 3733 ad
1279 3682 1535 3751 pietatem
1578 3685 1861 3753 conferat;
1893 3696 1949 3742 et
2000 3704 2070 3744 ne
2104 3691 2300 3745 adver-

726 3781 822 3820 sus
877 3769 1100 3836 quidem
1156 3782 1408 3825 naturam
1469 3774 1638 3845 legem
1702 3775 1844 3832 ferre
1894 3794 2019 3834 eum
2081 3783 2297 3854 puduit.

718 3857 925 3914 Natura
959 3861 1104 3915 enim
1153 3878 1365 3918 comam
1417 3868 1742 3926 mulieribus
1772 3872 1906 3925 adeo
1947 3887 2072 3929 esse
2100 3890 2300 3932 conve-

721 3956 961 4010 nientem
994 3956 1165 4021 novit,
1203 3968 1258 4011 ιιι
1282 3972 1381 4012 nec
1399 3959 1478 4013 eis
1508 3963 2051 4031 unquam‘calvitium
2077 3978 2301 4023 natura-

722 4048 843 4100 liter
872 4048 1022 4101 insit.
1059 4046 1117 4103 Si
1147 4065 1275 4120 ergo
1306 4053 1600 4131 tondeatur
1627 4055 1847 4119 mulier,
1881 4067 1939 4110 ut
1963 4074 2087 4128 quae
2113 4075 2172 4115 se
2201 4062 2302 4116 ali-

720 4138 852 4209 quid
906 4139 1086 4195 l'acere
1117 4141 1416 4208 existimet,
1448 4143 1595 4212 quod
1625 4145 1734 4200 Deo
1765 4157 2050 4218 acceptum
2100 4152 2194 4218 sit,
2245 4161 2301 4209 ct

719 4229 1082 4300 subjectionis
1117 4232 1555 4289 recordationem
1590 4235 1745 4290 tollat
1777 4238 1864 4307 (et
1895 4239 1999 4294 hoc
2026 4243 2192 4296 etiam
2227 4257 2296 4298 ex

718 4323 964 4393 Epistola
1015 4327 1084 4381 ad
1113 4326 1433 4384 Corinthios
1474 4342 1754 4402 sumptum
1785 4343 1868 4389 est
1904 4349 1934 4388 a
1965 4337 2159 4406 synodi
2194 4336 2300 4392 Pa-

720 4417 922 4473 tribus.
970 4418 1113 4476 Dicit
1158 4422 1303 4476 enim
1357 4423 1469 4477 illic
1521 4423 1840 4494 ApOstolus,
1886 4427 2054 4483 Debet
2101 4430 2299 4483 mulier

721 4511 926 4568 habere
977 4522 1304 4584 poteStatetu
1354 4520 1409 4571 in
1459 4521 1662 4589 capite,
1716 4511 1948 4595 scilicet.
1979 4525 2288 4593 symbolum

2409 1949 2500 2003 δου
2523 1948 2794 2016 [Ιατράσι.
2820 1945 2982 2013 Λέγει
3001 1944 3107 2013 γὰρ
3133 1941 3628 2002 ὲκείόἈπόστολος
3669 1941 3751 1991 ὅτι
3777 1941 3999 2008 ὀφείλει

2411 2038 2615 2108 ήγυνὴ
2643 2037 2899 2103 ἐξουσίαν
2928 2036 3077 2105 ἔχειν
3120 2035 3215 2086 ἐπὶ
3261 2033 3364 2102 τῆς
3425 2032 3695 2101 κεφαλῆς,
3750 2033 3890 2102 ἦτοι
3946 2033 4000 2085 τὸ

2413 2130 2682 2200 σύμϐολον
2703 2128 2799 2197 τῆς
2834 2126 3137 2194 ὑποταγῆς,
3166 2124 3415 2177 τουτέστι
3455 2123 3515 2175 τὸ
3558 2122 4001 2190 κατακεκαλυμ-

2413 2223 2582 2294 μένην
2605 2222 2753 2290 έχειν
2781 2219 2881 2289 τὴν
2917 2216 3208 2286 κεφαλὴν),
3237 2215 3484 2283 ἀνάθεμα
3532 2214 3674 2265 ἔστω
3710 2216 3888 2282 αὐτῇ,
3929 2215 4000 2274 ὡς

2408 2311 2608 2380 λυούσῃ
2638 2309 2734 2364 καὶ
2791 2305 3208 2376 παραϐαινούσῃ
3232 2305 3293 2356 τὸ
3316 2304 3650 2374 πρόσταγμα
3694 2304 3802 2372 τῆς
3864 2304 4001 2354 ὑπο-

2408 2408 2605 2474 ταγῆς.
2639 2401 2860 2456 Τούτων
2889 2399 3063 2460 οὕτως
3105 2397 3358 2468 ἑχόντων,
3397 2397 3473 2464 μὴ
3529 2395 3688 2463 εἴπῃς
3770 2394 3846 2445 ὲκ
3908 2394 4000 2444 τοῦ

2409 2493 2677 2563 παρόντος
2705 2490 2930 2550 κανόνος
2969 2486 3279 2541 κωλύεσθαι
3306 2487 3410 2554 τὴν
3441 2487 3698 2553 γυναῖκα,
3725 2484 3830 2534 ἐὰν
3883 2485 4003 2534 ἐπι-

2406 2585 2640 2655 λὲγηται
2717 2580 3014 2652 μοναδικὴν
3077 2579 3404 2649 ἀπόκαρσιν.
3485 2575 3642 2643 Αὕτη
3708 2575 3852 2643 γὰρ,
3912 2578 4004 2626 καὶ

2406 2680 2634 2739 ἄκοντος
2664 2674 2759 2727 τοῦ
2791 2673 3002 2743 ἀνδρος,
3027 2670 3120 2724 τὸν
3165 2669 3344 2738 ἄζυγα
3397 2670 3512 2738 βίον
3559 2668 3999 2738 αίρετισαμένη,

2408 2765 2917 2836 είσακουσθήσεται,
2951 2765 3045 2815 καὶ
3068 2763 3510 2832 ἀποκαρήσεται.

2476 2855 2724 2910 ΖΩΝΑΡ.
2770 2855 2831 2907 'U
2860 2855 3032 2924 μέγας
3078 2852 3288 2914 Παῦλος
3354 2850 3667 2920 Κορινθίοις
3721 2851 4007 2904 “ἐπιστέλ-

2408 2947 2536 3014 λων,
2574 2945 2847 3015 Κεφαλὴ,
2890 2946 3047 3014 φησι,
3086 2943 3371 3013 γυναικὸς
3417 2946 3450 2996 ό
3503 2943 3687 3010 ἀνήρ.
3735 2944 3922 2995 Τοῦτο
3950 2944 4005 2994 δὲ

2408 3037 2584 3108 εἶπεν,
2607 3040 2689 3093 ὅτι
2728 3038 2898 3102 αἴτιος
2930 3037 3104 3108 αὐτῆς
3139 3039 3309 3099 ἐστιν,
3345 3035 3421 3098 ὼς
3460 3036 3518 3100 ἐξ
3583 3034 3755 3087 αὑτοῦ
3850 3053 4006 3103 γενο-

2413 3136 2603 3204 μένης.
2639 3134 2748 3186 Καὶ
2778 3131 2886 3202 γὰρ
2916 3134 2948 3199 ἠ
2985 3128 3104 3184 Εὔα
3137 3132 3202 3182 ὲκ
3235 3127 3329 3180 τοῦ
3399 3129 3588 3197 Ἀδάμ.
3653 3129 3768 3180 Καὶ
3863 3131 4003 3197 μετὰ

2406 3245 2568 3283 τι·.α⁶
2599 3230 2669 3281 El
2707 3228 2815 3295 γὰρ
2876 3227 2947 3280 οὐ
3002 3223 3454 3277 κατακαλύπται
3494 3219 3674 3289 γυνὴ,
3723 3220 3830 3272 καὶ
3883 3238 4005 3273 κει-

2396 3321 2629 3389 ράσθω).
2676 3323 2744 3374 El
2776 3317 2844 3370 δὲ
2887 3316 3149 3384 αἰσχρὸν
3197 3313 3434 3382 γυναικὶ
3467 3313 3533 3364 τό
3583 3314 3906 3378 κείρεσθαι
3967 3311 4002 3374 ἢ

2404 3412 2722 3480 ξυρᾶσθαι,
2771 3406 3348 3464 κατακαλυπτέσθω.
3409 3403 3523 3456 Καὶ
3599 3403 3723 3472 μεθ’
3771 3404 3949 3473 ἕτερα
3987 3419 4000 3430 ·

2402 3506 2600 3571 Γυνὴ,
2622 3505 2730 3557 ἐὰν
2760 3499 2940 3571 κομᾷ,
2973 3499 3123 3562 δόξα
3157 3496 3335 3565 αὐτῇ.
3384 3495 3570 3548 Ταῦτα
3620 3497 3725 3564 μὲν
3760 3499 3790 3547 ὁ
3829 3496 4006 3564 μέγας

2404 3599 2617 3660 Παῦλος
2651 3616 2666 3628 ·
2697 3596 2807 3649 όδὲ
2859 3590 3163 3654 eandem;
3217 3588 3503 3660 κείρεσθαι
3559 3588 3660 3648 τὰς
3727 3592 4004 3653 γυναῖκας

2402 3691 2707 3752 ἐδίδασκεν,
2730 3688 2804 3750 ὡς
2835 3686 2899 3757 δή
2934 3703 2988 3738 τι
3023 3684 3162 3755 πρὸς
3187 3680 3506 3734 θεοσέϐειαν
3533 3679 4004 3748 συμϐαλλομένου

2400 3779 2496 3833 τοῦ
2523 3781 2828 3849 κείρεσθαι,
2880 3779 2977 3830 καὶ
3007 3775 3130 3828 οὐδὲ
3191 3776 3260 3844 τῇ
3314 3772 3478 3840 φύσει
3541 3769 4003 3837 ἀντινομοθετιὲν

2401 3873 2898 3948 ᾑδεῖτο.Τοσοῦτον
2941 3871 3048 3940 γὰρ
3103 3869 3304 3921 οἰκεῖον
3357 3860 3495 3945 οἶδεν
3551 3865 3585 3933 ή
3645 3863 3816 3931 φύσις
3883 3866 4003 3923 ταῖς

2400 3969 2621 4040 γυναιξὶ
2655 3967 2752 4038 τὴν
2790 3966 2993 4035 κόμην,
3029 3966 3112 4017 ὅτι
3173 3961 3296 4014 οὑδὲ
3349 3958 3705 4028 φα>.ἀκρω;λα
3764 3959 4002 4016 ταύταις

2402 4065 2679 4133 ἐγγίνεται
2711 4059 2978 4131 φυσικῶς.
3009 4057 3075 4112 El.
3102 4055 3232 4124 γοῦν
3266 4053 3503 4124 κείροιτο
3540 4052 3706 4120 γυνὴ,
3741 4051 3823 4112 ὡς
3857 4052 4000 4118 τάχα

2399 4175 2453 4210 τι
2488 4155 2723 4209 δοκοῦσα
2779 4155 2956 4206 ποιεῖν
3011 4155 3149 4220 προς

2403 4248 2693 4318 περιαιρεῖ
2726 4244 2825 4315 τὴν
2859 4243 3170 4312 ὑπόμνησιν
3200 4241 3300 4309 τῆς
3337 4240 3618 4304 ὑποταγῆς
3657 4236 3782 4306 (καὶ
3839 4235 3936 4286 τοῦ
3954 4252 3998 4284 ξιο

2399 4344 2463 4394 ὲκ
2495 4343 2591 4410 τῆς
2615 4341 2750 4410 πρὸς
2780 4336 3104 4408 Κορινθίους
3157 4333 3276 4401 εἴιη
3292 4349 3414 4382 πται
3467 4333 3580 4391 τοῖς
3642 4329 3742 4396 τῆς
3775 4329 3997 4379 mydia,

2401 4436 2670 4504 Πλτράσι.
2709 4431 2873 4499 Λέγει
2922 4429 3082 4498 γᾶρό
3144 4426 3490 4486 Ἀπόατο).ο;,
3582 4424 3669 4474 ὅτι
3720 4423 3995 4488 ὀςρείλειή

2398 4525 2538 4596 γυνὴ
2564 4522 2811 4588 ἐξουσίαν
2837 4521 2982 4591 ἔχειν
3013 4519 3108 4572 ἐπὶ
3141 4518 3238 4588 τῆς
3271 4516 3536 4583 napi-F5,
3577 4515 3702 4583 ἦτοι
3755 4513 3821 4564 τὺ
3855 4515 3990 4580 σύμ-

3220 4147 3357 4201 Θεοῦ
3439 4147 3844 4215 εὐαρέστησιν,
3906 4146 4000 4195 καὶ

718 4603 1103 4674 subjectionis,
1154 4607 1206 4662 id
1245 4618 1351 4674 est,
1401 4618 1605 4666 tectum
1645 4614 1844 4667 habere
1880 4625 2070 4684 caput,
2108 4618 2292 4672 mariti

2404 4618 2557 4671 ϐολον
2598 4620 2697 4686 τῆς
2751 4614 3034 4683 ὑποταγῆς
3085 4612 3144 4664 τὸ
3201 4606 3789 4675 κατακεκαλυμμένην
3849 4606 3990 4672 ἔχειν

716 4704 1045 4764 potestatem
1083 4697 1245 4770 425
1282 4703 1622 4774 appellans),
1661 4707 1952 4760 anathema
1985 4709 2056 4761 sit
2089 4709 2192 4776 illi,
2230 4718 2291 4764 ut

716 4802 838 4856 qua:
881 4789 1057 4845 solvat
1116 4801 1170 4845 et
1240 4795 1674 4863 transgrediatur
1741 4798 2101 4868 subjectionis
2155 4817 2294 4870 prae-

715 4889 957 4951 ceptum.

713 4969 944 5027 AlllST.
1007 4992 1025 5024 ι
1091 4973 1442 5047 Qumcunque
1489 4980 1768 5046 mulieres,
1813 4983 2067 5050 pietatem
2119 4985 2288 5039 simu-

918 5083 936 5115 ι
983 5065 1178 5134 lantcs,
1219 5083 1404 5125 corllas
1437 5072 1693 5138 tondent,
1726 5079 2036 5130 anathema.
2065 5099 2082 5126 ο

791 5187 830 5217 ⁸⁸
864 5186 1034 5244 lCor.
1065 5204 1141 5253 XI,
1182 5191 1234 5244 6.
1316 5191 1359 5222 “
1396 5192 1530 5247 Ibid.
1563 5196 1649 5249 15.

2401 4711 2500 4781 τὴν
2537 4709 2782 4780 κεφαλὴν
2810 4705 3061 4772 ἐξουσίαν
3084 4703 3178 4755 τοῦ
3205 4702 3398 4771 ἀνδρὸς
3434 4699 3668 4766 καλῶν),
3735 4698 3990 4765 ἀνάθεμα

2402 4807 2544 4858 ἔστω
2574 4805 2732 4874 αὐτῇ,
2763 4803 2836 4863 ὡς
2873 4799 3076 4869 λυούσῃ
3104 4796 3199 4849 καὶ
3220 4790 3644 4863 παραϐαινούσῃ
3695 4789 3757 4842 τὸ
3827 4791 3991 4855 προσ-

2401 4915 2592 4964 ταγμα
2621 4897 2716 4964 τῆς
2750 4893 3054 4961 ὑποταγῆς.

2401 4987 2626 5040 ΑΡΙΣΤ.
2666 5004 2684 5036 ι
2729 4986 2890 5036 Ὅσαι
2930 4983 3187 5050 γυναῖκες
3217 4979 3313 5040 τὰς
3355 4975 3534 5044 κόμας
3564 4972 3839 5037 τίλλουσι,
3869 4971 3984 5022 Oso-

2644 5096 2663 5128 ι
2707 5073 3392 5145 σέϐειανὺποκρινόμεναι,
3425 5067 3707 5136 ἀνάθεμα.
3740 5086 3759 5118 ι

1950 5340 2138 5402 Guill.
2182 5343 2505 5421 Beveregii
2533 5348 2692 5404 nota
2711 5389 2724 5403 .

711 5466 818 5533 est.
850 5455 1377 5533 qu.t:_Z_onar:e_.__ln
1438 5476 1544 5531 qua
1597 5461 1699 5515 ista
1757 5463 1920 5516 verba
1966 5464 2109 5532 ὅτιή
2144 5463 2291 5533 κόμη

709 5527 829 5601 ἀντὶ
859 5526 1208 5601 ιτεριϐολαίου
1252 5526 1470 5584 δέδοταί
1501 5534 1664 5601 αὐτῇ,
1715 5535 1933 5586 ettamsi
1973 5534 2025 5588 in
2063 5526 2292 5588 Ζόιιειὶαξ

713 5597 1072 5671 peltoliis'hic
1105 5599 1388 5667 impressis
1419 5618 1528 5656 non
1573 5597 1810 5671 exstent,
1856 5613 2290 5658 exstant'tamt-n

711 5668 762 5718 in
822 5670 1259 5723 Amerhachtano
1319 5672 1483 5726 etiam
1550 5668 1803 5728 Zmara—
1842 5675 2031 5729 codice
2096 5691 2293 5728 manu-

709 5752 787 5790 sc:
804 5737 934 5804 iptn.

781 5809 888 5878 ῶς)
924 5811 1074 5864 Οίρδὲ
1105 5812 1473 5884 φαλάκρωμα
1499 5816 1738 5882 ταύταις
1771 5815 2089 5887 ἐγγίνεται.
2130 5817 2282 5874 Asse-

2393 5465 2465 5519 rit
2494 5465 2582 5517 hic
2617 5463 2909 5517 Balsamon
2943 5478 3070 5516 eum
3115 5462 3330 5516 Zonara
3385 5461 3676 5516 calvitium
3705 5463 3758 5517 in
3789 5462 3981 5518 mulie.

2392 5549 2480 5589 res
2505 5534 2832 5588 naturaliter
2857 5550 2962 5588 non
2989 5534 3272 5595 incidere;
3298 5534 3444 5601 quod
3470 5549 3602 5586 sane
3637 5549 3828 5586 rarum
3857 5549 3975 5588 esse

2391 5605 2511 5673 ipse
2539 5607 2702 5660 etiam
2751 5605 2962 5658 Plinius
3012 5605 3354 5665 observavit,
3408 5605 3625 5663 dicens.
3682 5604 3974 5672 Deﬁnitum

2389 5692 2567 5729 eorum
2603 5675 2882 5743 (crinium)
2932 5677 2984 5727 in
3031 5675 3248 5726 muliere
3286 5690 3493 5736 rarum,
3560 5676 3616 5726 in
3665 5677 3976 5740 spadonibus

2394 5763 2494 5797 ηυη
2516 5748 2701 5807 risum,
2730 5762 2821 5798 nec
2851 5746 2902 5796 in
2932 5744 3042 5796 nllo
3059 5756 3180 5798 ante
3223 5744 3432 5798 Veneris
3459 5761 3639 5799 usum.
3676 5747 3813 5800 l’itu.
3847 5751 3882 5797 Α
3901 5755 3972 5795 at.

2398 5816 2537 5872 Ilist.
2570 5819 2656 5871 lib.
2691 5833 2749 5881 tt,
2791 5828 2909 5887 cap.
2939 5815 3025 5869 31.
