  <div class='ocr_page' id='page_1' title='image "/cluster/home/n/w/nwhite01/storage/ocr_20150623/137/nnc1.0046979786/682.png"; bbox 0 0 4164 6426; ppageno 0'>
   <div class='ocr_carea' id='block_1_1' title="bbox 138 438 279 503">
    <p class='ocr_par' dir='ltr' id='par_1_1' title="bbox 138 438 279 503">
     <span class='ocr_line' id='line_1_1' title="bbox 138 438 279 503; baseline -0.007 -2"><span class='ocrx_word' id='word_1_1' title='bbox 138 438 279 503; x_wconf 73' lang='grc'><strong>1285</strong></span> 
     </span>
    </p>
   </div>
   <div class='ocr_carea' id='block_1_2' title="bbox 765 554 1139 610">
    <p class='ocr_par' dir='ltr' id='par_1_2' title="bbox 765 554 1139 610">
     <span class='ocr_line' id='line_1_2' title="bbox 765 554 1139 610; baseline 0.005 -2"><span class='ocrx_word' id='word_1_2' title='bbox 765 556 1001 609; x_wconf 67' lang='grc' dir='ltr'><strong>ΚΛΝΩΝ</strong></span> <span class='ocrx_word' id='word_1_3' title='bbox 1035 554 1139 610; x_wconf 82' lang='lat' dir='ltr'>III&#39;.</span> 
     </span>
    </p>
   </div>
   <div class='ocr_carea' id='block_1_3' title="bbox 140 647 1718 725">
    <p class='ocr_par' dir='ltr' id='par_1_3' title="bbox 140 647 1718 725">
     <span class='ocr_line' id='line_1_3' title="bbox 140 647 1718 725; baseline 0.006 -28"><span class='ocrx_word' id='word_1_4' title='bbox 140 664 160 697; x_wconf 73' lang='grc' dir='ltr'>ι</span> <span class='ocrx_word' id='word_1_5' title='bbox 209 647 276 700; x_wconf 69' lang='lat' dir='ltr'>EI</span> <span class='ocrx_word' id='word_1_6' title='bbox 299 664 384 710; x_wconf 91' lang='grc' dir='ltr'><strong>τις</strong></span> <span class='ocrx_word' id='word_1_7' title='bbox 420 647 508 700; x_wconf 78' lang='grc' dir='ltr'>διὰ</span> <span class='ocrx_word' id='word_1_8' title='bbox 546 649 912 718; x_wconf 79' lang='grc' dir='ltr'><strong>νομιζομένην</strong></span> <span class='ocrx_word' id='word_1_9' title='bbox 939 650 1176 719; x_wconf 80' lang='grc' dir='ltr'>ἄσκησιν</span> <span class='ocrx_word' id='word_1_10' title='bbox 1233 653 1291 705; x_wconf 80' lang='grc' dir='ltr'>ὲν</span> <span class='ocrx_word' id='word_1_11' title='bbox 1344 655 1409 722; x_wconf 79' lang='grc' dir='ltr'>τῇ</span> <span class='ocrx_word' id='word_1_12' title='bbox 1465 653 1718 725; x_wconf 81' lang='grc' dir='ltr'>Κυριακῇ</span> 
     </span>
    </p>
   </div>
   <div class='ocr_carea' id='block_1_4' title="bbox 497 746 1375 816">
    <p class='ocr_par' dir='ltr' id='par_1_4' title="bbox 497 746 1375 816">
     <span class='ocr_line' id='line_1_4' title="bbox 497 746 1375 816; baseline 0.005 -20"><span class='ocrx_word' id='word_1_13' title='bbox 497 764 515 796; x_wconf 78' lang='grc' dir='ltr'><strong>ι</strong></span> <span class='ocrx_word' id='word_1_14' title='bbox 547 746 842 815; x_wconf 72' lang='grc' dir='ltr'>νηστεύσῃ,</span> <span class='ocrx_word' id='word_1_15' title='bbox 871 747 1122 816; x_wconf 79' lang='grc' dir='ltr'>ἀνάθεμα</span> <span class='ocrx_word' id='word_1_16' title='bbox 1151 748 1310 802; x_wconf 77' lang='grc' dir='ltr'>ἔστω.</span> <span class='ocrx_word' id='word_1_17' title='bbox 1357 767 1375 800; x_wconf 74' lang='grc' dir='ltr'><strong>ι</strong></span> 
     </span>
    </p>
   </div>
   <div class='ocr_carea' id='block_1_5' title="bbox 215 835 1726 909">
    <p class='ocr_par' dir='ltr' id='par_1_5' title="bbox 215 835 1726 909">
     <span class='ocr_line' id='line_1_5' title="bbox 215 835 1726 909; baseline -0.001 -19"><span class='ocrx_word' id='word_1_18' title='bbox 215 835 414 890; x_wconf 78' lang='grc' dir='ltr'><strong>ΒΑΛΣ.</strong></span> <span class='ocrx_word' id='word_1_19' title='bbox 447 837 724 904; x_wconf 79' lang='grc' dir='ltr'>Πολλαγοῦ</span> <span class='ocrx_word' id='word_1_20' title='bbox 758 838 1144 891; x_wconf 75' lang='grc' dir='ltr'>κεκανὸνισται</span> <span class='ocrx_word' id='word_1_21' title='bbox 1183 838 1258 909; x_wconf 81' lang='grc' dir='ltr'>μὴ</span> <span class='ocrx_word' id='word_1_22' title='bbox 1318 839 1598 909; x_wconf 78' lang='grc' dir='ltr'>νηστεύειν</span> <span class='ocrx_word' id='word_1_23' title='bbox 1632 837 1726 892; x_wconf 79' lang='grc' dir='ltr'><strong>καὶ</strong></span> 
     </span>
    </p>
   </div>
   <div class='ocr_carea' id='block_1_6' title="bbox 141 927 1727 1003">
    <p class='ocr_par' dir='ltr' id='par_1_6' title="bbox 141 927 1727 1003">
     <span class='ocr_line' id='line_1_6' title="bbox 141 927 1727 1003; baseline 0.003 -24"><span class='ocrx_word' id='word_1_24' title='bbox 141 927 576 999; x_wconf 74' lang='grc' dir='ltr'><strong>σκυθρωπάζειν</strong></span> <span class='ocrx_word' id='word_1_25' title='bbox 605 931 752 998; x_wconf 78' lang='grc' dir='ltr'>ἡμᾶς</span> <span class='ocrx_word' id='word_1_26' title='bbox 790 930 930 983; x_wconf 81' lang='grc' dir='ltr'>κατὰ</span> <span class='ocrx_word' id='word_1_27' title='bbox 969 931 1070 1001; x_wconf 76' lang='grc' dir='ltr'>τὴν</span> <span class='ocrx_word' id='word_1_28' title='bbox 1103 933 1447 1002; x_wconf 86' lang='grc' dir='ltr'>χαρμόσυνον</span> <span class='ocrx_word' id='word_1_29' title='bbox 1513 931 1727 1003; x_wconf 75' lang='grc' dir='ltr'>ἡμέραν</span> 
     </span>
    </p>
   </div>
   <div class='ocr_carea' id='block_1_7' title="bbox 138 1021 1726 1094">
    <p class='ocr_par' dir='ltr' id='par_1_7' title="bbox 138 1021 1726 1094">
     <span class='ocr_line' id='line_1_7' title="bbox 138 1021 1726 1094; baseline 0.004 -22"><span class='ocrx_word' id='word_1_30' title='bbox 138 1021 241 1088; x_wconf 78' lang='grc' dir='ltr'>τῆς</span> <span class='ocrx_word' id='word_1_31' title='bbox 271 1021 562 1090; x_wconf 82' lang='grc' dir='ltr'>Κυριακῆς</span> <span class='ocrx_word' id='word_1_32' title='bbox 594 1021 682 1074; x_wconf 69' lang='grc' dir='ltr'>διὰ</span> <span class='ocrx_word' id='word_1_33' title='bbox 708 1025 806 1089; x_wconf 78' lang='grc' dir='ltr'><strong>τὴν</strong></span> <span class='ocrx_word' id='word_1_34' title='bbox 857 1021 1079 1092; x_wconf 76' lang='grc' dir='ltr'>ἔγερσιν</span> <span class='ocrx_word' id='word_1_35' title='bbox 1124 1023 1218 1076; x_wconf 80' lang='grc' dir='ltr'>τοῦ</span> <span class='ocrx_word' id='word_1_36' title='bbox 1282 1024 1512 1094; x_wconf 86' lang='grc' dir='ltr'>Κυρίου,</span> <span class='ocrx_word' id='word_1_37' title='bbox 1590 1025 1726 1078; x_wconf 64' lang='grc' dir='ltr'>ἀλλὰ</span> 
     </span>
    </p>
   </div>
   <div class='ocr_carea' id='block_1_8' title="bbox 140 1114 1728 1186">
    <p class='ocr_par' dir='ltr' id='par_1_8' title="bbox 140 1114 1728 1186">
     <span class='ocr_line' id='line_1_8' title="bbox 140 1114 1728 1186; baseline 0.002 -21"><span class='ocrx_word' id='word_1_38' title='bbox 140 1114 546 1184; x_wconf 72' lang='grc' dir='ltr'>πανηγυρίζειν</span> <span class='ocrx_word' id='word_1_39' title='bbox 571 1117 664 1166; x_wconf 84' lang='grc' dir='ltr'>καὶ</span> <span class='ocrx_word' id='word_1_40' title='bbox 704 1116 1048 1185; x_wconf 63' lang='grc' dir='ltr'>εὐχαριστεῖν</span> <span class='ocrx_word' id='word_1_41' title='bbox 1079 1115 1156 1186; x_wconf 78' lang='grc' dir='ltr'><strong>τῷ</strong></span> <span class='ocrx_word' id='word_1_42' title='bbox 1183 1116 1322 1184; x_wconf 84' lang='grc' dir='ltr'>Θεῷ,</span> <span class='ocrx_word' id='word_1_43' title='bbox 1348 1117 1423 1180; x_wconf 88' lang='grc' dir='ltr'><strong>ώς</strong></span> <span class='ocrx_word' id='word_1_44' title='bbox 1454 1117 1728 1171; x_wconf 79' lang='grc' dir='ltr'>ἀναστάν-</span> 
     </span>
    </p>
   </div>
   <div class='ocr_carea' id='block_1_9' title="bbox 141 1204 1729 1276">
    <p class='ocr_par' dir='ltr' id='par_1_9' title="bbox 141 1204 1729 1276">
     <span class='ocr_line' id='line_1_9' title="bbox 141 1204 1729 1276; baseline 0.001 -20"><span class='ocrx_word' id='word_1_45' title='bbox 141 1222 244 1267; x_wconf 89' lang='grc' dir='ltr'><strong>τας</strong></span> <span class='ocrx_word' id='word_1_46' title='bbox 275 1207 338 1257; x_wconf 83' lang='grc' dir='ltr'>ὲκ</span> <span class='ocrx_word' id='word_1_47' title='bbox 373 1204 465 1257; x_wconf 78' lang='grc' dir='ltr'>τοῦ</span> <span class='ocrx_word' id='word_1_48' title='bbox 495 1204 790 1274; x_wconf 80' lang='grc' dir='ltr'><strong>πτώματος</strong></span> <span class='ocrx_word' id='word_1_49' title='bbox 813 1208 907 1274; x_wconf 80' lang='grc' dir='ltr'><strong>τῆς</strong></span> <span class='ocrx_word' id='word_1_50' title='bbox 946 1206 1241 1276; x_wconf 78' lang='grc' dir='ltr'>ἁμαρτίας.</span> <span class='ocrx_word' id='word_1_51' title='bbox 1296 1208 1434 1269; x_wconf 82' lang='grc' dir='ltr'>Τοὺς</span> <span class='ocrx_word' id='word_1_52' title='bbox 1485 1207 1616 1276; x_wconf 76' lang='grc' dir='ltr'>γοῦν</span> <span class='ocrx_word' id='word_1_53' title='bbox 1640 1207 1729 1259; x_wconf 69' lang='grc' dir='ltr'>τὸν</span> 
     </span>
    </p>
   </div>
   <div class='ocr_carea' id='block_1_10' title="bbox 143 1297 1732 1370">
    <p class='ocr_par' dir='ltr' id='par_1_10' title="bbox 143 1297 1732 1370">
     <span class='ocr_line' id='line_1_10' title="bbox 143 1297 1732 1370; baseline 0.001 -19"><span class='ocrx_word' id='word_1_54' title='bbox 143 1297 456 1351; x_wconf 72' lang='grc' dir='ltr'>Εὑστάθιον</span> <span class='ocrx_word' id='word_1_55' title='bbox 480 1298 836 1359; x_wconf 71' lang='grc' dir='ltr'>διδάσκοντας</span> <span class='ocrx_word' id='word_1_56' title='bbox 886 1298 1171 1368; x_wconf 82' lang='grc' dir='ltr'>νηστεύειν</span> <span class='ocrx_word' id='word_1_57' title='bbox 1229 1301 1286 1354; x_wconf 78' lang='grc' dir='ltr'>ἐν</span> <span class='ocrx_word' id='word_1_58' title='bbox 1337 1302 1458 1362; x_wconf 78' lang='grc' dir='ltr'>ταῖς</span> <span class='ocrx_word' id='word_1_59' title='bbox 1523 1302 1732 1370; x_wconf 87' lang='grc' dir='ltr'>Κυρια-</span> 
     </span>
    </p>
   </div>
   <div class='ocr_carea' id='block_1_11' title="bbox 142 1389 1730 1460">
    <p class='ocr_par' dir='ltr' id='par_1_11' title="bbox 142 1389 1730 1460">
     <span class='ocr_line' id='line_1_11' title="bbox 142 1389 1730 1460; baseline 0.002 -18"><span class='ocrx_word' id='word_1_60' title='bbox 142 1391 274 1451; x_wconf 68' lang='grc' dir='ltr'>καῖς</span> <span class='ocrx_word' id='word_1_61' title='bbox 303 1390 390 1443; x_wconf 76' lang='grc' dir='ltr'>διὰ</span> <span class='ocrx_word' id='word_1_62' title='bbox 416 1389 651 1458; x_wconf 81' lang='grc' dir='ltr'>ἄσκησιν</span> <span class='ocrx_word' id='word_1_63' title='bbox 678 1391 862 1458; x_wconf 84' lang='grc' dir='ltr'>δῆθεν,</span> <span class='ocrx_word' id='word_1_64' title='bbox 907 1391 1297 1460; x_wconf 77' lang='grc' dir='ltr'>ἀναθεματίζει</span> <span class='ocrx_word' id='word_1_65' title='bbox 1362 1394 1390 1444; x_wconf 88' lang='grc' dir='ltr'>ὁ</span> <span class='ocrx_word' id='word_1_66' title='bbox 1428 1390 1630 1445; x_wconf 88' lang='grc' dir='ltr'>κανών.</span> <span class='ocrx_word' id='word_1_67' title='bbox 1672 1391 1730 1444; x_wconf 85' lang='grc' dir='ltr'><strong>Ὀ</strong></span> 
     </span>
    </p>
   </div>
   <div class='ocr_carea' id='block_1_12' title="bbox 143 1480 1732 1553">
    <p class='ocr_par' dir='ltr' id='par_1_12' title="bbox 143 1480 1732 1553">
     <span class='ocr_line' id='line_1_12' title="bbox 143 1480 1732 1553; baseline 0.001 -19"><span class='ocrx_word' id='word_1_68' title='bbox 143 1482 204 1534; x_wconf 80' lang='grc' dir='ltr'>δὲ</span> <span class='ocrx_word' id='word_1_69' title='bbox 233 1480 306 1544; x_wconf 80' lang='grc' dir='ltr'>ξδ’</span> <span class='ocrx_word' id='word_1_70' title='bbox 334 1482 696 1545; x_wconf 75' lang='grc' dir='ltr'>ἀποστο).ικὺ.ι</span> <span class='ocrx_word' id='word_1_71' title='bbox 721 1482 904 1535; x_wconf 81' lang='grc' dir='ltr'>κανὼν</span> <span class='ocrx_word' id='word_1_72' title='bbox 935 1483 1189 1553; x_wconf 73' lang='grc' dir='ltr'>ἀφορίζει</span> <span class='ocrx_word' id='word_1_73' title='bbox 1250 1485 1377 1547; x_wconf 73' lang='grc' dir='ltr'>τοὺς</span> <span class='ocrx_word' id='word_1_74' title='bbox 1436 1483 1579 1536; x_wconf 80' lang='grc' dir='ltr'>οὕτω</span> <span class='ocrx_word' id='word_1_75' title='bbox 1629 1501 1732 1551; x_wconf 88' lang='grc' dir='ltr'>νη-</span> 
     </span>
    </p>
   </div>
   <div class='ocr_carea' id='block_1_13' title="bbox 144 1572 1733 1645">
    <p class='ocr_par' dir='ltr' id='par_1_13' title="bbox 144 1572 1733 1645">
     <span class='ocr_line' id='line_1_13' title="bbox 144 1572 1733 1645; baseline 0.001 -21"><span class='ocrx_word' id='word_1_76' title='bbox 144 1573 440 1635; x_wconf 86' lang='grc' dir='ltr'>στεύοντας</span> <span class='ocrx_word' id='word_1_77' title='bbox 471 1572 717 1637; x_wconf 77' lang='grc' dir='ltr'>λαῖκοὺς,</span> <span class='ocrx_word' id='word_1_78' title='bbox 744 1574 931 1638; x_wconf 81' lang='grc' dir='ltr'>ὥσπερ</span> <span class='ocrx_word' id='word_1_79' title='bbox 973 1577 1066 1627; x_wconf 77' lang='grc' dir='ltr'>καὶ</span> <span class='ocrx_word' id='word_1_80' title='bbox 1094 1577 1220 1631; x_wconf 71' lang='grc' dir='ltr'>τοὺς</span> <span class='ocrx_word' id='word_1_81' title='bbox 1248 1576 1550 1645; x_wconf 75' lang='grc' dir='ltr'>κληρικοῦς</span> <span class='ocrx_word' id='word_1_82' title='bbox 1596 1574 1733 1627; x_wconf 85' lang='grc' dir='ltr'>καθ-</span> 
     </span>
    </p>
   </div>
   <div class='ocr_carea' id='block_1_14' title="bbox 142 1663 1735 1737">
    <p class='ocr_par' dir='ltr' id='par_1_14' title="bbox 142 1663 1735 1737">
     <span class='ocr_line' id='line_1_14' title="bbox 142 1663 1735 1737; baseline 0 -21"><span class='ocrx_word' id='word_1_83' title='bbox 142 1667 316 1733; x_wconf 80' lang='grc' dir='ltr'>αιρεῖ.</span> <span class='ocrx_word' id='word_1_84' title='bbox 375 1665 534 1735; x_wconf 80' lang='grc' dir='ltr'>Ζήτει</span> <span class='ocrx_word' id='word_1_85' title='bbox 560 1667 652 1717; x_wconf 75' lang='grc' dir='ltr'><strong>καὶ</strong></span> <span class='ocrx_word' id='word_1_86' title='bbox 682 1665 773 1716; x_wconf 67' lang='grc' dir='ltr'><strong>τὸν</strong></span> <span class='ocrx_word' id='word_1_87' title='bbox 804 1663 875 1717; x_wconf 86' lang='grc' dir='ltr'>νε¹</span> <span class='ocrx_word' id='word_1_88' title='bbox 916 1665 1118 1720; x_wconf 75' lang='grc' dir='ltr'>κανόνα</span> <span class='ocrx_word' id='word_1_89' title='bbox 1147 1667 1247 1735; x_wconf 78' lang='grc' dir='ltr'>τῆς</span> <span class='ocrx_word' id='word_1_90' title='bbox 1294 1667 1351 1720; x_wconf 78' lang='grc' dir='ltr'>ἐν</span> <span class='ocrx_word' id='word_1_91' title='bbox 1377 1668 1453 1736; x_wconf 77' lang='grc' dir='ltr'><strong>τῷ</strong></span> <span class='ocrx_word' id='word_1_92' title='bbox 1475 1664 1735 1737; x_wconf 84' lang='grc' dir='ltr'>Τρούλλῳ</span> 
     </span>
    </p>
   </div>
   <div class='ocr_carea' id='block_1_15' title="bbox 147 1755 404 1811">
    <p class='ocr_par' dir='ltr' id='par_1_15' title="bbox 147 1755 404 1811">
     <span class='ocr_line' id='line_1_15' title="bbox 147 1755 404 1811; baseline -0.004 -4"><span class='ocrx_word' id='word_1_93' title='bbox 147 1755 404 1811; x_wconf 74' lang='grc' dir='ltr'>συνόδου.</span> 
     </span>
    </p>
   </div>
   <div class='ocr_carea' id='block_1_16' title="bbox 223 1845 1739 1919">
    <p class='ocr_par' dir='ltr' id='par_1_16' title="bbox 223 1845 1739 1919">
     <span class='ocr_line' id='line_1_16' title="bbox 223 1845 1739 1919; baseline 0.004 -23"><span class='ocrx_word' id='word_1_94' title='bbox 223 1845 466 1899; x_wconf 84' lang='grc' dir='ltr'><strong>ΖΩΝΑΡ.</strong></span> <span class='ocrx_word' id='word_1_95' title='bbox 512 1845 620 1897; x_wconf 73' lang='grc' dir='ltr'>Καὶ</span> <span class='ocrx_word' id='word_1_96' title='bbox 643 1845 700 1898; x_wconf 80' lang='grc' dir='ltr'>ὲν</span> <span class='ocrx_word' id='word_1_97' title='bbox 734 1848 853 1908; x_wconf 86' lang='grc' dir='ltr'>ταῖς</span> <span class='ocrx_word' id='word_1_98' title='bbox 887 1849 1202 1916; x_wconf 81' lang='grc' dir='ltr'>Κυριακαϊς</span> <span class='ocrx_word' id='word_1_99' title='bbox 1223 1850 1480 1919; x_wconf 85' lang='grc' dir='ltr'>νηστείαν</span> <span class='ocrx_word' id='word_1_100' title='bbox 1504 1849 1739 1919; x_wconf 78' lang='grc' dir='ltr'>ἐκήρυτ-</span> 
     </span>
    </p>
   </div>
   <div class='ocr_carea' id='block_1_17' title="bbox 1208 447 2248 519">
    <p class='ocr_par' dir='ltr' id='par_1_17' title="bbox 1208 447 2248 519">
     <span class='ocr_line' id='line_1_17' title="bbox 1208 447 2248 519; baseline 0.013 -14"><span class='ocrx_word' id='word_1_101' title='bbox 1208 447 1288 508; x_wconf 86' lang='lat' dir='ltr'>IN</span> <span class='ocrx_word' id='word_1_102' title='bbox 1320 447 1485 508; x_wconf 75' lang='lat' dir='ltr'><strong>CAN.</strong></span> <span class='ocrx_word' id='word_1_103' title='bbox 1540 449 1678 509; x_wconf 76' lang='lat' dir='ltr'><strong>XIX</strong></span> <span class='ocrx_word' id='word_1_104' title='bbox 1713 451 1924 514; x_wconf 86' lang='lat' dir='ltr'><strong>CONC.</strong></span> <span class='ocrx_word' id='word_1_105' title='bbox 1959 456 2248 519; x_wconf 78' lang='lat' dir='ltr'><strong>GANGR.</strong></span> 
     </span>
    </p>
   </div>
   <div class='ocr_carea' id='block_1_18' title="bbox 3250 457 3386 522">
    <p class='ocr_par' dir='ltr' id='par_1_18' title="bbox 3250 457 3386 522">
     <span class='ocr_line' id='line_1_18' title="bbox 3250 457 3386 522; baseline -0.007 0"><span class='ocrx_word' id='word_1_106' title='bbox 3250 457 3386 522; x_wconf 72' lang='lat'><strong>1260</strong></span> 
     </span>
    </p>
   </div>
   <div class='ocr_carea' id='block_1_19' title="bbox 2389 568 2839 628">
    <p class='ocr_par' dir='ltr' id='par_1_19' title="bbox 2389 568 2839 628">
     <span class='ocr_line' id='line_1_19' title="bbox 2389 568 2839 628; baseline 0.013 -6"><span class='ocrx_word' id='word_1_107' title='bbox 2389 568 2617 623; x_wconf 72' lang='lat' dir='ltr'><strong>CANON</strong></span> <span class='ocrx_word' id='word_1_108' title='bbox 2652 568 2839 628; x_wconf 74' lang='lat' dir='ltr'>XVIII.</span> 
     </span>
    </p>
   </div>
   <div class='ocr_carea' id='block_1_20' title="bbox 1834 656 3395 728">
    <p class='ocr_par' dir='ltr' id='par_1_20' title="bbox 1834 656 3395 728">
     <span class='ocr_line' id='line_1_20' title="bbox 1834 656 3395 728; baseline 0.004 -20"><span class='ocrx_word' id='word_1_109' title='bbox 1834 675 1851 708; x_wconf 75' lang='grc' dir='ltr'><strong>ι</strong></span> <span class='ocrx_word' id='word_1_110' title='bbox 1889 656 1944 712; x_wconf 88' lang='lat' dir='ltr'><strong>Si</strong></span> <span class='ocrx_word' id='word_1_111' title='bbox 1979 659 2099 726; x_wconf 88' lang='lat' dir='ltr'><strong>quis</strong></span> <span class='ocrx_word' id='word_1_112' title='bbox 2137 666 2354 728; x_wconf 86' lang='lat' dir='ltr'><strong>propter</strong></span> <span class='ocrx_word' id='word_1_113' title='bbox 2381 674 2521 724; x_wconf 90' lang='lat' dir='ltr'><strong>cam,</strong></span> <span class='ocrx_word' id='word_1_114' title='bbox 2567 675 2688 728; x_wconf 68' lang='lat' dir='ltr'><strong>quae</strong></span> <span class='ocrx_word' id='word_1_115' title='bbox 2724 661 3091 727; x_wconf 72' lang='lat' dir='ltr'><strong>existimatur,</strong></span> <span class='ocrx_word' id='word_1_116' title='bbox 3137 671 3395 717; x_wconf 70' lang='lat' dir='ltr'><strong>exercrta-</strong></span> 
     </span>
    </p>
   </div>
   <div class='ocr_carea' id='block_1_21' title="bbox 1904 739 3326 823">
    <p class='ocr_par' dir='ltr' id='par_1_21' title="bbox 1904 739 3326 823">
     <span class='ocr_line' id='line_1_21' title="bbox 1904 739 3326 823; baseline 0.005 -21"><span class='ocrx_word' id='word_1_117' title='bbox 1904 769 1922 802; x_wconf 77' lang='grc' dir='ltr'><strong>ι</strong></span> <span class='ocrx_word' id='word_1_118' title='bbox 1963 739 2159 806; x_wconf 85' lang='lat' dir='ltr'><strong>tionem</strong></span> <span class='ocrx_word' id='word_1_119' title='bbox 2193 751 2244 803; x_wconf 94' lang='lat' dir='ltr'><strong>in</strong></span> <span class='ocrx_word' id='word_1_120' title='bbox 2279 750 2561 807; x_wconf 86' lang='lat' dir='ltr'><strong>Dominico</strong></span> <span class='ocrx_word' id='word_1_121' title='bbox 2586 754 2821 823; x_wconf 87' lang='lat' dir='ltr'><strong>jejunet,</strong></span> <span class='ocrx_word' id='word_1_122' title='bbox 2856 756 2925 810; x_wconf 91' lang='lat' dir='ltr'><strong>sit</strong></span> <span class='ocrx_word' id='word_1_123' title='bbox 2957 755 3270 810; x_wconf 75' lang='lat' dir='ltr'><strong>anathema.</strong></span> <span class='ocrx_word' id='word_1_124' title='bbox 3307 773 3326 800; x_wconf 72' lang='grc' dir='ltr'><strong>ι</strong></span> 
     </span>
    </p>
   </div>
   <div class='ocr_carea' id='block_1_22' title="bbox 1900 843 3378 916">
    <p class='ocr_par' dir='ltr' id='par_1_22' title="bbox 1900 843 3378 916">
     <span class='ocr_line' id='line_1_22' title="bbox 1900 843 3378 916; baseline 0.003 -20"><span class='ocrx_word' id='word_1_125' title='bbox 1900 843 2095 898; x_wconf 80' lang='lat' dir='ltr'><strong>BALS.</strong></span> <span class='ocrx_word' id='word_1_126' title='bbox 2148 843 2331 901; x_wconf 83' lang='lat' dir='ltr'><strong>Multis</strong></span> <span class='ocrx_word' id='word_1_127' title='bbox 2372 846 2676 901; x_wconf 73' lang='lat' dir='ltr'><strong>crnonibus</strong></span> <span class='ocrx_word' id='word_1_128' title='bbox 2709 854 2930 900; x_wconf 90' lang='lat' dir='ltr'><strong>cautum</strong></span> <span class='ocrx_word' id='word_1_129' title='bbox 2959 857 3066 912; x_wconf 89' lang='lat' dir='ltr'><strong>est,</strong></span> <span class='ocrx_word' id='word_1_130' title='bbox 3099 863 3168 901; x_wconf 92' lang='lat' dir='ltr'><strong>ne</strong></span> <span class='ocrx_word' id='word_1_131' title='bbox 3191 846 3378 916; x_wconf 83' lang='lat' dir='ltr'><strong>jejune</strong></span> 
     </span>
    </p>
   </div>
   <div class='ocr_carea' id='block_1_23' title="bbox 1832 937 3403 1009">
    <p class='ocr_par' dir='ltr' id='par_1_23' title="bbox 1832 937 3403 1009">
     <span class='ocr_line' id='line_1_23' title="bbox 1832 937 3403 1009; baseline 0 -19"><span class='ocrx_word' id='word_1_132' title='bbox 1832 953 1976 1000; x_wconf 90' lang='lat' dir='ltr'><strong>mus,</strong></span> <span class='ocrx_word' id='word_1_133' title='bbox 2013 946 2066 990; x_wconf 90' lang='lat' dir='ltr'><strong>ct</strong></span> <span class='ocrx_word' id='word_1_134' title='bbox 2097 938 2380 993; x_wconf 71' lang='lat' dir='ltr'><strong>tristitiam</strong></span> <span class='ocrx_word' id='word_1_135' title='bbox 2424 955 2533 1009; x_wconf 70' lang='lat' dir='ltr'><strong>pra:</strong></span> <span class='ocrx_word' id='word_1_136' title='bbox 2563 940 2724 995; x_wconf 86' lang='lat' dir='ltr'><strong>nobis</strong></span> <span class='ocrx_word' id='word_1_137' title='bbox 2769 937 3028 1000; x_wconf 86' lang='lat' dir='ltr'><strong>feramus,</strong></span> <span class='ocrx_word' id='word_1_138' title='bbox 3065 939 3119 993; x_wconf 89' lang='lat' dir='ltr'><strong>in</strong></span> <span class='ocrx_word' id='word_1_139' title='bbox 3167 938 3307 994; x_wconf 87' lang='lat' dir='ltr'><strong>festo</strong></span> <span class='ocrx_word' id='word_1_140' title='bbox 3329 953 3403 1004; x_wconf 48' lang='lat' dir='ltr'><strong>.ac</strong></span> 
     </span>
    </p>
   </div>
   <div class='ocr_carea' id='block_1_24' title="bbox 1833 1029 3406 1101">
    <p class='ocr_par' dir='ltr' id='par_1_24' title="bbox 1833 1029 3406 1101">
     <span class='ocr_line' id='line_1_24' title="bbox 1833 1029 3406 1101; baseline 0 -21"><span class='ocrx_word' id='word_1_141' title='bbox 1833 1029 1951 1084; x_wconf 78' lang='lat' dir='ltr'><strong>la-to</strong></span> <span class='ocrx_word' id='word_1_142' title='bbox 2018 1031 2106 1085; x_wconf 88' lang='lat' dir='ltr'><strong>die</strong></span> <span class='ocrx_word' id='word_1_143' title='bbox 2149 1030 2452 1094; x_wconf 84' lang='lat' dir='ltr'><strong>Dominico.</strong></span> <span class='ocrx_word' id='word_1_144' title='bbox 2513 1042 2732 1101; x_wconf 87' lang='lat' dir='ltr'><strong>propter</strong></span> <span class='ocrx_word' id='word_1_145' title='bbox 2794 1030 3006 1086; x_wconf 82' lang='lat' dir='ltr'><strong>Domini</strong></span> <span class='ocrx_word' id='word_1_146' title='bbox 3039 1029 3406 1085; x_wconf 86' lang='lat' dir='ltr'><strong>resurrectio-</strong></span> 
     </span>
    </p>
   </div>
   <div class='ocr_carea' id='block_1_25' title="bbox 1834 1122 3405 1192">
    <p class='ocr_par' dir='ltr' id='par_1_25' title="bbox 1834 1122 3405 1192">
     <span class='ocr_line' id='line_1_25' title="bbox 1834 1122 3405 1192; baseline -0.002 -17"><span class='ocrx_word' id='word_1_147' title='bbox 1834 1138 1994 1186; x_wconf 88' lang='lat' dir='ltr'><strong>nem;</strong></span> <span class='ocrx_word' id='word_1_148' title='bbox 2037 1123 2130 1176; x_wconf 87' lang='lat' dir='ltr'><strong>sed</strong></span> <span class='ocrx_word' id='word_1_149' title='bbox 2177 1123 2538 1186; x_wconf 87' lang='lat' dir='ltr'><strong>celebremus,</strong></span> <span class='ocrx_word' id='word_1_150' title='bbox 2597 1133 2647 1177; x_wconf 92' lang='lat' dir='ltr'><strong>et</strong></span> <span class='ocrx_word' id='word_1_151' title='bbox 2680 1124 2788 1178; x_wconf 87' lang='lat' dir='ltr'><strong>Deo</strong></span> <span class='ocrx_word' id='word_1_152' title='bbox 2819 1122 3025 1192; x_wconf 76' lang='lat' dir='ltr'><strong>gratias</strong></span> <span class='ocrx_word' id='word_1_153' title='bbox 3067 1135 3314 1191; x_wconf 90' lang='lat' dir='ltr'><strong>agamus,</strong></span> <span class='ocrx_word' id='word_1_154' title='bbox 3345 1128 3405 1173; x_wconf 91' lang='lat' dir='ltr'><strong>ut</strong></span> 
     </span>
    </p>
   </div>
   <div class='ocr_carea' id='block_1_26' title="bbox 1833 1213 3410 1282">
    <p class='ocr_par' dir='ltr' id='par_1_26' title="bbox 1833 1213 3410 1282">
     <span class='ocr_line' id='line_1_26' title="bbox 1833 1213 3410 1282; baseline 0.002 -18"><span class='ocrx_word' id='word_1_155' title='bbox 1833 1213 1924 1280; x_wconf 90' lang='lat' dir='ltr'><strong>qui</strong></span> <span class='ocrx_word' id='word_1_156' title='bbox 1976 1228 2042 1265; x_wconf 85' lang='lat' dir='ltr'><strong>ex</strong></span> <span class='ocrx_word' id='word_1_157' title='bbox 2099 1215 2300 1282; x_wconf 88' lang='lat' dir='ltr'><strong>peccati</strong></span> <span class='ocrx_word' id='word_1_158' title='bbox 2330 1215 2482 1282; x_wconf 89' lang='lat' dir='ltr'><strong>lapsu</strong></span> <span class='ocrx_word' id='word_1_159' title='bbox 2529 1216 2960 1280; x_wconf 77' lang='lat' dir='ltr'><strong>surrexerimus.</strong></span> <span class='ocrx_word' id='word_1_160' title='bbox 3013 1213 3410 1267; x_wconf 87' lang='lat' dir='ltr'><strong>Eustathianos</strong></span> 
     </span>
    </p>
   </div>
   <div class='ocr_carea' id='block_1_27' title="bbox 1833 1299 3409 1371">
    <p class='ocr_par' dir='ltr' id='par_1_27' title="bbox 1833 1299 3409 1371">
     <span class='ocr_line' id='line_1_27' title="bbox 1833 1299 3409 1371; baseline 0.003 -20"><span class='ocrx_word' id='word_1_161' title='bbox 1833 1313 1982 1368; x_wconf 89' lang='lat' dir='ltr'><strong>ergo,</strong></span> <span class='ocrx_word' id='word_1_162' title='bbox 2033 1299 2288 1356; x_wconf 84' lang='lat' dir='ltr'><strong>docentes</strong></span> <span class='ocrx_word' id='word_1_163' title='bbox 2337 1317 2460 1356; x_wconf 86' lang='lat' dir='ltr'><strong>esse</strong></span> <span class='ocrx_word' id='word_1_164' title='bbox 2503 1304 2555 1355; x_wconf 90' lang='lat' dir='ltr'><strong>in</strong></span> <span class='ocrx_word' id='word_1_165' title='bbox 2584 1301 2776 1356; x_wconf 87' lang='lat' dir='ltr'><strong>diebus</strong></span> <span class='ocrx_word' id='word_1_166' title='bbox 2823 1301 3126 1356; x_wconf 81' lang='lat' dir='ltr'><strong>Dominicis</strong></span> <span class='ocrx_word' id='word_1_167' title='bbox 3156 1301 3409 1371; x_wconf 87' lang='lat' dir='ltr'><strong>jejunan-</strong></span> 
     </span>
    </p>
   </div>
   <div class='ocr_carea' id='block_1_28' title="bbox 1835 1390 3410 1461">
    <p class='ocr_par' dir='ltr' id='par_1_28' title="bbox 1835 1390 3410 1461">
     <span class='ocr_line' id='line_1_28' title="bbox 1835 1390 3410 1461; baseline 0.003 -19"><span class='ocrx_word' id='word_1_168' title='bbox 1835 1390 1986 1454; x_wconf 91' lang='lat' dir='ltr'><strong>dum,</strong></span> <span class='ocrx_word' id='word_1_169' title='bbox 2034 1403 2257 1461; x_wconf 82' lang='lat' dir='ltr'><strong>propter</strong></span> <span class='ocrx_word' id='word_1_170' title='bbox 2305 1395 2750 1448; x_wconf 80' lang='lat' dir='ltr'><strong>exercitationem</strong></span> <span class='ocrx_word' id='word_1_171' title='bbox 2784 1393 3014 1457; x_wconf 85' lang='lat' dir='ltr'><strong>scilicet,</strong></span> <span class='ocrx_word' id='word_1_172' title='bbox 3058 1408 3236 1447; x_wconf 89' lang='lat' dir='ltr'><strong>canon</strong></span> <span class='ocrx_word' id='word_1_173' title='bbox 3278 1407 3410 1446; x_wconf 84' lang='lat' dir='ltr'><strong>ana-</strong></span> 
     </span>
    </p>
   </div>
   <div class='ocr_carea' id='block_1_29' title="bbox 1837 1482 3411 1557">
    <p class='ocr_par' dir='ltr' id='par_1_29' title="bbox 1837 1482 3411 1557">
     <span class='ocr_line' id='line_1_29' title="bbox 1837 1482 3411 1557; baseline 0.001 -21"><span class='ocrx_word' id='word_1_174' title='bbox 1837 1482 2072 1538; x_wconf 88' lang='lat' dir='ltr'><strong>themate</strong></span> <span class='ocrx_word' id='word_1_175' title='bbox 2095 1485 2349 1555; x_wconf 89' lang='lat' dir='ltr'><strong>percutit.</strong></span> <span class='ocrx_word' id='word_1_176' title='bbox 2373 1485 2757 1557; x_wconf 84' lang='lat' dir='ltr'><strong>Sexagesimus</strong></span> <span class='ocrx_word' id='word_1_177' title='bbox 2781 1494 3009 1557; x_wconf 91' lang='lat' dir='ltr'><strong>quartus</strong></span> <span class='ocrx_word' id='word_1_178' title='bbox 3036 1496 3214 1541; x_wconf 89' lang='lat' dir='ltr'><strong>autem</strong></span> <span class='ocrx_word' id='word_1_179' title='bbox 3235 1499 3411 1540; x_wconf 87' lang='lat' dir='ltr'><strong>canon</strong></span> 
     </span>
    </p>
   </div>
   <div class='ocr_carea' id='block_1_30' title="bbox 1838 1577 3413 1648">
    <p class='ocr_par' dir='ltr' id='par_1_30' title="bbox 1838 1577 3413 1648">
     <span class='ocr_line' id='line_1_30' title="bbox 1838 1577 3413 1648; baseline -0.001 -18"><span class='ocrx_word' id='word_1_180' title='bbox 1838 1578 2171 1646; x_wconf 85' lang='lat' dir='ltr'><strong>apostolicus</strong></span> <span class='ocrx_word' id='word_1_181' title='bbox 2189 1587 2438 1648; x_wconf 80' lang='lat' dir='ltr'><strong>segregat</strong></span> <span class='ocrx_word' id='word_1_182' title='bbox 2466 1578 2657 1646; x_wconf 87' lang='lat' dir='ltr'><strong>laicos,</strong></span> <span class='ocrx_word' id='word_1_183' title='bbox 2683 1582 2774 1648; x_wconf 89' lang='lat' dir='ltr'><strong>qui</strong></span> <span class='ocrx_word' id='word_1_184' title='bbox 2806 1579 2886 1634; x_wconf 92' lang='lat' dir='ltr'><strong>sic</strong></span> <span class='ocrx_word' id='word_1_185' title='bbox 2914 1577 3191 1648; x_wconf 88' lang='lat' dir='ltr'><strong>jejunant,</strong></span> <span class='ocrx_word' id='word_1_186' title='bbox 3224 1591 3413 1646; x_wconf 88' lang='lat' dir='ltr'><strong>quem-</strong></span> 
     </span>
    </p>
   </div>
   <div class='ocr_carea' id='block_1_31' title="bbox 1838 1667 3411 1741">
    <p class='ocr_par' dir='ltr' id='par_1_31' title="bbox 1838 1667 3411 1741">
     <span class='ocr_line' id='line_1_31' title="bbox 1838 1667 3411 1741; baseline 0.001 -20"><span class='ocrx_word' id='word_1_187' title='bbox 1838 1667 2128 1741; x_wconf 86' lang='lat' dir='ltr'><strong>admodum</strong></span> <span class='ocrx_word' id='word_1_188' title='bbox 2175 1676 2228 1722; x_wconf 93' lang='lat' dir='ltr'><strong>et</strong></span> <span class='ocrx_word' id='word_1_189' title='bbox 2274 1670 2504 1725; x_wconf 88' lang='lat' dir='ltr'><strong>clericos</strong></span> <span class='ocrx_word' id='word_1_190' title='bbox 2554 1671 2796 1741; x_wconf 88' lang='lat' dir='ltr'><strong>deponit.</strong></span> <span class='ocrx_word' id='word_1_191' title='bbox 2852 1669 3049 1736; x_wconf 59' lang='lat' dir='ltr'><strong>Quare</strong></span> <span class='ocrx_word' id='word_1_192' title='bbox 3087 1679 3140 1725; x_wconf 90' lang='lat' dir='ltr'><strong>et</strong></span> <span class='ocrx_word' id='word_1_193' title='bbox 3194 1670 3263 1724; x_wconf 70' lang='grc' dir='ltr'>εδ</span> <span class='ocrx_word' id='word_1_194' title='bbox 3319 1684 3411 1722; x_wconf 86' lang='lat' dir='ltr'><strong>ca-</strong></span> 
     </span>
    </p>
   </div>
   <div class='ocr_carea' id='block_1_32' title="bbox 1840 1739 2601 1831">
    <p class='ocr_par' dir='ltr' id='par_1_32' title="bbox 1840 1739 2601 1831">
     <span class='ocr_line' id='line_1_32' title="bbox 1840 1739 2601 1831; baseline 0.001 -16"><span class='ocrx_word' id='word_1_195' title='bbox 1840 1739 2038 1815; x_wconf 55' lang='lat' dir='ltr'><strong>noném</strong></span> <span class='ocrx_word' id='word_1_196' title='bbox 2070 1760 2265 1831; x_wconf 83' lang='lat' dir='ltr'><strong>synodi</strong></span> <span class='ocrx_word' id='word_1_197' title='bbox 2299 1761 2354 1814; x_wconf 92' lang='lat' dir='ltr'><strong>in</strong></span> <span class='ocrx_word' id='word_1_198' title='bbox 2386 1760 2601 1816; x_wconf 84' lang='lat' dir='ltr'><strong>Trullo.</strong></span> 
     </span>
    </p>
   </div>
   <div class='ocr_carea' id='block_1_33' title="bbox 1913 1827 3415 1924">
    <p class='ocr_par' dir='ltr' id='par_1_33' title="bbox 1913 1827 3415 1924">
     <span class='ocr_line' id='line_1_33' title="bbox 1913 1827 3415 1924; baseline -0.001 -19"><span class='ocrx_word' id='word_1_199' title='bbox 1913 1827 2168 1905; x_wconf 56' lang='lat' dir='ltr'><strong>ZONAI‘.</strong></span> <span class='ocrx_word' id='word_1_200' title='bbox 2214 1849 2487 1922; x_wconf 76' lang='lat' dir='ltr'><strong>Jejunium</strong></span> <span class='ocrx_word' id='word_1_201' title='bbox 2535 1853 2815 1908; x_wconf 88' lang='lat' dir='ltr'><strong>Dominica</strong></span> <span class='ocrx_word' id='word_1_202' title='bbox 2847 1827 3064 1924; x_wconf 89' lang='lat' dir='ltr'><strong>quoque</strong></span> <span class='ocrx_word' id='word_1_203' title='bbox 3096 1852 3185 1907; x_wconf 91' lang='lat' dir='ltr'><strong>die</strong></span> <span class='ocrx_word' id='word_1_204' title='bbox 3226 1851 3415 1906; x_wconf 86' lang='lat' dir='ltr'><strong>Eusta-</strong></span> 
     </span>
    </p>
   </div>
   <div class='ocr_carea' id='block_1_34' title="bbox 147 1936 1746 2017">
    <p class='ocr_par' dir='ltr' id='par_1_34' title="bbox 147 1936 1734 2011">
     <span class='ocr_line' id='line_1_34' title="bbox 147 1936 1734 2011; baseline 0.002 -22"><span class='ocrx_word' id='word_1_205' title='bbox 147 1954 247 1989; x_wconf 86' lang='grc' dir='ltr'><strong>τεν</strong></span> <span class='ocrx_word' id='word_1_206' title='bbox 275 1940 302 1990; x_wconf 80' lang='grc' dir='ltr'>ὁ</span> <span class='ocrx_word' id='word_1_207' title='bbox 334 1937 653 2000; x_wconf 82' lang='grc' dir='ltr'>Εὑστάθιος,</span> <span class='ocrx_word' id='word_1_208' title='bbox 686 1938 774 1989; x_wconf 80' lang='grc' dir='ltr'>ὅτε</span> <span class='ocrx_word' id='word_1_209' title='bbox 806 1936 895 1989; x_wconf 79' lang='grc' dir='ltr'>διὰ</span> <span class='ocrx_word' id='word_1_210' title='bbox 940 1939 1039 2008; x_wconf 83' lang='grc' dir='ltr'><strong>τὴν</strong></span> <span class='ocrx_word' id='word_1_211' title='bbox 1083 1940 1302 2011; x_wconf 76' lang='grc' dir='ltr'>ἔγερσιν</span> <span class='ocrx_word' id='word_1_212' title='bbox 1354 1941 1452 1993; x_wconf 77' lang='grc' dir='ltr'>τοῦ</span> <span class='ocrx_word' id='word_1_213' title='bbox 1507 1942 1734 2011; x_wconf 75' lang='grc' dir='ltr'>Κυρίου,</span> 
     </span>
    </p>
   </div>
   <div class='ocr_carea' id='block_1_35' title="bbox 1851 1936 3421 2017">
    <p class='ocr_par' dir='ltr' id='par_1_35' title="bbox 1851 1944 3421 2017">
     <span class='ocr_line' id='line_1_35' title="bbox 1851 1944 3421 2017; baseline 0 -19"><span class='ocrx_word' id='word_1_214' title='bbox 1851 1944 1996 2000; x_wconf 86' lang='lat' dir='ltr'><strong>thius</strong></span> <span class='ocrx_word' id='word_1_215' title='bbox 2025 1944 2251 2011; x_wconf 80' lang='lat' dir='ltr'><strong>indixit;</strong></span> <span class='ocrx_word' id='word_1_216' title='bbox 2278 1961 2440 2016; x_wconf 90' lang='lat' dir='ltr'><strong>quam</strong></span> <span class='ocrx_word' id='word_1_217' title='bbox 2477 1953 2684 2011; x_wconf 92' lang='lat' dir='ltr'><strong>tamen,</strong></span> <span class='ocrx_word' id='word_1_218' title='bbox 2715 1946 2859 2017; x_wconf 89' lang='lat' dir='ltr'><strong>quod</strong></span> <span class='ocrx_word' id='word_1_219' title='bbox 2889 1962 2986 2017; x_wconf 90' lang='lat' dir='ltr'><strong>per</strong></span> <span class='ocrx_word' id='word_1_220' title='bbox 3013 1960 3131 2001; x_wconf 88' lang='lat' dir='ltr'><strong>eam</strong></span> <span class='ocrx_word' id='word_1_221' title='bbox 3162 1944 3421 2001; x_wconf 85' lang='lat' dir='ltr'><strong>Christus</strong></span> 
     </span>
    </p>
   </div>
   <div class='ocr_carea' id='block_1_36' title="bbox 149 2027 1734 2102">
    <p class='ocr_par' dir='ltr' id='par_1_36' title="bbox 149 2027 1734 2102">
     <span class='ocr_line' id='line_1_36' title="bbox 149 2027 1734 2102; baseline 0.004 -24"><span class='ocrx_word' id='word_1_222' title='bbox 149 2029 254 2078; x_wconf 66' lang='grc' dir='ltr'><strong>καὶ</strong></span> <span class='ocrx_word' id='word_1_223' title='bbox 284 2027 386 2096; x_wconf 84' lang='grc' dir='ltr'><strong>τὴν</strong></span> <span class='ocrx_word' id='word_1_224' title='bbox 420 2028 518 2096; x_wconf 73' lang='grc' dir='ltr'>τῆς</span> <span class='ocrx_word' id='word_1_225' title='bbox 557 2029 804 2100; x_wconf 86' lang='grc' dir='ltr'>βροτείας</span> <span class='ocrx_word' id='word_1_226' title='bbox 835 2030 1052 2098; x_wconf 83' lang='grc' dir='ltr'>φύσεως</span> <span class='ocrx_word' id='word_1_227' title='bbox 1082 2033 1146 2083; x_wconf 83' lang='grc' dir='ltr'>ὲκ</span> <span class='ocrx_word' id='word_1_228' title='bbox 1177 2030 1270 2084; x_wconf 82' lang='grc' dir='ltr'>τοῦ</span> <span class='ocrx_word' id='word_1_229' title='bbox 1305 2032 1598 2102; x_wconf 75' lang='grc' dir='ltr'><strong>πτώματος</strong></span> <span class='ocrx_word' id='word_1_230' title='bbox 1636 2034 1734 2102; x_wconf 81' lang='grc' dir='ltr'>τῆς</span> 
     </span>
    </p>
   </div>
   <div class='ocr_carea' id='block_1_37' title="bbox 149 2122 1736 2199">
    <p class='ocr_par' dir='ltr' id='par_1_37' title="bbox 149 2122 1736 2199">
     <span class='ocr_line' id='line_1_37' title="bbox 149 2122 1736 2199; baseline 0.004 -25"><span class='ocrx_word' id='word_1_231' title='bbox 149 2122 434 2191; x_wconf 69' lang='grc' dir='ltr'>ἁμαρτίας</span> <span class='ocrx_word' id='word_1_232' title='bbox 460 2123 779 2188; x_wconf 78' lang='grc' dir='ltr'>ἀνάστασιν,</span> <span class='ocrx_word' id='word_1_233' title='bbox 831 2127 1180 2199; x_wconf 74' lang='grc' dir='ltr'>εὐχαριστεῖν</span> <span class='ocrx_word' id='word_1_234' title='bbox 1207 2127 1352 2195; x_wconf 78' lang='grc' dir='ltr'>ἡμᾶς</span> <span class='ocrx_word' id='word_1_235' title='bbox 1373 2126 1455 2180; x_wconf 79' lang='grc' dir='ltr'><strong>δεῖ</strong></span> <span class='ocrx_word' id='word_1_236' title='bbox 1483 2125 1559 2197; x_wconf 83' lang='grc' dir='ltr'>τῷ</span> <span class='ocrx_word' id='word_1_237' title='bbox 1615 2128 1736 2199; x_wconf 85' lang='grc' dir='ltr'><strong>Θεῷ</strong></span> 
     </span>
    </p>
   </div>
   <div class='ocr_carea' id='block_1_38' title="bbox 151 2214 1738 2290">
    <p class='ocr_par' dir='ltr' id='par_1_38' title="bbox 151 2214 1738 2290">
     <span class='ocr_line' id='line_1_38' title="bbox 151 2214 1738 2290; baseline 0.005 -24"><span class='ocrx_word' id='word_1_238' title='bbox 151 2216 256 2268; x_wconf 81' lang='grc' dir='ltr'><strong>καὶ</strong></span> <span class='ocrx_word' id='word_1_239' title='bbox 285 2214 516 2284; x_wconf 85' lang='grc' dir='ltr'>χαίρειν.</span> <span class='ocrx_word' id='word_1_240' title='bbox 565 2215 707 2268; x_wconf 80' lang='grc' dir='ltr'><strong>Ἡδὲ</strong></span> <span class='ocrx_word' id='word_1_241' title='bbox 766 2218 990 2286; x_wconf 84' lang='grc' dir='ltr'>νηστεία</span> <span class='ocrx_word' id='word_1_242' title='bbox 1051 2218 1347 2288; x_wconf 60' lang='grc' dir='ltr'>συνδτριϐἧς</span> <span class='ocrx_word' id='word_1_243' title='bbox 1406 2219 1501 2273; x_wconf 74' lang='grc' dir='ltr'>καὶ</span> <span class='ocrx_word' id='word_1_244' title='bbox 1561 2220 1738 2290; x_wconf 83' lang='grc' dir='ltr'>λύπης</span> 
     </span>
    </p>
   </div>
   <div class='ocr_carea' id='block_1_39' title="bbox 151 2306 1733 2382">
    <p class='ocr_par' dir='ltr' id='par_1_39' title="bbox 151 2306 1733 2382">
     <span class='ocr_line' id='line_1_39' title="bbox 151 2306 1733 2382; baseline 0.005 -25"><span class='ocrx_word' id='word_1_245' title='bbox 151 2307 278 2358; x_wconf 75' lang='grc' dir='ltr'>ἐστὶ</span> <span class='ocrx_word' id='word_1_246' title='bbox 320 2306 614 2373; x_wconf 78' lang='grc' dir='ltr'>σύμϐολον.</span> <span class='ocrx_word' id='word_1_247' title='bbox 659 2308 750 2360; x_wconf 76' lang='grc' dir='ltr'><strong>Διὸ</strong></span> <span class='ocrx_word' id='word_1_248' title='bbox 779 2311 874 2360; x_wconf 73' lang='grc' dir='ltr'><strong>καὶ</strong></span> <span class='ocrx_word' id='word_1_249' title='bbox 904 2313 1017 2372; x_wconf 86' lang='grc' dir='ltr'>τοῖς</span> <span class='ocrx_word' id='word_1_250' title='bbox 1053 2311 1412 2381; x_wconf 84' lang='grc' dir='ltr'>νηστεύουσιν</span> <span class='ocrx_word' id='word_1_251' title='bbox 1437 2314 1494 2366; x_wconf 81' lang='grc' dir='ltr'>ὲν</span> <span class='ocrx_word' id='word_1_252' title='bbox 1519 2314 1733 2382; x_wconf 82' lang='grc' dir='ltr'>Κυρια-</span> 
     </span>
    </p>
   </div>
   <div class='ocr_carea' id='block_1_40' title="bbox 152 2401 846 2474">
    <p class='ocr_par' dir='ltr' id='par_1_40' title="bbox 152 2401 846 2474">
     <span class='ocr_line' id='line_1_40' title="bbox 152 2401 846 2474; baseline 0.012 -23"><span class='ocrx_word' id='word_1_253' title='bbox 152 2401 286 2462; x_wconf 83' lang='grc' dir='ltr'>καίς</span> <span class='ocrx_word' id='word_1_254' title='bbox 337 2402 538 2474; x_wconf 69' lang='grc' dir='ltr'>ἐτάχθη</span> <span class='ocrx_word' id='word_1_255' title='bbox 575 2403 846 2474; x_wconf 77' lang='grc' dir='ltr'>ἀνάθεμα.</span> 
     </span>
    </p>
   </div>
   <div class='ocr_carea' id='block_1_41' title="bbox 152 2558 1737 2662">
    <p class='ocr_par' dir='ltr' id='par_1_41' title="bbox 152 2558 1737 2662">
     <span class='ocr_line' id='line_1_41' title="bbox 152 2558 1737 2662; baseline 0.002 -21"><span class='ocrx_word' id='word_1_256' title='bbox 152 2589 381 2642; x_wconf 75' lang='grc' dir='ltr'><strong>ΑΡΙΣΤ.</strong></span> <span class='ocrx_word' id='word_1_257' title='bbox 415 2609 433 2642; x_wconf 89' lang='grc'><strong><em>‹</em></strong></span> <span class='ocrx_word' id='word_1_258' title='bbox 477 2590 535 2642; x_wconf 86' lang='grc' dir='ltr'>Ὀ</span> <span class='ocrx_word' id='word_1_259' title='bbox 568 2591 666 2661; x_wconf 83' lang='grc' dir='ltr'><strong>τὴν</strong></span> <span class='ocrx_word' id='word_1_260' title='bbox 702 2592 990 2659; x_wconf 82' lang='grc' dir='ltr'>Κυριακὴν</span> <span class='ocrx_word' id='word_1_261' title='bbox 1048 2592 1080 2662; x_wconf 81' lang='grc' dir='ltr'><strong>ἢ</strong></span> <span class='ocrx_word' id='word_1_262' title='bbox 1122 2558 1180 2643; x_wconf 63' lang='grc' dir='ltr'><strong>τὶ</strong></span> <span class='ocrx_word' id='word_1_263' title='bbox 1209 2591 1483 2645; x_wconf 71' lang='grc' dir='ltr'>Σάϐϐατον</span> <span class='ocrx_word' id='word_1_264' title='bbox 1515 2592 1737 2657; x_wconf 83' lang='grc' dir='ltr'>ἀσιτῶν,</span> 
     </span>
    </p>
   </div>
   <div class='ocr_carea' id='block_1_42' title="bbox 757 2686 1128 2752">
    <p class='ocr_par' dir='ltr' id='par_1_42' title="bbox 757 2686 1128 2752">
     <span class='ocr_line' id='line_1_42' title="bbox 757 2686 1128 2752; baseline 0 -17"><span class='ocrx_word' id='word_1_265' title='bbox 757 2703 774 2735; x_wconf 75' lang='grc' dir='ltr'><strong>ι</strong></span> <span class='ocrx_word' id='word_1_266' title='bbox 817 2686 1076 2752; x_wconf 68' lang='grc' dir='ltr'>ἀνάθεμα.</span> <span class='ocrx_word' id='word_1_267' title='bbox 1110 2703 1128 2735; x_wconf 83' lang='grc'><strong>›</strong></span> 
     </span>
    </p>
   </div>
   <div class='ocr_carea' id='block_1_43' title="bbox 756 2776 1119 2856">
    <p class='ocr_par' dir='ltr' id='par_1_43' title="bbox 756 2776 1119 2856">
     <span class='ocr_line' id='line_1_43' title="bbox 756 2776 1119 2856; baseline 0.008 -30"><span class='ocrx_word' id='word_1_268' title='bbox 756 2777 991 2856; x_wconf 60' lang='lat' dir='ltr'><strong>rga-xm</strong></span> <span class='ocrx_word' id='word_1_269' title='bbox 1022 2776 1119 2829; x_wconf 82' lang='lat' dir='ltr'><strong>Io&#39;.</strong></span> 
     </span>
    </p>
   </div>
   <div class='ocr_carea' id='block_1_44' title="bbox 167 2864 1745 2936">
    <p class='ocr_par' dir='ltr' id='par_1_44' title="bbox 167 2864 1745 2936">
     <span class='ocr_line' id='line_1_44' title="bbox 167 2864 1745 2936; baseline 0.004 -21"><span class='ocrx_word' id='word_1_270' title='bbox 167 2883 188 2915; x_wconf 75' lang='grc' dir='ltr'><strong>ι</strong></span> <span class='ocrx_word' id='word_1_271' title='bbox 235 2865 301 2917; x_wconf 60' lang='lat' dir='ltr'><strong>lii</strong></span> <span class='ocrx_word' id='word_1_272' title='bbox 326 2882 408 2924; x_wconf 85' lang='grc' dir='ltr'><strong>τις</strong></span> <span class='ocrx_word' id='word_1_273' title='bbox 432 2864 538 2917; x_wconf 82' lang='grc' dir='ltr'><strong>τῶν</strong></span> <span class='ocrx_word' id='word_1_274' title='bbox 569 2867 925 2934; x_wconf 81' lang='grc' dir='ltr'>ἀσκουμένων</span> <span class='ocrx_word' id='word_1_275' title='bbox 969 2869 1141 2935; x_wconf 75' lang='grc' dir='ltr'>χωρ’νς</span> <span class='ocrx_word' id='word_1_276' title='bbox 1190 2867 1513 2936; x_wconf 77' lang='grc' dir='ltr'>σωματικῆς</span> <span class='ocrx_word' id='word_1_277' title='bbox 1575 2867 1745 2935; x_wconf 86' lang='grc' dir='ltr'>ἀνάγ-</span> 
     </span>
    </p>
   </div>
   <div class='ocr_carea' id='block_1_45' title="bbox 251 2958 1745 3029">
    <p class='ocr_par' dir='ltr' id='par_1_45' title="bbox 251 2958 1745 3029">
     <span class='ocr_line' id='line_1_45' title="bbox 251 2958 1745 3029; baseline 0.002 -21"><span class='ocrx_word' id='word_1_278' title='bbox 251 2975 270 3008; x_wconf 72' lang='grc'><strong>(</strong></span> <span class='ocrx_word' id='word_1_279' title='bbox 311 2975 411 3026; x_wconf 88' lang='grc' dir='ltr'><strong>κης</strong></span> <span class='ocrx_word' id='word_1_280' title='bbox 446 2958 941 3027; x_wconf 85' lang='grc' dir='ltr'>ύπερηφανεύοιτο,</span> <span class='ocrx_word' id='word_1_281' title='bbox 1016 2962 1112 3011; x_wconf 76' lang='grc' dir='ltr'>καὶ</span> <span class='ocrx_word' id='word_1_282' title='bbox 1154 2961 1250 3020; x_wconf 75' lang='grc' dir='ltr'><strong>τὰς</strong></span> <span class='ocrx_word' id='word_1_283' title='bbox 1299 2959 1745 3029; x_wconf 77' lang='grc' dir='ltr'>παραδεδομένας</span> 
     </span>
    </p>
   </div>
   <div class='ocr_carea' id='block_1_46' title="bbox 250 3049 1747 3120">
    <p class='ocr_par' dir='ltr' id='par_1_46' title="bbox 250 3049 1747 3120">
     <span class='ocr_line' id='line_1_46' title="bbox 250 3049 1747 3120; baseline 0.002 -20"><span class='ocrx_word' id='word_1_284' title='bbox 250 3068 268 3100; x_wconf 75' lang='grc' dir='ltr'><strong>ι</strong></span> <span class='ocrx_word' id='word_1_285' title='bbox 307 3049 562 3114; x_wconf 86' lang='grc' dir='ltr'>νηστείας</span> <span class='ocrx_word' id='word_1_286' title='bbox 589 3053 669 3112; x_wconf 87' lang='grc' dir='ltr'><strong>είς</strong></span> <span class='ocrx_word' id='word_1_287' title='bbox 691 3051 750 3101; x_wconf 77' lang='grc' dir='ltr'>τὸ</span> <span class='ocrx_word' id='word_1_288' title='bbox 776 3051 973 3116; x_wconf 62' lang='grc' dir='ltr'>κοινῆτν,</span> <span class='ocrx_word' id='word_1_289' title='bbox 1005 3052 1099 3102; x_wconf 79' lang='grc' dir='ltr'><strong>καὶ</strong></span> <span class='ocrx_word' id='word_1_290' title='bbox 1151 3051 1572 3120; x_wconf 73' lang='grc' dir='ltr'>φυλασσομένας</span> <span class='ocrx_word' id='word_1_291' title='bbox 1641 3051 1747 3103; x_wconf 71' lang='grc' dir='ltr'>ὑπὸ</span> 
     </span>
    </p>
   </div>
   <div class='ocr_carea' id='block_1_47' title="bbox 253 3137 1747 3210">
    <p class='ocr_par' dir='ltr' id='par_1_47' title="bbox 253 3137 1747 3210">
     <span class='ocr_line' id='line_1_47' title="bbox 253 3137 1747 3210; baseline 0.001 -20"><span class='ocrx_word' id='word_1_292' title='bbox 253 3139 401 3204; x_wconf 78' lang='grc' dir='ltr'>«τῆς</span> <span class='ocrx_word' id='word_1_293' title='bbox 467 3139 819 3208; x_wconf 83' lang='grc' dir='ltr'>Ἐκκλησίας,</span> <span class='ocrx_word' id='word_1_294' title='bbox 881 3139 1174 3210; x_wconf 79' lang='grc' dir='ltr'>παραλύοι,</span> <span class='ocrx_word' id='word_1_295' title='bbox 1235 3137 1642 3209; x_wconf 64' lang='grc' dir='ltr'>ἁποδέυροῦντος</span> <span class='ocrx_word' id='word_1_296' title='bbox 1689 3140 1747 3191; x_wconf 84' lang='grc' dir='ltr'>ἐν</span> 
     </span>
    </p>
   </div>
   <div class='ocr_carea' id='block_1_48' title="bbox 245 3231 1507 3301">
    <p class='ocr_par' dir='ltr' id='par_1_48' title="bbox 245 3231 1507 3301">
     <span class='ocr_line' id='line_1_48' title="bbox 245 3231 1507 3301; baseline 0.001 -19"><span class='ocrx_word' id='word_1_297' title='bbox 245 3249 268 3282; x_wconf 72' lang='grc' dir='ltr'><strong>α</strong></span> <span class='ocrx_word' id='word_1_298' title='bbox 313 3231 461 3301; x_wconf 78' lang='grc' dir='ltr'>αὐτῷ</span> <span class='ocrx_word' id='word_1_299' title='bbox 484 3231 688 3284; x_wconf 80' lang='grc' dir='ltr'>τελείου</span> <span class='ocrx_word' id='word_1_300' title='bbox 713 3231 996 3300; x_wconf 76' lang='grc' dir='ltr'>λογισμοῦ,</span> <span class='ocrx_word' id='word_1_301' title='bbox 1038 3231 1285 3300; x_wconf 73' lang='grc' dir='ltr'>ἀνάθεμα</span> <span class='ocrx_word' id='word_1_302' title='bbox 1314 3232 1507 3285; x_wconf 75' lang='grc' dir='ltr'>ἔστω.»</span> 
     </span>
    </p>
   </div>
   <div class='ocr_carea' id='block_1_49' title="bbox 1845 2035 3414 2105">
    <p class='ocr_par' dir='ltr' id='par_1_49' title="bbox 1845 2035 3414 2105">
     <span class='ocr_line' id='line_1_49' title="bbox 1845 2035 3414 2105; baseline -0.001 -18"><span class='ocrx_word' id='word_1_303' title='bbox 1845 2035 1911 2088; x_wconf 90' lang='lat' dir='ltr'><strong>ab</strong></span> <span class='ocrx_word' id='word_1_304' title='bbox 1953 2035 2140 2090; x_wconf 81' lang='lat' dir='ltr'><strong>inferis</strong></span> <span class='ocrx_word' id='word_1_305' title='bbox 2172 2035 2450 2091; x_wconf 81' lang='lat' dir='ltr'><strong>redivivus</strong></span> <span class='ocrx_word' id='word_1_306' title='bbox 2482 2037 2780 2102; x_wconf 82' lang='lat' dir='ltr'><strong>exstiterit,</strong></span> <span class='ocrx_word' id='word_1_307' title='bbox 2813 2046 3176 2105; x_wconf 87' lang='lat' dir='ltr'><strong>naturamque</strong></span> <span class='ocrx_word' id='word_1_308' title='bbox 3223 2035 3414 2088; x_wconf 90' lang='lat' dir='ltr'><strong>huma-</strong></span> 
     </span>
    </p>
   </div>
   <div class='ocr_carea' id='block_1_50' title="bbox 1845 2125 3417 2196">
    <p class='ocr_par' dir='ltr' id='par_1_50' title="bbox 1845 2125 3417 2196">
     <span class='ocr_line' id='line_1_50' title="bbox 1845 2125 3417 2196; baseline -0.001 -16"><span class='ocrx_word' id='word_1_309' title='bbox 1845 2142 1969 2181; x_wconf 87' lang='lat' dir='ltr'><strong>nam</strong></span> <span class='ocrx_word' id='word_1_310' title='bbox 2022 2141 2050 2180; x_wconf 92' lang='lat' dir='ltr'><strong>a</strong></span> <span class='ocrx_word' id='word_1_311' title='bbox 2101 2127 2308 2196; x_wconf 85' lang='lat' dir='ltr'><strong>peccati</strong></span> <span class='ocrx_word' id='word_1_312' title='bbox 2355 2127 2510 2196; x_wconf 87' lang='lat' dir='ltr'><strong>lapsu</strong></span> <span class='ocrx_word' id='word_1_313' title='bbox 2537 2127 3255 2195; x_wconf 85' lang='lat' dir='ltr'><strong>exscitarit,exsultabundi</strong></span> <span class='ocrx_word' id='word_1_314' title='bbox 3305 2125 3417 2180; x_wconf 90' lang='lat' dir='ltr'><strong>Deo</strong></span> 
     </span>
    </p>
   </div>
   <div class='ocr_carea' id='block_1_51' title="bbox 1845 2217 3412 2290">
    <p class='ocr_par' dir='ltr' id='par_1_51' title="bbox 1845 2217 3412 2290">
     <span class='ocr_line' id='line_1_51' title="bbox 1845 2217 3412 2290; baseline -0.003 -18"><span class='ocrx_word' id='word_1_315' title='bbox 1845 2218 2047 2288; x_wconf 81' lang='lat' dir='ltr'><strong>gratias</strong></span> <span class='ocrx_word' id='word_1_316' title='bbox 2101 2228 2322 2289; x_wconf 78' lang='lat' dir='ltr'><strong>agentes</strong></span> <span class='ocrx_word' id='word_1_317' title='bbox 2373 2219 2674 2290; x_wconf 88' lang='lat' dir='ltr'><strong>transigere</strong></span> <span class='ocrx_word' id='word_1_318' title='bbox 2719 2220 3003 2275; x_wconf 90' lang='lat' dir='ltr'><strong>debemus.</strong></span> <span class='ocrx_word' id='word_1_319' title='bbox 3047 2219 3115 2272; x_wconf 84' lang='lat' dir='ltr'><strong>At</strong></span> <span class='ocrx_word' id='word_1_320' title='bbox 3141 2217 3412 2288; x_wconf 78' lang='lat' dir='ltr'><strong>jejunium</strong></span> 
     </span>
    </p>
   </div>
   <div class='ocr_carea' id='block_1_52' title="bbox 1845 2309 3417 2382">
    <p class='ocr_par' dir='ltr' id='par_1_52' title="bbox 1845 2309 3417 2382">
     <span class='ocr_line' id='line_1_52' title="bbox 1845 2309 3417 2382; baseline -0.003 -18"><span class='ocrx_word' id='word_1_321' title='bbox 1845 2311 2050 2367; x_wconf 90' lang='lat' dir='ltr'><strong>doloris</strong></span> <span class='ocrx_word' id='word_1_322' title='bbox 2073 2311 2420 2381; x_wconf 69' lang='lat' dir='ltr'><strong>tristitiarque</strong></span> <span class='ocrx_word' id='word_1_323' title='bbox 2435 2311 2598 2366; x_wconf 90' lang='lat' dir='ltr'><strong>habet</strong></span> <span class='ocrx_word' id='word_1_324' title='bbox 2621 2321 3025 2382; x_wconf 81' lang='lat' dir='ltr'><strong>argumentum.</strong></span> <span class='ocrx_word' id='word_1_325' title='bbox 3051 2309 3417 2378; x_wconf 82' lang='lat' dir='ltr'><strong>Quamobrem</strong></span> 
     </span>
    </p>
   </div>
   <div class='ocr_carea' id='block_1_53' title="bbox 1845 2403 3419 2474">
    <p class='ocr_par' dir='ltr' id='par_1_53' title="bbox 1845 2403 3419 2474">
     <span class='ocr_line' id='line_1_53' title="bbox 1845 2403 3419 2474; baseline -0.003 -17"><span class='ocrx_word' id='word_1_326' title='bbox 1845 2417 1894 2457; x_wconf 91' lang='lat' dir='ltr'><strong>cI</strong></span> <span class='ocrx_word' id='word_1_327' title='bbox 1925 2403 1979 2456; x_wconf 93' lang='lat' dir='ltr'><strong>in</strong></span> <span class='ocrx_word' id='word_1_328' title='bbox 2011 2417 2127 2468; x_wconf 90' lang='lat' dir='ltr'><strong>eos,</strong></span> <span class='ocrx_word' id='word_1_329' title='bbox 2157 2404 2247 2473; x_wconf 90' lang='lat' dir='ltr'><strong>qui</strong></span> <span class='ocrx_word' id='word_1_330' title='bbox 2267 2403 2546 2458; x_wconf 88' lang='lat' dir='ltr'><strong>Dominica</strong></span> <span class='ocrx_word' id='word_1_331' title='bbox 2582 2403 2670 2458; x_wconf 87' lang='lat' dir='ltr'><strong>die</strong></span> <span class='ocrx_word' id='word_1_332' title='bbox 2697 2403 3047 2474; x_wconf 86' lang='lat' dir='ltr'><strong>jejunarent,</strong></span> <span class='ocrx_word' id='word_1_333' title='bbox 3086 2416 3246 2472; x_wconf 78' lang='lat' dir='ltr'><strong>pcnna</strong></span> <span class='ocrx_word' id='word_1_334' title='bbox 3293 2415 3419 2454; x_wconf 85' lang='lat' dir='ltr'><strong>ana-</strong></span> 
     </span>
    </p>
   </div>
   <div class='ocr_carea' id='block_1_54' title="bbox 1849 2494 2605 2549">
    <p class='ocr_par' dir='ltr' id='par_1_54' title="bbox 1849 2494 2605 2549">
     <span class='ocr_line' id='line_1_54' title="bbox 1849 2494 2605 2549; baseline 0.004 -3"><span class='ocrx_word' id='word_1_335' title='bbox 1849 2495 2110 2549; x_wconf 90' lang='lat' dir='ltr'><strong>thematis</strong></span> <span class='ocrx_word' id='word_1_336' title='bbox 2143 2496 2442 2549; x_wconf 91' lang='lat' dir='ltr'><strong>constituta</strong></span> <span class='ocrx_word' id='word_1_337' title='bbox 2483 2494 2605 2549; x_wconf 89' lang='lat' dir='ltr'><strong>fuit.</strong></span> 
     </span>
    </p>
   </div>
   <div class='ocr_carea' id='block_1_55' title="bbox 1850 2585 3420 2652">
    <p class='ocr_par' dir='ltr' id='par_1_55' title="bbox 1850 2585 3420 2652">
     <span class='ocr_line' id='line_1_55' title="bbox 1850 2585 3420 2652; baseline -0.001 -11"><span class='ocrx_word' id='word_1_338' title='bbox 1850 2586 2079 2641; x_wconf 81' lang='lat' dir='ltr'><strong>ARIST.</strong></span> <span class='ocrx_word' id='word_1_339' title='bbox 2153 2605 2171 2639; x_wconf 74' lang='grc' dir='ltr'><strong>ι</strong></span> <span class='ocrx_word' id='word_1_340' title='bbox 2224 2586 2327 2652; x_wconf 87' lang='lat' dir='ltr'><strong>Qui</strong></span> <span class='ocrx_word' id='word_1_341' title='bbox 2380 2585 2524 2641; x_wconf 90' lang='lat' dir='ltr'><strong>diem</strong></span> <span class='ocrx_word' id='word_1_342' title='bbox 2579 2586 2919 2641; x_wconf 88' lang='lat' dir='ltr'><strong>Dominicam</strong></span> <span class='ocrx_word' id='word_1_343' title='bbox 2974 2586 3059 2641; x_wconf 82' lang='lat' dir='ltr'><strong>vel</strong></span> <span class='ocrx_word' id='word_1_344' title='bbox 3119 2585 3420 2642; x_wconf 88' lang='lat' dir='ltr'><strong>Sabbatum</strong></span> 
     </span>
    </p>
   </div>
   <div class='ocr_carea' id='block_1_56' title="bbox 2177 2669 3096 2752">
    <p class='ocr_par' dir='ltr' id='par_1_56' title="bbox 2177 2669 3096 2752">
     <span class='ocr_line' id='line_1_56' title="bbox 2177 2669 3096 2752; baseline -0.001 -19"><span class='ocrx_word' id='word_1_345' title='bbox 2177 2700 2196 2733; x_wconf 73' lang='grc' dir='ltr'><strong>ι</strong></span> <span class='ocrx_word' id='word_1_346' title='bbox 2236 2680 2457 2751; x_wconf 88' lang='lat' dir='ltr'><strong>jejunus</strong></span> <span class='ocrx_word' id='word_1_347' title='bbox 2477 2681 2708 2752; x_wconf 86' lang='lat' dir='ltr'><strong>peragit,</strong></span> <span class='ocrx_word' id='word_1_348' title='bbox 2743 2669 3050 2736; x_wconf 75' lang='lat' dir='ltr'><strong>anathema.</strong></span> <span class='ocrx_word' id='word_1_349' title='bbox 3077 2698 3096 2731; x_wconf 72' lang='grc' dir='ltr'><strong>ι</strong></span> 
     </span>
    </p>
   </div>
   <div class='ocr_carea' id='block_1_57' title="bbox 2413 2771 2831 2844">
    <p class='ocr_par' dir='ltr' id='par_1_57' title="bbox 2413 2771 2831 2844">
     <span class='ocr_line' id='line_1_57' title="bbox 2413 2771 2831 2844; baseline -0.005 -18"><span class='ocrx_word' id='word_1_350' title='bbox 2413 2771 2644 2827; x_wconf 78' lang='lat' dir='ltr'><strong>CANON</strong></span> <span class='ocrx_word' id='word_1_351' title='bbox 2686 2771 2831 2844; x_wconf 77' lang='lat' dir='ltr'><strong>XIX.</strong></span> 
     </span>
    </p>
   </div>
   <div class='ocr_carea' id='block_1_58' title="bbox 1860 2862 3422 2936">
    <p class='ocr_par' dir='ltr' id='par_1_58' title="bbox 1860 2862 3422 2936">
     <span class='ocr_line' id='line_1_58' title="bbox 1860 2862 3422 2936; baseline 0.001 -21"><span class='ocrx_word' id='word_1_352' title='bbox 1860 2882 1877 2915; x_wconf 78' lang='grc' dir='ltr'><strong>ι</strong></span> <span class='ocrx_word' id='word_1_353' title='bbox 1921 2862 1978 2918; x_wconf 92' lang='lat' dir='ltr'><strong>Si</strong></span> <span class='ocrx_word' id='word_1_354' title='bbox 2025 2863 2156 2933; x_wconf 72' lang='lat' dir='ltr'><strong>guis</strong></span> <span class='ocrx_word' id='word_1_355' title='bbox 2203 2879 2416 2926; x_wconf 91' lang='lat' dir='ltr'><strong>eorum,</strong></span> <span class='ocrx_word' id='word_1_356' title='bbox 2449 2865 2540 2934; x_wconf 92' lang='lat' dir='ltr'><strong>qui</strong></span> <span class='ocrx_word' id='word_1_357' title='bbox 2574 2874 2923 2930; x_wconf 81' lang='lat' dir='ltr'><strong>exercentur,</strong></span> <span class='ocrx_word' id='word_1_358' title='bbox 2960 2866 3173 2936; x_wconf 86' lang='lat' dir='ltr'><strong>absque</strong></span> <span class='ocrx_word' id='word_1_359' title='bbox 3219 2879 3422 2935; x_wconf 86' lang='lat' dir='ltr'><strong>corpo-</strong></span> 
     </span>
    </p>
   </div>
   <div class='ocr_carea' id='block_1_59' title="bbox 1930 2951 3427 3026">
    <p class='ocr_par' dir='ltr' id='par_1_59' title="bbox 1930 2951 3427 3026">
     <span class='ocr_line' id='line_1_59' title="bbox 1930 2951 3427 3026; baseline 0.001 -22"><span class='ocrx_word' id='word_1_360' title='bbox 1930 2971 1948 3004; x_wconf 76' lang='grc' dir='ltr'><strong>ι</strong></span> <span class='ocrx_word' id='word_1_361' title='bbox 1993 2955 2093 3008; x_wconf 83' lang='lat' dir='ltr'><strong>rali</strong></span> <span class='ocrx_word' id='word_1_362' title='bbox 2144 2955 2472 3009; x_wconf 83' lang='lat' dir='ltr'><strong>necessitate</strong></span> <span class='ocrx_word' id='word_1_363' title='bbox 2506 2951 2895 3010; x_wconf 73' lang='lat' dir='ltr'><strong>selinsolenter</strong></span> <span class='ocrx_word' id='word_1_364' title='bbox 2926 2966 3099 3026; x_wconf 83' lang='lat' dir='ltr'><strong>gerat,</strong></span> <span class='ocrx_word' id='word_1_365' title='bbox 3136 2964 3189 3009; x_wconf 92' lang='lat' dir='ltr'><strong>et</strong></span> <span class='ocrx_word' id='word_1_366' title='bbox 3230 2957 3427 3010; x_wconf 87' lang='lat' dir='ltr'><strong>tradita</strong></span> 
     </span>
    </p>
   </div>
   <div class='ocr_carea' id='block_1_60' title="bbox 1933 3045 3420 3116">
    <p class='ocr_par' dir='ltr' id='par_1_60' title="bbox 1933 3045 3420 3116">
     <span class='ocr_line' id='line_1_60' title="bbox 1933 3045 3420 3116; baseline 0.003 -19"><span class='ocrx_word' id='word_1_367' title='bbox 1933 3064 1952 3097; x_wconf 78' lang='grc' dir='ltr'><strong>ι</strong></span> <span class='ocrx_word' id='word_1_368' title='bbox 1989 3045 2223 3116; x_wconf 83' lang='lat' dir='ltr'><strong>jejunia,</strong></span> <span class='ocrx_word' id='word_1_369' title='bbox 2256 3062 2377 3116; x_wconf 77' lang='lat' dir='ltr'><strong>qnze</strong></span> <span class='ocrx_word' id='word_1_370' title='bbox 2411 3049 2777 3101; x_wconf 90' lang='lat' dir='ltr'><strong>communiter</strong></span> <span class='ocrx_word' id='word_1_371' title='bbox 2811 3056 3107 3102; x_wconf 77' lang='lat' dir='ltr'><strong>servantur</strong></span> <span class='ocrx_word' id='word_1_372' title='bbox 3147 3047 3214 3102; x_wconf 91' lang='lat' dir='ltr'><strong>ab</strong></span> <span class='ocrx_word' id='word_1_373' title='bbox 3248 3046 3420 3103; x_wconf 84' lang='lat' dir='ltr'><strong>Eccle-</strong></span> 
     </span>
    </p>
   </div>
   <div class='ocr_carea' id='block_1_61' title="bbox 1936 3140 3429 3209">
    <p class='ocr_par' dir='ltr' id='par_1_61' title="bbox 1936 3140 3429 3209">
     <span class='ocr_line' id='line_1_61' title="bbox 1936 3140 3429 3209; baseline 0.001 -18"><span class='ocrx_word' id='word_1_374' title='bbox 1936 3157 1954 3191; x_wconf 75' lang='grc' dir='ltr'><strong>ι</strong></span> <span class='ocrx_word' id='word_1_375' title='bbox 1987 3140 2089 3204; x_wconf 89' lang='lat' dir='ltr'><strong>sia,</strong></span> <span class='ocrx_word' id='word_1_376' title='bbox 2123 3141 2410 3203; x_wconf 79' lang='lat' dir='ltr'><strong>dissolvat,</strong></span> <span class='ocrx_word' id='word_1_377' title='bbox 2430 3140 2684 3209; x_wconf 75' lang='lat' dir='ltr'><strong>-per,I&#39;ecta</strong></span> <span class='ocrx_word' id='word_1_378' title='bbox 2715 3142 2768 3195; x_wconf 90' lang='lat' dir='ltr'><strong>in</strong></span> <span class='ocrx_word' id='word_1_379' title='bbox 2799 3155 2863 3194; x_wconf 90' lang='lat' dir='ltr'><strong>eo</strong></span> <span class='ocrx_word' id='word_1_380' title='bbox 2894 3141 3166 3196; x_wconf 86' lang='lat' dir='ltr'><strong>residente</strong></span> <span class='ocrx_word' id='word_1_381' title='bbox 3195 3142 3429 3203; x_wconf 89' lang='lat' dir='ltr'><strong>ratione,</strong></span> 
     </span>
    </p>
   </div>
   <div class='ocr_carea' id='block_1_62' title="bbox 1864 3230 2467 3286">
    <p class='ocr_par' dir='ltr' id='par_1_62' title="bbox 1864 3230 2467 3286">
     <span class='ocr_line' id='line_1_62' title="bbox 1864 3230 2467 3286; baseline 0.002 -6"><span class='ocrx_word' id='word_1_382' title='bbox 1864 3263 1873 3273; x_wconf 73' lang='grc' dir='ltr'><strong>ι</strong></span> <span class='ocrx_word' id='word_1_383' title='bbox 1933 3249 1952 3280; x_wconf 72' lang='grc' dir='ltr'><strong>ε</strong></span> <span class='ocrx_word' id='word_1_384' title='bbox 1993 3230 2063 3284; x_wconf 90' lang='lat' dir='ltr'><strong>sit</strong></span> <span class='ocrx_word' id='word_1_385' title='bbox 2094 3231 2406 3286; x_wconf 85' lang='lat' dir='ltr'><strong>anathema.</strong></span> <span class='ocrx_word' id='word_1_386' title='bbox 2449 3248 2467 3281; x_wconf 76' lang='grc' dir='ltr'><strong>ι</strong></span> 
     </span>
    </p>
   </div>
   <div class='ocr_carea' id='block_1_63' title="bbox 241 3291 1746 3396">
    <p class='ocr_par' dir='ltr' id='par_1_63' title="bbox 241 3291 1745 3396">
     <span class='ocr_line' id='line_1_63' title="bbox 241 3291 1745 3396; baseline 0.001 -20"><span class='ocrx_word' id='word_1_387' title='bbox 241 3291 444 3378; x_wconf 43' lang='grc' dir='ltr'><strong>ΒΑΛΣΣ</strong></span> <span class='ocrx_word' id='word_1_388' title='bbox 479 3326 702 3396; x_wconf 82' lang='grc' dir='ltr'>Αἵρεσις</span> <span class='ocrx_word' id='word_1_389' title='bbox 728 3291 1057 3396; x_wconf 35' lang='grc' dir='ltr'>Βο,γομι&gt;.ι’κή</span> <span class='ocrx_word' id='word_1_390' title='bbox 1087 3291 1234 3378; x_wconf 74' lang='grc' dir='ltr'>ἐστιν</span> <span class='ocrx_word' id='word_1_391' title='bbox 1258 3327 1350 3378; x_wconf 83' lang='grc' dir='ltr'><strong>ἐπί</strong></span> <span class='ocrx_word' id='word_1_392' title='bbox 1416 3342 1567 3389; x_wconf 83' lang='grc' dir='ltr'>τινας</span> <span class='ocrx_word' id='word_1_393' title='bbox 1616 3324 1745 3395; x_wconf 71' lang='grc' dir='ltr'>χρό-</span> 
     </span>
    </p>
   </div>
   <div class='ocr_carea' id='block_1_64' title="bbox 1851 3291 3424 3396">
    <p class='ocr_par' dir='ltr' id='par_1_64' title="bbox 1928 3317 3424 3392">
     <span class='ocr_line' id='line_1_64' title="bbox 1928 3317 3424 3392; baseline 0.001 -19"><span class='ocrx_word' id='word_1_394' title='bbox 1928 3317 2497 3391; x_wconf 77' lang='lat' dir='ltr'><strong>BALS.&#39;Bogomelica</strong></span> <span class='ocrx_word' id='word_1_395' title='bbox 2529 3332 2611 3378; x_wconf 90' lang='lat' dir='ltr'><strong>est</strong></span> <span class='ocrx_word' id='word_1_396' title='bbox 2646 3322 2890 3386; x_wconf 63' lang='lat' dir='ltr'><strong>haeresis,</strong></span> <span class='ocrx_word' id='word_1_397' title='bbox 2927 3323 2993 3376; x_wconf 88' lang='lat' dir='ltr'><strong>ad</strong></span> <span class='ocrx_word' id='word_1_398' title='bbox 3038 3321 3259 3392; x_wconf 89' lang='lat' dir='ltr'><strong>aliquod</strong></span> <span class='ocrx_word' id='word_1_399' title='bbox 3296 3330 3424 3375; x_wconf 86' lang='lat' dir='ltr'><strong>tem</strong></span> 
     </span>
    </p>
   </div>
   <div class='ocr_carea' id='block_1_65' title="bbox 169 3418 1732 3490">
    <p class='ocr_par' dir='ltr' id='par_1_65' title="bbox 169 3418 1732 3490">
     <span class='ocr_line' id='line_1_65' title="bbox 169 3418 1732 3490; baseline -0.001 -21"><span class='ocrx_word' id='word_1_400' title='bbox 169 3435 300 3479; x_wconf 87' lang='grc' dir='ltr'>νους</span> <span class='ocrx_word' id='word_1_401' title='bbox 330 3418 471 3471; x_wconf 73' lang='grc' dir='ltr'>κατὰ</span> <span class='ocrx_word' id='word_1_402' title='bbox 537 3421 719 3488; x_wconf 72' lang='grc' dir='ltr'>πᾶσαν</span> <span class='ocrx_word' id='word_1_403' title='bbox 751 3420 962 3490; x_wconf 74' lang='grc' dir='ltr'>ἡμέραν</span> <span class='ocrx_word' id='word_1_404' title='bbox 997 3419 1278 3487; x_wconf 82' lang='grc' dir='ltr'>νηστεύειν</span> <span class='ocrx_word' id='word_1_405' title='bbox 1317 3421 1409 3470; x_wconf 78' lang='grc' dir='ltr'><strong>καὶ</strong></span> <span class='ocrx_word' id='word_1_406' title='bbox 1462 3418 1732 3486; x_wconf 75' lang='grc' dir='ltr'>μηδέποτε.</span> 
     </span>
    </p>
   </div>
   <div class='ocr_carea' id='block_1_66' title="bbox 166 3509 1745 3580">
    <p class='ocr_par' dir='ltr' id='par_1_66' title="bbox 166 3509 1745 3580">
     <span class='ocr_line' id='line_1_66' title="bbox 166 3509 1745 3580; baseline -0.002 -18"><span class='ocrx_word' id='word_1_407' title='bbox 166 3509 488 3575; x_wconf 71' lang='grc' dir='ltr'>καταλύειν,</span> <span class='ocrx_word' id='word_1_408' title='bbox 517 3511 592 3573; x_wconf 89' lang='grc' dir='ltr'><strong>ώς</strong></span> <span class='ocrx_word' id='word_1_409' title='bbox 626 3513 765 3580; x_wconf 81' lang='grc' dir='ltr'>μετᾶ</span> <span class='ocrx_word' id='word_1_410' title='bbox 795 3514 887 3563; x_wconf 80' lang='grc' dir='ltr'><strong>τὸν</strong></span> <span class='ocrx_word' id='word_1_411' title='bbox 923 3511 1180 3563; x_wconf 84' lang='grc' dir='ltr'>τοσοῦτον</span> <span class='ocrx_word' id='word_1_412' title='bbox 1224 3510 1413 3579; x_wconf 67' lang='grc' dir='ltr'>καιρδν</span> <span class='ocrx_word' id='word_1_413' title='bbox 1466 3509 1646 3576; x_wconf 83' lang='grc' dir='ltr'>λέγειν</span> <span class='ocrx_word' id='word_1_414' title='bbox 1689 3511 1745 3560; x_wconf 80' lang='grc' dir='ltr'>ὲν</span> 
     </span>
    </p>
   </div>
   <div class='ocr_carea' id='block_1_67' title="bbox 164 3601 1748 3673">
    <p class='ocr_par' dir='ltr' id='par_1_67' title="bbox 164 3601 1748 3673">
     <span class='ocr_line' id='line_1_67' title="bbox 164 3601 1748 3673; baseline -0.002 -19"><span class='ocrx_word' id='word_1_415' title='bbox 164 3602 471 3668; x_wconf 79' lang='grc' dir='ltr'>τελείοτητι</span> <span class='ocrx_word' id='word_1_416' title='bbox 494 3603 750 3670; x_wconf 83' lang='grc' dir='ltr'>γενέσθαι</span> <span class='ocrx_word' id='word_1_417' title='bbox 774 3605 900 3663; x_wconf 79' lang='grc' dir='ltr'>τοὺς</span> <span class='ocrx_word' id='word_1_418' title='bbox 923 3603 1306 3673; x_wconf 75' lang='grc' dir='ltr'>νηστεύοντας,</span> <span class='ocrx_word' id='word_1_419' title='bbox 1337 3603 1429 3655; x_wconf 77' lang='grc' dir='ltr'><strong>καὶ</strong></span> <span class='ocrx_word' id='word_1_420' title='bbox 1459 3601 1748 3655; x_wconf 82' lang='grc' dir='ltr'>καταλύειν</span> 
     </span>
    </p>
   </div>
   <div class='ocr_carea' id='block_1_68' title="bbox 164 3691 1746 3765">
    <p class='ocr_par' dir='ltr' id='par_1_68' title="bbox 164 3691 1746 3765">
     <span class='ocr_line' id='line_1_68' title="bbox 164 3691 1746 3765; baseline -0.003 -19"><span class='ocrx_word' id='word_1_421' title='bbox 164 3695 271 3746; x_wconf 70' lang='grc' dir='ltr'>καὶ</span> <span class='ocrx_word' id='word_1_422' title='bbox 312 3695 651 3765; x_wconf 81' lang='grc' dir='ltr'>ἁμαρτάνειν</span> <span class='ocrx_word' id='word_1_423' title='bbox 676 3696 1009 3765; x_wconf 66' lang='grc' dir='ltr'>ἀδιαφόρως,</span> <span class='ocrx_word' id='word_1_424' title='bbox 1034 3695 1126 3746; x_wconf 77' lang='grc' dir='ltr'>καὶ</span> <span class='ocrx_word' id='word_1_425' title='bbox 1160 3696 1339 3746; x_wconf 85' lang='grc' dir='ltr'>πᾶσαν</span> <span class='ocrx_word' id='word_1_426' title='bbox 1398 3694 1599 3745; x_wconf 70' lang='grc' dir='ltr'>κακίαν</span> <span class='ocrx_word' id='word_1_427' title='bbox 1660 3691 1746 3744; x_wconf 67' lang='grc' dir='ltr'><strong>διὰ</strong></span> 
     </span>
    </p>
   </div>
   <div class='ocr_carea' id='block_1_69' title="bbox 165 3784 1744 3854">
    <p class='ocr_par' dir='ltr' id='par_1_69' title="bbox 165 3784 1744 3854">
     <span class='ocr_line' id='line_1_69' title="bbox 165 3784 1744 3854; baseline -0.004 -14"><span class='ocrx_word' id='word_1_428' title='bbox 165 3789 278 3854; x_wconf 75' lang='grc' dir='ltr'>τῆς</span> <span class='ocrx_word' id='word_1_429' title='bbox 350 3788 684 3854; x_wconf 74' lang='grc' dir='ltr'>τελειότητος</span> <span class='ocrx_word' id='word_1_430' title='bbox 743 3787 814 3851; x_wconf 83' lang='grc' dir='ltr'><strong>ώς</strong></span> <span class='ocrx_word' id='word_1_431' title='bbox 864 3786 968 3839; x_wconf 78' lang='grc' dir='ltr'>ὑπὸ</span> <span class='ocrx_word' id='word_1_432' title='bbox 1069 3787 1240 3854; x_wconf 78' lang='grc' dir='ltr'>πυρὸς</span> <span class='ocrx_word' id='word_1_433' title='bbox 1326 3784 1744 3837; x_wconf 85' lang='grc' dir='ltr'>κατακαίεσθαι.</span> 
     </span>
    </p>
   </div>
   <div class='ocr_carea' id='block_1_70' title="bbox 168 3874 1749 3944">
    <p class='ocr_par' dir='ltr' id='par_1_70' title="bbox 168 3874 1749 3944">
     <span class='ocr_line' id='line_1_70' title="bbox 168 3874 1749 3944; baseline -0.004 -12"><span class='ocrx_word' id='word_1_434' title='bbox 168 3878 418 3932; x_wconf 77' lang='grc' dir='ltr'>Τοιαῦτα</span> <span class='ocrx_word' id='word_1_435' title='bbox 443 3878 572 3944; x_wconf 67' lang='grc' dir='ltr'>γοῦν</span> <span class='ocrx_word' id='word_1_436' title='bbox 602 3880 901 3935; x_wconf 73' lang='grc' dir='ltr'>ἐδίδασκον,</span> <span class='ocrx_word' id='word_1_437' title='bbox 934 3880 1008 3940; x_wconf 88' lang='grc' dir='ltr'><strong>ώς</strong></span> <span class='ocrx_word' id='word_1_438' title='bbox 1045 3878 1218 3940; x_wconf 76' lang='grc' dir='ltr'>ἔοικε,</span> <span class='ocrx_word' id='word_1_439' title='bbox 1289 3876 1383 3928; x_wconf 79' lang='grc' dir='ltr'>καὶ</span> <span class='ocrx_word' id='word_1_440' title='bbox 1423 3876 1471 3927; x_wconf 81' lang='grc' dir='ltr'>οἱ</span> <span class='ocrx_word' id='word_1_441' title='bbox 1508 3876 1637 3943; x_wconf 66' lang='grc' dir='ltr'>περὶ</span> <span class='ocrx_word' id='word_1_442' title='bbox 1659 3874 1749 3926; x_wconf 65' lang='grc' dir='ltr'><strong>τὸν</strong></span> 
     </span>
    </p>
   </div>
   <div class='ocr_carea' id='block_1_71' title="bbox 168 3967 1751 4038">
    <p class='ocr_par' dir='ltr' id='par_1_71' title="bbox 168 3967 1751 4038">
     <span class='ocr_line' id='line_1_71' title="bbox 168 3967 1751 4038; baseline -0.006 -12"><span class='ocrx_word' id='word_1_443' title='bbox 168 3971 513 4026; x_wconf 72' lang='grc' dir='ltr'>Εὖστάθιονο</span> <span class='ocrx_word' id='word_1_444' title='bbox 548 3973 627 4024; x_wconf 73' lang='grc' dir='ltr'>διὸ</span> <span class='ocrx_word' id='word_1_445' title='bbox 673 3977 766 4024; x_wconf 79' lang='grc' dir='ltr'>καὶ</span> <span class='ocrx_word' id='word_1_446' title='bbox 833 3968 1361 4038; x_wconf 86' lang='grc' dir='ltr'>άνεθεματίσθησαν.</span> <span class='ocrx_word' id='word_1_447' title='bbox 1431 3967 1751 4032; x_wconf 65' lang='grc' dir='ltr'>Ὀφείλομεν</span> 
     </span>
    </p>
   </div>
   <div class='ocr_carea' id='block_1_72' title="bbox 173 4057 1750 4133">
    <p class='ocr_par' dir='ltr' id='par_1_72' title="bbox 173 4057 1750 4133">
     <span class='ocr_line' id='line_1_72' title="bbox 173 4057 1750 4133; baseline -0.007 -16"><span class='ocrx_word' id='word_1_448' title='bbox 173 4064 288 4133; x_wconf 76' lang='grc' dir='ltr'><strong>γὰρ</strong></span> <span class='ocrx_word' id='word_1_449' title='bbox 318 4066 365 4116; x_wconf 76' lang='grc' dir='ltr'><strong>οἱ</strong></span> <span class='ocrx_word' id='word_1_450' title='bbox 390 4065 575 4116; x_wconf 74' lang='grc' dir='ltr'>πιστοὶ</span> <span class='ocrx_word' id='word_1_451' title='bbox 619 4063 902 4132; x_wconf 86' lang='grc' dir='ltr'>νηστεύειν</span> <span class='ocrx_word' id='word_1_452' title='bbox 955 4061 1091 4114; x_wconf 72' lang='grc' dir='ltr'>κατὰ</span> <span class='ocrx_word' id='word_1_453' title='bbox 1151 4061 1248 4120; x_wconf 72' lang='grc' dir='ltr'><strong>τὰς</strong></span> <span class='ocrx_word' id='word_1_454' title='bbox 1311 4057 1750 4128; x_wconf 79' lang='grc' dir='ltr'>παραδεδομένας</span> 
     </span>
    </p>
   </div>
   <div class='ocr_carea' id='block_1_73' title="bbox 165 4149 1751 4226">
    <p class='ocr_par' dir='ltr' id='par_1_73' title="bbox 165 4149 1751 4226">
     <span class='ocr_line' id='line_1_73' title="bbox 165 4149 1751 4226; baseline -0.008 -16"><span class='ocrx_word' id='word_1_455' title='bbox 165 4158 447 4225; x_wconf 77' lang='grc' dir='ltr'>νηστείας,</span> <span class='ocrx_word' id='word_1_456' title='bbox 485 4159 602 4226; x_wconf 78' lang='grc' dir='ltr'>ἦτοι</span> <span class='ocrx_word' id='word_1_457' title='bbox 628 4155 898 4224; x_wconf 84' lang='grc' dir='ltr'>Τετράδα,</span> <span class='ocrx_word' id='word_1_458' title='bbox 933 4154 1026 4206; x_wconf 68' lang='grc' dir='ltr'><strong>καὶ</strong></span> <span class='ocrx_word' id='word_1_459' title='bbox 1057 4155 1156 4222; x_wconf 79' lang='grc' dir='ltr'>τὴν</span> <span class='ocrx_word' id='word_1_460' title='bbox 1213 4151 1598 4219; x_wconf 77' lang='grc' dir='ltr'>Παρασκευὴν,</span> <span class='ocrx_word' id='word_1_461' title='bbox 1653 4149 1751 4216; x_wconf 80' lang='grc' dir='ltr'><strong>τὴν</strong></span> 
     </span>
    </p>
   </div>
   <div class='ocr_carea' id='block_1_74' title="bbox 170 4233 1749 4321">
    <p class='ocr_par' dir='ltr' id='par_1_74' title="bbox 170 4239 1749 4321">
     <span class='ocr_line' id='line_1_74' title="bbox 170 4239 1749 4321; baseline -0.008 -19"><span class='ocrx_word' id='word_1_462' title='bbox 170 4249 426 4321; x_wconf 80' lang='grc' dir='ltr'>μεγάλην</span> <span class='ocrx_word' id='word_1_463' title='bbox 468 4245 1049 4316; x_wconf 71' lang='grc' dir='ltr'>Τεσσαρακοστὴνκαὶ</span> <span class='ocrx_word' id='word_1_464' title='bbox 1080 4245 1179 4304; x_wconf 76' lang='grc' dir='ltr'><strong>τάς</strong></span> <span class='ocrx_word' id='word_1_465' title='bbox 1220 4242 1457 4302; x_wconf 63' lang='grc' dir='ltr'>λοίπᾶξαη</span> <span class='ocrx_word' id='word_1_466' title='bbox 1475 4239 1749 4308; x_wconf 75' lang='grc' dir='ltr'>νηστείας,</span> 
     </span>
    </p>
   </div>
   <div class='ocr_carea' id='block_1_75' title="bbox 168 4324 1755 4408">
    <p class='ocr_par' dir='ltr' id='par_1_75' title="bbox 168 4324 1755 4408">
     <span class='ocr_line' id='line_1_75' title="bbox 168 4324 1755 4408; baseline -0.011 -12"><span class='ocrx_word' id='word_1_467' title='bbox 168 4343 276 4397; x_wconf 81' lang='grc' dir='ltr'>καὶ</span> <span class='ocrx_word' id='word_1_468' title='bbox 301 4341 458 4403; x_wconf 76' lang='grc' dir='ltr'>αὖθις</span> <span class='ocrx_word' id='word_1_469' title='bbox 489 4338 888 4408; x_wconf 82' lang='grc' dir='ltr'>πανηγυρίζειν</span> <span class='ocrx_word' id='word_1_470' title='bbox 921 4336 1062 4389; x_wconf 85' lang='grc' dir='ltr'><strong>κατά</strong></span> <span class='ocrx_word' id='word_1_471' title='bbox 1098 4334 1195 4396; x_wconf 77' lang='grc' dir='ltr'>τὰς</span> <span class='ocrx_word' id='word_1_472' title='bbox 1224 4324 1585 4402; x_wconf 70' lang='grc' dir='ltr'>ἑορτασίμους</span> <span class='ocrx_word' id='word_1_473' title='bbox 1615 4329 1755 4398; x_wconf 60' lang='grc' dir='ltr'>ἠμέ-</span> 
     </span>
    </p>
   </div>
   <div class='ocr_carea' id='block_1_76' title="bbox 175 4421 1750 4507">
    <p class='ocr_par' dir='ltr' id='par_1_76' title="bbox 175 4421 1750 4507">
     <span class='ocr_line' id='line_1_76' title="bbox 175 4421 1750 4507; baseline -0.01 -20"><span class='ocrx_word' id='word_1_474' title='bbox 175 4452 304 4507; x_wconf 87' lang='grc' dir='ltr'>ρας,</span> <span class='ocrx_word' id='word_1_475' title='bbox 333 4435 382 4485; x_wconf 87' lang='grc' dir='ltr'><strong>εί</strong></span> <span class='ocrx_word' id='word_1_476' title='bbox 421 4433 587 4502; x_wconf 80' lang='grc' dir='ltr'>μήπω</span> <span class='ocrx_word' id='word_1_477' title='bbox 616 4429 705 4482; x_wconf 75' lang='grc' dir='ltr'>διὰ</span> <span class='ocrx_word' id='word_1_478' title='bbox 727 4429 882 4482; x_wconf 72' lang='grc' dir='ltr'>νόσον</span> <span class='ocrx_word' id='word_1_479' title='bbox 933 4426 1241 4479; x_wconf 74' lang='grc' dir='ltr'>καταλῦσαι</span> <span class='ocrx_word' id='word_1_480' title='bbox 1294 4421 1750 4490; x_wconf 80' lang='grc' dir='ltr'>ἀναγκασθῷμεν.</span> 
     </span>
    </p>
   </div>
   <div class='ocr_carea' id='block_1_77' title="bbox 169 4515 1754 4604">
    <p class='ocr_par' dir='ltr' id='par_1_77' title="bbox 169 4515 1754 4604">
     <span class='ocr_line' id='line_1_77' title="bbox 169 4515 1754 4604; baseline -0.008 -25"><span class='ocrx_word' id='word_1_481' title='bbox 169 4529 304 4580; x_wconf 84' lang='grc' dir='ltr'>Ὅτι</span> <span class='ocrx_word' id='word_1_482' title='bbox 330 4525 469 4594; x_wconf 70' lang='grc' dir='ltr'>φησὶ</span> <span class='ocrx_word' id='word_1_483' title='bbox 491 4526 586 4576; x_wconf 77' lang='grc' dir='ltr'><strong>καὶ</strong></span> <span class='ocrx_word' id='word_1_484' title='bbox 622 4525 649 4576; x_wconf 79' lang='grc' dir='ltr'><strong>ὁ</strong></span> <span class='ocrx_word' id='word_1_485' title='bbox 682 4521 754 4587; x_wconf 76' lang='grc' dir='ltr'><strong>ξθ¹</strong></span> <span class='ocrx_word' id='word_1_486' title='bbox 785 4520 1140 4582; x_wconf 75' lang='grc' dir='ltr'>ἀποστολικδς</span> <span class='ocrx_word' id='word_1_487' title='bbox 1156 4518 1373 4604; x_wconf 55' lang='grc' dir='ltr'>μεινὼν,</span> <span class='ocrx_word' id='word_1_488' title='bbox 1407 4515 1548 4568; x_wconf 77' lang='grc' dir='ltr'>κατὰ</span> <span class='ocrx_word' id='word_1_489' title='bbox 1575 4516 1754 4566; x_wconf 70' lang='grc' dir='ltr'>πᾶσαν</span> 
     </span>
    </p>
   </div>
   <div class='ocr_carea' id='block_1_78' title="bbox 169 4605 1753 4687">
    <p class='ocr_par' dir='ltr' id='par_1_78' title="bbox 169 4605 1753 4687">
     <span class='ocr_line' id='line_1_78' title="bbox 169 4605 1753 4687; baseline -0.011 -15"><span class='ocrx_word' id='word_1_490' title='bbox 169 4617 427 4687; x_wconf 86' lang='grc' dir='ltr'>Τετράδα</span> <span class='ocrx_word' id='word_1_491' title='bbox 471 4616 565 4668; x_wconf 70' lang='grc' dir='ltr'><strong>καὶ</strong></span> <span class='ocrx_word' id='word_1_492' title='bbox 597 4613 958 4682; x_wconf 78' lang='grc' dir='ltr'>Παρασκευὴν</span> <span class='ocrx_word' id='word_1_493' title='bbox 989 4611 1080 4664; x_wconf 76' lang='grc' dir='ltr'>καὶ</span> <span class='ocrx_word' id='word_1_494' title='bbox 1128 4610 1228 4677; x_wconf 78' lang='grc' dir='ltr'>τὴν</span> <span class='ocrx_word' id='word_1_495' title='bbox 1309 4605 1753 4674; x_wconf 77' lang='grc' dir='ltr'>τεσσαρακοστὴν</span> 
     </span>
    </p>
   </div>
   <div class='ocr_carea' id='block_1_79' title="bbox 170 4701 1756 4777">
    <p class='ocr_par' dir='ltr' id='par_1_79' title="bbox 170 4701 1756 4777">
     <span class='ocr_line' id='line_1_79' title="bbox 170 4701 1756 4777; baseline -0.008 -15"><span class='ocrx_word' id='word_1_496' title='bbox 170 4709 274 4762; x_wconf 80' lang='grc' dir='ltr'>τοῦ</span> <span class='ocrx_word' id='word_1_497' title='bbox 309 4710 502 4777; x_wconf 79' lang='grc' dir='ltr'>Πάσχα</span> <span class='ocrx_word' id='word_1_498' title='bbox 545 4706 620 4776; x_wconf 79' lang='grc' dir='ltr'><strong>μὴ</strong></span> <span class='ocrx_word' id='word_1_499' title='bbox 646 4705 938 4759; x_wconf 81' lang='grc' dir='ltr'>καταλύειν</span> <span class='ocrx_word' id='word_1_500' title='bbox 973 4705 1143 4773; x_wconf 73' lang='grc' dir='ltr'>ἡμᾶς,</span> <span class='ocrx_word' id='word_1_501' title='bbox 1174 4704 1224 4754; x_wconf 85' lang='grc' dir='ltr'>εἰ</span> <span class='ocrx_word' id='word_1_502' title='bbox 1260 4702 1334 4772; x_wconf 81' lang='grc' dir='ltr'>μὴ</span> <span class='ocrx_word' id='word_1_503' title='bbox 1375 4701 1440 4754; x_wconf 84' lang='grc' dir='ltr'>δι’</span> <span class='ocrx_word' id='word_1_504' title='bbox 1470 4701 1756 4753; x_wconf 85' lang='grc' dir='ltr'>ἀσθένειαν</span> 
     </span>
    </p>
   </div>
   <div class='ocr_carea' id='block_1_80' title="bbox 173 4792 1191 4870">
    <p class='ocr_par' dir='ltr' id='par_1_80' title="bbox 173 4792 1191 4870">
     <span class='ocr_line' id='line_1_80' title="bbox 173 4792 1191 4870; baseline -0.004 -16"><span class='ocrx_word' id='word_1_505' title='bbox 173 4801 520 4869; x_wconf 78' lang='grc' dir='ltr'>σωματικήν.</span> <span class='ocrx_word' id='word_1_506' title='bbox 1031 4805 1045 4835; x_wconf 68' lang='grc'>⁸</span> <span class='ocrx_word' id='word_1_507' title='bbox 1114 4792 1191 4870; x_wconf 53' lang='grc' dir='ltr'><strong>κί’</strong></span> 
     </span>
    </p>
   </div>
   <div class='ocr_carea' id='block_1_81' title="bbox 250 4887 1760 4959">
    <p class='ocr_par' dir='ltr' id='par_1_81' title="bbox 250 4887 1760 4959">
     <span class='ocr_line' id='line_1_81' title="bbox 250 4887 1760 4959; baseline -0.002 -14"><span class='ocrx_word' id='word_1_508' title='bbox 250 4893 497 4945; x_wconf 68' lang='grc' dir='ltr'><strong>ΖΩΝᾹΡ.</strong></span> <span class='ocrx_word' id='word_1_509' title='bbox 542 4890 600 4942; x_wconf 89' lang='grc'><strong>’0</strong></span> <span class='ocrx_word' id='word_1_510' title='bbox 631 4887 988 4947; x_wconf 74' lang='grc' dir='ltr'>ἀποστολικὸς</span> <span class='ocrx_word' id='word_1_511' title='bbox 1011 4887 1306 4955; x_wconf 72' lang='grc' dir='ltr'>ἑξηκοστὺς</span> <span class='ocrx_word' id='word_1_512' title='bbox 1360 4888 1620 4959; x_wconf 82' lang='grc' dir='ltr'>τέταρτος</span> <span class='ocrx_word' id='word_1_513' title='bbox 1655 4909 1760 4942; x_wconf 88' lang='grc' dir='ltr'>κα-</span> 
     </span>
    </p>
   </div>
   <div class='ocr_carea' id='block_1_82' title="bbox 177 4977 1760 5050">
    <p class='ocr_par' dir='ltr' id='par_1_82' title="bbox 177 4977 1760 5050">
     <span class='ocr_line' id='line_1_82' title="bbox 177 4977 1760 5050; baseline -0.003 -14"><span class='ocrx_word' id='word_1_514' title='bbox 177 4983 292 5036; x_wconf 86' lang='grc' dir='ltr'><strong>νὼν</strong></span> <span class='ocrx_word' id='word_1_515' title='bbox 321 4981 478 5034; x_wconf 76' lang='grc' dir='ltr'>τοῦτο</span> <span class='ocrx_word' id='word_1_516' title='bbox 517 4981 698 5050; x_wconf 78' lang='grc' dir='ltr'>ῥητῶς</span> <span class='ocrx_word' id='word_1_517' title='bbox 742 4994 950 5048; x_wconf 64' lang='grc' dir='ltr'>φησιν(</span> <span class='ocrx_word' id='word_1_518' title='bbox 988 4977 1053 5030; x_wconf 79' lang='grc' dir='ltr'><strong>Εἴ</strong></span> <span class='ocrx_word' id='word_1_519' title='bbox 1083 4977 1467 5046; x_wconf 68' lang='grc' dir='ltr'>τιςτκληρικδς</span> <span class='ocrx_word' id='word_1_520' title='bbox 1512 4981 1760 5050; x_wconf 72' lang='grc' dir='ltr'>εὑρεθείη</span> 
     </span>
    </p>
   </div>
   <div class='ocr_carea' id='block_1_83' title="bbox 177 5069 1759 5202">
    <p class='ocr_par' dir='ltr' id='par_1_83' title="bbox 177 5069 1759 5202">
     <span class='ocr_line' id='line_1_83' title="bbox 177 5069 1759 5202; baseline -0.004 -72"><span class='ocrx_word' id='word_1_521' title='bbox 177 5077 284 5144; x_wconf 80' lang='grc' dir='ltr'>τὴν</span> <span class='ocrx_word' id='word_1_522' title='bbox 305 5074 591 5141; x_wconf 81' lang='grc' dir='ltr'>Κυριακὴν</span> <span class='ocrx_word' id='word_1_523' title='bbox 628 5072 842 5142; x_wconf 79' lang='grc' dir='ltr'>ἡμέραν</span> <span class='ocrx_word' id='word_1_524' title='bbox 909 5069 1211 5140; x_wconf 84' lang='grc' dir='ltr'>νηστεύων,</span> <span class='ocrx_word' id='word_1_525' title='bbox 1257 5069 1289 5138; x_wconf 78' lang='grc' dir='ltr'><strong>ἢ</strong></span> <span class='ocrx_word' id='word_1_526' title='bbox 1341 5069 1400 5121; x_wconf 82' lang='grc' dir='ltr'><strong>τὸ</strong></span> <span class='ocrx_word' id='word_1_527' title='bbox 1454 5072 1759 5202; x_wconf 54' lang='grc' dir='ltr'>Σάϐὂετον,</span> 
     </span>
     <span class='ocr_line' id='line_1_84' title="bbox 177 5162 1738 5202; baseline 0 0"><span class='ocrx_word' id='word_1_528' title='bbox 177 5167 444 5202; x_wconf 53' lang='grc' dir='ltr'><strong>..δὲηφηῗι</strong></span> <span class='ocrx_word' id='word_1_529' title='bbox 482 5167 596 5202; x_wconf 60' lang='grc' dir='ltr'><strong>ξυλμ</strong></span> <span class='ocrx_word' id='word_1_530' title='bbox 661 5165 820 5202; x_wconf 62' lang='lat' dir='ltr'><strong>utinm:</strong></span> <span class='ocrx_word' id='word_1_531' title='bbox 891 5162 1304 5202; x_wconf 65' lang='grc' dir='ltr'>νηῆησηςίρτθωο</span> <span class='ocrx_word' id='word_1_532' title='bbox 1359 5164 1404 5202; x_wconf 78' lang='lat' dir='ltr'>:I</span> <span class='ocrx_word' id='word_1_533' title='bbox 1457 5164 1512 5202; x_wconf 63' lang='grc' dir='ltr'><strong>δὲ</strong></span> <span class='ocrx_word' id='word_1_534' title='bbox 1553 5164 1614 5202; x_wconf 71' lang='grc' dir='ltr'>λη</span> <span class='ocrx_word' id='word_1_535' title='bbox 1645 5165 1738 5202; x_wconf 44' lang='lat' dir='ltr'><strong>vi!</strong></span> 
     </span>
    </p>
   </div>
   <div class='ocr_carea' id='block_1_84' title="bbox 177 5162 1760 5249">
    <p class='ocr_par' dir='ltr' id='par_1_84' title="bbox 177 5162 1760 5249">
     <span class='ocr_line' id='line_1_85' title="bbox 177 5162 1760 5249; baseline -0.002 -32"><span class='ocrx_word' id='word_1_536' title='bbox 177 5169 327 5245; x_wconf 67' lang='grc' dir='ltr'>πλὴν</span> <span class='ocrx_word' id='word_1_537' title='bbox 353 5167 444 5219; x_wconf 83' lang='grc' dir='ltr'>τοῦ</span> <span class='ocrx_word' id='word_1_538' title='bbox 471 5167 596 5249; x_wconf 46' lang='grc' dir='ltr'>ἐνὸς</span> <span class='ocrx_word' id='word_1_539' title='bbox 659 5165 844 5249; x_wconf 76' lang='grc' dir='ltr'>μόνου,</span> <span class='ocrx_word' id='word_1_540' title='bbox 891 5162 1263 5234; x_wconf 79' lang='grc' dir='ltr'>καθαιρείσθω</span> <span class='ocrx_word' id='word_1_541' title='bbox 1290 5179 1304 5192; x_wconf 83' lang='grc'>⁶</span> <span class='ocrx_word' id='word_1_542' title='bbox 1359 5164 1406 5216; x_wconf 87' lang='grc' dir='ltr'><strong>εί</strong></span> <span class='ocrx_word' id='word_1_543' title='bbox 1457 5164 1514 5216; x_wconf 84' lang='grc' dir='ltr'><strong>δὲ</strong></span> <span class='ocrx_word' id='word_1_544' title='bbox 1553 5162 1760 5229; x_wconf 61' lang='grc' dir='ltr'>λα’ἳκὶς,</span> 
     </span>
    </p>
   </div>
   <div class='ocr_carea' id='block_1_85' title="bbox 172 5240 1761 5340">
    <p class='ocr_par' dir='ltr' id='par_1_85' title="bbox 172 5240 1761 5340">
     <span class='ocr_line' id='line_1_86' title="bbox 172 5240 1761 5340; baseline -0.001 -32"><span class='ocrx_word' id='word_1_545' title='bbox 172 5240 548 5328; x_wconf 66' lang='grc' dir='ltr'>ἀφοριζέσθω.</span> <span class='ocrx_word' id='word_1_546' title='bbox 588 5240 703 5309; x_wconf 63' lang='grc' dir='ltr'>Καί</span> <span class='ocrx_word' id='word_1_547' title='bbox 753 5257 780 5306; x_wconf 82' lang='grc' dir='ltr'>ὁ</span> <span class='ocrx_word' id='word_1_548' title='bbox 834 5255 908 5319; x_wconf 83' lang='grc' dir='ltr'><strong>ξθ¹</strong></span> <span class='ocrx_word' id='word_1_549' title='bbox 988 5254 1095 5340; x_wconf 56' lang='grc' dir='ltr'><strong>τὴν</strong></span> <span class='ocrx_word' id='word_1_550' title='bbox 1174 5256 1622 5328; x_wconf 76' lang='grc' dir='ltr'>τεσσαρακοστὴν</span> <span class='ocrx_word' id='word_1_551' title='bbox 1669 5255 1761 5309; x_wconf 81' lang='grc' dir='ltr'>τοῦ</span> 
     </span>
    </p>
   </div>
   <div class='ocr_carea' id='block_1_86' title="bbox 176 5346 1763 5418">
    <p class='ocr_par' dir='ltr' id='par_1_86' title="bbox 176 5346 1763 5418">
     <span class='ocr_line' id='line_1_87' title="bbox 176 5346 1763 5418; baseline -0.004 -13"><span class='ocrx_word' id='word_1_552' title='bbox 176 5352 378 5418; x_wconf 78' lang='grc' dir='ltr'>Πάσχα</span> <span class='ocrx_word' id='word_1_553' title='bbox 401 5347 687 5418; x_wconf 89' lang='grc' dir='ltr'>νηστεύειν</span> <span class='ocrx_word' id='word_1_554' title='bbox 718 5347 1029 5417; x_wconf 78' lang='grc' dir='ltr'>παρεγγυᾷ,</span> <span class='ocrx_word' id='word_1_555' title='bbox 1050 5346 1144 5399; x_wconf 75' lang='grc' dir='ltr'><strong>καὶ</strong></span> <span class='ocrx_word' id='word_1_556' title='bbox 1167 5346 1413 5414; x_wconf 87' lang='grc' dir='ltr'>Τετράδα</span> <span class='ocrx_word' id='word_1_557' title='bbox 1452 5348 1545 5398; x_wconf 71' lang='grc' dir='ltr'><strong>καὶ</strong></span> <span class='ocrx_word' id='word_1_558' title='bbox 1576 5348 1763 5414; x_wconf 83' lang='grc' dir='ltr'>Παρα-</span> 
     </span>
    </p>
   </div>
   <div class='ocr_carea' id='block_1_87' title="bbox 179 5434 1765 5508">
    <p class='ocr_par' dir='ltr' id='par_1_87' title="bbox 179 5434 1765 5508">
     <span class='ocr_line' id='line_1_88' title="bbox 179 5434 1765 5508; baseline -0.004 -14"><span class='ocrx_word' id='word_1_559' title='bbox 179 5441 426 5507; x_wconf 87' lang='grc' dir='ltr'>σκευήν·</span> <span class='ocrx_word' id='word_1_560' title='bbox 481 5441 528 5490; x_wconf 86' lang='grc' dir='ltr'>εἰ</span> <span class='ocrx_word' id='word_1_561' title='bbox 573 5438 647 5508; x_wconf 83' lang='grc' dir='ltr'>μὴ</span> <span class='ocrx_word' id='word_1_562' title='bbox 679 5438 746 5491; x_wconf 85' lang='grc' dir='ltr'>δι’</span> <span class='ocrx_word' id='word_1_563' title='bbox 780 5438 1065 5490; x_wconf 82' lang='grc' dir='ltr'>ἀσθένειάν</span> <span class='ocrx_word' id='word_1_564' title='bbox 1088 5454 1175 5498; x_wconf 88' lang='grc' dir='ltr'><strong>τις</strong></span> <span class='ocrx_word' id='word_1_565' title='bbox 1221 5434 1588 5504; x_wconf 71' lang='grc' dir='ltr'>ἐμποδίζοιτο.</span> <span class='ocrx_word' id='word_1_566' title='bbox 1643 5439 1765 5492; x_wconf 84' lang='grc' dir='ltr'>Τῶν</span> 
     </span>
    </p>
   </div>
   <div class='ocr_carea' id='block_1_88' title="bbox 171 5526 1765 5597">
    <p class='ocr_par' dir='ltr' id='par_1_88' title="bbox 171 5526 1765 5597">
     <span class='ocr_line' id='line_1_89' title="bbox 171 5526 1765 5597; baseline -0.001 -14"><span class='ocrx_word' id='word_1_567' title='bbox 171 5529 240 5583; x_wconf 79' lang='grc' dir='ltr'>δὲ</span> <span class='ocrx_word' id='word_1_568' title='bbox 291 5531 421 5597; x_wconf 80' lang='grc' dir='ltr'>περὶ</span> <span class='ocrx_word' id='word_1_569' title='bbox 461 5528 554 5580; x_wconf 78' lang='grc' dir='ltr'><strong>τὸν</strong></span> <span class='ocrx_word' id='word_1_570' title='bbox 583 5528 879 5580; x_wconf 78' lang='grc' dir='ltr'>Εὐστάθιον</span> <span class='ocrx_word' id='word_1_571' title='bbox 914 5526 1011 5589; x_wconf 88' lang='grc' dir='ltr'><strong>τάς</strong></span> <span class='ocrx_word' id='word_1_572' title='bbox 1031 5527 1471 5595; x_wconf 78' lang='grc' dir='ltr'>παραδεδομένας</span> <span class='ocrx_word' id='word_1_573' title='bbox 1511 5529 1765 5594; x_wconf 76' lang='grc' dir='ltr'>νηστείας</span> 
     </span>
    </p>
   </div>
   <div class='ocr_carea' id='block_1_89' title="bbox 175 5613 1766 5715">
    <p class='ocr_par' dir='ltr' id='par_1_89' title="bbox 175 5613 1766 5715">
     <span class='ocr_line' id='line_1_90' title="bbox 175 5613 1766 5715; baseline -0.001 -39"><span class='ocrx_word' id='word_1_574' title='bbox 175 5621 446 5684; x_wconf 74' lang='grc' dir='ltr'>λυόντων,</span> <span class='ocrx_word' id='word_1_575' title='bbox 477 5619 550 5682; x_wconf 76' lang='grc' dir='ltr'>ὡς</span> <span class='ocrx_word' id='word_1_576' title='bbox 584 5620 726 5689; x_wconf 86' lang='grc' dir='ltr'>τάχα</span> <span class='ocrx_word' id='word_1_577' title='bbox 754 5620 1081 5686; x_wconf 81' lang='grc' dir='ltr'>φθασάντων</span> <span class='ocrx_word' id='word_1_578' title='bbox 1111 5613 1246 5688; x_wconf 61' lang='grc' dir='ltr'>πρὸς</span> <span class='ocrx_word' id='word_1_579' title='bbox 1270 5619 1610 5715; x_wconf 34' lang='grc' dir='ltr'>τελειὸιτητα,</span> <span class='ocrx_word' id='word_1_580' title='bbox 1671 5621 1766 5674; x_wconf 77' lang='grc' dir='ltr'>καὶ</span> 
     </span>
    </p>
   </div>
   <div class='ocr_carea' id='block_1_90' title="bbox 177 5712 1764 5784">
    <p class='ocr_par' dir='ltr' id='par_1_90' title="bbox 177 5712 1764 5784">
     <span class='ocr_line' id='line_1_91' title="bbox 177 5712 1764 5784; baseline -0.001 -19"><span class='ocrx_word' id='word_1_581' title='bbox 177 5713 678 5781; x_wconf 72' lang='grc' dir='ltr'>οὐκέτιδεομένων</span> <span class='ocrx_word' id='word_1_582' title='bbox 736 5713 1012 5780; x_wconf 82' lang='grc' dir='ltr'>νηστείας,</span> <span class='ocrx_word' id='word_1_583' title='bbox 1069 5712 1160 5764; x_wconf 74' lang='grc' dir='ltr'>τὸν</span> <span class='ocrx_word' id='word_1_584' title='bbox 1210 5712 1412 5764; x_wconf 85' lang='grc' dir='ltr'>κανόνα</span> <span class='ocrx_word' id='word_1_585' title='bbox 1449 5712 1663 5766; x_wconf 76' lang='grc' dir='ltr'>’τοῦτον</span> <span class='ocrx_word' id='word_1_586' title='bbox 1733 5715 1764 5784; x_wconf 82' lang='grc' dir='ltr'>ὴ</span> 
     </span>
    </p>
   </div>
   <div class='ocr_carea' id='block_1_91' title="bbox 183 5789 1765 5875">
    <p class='ocr_par' dir='ltr' id='par_1_91' title="bbox 183 5789 1765 5875">
     <span class='ocr_line' id='line_1_92' title="bbox 183 5789 1765 5875; baseline -0.001 -16"><span class='ocrx_word' id='word_1_587' title='bbox 183 5806 405 5868; x_wconf 82' lang='grc' dir='ltr'>συνόδος</span> <span class='ocrx_word' id='word_1_588' title='bbox 428 5804 793 5874; x_wconf 68' lang='grc' dir='ltr'>ἐξεφώνησεν,</span> <span class='ocrx_word' id='word_1_589' title='bbox 812 5805 1062 5875; x_wconf 60' lang='grc' dir='ltr'>ἁνᾲθεμα</span> <span class='ocrx_word' id='word_1_590' title='bbox 1111 5789 1643 5875; x_wconf 58' lang='grc' dir='ltr'>καταψηφιζόμενοκῘ</span> <span class='ocrx_word' id='word_1_591' title='bbox 1659 5806 1765 5859; x_wconf 85' lang='grc' dir='ltr'><strong>τῶν</strong></span> 
     </span>
    </p>
   </div>
   <div class='ocr_carea' id='block_1_92' title="bbox 180 5898 1766 5972">
    <p class='ocr_par' dir='ltr' id='par_1_92' title="bbox 180 5898 1766 5972">
     <span class='ocr_line' id='line_1_93' title="bbox 180 5898 1766 5972; baseline 0.002 -21"><span class='ocrx_word' id='word_1_592' title='bbox 180 5899 425 5952; x_wconf 75' lang='grc' dir='ltr'>λυόιτων</span> <span class='ocrx_word' id='word_1_593' title='bbox 449 5898 543 5963; x_wconf 68' lang='grc' dir='ltr'><strong>τὰς</strong></span> <span class='ocrx_word' id='word_1_594' title='bbox 567 5900 1021 5972; x_wconf 67' lang='grc' dir='ltr'>,παραδεδομένας</span> <span class='ocrx_word' id='word_1_595' title='bbox 1057 5899 1334 5970; x_wconf 61' lang='grc' dir='ltr'>νηστείας,</span> <span class='ocrx_word' id='word_1_596' title='bbox 1383 5899 1475 5953; x_wconf 75' lang='grc' dir='ltr'><strong>καὶ</strong></span> <span class='ocrx_word' id='word_1_597' title='bbox 1527 5899 1631 5954; x_wconf 61' lang='grc' dir='ltr'>ὑπὸ</span> <span class='ocrx_word' id='word_1_598' title='bbox 1666 5901 1766 5971; x_wconf 76' lang='grc' dir='ltr'>τῆς</span> 
     </span>
    </p>
   </div>
   <div class='ocr_carea' id='block_1_93' title="bbox 1859 3415 3429 3488">
    <p class='ocr_par' dir='ltr' id='par_1_93' title="bbox 1859 3415 3429 3488">
     <span class='ocr_line' id='line_1_94' title="bbox 1859 3415 3429 3488; baseline -0.001 -18"><span class='ocrx_word' id='word_1_599' title='bbox 1859 3435 1958 3487; x_wconf 81' lang='lat' dir='ltr'><strong>pus</strong></span> <span class='ocrx_word' id='word_1_600' title='bbox 2019 3420 2165 3473; x_wconf 90' lang='lat' dir='ltr'><strong>omni</strong></span> <span class='ocrx_word' id='word_1_601' title='bbox 2227 3419 2314 3472; x_wconf 91' lang='lat' dir='ltr'><strong>die</strong></span> <span class='ocrx_word' id='word_1_602' title='bbox 2347 3419 2618 3488; x_wconf 75' lang='lat' dir='ltr'><strong>jejunare,</strong></span> <span class='ocrx_word' id='word_1_603' title='bbox 2683 3433 2783 3472; x_wconf 91' lang='lat' dir='ltr'><strong>nec</strong></span> <span class='ocrx_word' id='word_1_604' title='bbox 2853 3434 3092 3488; x_wconf 87' lang='lat' dir='ltr'><strong>unquam</strong></span> <span class='ocrx_word' id='word_1_605' title='bbox 3158 3415 3429 3486; x_wconf 85' lang='lat' dir='ltr'><strong>jejunium</strong></span> 
     </span>
    </p>
   </div>
   <div class='ocr_carea' id='block_1_94' title="bbox 1859 3506 3432 3584">
    <p class='ocr_par' dir='ltr' id='par_1_94' title="bbox 1859 3506 3432 3584">
     <span class='ocr_line' id='line_1_95' title="bbox 1859 3506 3432 3584; baseline -0.003 -20"><span class='ocrx_word' id='word_1_606' title='bbox 1859 3510 2093 3574; x_wconf 73' lang='lat' dir='ltr'><strong>solvere,</strong></span> <span class='ocrx_word' id='word_1_607' title='bbox 2131 3515 2187 3562; x_wconf 91' lang='lat' dir='ltr'><strong>ut</strong></span> <span class='ocrx_word' id='word_1_608' title='bbox 2220 3525 2335 3574; x_wconf 91' lang='lat' dir='ltr'><strong>cos,</strong></span> <span class='ocrx_word' id='word_1_609' title='bbox 2371 3508 2463 3578; x_wconf 91' lang='lat' dir='ltr'><strong>qui</strong></span> <span class='ocrx_word' id='word_1_610' title='bbox 2499 3517 2625 3584; x_wconf 69' lang='lat' dir='ltr'><strong>post</strong></span> <span class='ocrx_word' id='word_1_611' title='bbox 2666 3516 2878 3584; x_wconf 75' lang='lat' dir='ltr'><strong>tantum</strong></span> <span class='ocrx_word' id='word_1_612' title='bbox 2915 3519 3130 3578; x_wconf 88' lang='lat' dir='ltr'><strong>tempus</strong></span> <span class='ocrx_word' id='word_1_613' title='bbox 3158 3506 3432 3577; x_wconf 82' lang='lat' dir='ltr'><strong>jejunant.</strong></span> 
     </span>
    </p>
   </div>
   <div class='ocr_carea' id='block_1_95' title="bbox 1858 3577 3432 3670">
    <p class='ocr_par' dir='ltr' id='par_1_95' title="bbox 1858 3577 3432 3670">
     <span class='ocr_line' id='line_1_96' title="bbox 1858 3577 3432 3670; baseline -0.003 -16"><span class='ocrx_word' id='word_1_614' title='bbox 1858 3601 2045 3655; x_wconf 88' lang='lat' dir='ltr'><strong>dicant</strong></span> <span class='ocrx_word' id='word_1_615' title='bbox 2078 3615 2203 3656; x_wconf 90' lang='lat' dir='ltr'><strong>esse</strong></span> <span class='ocrx_word' id='word_1_616' title='bbox 2239 3600 2290 3654; x_wconf 93' lang='lat' dir='ltr'><strong>in</strong></span> <span class='ocrx_word' id='word_1_617' title='bbox 2339 3577 2694 3669; x_wconf 75' lang='lat' dir='ltr'><strong>perfectione,</strong></span> <span class='ocrx_word' id='word_1_618' title='bbox 2733 3577 2788 3655; x_wconf 56' lang='lat' dir='ltr'><strong>°ct</strong></span> <span class='ocrx_word' id='word_1_619' title='bbox 2828 3577 3098 3670; x_wconf 86' lang='lat' dir='ltr'><strong>jejunium</strong></span> <span class='ocrx_word' id='word_1_620' title='bbox 3137 3599 3348 3656; x_wconf 84' lang='lat' dir='ltr'><strong>solvere</strong></span> <span class='ocrx_word' id='word_1_621' title='bbox 3381 3607 3432 3651; x_wconf 88' lang='lat' dir='ltr'><strong>et</strong></span> 
     </span>
    </p>
   </div>
   <div class='ocr_carea' id='block_1_96' title="bbox 1858 3687 3430 3759">
    <p class='ocr_par' dir='ltr' id='par_1_96' title="bbox 1858 3687 3430 3759">
     <span class='ocr_line' id='line_1_97' title="bbox 1858 3687 3430 3759; baseline -0.005 -15"><span class='ocrx_word' id='word_1_622' title='bbox 1858 3705 2089 3758; x_wconf 83' lang='lat' dir='ltr'><strong>peccare</strong></span> <span class='ocrx_word' id='word_1_623' title='bbox 2146 3691 2628 3744; x_wconf 83' lang='lat' dir='ltr'><strong>indiscriminatim</strong></span> <span class='ocrx_word' id='word_1_624' title='bbox 2684 3705 2864 3759; x_wconf 82' lang='lat' dir='ltr'><strong>posse,</strong></span> <span class='ocrx_word' id='word_1_625' title='bbox 2930 3697 2984 3742; x_wconf 91' lang='lat' dir='ltr'><strong>et</strong></span> <span class='ocrx_word' id='word_1_626' title='bbox 3039 3703 3202 3742; x_wconf 92' lang='lat' dir='ltr'><strong>omne</strong></span> <span class='ocrx_word' id='word_1_627' title='bbox 3241 3687 3430 3739; x_wconf 79' lang='lat' dir='ltr'><strong>vitium</strong></span> 
     </span>
    </p>
   </div>
   <div class='ocr_carea' id='block_1_97' title="bbox 1859 3775 3432 3850">
    <p class='ocr_par' dir='ltr' id='par_1_97' title="bbox 1859 3775 3432 3850">
     <span class='ocr_line' id='line_1_98' title="bbox 1859 3775 3432 3850; baseline -0.003 -17"><span class='ocrx_word' id='word_1_628' title='bbox 1859 3789 2119 3850; x_wconf 90' lang='lat' dir='ltr'><strong>tanquam</strong></span> <span class='ocrx_word' id='word_1_629' title='bbox 2173 3796 2200 3833; x_wconf 92' lang='lat' dir='ltr'><strong>a</strong></span> <span class='ocrx_word' id='word_1_630' title='bbox 2253 3781 2585 3847; x_wconf 81' lang='lat' dir='ltr'><strong>perfectione</strong></span> <span class='ocrx_word' id='word_1_631' title='bbox 2635 3781 2701 3834; x_wconf 89' lang='lat' dir='ltr'><strong>ab</strong></span> <span class='ocrx_word' id='word_1_632' title='bbox 2735 3781 2860 3848; x_wconf 81' lang='lat' dir='ltr'><strong>igne</strong></span> <span class='ocrx_word' id='word_1_633' title='bbox 2895 3779 3074 3834; x_wconf 85' lang='lat' dir='ltr'><strong>exuri.‘</strong></span> <span class='ocrx_word' id='word_1_634' title='bbox 3107 3775 3432 3846; x_wconf 89' lang='lat' dir='ltr'><strong>Ilujusmodi</strong></span> 
     </span>
    </p>
   </div>
   <div class='ocr_carea' id='block_1_98' title="bbox 1861 3867 3433 3943">
    <p class='ocr_par' dir='ltr' id='par_1_98' title="bbox 1861 3867 3433 3943">
     <span class='ocr_line' id='line_1_99' title="bbox 1861 3867 3433 3943; baseline -0.003 -18"><span class='ocrx_word' id='word_1_635' title='bbox 1861 3889 2011 3943; x_wconf 85' lang='lat' dir='ltr'><strong>ergo,</strong></span> <span class='ocrx_word' id='word_1_636' title='bbox 2046 3867 2108 3926; x_wconf 69' lang='lat' dir='ltr'><strong>ut&#39;</strong></span> <span class='ocrx_word' id='word_1_637' title='bbox 2161 3873 2396 3937; x_wconf 83' lang='lat' dir='ltr'><strong>videtur,</strong></span> <span class='ocrx_word' id='word_1_638' title='bbox 2431 3872 2699 3926; x_wconf 86' lang='lat' dir='ltr'><strong>docebant</strong></span> <span class='ocrx_word' id='word_1_639' title='bbox 2733 3883 2785 3926; x_wconf 92' lang='lat' dir='ltr'><strong>et</strong></span> <span class='ocrx_word' id='word_1_640' title='bbox 2818 3871 3162 3925; x_wconf 84' lang='lat' dir='ltr'><strong>Eustathiani</strong></span> <span class='ocrx_word' id='word_1_641' title='bbox 3185 3888 3199 3937; x_wconf 88' lang='lat'><strong>;</strong></span> <span class='ocrx_word' id='word_1_642' title='bbox 3226 3878 3280 3923; x_wconf 85' lang='lat' dir='ltr'><strong>et</strong></span> <span class='ocrx_word' id='word_1_643' title='bbox 3312 3871 3433 3924; x_wconf 83' lang='lat' dir='ltr'><strong>ideo</strong></span> 
     </span>
    </p>
   </div>
   <div class='ocr_carea' id='block_1_99' title="bbox 1863 3967 3436 4037">
    <p class='ocr_par' dir='ltr' id='par_1_99' title="bbox 1863 3967 3436 4037">
     <span class='ocr_line' id='line_1_100' title="bbox 1863 3967 3436 4037; baseline 0 -17"><span class='ocrx_word' id='word_1_644' title='bbox 1863 3968 2085 4022; x_wconf 87' lang='lat' dir='ltr'><strong>fuerunt</strong></span> <span class='ocrx_word' id='word_1_645' title='bbox 2128 3969 2469 4022; x_wconf 85' lang='lat' dir='ltr'><strong>anathemate</strong></span> <span class='ocrx_word' id='word_1_646' title='bbox 2516 3969 2780 4037; x_wconf 91' lang='lat' dir='ltr'><strong>percussi.</strong></span> <span class='ocrx_word' id='word_1_647' title='bbox 2819 3968 3090 4023; x_wconf 88' lang='lat' dir='ltr'><strong>Debemus</strong></span> <span class='ocrx_word' id='word_1_648' title='bbox 3125 3967 3269 4021; x_wconf 86' lang='lat' dir='ltr'><strong>enim</strong></span> <span class='ocrx_word' id='word_1_649' title='bbox 3305 3968 3436 4020; x_wconf 81' lang='lat' dir='ltr'><strong>fide-</strong></span> 
     </span>
    </p>
   </div>
   <div class='ocr_carea' id='block_1_100' title="bbox 1862 4058 3436 4128">
    <p class='ocr_par' dir='ltr' id='par_1_100' title="bbox 1862 4058 3436 4128">
     <span class='ocr_line' id='line_1_101' title="bbox 1862 4058 3436 4128; baseline -0.002 -16"><span class='ocrx_word' id='word_1_650' title='bbox 1862 4062 1941 4114; x_wconf 92' lang='lat' dir='ltr'><strong>les</strong></span> <span class='ocrx_word' id='word_1_651' title='bbox 1991 4061 2046 4113; x_wconf 89' lang='lat' dir='ltr'><strong>in</strong></span> <span class='ocrx_word' id='word_1_652' title='bbox 2097 4059 2312 4115; x_wconf 89' lang='lat' dir='ltr'><strong>traditis</strong></span> <span class='ocrx_word' id='word_1_653' title='bbox 2344 4060 2589 4128; x_wconf 81' lang='lat' dir='ltr'><strong>jejuniis,</strong></span> <span class='ocrx_word' id='word_1_654' title='bbox 2639 4061 2893 4112; x_wconf 90' lang='lat' dir='ltr'><strong>nimirum</strong></span> <span class='ocrx_word' id='word_1_655' title='bbox 2944 4067 3136 4128; x_wconf 89' lang='lat' dir='ltr'><strong>quarta</strong></span> <span class='ocrx_word' id='word_1_656' title='bbox 3183 4058 3336 4121; x_wconf 83' lang='lat' dir='ltr'><strong>feria,</strong></span> <span class='ocrx_word' id='word_1_657' title='bbox 3381 4065 3436 4112; x_wconf 89' lang='lat' dir='ltr'><strong>et</strong></span> 
     </span>
    </p>
   </div>
   <div class='ocr_carea' id='block_1_101' title="bbox 1861 4150 3437 4221">
    <p class='ocr_par' dir='ltr' id='par_1_101' title="bbox 1861 4150 3437 4221">
     <span class='ocr_line' id='line_1_102' title="bbox 1861 4150 3437 4221; baseline -0.001 -17"><span class='ocrx_word' id='word_1_658' title='bbox 1861 4152 2181 4217; x_wconf 83' lang='lat' dir='ltr'><strong>Parasceve,</strong></span> <span class='ocrx_word' id='word_1_659' title='bbox 2243 4161 2296 4206; x_wconf 91' lang='lat' dir='ltr'><strong>et</strong></span> <span class='ocrx_word' id='word_1_660' title='bbox 2348 4167 2542 4221; x_wconf 88' lang='lat' dir='ltr'><strong>magna</strong></span> <span class='ocrx_word' id='word_1_661' title='bbox 2594 4151 3047 4218; x_wconf 69' lang='lat' dir='ltr'><strong>Quadragr-sima,</strong></span> <span class='ocrx_word' id='word_1_662' title='bbox 3105 4159 3159 4204; x_wconf 92' lang='lat' dir='ltr'><strong>et</strong></span> <span class='ocrx_word' id='word_1_663' title='bbox 3213 4150 3437 4219; x_wconf 82' lang='lat' dir='ltr'><strong>reliquis</strong></span> 
     </span>
    </p>
   </div>
   <div class='ocr_carea' id='block_1_102' title="bbox 1857 4242 3431 4319">
    <p class='ocr_par' dir='ltr' id='par_1_102' title="bbox 1857 4242 3431 4319">
     <span class='ocr_line' id='line_1_103' title="bbox 1857 4242 3431 4319; baseline -0.002 -22"><span class='ocrx_word' id='word_1_664' title='bbox 1857 4244 2080 4313; x_wconf 79' lang='lat' dir='ltr'><strong>jejuniis</strong></span> <span class='ocrx_word' id='word_1_665' title='bbox 2129 4245 2399 4313; x_wconf 82' lang='lat' dir='ltr'><strong>jejunare,</strong></span> <span class='ocrx_word' id='word_1_666' title='bbox 2436 4255 2488 4297; x_wconf 90' lang='lat' dir='ltr'><strong>et</strong></span> <span class='ocrx_word' id='word_1_667' title='bbox 2531 4259 2722 4319; x_wconf 73' lang='lat' dir='ltr'><strong>rursus</strong></span> <span class='ocrx_word' id='word_1_668' title='bbox 2770 4242 2941 4298; x_wconf 80' lang='lat' dir='ltr'><strong>festos</strong></span> <span class='ocrx_word' id='word_1_669' title='bbox 2978 4244 3092 4297; x_wconf 78' lang='lat' dir='ltr'><strong>dies</strong></span> <span class='ocrx_word' id='word_1_670' title='bbox 3129 4242 3431 4304; x_wconf 86' lang='lat' dir='ltr'><strong>celebrare.</strong></span> 
     </span>
    </p>
   </div>
   <div class='ocr_carea' id='block_1_103' title="bbox 1835 4335 3428 4408">
    <p class='ocr_par' dir='ltr' id='par_1_103' title="bbox 1835 4335 3428 4408">
     <span class='ocr_line' id='line_1_104' title="bbox 1835 4335 3428 4408; baseline -0.004 -16"><span class='ocrx_word' id='word_1_671' title='bbox 1835 4339 1980 4398; x_wconf 82' lang='lat' dir='ltr'><strong>,nisi.</strong></span> <span class='ocrx_word' id='word_1_672' title='bbox 1999 4337 2136 4392; x_wconf 83' lang='lat' dir='ltr'><strong>forte</strong></span> <span class='ocrx_word' id='word_1_673' title='bbox 2164 4349 2384 4408; x_wconf 87' lang='lat' dir='ltr'><strong>propter</strong></span> <span class='ocrx_word' id='word_1_674' title='bbox 2414 4337 2660 4391; x_wconf 89' lang='lat' dir='ltr'><strong>morbum</strong></span> <span class='ocrx_word' id='word_1_675' title='bbox 2700 4336 2972 4405; x_wconf 88' lang='lat' dir='ltr'><strong>jejunium</strong></span> <span class='ocrx_word' id='word_1_676' title='bbox 3007 4336 3221 4389; x_wconf 81' lang='lat' dir='ltr'><strong>solvere</strong></span> <span class='ocrx_word' id='word_1_677' title='bbox 3251 4335 3428 4388; x_wconf 86' lang='lat' dir='ltr'><strong>coacti</strong></span> 
     </span>
    </p>
   </div>
   <div class='ocr_carea' id='block_1_104' title="bbox 1865 4425 3437 4497">
    <p class='ocr_par' dir='ltr' id='par_1_104' title="bbox 1865 4425 3437 4497">
     <span class='ocr_line' id='line_1_105' title="bbox 1865 4425 3437 4497; baseline -0.003 -13"><span class='ocrx_word' id='word_1_678' title='bbox 1865 4429 2058 4484; x_wconf 85' lang='lat' dir='ltr'><strong>simus.</strong></span> <span class='ocrx_word' id='word_1_679' title='bbox 2111 4429 2250 4483; x_wconf 88' lang='lat' dir='ltr'><strong>Dicit</strong></span> <span class='ocrx_word' id='word_1_680' title='bbox 2293 4430 2435 4483; x_wconf 90' lang='lat' dir='ltr'><strong>enim</strong></span> <span class='ocrx_word' id='word_1_681' title='bbox 2473 4429 2540 4484; x_wconf 85' lang='lat'><strong>69</strong></span> <span class='ocrx_word' id='word_1_682' title='bbox 2565 4444 2740 4484; x_wconf 89' lang='lat' dir='ltr'><strong>canon</strong></span> <span class='ocrx_word' id='word_1_683' title='bbox 2772 4427 3109 4497; x_wconf 85' lang='lat' dir='ltr'><strong>apostolicus</strong></span> <span class='ocrx_word' id='word_1_684' title='bbox 3134 4468 3146 4489; x_wconf 88' lang='lat'><strong>,</strong></span> <span class='ocrx_word' id='word_1_685' title='bbox 3199 4426 3253 4479; x_wconf 90' lang='lat' dir='ltr'><strong>in</strong></span> <span class='ocrx_word' id='word_1_686' title='bbox 3288 4425 3437 4479; x_wconf 87' lang='lat' dir='ltr'><strong>omni</strong></span> 
     </span>
    </p>
   </div>
   <div class='ocr_carea' id='block_1_105' title="bbox 1862 4517 3438 4592">
    <p class='ocr_par' dir='ltr' id='par_1_105' title="bbox 1862 4517 3438 4592">
     <span class='ocr_line' id='line_1_106' title="bbox 1862 4517 3438 4592; baseline -0.003 -17"><span class='ocrx_word' id='word_1_687' title='bbox 1862 4533 2056 4592; x_wconf 85' lang='lat' dir='ltr'><strong>quarta</strong></span> <span class='ocrx_word' id='word_1_688' title='bbox 2093 4521 2223 4575; x_wconf 86' lang='lat' dir='ltr'><strong>feria</strong></span> <span class='ocrx_word' id='word_1_689' title='bbox 2257 4530 2309 4574; x_wconf 90' lang='lat' dir='ltr'><strong>et</strong></span> <span class='ocrx_word' id='word_1_690' title='bbox 2343 4523 2643 4576; x_wconf 88' lang='lat' dir='ltr'><strong>Parasceve</strong></span> <span class='ocrx_word' id='word_1_691' title='bbox 2674 4530 2728 4573; x_wconf 85' lang='lat' dir='ltr'><strong>ct</strong></span> <span class='ocrx_word' id='word_1_692' title='bbox 2779 4520 2831 4574; x_wconf 90' lang='lat' dir='ltr'><strong>in</strong></span> <span class='ocrx_word' id='word_1_693' title='bbox 2863 4518 3087 4572; x_wconf 78' lang='lat' dir='ltr'><strong>Paschze</strong></span> <span class='ocrx_word' id='word_1_694' title='bbox 3127 4517 3438 4588; x_wconf 82' lang='lat' dir='ltr'><strong>quadrage-</strong></span> 
     </span>
    </p>
   </div>
   <div class='ocr_carea' id='block_1_106' title="bbox 1793 4609 3438 4700">
    <p class='ocr_par' dir='ltr' id='par_1_106' title="bbox 1793 4609 3438 4700">
     <span class='ocr_line' id='line_1_107' title="bbox 1793 4609 3438 4700; baseline -0.004 -32"><span class='ocrx_word' id='word_1_695' title='bbox 1793 4646 1832 4700; x_wconf 75' lang='grc' dir='ltr'>υ</span> <span class='ocrx_word' id='word_1_696' title='bbox 1865 4614 2000 4668; x_wconf 88' lang='lat' dir='ltr'><strong>sima</strong></span> <span class='ocrx_word' id='word_1_697' title='bbox 2051 4629 2152 4668; x_wconf 91' lang='lat' dir='ltr'><strong>nos</strong></span> <span class='ocrx_word' id='word_1_698' title='bbox 2194 4613 2460 4700; x_wconf 50' lang='lat' dir='ltr'><strong>jejttniutq</strong></span> <span class='ocrx_word' id='word_1_699' title='bbox 2495 4627 2603 4666; x_wconf 90' lang='lat' dir='ltr'><strong>non</strong></span> <span class='ocrx_word' id='word_1_700' title='bbox 2648 4612 2862 4666; x_wconf 87' lang='lat' dir='ltr'><strong>solvere</strong></span> <span class='ocrx_word' id='word_1_701' title='bbox 2906 4609 3010 4665; x_wconf 86' lang='lat' dir='ltr'><strong>nisi</strong></span> <span class='ocrx_word' id='word_1_702' title='bbox 3056 4621 3275 4679; x_wconf 89' lang='lat' dir='ltr'><strong>propter</strong></span> <span class='ocrx_word' id='word_1_703' title='bbox 3311 4623 3438 4663; x_wconf 85' lang='lat' dir='ltr'><strong>cor-</strong></span> 
     </span>
    </p>
   </div>
   <div class='ocr_carea' id='block_1_107' title="bbox 1865 4704 2600 4775">
    <p class='ocr_par' dir='ltr' id='par_1_107' title="bbox 1865 4704 2600 4775">
     <span class='ocr_line' id='line_1_108' title="bbox 1865 4704 2600 4775; baseline 0 -16"><span class='ocrx_word' id='word_1_704' title='bbox 1865 4705 2105 4775; x_wconf 85' lang='lat' dir='ltr'><strong>poralem</strong></span> <span class='ocrx_word' id='word_1_705' title='bbox 2152 4704 2600 4760; x_wconf 87' lang='lat' dir='ltr'><strong>imbecillitatem.</strong></span> 
     </span>
    </p>
   </div>
   <div class='ocr_carea' id='block_1_108' title="bbox 1908 4788 1923 4813">
    <p class='ocr_par' dir='ltr' id='par_1_108' title="bbox 1908 4788 1923 4813">
     <span class='ocr_line' id='line_1_109' title="bbox 1908 4788 1923 4813; baseline 0 0"><span class='ocrx_word' id='word_1_706' title='bbox 1908 4788 1923 4813; x_wconf 90' lang='grc' dir='ltr'>ι·</span> 
     </span>
    </p>
   </div>
   <div class='ocr_carea' id='block_1_109' title="bbox 2060 4823 2098 4860">
    <p class='ocr_par' dir='ltr' id='par_1_109' title="bbox 2060 4823 2098 4860">
     <span class='ocr_line' id='line_1_110' title="bbox 2060 4823 2098 4860; baseline 0 0"><span class='ocrx_word' id='word_1_707' title='bbox 2060 4823 2098 4860; x_wconf 60' lang='grc' dir='ltr'><strong>Χ.</strong></span> 
     </span>
    </p>
   </div>
   <div class='ocr_carea' id='block_1_110' title="bbox 1936 4882 3440 4960">
    <p class='ocr_par' dir='ltr' id='par_1_110' title="bbox 1936 4882 3440 4960">
     <span class='ocr_line' id='line_1_111' title="bbox 1936 4882 3440 4960; baseline 0.001 -22"><span class='ocrx_word' id='word_1_708' title='bbox 1936 4882 2192 4960; x_wconf 53' lang='grc' dir='ltr'><strong>ΖΟΝΑΒἶ</strong></span> <span class='ocrx_word' id='word_1_709' title='bbox 2222 4883 2608 4953; x_wconf 83' lang='lat' dir='ltr'><strong>Sexagesimus</strong></span> <span class='ocrx_word' id='word_1_710' title='bbox 2636 4892 2867 4954; x_wconf 88' lang='lat' dir='ltr'><strong>quartus</strong></span> <span class='ocrx_word' id='word_1_711' title='bbox 2898 4900 3072 4938; x_wconf 87' lang='lat' dir='ltr'><strong>canon</strong></span> <span class='ocrx_word' id='word_1_712' title='bbox 3104 4886 3440 4954; x_wconf 79' lang='lat' dir='ltr'><strong>aposmlicus</strong></span> 
     </span>
    </p>
   </div>
   <div class='ocr_carea' id='block_1_111' title="bbox 1866 4977 3442 5048">
    <p class='ocr_par' dir='ltr' id='par_1_111' title="bbox 1866 4977 3442 5048">
     <span class='ocr_line' id='line_1_112' title="bbox 1866 4977 3442 5048; baseline 0.001 -17"><span class='ocrx_word' id='word_1_713' title='bbox 1866 4978 1977 5032; x_wconf 74' lang='lat' dir='ltr'><strong>hrec</strong></span> <span class='ocrx_word' id='word_1_714' title='bbox 1998 4978 2220 5032; x_wconf 88' lang='lat' dir='ltr'><strong>totidem</strong></span> <span class='ocrx_word' id='word_1_715' title='bbox 2244 4979 2425 5032; x_wconf 83' lang='lat' dir='ltr'><strong>verbis</strong></span> <span class='ocrx_word' id='word_1_716' title='bbox 2455 4978 2617 5032; x_wconf 89' lang='lat' dir='ltr'><strong>habet</strong></span> <span class='ocrx_word' id='word_1_717' title='bbox 2643 4994 2658 5036; x_wconf 83' lang='lat'><strong>:</strong></span> <span class='ocrx_word' id='word_1_718' title='bbox 2695 4977 2751 5032; x_wconf 86' lang='lat' dir='ltr'><strong>Si</strong></span> <span class='ocrx_word' id='word_1_719' title='bbox 2781 4979 2928 5048; x_wconf 89' lang='lat' dir='ltr'><strong>quis,</strong></span> <span class='ocrx_word' id='word_1_720' title='bbox 2962 4979 3159 5047; x_wconf 88' lang='lat' dir='ltr'><strong>inquit,</strong></span> <span class='ocrx_word' id='word_1_721' title='bbox 3183 5019 3186 5023; x_wconf 91' lang='lat'><strong>.</strong></span> <span class='ocrx_word' id='word_1_722' title='bbox 3207 4978 3442 5032; x_wconf 88' lang='lat' dir='ltr'><strong>clericus</strong></span> 
     </span>
    </p>
   </div>
   <div class='ocr_carea' id='block_1_112' title="bbox 1865 5067 3441 5140">
    <p class='ocr_par' dir='ltr' id='par_1_112' title="bbox 1865 5067 3441 5140">
     <span class='ocr_line' id='line_1_113' title="bbox 1865 5067 3441 5140; baseline 0.002 -18"><span class='ocrx_word' id='word_1_723' title='bbox 1865 5069 2118 5122; x_wconf 78' lang='lat' dir='ltr'><strong>inventus</strong></span> <span class='ocrx_word' id='word_1_724' title='bbox 2171 5067 2336 5122; x_wconf 86' lang='lat' dir='ltr'><strong>fuerit</strong></span> <span class='ocrx_word' id='word_1_725' title='bbox 2386 5069 2474 5122; x_wconf 89' lang='lat' dir='ltr'><strong>die</strong></span> <span class='ocrx_word' id='word_1_726' title='bbox 2516 5067 2802 5123; x_wconf 89' lang='lat' dir='ltr'><strong>Dominico</strong></span> <span class='ocrx_word' id='word_1_727' title='bbox 2847 5070 3134 5140; x_wconf 89' lang='lat' dir='ltr'><strong>jejunare,</strong></span> <span class='ocrx_word' id='word_1_728' title='bbox 3166 5071 3246 5122; x_wconf 85' lang='lat' dir='ltr'><strong>vel</strong></span> <span class='ocrx_word' id='word_1_729' title='bbox 3299 5069 3441 5125; x_wconf 82' lang='lat' dir='ltr'><strong>Sab-</strong></span> 
     </span>
    </p>
   </div>
   <div class='ocr_carea' id='block_1_113' title="bbox 1865 5161 3438 5248">
    <p class='ocr_par' dir='ltr' id='par_1_113' title="bbox 1865 5161 3438 5248">
     <span class='ocr_line' id='line_1_114' title="bbox 1865 5161 3438 5248; baseline 0.001 -34"><span class='ocrx_word' id='word_1_730' title='bbox 1865 5161 2011 5226; x_wconf 89' lang='lat' dir='ltr'><strong>bato,</strong></span> <span class='ocrx_word' id='word_1_731' title='bbox 2044 5172 2403 5231; x_wconf 64' lang='lat' dir='ltr'><strong>praeterquam</strong></span> <span class='ocrx_word' id='word_1_732' title='bbox 2448 5177 2558 5248; x_wconf 70' lang='lat' dir='ltr'><strong>uno</strong></span> <span class='ocrx_word' id='word_1_733' title='bbox 2587 5163 2724 5224; x_wconf 87' lang='lat' dir='ltr'><strong>solo,</strong></span> <span class='ocrx_word' id='word_1_734' title='bbox 2761 5163 3069 5232; x_wconf 83' lang='lat' dir='ltr'><strong>deponatur</strong></span> <span class='ocrx_word' id='word_1_735' title='bbox 3100 5181 3112 5217; x_wconf 88' lang='lat'>:</span> <span class='ocrx_word' id='word_1_736' title='bbox 3143 5164 3225 5217; x_wconf 91' lang='lat' dir='ltr'><strong>sin</strong></span> <span class='ocrx_word' id='word_1_737' title='bbox 3257 5171 3438 5217; x_wconf 88' lang='lat' dir='ltr'><strong>autem</strong></span> 
     </span>
    </p>
   </div>
   <div class='ocr_carea' id='block_1_114' title="bbox 1865 5253 3442 5325">
    <p class='ocr_par' dir='ltr' id='par_1_114' title="bbox 1865 5253 3442 5325">
     <span class='ocr_line' id='line_1_115' title="bbox 1865 5253 3442 5325; baseline 0.001 -18"><span class='ocrx_word' id='word_1_738' title='bbox 1865 5253 2071 5321; x_wconf 76' lang='lat' dir='ltr'><strong>laicus,</strong></span> <span class='ocrx_word' id='word_1_739' title='bbox 2118 5263 2454 5325; x_wconf 87' lang='lat' dir='ltr'><strong>segregetur.</strong></span> <span class='ocrx_word' id='word_1_740' title='bbox 2488 5254 2875 5325; x_wconf 83' lang='lat' dir='ltr'><strong>Sexagesimus</strong></span> <span class='ocrx_word' id='word_1_741' title='bbox 2911 5269 3038 5308; x_wconf 86' lang='lat' dir='ltr'><strong>vero</strong></span> <span class='ocrx_word' id='word_1_742' title='bbox 3078 5269 3255 5309; x_wconf 92' lang='lat' dir='ltr'><strong>nonus</strong></span> <span class='ocrx_word' id='word_1_743' title='bbox 3300 5270 3442 5324; x_wconf 85' lang='lat' dir='ltr'><strong>qua-</strong></span> 
     </span>
    </p>
   </div>
   <div class='ocr_carea' id='block_1_115' title="bbox 1866 5346 3443 5421">
    <p class='ocr_par' dir='ltr' id='par_1_115' title="bbox 1866 5346 3443 5421">
     <span class='ocr_line' id='line_1_116' title="bbox 1866 5346 3443 5421; baseline -0.001 -21"><span class='ocrx_word' id='word_1_744' title='bbox 1866 5347 2228 5416; x_wconf 87' lang='lat' dir='ltr'><strong>dragesimam</strong></span> <span class='ocrx_word' id='word_1_745' title='bbox 2285 5346 2528 5410; x_wconf 65' lang='lat' dir='ltr'><strong>Paschm,</strong></span> <span class='ocrx_word' id='word_1_746' title='bbox 2575 5358 2626 5402; x_wconf 89' lang='lat' dir='ltr'><strong>et</strong></span> <span class='ocrx_word' id='word_1_747' title='bbox 2672 5355 2925 5416; x_wconf 91' lang='lat' dir='ltr'><strong>quartum</strong></span> <span class='ocrx_word' id='word_1_748' title='bbox 2975 5346 3140 5411; x_wconf 90' lang='lat' dir='ltr'><strong>diem,</strong></span> <span class='ocrx_word' id='word_1_749' title='bbox 3187 5355 3240 5400; x_wconf 91' lang='lat' dir='ltr'><strong>et</strong></span> <span class='ocrx_word' id='word_1_750' title='bbox 3271 5347 3443 5421; x_wconf 57' lang='lat' dir='ltr'><strong>rara-</strong></span> 
     </span>
    </p>
   </div>
   <div class='ocr_carea' id='block_1_116' title="bbox 1867 5434 3440 5505">
    <p class='ocr_par' dir='ltr' id='par_1_116' title="bbox 1867 5434 3440 5505">
     <span class='ocr_line' id='line_1_117' title="bbox 1867 5434 3440 5505; baseline -0.001 -16"><span class='ocrx_word' id='word_1_751' title='bbox 1867 5450 2084 5497; x_wconf 78' lang='lat' dir='ltr'><strong>sceven,</strong></span> <span class='ocrx_word' id='word_1_752' title='bbox 2140 5434 2247 5490; x_wconf 90' lang='lat' dir='ltr'><strong>nisi</strong></span> <span class='ocrx_word' id='word_1_753' title='bbox 2298 5435 2548 5503; x_wconf 86' lang='lat' dir='ltr'><strong>corporis</strong></span> <span class='ocrx_word' id='word_1_754' title='bbox 2580 5437 2762 5505; x_wconf 91' lang='lat' dir='ltr'><strong>aliqua</strong></span> <span class='ocrx_word' id='word_1_755' title='bbox 2799 5435 3092 5490; x_wconf 77' lang='lat' dir='ltr'><strong>infirmitas</strong></span> <span class='ocrx_word' id='word_1_756' title='bbox 3138 5435 3440 5496; x_wconf 83' lang='lat' dir='ltr'><strong>obstiterit,</strong></span> 
     </span>
    </p>
   </div>
   <div class='ocr_carea' id='block_1_117' title="bbox 1863 5526 3440 5612">
    <p class='ocr_par' dir='ltr' id='par_1_117' title="bbox 1863 5526 3440 5612">
     <span class='ocr_line' id='line_1_118' title="bbox 1863 5526 3440 5612; baseline -0.001 -33"><span class='ocrx_word' id='word_1_757' title='bbox 1863 5526 2072 5595; x_wconf 64' lang='lat' dir='ltr'><strong>jejunio</strong></span> <span class='ocrx_word' id='word_1_758' title='bbox 2099 5527 2504 5612; x_wconf 56' lang='lat' dir='ltr'><strong>traqsigendam</strong></span> <span class='ocrx_word' id='word_1_759' title='bbox 2539 5531 2660 5582; x_wconf 83' lang='lat' dir='ltr'><strong>esse</strong></span> <span class='ocrx_word' id='word_1_760' title='bbox 2683 5528 2950 5602; x_wconf 72' lang='lat' dir='ltr'><strong>decernit.</strong></span> <span class='ocrx_word' id='word_1_761' title='bbox 2994 5528 3131 5580; x_wconf 79' lang='lat' dir='ltr'><strong>Cum</strong></span> <span class='ocrx_word' id='word_1_762' title='bbox 3168 5543 3298 5580; x_wconf 86' lang='lat' dir='ltr'><strong>vero</strong></span> <span class='ocrx_word' id='word_1_763' title='bbox 3330 5526 3440 5578; x_wconf 70' lang='lat' dir='ltr'><strong>Eu-</strong></span> 
     </span>
    </p>
   </div>
   <div class='ocr_carea' id='block_1_118' title="bbox 1867 5618 3439 5695">
    <p class='ocr_par' dir='ltr' id='par_1_118' title="bbox 1867 5618 3439 5695">
     <span class='ocr_line' id='line_1_119' title="bbox 1867 5618 3439 5695; baseline -0.001 -21"><span class='ocrx_word' id='word_1_764' title='bbox 1867 5621 2149 5684; x_wconf 90' lang='lat' dir='ltr'><strong>stathiani,</strong></span> <span class='ocrx_word' id='word_1_765' title='bbox 2183 5620 2336 5688; x_wconf 89' lang='lat' dir='ltr'><strong>quasi</strong></span> <span class='ocrx_word' id='word_1_766' title='bbox 2367 5635 2639 5695; x_wconf 76' lang='lat' dir='ltr'><strong>summum</strong></span> <span class='ocrx_word' id='word_1_767' title='bbox 2686 5621 2940 5689; x_wconf 71' lang='lat' dir='ltr'><strong>perfecta:</strong></span> <span class='ocrx_word' id='word_1_768' title='bbox 2973 5619 3195 5674; x_wconf 81' lang='lat' dir='ltr'><strong>virtutis</strong></span> <span class='ocrx_word' id='word_1_769' title='bbox 3229 5618 3439 5688; x_wconf 88' lang='lat' dir='ltr'><strong>apicem</strong></span> 
     </span>
    </p>
   </div>
   <div class='ocr_carea' id='block_1_119' title="bbox 1868 5711 3442 5785">
    <p class='ocr_par' dir='ltr' id='par_1_119' title="bbox 1868 5711 3442 5785">
     <span class='ocr_line' id='line_1_120' title="bbox 1868 5711 3442 5785; baseline -0.004 -16"><span class='ocrx_word' id='word_1_770' title='bbox 1868 5716 2205 5785; x_wconf 85' lang='lat' dir='ltr'><strong>attigissent,</strong></span> <span class='ocrx_word' id='word_1_771' title='bbox 2268 5730 2369 5769; x_wconf 91' lang='lat' dir='ltr'><strong>nec</strong></span> <span class='ocrx_word' id='word_1_772' title='bbox 2425 5715 2574 5784; x_wconf 89' lang='lat' dir='ltr'><strong>ipsos</strong></span> <span class='ocrx_word' id='word_1_773' title='bbox 2623 5714 2837 5784; x_wconf 88' lang='lat' dir='ltr'><strong>jejunio</strong></span> <span class='ocrx_word' id='word_1_774' title='bbox 2894 5712 3152 5782; x_wconf 87' lang='lat' dir='ltr'><strong>castigari</strong></span> <span class='ocrx_word' id='word_1_775' title='bbox 3207 5711 3442 5780; x_wconf 75' lang='lat' dir='ltr'><strong>amplius</strong></span> 
     </span>
    </p>
   </div>
   <div class='ocr_carea' id='block_1_120' title="bbox 1868 5806 3442 5877">
    <p class='ocr_par' dir='ltr' id='par_1_120' title="bbox 1868 5806 3442 5877">
     <span class='ocr_line' id='line_1_121' title="bbox 1868 5806 3442 5877; baseline -0.001 -19"><span class='ocrx_word' id='word_1_776' title='bbox 1868 5814 2166 5877; x_wconf 89' lang='lat' dir='ltr'><strong>oporteret,</strong></span> <span class='ocrx_word' id='word_1_777' title='bbox 2204 5806 2401 5859; x_wconf 85' lang='lat' dir='ltr'><strong>tradita</strong></span> <span class='ocrx_word' id='word_1_778' title='bbox 2433 5807 2638 5876; x_wconf 85' lang='lat' dir='ltr'><strong>jejunia</strong></span> <span class='ocrx_word' id='word_1_779' title='bbox 2672 5806 2961 5869; x_wconf 81' lang='lat' dir='ltr'><strong>violarent,</strong></span> <span class='ocrx_word' id='word_1_780' title='bbox 2996 5807 3142 5858; x_wconf 91' lang='lat' dir='ltr'><strong>hunc</strong></span> <span class='ocrx_word' id='word_1_781' title='bbox 3176 5818 3442 5857; x_wconf 69' lang='lat' dir='ltr'><strong>canentem</strong></span> 
     </span>
    </p>
   </div>
   <div class='ocr_carea' id='block_1_121' title="bbox 1870 5893 3437 5971">
    <p class='ocr_par' dir='ltr' id='par_1_121' title="bbox 1870 5893 3437 5971">
     <span class='ocr_line' id='line_1_122' title="bbox 1870 5893 3437 5971; baseline -0.006 -15"><span class='ocrx_word' id='word_1_782' title='bbox 1870 5900 2110 5971; x_wconf 80' lang='lat' dir='ltr'><strong>synodus</strong></span> <span class='ocrx_word' id='word_1_783' title='bbox 2141 5898 2523 5970; x_wconf 83' lang='lat' dir='ltr'><strong>promulgavit,</strong></span> <span class='ocrx_word' id='word_1_784' title='bbox 2556 5911 2779 5969; x_wconf 51' lang='lat' dir='ltr'><strong>conque,</strong></span> <span class='ocrx_word' id='word_1_785' title='bbox 2813 5897 2904 5970; x_wconf 90' lang='lat' dir='ltr'><strong>qui</strong></span> <span class='ocrx_word' id='word_1_786' title='bbox 2947 5897 3157 5970; x_wconf 74' lang='lat' dir='ltr'><strong>jejunia</strong></span> <span class='ocrx_word' id='word_1_787' title='bbox 3205 5909 3233 5950; x_wconf 88' lang='lat' dir='ltr'><strong>a</strong></span> <span class='ocrx_word' id='word_1_788' title='bbox 3264 5893 3437 5964; x_wconf 85' lang='lat' dir='ltr'><strong>majo-</strong></span> 
     </span>
    </p>
   </div>
   <div class='ocr_carea' id='block_1_122' title="bbox 1850 4952 1862 4978">
    <p class='ocr_par' dir='ltr' id='par_1_122' title="bbox 1850 4952 1862 4978">
     <span class='ocr_line' id='line_1_123' title="bbox 1850 4952 1862 4978; baseline 0 0"><span class='ocrx_word' id='word_1_789' title='bbox 1850 4952 1862 4978; x_wconf 80' lang='grc' dir='ltr'><strong>ι</strong></span> 
     </span>
    </p>
   </div>
  </div>
