4164 6426
733 389 865 454 1271

2001 398 2040 455 Ί
2053 399 2101 453 ll
2114 398 2281 459 EUD.
2316 401 2404 458 BA
2421 401 2547 456 LSA
2559 400 2720 458 ΜοΝ

3869 399 3996 463 121?.

728 519 823 560 eos
854 513 1007 558 extra
1062 503 1360 560 Ecclesiam
1416 521 1537 560 esse
1583 506 1794 562 statuit.
1844 508 1900 562 Si
1949 508 2074 577 quis
2115 509 2298 577 itaque

2411 509 2633 572 κανόνας
2668 509 2960 578 ἐκθεμένη,
3001 510 3154 572 ἐκτὸς
3189 510 3386 572 αὐτοῦς
3419 505 3559 563 εἶναι
3611 512 3713 579 τῆς
3757 510 3991 581 Ἐκκλη.

731 597 816 651 vel
854 596 1075 664 nuptias
1114 596 1389 665 legitimas
1441 596 1749 666 improbat,
1789 599 1870 651 vel
1897 613 2017 652 eum
2063 598 2155 665 qui
2183 614 2306 653 car-

733 703 856 742 nem
890 687 1129 741 comedit
1164 697 1362 756 praeter
1398 687 1721 742 sull‘ocatam
1753 701 1807 742 et
1847 688 2010 743 idolis
2049 689 2301 742 immola—

731 787 841 839 tam
869 819 882 842 ,
933 779 1300 842 condemnat,
1333 777 1418 833 vel
1449 794 1637 833 servos
1676 779 1706 834 ὲ
1749 779 1986 834 dominis
2021 779 2302 842 recedere,

729 872 948 940 pietatis
979 881 1263 941 praetextu,
1291 880 1346 927 et
1369 872 1734 928 ministerium
1761 889 1920 927 suum
1949 882 2306 929 contemnere

729 963 930 1026 docet,
961 971 1055 1018 aut
1095 963 1314 1018 dubitat
1363 964 1548 1018 divina
1596 965 1846 1035 accipere
1883 972 2227 1020 sacramenta
2277 981 2306 1020 a

729 1053 1071 1125 presbyteris
1103 1055 1196 1125 qui
1240 1070 1440 1112 uxores
1467 1056 1709 1124 habent,
1744 1057 1828 1112 vel
1875 1058 1945 1112 ab
1971 1057 2182 1114 adibus
2211 1058 2305 1112 Dei

729 1155 786 1201 et
834 1147 1066 1201 ecclesia
1133 1147 1398 1201 recedens
1438 1159 1498 1201 ut
1530 1163 1627 1202 eas
1687 1149 1835 1218 juste
1879 1150 2308 1205 contemnendas

730 1240 966 1300 ducens,
999 1247 1052 1294 et
1085 1238 1336 1306 privatim
1387 1241 1715 1294 concionem
1746 1239 1980 1304 habens,
2024 1241 2159 1296 alias
2211 1242 2308 1295 in-

731 1323 1069 1385 structiones
1117 1328 1344 1400 profert,
1377 1329 1460 1383 vel
1499 1342 1695 1397 praeter
1737 1330 1974 1400 episcopi
2030 1340 2121 1384 aut
2157 1346 2311 1400 pres-

735 1423 911 1492 byteri
935 1423 1288 1486 sententiam,
1319 1431 1377 1476 ut
1405 1436 1499 1477 eos
1526 1429 1907 1484 contemnens.
1934 1422 2310 1478 ecclesiastica

733 1514 944 1582 peragit
1005 1514 1302 1584 mysteria,
1359 1512 1488 1582 quia
1544 1528 1672 1568 suas
1727 1528 1920 1583 preces
1977 1528 2312 1584 magnopere

730 1604 1030 1672 prrevalcre
1052 1603 1334 1673 opinatur,
1371 1612 1465 1658 aut
1500 1605 1660 1658 docet
1705 1604 1978 1660 fructuum
2005 1605 2311 1660 oblationes

733 1693 995 1751 Ecclesia:
1019 1696 1145 1750 olim
1177 1696 1356 1763 datas,
1389 1704 1444 1752 et
1476 1698 1541 1752 ad
1572 1698 1712 1751 bona
1746 1711 1912 1766 opera
1941 1705 2217 1766 erogatas,
2259 1706 2313 1750 et

732 1786 800 1839 ab
827 1786 1085 1855 episcopo
1113 1795 1166 1842 et
1189 1787 1282 1852 {eis
1310 1787 1403 1856 qui
1441 1787 1508 1841 ad
1549 1801 1740 1841 eorum
1775 1786 2309 1842 administrationem

2411 599 2529 663 σίας
2561 599 2915 670 προσέταξεν.
2945 601 3011 654 EI
3037 617 3122 660 τις
3151 602 3280 667 γοῦν
3311 601 3342 670 ἢ
3394 601 3486 652 τὸν
3529 603 3776 671 νόμιμον
3819 601 3994 668 γάμον

2408 693 2610 755 ἀθετεῖ,
2645 693 2676 763 ἢ
2708 693 2800 746 τὸν
2853 695 3284 763 κρεωφαγούντα
3334 695 3658 761 κατακρίνει
3716 696 3845 763 δίχα
3882 712 3998 746 11v:-

2411 783 2540 836 κτοῦ
2567 783 2599 854 ἢ
2634 783 2991 838 εἰδωλοθύτου
3126 785 3347 849 δούλους
3370 785 3616 838 διδάσκει
3653 786 3770 838 τῶν
3803 788 4000 839 δεσπο-

2408 875 2516 927 τῶν
2594 875 2978 945 ὐπαναχωρεῖν
3047 877 3322 946 προφάσει
3352 875 3690 937 θεοσεϐείας,
3749 877 3852 927 καὶ
3905 877 4000 942 τῆς

2411 965 2715 1036 ὑπηρεσίας
2773 967 2955 1019 αὐτῶν
3006 969 3370 1036 καταφρονεῖν
3401 983 3414 995 ·
3445 967 3478 1038 ἢ
3509 967 3862 1036 διακρίνοιτο
3894 965 4000 1019 τῶν

2410 1057 2572 1110 θείων
2626 1058 2985 1127 ἀγιασμάτων
3046 1058 3372 1127 μεταλαϐεῖν
3433 1059 3542 1112 ἀπὸ
3595 1059 4000 1127 πρεσϐυτέρων

2412 1148 2776 1214 ὐπογυναίων’
2808 1148 2840 1218 ἦ
2871 1148 2981 1200 τῶν
3009 1147 3174 1201 οἴκων
3199 1147 3293 1200 τοῦ
3328 1147 3460 1200 Θεοῦ
3495 1148 3590 1201 καὶ
3619 1149 3724 1217 τῆς
3763 1148 4001 1217 Ἐκκλη-

2415 1239 2533 1301 σίας
2568 1239 2890 1310 ἀναχωρεῖν,
2926 1239 3000 1302 ὡς
3030 1240 3543 1310 εὐκαταφρονήτους
3570 1239 3784 1301 αὐτοὺς
3815 1240 4001 1306 οἰόμε-

2414 1347 2527 1392 νος,
2583 1331 2674 1385 καὶ
2727 1331 2835 1402 ἰδίᾳ
2908 1330 3308 1401 ἐκκλησιάζων,
3387 1330 3751 1391 διδασκαλίας
3809 1330 4003 1397 ἑτέρας

2416 1421 2642 1474 ποιοῖτο·
2675 1421 2708 1491 ἢ
2740 1419 2890 1490 παρά
2933 1420 3159 1490 γνώμην
3187 1420 3488 1473 ἐπισκόπου
3520 1420 3552 1489 ἢ
3589 1420 4001 1488 πρεσϐυτέρου,

2413 1511 2487 1574 ὡς
2535 1512 2899 1581 καταφρονῶν
2951 1512 3155 1576 αὐτῶν,
3207 1513 3273 1564 τὰ
3317 1512 3417 1580 τῆς
3457 1511 3806 1579 Ἐκκλησίας
3861 1510 4005 1562 τελεῖ

2417 1604 2712 1672 μυστήρια,
2774 1603 2865 1655 διὰ
2917 1603 2979 1656 τὸ
3030 1604 3131 1670 τὴν
3184 1601 3495 1673 προσευχὴν
3549 1601 3725 1654 αὐτοῦ
3792 1602 4005 1669 μεγάλα

2418 1689 2624 1761 ἰσχύειν
2654 1691 2881 1744 οἴεσθαι·
2934 1691 2966 1760 ἢ
3018 1690 3262 1743 διδάσκει
3288 1692 3385 1751 τάς
3414 1687 3686 1742 ἀνέκαθεν
3723 1687 3846 1738 τῶν
3880 1687 4000 1754 χρό-

2415 1799 2520 1835 νων
2549 1782 2833 1851 διδομένας
2875 1781 3258 1852 καρποφορίας
3307 1784 3374 1850 τῇ
3430 1780 3761 1850 Ἐκκλησία,
3801 1781 3899 1830 καὶ
3932 1778 4005 1839 εἰς

731 1878 799 1931 ab
823 1878 941 1947 ipso
973 1877 1354 1948 designantur,
1389 1877 1649 1934 Ecclesiae
1678 1894 1784 1934 non
1809 1877 2025 1943 οὔρει-θ,
2067 1879 2160 1934 sed
2206 1879 2306 1934 sibi

2413 1873 2660 1926 εὐποιΐαν
2688 1890 2988 1926 κατακενου
2997 1873 3166 1942 μένας
3187 1872 3336 1942 παρά
3366 1888 3424 1924 τε
3447 1870 3542 1923 τοῦ
3565 1873 3887 1922 ἐπισκόπου
3917 1872 4006 1922 καὶ

731 1979 826 2023 aut
859 1971 970 2025 illis
999 1971 1092 2040 qui
1129 1986 1318 2026 secum
1357 1980 1487 2025 sunt
1509 1986 1602 2027 eas
1630 1972 1782 2035 dare,
1821 1972 1904 2026 vel
1936 1971 2303 2040 virginitatem

732 2078 840 2116 non
872 2071 1096 2132 propter
1123 2062 1296 2133 ipsam
1328 2063 1648 2130 bonitatem,
1695 2064 2044 2118 matrimonio
2064 2062 2304 2133 praefert,

729 2154 825 2211 sed
861 2163 919 2208 ut
954 2153 1366 2209 matrimonium
1409 2171 1743 2220 exsecraris,
1784 2165 1839 2212 et
1874 2157 2141 2212 adversus
2175 2171 2306 2211 con-

726 2247 947 2315 jugatos
973 2249 1184 2312 elatus,
1211 2249 1296 2304 vel
1328 2265 1436 2306 non
1467 2250 1725 2304 convenit
1771 2251 1837 2304 iis
1865 2249 1958 2319 qui
1994 2249 2058 2304 ad
2097 2265 2306 2320 agapen

729 2349 1066 2408 congregant
1104 2350 1226 2408 post
1246 2341 1508 2396 Ecclesia:
1547 2341 1926 2396 dimissionem
1959 2344 2026 2396 ad
2068 2343 2224 2404 panis
2253 2351 2307 2396 et

732 2429 840 2483 vini
897 2431 1408 2502 participationem,
1451 2432 1543 2486 sed
1569 2448 1666 2487 eos
1697 2434 1877 2503 rejicit
1904 2474 1917 2496 ,
1959 2442 2014 2487 et
2063 2449 2187 2487 eum
2223 2435 2304 2488 eis

728 2522 1139 2578 communicare
1186 2532 1413 2579 vocatus
1455 2539 1551 2593 per
1597 2533 1972 2594 contemptum
2012 2538 2064 2577 et
2110 2540 2304 2592 snper—

729 2614 872 2668 biam
901 2629 1008 2667 non
1044 2612 1303 2678 sustinet,
1334 2616 1416 2669 vel
1443 2631 1566 2670 cum
1599 2616 1809 2684 jnstitia
1855 2625 1909 2671 et
1944 2616 2302 2670 beneﬁcentia

730 2707 1083 2761 ditcsccntem
1103 2715 1453 2774 aspernatur,
1476 2709 1556 2762 vel
1583 2717 1637 2761 et
1656 2724 1779 2763 eum
1807 2710 1899 2778 qui
1929 2710 2160 2762 sericam
2212 2725 2304 2762 ve-

731 2809 865 2851 stem
895 2797 1092 2862 induit,
1154 2797 1309 2852 flocci
1368 2797 1518 2863 facit,
1553 2800 1669 2868 ipse
1704 2800 1996 2869 peregrina
2053 2800 2302 2868 quaedam

729 2892 1049 2961 exengitans
1111 2890 1467 2954 indumenta,
1510 2898 1568 2945 ut
1631 2907 1700 2946 ex
1755 2892 1824 2947 iis
1885 2907 1943 2947 se
2011 2891 2302 2962 iustiﬁcari

734 2993 955 3051 putans,
984 2982 1066 3035 vel
1103 2982 1265 3037 etiam
1317 2982 1574 3037 mulieres
1618 2982 1866 3051 quaedam
1902 2981 1949 3036 si
1977 2983 2304 3036 vestimenta

731 3074 905 3128 virilia
951 3075 1178 3129 induere
1209 3073 1585 3140 inveniuntur,
1615 3075 1682 3128 ad
1724 3075 2039 3129 communis
2074 3075 2306 3129 femina-

731 3184 849 3220 rum
879 3167 1111 3222 vestitus
1160 3168 1413 3232 ruinam,
1448 3177 1500 3221 et
1537 3175 1796 3237 tanquam
1835 3174 2094 3236 putantes
2131 3181 2190 3221 se
2235 3180 2301 3220 ex

731 3265 796 3312 iis
829 3269 1050 3314 sanctas
1097 3268 1150 3313 et
1188 3259 1367 3327 justas
1405 3259 1600 3324 videri,
1657 3270 1750 3313 aut
1793 3274 1834 3321 .a
1885 3260 2002 3315 suis
2048 3258 2182 3312 viris
2247 3267 2304 3311 ut

731 3352 947 3420 nuptias
982 3351 1320 3406 detestantes
1373 3361 1723 3421 separantur,
1762 3351 1845 3406 vel
1879 3350 2136 3421 proprios
2168 3351 2306 3404 libe-

732 3456 823 3494 tos
878 3442 1238 3512 relinquunt,
1287 3452 1342 3496 et
1391 3459 1498 3498 non
1535 3451 1594 3497 ut
1632 3444 1838 3498 liberos
1877 3457 1974 3498 eos
1999 3443 2176 3505 alunt,
2207 3455 2305 3495 nec

731 3542 998 3602 quantum
1057 3535 1110 3588 in
1152 3550 1212 3589 se
1263 3543 1348 3589 est
1379 3535 1446 3588 ad
1501 3535 1825 3605 religionem
1882 3533 2302 3589 convenientem

730 3640 824 3679 eos
880 3623 1162 3688 excitant,
1230 3623 1328 3678 sed
1392 3626 1805 3682 exercitationis
1883 3635 2144 3696 praetextu
2210 3640 2307 3680 eos

730 3717 1034 3788 negligunt,
1062 3725 1115 3770 et
1146 3731 1265 3786 quae
1294 3732 1507 3772 comam
1538 3719 1857 3773 muliebrem
1892 3719 2210 3781 detondent,
2249 3725 2308 3770 ut

734 3808 990 3877 pietatem
1048 3807 1409 3873 simulantes,
1451 3808 1532 3861 vel
1583 3809 1703 3863 vice
1759 3824 1936 3875 versa,
1984 3809 2029 3864 si
2088 3809 2241 3864 liberi
2274 3823 2303 3866 τι

733 3901 1052 3970 parentibus
1096 3900 1348 3955 ﬁdelibus
1385 3899 1657 3964 resiliunt,
1685 3900 1947 3955 honorem
1982 3901 2306 3970 parentibus

731 3994 978 4048 debitum
1031 4007 1137 4047 non
1174 3993 1510 4054 tribuentes,
1563 4001 1821 4060 tanquam
1858 3991 2113 4060 pietatem
2149 3991 2308 4043 nimi-

732 4101 852 4139 rum
879 4083 1256 4153 prmlcrentes,
1287 4082 1372 4135 vel
1412 4083 1456 4136 si
1491 4082 1616 4152 quis
1665 4081 1860 4135 tradita
1900 4081 2059 4134 nobis
2099 4079 2307 4148 jejunia

733 4176 1189 4248 transgrediatur,
1223 4183 1274 4229 et
1311 4158 1611 4244 profanans
1652 4173 1770 4228 dies
1810 4171 1879 4230 ab
1917 4172 2162 4226 Ecclesia
2189 4186 2308 4226 ser-

731 4270 847 4324 vari
871 4268 1139 4331 sancitas,
1173 4266 1456 4320 Dominica
1481 4265 1562 4319 vel
1584 4265 1824 4318 Sahbato
1853 4263 2309 4334 eligatjejnnare,

731 4357 815 4412 vel
849 4367 1151 4426 martyrum
1187 4353 1640 4423 congregationes
1689 4359 1744 4404 et
1773 4365 1931 4406 sacra
1985 4367 2106 4420 qua:
2159 4351 2209 4403 in
2241 4350 2309 4406 iis

731 4452 871 4505 littnt
894 4447 1172 4519 mysteria.
1209 4454 1267 4499 ut
1301 4460 1564 4514 arrOgans
1595 4443 1994 4505 calumniatur,
2025 4453 2078 4498 et
2108 4443 2313 4498 abhor-

2410 1965 2521 2017 τῶν
2552 1964 2632 2027 εἰς
2663 1964 2761 2034 τὴν
2815 1964 3130 2033 οἰκονομίαν
3172 1963 3377 2017 τούτων
3414 1965 3544 2031 παρ’
3573 1962 3749 2015 αὐτοῦ
3803 1961 4004 2030 προϐε-

2412 2056 2723 2125 ϐλημένων,
2761 2056 2838 2125 μὴ
2861 2056 3194 2125 προσφέρειν
3222 2057 3288 2123 τῇ
3331 2055 3656 2122 Ἐκκλησία,
3698 2053 3830 2105 ἀλλ’
3860 2051 4003 2120 αὐτῷ

2409 2166 2469 2203 τε
2504 2148 2597 2202 καὶ
2635 2149 2749 2212 τοῖς
2786 2149 2884 2201 σὺν
2939 2146 3112 2216 αὐτῷ,
3160 2147 3234 2211 ώς
3273 2148 3472 2216 ἁγίοις,
3508 2148 3718 2209 ταύτας
3757 2146 3963 2198 δ;δό-ιαι
3989 2161 4000 2174 ·

2409 2245 2570 2315 ἢτὴν
2608 2242 2908 2315 παρθενίαν
2937 2243 3013 2312 μὴ
3042 2241 3109 2295 δι’
3165 2241 3302 2296 αὐτὸ
3353 2241 3416 2294 τὸ
3472 2240 3638 2294 καλὸν
3679 2240 3784 2292 τοῦ
3823 2241 4001 2307 γάμου

2408 2336 2770 2404 προτιμᾶται,
2817 2333 2932 2387 ἀλλ’
2955 2334 3031 2396 ὡς
3058 2332 3150 2386 τὸν
3180 2333 3360 2403 γάμον
3414 2331 3881 2402 βδελυσσόμενος,
3914 2329 4002 2382 καὶ

2408 2427 2516 2478 τῶν
2545 2425 2949 2495 γεγαμηκότων
2976 2425 3451 2494 κατεπαιρόμενος
3476 2440 3491 2454 ·
3521 2423 3554 2493 ἢ
3581 2424 3647 2475 οὐ
3680 2423 4004 2489 συνέρχοιτο

2407 2521 2518 2580 τοῖς
2568 2515 2903 2584 συγκαλοῦσι
2943 2517 3010 2569 δι’
3038 2517 3283 2586 ἀγάπην,
3311 2516 3454 2569 κατὰ
3491 2516 3590 2585 τὴν
3619 2515 3723 2583 τῆς
3777 2514 4008 2582 Ἐκκλη·

2411 2609 2530 2672 σίας
2569 2609 2860 2673 ἀπόλυσιν,
2899 2609 2981 2671 εἰς
3014 2608 3317 2679 μετάληψιν
3350 2608 3519 2678 άρτου
3553 2607 3652 2659 καὶ
3684 2609 3865 2670 οἴνου,
3893 2605 3986 2657 ἀλλ

2411 2701 2596 2754 ἀθετεῖ
2653 2699 2896 2763 τούτους,
2947 2701 3042 2753 καί⁵
3076 2701 3470 2768 συγκοινωνεῖν
3521 2697 3648 2768 μετ’
3684 2697 3878 2750 αὐτῶν
3909 2713 4003 2748 κα-

2407 2795 2691 2866 λούμενος,
2741 2797 2842 2852 οὐκ
2875 2797 3125 2867 ἀνέχοιτο
3166 2797 3233 2850 δι’
3263 2796 3596 2867 ὑπεροψίαν
3637 2795 3674 2864 ἢ
3711 2796 3807 2848 τὸν
3842 2794 4000 2846 πλου-

2406 2887 2608 2940 τοῦντα
2643 2888 2783 2957 μετά
2835 2889 3184 2952 δικαιοσύνης
3238 2889 3331 2943 καὶ
3390 2888 3655 2949 εὐποιίας
3701 2886 3998 2950 ἐξουθενεῖ’

2406 2979 2438 3048 ἦ
2472 2979 2566 3030 καὶ
2595 2979 2687 3032 τὸν
2727 2981 2962 3050 σηρικὴν
2992 2980 3197 3049 ἐσθῆτα
3228 2980 3498 3050 φοροῦντα
3548 2978 3842 3046 φαυλίζει,
3883 2977 3999 3040 Ξένα

2407 3068 2528 3120 τινὰ
2559 3069 2722 3130 αὐτὶς
2772 3071 3004 3122 ἐπινοῶν
3036 3071 3428 3139 άμφιάσματα,
3467 3069 3544 3131 ώς
3583 3070 3652 3120 ὲκ
3690 3069 3908 3121 τούτων
3929 3069 4003 3119 δι-

2408 3160 2697 3215 καιοῦσθαι
2757 3162 3005 3228 οἰόμενος
3030 3179 3042 3190 ·
3079 3162 3111 3232 ἢ
3149 3163 3241 3215 καὶ
3285 3163 3546 3229 γυναῖκές
3573 3179 3731 3222 τινες
3771 3163 3823 3213 εἰ
3858 3162 4000 3230 εὐρε-

2409 3270 2625 3306 σκοιντο
2656 3253 2887 3324 ἀνδρικά
2927 3253 3122 3323 ἱμάτια
3175 3253 3642 3323 περιϐαλλόμεναι
3679 3255 3779 3306 ἐπὶ
3837 3270 4000 3305 κατα-

2413 3343 2614 3398 πτώσει
2651 3345 2748 3412 τῆς
2779 3344 2966 3413 κοινῆς
3017 3346 3127 3397 τῶν
3179 3344 3460 3411 γυναικῶν
3514 3345 3881 3412 ἀμφιάσεως,
3913 3344 3998 3395 καὶ

2408 3433 2482 3495 ὼς
2511 3435 2575 3486 ὲκ
2606 3433 2810 3486 τούτων
2831 3433 3077 3503 οἰόμεναι
3111 3436 3310 3503 σεμναὶ
3337 3433 3518 3486 δοκεῖν
3551 3451 3612 3485 τε
3648 3435 3751 3486 καὶ
3775 3434 3998 3486 δῐκαιαι·

2409 3525 2440 3593 ἣ
2473 3523 2579 3576 τῶν
2629 3525 2775 3579 ἰδίων
2805 3525 3040 3594 ἀνδρῶν,
3080 3524 3157 3587 ὼς
3201 3528 3296 3577 τὸν
3329 3524 3507 3594 γάμον
3541 3525 3994 3592 βδελυσσόμεναι,

2408 3616 2844 3685 διαξεύγνυνται,
2874 3618 2906 3687 ἢ
2935 3619 3004 3670 τά
3033 3618 3210 3672 οἰκεῖα
3238 3618 3403 3670 τέκνα
3450 3616 3997 3684 καταλιμπάνουσαι,

2411 3709 2504 3761 καὶ
2537 3708 2614 3780 μὴ
2653 3709 3118 3779 τεκνοτροφοῦσαι
3169 3709 3364 3774 ταῦτα,
3399 3710 3496 3762 κει)⁸
3539 3709 3598 3762 τὸ
3629 3711 3764 3762 ὅσον
3799 3711 3886 3761 ἐπ’
3914 3709 3998 3761 afl-

2409 3800 2533 3861 ταῖς
2580 3800 2714 3870 πρὸς
2747 3800 3059 3854 θεοσέϐειαν
3095 3801 3195 3871 τὴν
3235 3802 3626 3872 προσήκουσαν
3663 3801 3999 3867 ὑπαλείφον-

2412 3908 2526 3952 σαι,
2571 3891 2706 3943 ἀλλά
2758 3891 3032 3959 προφάσει
3065 3893 3357 3962 ἀσκήσεως
3409 3889 3725 3959 ἁμελοῦσαι
3773 3891 3995 3944 τούτων’

2415 3980 2508 4033 καὶ
2543 3981 2644 4050 τὴν
2687 3981 2867 4052 κόμην
2896 3982 2996 4052 τὴν
3030 3981 3355 4049 γυναικείαν
3394 3981 3886 4050 ἀποκειρόμεναι,
3927 3980 3995 4041 ὡς

2413 4073 2839 4143 ὐποκρινόμεναι
2876 4073 3210 4127 θεοσέϐειαν·
3242 4073 3275 4143 ἢ
3311 4072 3474 4126 πάλιν
3502 4073 3551 4124 εἰ
3589 4073 3769 4125 τέκνα
3798 4072 3998 4125 πιστῶν

2411 4165 2615 4232 γονέων
2653 4165 3052 4235 άποσκιρτῶσι,
3095 4164 3194 4235 τὴν
3226 4163 3551 4234 πρέπουσαν
3581 4164 3759 4235 τιμὴν
3789 4165 3996 4232 γονεῦσι

2415 4258 2883 4328 μὴ’άπονέμοντα,
2916 4258 2992 4320 ὠς
3025 4256 3423 4328 προτιμώμενα
3461 4257 3627 4325 δῆθεν
3676 4259 3784 4328 τὴν
3817 4258 3997 4327 ,θεοσέο

2413 4350 2589 4403 ϐειαν·
2621 4350 2654 4420 ἢ
2689 4350 2738 4402 εἰ
2762 4349 3096 4421 παραϐαίνει
3127 4366 3211 4412 τις
3239 4351 3342 4413 τὰς
3375 4349 3848 4418 παραδεδομένας
3873 4351 3996 4416 ἡμῖν

2416 4441 2694 4510 νηστείας,
2729 4441 2824 4493 καὶ
2859 4442 3053 4494 κοινῶν
3085 4440 3190 4493 ὑπὸ
3222 4439 3324 4510 τῆς
3363 4441 3700 4510 Ἐκκλησίας
3742 4441 3997 4509 φυλάττει

732 4554 834 4597 ret.
879 4540 935 4595 Si
971 4540 1092 4610 quis
1121 4538 1288 4610 428
1315 4537 1499 4606 itaque
1532 4551 1598 4591 ex
1632 4536 1698 4589 iis
1729 4551 1850 4606 qua:
1883 4551 2050 4606 supra
2077 4549 2306 4589 enume-

2417 4533 2541 4587 σθαι
2569 4533 3097 4603 νενομοθετημένας,
3135 4532 3237 4602 τὴν
3276 4533 3568 4603 Κυριακὴν
3631 4533 3666 4603 ἦ
3699 4533 3762 4584 τὸ
3794 4531 3993 4586 2:166:-

730 4628 1262 4700 rantnr,quidquam
1288 4626 1469 4682 facere
1483 4626 1930 4696 deprehenditur,
1958 4635 2012 4680 ut
2041 4641 2098 4680 se
2116 4633 2307 4680 contra

730 4740 825 4780 eos
866 4724 957 4794 qui
999 4720 1308 4792 simplicius
1358 4720 1590 4782 vivunt,
1635 4718 1893 4783 cll'ercns,
1957 4727 2010 4772 et
2040 4717 2309 4771 ecclesia-

732 4818 902 4872 sticas
933 4814 1254 4870 transiliens
1300 4811 1446 4880 leges
1494 4819 1546 4867 et
1589 4811 1970 4866 innovationes
2025 4826 2056 4865 e
2084 4811 2305 4880 propria

732 4908 988 4978 superbia
1016 4905 1394 4967 introducens,
1428 4905 1501 4960 sit
1530 4905 1840 4958 anathema.
1880 4901 2125 4957 Ecclesia
2159 4902 2308 4957 enim

732 5002 1103 5072 virginitatem
1160 5015 1282 5055 cum
1318 4997 1506 5053 animo
1568 4998 1806 5051 demisso
1855 4995 2198 5056 admiratur,
2259 5005 2313 5048 et

733 5094 1108 5148 secessionem
1152 5106 1179 5145 a
1211 5091 1446 5160 negotiis
1498 5089 1855 5144 sa-cularibus
1915 5087 2106 5141 collem
2149 5085 2311 5139 modo

734 5185 935 5240 factam
999 5183 1262 5246 admittit,
1316 5191 1368 5236 ct
1421 5181 1815 5236 continentiam
1857 5193 1983 5234 cum
2043 5178 2311 5248 gravitate

732 5283 787 5326 et
844 5272 1129 5340 religione,
1181 5279 1235 5325 et
1287 5270 1657 5325 venerabilem
1743 5269 2075 5325 matrimonii
2149 5284 2308 5322 usum

732 5364 944 5417 honore
975 5361 1345 5432 prosequitur,
1384 5372 1438 5415 et
1467 5361 1692 5415 divitem
1742 5375 1864 5415 cum
1893 5360 2109 5430 justitia
2133 5369 2188 5415 et
2222 5360 2312 5414 he-

733 5453 1021 5509 neliccntia
1070 5467 1181 5507 non
1242 5453 1392 5522 parvi
1433 5451 1672 5522 pendet,
1720 5461 1773 5506 et
1807 5451 2214 5522 simplicitatem
2255 5463 2311 5505 et

734 5547 1110 5616 l‘rugalitatem
1179 5546 1637 5600 vestimentorum
1687 5561 1798 5599 non
1849 5554 2070 5615 prOpter
2110 5559 2305 5614 super-

738 5635 901 5698 Iliam,
927 5634 1020 5690 sed
1049 5644 1270 5705 propter
1295 5637 1464 5692 solam
1487 5636 1734 5706 corporis
1765 5650 1953 5689 curam
1988 5634 2105 5690 sine
2127 5635 2314 5687 curio-

739 5727 903 5781 sitate
955 5725 1186 5794 factam,
1245 5728 1552 5798 approbare
1605 5727 1796 5792 novit;
1846 5725 2309 5795 quemadmodum

736 5833 846 5878 non
879 5818 1117 5878 admittit
1153 5823 1318 5878 etiam
1351 5836 1444 5878 eos
1469 5823 1560 5896 qui
1592 5820 1917 5886 dissolutas,
1952 5830 2004 5875 ct
2042 5820 2309 5878 delicatas

2413 4642 2503 4678 τον
2541 4625 2779 4695 αἰρεῖται
2812 4624 3119 4693 νηστεύειν·
3154 4623 3313 4694 ῆτὰς
3364 4624 3472 4677 τῶν
3511 4625 3820 4694 μαρτύρων
3887 4642 3994 4676 συν-

2414 4717 2587 4782 άξεις,
2637 4719 2728 4768 καὶ
2758 4716 2857 4779 τάς
2901 4718 2959 4768 ὲν
2992 4716 3182 4778 αὐταῖς
3214 4719 3502 4786 γινομένας
3535 4717 3890 4787 λειτουργίας
3926 4718 3990 4777 ὡς

2412 4809 2764 4878 ὑπερήφανος
2790 4808 3097 4863 διαϐάλοιτο
3150 4808 3243 4861 καὶ
3280 4807 3616 4877 βδελύττοιτο
3637 4825 3653 4838 ·
3681 4813 3740 4864 εἰ
3768 4828 3849 4874 τις
3879 4809 3990 4875 γοῦν

2413 4904 2476 4954 ὲκ
2507 4901 2616 4954 τῶν
2639 4900 2847 4954 ἄνωθεν
2872 4900 3348 4972 ἀπηριθμημένων
3373 4900 3689 4969 εὐρίσκοιτό
3717 4920 3773 4956 τι
3812 4903 3984 4965 ποιῶν,

2411 4995 2488 5055 ὡς
2518 4994 2992 5065 κατεπαιρόμενος
3023 4993 3133 5046 τῶν
3163 4994 3550 5064 άφελεστέρως
3583 4993 3876 5064 βιούντων,
3907 4993 3988 5045 καὶ

2412 5085 2539 5148 τοὺς
2604 5086 3100 5154 ἐκκλησιαστικοὺς
3164 5083 3526 5154 παραϐαίνων
3584 5085 3856 5156 θεσμοὺς,
3905 5083 3986 5137 καὶ

2413 5178 2741 5245 καινισμούς
2775 5177 3017 5244 εἰσάγων
3050 5176 3110 5241 ἐξ
3170 5176 3310 5240 ἰδίας
3362 5177 3675 5248 ὑπεροψίας
3709 5194 3726 5210 ο
3755 5177 3984 5248 ἀνάθεμα

2412 5269 2575 5322 ἔστω.
2617 5269 2681 5324 'll
2712 5268 2820 5336 γάρ
2843 5267 3145 5337 Ἐκκλησία
3174 5267 3270 5319 καί⁵
3301 5268 3607 5336 παρθενίαν
3640 5271 3792 5339 μετά
3818 5288 3984 5323 ταπει-

2410 5361 2747 5432 νοφροσύνης
2776 5359 3073 5429 θαυμάζει,
3123 5357 3216 5411 καὶ
3285 5359 3641 5428 ἀναχώρησιν
3691 5361 3804 5413 τῶν
3847 5363 3983 5426 ἐγκο-

2413 5453 2590 5524 σμίων
2630 5451 2974 5522 πραγμάτων
3002 5448 3265 5512 ὡσαύτως
3304 5450 3601 5518 γινομένην
3651 5453 3975 5521 ἀποδέχεται.

2413 5547 2509 5600 καὶ
2560 5544 2888 5615 ἐγκράτειαν
2947 5541 3086 5613 μετά
3136 5543 3470 5612 σεμνότητος
3531 5543 3629 5594 καὶ
3662 5543 3975 5603 θεοσεϐείας,

2414 5638 2507 5691 καὶ
2530 5637 2734 5708 σεμνὴν
2765 5636 3033 5703 διοίκησιν
3060 5637 3242 5705 γάμου
3273 5636 3432 5705 τιμᾷ,
3467 5635 3566 5687 καὶ
3599 5636 3833 5688 πλοῦτον
3861 5633 3974 5704 μετὰ

2411 5730 2763 5797 δικαιοσύνης
2789 5729 2882 5782 καὶ
2903 5727 3151 5790 εὐποιίας
3173 5727 3273 5780 οὐκ
3297 5725 3594 5793 ὲξουθενεῖ,
3621 5730 3720 5781 καὶ
3745 5728 3972 5792 λιτότητα

2417 5823 2508 5877 καὶ
2562 5821 2838 5876 εὐτέλειαν
2867 5819 3276 5893 ἀμφιασμάτων
3331 5819 3392 5873 οὐ
3428 5818 3518 5875 διὰ
3547 5838 3743 5894 τυφον,
3771 5818 3893 5876 ἀ]λά
3916 5815 3969 5869 ὁι⁹
