4164 6426
186 413 332 475 1277

275 636 291 666 ι
338 618 429 667 καὶ
491 617 552 668 οὐ
609 617 771 686 μόνον
833 617 959 678 τοὺς
1009 618 1286 682 τοιούτους
1351 624 1609 692 καθαιρεῖ
1672 623 1770 690 τῆς

280 727 297 756 ι
337 706 708 777 λειτουργίας,
741 709 878 760 ἀλλά
925 710 1173 772 καὶτοὺς
1211 710 1531 780 τολμῶντας
1558 712 1768 777 τούτοις

277 816 295 846 ι
336 801 613 851 κοινωνεῖν
644 799 782 869 μετὰ
806 800 906 869 τὴν
929 800 1269 871 καθαίρεσιν.
1298 802 1438 866 Τοὺς
1478 803 1534 856 δέ
1574 805 1769 857 καθαιη

276 907 293 938 ι
344 890 600 958 ρεϐἐντας
632 892 1062 962 ἀποστερεῖσθαι
1092 893 1188 946 καὶ
1215 895 1314 962 τῆς
1349 893 1551 958 ἑξωθεν
1576 894 1766 963 τιμῆς,

277 1000 294 1030 ι
341 974 409 1049 ἦς
449 980 477 1032 ὁ
521 981 682 1048 ἀγιος
727 982 911 1036 κανὼν
955 981 1140 1036 καὶτὸ
1179 981 1278 1037 τοῦ
1316 981 1454 1036 Θεοῦ
1496 984 1770 1055 ἱερατείον

274 1090 294 1122 ι
341 1072 689 1141 μετείληφεν.
721 1092 740 1125 ι

261 1164 460 1218 ΒΑΛΣ.
503 1166 635 1235 Περὶ
663 1167 764 1235 τῆς
797 1165 996 1236 ἑορτῆς
1033 1166 1128 1220 τοῦ
1171 1166 1330 1233 ἁγίου
1383 1167 1596 1236 Πάσχα,
1631 1166 1765 1219 πότε

189 1257 402 1325 ὀφείλει
439 1255 709 1322 γίνεσθαι,
735 1255 935 1318 ίκανῶς
965 1257 1227 1327 διελήφθη
1263 1259 1321 1310 ἐν
1352 1257 1430 1327 τῷ
1459 1256 1503 1320 ζ’
1537 1261 1770 1310 ἀποστοο

189 1347 334 1415 λι.κῷ
373 1347 596 1399 κανόνι·
643 1348 741 1400 καὶ
783 1347 1063 1414 ἀνάγνωθι
1116 1346 1309 1401 τοῦτόν
1354 1366 1414 1402 τε
1462 1349 1556 1401 καὶ
1599 1349 1668 1402 τὰ
1713 1350 1772 1400 ἐν

189 1438 346 1507 αὑτῷ
378 1439 677 1508 γραφέντα.
712 1439 777 1492 Οἱ
809 1439 867 1491 δὲ
900 1438 1001 1508 τῆς
1047 1439 1332 1509 παρούσης
1363 1440 1584 1492 συνόδου
1619 1439 1770 1506 ἅγιοι

195 1529 441 1599 Πατέρες
473 1529 693 1596 λέγουσι
730 1529 801 1582 τά
827 1531 958 1599 περὶ
988 1531 1085 1599 τῆς
1121 1531 1381 1598 τοιαύτης
1417 1533 1614 1600 ἑορτῆς
1649 1531 1769 1600 ὁρι-

193 1618 392 1686 σθῆναι
433 1619 584 1690 παρά
634 1621 733 1686 τῆς
782 1619 1012 1689 πρώτης
1050 1620 1293 1674 συνόδου.
1334 1621 1423 1672 Ἐν
1476 1621 1625 1689 γοῦν“
1657 1621 1772 1684 τοῖς

193 1712 388 1765 κανόσι
419 1711 526 1762 τῶν
565 1713 623 1764 ἐν
651 1712 697 1764 Ν
705 1713 859 1783 ικαίᾳ
882 1710 1142 1782 Πατὲρων
1186 1711 1345 1765 τοῦτο
1374 1712 1472 1782 οὐχ
1504 1710 1734 1784 εὓρηται
1754 1727 1767 1741 ·

191 1805 273 1865 εἰς
297 1804 354 1856 δὲ
384 1803 452 1857 τὰ
488 1804 773 1872 πρακτικὰ
797 1806 899 1874 τῆς
931 1804 1157 1874 πρώτης
1182 1804 1404 1858 συνόδου
1429 1805 1766 1874 εὑρίσκεται.

191 1895 336 1956 Τοὺς
372 1895 551 1970 τοίνρν
600 1895 922 1964 τολμῶντας
969 1896 1038 1948 τὰ
1083 1895 1227 1948 οὕτω
1261 1895 1604 1966 διορισθέντα
1646 1897 1776 1966 περὶ
1805 1881 1847 1936 Β

188 1986 287 2038 τοῦ
315 1987 506 2054 Πάσχα
529 1985 842 2051 καταλύειν,
866 1987 962 2039 καὶ
989 1987 1130 2056 μετά
1167 1987 1440 2040 Ἰουδαίων
1469 1986 1774 2056 ἑορτάζειν,

187 2077 421 2138 λαῖκοὺς
457 2078 557 2145 μὲν
587 2077 749 2139 ὄντας
796 2079 892 2130 καὶ
927 2077 1002 2147 μὴ
1037 2077 1288 2147 ἑτοίμους
1319 2077 1777 2140 εὖσυνθετοῦντας

192 2168 335 2236 πρὸς
391 2167 486 2234 τὴν
534 2166 1001 2237 ἑκκλησιαστικὴν
1064 2168 1391 2236 παράδοσιν,
1444 2167 1582 2220 ἀλλὰ
1631 2167 1778 2234 φιλο-

188 2259 536 2322 νεικοῦντας,
614 2259 944 2328 διορίζονται
1026 2260 1430 2328 ἀκοινωνησίας
1497 2259 1777 2321 παντελῶς

189 2352 455 2422 ἐπιτιμίῳ
489 2351 1044 2405 καθυποϐἀῖο.λεσθαιο
1099 2353 1432 2423 ίερωμένους
1477 2352 1534 2406 δὲ
1578 2351 1778 2405 καθαι-

191 2445 414 2514 ρεῖσθαι
443 2461 456 2474 ·
504 2447 598 2496 καὶ
631 2444 693 2495 οὐ
721 2443 918 2512 μόνους
953 2443 1196 2508 τούτους,
1228 2444 1364 2497 ἀλλά
1388 2445 1481 2496 καὶ
1512 2443 1634 2504 τοὺς
1658 2460 1776 2495 κοι-

187 2537 497 2599 νωνοῦντας
525 2539 709 2600 αὺτοῖς
739 2540 876 2607 μετά
904 2537 1002 2608 τὴν
1027 2537 1373 2606 καθαίρεσιν.
1409 2538 1517 2590 Καὶ
1550 2535 1774 2598 τούτους

188 2633 250 2686 δὲ
289 2632 600 2698 κάκείνους,
635 2631 734 2685 σὺν
773 2634 837 2701 τῇ
871 2631 1298 2701 ἀλειτουργησίᾳ
1336 2631 1428 2682 καὶ
1457 2629 1554 2694 τῆς
1574 2627 1775 2694 ἔξωθεν

189 2722 292 2775 τοῦ
318 2723 563 2792 βήματος
596 2722 911 2792 ἀνηκούσης
941 2724 1128 2784 αὐτοῖς
1160 2720 1456 2787 κανονικῆς
1477 2720 1648 2787 τιμῆς
1701 2719 1776 2782 ὡς

194 2814 537 2882 ἱερωμένους
596 2812 1081 2882 ἀπαλλοτριοῦσιν.
1145 2811 1284 2864 Οὖτε
1339 2810 1446 2879 γὰρ
1505 2811 1776 2881 καθέδρας

190 2904 320 2958 οὔτε
346 2906 592 2974 κλήσεως
617 2905 1036 2974 ἁξιωθήσονται,
1067 2903 1192 2957 οὔτε
1230 2907 1334 2974 μὴν
1362 2903 1551 2972 ἐτέρου
1577 2917 1774 2970 προνο-

194 2999 326 3067 μίου
352 2998 651 3066 ἱερατικοῦ.
690 2998 1008 3067 Σημείωσαι
1039 2995 1131 3049 οὖν
1177 2997 1284 3050 ἀπὸ
1327 2995 1518 3048 τούτου
1564 2995 1669 3057 ὅτι,
1727 2993 1775 3044 εί

193 3091 275 3159 μή
334 3091 453 3140 ἐστι
518 3088 762 3140 τοιοῦτον
825 3088 968 3157 μέγα
1027 3087 1089 3140 τὸ
1144 3085 1423 3156 ἔγκλημα,
1490 3083 1558 3138 δι’
1611 3085 1638 3136 ὅ
1690 3098 1777 3146 τις

190 3180 506 3250 καθῃρέθη.
558 3179 702 3232 ἀλλά
733 3178 969 3248 ἐλαφρὸν
1010 3178 1194 3250 (τυχὸν
1216 3177 1465 3245 ἐγάμησε
1508 3174 1647 3245 μετὰ
1675 3174 1774 3243 τὴν
1802 3207 1844 3264 C

192 3270 586 3343 χειροτονίαν),
619 3271 907 3341 ἐνεργήσει
943 3269 1012 3322 τὰ
1054 3267 1160 3333 ἔξω
1206 3267 1300 3320 τοῦ
1345 3267 1624 3338 βήματοςο
1664 3264 1776 3331 ἑξει

192 3363 252 3416 δὲ
283 3363 378 3414 καὶ
412 3361 511 3430 τὴν
541 3361 644 3425 ἔξω
664 3362 854 3430 τιμήν.
897 3359 1203 3427 Ἀνὰγνωθι
1247 3358 1342 3409 καὶ
1374 3358 1575 3410 κανόνα
1609 3354 1653 3408 θ’
1677 3355 1777 3425 τῆς

189 3432 251 3510 ἐν
281 3454 683 3523 Νεοκαισαρείᾳ
714 3450 957 3530 συνόδου,
989 3451 1086 3502 καλ¹
1110 3450 1208 3519 τῆς
1233 3447 1284 3503 ς’
1305 3449 1522 3501 συνόδου
1544 3447 1779 3511 κανόνας

189 3545 283 3600 κα¹
341 3546 435 3598 καὶ
472 3543 587 3608 κς’.

269 3638 517 3711 ΖΩΝΑΡ.
543 3636 712 3688 Φασὶν
752 3636 802 3687 ot
854 3635 953 3703 τῆς
1004 3633 1227 3686 συνόδου
1273 3631 1478 3700 ταύτης
1521 3633 1646 3695 τοὺς
1679 3630 1779 3700 τῆς

192 3732 423 3801 πρώτης
458 3729 679 3782 συνόδου
703 3727 894 3795 ἁγίους
919 3727 1173 3796 Πατέρας
1192 3727 1319 3796 ὅρον
1349 3724 1612 3777 ἐκθέσθαι
1647 3723 1778 3792 περὶ

190 3825 294 3893 τῆς
347 3822 542 3892 ἑορτῆς
590 3819 686 3872 τοῦ
744 3821 960 3888 Πάσχα,
1005 3818 1064 3882 ὃς
1112 3819 1168 3870 ἐν
1215 3820 1331 3879 τοῖς
1375 3815 1507 3886 παρ’
1547 3814 1777 3868 ἐκείνων

192 3914 631 3983 συντεθειμένοις
656 3911 878 3965 κανόσιν
899 3911 998 3980 οὐχ
1020 3909 1251 3980 εὓρηται
1270 3923 1282 3938 '
1316 3909 1411 3962 καὶ
1437 3906 1598 3959 τοῦτο
1624 3905 1776 3976 παρά

193 4010 419 4064 πάντων
477 4004 849 4075 φυλάττεσθαι
894 4003 1245 4068 ἀπαιτοῦσιν,
1296 4001 1330 4072 ἢ
1375 4001 1778 4069 ἁκοινωνήτους

189 4094 337 4153 εἶναι
373 4097 466 4150 καὶ
513 4096 856 4165 ἀποὸλήτους
902 4082 1002 4165 τῆς
1047 4093 1377 4166 Ἐκκλησίας
1421 4095 1548 4157 τοὺς
1580 4093 1655 4164 μὴ
1687 4092 1778 4145 τὸν

189 4195 321 4265 ὅρον
368 4192 576 4243 ἐκεῖνον
608 4189 914 4260 τηροῦντας
959 4187 1209 4250 λαῖκούς.
1266 4189 1327 4240 Εἰ
1383 4187 1441 4241 δὲ
1487 4187 1779 4257 ίερωμένοι

193 4275 308 4332 εἷεν
358 4279 406 4330 oi
450 4277 529 4346 τῷ
573 4277 686 4345 ὅρῳ
747 4276 942 4345 ἐκείνῳ
999 4275 1433 4345 ἐναντιούμενοι,
1487 4276 1583 4328 καὶ
1639 4277 1778 4345 μετά

205 4369 484 4423 Ἰουδαίων
517 4368 692 4420 τελεῖν
721 4368 781 4419 τὸ
805 4367 997 4437 Πάσχα
1020 4368 1349 4428 διδάσκοιεν,
1389 4367 1776 4438 καθαιρεῖσθαι

190 4462 423 4524 αὐτοὺς,
446 4461 538 4512 καὶ
571 4463 698 4520 τοὺς
730 4462 1010 4512 κοινωνεῖν
1054 4459 1378 4528 τολμῶντας
1413 4460 1602 4522 αὐτοῖς
1637 4459 1778 4529 μετά

1243 422 1324 479 ῘΝ
1356 423 1520 484 CAN.
1560 422 1588 482 Ι
1627 423 1838 488 CONC.
1875 428 1933 485 Ιῐ
1973 431 2323 494 ANTIOlZII.

276 535 297 576 ἐ
340 526 542 592 φθορᾶς
576 524 691 594 (40)
727 527 821 576 καὶ
864 527 1199 596 διαστροφῆς
1234 528 1407 580 αἴτιον
1437 532 1762 599 γινόμενονν
1799 539 1844 593 Α

3313 439 3331 499 1
3345 432 3446 502 9.78

1955 559 1974 591 ι
2017 542 2190 596 solum
2219 559 2317 597 eos
2377 559 2405 596 a
2457 543 2769 598 ministerio
2814 545 3064 613 deponit,
3099 545 3192 599 scd
3222 555 3275 600 et
3300 547 3446 612 illos,

1952 653 1970 686 ‹
2020 637 2110 703 qui
2153 638 2357 690 audent
2407 637 2474 691 iis
2521 647 2640 704 post
2682 638 3079 704 depositionem
3131 639 3445 690 communi-

1950 743 1970 778 ι
2016 741 2164 781 care.
2210 726 2502 796 Depositos
2533 736 2715 781 autem
2749 731 2913 781 ctiam
2963 740 3192 782 externo
3239 731 3450 785 honore

1948 832 1968 868 ι
2015 817 2240 885 privari,
2270 818 2424 886 cujus
2456 826 2686 873 sanctus
2722 831 2897 872 canon
2950 828 3004 871 ct
3051 819 3142 871 Dei
3197 817 3450 874 sacerdo-

1947 926 1967 960 ι
2015 908 2148 962 tium
2178 907 2279 962 fuit
2319 910 2617 980 particeps.
2665 928 2686 962 ι

1942 1178 2136 1234 BALS.
2189 1179 2262 1233 De
2305 1179 2442 1234 festo
2500 1189 2708 1234 sanctae
2748 1178 2995 1241 Pascha),
3017 1170 3252 1245 quando
3291 1175 3450 1229 debet

1875 1274 1988 1327 lieri
2013 1274 2149 1328 satis
2182 1282 2476 1328 tractatum
2513 1280 2594 1326 est
2625 1275 2678 1326 in
2707 1273 2942 1341 septimo
2973 1286 3182 1324 canone
3218 1279 3448 1338 aposto-

1875 1366 1980 1418 lico
2009 1375 2099 1428 ;et
2132 1365 2407 1432 legeeum,
2440 1372 2495 1418 et
2551 1380 2670 1433 qua:
2700 1366 2755 1418 in
2816 1365 2996 1433 ipsum
3053 1363 3256 1428 scripta
3302 1370 3450 1414 sunt.

1874 1453 2171 1508 Prmsentis
2198 1463 2380 1507 autem
2408 1455 2605 1525 synodi
2669 1456 2844 1508 sancti
2878 1454 3070 1507 Patres
3126 1453 3324 1505 dicunt
3386 1452 3454 1505 dc

1875 1544 1976 1600 hoc
2003 1546 2140 1600 festo
2175 1562 2204 1599 a
2240 1546 2413 1614 prima
2441 1546 2654 1615 synodo
2713 1545 2886 1599 fuisse
2917 1545 3222 1597 deﬁnitum.
3276 1545 3455 1610 Atque

1875 1638 1977 1693 hoc
2024 1639 2076 1691 in
2128 1638 2432 1692 canonibus
2467 1637 2688 1691 Patrum
2723 1636 2954 1690 Nicena:
3002 1635 3191 1706 synodi
3231 1650 3337 1687 non
3375 1638 3456 1687 iu-

1873 1738 2091 1782 ventum
2125 1737 2236 1793 est;
2273 1728 2369 1783 sed
2421 1727 2476 1780 in
2522 1727 2660 1781 actis
2688 1727 2872 1795 prima:
2905 1727 3097 1794 synodi
3156 1724 3453 1776 invenitur.

1876 1820 1986 1875 Eos
2014 1819 2253 1889 ergoqui
2286 1819 2516 1882 audent,
2585 1833 2709 1886 quae
2752 1818 2816 1870 de
2850 1816 3058 1870 Pascha
3101 1815 3181 1869 sic
3229 1814 3453 1867 deﬁnita

1881 1921 2035 1976 sunt,
2068 1913 2280 1967 solvere
2316 1919 2368 1966 et
2392 1926 2518 1965 cutu
2551 1909 2758 1963 Iudaeis
2796 1909 2994 1962 festum
3051 1922 3233 1973 agere,
3272 1906 3314 1958 si
3344 1905 3456 1958 sint

1879 2005 2097 2072 quidem
2127 2004 2273 2066 laici,
2308 2013 2362 2058 et
2388 2003 2453 2056 ad
2473 2001 2912 2056 ecclesiasticam
2958 1999 3311 2051 traditionmn
3346 2013 3452 2048 non

1881 2096 2038 2151 facile
2061 2095 2400 2163 redigantur,
2455 2093 2551 2147 sed
2614 2092 2962 2145 contentiose
3021 2091 3317 2145 resistant.
3359 2090 3456 2138 de-

1879 2195 2114 2243 cernunt
2170 2186 2413 2240 absolute
2468 2183 3054 2238 excommunicationis
3097 2182 3274 2249 poenis
3325 2181 3454 2232 sul)-

1879 2283 1976 2352 jtci
2017 2299 2030 2347 ;
2073 2295 2172 2334 eos
2218 2294 2370 2344 vero,
2407 2279 2500 2347 qui
2541 2285 2671 2331 sunt
2723 2275 2950 2337 sacrati,
2991 2273 3232 2338 deponi:
3264 2281 3315 2324 et
3349 2287 3453 2321 non

1878 2373 2054 2428 solum
2080 2372 2250 2440 ipsos,
2288 2370 2381 2425 sed
2417 2377 2471 2424 et
2498 2384 2593 2423 eos
2624 2368 2716 2437 qui
2746 2368 2855 2420 illis
2886 2373 3010 2430 post
3043 2364 3454 2433 dcpositioncm

1877 2465 2316 2518 communicant.
2350 2461 2490 2526 Quin
2528 2460 2691 2512 etiam
2746 2457 2815 2510 iis
2853 2457 3011 2525 ipsis,
3047 2470 3153 2507 una
3207 2468 3332 2506 cum
3371 2467 3458 2503 sa-

1878 2570 2096 2609 crorum
2130 2551 2586 2607 celebrandarum
2623 2550 2957 2620 privatione,
3002 2549 3268 2600 honorem
3317 2559 3458 2611 quo-

1878 2662 1983 2714 que
2011 2645 2360 2704 canonicum,
2415 2643 2508 2712 qui
2572 2643 2637 2695 ad
2701 2640 2862 2704 illos,
2923 2650 3110 2705 utpote
3163 2647 3442 2698 sacratos,

1872 2747 2031 2793 extra
2068 2751 2289 2792 sacrum
2325 2734 2563 2789 tribunal
2619 2734 2877 2803 pertinet.
2942 2731 3212 2784 adimunt.
3267 2728 3456 2796 Neque

1877 2833 2021 2887 enim
2057 2828 2327 2883 cathedrae
2361 2868 2374 2888 .
2429 2841 2608 2895 neque
2669 2825 2982 2879 vocationis
3045 2824 3255 2876 honore
3306 2821 3457 2887 digni

1879 2920 2229 2975 habebuntur
2265 2937 2276 2971 :
2306 2917 2400 2971 sed
2443 2932 2544 2970 nec
2595 2916 2704 2968 alio
2740 2914 3074 2969 sacerdotali
3142 2913 3456 2980 privilegio.

1877 3011 2017 3066 Neta
2044 3025 2175 3078 ergo
2203 3025 2266 3063 ex
2298 3009 2420 3068 hoc.
2467 3007 2612 3075 quod
2666 3007 2713 3061 si
2761 3019 2870 3058 non
2915 3012 3001 3056 est
3054 3017 3311 3069 maguum
3339 3002 3461 3053 -crio

1879 3117 2002 3155 men
2028 3108 2249 3169 propter
2276 3099 2421 3167 quod
2455 3097 2728 3166 quispiam
2764 3103 2851 3148 est
2873 3093 3184 3159 depositus,
3222 3091 3314 3144 sed
3344 3092 3460 3142 leve

1881 3193 2047 3261 (forte
2093 3192 2250 3246 duxit
2289 3205 2514 3244 uxorem
2541 3197 2664 3258 post
2725 3185 3182 3256 depositionem),
3243 3198 3306 3236 ea
3340 3199 3462 3249 qua:

1881 3293 2011 3339 sunt
2051 3292 2207 3336 extra
2243 3281 2490 3334 tribunal
2530 3287 2798 3349 peraget:
2829 3285 2882 3330 et
2940 3288 3232 3328 externum
3292 3275 3459 3326 etiam

1880 3378 2145 3431 honorem
2168 3375 2412 3428 habebit.
2450 3371 2592 3441 Lege
2618 3381 2670 3424 et
2702 3383 2972 3421 canonem
3003 3365 3460 3420 9Nn0eaasarien-

1880 3470 1958 3524 sis
1983 3467 2200 3537 syno-li,
2249 3475 2303 3519 ct
2336 3473 2502 3519 sextae
2534 3462 2727 3534 synodi
2762 3475 3002 3514 canones
3034 3460 3095 3512 El
3124 3466 3175 3512 et
3203 3457 3292 3511 ‘26.

1961 3625 2213 3681 ZONAR.
2264 3625 2550 3680 Decretum
2595 3639 2622 3677 a
2682 3623 2890 3678 sanctis
2952 3621 3204 3675 Patribus
3260 3621 3312 3671 in
3353 3619 3462 3690 pri-

1882 3737 1967 3773 ma
1999 3720 2208 3791 synodo
2233 3717 2611 3787 congregatis,
2649 3715 2791 3783 quod
2824 3724 3003 3768 tamen
3045 3719 3183 3766 inter
3221 3727 3462 3765 canones

1879 3812 1997 3881 ejus
2015 3810 2204 3881 synodi
2241 3826 2346 3864 non
2373 3819 2580 3871 exstat,
2619 3807 2684 3860 de
2709 3807 2931 3861 Paschre
2957 3804 3187 3858 solemni
3230 3803 3315 3855 die
3347 3802 3464 3853 edi-

1877 3918 1991 3960 tum
2063 3905 2273 3968 fuisse,
2362 3903 2525 3971 hujus
2594 3900 2784 3972 synodi
2837 3907 3090 3953 auctores
3155 3903 3461 3954 asserunt;

1880 3999 2042 4068 idque
2092 3998 2161 4052 ab
2196 3997 2453 4052 omnibus
2498 3994 2706 4050 servari
2743 4032 2758 4056 ,
2819 3992 3022 4062 quique
3083 3992 3130 4043 ei
3188 4003 3296 4041 non
3367 3985 3463 4038 ob-

1879 4091 2345 4160 tempet'averint,
2415 4088 2461 4141 si
2529 4087 2747 4156 quidem
2804 4085 2930 4139 laici
3002 4083 3152 4144 sint,
3217 4093 3464 4132 commu-

1878 4185 2043 4238 nione
2088 4181 2288 4252 privari
2328 4191 2380 4236 et
2427 4180 2494 4234 ab
2529 4179 2776 4234 Ecclesia
2838 4175 3196 4231 exterminari
3243 4172 3460 4240 jubcnt.

1878 4277 2033 4343 Quod
2069 4278 2109 4330 si
2148 4290 2304 4330 sacro
2328 4274 2510 4328 ordini
2539 4272 2954 4327 constitutionis
2985 4270 3132 4321 illius
3166 4268 3463 4320 violatores

1879 4369 2138 4436 adscripti
2174 4365 2402 4432 fuerint,
2434 4365 2580 4434 iique
2609 4380 2734 4418 cum
2768 4360 2973 4415 Iudaeis
3002 4360 3146 4411 diem
3179 4356 3463 4409 Paschalis

1879 4460 2266 4514 celebrandum
2319 4473 2443 4511 esse
2488 4457 2749 4516 doceant,
2787 4452 3139 4522 depositione
3196 4452 3368 4518 ipsos,
3411 4456 3465 4500 et

188 4552 293 4622 τὴν
319 4549 642 4617 καθαίρεσιν
675 4550 1087 4614 διατάττονται,
1123 4550 1218 4601 καὶ
1253 4550 1390 4620 μηδέ
1427 4550 1596 4620 τιμῆς
1626 4553 1775 4620 ἱερα-

1881 4551 1974 4619 qui
2026 4550 2223 4605 iisdem
2270 4559 2396 4619 post
2441 4547 2838 4618 depositionem
2885 4544 3300 4598 communicare
3347 4540 3463 4594 ausi

188 4642 355 4709 τικῆς
382 4643 482 4711 τῆς
511 4639 716 4704 ἔξωθεν
747 4641 1002 4710 μετέχειν
1037 4641 1237 4705 αὐτούς
1266 4659 1282 4674 ο
1315 4641 1482 4705 ὥστε,
1535 4643 1641 4696 κᾶν
1670 4642 1773 4710 τῆς

1874 4644 2119 4709 fuerint,
2161 4641 2380 4698 multari
2416 4641 2649 4706 volunt;
2696 4654 2760 4693 ac
2801 4654 2867 4693 ne
2909 4648 3194 4693 externum
3243 4633 3464 4704 quidem

193 4734 512 4803 ἱερουργίας
548 4733 893 4796 κωλύωνται,
931 4731 1206 4803 καθέδρας
1233 4733 1370 4796 τέως
1401 4735 1498 4788 καὶ
1528 4732 1776 4802 κλήσεως

1877 4735 2182 4795 sacerdotii
2227 4737 2516 4800 honorem,
2550 4742 2608 4787 nt
2647 4748 2772 4787 cum
2808 4746 2838 4785 a
2887 4747 3174 4786 sacrorum
3226 4729 3470 4782 celelua-

187 4826 515 4879 ἐπισκόπων
555 4825 585 4894 ἢ
631 4824 825 4893 ἱερέων
860 4823 1177 4878 ἀπολαύειν.
1235 4826 1344 4878 Καὶ
1388 4826 1415 4877 ό
1462 4824 1690 4893 ἕϐδομος
1721 4824 1780 4876 δέ

187 4916 376 4970 κανὼν
403 4917 510 4968 τῶν
557 4915 728 4984 ἁγίων
767 4915 1106 4979 ἀποστόλων,
1155 4916 1282 4975 τοὺς
1324 4917 1463 4986 μετὰ
1508 4914 1779 4967 Ἰουδαίων

188 5012 255 5062 τὸ
294 5008 480 5077 Πάσχα
529 5005 890 5076 ἑορτάζοντας
942 5004 1328 5075 καθαιρεῖσθαι
1381 5004 1618 5058 κελεύει.
1680 5004 1772 5058 Ἑν

195 5099 299 5169 μὲν
337 5096 428 5151 οὖν
468 5101 583 5160 τοῖς
631 5098 821 5150 κανόσι
851 5097 952 5167 τῆς
1002 5096 1228 5168 πρώτης
1271 5099 1494 5151 συνόδου
1530 5097 1685 5151 οὐδέν
1720 5115 1775 5150 τι

190 5193 328 5263 περὶ
366 5192 457 5244 τοῦ
494 5192 684 5261 Πάσχα
713 5190 948 5261 εὓρηται
992 5189 1245 5257 ὁρισθέν·
1275 5192 1324 5244 εί
1373 5189 1418 5243 δ’
1470 5192 1630 5254 ἐκτὸς
1661 5189 1774 5244 τῶν

190 5283 436 5338 κανόνων
467 5301 519 5336 τι
549 5283 899 5354 ᾠκονόμηται
947 5282 1148 5353 ἀγνοῶ,
1187 5282 1488 5354 πρακτικὸν
1531 5284 1628 5353 τῆς
1654 5300 1778 5336 συν-

192 5376 320 5429 όδου
361 5376 576 5445 ἐκείνης
613 5376 687 5448 μὴ
723 5377 884 5446 ἔχων.

1880 4831 2030 4883 tione
2083 4836 2413 4892 arceantur,
2473 4835 2656 4879 tamen
2719 4825 2993 4879 cathedra:
3049 4823 3466 4892 praerogativam

1881 4919 2239 4990 episcopique
2265 4929 2358 4971 aut
2383 4917 2686 4972 sacerdotis
2713 4916 3134 4985 appellationem
3165 4916 3466 4970 retineant.

1884 5011 2203 5066 hominibus
2248 5010 2476 5064 concedi
2527 5010 2832 5079 patiuntur.
2881 5009 2955 5061 Ac
3005 5008 3039 5061 ii
3094 5007 3342 5074 quidem,
3377 5005 3467 5070 qui

1875 5116 2001 5156 cum
2043 5099 2251 5155 Judmis
2287 5098 2512 5154 Pascha
2555 5100 2700 5153 diem
2752 5106 2939 5168 agunt,
2975 5097 3212 5166 septimo
3254 5108 3469 5163 quoque

1876 5203 2193 5249 sanctorum
2241 5194 2617 5262 apostolorum
2667 5205 2881 5243 canone
2932 5189 3131 5258 deponi
3182 5188 3468 5258 juheutur-

1878 5285 2048 5339 Porro
2082 5285 2222 5338 inter
2267 5300 2510 5338 canones
2548 5285 2736 5350 prima:
2774 5283 2966 5351 synodi
2999 5281 3131 5334 nihil
3165 5279 3464 5347 quidquam

1879 5377 1946 5432 de
1976 5377 2257 5443 ;Paschate
2299 5377 2581 5429 decretum
2631 5376 2910 5428 invenitur
2959 5391 2971 5425 :
3016 5389 3080 5424 an
3119 5388 3250 5425 vero
3315 5383 3464 5424 extra

191 5485 437 5525 eanones
485 5469 689 5539 aliquid
713 5468 980 5539 ejusmodi
1030 5467 1394 5522 constitutum
1429 5465 1520 5534 sit,
1581 5483 1705 5523 cum
1748 5468 1896 5522 illius
1935 5467 2151 5523 concilii
2198 5466 2341 5537 apud
2396 5482 2482 5521 mc
2527 5466 2660 5520 Acta
2692 5481 2800 5518 non
2838 5473 3078 5528 exstent,
3110 5463 3252 5516 haud
3310 5463 3468 5514 facile

191 5566 451 5622 dixerim.

1430 5676 1618 5737 Guill.
1662 5675 1990 5754 Beveregii
2025 5682 2213 5736 notae.

271 5781 382 5845 (49)
421 5779 605 5835 Ἀλλὰ
636 5780 742 5833 παὶ
787 5777 1043 5842 πολλοῖς
1069 5775 1414 5846 διαφθορᾶς.
1447 5776 1539 5830 Sic
1570 5794 1763 5832 omnes

205 5855 397 5925 tegunt
432 5853 652 5908 codices
684 5857 880 5922 praeter
928 5849 1454 5916 Amcrbachiauum,
1488 5851 1578 5920 qui
1610 5847 1761 5921 leg",

1870 5778 2005 5899 ἁλλέι
2041 5777 2136 5829 καὶ
2185 5775 2389 5846 πολλῆς
2435 5774 2737 5847 διαφθορᾶς
2786 5774 2879 5828 καὶ
2933 5772 3266 5846 διαστροφῆς
3291 5769 3464 5824 αἴτιον

1873 5865 1962 5899 γιν
2003 5864 2180 5899 μενον.

1873 5864 2180 5920 γινομενον.
