4164 6426
187 418 325 487 1281

1324 429 1404 490 ΙΝ
1441 430 1609 491 CAN.
1653 431 1714 490 II
1754 433 1967 496 CONC.
2007 434 2066 493 ll
2100 436 2452 499 ANTIGCII.

3327 452 3464 518 19.82

179 537 346 604 ἀξίαν
376 540 673 609 μετάνοιαν
707 541 847 610 μετά
879 542 1327 612 ἐξομολογήσεως
1379 545 1753 610 ἐπιδείξωνται

1883 549 2100 617 dignam
2132 569 2255 607 cum
2295 556 2639 613 confesswne
2684 563 3062 631 paenitentiam
3101 565 3464 623 ostenderint.

195 629 355 683 Ἐπεὶ
382 631 439 684 δὲ
487 633 636 695 είκδς
658 629 749 703 ἦν,
774 637 886 696 τοῖς
917 633 1093 696 οὓτως
1145 638 1490 706 ἀφορισθεῖσι
1550 653 1769 705 συγκοι-

189 722 387 773 νωνεῖν
428 740 606 788 τινας,
637 725 806 794 ἧγουν
862 726 1243 797 συνεύχεσθαι,
1292 729 1415 797 οὐχὶ
1475 731 1531 781 ἐν
1565 731 1630 798 τῇ
1676 729 1772 782 ἐκ-

178 810 409 883 κλησίᾳ,
445 813 538 884 ἀφ’
569 810 636 888 ἧς
661 816 1055 889 ἐξεϐλήθησαν,
1080 819 1194 871 ἀλλ’
1223 822 1279 873 ἐν
1305 820 1583 889 εὐκτηρίῳ
1611 820 1773 890 οἴκῳ,

175 903 214 975 ἦ
268 907 326 957 ἐν
353 906 518 978 ἑτέρᾳ
547 909 836 978 ἐκκλησία,
876 911 971 962 καὶ
1001 911 1193 986 λέγειν⁵
1220 912 1610 982 ἀνεπιτίμητον
1633 908 1773 966 εἶναι

173 996 363 1062 τοῦτο,
428 999 504 1061 ὡς
553 1000 648 1053 τοῦ
674 1001 1065 1072 ἀφορισθέντος
1126 1004 1236 1057 ἀπὸ
1293 1006 1425 1075 μιᾶς
1473 1006 1772 1074 ἐκκλησίας

173 1087 343 1157 δῆθεν
371 1090 717 1160 διωχθέντας,
749 1093 848 1160 τῆς
873 1093 980 1146 ὑπὸ
1001 1094 1068 1148 τά
1092 1094 1277 1148 δίκαια
1313 1094 1484 1166 οὐσης
1540 1096 1634 1149 τοῦ
1667 1100 1770 1166 ἁφ-

157 1167 491 1251 ὀρίσαντος,
520 1184 686 1252 φησὶν
721 1185 749 1236 ό
787 1185 969 1238 κανὼν
1000 1185 1130 1256 μίαν
1162 1188 1459 1258 ἐκκλησίαν
1475 1185 1615 1241 εἶναι
1644 1191 1770 1252 τοὺς

171 1271 517 1341 ὁπουδήποτε
548 1273 708 1337 ὄντας
735 1275 1061 1345 εὐκτηρίους
1085 1277 1271 1341 οἴκους
1313 1279 1408 1332 καὶ
1432 1280 1617 1342 ναούς.
1655 1282 1768 1334 Καὶ

171 1362 280 1415 οὐκ
309 1363 587 1431 ὀφείλουσι
625 1385 770 1430 τινες
795 1370 1050 1441 κληρικοὶ
1084 1371 1222 1441 μετά
1251 1370 1346 1424 τοῦ
1380 1372 1768 1442 ἀφορισθέντος

176 1455 565 1526 συνεύχεσθαι,
625 1458 730 1513 κᾶν
760 1461 869 1514 ἀπὸ
915 1462 1110 1533 ἐτέρας
1137 1457 1271 1517 ὦσιν
1327 1465 1582 1533 ἐνορίαςο
1637 1469 1766 1529 τοὺς

170 1543 237 1598 δὲ
271 1549 424 1617 παρὰ
480 1549 660 1602 ταῦτα
715 1551 1005 1617 ποιοῦντας
1063 1554 1315 1625 τῷαύτῷ
1377 1558 1640 1627 ἐπιτιμίῳ
1665 1557 1766 1626 τῆς

166 1639 575 1711 ἁκοινωνησίας
629 1644 1161 1701 καθυποὸάλλεσθαι.
1226 1650 1340 1703 Καὶ
1384 1650 1452 1702 τὰ
1514 1651 1615 1720 μὲν
1665 1652 1762 1704 τοῦ

164 1732 398 1795 κανόνος
437 1734 496 1786 ἐν
547 1734 783 1799 τούτοις.
830 1738 902 1791 Σὺ
952 1738 1010 1791 δὲ
1066 1740 1343 1807 ἀνάγνωθι
1402 1741 1471 1794 τὰ
1526 1746 1583 1795 ἐν
1643 1745 1758 1805 τοῖς

169 1823 423 1894 ῥηθεῖσιν
485 1826 864 1891 ἀποστολικοῖς
920 1831 1108 1882 κανόσι
1137 1831 1439 1901 γραφέντα,
1498 1834 1594 1884 καὶ
1638 1834 1761 1886 κατ’

172 1915 364 1967 ἐκεῖνα
423 1918 536 1969 νόει
571 1918 664 1970 καὶ
721 1919 811 1972 τὸν
879 1925 1124 1990 παρόντα
1181 1923 1406 1986 κανόνα,
1465 1923 1561 1975 καὶ
1636 1925 1757 1975 εἰπέ

162 2007 253 2060 ὅτι
300 2008 359 2060 οὐ
408 2007 828 2080 λογισθήσονται
906 2013 1388 2083 ἀποστρεφόμενοι
1441 2015 1540 2084 τὴν
1593 2016 1757 2079 ἁγίαν

169 2099 481 2170 μετάληψιν
504 2103 554 2154 οἱ
575 2104 979 2174 μυσαττόμενοι
1005 2105 1198 2176 αὐτὴν,
1223 2106 1280 2177 ἢ,
1310 2106 1384 2167 ὥς
1415 2125 1558 2168 τινες
1578 2102 1754 2172 εἷπον,

163 2192 226 2246 οἱ
259 2192 328 2246 δι’
355 2195 649 2249 εὐλάϐειαν
688 2196 783 2249 καὶ
809 2199 1314 2268 ταπεινοφροσύνην
1344 2201 1756 2269 ἀποφεύγοντες

161 2284 377 2354 ταύτην
408 2285 476 2356 (οἱ
514 2287 615 2356 μέν
670 2288 778 2359 γὰρ
804 2290 866 2341 οὐ
900 2289 1062 2357 μόνον
1094 2291 1584 2361 ἀφορισθὴσονται,
1618 2293 1755 2347 ἀλλά

162 2378 264 2430 καὶ
297 2378 854 2450 ἀποκηρυχθήσονται
884 2381 959 2444 ὡς
1005 2383 1304 2454 αἱρετικοίο
1338 2385 1387 2436 οἱ
1411 2383 1467 2437 δέ
1509 2386 1758 2454 συγγνώ-

164 2487 283 2540 μης
325 2470 723 2542 ἀξιωθήσυνται
751 2473 840 2528 διὰ
884 2475 982 2544 τὴν
1016 2475 1316 2530 εὐλάϐειαν
1371 2478 1465 2530 καὶ
1517 2478 1617 2548 τὴν
1674 2480 1755 2543 είς

159 2564 236 2615 τά
300 2563 433 2631 ἀγια
491 2564 651 2631 ἀξίαν
711 2566 902 2638 φειδὼ)
936 2567 1055 2621 ἀλλ’
1111 2571 1314 2622 ἐκεῖνοι
1382 2571 1583 2630 οῖτινες
1639 2571 1754 2624 ἀπὸ

159 2657 637 2728 καταφρονήσεως
666 2660 760 2712 καὶ
791 2659 1114 2725 ἀλαζονείας
1145 2660 1255 2715 ἀπὸ
1305 2662 1402 2732 τῆς
1455 2662 1754 2734 ἐκκλησίας

159 2748 482 2820 ἐξέρχονται
512 2751 620 2821 πρὸ
664 2753 765 2823 τῆς
801 2753 963 2822 ἁγίας
994 2753 1350 2826 μεταλήψεως
1377 2757 1749 2820 ἀσυντάκτως,

155 2842 260 2893 καὶ
291 2843 352 2893 οὐ
381 2843 748 2913 καρτεροῦσιν
794 2845 922 2898 ίδεῖν
951 2847 1048 2916 τὴν
1072 2845 1181 2899 τῶν
1208 2847 1383 2915 ἁγίων
1435 2848 1751 2918 μυστηρίων

159 2931 319 2984 θείαν
365 2935 690 3006 μετάληψιν.
737 2938 980 2990 ’Ᾱκούων
1005 2939 1061 2990 δὲ
1113 2940 1206 2992 τοῦ
1239 2940 1465 3002 κανόνος
1493 2939 1749 3007 λέγοντος

157 3023 567 3095 ἀκοινωνήτους
615 3023 758 3079 εἶναι
807 3031 934 3091 τοὺς
988 3030 1321 3093 ἐπισκόπους
1373 3031 1472 3082 καὶ
1527 3030 1751 3094 λοιποὺς

158 3116 499 3184 ἱερωμένους
523 3119 651 3181 τοὺς
707 3122 1139 3191 συνευχομένους
1183 3125 1297 3185 τοῖς
1334 3123 1746 3194 ἁκοινωνήτοις,

158 3206 242 3275 μὴ
275 3208 436 3278 εἴπῃς
487 3209 546 3276 ἐξ
588 3211 1002 3282 ἀντιδιαστολῆς
1060 3215 1388 3278 ἀνευθύνους
1439 3214 1580 3270 εἶναι
1621 3219 1749 3282 τοὺς

154 3300 383 3364 λαῖκοὺς
416 3301 570 3370 παρά
590 3302 681 3355 τὸν
715 3305 918 3358 κανόνα
953 3307 1262 3370 ποιοῦντας.
1312 3309 1421 3362 Καὶ
1461 3300 1610 3362 οὗτοι
1636 3310 1748 3382 γάρ
1780 3338 1823 3396 c

154 3390 630 3461 ἀφορισθήσονται
700 3395 841 3448 κατά
880 3396 973 3447 τὸν
1033 3393 1062 3447 ι’
1102 3396 1463 3451 ἀποστολικδν
1521 3401 1747 3466 κανόνα,

151 3485 253 3536 τὸν
283 3481 360 3552 μὴ
387 3483 770 3537 διαστέλλοντα
802 3487 1104 3556 κληρικοὺς
1137 3491 1232 3542 καὶ
1279 3493 1529 3554 λαῖκούς.
1589 3495 1753 3563 Ζήτει

153 3574 257 3625 καὶ
286 3573 376 3624 τὸν
400 3570 445 3622 θ’
501 3575 702 3626 κανόνα
731 3577 828 3644 τῆς
865 3579 921 3628 ἐν
956 3578 1286 3650 Καρθαγένῃ
1342 3581 1589 3635 συνόδου.
1649 3585 1750 3638 Διά

151 3664 258 3735 τὴν
290 3663 542 3735 ἀπειλὴν,
575 3663 646 3728 ὼς
681 3666 848 3729 ἔοικε,
897 3667 990 3719 τοῦ
1021 3667 1070 3736 η’
1117 3687 1239 3724 καν.
1263 3673 1354 3724 καὶ
1391 3669 1434 3724 θ’
1451 3674 1560 3726 τῶν
1584 3675 1754 3741 ἁγίων

150 3757 498 3820 ἀποστόλων,
537 3758 617 3811 ἔτι
668 3759 766 3811 καὶ
790 3757 885 3811 τοῦ
918 3761 1182 3830 παρόντος
1215 3764 1507 3835 ἐπενοήθη,
1537 3766 1611 3830 ὼς
1642 3767 1751 3819 ἔοι-

157 3865 280 3912 κεν,
315 3849 468 3919 ήτοῦ
521 3851 824 3922 ἀνττδώρου
859 3853 1095 3916 διάδοσις
1118 3870 1133 3885 ο
1174 3854 1314 3907 ὥστε
1343 3860 1635 3927 καρτερεῖν
1692 3860 1750 3925 ἐξ

153 3942 406 4012 ἀνάγκης
440 3945 536 3997 καὶ
571 3945 775 4008 αὐτοὺς
795 3945 921 4009 τοὺς
953 3946 1029 4016 μὴ
1046 3948 1385 4019 δυναμένους
1415 3951 1750 4018 μεταλαϐεῖν

152 4034 267 4086 τῶν
300 4036 586 4105 ἀχράντων
622 4035 945 4107 μυστηρίων
979 4039 1140 4109 μέχρι
1170 4040 1270 4110 τῆς
1308 4040 1474 4110 εὐχῆς
1525 4043 1616 4094 καὶ
1649 4043 1750 4112 τῆς

150 4124 501 4190 ἀπολύσεως·
541 4127 626 4181 ἵνα
675 4128 913 4182 λάεωσιν
949 4130 1143 4182 ἐκτῶν
1195 4132 1396 4202 χειρῶν
1463 4133 1555 4186 τοῦ
1604 4136 1753 4205 ἱερει-

149 4213 454 4279 τεύσαντος
508 4217 608 4286 τὴν
651 4218 902 4287 εὐλογίαν
962 4217 1056 4272 τοῦ
1103 4221 1441 4289 ἡγιασμένον
1499 4223 1749 4290 κλάσμα-

151 4323 270 4370 τος.
316 4307 444 4362 Ἐπὶ
480 4307 582 4376 τῆς
630 4309 975 4381 λειτουργίας
1010 4311 1066 4364 δέ
1114 4313 1209 4365 καὶ
1260 4314 1427 4382 μόνης
1482 4317 1591 4368 νόει
1622 4315 1752 4383 ⁵διο-

160 4399 418 4470 ρίζεσθαι
468 4401 642 4454 ταῦτα
698 4403 828 4465 τοὺς
875 4403 1144 4474 ῥηθέντας
1193 4406 1459 4469 κανόνας·
1515 4408 1577 4460 οὐ
1641 4407 1748 4478 μὴν

150 4490 387 4543 ἐπὶτῶν
423 4491 630 4563 ἐτέρων
662 4493 1145 4562 ἐκκλησιαστικῶν
1172 4494 1533 4551 ἀκολουθιῶν.
1591 4497 1748 4550 Ἐπεὶ

149 4579 217 4633 δέ
271 4578 493 4650 λέγουσί
541 4597 709 4646 τινες,
747 4582 859 4635 Καὶ
881 4583 967 4636 διὰ
989 4583 1041 4636 τί
1073 4587 1101 4637 ὁ
1128 4585 1508 4653 οἰκουμενικὸς
1551 4605 1747 4656 πατρι-

1878 640 2012 706 Quia
2038 653 2214 698 autem
2246 645 2543 702 verisimile
2575 662 2710 714 erat,
2750 654 2837 716 iis,
2873 656 2965 724 qui
3001 657 3077 709 sic
3118 668 3243 711 sunt
3278 675 3468 728 segre-

1879 733 2010 799 gati,
2032 738 2432 791 communicare
2454 743 2738 806 quosdam,
2765 759 2856 798 seu
2883 761 2988 799 una
3013 763 3133 801 cum
3161 751 3240 804 eis
3264 767 3420 807 orare
3447 770 3464 818 ;

1879 835 1984 874 non
2031 823 2082 875 in
2116 825 2368 892 ecclesia,
2398 843 2460 882 ex
2499 844 2604 897 qua
2651 833 2813 900 ejecti
2845 844 2996 900 sunt,
3038 837 3134 890 sed
3169 837 3219 890 in
3251 841 3464 906 privato

1877 910 2071 967 domus
2098 917 2343 970 oratorio
2368 959 2384 984 ,
2423 919 2504 972 vel
2539 921 2592 972 in
2638 923 2741 974 alia
2786 924 3042 989 ecclesia,
3079 936 3132 978 et
3179 929 3359 983 dicere
3393 931 3464 984 ob

1877 1000 1981 1055 hoc
2015 1017 2231 1071 pinnam
2266 1008 2317 1060 in
2367 1024 2425 1062 se
2471 1025 2575 1062 non
2613 1013 2828 1077 cadere,
2863 1029 2930 1067 eo
2962 1020 3104 1081 quod
3149 1031 3465 1088 segregatus

1875 1093 1946 1147 sit
1987 1095 2054 1148 ab
2086 1113 2193 1151 una
2230 1100 2459 1154 ecclesia
2491 1101 2714 1170 ejectus,
2755 1106 2808 1158 in
2841 1122 2944 1172 qua
2968 1107 3057 1177 jus
3095 1110 3259 1164 habet
3294 1113 3336 1165 is
3369 1113 3463 1181 qui

1874 1200 1996 1238 eum
2023 1193 2330 1259 segregavit
2373 1210 2386 1246 :
2418 1195 2546 1249 dicit
2582 1211 2755 1249 canon
2800 1214 2958 1250 unam
2995 1216 3116 1254 esse
3147 1203 3460 1269 ecclesiam,

1873 1281 2114 1334 oratoria
2141 1294 2193 1335 et
2224 1284 2444 1353 templa,
2485 1288 2794 1357 ubicunque
2825 1300 2974 1356 sunt,
3011 1308 3110 1347 nec
3136 1294 3335 1349 debent
3366 1298 3459 1350 ulli

1872 1370 2053 1426 clerici
2085 1388 2205 1428 cum
2255 1392 2340 1440 eo,
2383 1378 2473 1444 qui
2514 1393 2592 1434 est
2639 1397 2978 1453 segregatus,
3031 1402 3211 1452 orare,
3241 1391 3457 1444 etiamsi

1870 1462 1981 1514 sint
2015 1476 2080 1515 ex
2113 1462 2218 1517 alia
2254 1466 2518 1534 regione:
2559 1470 2594 1522 ii
2628 1487 2831 1537 autem,
2876 1475 2966 1542 qui
3005 1491 3203 1542 praeter
3235 1478 3347 1532 haec
3376 1479 3459 1532 fa-

1870 1550 2021 1604 ciunt
2043 1550 2216 1607 eidem
2245 1560 2826 1617 exeonununicationis
2860 1579 3033 1632 poenae
3061 1567 3450 1632 subjiciuntur.

1869 1641 1937 1695 Et
1981 1642 2094 1697 haec
2122 1645 2343 1714 quidem
2377 1649 2507 1705 dicit
2536 1666 2734 1708 canon.
2774 1653 2853 1708 Tu
2881 1665 3064 1710 autem
3099 1659 3214 1727 lege
3245 1677 3365 1727 qua:
3401 1663 3452 1715 iu

1874 1734 2038 1788 dictis
2078 1739 2395 1806 apostolicis
2426 1744 2724 1799 canonibus
2756 1748 2957 1816 scripta
2993 1760 3139 1815 sunt,
3168 1760 3221 1804 et
3257 1767 3455 1804 secun-

1867 1825 1995 1880 dum
2047 1827 2135 1881 illa
2173 1841 2498 1897 praesentem
2540 1851 2758 1904 qunque
2783 1854 3049 1894 cauonem
3105 1843 3369 1911 intellige,
3401 1855 3454 1898 et

1867 1919 1974 1980 dic,
2010 1920 2156 1987 quod
2201 1922 2234 1975 ii
2274 1939 2379 1977 nou
2420 1927 2878 1983 existimabuutur
2911 1947 3120 1986 sacram
3157 1938 3453 2005 participa-

1870 2009 2070 2063 tionem
2100 2015 2365 2080 aversari,
2398 2017 2488 2084 qui
2514 2034 2634 2070 eam
2667 2021 2792 2073 odio
2824 2021 3027 2077 habent
3059 2036 3109 2077 et
3135 2028 3456 2082 abominan-

1869 2109 1951 2154 tur
1979 2119 1993 2167 ;
2023 2105 2103 2158 vel
2131 2107 2244 2174 qui,
2272 2114 2330 2160 ut
2361 2110 2608 2163 nonnulli
2635 2112 2910 2178 dicebant,
2941 2127 3161 2184 pr0pter
3194 2119 3452 2184 pietatem

1865 2204 1920 2248 et
1972 2197 2335 2254 humilitatem
2398 2217 2516 2255 eam
2568 2202 2779 2272 fugiunt
2815 2206 2913 2275 (illi
2937 2210 3102 2276 ;enitn
3125 2225 3227 2262 non
3276 2212 3452 2266 solum

1865 2289 2317 2358 segregabuntur,
2348 2295 2441 2347 sed
2467 2295 2629 2348 etiam
2654 2308 2710 2348 ut
2741 2299 2980 2352 haeretici
3001 2303 3452 2358 exterminabuu-

1866 2387 1953 2431 tur
1982 2398 1997 2447 ;
2042 2382 2093 2435 hi
2122 2397 2270 2450 vero,
2308 2399 2531 2456 propter
2561 2390 2812 2458 pietatem
2843 2403 2893 2443 ct
2927 2396 3250 2463 condignam
3273 2414 3456 2455 sacra-

1863 2483 2169 2527 mentorum
2226 2479 2585 2532 reverentiam
2622 2482 2774 2534 venia
2827 2487 2969 2552 digni
3015 2487 3382 2560 habebuntur)
3432 2508 3448 2550 :

1863 2562 1956 2614 sed
1987 2563 2084 2627 illi,
2120 2566 2210 2634 qui
2241 2582 2351 2634 prae
2383 2580 2694 2639 contemptu
2729 2584 2782 2627 et
2813 2579 3123 2646 arrogantia
3172 2594 3238 2634 ex
3274 2583 3451 2636 eccle-

1862 2653 1940 2708 sia
1965 2665 2089 2709 ante
2115 2670 2361 2713 Sanctam
2396 2662 2868 2731 participationem
2897 2668 3202 2725 inordinate
3227 2685 3447 2739 exeunt,

1865 2763 1962 2802 nec
1986 2762 2202 2804 Sacram
2227 2751 2533 2807 divinorum
2562 2760 2944 2826 mysteriorum
2975 2765 3449 2833 participationettt

1864 2839 2062 2894 intueri
2093 2843 2385 2899 su5tinent.
2409 2845 2546 2900 Cum
2575 2859 2752 2902 autem
2782 2853 2938 2905 audis
2970 2869 3234 2910 cauoueut
3266 2859 3451 2913 dicen.-

1863 2939 2006 2996 tem,
2056 2948 2177 2988 esse
2224 2939 2726 2996 excommunicalos
2777 2944 3061 3012 episcopos
3112 2958 3164 2999 et
3211 2949 3448 3018 reliquos

1861 3024 2033 3078 sacris
2066 3024 2332 3090 initiatos,
2362 3029 2451 3097 qui
2485 3046 2587 3083 una
2624 3046 2746 3086 cum
2782 3039 3273 3094 excommunicatis
3318 3057 3444 3110 pre-

1860 3123 2088 3182 cantur;
2123 3132 2189 3171 ne
2229 3117 2459 3184 dixeris,
2490 3135 2809 3192 argumento
2839 3141 2866 3178 a
2892 3133 3171 3185 contrario
3203 3145 3447 3201 sumpto,

1861 3203 2033 3260 laicos
2062 3208 2194 3261 nulli
2229 3225 2347 3264 esse
2378 3227 2550 3280 pinna:
2582 3216 2794 3281 ailines,
2826 3221 2915 3286 qui
2948 3232 3146 3287 praeter
3175 3239 3446 3280 canouem

1860 3295 2092 3351 faciunt.
2137 3297 2270 3353 Nam
2307 3313 2360 3356 et
2402 3303 2438 3357 ii
2478 3309 2916 3374 segregabuutur
2945 3314 3242 3368 secundum
3291 3317 3443 3370 deci-

1859 3403 2003 3441 Ilum
2038 3405 2298 3445 cauonem
2333 3396 2716 3463 apostolicum,
2744 3399 2836 3467 qui
2874 3416 2978 3455 non
3015 3404 3303 3473 distinguit
3333 3408 3446 3462 tle-

1856 3479 2001 3534 ricos
2040 3491 2094 3535 et
2128 3481 2316 3537 laicos.
2356 3484 2550 3550 QnIere
2587 3498 2642 3541 et
2671 3505 2875 3544 nonum
2914 3509 3180 3550 canouem
3210 3497 3447 3554 Cartha-

1855 3573 2119 3641 giniensis
2152 3578 2366 3646 synodi.
2404 3578 2638 3649 Propter
2667 3583 2876 3649 minas,
2913 3598 2970 3640 ut
3007 3590 3306 3645 verisimile
3333 3605 3442 3659 est,

1853 3679 2122 3721 canonum
2172 3667 2206 3722 8
2254 3679 2307 3723 et
2351 3671 2383 3726 9
2429 3684 2747 3727 sanctorum
2797 3681 3166 3746 apostolorum
3219 3696 3270 3738 et
3309 3701 3447 3754 pree-

1855 3759 2025 3812 scntis
2063 3761 2252 3826 etiam,
2295 3765 2602 3833 excogitata
2656 3775 2760 3830 est,
2813 3780 2872 3822 ut
2908 3771 3143 3839 videtur,
3192 3774 3442 3833 Antidori

1854 3849 2205 3919 distributio;
2256 3865 2313 3909 ut
2367 3872 2590 3914 necesse
2635 3861 2919 3928 haberent,
2972 3867 3134 3920 etiam
3188 3870 3280 3938 qui
3332 3885 3440 3925 non

1854 3957 2080 4012 possunt
2113 3947 2517 4003 incruentorum
2549 3955 2942 4009 sacriﬁciorum
2971 3959 3264 4028 participes
3291 3977 3439 4030 esse,

1855 4053 2024 4105 usque
2049 4040 2115 4092 ad
2148 4055 2337 4109 preces
2368 4053 2422 4096 et
2452 4043 2850 4101 absolutionem
2884 4065 3239 4118 perseverare
3266 4073 3281 4121 ;
3321 4066 3378 4110 ut
3411 4072 3444 4112 e

1856 4127 2108 4182 inanibus
2165 4144 2321 4184 sacra
2383 4135 2694 4202 perageutis
2750 4138 3076 4193 sanctiiicati
3144 4139 3440 4213 fragmenti

1852 4215 2287 4273 benedictionem
2312 4222 2652 4289 acciperent.
2683 4223 2757 4280 De
2786 4225 3002 4296 liturgia
3036 4240 3236 4298 autem,
3267 4248 3442 4304 eaque

1853 4307 1968 4362 sola
2020 4309 2194 4362 dictos
2239 4325 2480 4366 canones
2517 4313 2632 4367 haec
2664 4315 2976 4372 decrevisse
3016 4321 3292 4393 intellige,
3333 4341 3440 4380 non

1853 4402 1981 4456 item
2020 4403 2085 4456 de
2120 4403 2242 4458 aliis
2277 4405 2671 4462 ecclesiasticis
2705 4407 2922 4464 ciliciis.
2957 4411 3225 4478 QuOuiam
3255 4427 3437 4470 autem
3481 4461 3488 4470 .

1853 4497 2039 4549 dicunt
2062 4496 2305 4565 quidam,
2329 4506 2383 4550 et
2407 4499 2758 4566 quamobrem
2787 4501 3093 4571 patriarcha
3123 4505 3286 4577 432
3319 4509 3440 4562 ιιιιί-

1856 4587 2084 4642 versalis
2128 4598 2315 4642 sancta
2361 4589 2641 4646 Douiinica
2674 4607 2704 4645 a
2752 4591 2869 4648 loco
2896 4595 3013 4663 ejus
3046 4599 3300 4664 prodieus
3331 4615 3437 4655 non

149 4671 338 4742 άρχης
373 4671 476 4744 τὴν
515 4673 679 4742 ἁγίαν
744 4675 1036 4746 Κυριακὴν
1092 4678 1427 4746 προκόπτων
1483 4679 1594 4732 ἀπὸ
1646 4681 1739 4733 τοῦ

1860 4690 2165 4749 perseverat
2219 4696 2391 4752 usque
2440 4685 2506 4736 ad
2558 4683 2792 4755 liturgize
2840 4689 3264 4758 absolutionem,
3342 4696 3437 4749 sed

149 4762 430 4815 στασιδίου
459 4764 623 4817 αὐτοῦ
656 4765 715 4817 οὐ
752 4767 1012 4836 καρτερεῖ
1048 4765 1212 4837 μέχρι
1271 4768 1371 4838 τῆς
1425 4769 1743 4836 ἀπολύσεως

144 4855 256 4925 τῆς
307 4854 669 4927 λειτουργίας,
713 4858 849 4911 ἀλλά
889 4859 1030 4929 μετά
1087 4860 1147 4913 τὸ
1215 4861 1550 4931 Εὐαγγέλιον
1606 4865 1742 4918 ὐπο-

147 4946 362 5017 χωρεῖς
398 4948 661 5018 -λέγομεν
717 4951 855 5020 πρὸς
914 4951 1136 5015 αὐτοὺς,
1200 4953 1284 5005 ὅτι
1315 4953 1521 5024 κυρίως
1554 4957 1586 5022 ἡ
1620 4956 1739 5009 θεία

147 5039 473 5109 λειτουργία
533 5041 673 5110 μετά
732 5040 832 5111 τὴν
867 5040 961 5092 τοῦ
1021 5043 1180 5110 ἁγίου
1238 5043 1572 5111 Εὐαγγελίου
1608 5048 1739 5099 ἀνάο

147 5146 358 5199 γνωσιν
415 5131 646 5198 γίνεται.
717 5131 870 5185 Ἐπεὶ
917 5134 1028 5204 γὰρ
1106 5134 1323 5187 ἅπαντα
1377 5135 1448 5188 τὰ
1501 5140 1559 5188 ἐν
1617 5141 1738 5200 ταῖς

153 5226 347 5291 ἁγίαις
378 5225 702 5293 ἐκκλησίαις
742 5225 1022 5297 ψάλλομεν
1058 5229 1138 5290 εἰς
1167 5226 1326 5292 δόξαν
1353 5230 1450 5281 τοῦ
1493 5230 1650 5293 Θεοῦ,
1710 5230 1743 5299 ἢ

148 5319 270 5374 ἀπὸ
314 5319 424 5373 τῶν
453 5323 552 5390 τῆς
594 5319 837 5384 Παλαιᾶς
895 5322 1172 5392 Διαθηκης
1209 5325 1348 5376 εἰσὶν
1406 5323 1440 5394 ἢ
1480 5323 1587 5378 ἀπὸ
1648 5325 1748 5396 τῆς

150 5415 305 5475 Νέας
330 5429 343 5444 °
378 5416 518 5484 μετὰ
559 5416 662 5486 τὴν
698 5414 928 5485 ἀναρξιν
958 5415 1066 5486 γὰρ
1091 5416 1288 5470 αὐτίκα
1311 5416 1517 5487 ψαλμοὶ
1569 5435 1748 5488 στιχο-

149 5507 446 5574 λοοιοῦνται
491 5508 656 5579 μέχρι
711 5508 812 5579 τῆς
853 5508 946 5562 τοῦ
1002 5508 1327 5563 ’Δποστόλου
1363 5508 1741 5577 ἀναγνώσεως,

148 5604 355 5666 οἵτινες
407 5603 506 5673 τῆς
555 5603 800 5666 Παλαιᾶς
861 5604 967 5656 είσι
1001 5605 1302 5674 Διαθήκης.
1365 5605 1524 5658 Μετά
1580 5606 1634 5658 δὲ
1684 5605 1744 5657 τὸ

152 5697 496 5767 Εὐαγγέλιον
520 5698 810 5768 ἄρχεταιή
848 5696 1041 5768 τελετὴ
1099 5698 1197 5766 τῆς
1236 5697 1584 5767 λειτουργίας
1645 5698 1745 5768 τῆς

153 5790 578 5861 ὐπεραχράντου
627 5791 857 5853 θυσίας·
926 5791 1107 5852 καλῶς
1173 5792 1200 5843 ὁ
1236 5791 1584 5861 πατριάρχης
1639 5789 1744 5861 πρὸ

151 5881 364 5951 ταύτης
420 5883 516 5934 καὶ
582 5882 721 5950 μετά
749 5884 810 5934 τὸ
837 5881 994 5949 ἅγιον
1055 5884 1392 5950 Εὐαγγέλιον
1444 5884 1744 5952 ὑποχωρεῖ,

160 5975 260 6030 καὶ
317 5976 377 6030 οὐ
441 5975 772 6047 προσκρούει
823 5979 932 6042 τοῖς
995 5977 1236 6031 κανόσρδ.
1287 5976 1448 6029 Ὥστε
1508 5976 1627 6029 οὐδέ
1655 5993 1739 6040 τις

1845 4785 1969 4841 post
1999 4772 2348 4843 Evangelium
2392 4773 2632 4829 recedit?
2678 4777 2826 4833 hisce
2867 4779 3118 4845 dicimus,
3162 4784 3304 4850 quod
3354 4784 3437 4837 di-

1850 4866 1971 4918 vina
1998 4865 2208 4933 liturgia
2238 4875 2358 4935 post
2382 4869 2555 4920 sancti
2590 4868 2864 4938 Evangelii
2889 4871 3178 4927 lectionem
3216 4877 3435 4943 pr0prie

1846 4956 2173 5011 celebratur.
2207 4958 2663 5028 Quandoquidem
2688 4963 2831 5015 enim
2867 4963 2920 5016 in
2953 4965 3158 5019 sanctis
3186 4968 3435 5024 ecclesiis

1847 5054 2027 5105 omnia
2063 5053 2307 5107 cauimus
2345 5054 2397 5108 iu
2439 5054 2528 5108 Dei
2578 5056 2830 5124 gloriam,
2879 5058 2995 5112 sive
3033 5073 3063 5112 e
3111 5058 3288 5115 Veteri
3326 5061 3436 5116 sint

1846 5145 2218 5213 Testamento,
2265 5148 2380 5201 sive
2430 5161 2462 5201 e
2513 5145 2703 5214 Novo;
2755 5157 2879 5218 post
2922 5151 3245 5220 principium
3291 5155 3434 5209 enim

1845 5239 2095 5308 protinus
2128 5237 2321 5293 ordine
2368 5240 2669 5293 recitantur
2715 5241 2932 5307 psalmi,
2971 5258 3142 5310 usque
3178 5245 3244 5297 ad
3289 5245 3435 5313 Apo-

1844 5330 1968 5386 stoli
2016 5330 2330 5395 lectionem,
2371 5329 2466 5400 qui
2494 5331 2710 5399 quidem
2748 5342 2874 5386 sunt
2912 5348 2976 5386 ex
3031 5332 3211 5389 Veteri
3249 5336 3439 5392 Testa-

1847 5431 2052 5483 mento,
2095 5430 2218 5490 post
2250 5419 2599 5488 Evangelium
2638 5431 2815 5474 autem
2869 5423 3061 5493 incipit
3111 5430 3437 5482 caeremonia

1846 5514 2157 5568 celebrandi
2219 5514 2488 5568 incruenti
2549 5515 2806 5569 sacrificii
2872 5531 2886 5568 :
2941 5517 3251 5586 patriarcha
3313 5532 3439 5575 ante

1850 5609 2010 5670 banc,
2047 5614 2101 5660 et
2144 5613 2262 5674 post
2305 5617 2556 5660 sanctum
2607 5604 2962 5677 Evangelium
2996 5621 3148 5662 recte
3183 5611 3435 5679 discedit,

1845 5711 1897 5752 et
1927 5711 2191 5751 canouem
2219 5711 2326 5750 non
2355 5697 2782 5766 transgreditur.
2806 5695 2874 5751 Ut
2900 5714 2999 5752 nec
3023 5702 3144 5768 quis
3165 5709 3439 5770 transgre-

1846 5793 2013 5856 ditur,
2075 5792 2119 5844 si
2175 5801 2296 5860 post
2351 5789 2704 5859 Evangelium
2771 5793 2852 5842 vel
2912 5803 3036 5845 ante
3087 5791 3434 5864 E\‘angclinut

1845 5883 2072 5938 discedit
2105 5900 2121 5949 ;
2169 5898 2357 5935 verum
2391 5882 2460 5935 ub
2502 5882 2868 5938 necessariam
2906 5887 3162 5956 piamque
3191 5903 3435 5954 causam,

1853 5994 1962 6035 non
2004 5978 2073 6034 ob
2101 5976 2541 6047 vituperabilem.
