4164 6426
178 395 319 461 1285

783 507 1047 565 KANQN.
1082 509 1157 568 Γ.

178 615 199 648 ι
246 596 311 650 Εἴ
329 613 415 659 τις
477 596 854 668 πρεσϐύτερος
901 597 936 668 ἢ
965 598 1234 663 διάκονος,
1267 598 1301 671 ἦ
1333 597 1471 661 ὅλως
1518 596 1629 650 τῶν
1662 594 1753 650 τοῦ

242 706 262 739 ι
308 686 577 757 ίερατείου
599 705 705 752 τις,
738 687 1058 744 καταλιπὼν
1078 690 1179 762 τὴν
1210 689 1409 744 ἑαυτοῦ
1436 687 1754 758 παροικίαν,

257 798 276 831 ι
315 782 393 841 είς
428 780 624 850 ἑτέραν
683 780 917 853 ἀπέλθῃ.
947 781 1141 835 ἔπειτα
1170 782 1451 846 παντελῶς
1479 781 1755 851 μεταστὰς

256 890 274 921 ι
320 869 618 941 διατρίὸειν
640 872 696 923 ἐν
722 872 861 944 ἄλλῃ
890 873 1150 946 παροικίᾳ
1179 876 1442 946 πειρᾶται
1459 874 1555 927 ἐπὶ
1574 871 1754 942 πολλῷ

255 980 274 1013 ι
316 964 515 1033 χρόνῳ,
548 966 744 1034 μηκέτι
767 965 1125 1036 λειτουργεῖν,
1158 967 1207 1019 εἰ
1240 965 1477 1036 μάλιστα
1497 964 1754 1019 καλοῦντι

259 1072 277 1104 ι
314 1056 391 1121 τῷ
426 1058 713 1125 ἑπισκόπῳ
741 1055 820 1123 τῷ
853 1056 969 1125 ἰδίῳ
1016 1055 1336 1109 ἐπανελθεῖν
1381 1056 1462 1119 είς
1483 1056 1582 1125 τὴν
1608 1071 1757 1125 παρ-

261 1164 280 1197 ι
319 1148 500 1200 οικίαν
548 1151 647 1217 τὴν
707 1148 902 1201 ἑαυτοῦ
966 1149 1062 1203 καὶ
1109 1147 1464 1220 παραινοῦντι
1523 1148 1599 1218 μὴ
1653 1147 1758 1200 ὑπ-

255 1255 273 1288 ι
311 1237 523 1295 ακούει.
566 1240 627 1291 El
654 1240 710 1291 δὲ
736 1241 828 1292 καὶ
849 1240 1099 1308 ἐπιμένοι
1127 1242 1192 1310 τῇ
1226 1239 1443 1305 ἀταξία,
1478 1238 1757 1301 παντελῶς

261 1346 279 1378 ι
327 1331 489 1381 αὐτὸν
545 1330 927 1400 καθαιρεῖσθαι
961 1331 1062 1401 τῆς
1094 1329 1461 1401 λειτουργίας.
1511 1330 1587 1394 ὡς
1653 1348 1758 1400 μη·

252 1439 271 1473 ι
316 1422 432 1474 κέτι
457 1420 644 1491 χώραν
678 1421 820 1492 ἔχειν
850 1422 1374 1485 ἀποκαταστάσεως.
1412 1422 1475 1474 Et
1531 1420 1588 1474 δὲ
1622 1421 1756 1476 καθ·-

262 1529 284 1563 ι
319 1511 606 1580 αιρεθέντα
632 1512 721 1566 διὰ
742 1511 948 1582 ταύτην
973 1512 1074 1581 τὴν
1122 1513 1303 1567 αἰτίαν
1330 1512 1536 1583 δέχοιτο
1566 1512 1751 1585 ἕτερος

255 1623 275 1655 ι
314 1605 637 1669 ἐπίσκοπος,
671 1606 924 1657 κάκεῖνον
950 1584 1257 1673 ’ἐπιτιμίας
1313 1603 1602 1673 τυγχάνειν
1653 1584 1758 1656 ὕπὸ

254 1716 275 1748 ι
312 1698 499 1768 κοινῆς
553 1697 798 1760 συνόδου,
850 1697 923 1760 ὡς
960 1696 1311 1767 παραλύοντα
1340 1698 1467 1759 τοὺς
1521 1696 1757 1764 Θεσμοὺς

263 1806 283 1839 ι
321 1788 446 1850 τοὺς
478 1788 984 1857 ὲκκλησιαστικούς.
1026 1808 1045 1841 ι

255 1881 452 1934 ΒΑΛΣ.
498 1881 637 1950 Περὶ
673 1881 783 1934 τῶν
823 1882 1361 1949 καταλιμπανόντων
1391 1881 1493 1945 τὰς
1544 1880 1757 1944 οἰκείας

182 1974 493 2041 παροικίας
527 1975 622 2026 καὶ
647 1974 728 2036 είς
766 1974 958 2043 ἐτέρας
992 1975 1393 2045 ἀπερχομένων
1451 1974 1608 2044 ζήτει
1647 1973 1758 2026 τῶν

184 2067 365 2133 ἁγίων
396 2064 716 2119 ἀποστόλων
746 2068 951 2119 κανόνα
985 2072 1049 2120 ιε’
1084 2070 1183 2136 τῆς
1230 2065 1279 2120 α’
1315 2066 1535 2120 συνόδου
1556 2065 1759 2120 κανόνα

196 2165 273 2219 ις’
307 2156 401 2209 καὶ
453 2155 552 2226 τῆς
582 2155 623 2208 δ’
673 2156 878 2210 κανόνα
914 2163 979 2221 ε’,
1050 2158 1147 2210 καὶ
1208 2157 1385 2231 μάθῃς
1426 2158 1492 2211 ὲκ
1539 2159 1649 2212 τῶν
1703 2159 1762 2211 ὲν

184 2245 403 2308 τούτοις
431 2244 756 2315 γραφέντων
790 2247 883 2309 καὶ
914 2247 982 2300 τὰ
1019 2245 1095 2317 τῷ
1135 2247 1365 2319 παρόντι
1410 2249 1597 2301 κανόνι
1629 2248 1760 2301 διω-

188 2337 453 2408 ρισμένα.

661 2429 869 2499 Ἑτέρα
902 2431 1184 2501 ἑρμηνεία
1212 2431 1361 2500 ιμιι).

274 2547 517 2617 Ἐπειδὴ,
561 2545 729 2599 τινῶν
750 2526 1165 2616 πρεσϐυτέρων,
1206 2546 1472 2600 διακόνων
1497 2548 1591 2600 καὶ
1629 2547 1765 2600 ὑπο-

181 2637 456 2689 διακόνων
486 2637 857 2701 οίκειοθελῶν,
902 2637 1003 2689 οὐκ
1039 2636 1099 2701 ἐξ
1136 2637 1439 2706 ἐπιτιμίου,
1471 2638 1563 2689 ἐπὶ
1595 2636 1765 2688 πολὺν

184 2729 381 2799 χρόνον
413 2731 488 2799 μὴ
547 2729 1050 2799 ίερουργησάντων,
1098 2730 1262 2782 πάλιν
1312 2731 1369 2783 δὲ
1426 2728 1767 2801 βουλομένων

184 2823 525 2894 ἱερουργεῖν,
576 2825 671 2876 καὶ
742 2823 1134 2893 κωλυομένων,
1193 2823 1535 2896 συνεζητήθη
1597 2825 1767 2886 πόσος

181 2914 518 2984 νοηθήσεται
578 2914 768 2985 χρόνος
800 2917 825 2968 ό
867 2915 967 2986 τὴν
998 2914 1320 2985 ἱερουργίαν
1357 2916 1766 2986 ἀφαιρούμενος

185 3007 303 3059 ἀπὸ
354 3007 449 3058 τοῦ
492 3008 567 3076 μὴ
620 3007 1023 3077 ἐνεργήσαντος
1048 3006 1362 3075 ταύτηνδι’
1392 3007 1515 3059 ὅλου
1563 3007 1762 3061 αὐτοῦ’

192 3098 359 3166 Λέγω
392 3100 474 3151 ὅτι
543 3099 713 3162 πολὺς
760 3099 955 3168 χρόνος
981 3099 1088 3151 ἀπὸ
1117 3097 1212 3151 τοῦ
1253 3098 1422 3164 νόμου
1461 3100 1495 3170 ἡ
1559 3100 1769 3169 τριετία

1238 400 1321 459 ΙΝ
1359 398 1526 459 CAN.
1562 398 1653 459 Ill
1689 397 1901 458 CONC.
1942 399 2000 460 Il
2031 400 2391 461 ANTIOCII.

3305 402 3443 469 1286

2480 510 2711 566 CANON
2753 511 2844 566 111.
3390 534 3405 547 ο

1864 617 1883 652 ι
1929 599 1986 655 Si
2015 602 2135 670 quis
2169 603 2473 673 presbyter,
2510 604 2591 656 vel
2629 604 2912 668 diaconus,
2944 600 3029 655 vel
3064 602 3183 670 quis
3215 604 3439 657 omnino

1934 712 1955 745 ι
1994 708 2059 747 ex
2097 696 2421 749 sacerdotali
2458 696 2649 749 ordine
2675 735 2690 759 ,
2727 695 2914 749 relicta
2960 709 3057 749 sua
3093 696 3350 763 parcecia,
3387 696 3440 750 in
3524 745 3529 763 ε

1938 804 1957 851 ι
1998 786 2160 841 aliam
2193 788 2425 854 abierit;
2466 790 2661 844 deinde
2698 787 2923 843 omnino
2965 788 3358 857 commigrans,
3384 791 3439 842 id
3525 780 3530 787 ’

1936 897 1955 931 ι
1993 879 2097 931 alia
2132 881 2367 947 paroecia
2398 880 2557 948 longo
2587 887 2831 948 tempore
2861 878 3063 933 versari
3094 887 3344 943 conatur,
3369 893 3438 932 ne

1935 989 1954 1023 ι
1993 970 2223 1038 amplius
2270 971 2553 1037 celebret;
2598 973 2833 1025 maxime
2874 970 2916 1025 si
2961 971 3185 1040 proprio
3226 969 3445 1023 vocanti

1935 1078 1954 1112 ι
1996 1060 2273 1130 episcopo,
2307 1069 2362 1114 ut
2395 1058 2446 1114 in
2480 1076 2637 1116 suam
2675 1063 2965 1132 parteciam
3001 1065 3204 1127 redeat,
3235 1060 3440 1115 exhor-

1937 1170 1956 1203 ι
1996 1153 2262 1219 tantique,
2313 1169 2418 1206 non
2467 1162 2672 1219 pareat.
2726 1152 2781 1205 Si
2827 1164 3005 1206 autem
3051 1153 3104 1204 in
3142 1151 3434 1207 insolentia

1938 1261 1956 1294 ι
1994 1255 2326 1312 perseverat,
2360 1246 2404 1298 is
2447 1244 2607 1315 433
2637 1244 2856 1297 omnino
2890 1262 2917 1295 a
2949 1258 3106 1298 sacro
3141 1244 3444 1297 ministerio

1938 1355 1956 1387 ι
1994 1337 2318 1405 deponatur,
2354 1349 2413 1390 ut
2453 1353 2553 1391 nec
2586 1336 2819 1405 amplius
2852 1337 3113 1390 redeundi
3147 1337 3319 1390 locum
3356 1337 3442 1389 in-

1935 1445 1955 1480 ι
1998 1428 2194 1482 veniat.
2221 1424 2277 1483 Si
2308 1440 2487 1484 autem
2517 1445 2664 1495 eum,
2690 1429 2782 1493 qui
2811 1437 3028 1498 propter
3058 1430 3196 1481 hanc
3220 1444 3440 1482 causam

1939 1538 1958 1571 ι
2000 1521 2277 1588 depositus
2324 1530 2429 1584 est,
2487 1520 2624 1575 alius
2675 1520 2962 1589 episcopus
3006 1521 3315 1587 receperit;
3357 1520 3444 1573 ille

1943 1627 1961 1660 ι
1998 1625 2213 1679 quoque
2260 1625 2287 1663 a
2339 1611 2614 1663 communi
2671 1612 2880 1681 synodo
2919 1611 3196 1678 puniatur,
3247 1620 3301 1663 ut
3348 1610 3442 1679 qui

1939 1717 1958 1750 ι
1999 1700 2134 1755 ritus
2179 1702 2584 1756 ecclesiasticos
2617 1703 2897 1758 dissolvat.
2934 1721 2952 1753 ι

1939 1878 2140 1934 BALS.
2193 1880 2265 1934 De
2311 1880 2397 1940 iis,
2431 1880 2521 1949 qui
2563 1895 2690 1934 suas
2720 1882 2986 1950 parcecias
3028 1883 3360 1950 relinquunt,
3391 1891 3445 1934 et

1871 1974 1924 2025 in
1955 1972 2093 2026 alias
2128 1973 2413 2035 recedunt,
2446 1988 2628 2039 quaere
2673 1989 2937 2027 canonum
2975 1984 3286 2028 sanctorum
3319 1990 3447 2043 apu-

1870 2066 2131 2119 stolornm
2167 2065 2255 2129 15,
2302 2068 2486 2135 primae
2519 2065 2708 2135 synodi
2745 2080 3004 2119 canonem
3043 2066 3108 2119 16
3153 2076 3205 2120 et
3240 2077 3444 2134 quarne

1870 2172 2137 2212 canoncm
2170 2158 2225 2220 5,
2256 2168 2310 2212 et
2340 2160 2517 2212 disces
2553 2173 2617 2211 cx
2650 2158 2717 2209 iis
2745 2173 2864 2227 qua:
2895 2158 3005 2212 illic
3049 2160 3253 2227 scripta
3288 2170 3439 2224 sunt,

1870 2250 2035 2305 etiam
2063 2264 2124 2304 ea
2153 2266 2272 2320 qua?
2307 2251 2409 2305 hoc
2439 2265 2646 2304 canone
2672 2251 2961 2304 constituta
2990 2248 3161 2305 fuere.

2353 2434 2533 2487 Altera
2568 2436 2957 2502 interpretatio.

1945 2550 2216 2617 Quoniam
2262 2552 2511 2605 nonnulli
2554 2553 2883 2620 presbyteri,
2924 2552 3136 2605 diaconi
3178 2562 3232 2605 et
3273 2552 3447 2623 hypo-

1874 2642 2106 2707 diaconi,
2139 2644 2229 2712 qui
2272 2659 2368 2696 sua
2405 2654 2596 2710 Sponte
2620 2684 2632 2706 ,
2668 2653 2722 2696 ct
2755 2660 2857 2695 non
2888 2645 2956 2696 ob
2988 2658 3199 2709 [laeuam
3242 2644 3306 2696 iis
3342 2644 3449 2695 im-

1875 2734 2130 2801 rOsitaiu,
2170 2749 2321 2787 sacra
2374 2733 2687 2801 aliquandiu
2741 2750 2845 2786 non
2894 2735 3209 2798 celebrant,
3262 2749 3451 2788 rursus

1875 2840 2029 2877 sacra
2078 2840 2337 2893 peragere
2378 2823 2620 2878 volentes
2671 2825 2925 2892 prohibiti
2975 2835 3131 2890 sunt;
3162 2827 3448 2893 quaesitum

1876 2927 1960 2969 est
1993 2928 2256 2984 quantum
2305 2916 2375 2969 sit
2424 2924 2659 2983 tempus,
2702 2918 2845 2984 quod
2886 2932 3165 2970 sacrorum
3209 2917 3449 2970 celebra-

1878 3009 2076 3061 tionem
2124 3009 2170 3061 ei
2222 3008 2433 3068 adimit,
2465 3008 2555 3075 qui
2601 3022 2721 3059 eam
2760 3023 2863 3061 non
2925 3011 3149 3060 omnino
3185 3010 3448 3062 exercuit.

1880 3103 2007 3157 Dico
2032 3100 2177 3170 quod
2225 3100 2449 3153 multum
2499 3110 2708 3167 tempus
2740 3114 2801 3151 ex
2848 3098 2965 3168 lege
3014 3109 3096 3151 est
3134 3100 3448 3153 triennium.

184 3192 367 3242 ἐστίν.
398 3190 460 3242 Et
492 3189 625 3257 γοῦν
657 3190 956 3259 ἱερωμένος
987 3192 1091 3252 τις
1121 3189 1190 3243 δι’
1229 3189 1359 3259 ὅλης
1394 3191 1634 3262 τριετίας
1671 3192 1770 3244 οὐκ

1879 3196 1932 3251 Si
1967 3209 2097 3262 ergo
2132 3193 2394 3253 sacerdos
2427 3192 2697 3260 ᾳιιὶεμίιιιιι
2738 3199 2852 3244 toto
2886 3191 3123 3243 triennio
3172 3207 3276 3243 non
3313 3193 3452 3246 cele-

185 3282 502 3351 ἐνεργήσει,
535 3282 673 3350 μήτε
700 3280 810 3333 ἀπὸ
840 3280 1020 3348 νόσου,
1056 3280 1193 3351 μήτε
1232 3281 1337 3334 ὑπὸ
1366 3282 1769 3351 αἰχμαλωσίας,

191 3374 227 3445 ἢ
263 3374 433 3444 ἄλλης
493 3375 750 3445 τοιαύτης
785 3373 1129 3444 κωλυόμενος
1154 3372 1363 3437 αἰτίας,
1422 3374 1609 3428 οὐκέτι
1660 3375 1770 3428 λει-

188 3465 503 3533 τουργῆσαι
559 3465 1139 3534 παραχωρηθήσεται·
1200 3467 1251 3518 εί
1315 3464 1425 3535 γὰρ
1484 3466 1625 3520 κατά
1679 3468 1771 3522 τὸν

195 3557 441 3624 παρόντα
474 3555 679 3608 κανόνα
707 3554 1056 3624 καθαιρεῖται
1084 3557 1110 3608 ὁ
1138 3558 1217 3619 είς
1248 3556 1445 3627 ἑτέραν
1477 3559 1770 3628 παροικίαν

188 3647 491 3717 διατρίϐων
526 3646 620 3698 ἐπὶ
652 3646 824 3698 πολὺν
859 3648 1071 3719 χρόνον,
1120 3647 1291 3719 ἤγουν
1321 3649 1590 3719 τριετίαν,
1643 3651 1772 3716 ἴσως

190 3741 251 3793 δὲ
313 3741 405 3791 καὶ
439 3738 682 3808 ἐνεργῶν
731 3741 940 3792 ἐκεῖσε⁶
996 3740 1179 3809 πολλῷ
1216 3739 1379 3794 πλέον
1418 3741 1480 3793 οὐ
1510 3758 1771 3811 παραχω-

192 3832 503 3904 ρηθήσεται
535 3833 893 3903 ἱερουργῆσαι
927 3832 955 3884 ὁ
980 3833 1080 3902 τὴν
1111 3831 1322 3884 οἰκείαν
1360 3831 1641 3885 διακονίαν
1679 3834 1772 3886 ἐπὶ

186 3926 441 3995 τριετίαν
504 3925 879 3993 ἀποστραφεὶς
936 3924 969 3993 ἢ
1019 3924 1113 3977 καὶ
1175 3924 1525 3995 ἁναξιότητος
1577 3926 1772 3979 ἑαυτὸν

190 4017 755 4086 καταψηφισάμενος.
792 4015 1042 4069 Συνιστῶ
1071 4016 1128 4068 δὲ
1172 4016 1364 4069 τοῦτον
1410 4018 1503 4071 καὶ
1542 4020 1651 4071 ἀπὸ
1679 4018 1771 4072 τοῦ

192 4111 490 4179 γεγονότος
523 4104 918 4177 σημειώματος
946 4108 1087 4159 κατά
1111 4106 1204 4160 τὸν
1231 4108 1477 4179 Μάρτιον
1509 4110 1656 4181 μῆνα
1676 4112 1775 4183 τῆς

189 4199 244 4271 γ’
276 4203 465 4254 ἰνόικτ.
506 4202 597 4253 ἐπὶ
619 4200 717 4270 τῆς
747 4199 1121 4270 πατριαρχίας
1151 4199 1243 4252 τοῦ
1279 4200 1449 4270 κυροῦ
1473 4202 1772 4272 Νικολάου,

190 4291 456 4357 λέγοντος
492 4291 551 4342 ἰν
606 4290 765 4360 μέρει
800 4289 984 4360 ῥητῶς
1020 4287 1197 4342 ταῦτα
1237 4289 1378 4361 πλὴν
1414 4291 1611 4356 κοινῶς
1640 4293 1773 4364 ὥρι-

192 4400 327 4438 σται
364 4382 516 4453 παρά
545 4381 765 4434 πάντων
792 4380 899 4433 τῶν
934 4380 993 4432 ὲν
1036 4381 1242 4443 πάσαις
1298 4384 1419 4446 ταῖς
1478 4382 1774 4455 έὸὂομάσιν

192 4475 671 4546 ὑπηρετουμένων
700 4473 891 4545 ἱερέων
943 4491 1002 4526 τε
1028 4476 1121 4526 καὶ
1170 4474 1432 4528 διακόνων
1482 4478 1613 4547 περὶ
1674 4480 1775 4549 μὲν

1871 3286 2015 3352 brat,
2047 3300 2154 3339 nun
2188 3284 2396 3348 morbo,
2431 3296 2530 3335 nec
2556 3282 2892 3348 captivitate,
2926 3296 3025 3333 nec
3056 3280 3157 3332 alia
3180 3281 3450 3351 ejusmodi

1869 3392 2032 3432 causa
2058 3376 2352 3443 impeditus
2381 3391 2395 3439 ;
2429 3388 2535 3427 non
2573 3374 2805 3441 amplius
2836 3371 3114 3427 celebrare
3140 3374 3363 3425 sinetur.
3395 3371 3452 3425 Si

1870 3470 2035 3532 enim,
2089 3475 2144 3518 ut
2196 3464 2306 3515 vult
2355 3463 2445 3516 hic
2493 3477 2733 3529 przeseus
2788 3476 2986 3527 canon,
3017 3463 3318 3530 deponitur,
3362 3463 3450 3528 qui

1873 3558 2030 3627 longo
2080 3567 2339 3624 tempore,
2374 3553 2611 3607 triennio
2656 3552 2886 3617 scilicet,
2924 3554 2977 3606 in
3004 3552 3176 3605 aliena
3212 3552 3452 3620 partecia

1871 3661 2143 3715 versatur,
2185 3648 2312 3701 licet
2343 3646 2504 3700 etiam
2540 3644 2785 3699 fortassis
2835 3645 2944 3698 illic
2989 3645 3249 3707 celebret,
3282 3647 3453 3697 multo

1874 3742 2045 3810 magis
2076 3738 2166 3808 qui
2207 3752 2363 3792 suum
2401 3736 2759 3789 ministerium
2789 3750 2882 3803 per
2914 3736 3205 3788 triennium
3238 3744 3451 3789 avet-te-

1875 3836 1969 3899 rit,
2001 3831 2080 3886 vel
2126 3846 2187 3885 se
2217 3828 2383 3883 etiam
2436 3828 2773 3897 indignitatis
2804 3828 3272 3891 condemnaverit,
3313 3830 3455 3881 cete-

1877 3927 2033 3980 brare
2077 3940 2183 3978 non
2225 3923 2453 3977 sinetur.
2486 3921 2601 3975 Iloc
2649 3931 2828 3975 autem
2863 3921 3033 3988 probo
3075 3931 3129 3974 et
3166 3936 3230 3973 ex
3273 3923 3451 3976 edicto

1876 4018 2018 4072 facto
2055 4031 2239 4069 mense
2266 4013 2460 4067 Martio
2490 4013 2683 4067 indici.
2715 4013 2769 4078 5,
2797 4021 3039 4081 tempore
3072 4014 3244 4067 sancti
3270 4010 3453 4082 ‘patri-

1874 4109 2054 4164 arcbze
2113 4107 2317 4161 domini
2353 4104 2582 4169 Nicolai,
2615 4107 2756 4174 quod
2780 4104 2858 4159 sic
2885 4106 3109 4173 praecise
3133 4107 3309 4173 dicit;
3357 4123 3397 4161 St
3418 4107 3453 4161 d

1875 4201 2238 4258 communiter
2266 4197 2544 4252 deﬁnitum
2584 4206 2664 4251 est
2688 4197 2753 4251 de
2780 4196 3035 4252 omnibus
3059 4198 3152 4267 qui
3183 4198 3241 4251 in
3271 4198 3452 4252 Otnni-

1876 4295 1977 4350 bus
2006 4291 2327 4362 septimanis
2353 4290 2689 4353 deserviunt,
2712 4289 3086 4345 sacerdOtibus
3108 4301 3157 4344 et
3187 4290 3449 4356 diaconis,

1877 4381 1944 4435 de
2013 4381 2080 4434 iis
2139 4379 2355 4447 quidem
2429 4377 2521 4448 qui
2590 4386 2718 4431 sunt
2785 4379 2837 4431 in
2909 4379 3123 4448 gradu,
3188 4380 3330 4448 quod
3398 4387 3453 4434 et

1877 4473 2005 4527 olim
2038 4470 2317 4525 definitum
2349 4468 2471 4523 fuit.
2508 4470 2581 4524 De
2622 4469 2906 4539 superﬂuis
2937 4480 3141 4533 autem,
3172 4486 3319 4535 etun,
3356 4473 3449 4542 qui

191 4571 310 4624 τῶν
334 4572 391 4621 ὒν
432 4568 626 4638 βαθμῷ
656 4567 683 4620 ὃ
725 4567 818 4620 καὶ
851 4566 1019 4622 πάλαι
1059 4566 1363 4637 διώρισται·
1408 4573 1535 4640 περὶ
1582 4570 1637 4623 δὲ
1667 4572 1770 4625 τῶν

1879 4583 1908 4620 a
1936 4579 2127 4632 magna
2155 4563 2283 4616 urbe
2309 4576 2532 4632 peregre
2556 4560 2895 4626 profecturus
2924 4572 3028 4625 est,
3056 4564 3288 4630 aliquam
3320 4577 3450 4616 cau-

192 4661 502 4730 περισσῶν,
537 4658 628 4713 τὸν
663 4658 929 4729 μέλλοντα
970 4660 1069 4724 τῆς
1098 4659 1304 4724 πόλεως
1328 4661 1590 4731 ἐκδημεῖν
1632 4663 1774 4717 κατά

187 4770 326 4805 τινα
357 4735 550 4820 χρείαν
582 4749 994 4819 συνταξάμενον,
1030 4748 1110 4818 τῷ
1142 4750 1511 4821 ἀρχιδιακόνῳ
1543 4753 1638 4805 καὶ
1659 4755 1773 4816 τοῖς

187 4844 580 4912 πρωτεύουσιν
614 4843 672 4893 ὲν
712 4846 777 4910 τῇ
815 4841 1077 4909 ὲϐδομὰδι
1110 4842 1210 4911 τὴν
1257 4841 1571 4911 ἀποδημίαν
1617 4844 1773 4895 στέλ-

190 4933 412 5000 λεσθαι,
466 4933 554 5003 ἐφ’
610 4933 670 4997 ἒξ
740 4933 842 5003 μὲν
910 4933 1108 5001 μῆναςο
1145 4932 1263 4983 οὐδὲ
1327 4932 1594 5004 σούπερον
1657 4933 1774 4987 ἀντ’

191 5026 371 5084 αὐτοῦ
430 5025 752 5090 ἔνιστῶντα,
814 5024 956 5094 μετά
1012 5024 1071 5076 δὲ
1118 5023 1331 5085 τούτοις
1381 5026 1485 5086 ἕως
1541 5026 1775 5097 πέρατος

189 5119 441 5189 τριετίας
474 5119 662 5187 ἕτερον
691 5118 809 5170 ἀντ’
828 5116 995 5169 αὐτοῦ
1024 5119 1090 5187 τῇ
1133 5116 1350 5188 δουλεία
1382 5117 1775 5185 ὑποϐάλλοντα,

196 5212 348 5278 ῑναὴ
386 5211 543 5280 παρά
576 5211 676 5280 τὴν
708 5210 1020 5279 ἐκκλησίαν
1073 5209 1322 5262 διακονία
1355 5210 1504 5279 αὐτῷ
1532 5211 1778 5281 ἀνάπλη-

195 5303 395 5376 ροῦται
423 5302 510 5355 διὰ
539 5300 636 5354 τοῦ
667 5297 1162 5377 ἀντισήκουηΕἷτα
1190 5302 1237 5353 εί
1273 5303 1347 5370 μὴ
1379 5300 1447 5354 δι’
1476 5301 1604 5370 ὅλης
1622 5318 1774 5373 τριε-

190 5396 320 5456 τίας
358 5393 651 5467 ἐπανέλθῃ,
695 5394 886 5465 πόρρῳ
906 5392 1000 5446 τοῦ
1031 5393 1417 5456 καθίστασθαι,
1452 5393 1775 5446 καὶὲκπτώ-

1878 4672 1993 4712 sam
2025 4655 2391 4709 necessariam
2429 4654 2824 4717 signiﬁcantem
2855 4654 3265 4717 archidiacono,
3297 4663 3355 4707 et
3386 4654 3453 4707 iis

1876 4750 1967 4819 qui
2002 4750 2052 4802 in
2085 4747 2417 4801 hebdomade
2449 4746 2650 4815 primas
2681 4754 2892 4816 gerunt,
2922 4762 3145 4815 peregre
3182 4745 3452 4812 proficisci

1880 4842 1947 4895 ad
1987 4852 2082 4895 sex
2131 4852 2381 4904 menses;
2429 4852 2528 4891 nec
2578 4836 2742 4890 alium
2789 4852 3040 4905 superum
3076 4838 3289 4903 quidem
3336 4837 3455 4892 loco

1882 4947 1980 4987 suo
2033 4933 2440 4994 subsistentem,
2496 4943 2678 4998 p05tea
2734 4938 2911 4983 autem
2965 4929 3031 4983 ad
3080 4929 3236 4983 linem
3287 4944 3457 4999 usque

1886 5026 2123 5091 triennii,
2178 5024 2405 5079 alterum
2456 5037 2554 5092 pro
2603 5037 2661 5076 se
2704 5022 2924 5076 servitio
2956 5020 3357 5091 subjicientem,
3400 5033 3457 5077 ut

1877 5118 2123 5173 ecclesia:
2150 5116 2504 5170 ministerium
2527 5115 2575 5168 ei
2609 5114 2927 5183 suppleatur
2954 5129 3049 5182 per
3072 5114 3456 5168 substitutum.

1880 5211 2083 5265 Deinde
2114 5210 2158 5262 si
2205 5216 2327 5277 post
2371 5206 2646 5275 integrum
2704 5204 2995 5259 triennium
3046 5218 3152 5258 non
3203 5202 3455 5265 redierit,

1878 5302 2061 5374 procul
2095 5299 2477 5363 constituatur,
2514 5307 2568 5351 et
2598 5297 2666 5351 ab
2696 5294 3028 5351 hebdomade
3054 5295 3276 5349 omnino
3308 5294 3459 5350 exci-

1879 5399 1993 5462 dat,
2032 5394 2162 5449 nihil
2198 5409 2321 5449 eum
2351 5393 2575 5462 juvaute
2607 5390 2882 5445 substituti
2914 5390 3136 5443 datioue
3175 5388 3258 5442 vel
3297 5387 3461 5443 resti-

1427 5539 1620 5601 Guill.
1657 5539 1991 5617 Beveregii
2026 5550 2215 5601 notae.

282 5664 391 5736 (ιι)
440 5663 649 5731 Ἑτέρα
702 5663 1003 5733 ἑρμηνεία.
1045 5661 1195 5715 lianc
1238 5662 1468 5736 alteram
1502 5661 1779 5736 Balsama-

198 5728 301 5793 nis‘
331 5728 843 5804 interpretationem
896 5743 1234 5804 tus._nostro
1288 5728 1586 5787 Bodleiano
1621 5734 1781 5791 tlebc.

200 5824 349 5866 mus.
398 5801 598 5861 Verum
656 5802 958 5860 Garutianus
1017 5801 1288 5858 Hervetus
1345 5816 1465 5857 eam
1514 5813 1776 5871 tanquam

1890 5663 2243 5734 appendicem
2293 5665 2357 5734 ad
2425 5661 2685 5734 priorem,
2718 5658 3226 5734 interpretationem
3269 5673 3335 5712 ex
3364 5671 3461 5734 eoo

1890 5730 2011 5788 dice
2052 5734 2271 5787 Tiliauo
2307 5732 2502 5786 Latine
2556 5732 2715 5785 vertit
2747 5750 2760 5787 :
2819 5732 2914 5786 scd
2952 5734 3003 5785 in
3059 5744 3163 5786 ms.
3195 5730 3460 5784 Atnerba-

1888 5807 2089 5861 chiane
2130 5814 2240 5863 tota
2276 5802 2635 5859 desiderarur.
