4164 6426
106 452 250 518 1289

182 679 203 713 ι
247 660 474 722 σκόπου,
509 658 835 728 τολμήσειέν
861 675 915 710 τι
959 657 1162 727 πρᾶξαι
1199 658 1296 727 τῆς
1326 656 1694 726 λειτουργίας,

181 775 199 807 ι
248 755 362 808 εἴτε
402 756 429 806 6
459 752 762 816 ἐπίσκοπος
819 752 961 806 κατά
1011 750 1110 822 τὴν
1149 750 1504 820 προάγουσαν
1580 766 1704 802 συν-

179 864 200 897 ‹
249 846 469 916 ήθειαν,
537 845 649 897 εἴτε
697 846 724 896 6
788 842 1184 914 πρεσϐύτερος,
1218 845 1326 894 είτε
1364 841 1392 892 6
1431 840 1699 902 διάκονος,

185 956 205 988 ι
254 938 455 1008 μηκέτι
489 937 607 1001 ἐξὸν
643 933 785 990 εἶναι
835 937 984 1004 αὐτῷ
1028 935 1151 1004 μηδ’
1183 936 1241 987 ἐν
1286 933 1450 1003 ἑτέρᾳ
1494 932 1701 1001 συνόδῳ

192 1052 212 1082 ι
253 1033 444 1086 ἐλπίδα
473 1029 1003 1091 ἀποκαταστάσεως,
1029 1030 1166 1098 μήτε
1189 1024 1492 1092 ἀπολογίας
1511 1023 1698 1094 χώραν

179 1151 196 1181 ι
245 1128 413 1198 ἔχειν.
434 1123 596 1177 Ἀλλὰ
621 1124 718 1178 καὶ
741 1123 867 1185 τοὺς
895 1119 1293 1180 κοινωνοῦντας
1325 1118 1474 1188 αὐτῷ
1492 1118 1701 1179 πάντας

177 1242 198 1274 ε
243 1219 651 1281 ἀποϐάλλεσθαι
703 1215 804 1286 τῆς
867 1213 1220 1283 Ἐκκλησίας,
1281 1212 1376 1265 καὶ
1441 1210 1699 1281 μάλιστα,

181 1337 200 1369 ι
241 1319 290 1369 εί
328 1314 596 1384 μαθόντες
622 1312 721 1381 τὴν
748 1310 1030 1378 ἀπόφασιν
1063 1310 1163 1377 τὴν
1204 1307 1344 1361 κατὰ
1377 1307 1486 1359 τῶν
1506 1320 1699 1374 προειο

182 1429 199 1460 ι
249 1408 512 1477 ρημένων
553 1402 955 1474 ἐξενεχθεῖσαν,
990 1400 1321 1471 τολμήσειαν
1354 1399 1538 1462 αὐτοῖς
1580 1414 1697 1450 κοι-

179 1521 198 1552 ι
240 1501 453 1552 νωνεῖν.
489 1515 507 1548 ι

174 1593 376 1646 ΒΑΛΣ..
423 1592 483 1642 '0
516 1591 616 1658 μὲν
651 1593 737 1658 κη’
765 1585 1126 1649 ἁποστολικδς
1161 1583 1344 1638 κανὼν
1372 1582 1697 1655 ἀποκηρύσ-

99 1701 182 1738 σει
215 1685 345 1744 τοὺς
379 1679 811 1751 καθαιρεθέντας
845 1678 1093 1740 δικαίως,
1115 1677 1211 1730 καὶ
1241 1672 1404 1738 αὖθις
1430 1675 1527 1746 τῆς
1561 1691 1695 1746 προ-

96 1781 270 1849 τέρας
336 1776 624 1847 ἐνεργείας
669 1773 1038 1842 ἁπτομὲνουςο
1092 1774 1120 1824 6
1172 1770 1231 1823 δὲ
1267 1769 1458 1841 παρὼν
1511 1768 1696 1823 κανών

94 1888 234 1940 φησι
274 1870 348 1939 μὴ
391 1870 540 1940 ἔχειν
580 1868 780 1929 αὐτοὺς
812 1866 1005 1919 ἐλπίδα
1036 1863 1593 1931 ἀποκαταστάσεωςῆ
1627 1861 1693 1914 δι’

94 1963 442 2032 ἐπικρίσεως
482 1962 678 2031 ἐτέρας
713 1960 935 2012 συνόδου
964 1975 976 1988 ·
1013 1958 1106 2010 καὶ
1143 1959 1268 2018 τοὺς
1299 1954 1693 2017 κοινωνοῦντας

94 2056 318 2117 τούτοις
349 2058 405 2107 ἐν
446 2055 652 2124 εἰδήσει
686 2053 1031 2121 ἀποόλήτους
1070 2045 1210 2103 εῖναι
1241 2051 1305 2102 ἐκ
1325 2048 1426 2118 τῆς
1461 2045 1694 2113 Ἐκκλη-

93 2150 246 2208 σίας.
278 2148 543 2201 Δοκοῦσιν
577 2144 671 2200 οὖν
694 2146 742 2199 oi
781 2148 1006 2206 κανόνες
1044 2145 1120 2214 μὴ
1159 2142 1502 2208 ἐξισοῦσθαι.
1525 2136 1695 2210 Οἶμαι

89 2241 149 2293 δὲ
181 2242 504 2308 συμφωνεῖν
557 2241 615 2292 ἐν
669 2241 835 2292 πᾶσιν
901 2236 1121 2298 αὐτούς.
1190 2234 1532 2306 Διορίζονται
1588 2232 1696 2303 γὰρ

90 2332 241 2384 κατὰ
268 2331 363 2384 δύο
396 2335 596 2393 τόπους
633 2329 964 2394 κολάζεσθαι
1015 2330 1140 2392 τοὺς
1190 2327 1332 2398 μετὰ
1374 2326 1564 2396 ἐντελῆ
1595 2343 1694 2378 κα-

88 2426 332 2493 ταδίκην
363 2424 641 2494 ίερατικόν
686 2440 735 2476 τι
773 2421 1158 2492 ἐνεργοῦντας.
1197 2421 1262 2475 ’0
1298 2421 1397 2490 μὲν
1429 2415 1523 2472 οὖν
1559 2421 1694 2472 ἀπο·

92 2517 349 2579 στολικος
379 2513 558 2568 κανών
601 2531 739 2584 φησι
786 2516 910 2576 τοὺς
965 2513 1196 2574 δικαίως
1237 2511 1692 2595 καθαιρεθέντας,

91 2611 270 2677 ἦγουν
306 2607 382 2679 μὴ
426 2609 650 2678 ἔχοντας
689 2606 946 2676 βοήθειαν
976 2605 1269 2675 ἐκκλήτου,
1328 2605 1421 2658 καὶ
1467 2605 1696 2674 ἐνεργή-

93 2707 308 2762 σαντας
370 2700 645 2769 ίερατικόν
686 2717 760 2765 τι,
794 2697 1306 2768 ἀποκηρύσσεσθαι·
1346 2699 1372 2748 6
1402 2697 1458 2750 δέ
1503 2696 1695 2765 παρὼν

94 2793 288 2844 κανὼν
321 2791 636 2860 παρομοίως
662 2790 854 2859 ἐκείνῳ
886 2789 1103 2860 πρῶτον
1153 2790 1252 2858 μὲν
1292 2789 1591 2860 διορίζεται
1619 2789 1693 2860 μὴ

93 2881 511 2954 προσδέχεσθαι
543 2883 676 2952 παρ’
710 2881 902 2952 ἐτέρας
949 2881 1176 2934 συνόδου
1215 2882 1342 2944 τοὺς
1373 2881 1479 2934 ὑπὸ
1537 2883 1693 2934 συνό-

87 2977 189 3029 δου
238 2976 452 3038 τελείας
488 2976 940 3042 καθαιρεθέντας,
975 2975 1076 3043 τῆς
1137 2977 1195 3027 ἐν
1247 2975 1691 3028 Κωνσταντινου-

89 3073 256 3123 πόλει
295 3071 480 3136 τυχὸν,
514 3067 638 3120 καθ’
672 3062 738 3137 ἧς
765 3066 885 3118 οὐδέ
927 3063 1191 3134 ἐκκλητός
1239 3069 1381 3116 ἐστι’
1412 3066 1506 3117 καὶ
1564 3065 1690 3125 τοὺς

90 3166 183 3226 δίς
227 3164 711 3230 ἐκκαλεσαμένους
745 3159 842 3212 καὶ
868 3140 1231 3228 δήττηθέντας
1287 3157 1384 3210 καὶ
1427 3158 1565 3226 μετὰ
1629 3158 1692 3210 τὸ

1204 453 1285 512 ΙΝ
1329 452 1490 512 CAN.
1536 448 1612 512 IV
1655 448 1866 516 CONC.
1908 454 1968 514 II
2007 458 2363 527 ANTIOCH.

185 586 205 619 ι
254 566 288 636 ἢ
324 562 767 637 πρεσόύτεροςῆ
808 562 1056 627 διάκονος
1092 563 1198 617 ὑπὸ
1247 563 1342 616 τοῦ
1392 563 1526 616 ἰδίου
1580 562 1700 613 ἐπι·
1733 570 1775 621 Α

3255 458 3390 522 I290

1892 585 1910 617 ‹
1943 569 2205 629 diaconus
2237 589 2266 630 a
2302 576 2521 646 proprio
2554 576 2810 646 episcopo
2849 572 3151 645 depositus,
3186 570 3388 640 aliquid

1884 677 1902 708 ι
1945 661 2011 715 de
2041 663 2346 718 ministerio
2377 679 2539 734 agere
2574 679 2741 719 ausus
2771 663 2980 728 fuerit;
3022 663 3141 716 sive
3179 660 3391 729 episco~

1886 772 1903 802 ε
1943 770 2044 824 pus
2104 759 2401 813 secundum
2460 760 2856 828 prmcedentem
2910 755 3388 816 consuetudinem,

1878 867 1896 900 ι
1932 852 2045 907 sive
2075 853 2379 922 presbyter,
2427 855 2542 908 sive
2589 853 2871 918 diaconus,
2909 851 3111 906 nullam
3156 847 3391 918 amplius

1880 960 1898 993 ι
1934 959 2084 1012 spem
2120 943 2483 1000 restitutionis
2509 945 2563 999 in
2596 945 2698 998 alia
2735 944 2964 1015 synodo,
2996 956 3170 1012 neque
3200 940 3387 995 delen-

1875 1052 1894 1085 ι
1932 1034 2103 1090 sionis
2130 1035 2307 1090 locum
2334 1037 2383 1090 ei
2412 1038 2610 1092 habere
2633 1037 2815 1091 liceat.
2845 1034 2951 1089 Sed
2979 1042 3034 1088 et
3057 1048 3266 1094 omnes.
3294 1029 3389 1101 qul

1880 1143 1899 1175 ι
1936 1125 1987 1179 ei
2041 1129 2481 1196 communicant,
2529 1145 2594 1184 ex
2657 1129 2903 1184 Ecclesia
2967 1125 3278 1197 cjiciantur,
3333 1136 3390 1179 et

1881 1237 1898 1268 ι
1940 1219 2176 1273 maxime
2209 1219 2254 1273 si
2286 1235 2409 1274 cum
2447 1221 2775 1274 sententiam
2810 1221 3072 1274 adversus
3102 1216 3389 1287 praedictos

1879 1330 1896 1363 ι
1933 1311 2198 1380 prolatam
2229 1313 2543 1380 didicerint,
2575 1313 2655 1369 eis
2680 1312 3086 1368 communicare
3121 1309 3239 1365 ausi
3275 1309 3388 1363 iue-

1878 1422 1895 1454 ι
1934 1415 2060 1460 rint.
2102 1422 2123 1456 ι

1872 1587 2069 1646 BALS.
2117 1593 2416 1659 Vicesimus
2442 1595 2660 1664 quidem
2693 1605 2920 1651 octavus
2951 1611 3126 1650 canon
3173 1603 3389 1662 apostoa

1800 1681 1938 1737 licus
1968 1684 2185 1740 abdicat
2208 1688 2429 1757 eos,qui
2456 1687 2601 1757 juste
2619 1689 2848 1757 depositi
2873 1688 3093 1753 iuerint,
3122 1697 3177 1743 et
3200 1702 3390 1742 rursus

1800 1776 1949 1845 prius
1982 1780 2344 1834 ministerium
2383 1783 2675 1852 attingunt.
2713 1782 2966 1836 Praesens
2999 1789 3179 1835 autem
3213 1795 3388 1834 canon

1801 1869 1931 1925 dicit
1959 1885 2054 1926 eos
2081 1886 2188 1927 non
2212 1872 2413 1928 habere
2435 1889 2587 1942 spem
2613 1873 2976 1928 restitutionis
3007 1873 3088 1926 vel
3117 1887 3217 1942 per
3243 1873 3389 1940 judi-

1798 1965 1940 2018 cium
1975 1963 2204 2019 alterius
2239 1967 2451 2035 synodi,
2483 1975 2534 2020 el
2569 1980 2686 2030 eos,
2719 1965 2810 2034 qui
2842 1965 2949 2021 illis
2980 1949 3215 2022 scientes
3237 1981 3390 2020 com-

1800 2055 2101 2120 municant,
2134 2072 2202 2111 ex
2237 2055 2482 2111 Ecclesia
2511 2057 2663 2128 i-jici.
2693 2041 2956 2115 Videntur
2990 2075 3120 2130 ergo
3152 2074 3391 2114 canones

1805 2163 1912 2202 non
1947 2147 2247 2217 exaequari.
2281 2146 2419 2202 Puto
2459 2162 2640 2203 autem
2685 2165 2778 2206 eos
2808 2151 2862 2204 in
2904 2152 3160 2238 ongnibus
3193 2166 3391 2205 conve-

1801 2243 1939 2295 nire.
1996 2239 2272 2295 Deﬁniunt
2315 2241 2482 2304 enim,
2529 2253 2587 2294 ut
2632 2241 2848 2296 duobus
2883 2244 3060 2296 modis
3097 2243 3392 2311 pnniantnr

1802 2336 1860 2398 ii,
1897 2333 1988 2402 qui
2028 2342 2152 2403 post
2187 2332 2484 2403 perlectam
2530 2335 3039 2389 condemnationem
3075 2336 3278 2403 aliquid
3307 2353 3392 2389 sa-

1798 2424 2074 2480 cerdotale
2104 2436 2386 2481 exercent.
2429 2424 2778 2493 Apostolicus
2823 2425 3009 2495 itaque
3046 2441 3218 2480 canon
3258 2427 3392 2479 dicit

1799 2532 1917 2582 eos,
1952 2517 2042 2586 qui
2076 2516 2221 2583 jnslc
2251 2517 2480 2585 depositi
2519 2516 2739 2576 iuerint.
2777 2516 2990 2570 scilicet
3021 2516 3110 2585 qui
3148 2532 3253 2569 non
3289 2515 3385 2567 lia-

1801 2612 1929 2664 bent
1975 2610 2358 2681 appellationis
2391 2611 2675 2673 auxilium,
2711 2620 2764 2663 et
2795 2610 3001 2679 aliquid
3049 2612 3391 2666 sacerdotale

1798 2714 2076 2778 exercent,
2107 2694 2369 2758 abdicari:
2399 2704 2649 2758 Prmsens
2679 2712 2862 2778 autem
2898 2719 3071 2759 canon
3110 2705 3183 2758 illi
3208 2708 3389 2760 consi-

1798 2791 2061 2863 militer,‘
2090 2799 2328 2866 primum
2376 2797 2593 2866 quidem
2628 2777 2869 2851 deiernit
2916 2799 2983 2852 ab
3028 2799 3132 2851 alia
3179 2804 3390 2868 synodo

1798 2904 1904 2944 non
1942 2889 2155 2944 admitti
2177 2868 2305 2953 'cos,
2338 2890 2428 2958 qui
2461 2904 2488 2943 a
2527 2891 2769 2958 perfecta
2806 2892 3035 2961 synodo,
3068 2892 3387 2947 Constanti-

1782 2984 2135 3053 .nopolitana,
2169 2983 2318 3038 verbi
2355 2985 2814 3054 gratiaﬂiepositi
2855 2984 3082 3048 iuerint,
3124 2986 3389 3041 adversus

1796 3094 1958 3147 quain
2013 3092 2120 3131 non
2169 3089 2250 3132 est
2297 3077 2633 3148 appellatio;
2678 3094 2778 3134 nec
2810 3094 2905 3133 eos
2943 3081 3135 3146 etiam,
3172 3081 3261 3148 qui
3307 3081 3390 3134 bis

1799 3171 2230 3241 appellaverunt,
2283 3180 2338 3226 et
2370 3171 2498 3226 victi
2549 3179 2694 3235 sunt,
2731 3178 2786 3225 et
2828 3180 3114 3240 postquam
3152 3170 3388 3239 appella‘

88 3252 775 3324 ἀπαγορευθῆναιαὺτοῖς
800 3252 902 3321 τὴν
954 3251 1209 3320 βοήθειαν
1273 3249 1369 3325 τῆς
1427 3250 1690 3318 ἐκκλήτου

1801 3264 1966 3318 tionis
1999 3265 2262 3317 auxilium
2303 3263 2382 3318 eis
2409 3264 2733 3333 denegatum
2769 3261 2950 3327 fuerit,
2985 3261 3189 3330 aliquid
3216 3276 3391 3316 sacer-

89 3351 510 3418 ἐνεργήσαντας
538 3346 817 3414 ίερατικόν
842 3362 915 3398 τι.
949 3340 1082 3397 Εἶτα
1101 3343 1169 3396 δι’
1205 3337 1279 3396 ὧν
1303 3361 1466 3412 φησιν
1499 3342 1694 3396 ἐκϐάλ-

88 3443 294 3496 λεσθαι
331 3441 441 3494 ἀπὸ
488 3438 588 3507 τῆς
639 3437 968 3507 Ἐκκλησίας
1002 3437 1099 3490 καὶ
1128 3437 1255 3500 τοὺς
1301 3434 1694 3500 κοινωνοῦντας

91 3539 314 3598 αὐτοῖς,
369 3534 518 3586 δοκεῖ
580 3533 763 3600 λέγειν
827 3533 921 3584 καὶ
980 3530 1404 3600 ἀποκηρύκτους
1455 3529 1696 3597 ὀφείλειν

93 3627 363 3696 γενέσθαι
393 3623 614 3686 αὐτούς.
648 3622 835 3678 Οὕτως
878 3621 1220 3704 ἐρμήνευσον
1251 3621 1378 3683 τοὺς
1435 3620 1692 3684 κανόνας,

94 3721 204 3772 καὶ
248 3719 323 3789 μὴ
351 3720 514 3788 εἴπῃς
572 3716 666 3768 τὸν
719 3715 1118 3789 καθαιρεθέντα
1183 3712 1287 3767 ὑπὸ
1327 3713 1549 3767 συνόδου
1601 3714 1696 3767 καὶ

98 3815 307 3881 ἔχοντα
367 3811 620 3881 βοήθειαν
680 3781 975 3877 ἐκκλήτου,
1046 3805 1380 3877 ἐνεργοῦντα
1419 3805 1696 3875 ίερατικὸν

97 3925 156 3957 τι
197 3904 338 3973 μετὰ
372 3904 473 3972 τὴν
505 3901 854 3972 καθαίρεσιν,
885 3899 1279 3970 ἀποκήρυκτόν
1319 3915 1378 3951 τε
1413 3896 1556 3952 εἶναι
1602 3899 1698 3952 καὶ

97 4001 209 4069 τὴν
236 3998 493 4066 βοήθειαν
526 3995 797 4065 ἐκκλήτου
825 3994 1108 4058 ἁπόλλειν,
1138 3992 1321 4056 καθώς
1348 4010 1490 4055 τινες
1519 3987 1693 4047 εἶπον.

111 4090 536 4158 Ἐναντιωθήσῃ
576 4091 683 4157 γὰρ
754 4087 948 4140 κανόσι
1001 4086 1110 4138 καὶι
1144 4087 1334 4154 νόμοις
1390 4084 1695 4154 διαφόροις,

97 4183 509 4253 διοριζομένοις
533 4176 812 4251 ’ἀκεραίαν
843 4177 990 4248 ἔχειν
1023 4177 1115 4230 τὸν
1157 4177 1568 4247 κατακριθέντα
1599 4176 1698 4248 τὴν

99 4278 324 4330 οἰκείαν
364 4275 725 4336 κατάστασιν,
763 4272 959 4341 μέχρις
991 4271 1056 4324 ἂν
1091 4271 1184 4324 καὶ
1208 4271 1274 4323 τὰ
1308 4273 1407 4340 τῆς
1427 4270 1696 4340 ἐκκλήτου

95 4367 525 4437 γυμνασθῶσιν·
563 4365 860 4435 ἐξαιρέτως
904 4364 961 4416 δέ
1007 4362 1085 4433 τῷ
1140 4363 1181 4437 δ’
1241 4363 1428 4416 κανόνι
1481 4364 1579 4432 τῆς
1642 4365 1700 4417 ἐν

98 4431 353 4532 έα-ρδικῇ
385 4458 632 4521 συνόδου,
679 4431 738 4509 6v
777 4459 872 4510 καὶ
912 4431 1212 4524 ἀνάγνωθι.
1256 4458 1419 4526 Ζήτει
1478 4431 1571 4510 τὸν
1629 4463 1697 4524 ιγ’

99 4558 204 4609 καὶ
238 4562 300 4606 ιε’
343 4552 542 4605 κανόνα
582 4554 682 4620 τῆς
737 4550 1027 4622 παρούσης
1071 4551 1315 4615 συνόδου,
1373 4550 1468 4602 καὶ
1506 4551 1603 4620 τῆς
1641 4552 1698 4603 ἐν

99 4649 351 4718 Σαρδικῇ
374 4647 577 4699 κανόνα
613 4643 654 4698 δ’
696 4644 1034 4715 ἀναιροῦντα
1075 4643 1322 4706 τούτουςο
1357 4646 1450 4697 καὶ
1490 4643 1695 4713 βιϐλίου
1728 4621 1773 4726 ξ)

96 4740 220 4791 τῶν
287 4734 596 4788 Βασιλικῶν
653 4731 937 4801 γἰτίτλου
982 4735 1038 4784 a."
1069 4732 1371 4801 κεφάλαιον
1417 4739 1523 4802 με’,
1566 4728 1627 4787 οὗ
1665 4735 1698 4803 ή

99 4831 282 4902 ἀρχὴ,
327 4831 395 4884 Εἴ
429 4839 576 4892 τινες
607 4830 666 4882 δὲ
697 4828 991 4881 ὁσιώτατοι
1041 4827 1356 4880 ἐπίσκοποι·
1389 4829 1484 4882 καὶ
1519 4829 1700 4900 μάθῃς

103 4924 231 4986 πῶς
266 4922 360 4974 καὶ
391 4907 543 4988 πεῖρα
585 4920 696 5013 sic:
730 4918 1043 4983 δικάζονται
1087 4921 1217 4988 περὶ
1271 4920 1729 4990 ἐγκληματικῶν¹

104 5008 435 5071 ὑποθέσεων
507 5008 800 5068 ἐπίσκοποι
879 5015 975 5068 καὶ
1043 5013 1324 5083 κληρικιεὶ,
1399 5020 1493 5071 καὶ
1569 5021 1701 5075 πότε

107 5111 211 5162 καὶ
250 5110 403 5176 παρὰ
449 5108 593 5159 τίσιν
623 5105 991 5160 ἐκκαλοῦνται
1031 5103 1581 5194 καταδικαζόμενοι.ι

189 5201 440 5254 ΖΩΝᾹΡ.
479 5201 542 5252 Ui
572 5199 674 5269 μὲν
733 5198 1046 5261 ἐπίσκοποι,
1091 5202 1181 5253 ἐπὶ
1228 5202 1542 5273 ἐγκλήμασι
1577 5222 1709 5258 κατ-

1800 3357 1982 3410 dotale
2011 3357 2536 3420 exercent..Deinile
2584 3370 2680 3423 per
2717 3354 2769 3408 id
2815 3355 2958 3423 quod
3000 3353 3151 3416 dicit,
3196 3369 3290 3408 eos
3325 3369 3388 3407 es

1801 3448 2044 3503 Ecclesia
2074 3449 2218 3519 ejici,
2253 3452 2341 3518 qui
2377 3450 2508 3517 ipsis
2538 3463 2658 3502 com
2678 3449 2979 3513 municant,
3015 3446 3216 3519 debere
3246 3448 3392 3516 ipsos

1799 3541 1966 3594 etiam
2001 3518 2282 3593 abdicatos
2329 3537 2445 3591 ﬁeri
2479 3538 2667 3614 dicere
2715 3536 2947 3590 videtur.
2988 3518 3078 3590 Sic
3121 3537 3387 3606 interpre-

1803 3644 1922 3687 tare
1956 3646 2232 3699 canones;
2285 3645 2386 3685 nec
2417 3630 2812 3694 dixeris’eum,
2861 3629 2952 3698 qni
2991 3638 3074 3683 est
3113 3644 3142 3682 a
3184 3630 3390 3699 synodo

1800 3694 2199 3795 depositusﬁet
2241 3726 2403 3778 liabet
2433 3724 2696 3777 auxilium
2746 3694 3146 3792 appellationis,
3192 3694 3234 3774 si
3269 3732 3392 3790 post

1799 3817 2193 3890 depositioncm
2219 3817 2418 3888 aliQuid
2447 3799 2799 3882 sacerdotale,
2818 3827 3069 3870 exerceat
3096 3830 3216 3869 esse
3240 3815 3392 3869 abdi-

1802 3907 2007 3979 cattiin,
2038 3921 2094 3967 et
2142 3911 2522 3982 appellationis
2565 3909 2823 3964 auxilium
2858 3911 3118 3978 perdere,
3167 3918 3224 3963 ut
3255 3924 3392 3962 non-

1801 4007 1930 4062 nulli
1961 3978 2234 4060 dixcrniit.
2269 3994 2431 4058 Dices‘
2452 4004 2596 4057 enim
2626 4003 2978 4072 repugnantia
3009 4013 3061 4056 et
3087 4003 3388 4056 canonibus

1802 4109 1856 4156 et
1906 4099 2138 4154 diversis
2187 4096 2438 4167 legibush
2473 4112 2593 4165 quae
2640 4104 2906 4160 statuunt,
2957 4110 3071 4159 eos,
3128 4096 3219 4164 qni
3257 4107 3388 4148 sunt

1803 4191 2150 4247 condemnati
2201 4167 2471 4260 integrum
2513 4198 2567 4241 et
2615 4190 2882 4241 intactum
2923 4196 3126 4241 statum
3165 4187 3387 4251 habere,

1806 4289 1976 4342 donec
2020 4286 2088 4339 de
2121 4273 2502 4353 ’appellatione
2551 4282 2829 4358 cognitum
2867 4279 3034 4334 fuerit
3074 4297 3087 4333 :
3119 4280 3390 4348 praecipue

1804 4389 1982 4434 autem
2009 4388 2202 4447 quarto
2226 4391 2433 4432 canone
2460 4361 2802 4430 Sardicensis
2824 4375 3015 4444 synodi
3039 4387 3199 4442 quem
3224 4373 3388 4427 etiam

1803 4455 1942 4543 iegé.
1972 4459 2182 4537 Quaere
2215 4474 2379 4525 etiam
2408 4484 2643 4524 canones
2678 4469 2744 4522 15
2782 4477 2837 4521 et
2884 4467 2951 4520 15
2981 4467 3263 4550 praesentis
3302 4481 3390 4534 sy-

1805 4567 1930 4622 nodi
1953 4563 2380 4622 ethardicensis
2404 4563 2593 4633 synodi
2646 4577 2907 4616 canonem
2933 4561 2967 4614 ι
2993 4562 3082 4629 qui
3106 4561 3201 4614 bos
3229 4561 3386 4622 tollit;

1805 4663 1860 4716 et
1895 4660 2026 4746 libri.
2051 4657 2502 4746 mlBasiiicorum
2540 4655 2621 4709 tit.
2659 4655 2710 4720 i,
2747 4667 2866 4722 cap.
2897 4653 2968 4708 44
2999 4652 3154 4721 cujus
3185 4653 3388 4736 princi-

1731 4810 1735 4814 ,
1813 4756 1961 4825 pium
1997 4728 2106 4825 est,
2131 4728 2191 4806 Si
2230 4728 2413 4804 autem
2444 4747 2610 4817 aliqui
2648 4745 2978 4801 sanctissimi
3009 4744 3248 4814 episcOpi
3282 4728 3297 4795 Ξ
3339 4754 3395 4796 ct

1802 4823 1974 4916 scies,
2004 4823 2275 4916 quomodo
2303 4851 2358 4898 et
2402 4857 2430 4896 a
2461 4841 2659 4913 quibus
2694 4843 2759 4895 de
2801 4838 2984 4894 causis
3017 4835 3394 4892 criminaiibus

1769 5014 1771 5016 η
1802 4931 2117 5014 iudicantur
2148 4939 2386 5009 episcopi
2415 4949 2469 4992 et
2493 4937 2711 4999 clerici;
2743 4945 2794 4988 et
2821 4931 3042 5002 quando
3069 4943 3122 4987 et
3146 4948 3174 4985 a
3200 4931 3393 5000 quibus

1805 5036 2140 5107 appellantur
2169 5029 2537 5088 condemnati.

1878 5201 2130 5269 ZUNAR.
2177 5211 2427 5283 Episcopi
2487 5211 2703 5279 quidem
2750 5209 2796 5264 si
2851 5217 3194 5270 accusentur,
3242 5207 3392 5275 ipso-

116 5273 530 5366 nyopoiipsvm'f
550 5291 772 5344 συνόδου
805 5291 1020 5344 δέονται
1060 5293 1412 5365 δικαζούσης
1443 5301 1536 5352 καὶ
1576 5302 1701 5368 ἀπφ-

1809 5324 1926 5363 sum
1951 5297 2181 5361 causani’
2205 5319 2233 5358 a
2261 5303 2466 5374 synodo
2488 5299 2790 5357 examinari
2814 5314 2877 5354 ac
2897 5298 3108 5354 deliniri
3135 5309 3347 5368 oportet
3376 5317 3388 5350 :

113 5388 483 5456 φαινομένης·
528 5385 576 5437 οί
628 5383 685 5435 δὲ
717 5383 1143 5455 ρπρεσῦύτεροι,
1191 5389 1287 5439 καὶ
1341 5390 1390 5440 οἱ
1431 5389 1697 5460 διάκονοι,

116 5483 223 5534 καὶ
268 5483 315 5532 oi
341 5479 576 5548 καθεξῆς
617 5476 895 5547 κληρικοὶ,
932 5478 1037 5530 ὑπὸ
1085 5477 1179 5531 τοῦ
1227 5480 1360 5533 ἰδίου
1402 5484 1715 5541 ἐπισκόπου

1811 5402 1877 5455 de
1914 5397 2248 5469 presbyteris
2279 5411 2430 5460 vero,
2479 5395 2743 5469 diagonia,
2780 5394 3008 5462 aliisque
3042 5391 3393 5448 inferioribus

1810 5465 2025 5547 clericis
2077 5489 2298 5560 proprio
2343 5489 2602 5576 episcopo
2647 5460 2894 5556 judicare
2945 5503 3008 5542 ac
3065 5487 3392 5544 sententiain

1369 5581 1554 5645 Guili.
1586 5586 1911 5668 Beveregii
1939 5578 2134 5650 notae:

118 5683 332 5756 ptiinus
374 5677 661 5756 priesentis
710 5677 912 5750 synodi
954 5694 1131 5756 canon
1172 5697 1239 5756 ex
1296 5683 1486 5756 eodem
1525 5689 1720 5747 codice

128 5750 412 5832 ηεμημιτ,
440 5750 544 5837 εειι)
603 5765 828 5829 nomine
857 5751 1200 5820 nonagesimi
1238 5755 1416 5840 qlninsi
1456 5765 1509 5810 ct
1542 5775 1708 5816 nona-

161 5823 324 5902 csiini
356 5821 795 5902 sext‘icanonis;
848 5835 959 5886 quo
991 5833 1157 5874 etiam
1192 5821 1470 5902 ordine'in
1514 5844 1710 5902 supra-

121 5845 324 5952 SCSlilll
356 5845 795 5900 διτιιμτᾰιιιυιιεξς
848 5845 959 5886 quo
991 5845 1157 5874 cuum
1192 5845 1387 5879 urutne
1418 5845 1470 5880 ill
1514 5845 1710 5902 ευριπ-

166 5903 294 5950 ictis
348 5892 635 5947 codrenbus
692 5901 997 5965 etiamnum
1037 5895 1408 5961 reperiuntur.
1445 5899 1601 5965 Quod
1643 5905 1710 5959 ad

455 5992 726 6054 ΡΑτιιοι.
778 5990 897 6054 GR.
933 5988 1304 6056 CXXXVII.
1387 6043 1390 6046 .

1820 5701 2145 5762 praesentem
2174 5688 2412 5762 denique
2445 5703 2719 5762 canonem
2742 5695 2974 5762 spectat,
3005 5686 3056 5762 is
3089 5701 3115 5738 a
3158 5690 3391 5742 concilio

1816 5755 2253 5831 Aquisgranensi
2299 5755 2446 5814 anno
2505 5755 2723 5814 Domini
2774 5759 2899 5821 816,
2934 5758 3141 5826 habito,
3177 5773 3241 5813 ex
3271 5775 3392 5815 vcr~

1814 5835 1973 5892 sione
2006 5831 2343 5904 Dionysiana
2380 5832 2587 5888 citatur
2623 5840 2676 5888 et
2712 5839 3032 5887 renovatur.

2997 6003 3067 6064 41
