4164 6426
725 371 852 455 129i

1987 374 2265 436 THEOD.
2301 371 2700 433 BALSAMON

3856 365 3991 428 129!

726 506 867 559 ferre
896 498 1221 570 permissum
1262 504 1363 550 est.
1402 493 1556 560 Quod
1603 492 1649 546 si
1695 490 1894 557 injuste
1937 503 1994 544 se
2023 488 2308 543 damnatos

2431 484 2751 549 ῐικάζονται,
2803 483 2898 537 καὶ
2947 480 3096 551 αὑτῷ
3147 480 3481 550 ψηφίζεσθαι
3535 480 3777 533 δέδοται.
3848 480 3912 532 Εἰ
3947 480 4000 531 δέ

728 605 1050 667 querantur,
1099 607 1127 644 a
1173 589 1592 658 metropolitano
1627 585 1942 659 synodoque
1987 582 2301 652 provincia»

731 705 795 741 ex
831 685 990 755 hujus
1019 682 1209 753 synodi
1244 694 1400 735 sexto
1425 693 1632 734 canone
1660 687 1712 734 et
1747 693 1811 733 ex
1845 675 2186 730 Sardlcensis
2218 689 2308 744 sy-

735 779 858 833 nodi
895 790 1102 830 canone
1129 774 1293 828 tertio
1321 781 1373 826 et
1405 771 1614 839 quinto,
1649 767 1755 822 lata
1793 770 1860 821 ab
1892 766 2149 834 episcopo
2180 778 2308 816 sen-

730 873 895 927 tentia
950 867 1251 924 examinari
1297 863 1477 918 debet.
1531 863 1722 916 Exstat
1769 873 1983 928 quoque
2032 858 2098 910 de
2143 871 2203 909 ea
2254 869 2313 908 re

737 963 1036 1021 decretum,
1064 959 1153 1010 lib.
1182 972 1262 1021 ιιι,
1294 954 1446 1007 titulo
1476 956 1526 1019 1,
1564 968 1682 1021 cap.
1717 953 1787 1005 22
1819 949 2192 1011 Basilicorum,
2221 961 2311 999 cu-

725 1052 815 1120 jus
867 1049 1128 1111 initium,
1179 1044 1233 1097 Si
1287 1059 1392 1112 qua
1449 1056 1577 1094 vero
1634 1042 1776 1093 inter
1825 1035 2312 1091 reverendissimos

731 1141 972 1208 ejusdem
1019 1137 1209 1208 synodi
1242 1136 1527 1202 episcopos
1573 1131 1946 1185 controversia
1993 1141 2179 1183 exorta
2219 1127 2311 1182 sit.

734 1232 871 1286 lliuc
917 1231 1082 1300 igitur
1116 1239 1242 1283 sunt
1287 1228 1373 1280 illa
1416 1227 1574 1295 hujus
1608 1227 1834 1279 canonls
1871 1223 2076 1277 verba:
2108 1221 2165 1275 Si
2194 1222 2314 1290 quis

735 1325 1022 1392 eplSi'OpllS
1056 1339 1081 1375 a
1109 1322 1315 1391 synodo
1342 1319 1640 1386 depositus,
1669 1328 1775 1370 etc.
1809 1316 2045 1384 aliquam
2081 1313 2314 1383 liturgia:

736 1423 940 1478 partem
980 1412 1252 1479 attingere
1282 1423 1448 1460 ausus
1484 1406 1645 1459 fuerit
1674 1405 1929 1473 (liturgitn
1966 1403 2185 1456 nomine
2215 1403 2316 1454 huc

737 1507 877 1566 loco,
913 1519 1018 1555 non
1061 1516 1338 1554 sacrorum
1367 1498 1662 1553 celebratio
1699 1495 2071 1562 incruentique
2103 1492 2316 1546 sacriﬁ-

738 1597 807 1654 cii
836 1595 1037 1649 oblatio
1061 1593 1234 1647 solum
1252 1634 1266 1658 ,
1297 1591 1391 1646 sed
1416 1605 1607 1643 omnes
1630 1599 1888 1656 praeterea
1915 1585 2112 1639 summi
2141 1598 2319 1637 sacer-

739 1689 869 1741 dotii
902 1687 1208 1740 functiones
1237 1683 1628 1752 intelliguntur.
1668 1679 1903 1733 Proinde
1930 1677 2143 1731 etiamsi
2179 1692 2205 1728 a
2234 1690 2322 1730 sa-

739 1795 832 1832 cro
859 1778 1106 1832 faciendo
1136 1776 1436 1839 abstineat,
1468 1774 1791 1842 baptismum
1821 1782 2000 1824 tamen
2028 1768 2317 1831 ministret,

739 1875 934 1934 aliave,
963 1889 1082 1941 quae
1122 1886 1188 1924 ex
1225 1869 1585 1938 praecedente,
1617 1867 1720 1920 hoc
1749 1873 1855 1929 eat,
1886 1863 2181 1916 inveterata
2218 1876 2319 1913 an-
2351 1839 2392 1894 Β

740 1967 885 2033 liqua
912 1961 1074 2033 435
1109 1959 1521 2020 consuetudine,
1547 1955 1740 2008 summi
1771 1951 2072 2008 sacerdotis
2102 1951 2317 2021 propria

740 2056 924 2109 munia
972 2053 1121 2123 sunt)
1169 2051 1253 2105 vel
1298 2049 1584 2120 presbyter
1611 2056 1706 2101 aut
1759 2047 2022 2099 diaconus
2069 2043 2321 2113 quamvis

742 2149 942 2218 injuste
966 2162 1026 2200 se
1049 2148 1362 2200 damnatum
1394 2141 1564 2196 fuisse
1597 2139 1892 2194 contendat
1928 2138 2106 2192 audiri
2142 2137 2321 2190 homi-

740 2256 864 2296 nem
901 2241 956 2294 in
983 2239 1153 2292 altera
1198 2237 1408 2308 synodo
1456 2243 1511 2288 et
1545 2232 1612 2286 de
1657 2231 1802 2284 illius
1839 2228 2189 2285 damnatione
2225 2227 2325 2282 ite-

745 2349 861 2387 rum
907 2332 1024 2400 ipso
1053 2329 1367 2397 postulante
1404 2325 1683 2396 cognosci,
1717 2331 1815 2376 aut
1849 2323 2017 2376 alium
2060 2321 2108 2375 ei
2135 2319 2325 2375 delen-

741 2426 916 2479 sionis
946 2423 1123 2476 locum
1152 2417 1402 2482 concedi,
1430 2433 1498 2471 ne
1534 2417 1718 2471 liceat.
1745 2412 2053 2480 Quinetiam
2086 2411 2325 2480 quicun-

740 2532 872 2587 que,
907 2515 1124 2570 illorum
1165 2511 1513 2567 damnatione
1535 2509 1770 2577 cognita,
1799 2507 1931 2575 ipsis
1955 2502 2324 2558 communica-

745 2601 940 2672 ve'rinl,
987 2612 1345 2675 segregentur
1378 2609 1432 2654 et
1458 2601 1526 2654 ab
1554 2597 1798 2653 Ecclesia
1839 2596 2205 2665 expellantur.
2257 2592 2326 2647 Et

743 2716 872 2753 vero
922 2697 1188 2768 ejusmodi
1229 2695 1505 2749 hominem
1544 2706 1644 2745 suo
1669 2689 1907 2759 seipsum
1945 2685 2156 2741 calculo
2195 2700 2328 2739 con-

743 2794 1004 2847 demnare
1051 2787 1245 2860 synodi
1284 2783 1727 2853 Carthaginensis
1754 2795 1926 2834 canon
1963 2777 2326 2832 undetricesi-

747 2901 868 2940 mus
899 2883 1116 2942 asserit.
1156 2880 1343 2950 Igitur,
1370 2887 1483 2932 tum
1513 2892 1579 2929 ex
1609 2875 1713 2928 hoc
1736 2887 1980 2938 canone,
2011 2880 2121 2926 tum
2147 2886 2212 2925 ex
2237 2871 2326 2936 iis,

745 2993 884 3044 quos
909 2990 1071 3045 supra
1108 2968 1678 3034 commemoravimus,
1703 2966 1861 3021 facile
1895 2976 2138 3036 apparet,
2162 2963 2330 3018 licere

744 3069 1022 3137 episcopo,
1065 3065 1157 3134 qui
1189 3063 1392 3132 injuste
1451 3077 1510 3116 se
1551 3060 1977 3113 condemnatum
2027 3055 2324 3120 existimet,

2413 594 2584 647 φασιν
2650 577 2957 630 ἀδικεῖσθαι
3025 577 3077 628 οἱ
3137 574 3670 644 καταψηφισθέντες,
3732 571 3850 625 ὑπὸ
3911 571 4002 624 τοῦ

2413 668 2823 738 μητροπολίτου
2857 667 2955 719 καὶ
2993 667 3090 736 τῆς
3115 666 3341 719 συνόδου
3383 666 3482 734 τῆς
3517 664 3799 734 ἐπαρχίας
3831 665 3866 733 ἡ
3900 662 4004 730 ψῆ-

2412 772 2514 825 φος
2557 761 2867 822 σκοπεῖται,
2897 759 3042 812 κατὰ
3075 758 3167 811 τὸν
3202 756 3363 809 ἕκτον
3404 756 3604 808 κανόνα
3646 757 3750 821 τῆς
3775 755 4006 806 συνόδου

2412 850 2642 920 ταύτης,
2681 851 2776 902 καὶ
2833 853 2976 903 κατὰ
3006 851 3098 902 τὸν
3137 851 3323 920 τρίτον
3355 850 3450 901 καὶ
3481 849 3738 917 πέμπτον
3799 848 4008 899 κανόνα

2416 943 2514 1009 τῆς
2557 943 2615 994 ὲν
2656 943 2896 1013 Σαρδικῇ
2934 943 3179 995 συνόδου.
3213 943 3354 1012 Περὶ
3392 941 3585 995 τούτου
3615 941 3678 994 δὲ
3718 941 4009 1010 νομοθετεῖ

2418 1030 2514 1084 καὶ
2547 1029 2757 1100 βιϐλίον
2786 1032 2895 1083 τῶν
2929 1032 3238 1085 Βασιλικῶν
3267 1032 3477 1101 τρίτον,
3533 1033 3642 1086 τίτ.
3697 1037 3768 1092 α’,
3835 1032 4008 1097 κεφά-

2414 1123 2564 1176 λαιον
2599 1123 2703 1193 κβ’,
2729 1118 2790 1176 οὗ
2821 1126 2853 1195 ἠ
2882 1126 3050 1196 ἀρχὴ,
3087 1126 3150 1178 Et
3178 1140 3324 1186 τινες
3364 1125 3420 1177 δὲ
3455 1125 3753 1177 ὁσιώτατοι
3785 1124 4014 1175 ἐπίσκο-

2416 1234 2509 1270 ποι
2548 1218 2647 1287 τῆς
2703 1215 2880 1284 αὐτῆς
2941 1217 3187 1282 συνόδου,
3240 1216 3656 1287 ἀμφισδήτησίν
3697 1232 3830 1268 τινα
3876 1216 4013 1284 πρὸς

2415 1308 2684 1378 ἀλλήλους
2720 1309 2917 1377 ἔχοιεν.
2963 1308 3063 1360 Διὰ
3092 1309 3270 1361 ταῦτα
3305 1308 3490 1360 τοίνυν
3525 1311 3554 1361 ό
3599 1306 3804 1375 παρὼν
3831 1305 4015 1358 κανὼν

2419 1396 2598 1452 εἶπεν
2637 1401 2704 1452 Et
2727 1418 2812 1462 τις
2843 1399 3172 1465 ἐπίσκοπος,
3208 1401 3314 1452 ὑπὸ
3359 1401 3578 1452 συνόδου
3622 1399 4014 1468 καθαιρεθεὶς,

2419 1491 2515 1545 καὶ
2563 1492 2630 1544 τὰ
2661 1491 2883 1563 ἐφεξῆς,
2917 1494 3180 1562 τολμήσει
3214 1491 3422 1562 πρᾶξαί
3444 1508 3494 1544 τι
3527 1492 3631 1560 τῆς
3655 1492 4018 1562 λειτουργίας

2421 1585 2794 1656 (λειτουργίαν
2846 1586 3088 1638 ἐνταῦθα
3125 1587 3186 1639 ού
3240 1585 3341 1656 τὴν
3384 1586 3710 1655 ἱερουργίαν
3761 1586 3866 1637 καὶ
3920 1589 4019 1648 τὴν

2419 1675 2647 1746 τελετὴν
2699 1677 2798 1744 τῆς
2840 1676 3190 1745 ἀναιμάκτου
3229 1674 3423 1737 Θυσίας
3481 1676 3622 1743 φησι
3665 1675 3870 1743 μόνην,
3907 1674 4019 1724 ἀλλ’

2424 1757 2573 1822 ᾶτῖαν
2603 1767 3000 1839 ἁρχιερατικὸν
3042 1767 3281 1821 δίκαιον.
3317 1767 3436 1821 Κᾶν
3469 1768 3582 1836 γὰρ
3640 1767 3745 1836 οὐχ
3804 1768 4023 1836 ἱερουρ-

2423 1860 2591 1930 γήσῃ,
2629 1859 2870 1930 βαπτίσῃ
2893 1859 2971 1925 δὲ,
3010 1859 3261 1930 ἢέτερον
3293 1859 3495 1930 ποιήσῃ
3529 1860 3798 1929 ἀρχιερεῖ
3838 1874 4013 1928 προσ-

2422 1950 2579 2018 ῆκον,
2649 1950 2793 2003 κατὰ
2821 1952 2923 2019 τὴν
2951 1951 3307 2020 προάγουσαν
3338 1949 3659 2019 συνήθειαν,
3687 1952 3869 2019 ﬁxo-av
3885 1950 4022 2000 uti

2421 2040 2483 2094 τὸ
2514 2043 2799 2113 κρατῆσαν
2838 2041 3070 2095 παλαιὸν
3128 2042 3270 2110 ἔθος)
3322 2043 3355 2112 ἢ
3428 2041 3814 2112 πρεσϐύτερος
3850 2040 3884 2109 ἢ
3915 2041 4026 2091 δια-

2424 2147 2600 2194 κονος,
2639 2131 2714 2202 μὴ
2749 2128 2955 2196 ἐξέστω
2983 2131 3154 2201 αὐτῷ,
3199 2131 3299 2186 κᾶν
3325 2132 3460 2204 λέγῃ
3503 2131 3581 2202 μὴ
3605 2131 4025 2198 καταδικασθῆ-

2424 2240 2536 2287 ναι,
2570 2225 2738 2296 ἑτέρᾳ
2775 2225 2981 2296 συνόδῳ
3013 2227 3446 2296 προσέρχεσθαι,
3477 2229 3578 2278 καὶ
3619 2227 3823 2294 ζητεῖν
3879 2227 4024 2277 δοκι-

2429 2314 2704 2384 μασθῆναι
2733 2315 2831 2386 τὴν
2860 2315 2985 2369 κατ’
3011 2315 3180 2370 αὐτοῦ
3209 2317 3411 2386 ψῆφον,
3445 2317 3585 2386 μηδὲ
3626 2317 3829 2386 χώραν
3863 2315 4028 2368 αὑτοῦ

2424 2407 2730 2475 ἀπολογίας
2764 2409 3134 2480 παρέχεσθαι,
3167 2409 3305 2462 ἀλλὰ
3338 2411 3431 2462 καὶ
3460 2412 3588 2472 τοὺς
3615 2409 4029 2470 κοινωνοῦντας

2425 2501 2632 2564 αὐτοῖς,
2667 2501 2945 2572 μαθόντας
2979 2503 3083 2572 τὴν
3113 2502 3236 2555 κατ’
3275 2503 3462 2555 αὐτῶν
3507 2505 3826 2570 ἀπόφασιν,
3888 2506 4029 2570 ἀφο-

2431 2591 2680 2662 ρίζεσθαι
2713 2595 2804 2646 καὶ
2835 2591 3159 2658 ἐξωθεῖσθαι
3191 2595 3293 2664 τῆς
3318 2594 3683 2663 Ἐκκλησίας.
3717 2596 3836 2646 Καὶ
3884 2596 3914 2644 ὁ
3952 2592 4032 2641 κε’

2426 2688 2526 2757 τῆς
2557 2691 2615 2741 ὲν
2654 2687 2990 2760 Καρθαγένῃ
3021 2687 3248 2741 συνόδου
3281 2687 3463 2741 κανὼν
3490 2688 3642 2755 λέγει
3679 2690 3814 2740 καθ’
3836 2689 4034 2740 ἑαυτοῦ

2427 2781 2520 2834 τὸν
2552 2779 2798 2834 τοιοῦτον
2819 2779 2919 2850 τὴν
2955 2780 3112 2849 δίκην
3153 2782 3518 2850 προαγαγεῖν.
3551 2781 3828 2833 (Dahis-rat
3857 2777 3954 2833 οὖν
3975 2783 4037 2832 ει

2428 2874 2626 2927 τούτου
2658 2873 2753 2928 τοῦ
2785 2875 3016 2936 κανόνος
3062 2875 3158 2926 καὶ
3194 2875 3259 2926 ὲκ
3297 2873 3408 2926 τῶν
3468 2876 3752 2941 ἀνωτέρω
3819 2891 4038 2942 panpe-

2432 2967 2736 3020 νευθέντων
2794 2967 2879 3020 ὅτι
2941 2963 3123 3029 ἔξεστι
3171 2964 3249 3034 τῷ
3311 2965 3668 3035 δικαζομινῳ
3719 2969 4036 3034 ἐπισκόπῳ,

2431 3059 2740 3112 ἀδικεῖσθαι
2767 3059 3238 3127 ὑπολαμϐάνοντι,
3271 3060 3464 3128 ζητεῖν
3528 3057 3622 3127 ὑφ’
3659 3059 3884 3128 ἑτέρων
3931 3060 4041 3112 δια-

747 3163 884 3215 alios
911 3173 1091 3213 causa:
1117 3172 1226 3210 sua
1281 3170 1345 3208 ac
1382 3152 1750 3208 damnationis
1795 3150 2108 3219 cognitores
2140 3158 2323 3217 postu-

2433 3152 2856 3222 γνωμονηθῆναι
2884 3151 2983 3222 τὴν
3005 3150 3130 3204 κατ’
3154 3151 3321 3204 αὑτοῦ
3349 3150 3656 3217 ἀπόφασιν.
3698 3152 3815 3203 Καὶ
3840 3153 3870 3202 ὁ
3898 3158 3956 3203 ιε’
3988 3153 4040 3203 δὲ

747 3254 862 3306 lare
893 3269 906 3305 :
942 3249 1196 3320 quamvis
1240 3248 1365 3301 huic
1401 3243 1786 3300 constitutioni
1834 3243 2078 3298 decimus
2108 3241 2332 3308 quintus

747 3347 986 3415 ejusdem
1023 3341 1213 3411 synodi
1241 3353 1414 3392 canon
1448 3350 1757 3406 repugnare
1780 3334 2064 3397 videatur,
2101 3331 2159 3385 Si
2189 3331 2333 3398 quis,

752 3438 1033 3507 inquiens,
1095 3434 1387 3503 episcopus
1434 3431 1740 3497 aliquorum
1808 3426 2094 3480 criminum
2145 3437 2332 3476 coram

748 3527 1003 3584 omnibus
1052 3525 1347 3595 provincia:
1403 3521 1673 3591 epist-opis
1725 3529 2040 3582 accusatus,
2099 3530 2336 3569 consen-

751 3621 1121 3686 tientibusqne
1182 3615 1395 3668 illorum
1457 3611 1729 3677 sullragiis
1781 3611 2071 3662 damnatus
2128 3605 2331 3670 fuerit,

753 3719 799 3768 is
832 3729 898 3768 ne
932 3712 1168 3779 amplius
1195 3710 1264 3762 ab
1300 3707 1421 3761 aliis
1447 3706 1761 3775 judicetur;
1805 3703 1898 3757 sed
1938 3715 2000 3754 ea
2038 3700 2332 3764 sententia,

753 3820 916 3874 quam
955 3801 1366 3856 consentientes
1398 3795 1696 3864 provincia:
1733 3792 1972 3862 episcopi
1998 3790 2192 3853 tulere,
2219 3799 2334 3842 rata

755 3902 1096 3967 permaneat.
1130 3890 1399 3945 Videntur
1427 3903 1578 3956 ergo.
1624 3897 1681 3940 ut
1714 3886 1975 3949 diximus,
2017 3884 2069 3936 lii
2096 3896 2335 3937 canones

752 3995 892 4045 inter
921 4004 979 4043 se
1008 3986 1293 4049 contrarii,
1332 3983 1425 4036 sed
1473 3995 1580 4035 non
1612 3989 1742 4034 sunt
1787 3987 1992 4032 tamen.
2013 3974 2213 4029 Verum
2238 3990 2334 4029 ca—

751 4100 856 4138 non
891 4082 925 4137 4
955 4081 1025 4134 de
1061 4082 1126 4134 iis
1155 4079 1288 4149 agit,
1323 4075 1415 4145 qui
1454 4090 1496 4127 a-
1513 4073 1749 4144 synodo,
1790 4072 1894 4125 hoc
1926 4081 2030 4135 est,
2063 4069 2333 4124 sententia

750 4181 819 4233 ab
850 4176 1126 4246 aliquibus
1145 4171 1438 4243 provinciae
1461 4167 1731 4238 episcopis
1759 4165 1903 4219 inter
1921 4178 1978 4218 se
2002 4166 2335 4218 convenien-

752 4274 894 4326 tibus
927 4268 1302 4339 pronuntiata,
1339 4263 1584 4318 damnati
1615 4259 1855 4320 fuerint;
1888 4258 2250 4327 quamobrem
2281 4265 2337 4310 et

751 4367 823 4427 ei,
856 4367 946 4433 qui
975 4379 1034 4417 se
1061 4362 1259 4428 injuste
1291 4359 1476 4411 laesum
1513 4363 1689 4424 putat,
1722 4354 1788 4406 de
1821 4353 1991 4406 altera
2037 4351 2338 4419 quastione

754 4455 1084 4509 instituenda
1129 4454 1399 4516 integrum
1442 4460 1564 4499 esse
1599 4442 1845 4497 decernit
1882 4459 1897 4497 :
1940 4451 1995 4494 at
2025 4456 2152 4496 vero
2192 4442 2338 4494 deci-

756 4564 876 4603 mus
904 4546 1130 4615 quintus
1182 4556 1356 4594 canon
1392 4539 1460 4592 de
1504 4536 1878 4597 damnatione,
1928 4549 2088 4602 quam
2146 4549 2336 4587 omnes
2368 4511 2414 4568 ι)

754 4640 917 4695 simul
944 4635 1240 4708 provinciae
1270 4628 1510 4701 episcopi
1554 4627 1795 4683 unanimi
1826 4641 2098 4682 consensu
2139 4641 2335 4694 appro-

756 4731 975 4794 bavere,
1009 4740 1095 4782 eat
1124 4722 1529 4792 intelligendus.
1562 4718 1732 4789 igitur
1767 4715 2200 4787 quandocunque
2239 4713 2338 4766 ali-

756 4826 848 4893 qui
873 4838 935 4876 εκ
965 4819 1236 4887 episcopis
1265 4813 1697 4885 provincialibus
1720 4823 2047 4879 quemquam
2080 4807 2340 4860 condem-

759 4914 1030 4976 naverint,
1061 4911 1133 4973 ei,
1163 4911 1252 4976 qui
1277 4910 1569 4960 damnatus
1601 4913 1707 4966 est,
1741 4902 2036 4956 secundam
2075 4899 2140 4954 de
2172 4911 2338 4952 causa

755 5004 1114 5072 qumstiouem
1156 4995 1476 5052 instituendi
1515 4991 1747 5046 facultas
1785 4989 1892 5044 erit
1925 5003 1940 5041 :
1982 4996 2038 5041 at
2077 4986 2121 5040 si
2143 4995 2340 5041 contra

755 5099 992 5164 aliquem
1036 5105 1229 5147 omnes
1262 5087 1503 5156 episcopi
1539 5082 1904 5154 provinciales
1941 5077 2342 5135 consentienti-

759 5194 857 5246 bus
910 5187 1110 5243 aniinis
1159 5183 1481 5253 judicarint,
1528 5177 1799 5249 judicium
1860 5174 1988 5231 illud
2041 5173 2092 5230 ei
2148 5180 2343 5228 contra

755 5300 918 5354 quem
967 5279 1376 5351 pronuntiatum
1415 5283 1522 5338 est,
1569 5274 1626 5325 in
1654 5270 1893 5326 dubium
1932 5282 2191 5323 revocare
2227 5281 2345 5319 am-

761 5382 902 5450 plius
954 5392 1059 5430 non
1114 5372 1331 5436 licebit;
1389 5380 1450 5422 ut
1505 5365 1668 5421 facile
1715 5379 1744 5417 a
1791 5361 2073 5417 contrario
2114 5358 2343 5430 intelligi

758 5481 940 5539 queat,
967 5470 1012 5523 si
1032 5468 1213 5522 minus
1233 5467 1374 5518 inter
1402 5476 1461 5516 se
1495 5462 1560 5514 de
1593 5458 1942 5512 damnatione
1971 5455 2338 5520 consentiant,

756 5562 1003 5632 quamvis
1035 5574 1227 5616 omnes
1257 5558 1417 5611 simul
1448 5551 1834 5617 convenerint,
1861 5560 1992 5605 tunc
2021 5564 2238 5621 quoque
2281 5548 2346 5601 de

759 5657 1028 5711 sententia
1057 5647 1450 5708 damnationis
1481 5645 1841 5704 examinanda
1876 5647 1945 5700 ab
1984 5659 2070 5712 eo,
2103 5643 2197 5713 qui
2246 5640 2344 5696 da-

757 5765 974 5809 mnatus
1021 5762 1137 5819 est,
1183 5750 1351 5820 quaeri
1389 5750 1572 5803 licere.
1623 5747 1700 5801 De
1737 5746 1840 5800 hac
1885 5757 1946 5798 re
2007 5742 2130 5798 vide
2170 5740 2343 5796 etiam

750 5852 945 5913 synodi
979 5849 1138 5916 hujus
1159 5859 1420 5903 canonetn
1444 5843 1715 5901 decimum
1746 5847 2019 5909 quartum.

2435 3244 2643 3314 ταύτης
2696 3243 2798 3312 τῆς
2831 3243 3053 3296 συνόδου
3115 3243 3295 3296 κανὼν
3321 3241 3717 3294 ἐναντιοῦσθαι
3757 3242 3921 3295 δοκεί
3968 3244 4040 3311 τῷ

2437 3337 2673 3407 παρόντι
2696 3337 2907 3400 κανόνι,
2943 3335 3143 3404 λέγων,
3176 3335 3243 3387 Εἰ
3271 3353 3356 3398 τις
3399 3336 3710 3399 ἐπίσκοπος
3741 3338 3842 3389 ὲπί
3886 3354 4039 3389 τισιν

2436 3430 2754 3500 ἐγκλήμασι
2810 3431 3220 3500 κατηγορηθεὶς
3247 3430 3470 3500 κριθείη
3513 3430 3622 3482 ὑπὸ
3665 3431 3902 3483 πάντων
3937 3430 4042 3482 ulla

2437 3525 2496 3576 ὲν
2538 3525 2604 3593 τῇ
2642 3521 2886 3593 ἐπαρχίᾳ
2945 3523 3286 3588 ἐπισκόπων,
3348 3524 3556 3584 πάντες
3613 3539 3677 3573 τε
3739 3522 4042 3591 σύμφωνον

2440 3613 2573 3684 μίαν
2600 3615 2721 3667 κατ’
2753 3614 2922 3668 αὐτοῦ
2961 3615 3306 3683 ὲξενέγκοιεν
3335 3615 3544 3684 ψῆφον,
3570 3614 3769 3668 τοῦτον
3839 3619 4040 3684 μηκέτι

2437 3705 2571 3774 παρ’
2611 3707 2819 3774 ἑτέροις
2847 3705 3194 3768 δικάζεσθαι,
3230 3706 3372 3759 ἀλλὰ
3416 3706 3604 3775 μένειν
3641 3706 3888 3777 βεϐαίαν
3949 3713 4041 3777 τὴν

2439 3798 2735 3866 σύμφωνον
2767 3798 2879 3850 τῶν
2930 3801 3030 3866 τῆς
3062 3798 3342 3868 ἐπαρχίας
3371 3800 3701 3852 ἐπισκόπων
3728 3801 4036 3869 ἀπόφασιν,

2437 3891 2667 3944 Δοκοῦσι
2695 3891 2795 3958 μὲν
2825 3885 2942 3954 οὖν,
2982 3891 3058 3953 ὼς
3109 3889 3347 3960 εἴρηται,
3388 3892 3629 3944 ἐναντίοι
3674 3893 3948 3964 saw“;
3993 3901 4039 3947 οἱ

2440 3986 2670 4047 κανόνες
2704 3977 2872 4046 οὗτοι,
2921 3983 3023 4036 οὐκ
3065 3985 3174 4035 είσὶ
3216 3983 3295 4036 δέ.
3346 3982 3486 4036 Ἀλλ’
3513 3987 3543 4036 ό
3617 3987 3722 4054 μὲν
3773 3989 4039 4056 τέταρτος

2440 4076 2623 4131 κανὼν
2675 4078 2809 4145 περὶ
2849 4077 3370 4146 καταοῷηφισθέντος
3416 4079 3524 4130 ὑπὸ
3569 4080 3808 4132 συνόδου
3849 4091 4038 4151 φησιν,

2438 4171 2609 4239 ἤγουν
2635 4170 2798 4222 τινῶν
2839 4171 3160 4222 ἐπισκόπων
3191 4172 3295 4238 τῆς
3335 4170 3615 4238 ἐπαρχίας
3648 4175 4034 4226 συνελθόντων

2441 4265 2535 4316 καὶ
2567 4264 3034 4333 ἀποφηναμένων,
3067 4263 3148 4315 διὸ
3206 4266 3302 4315 καὶ
3357 4263 3546 4316 δίδωσι
3599 4263 3682 4333 τῷ
3754 4271 4037 4334 νομίζοντι

2440 4357 2751 4409 ἀδικεῖσθαι
2779 4356 2966 4427 ζητεῖν
3008 4358 3104 4408 καὶ
3139 4356 3403 4423 δευτέραν
3458 4357 3747 4420 ἐξέτασιν
3809 4362 3841 4411 6
3886 4362 3944 4411 δὲ
3986 4369 4039 4410 ιε’

2444 4447 2575 4517 περὶ
2621 4448 2807 4517 ψήφου
2871 4449 3006 4516 φησι
3071 4448 3229 4518 παρὰ
3289 4449 3514 4501 πάντων
3571 4447 3718 4518 ὁμοῦ
3791 4451 3909 4502 τῶν
3950 4454 4040 4519 τῆς

2442 4541 2717 4610 ἐπαρχίας
2816 4540 3136 4594 ἐπισκόπων
3240 4539 3549 4609 συμφώνως
3627 4541 4035 4612 ἐξενεχθεεσης.

2443 4637 2609 4689 Ὥστε
2664 4635 2756 4687 ὅτε
2801 4635 2902 4704 μέν
2945 4651 3092 4698 τινες
3153 4636 3265 4688 τῶν
3303 4635 3678 4703 ὲπαρχιωτῶν
3717 4639 4040 4688 ὲπισκοπων

2440 4729 2585 4782 κατά
2635 4745 2783 4790 τινος
2827 4731 3250 4798 ἁποφήνωνται,
3299 4727 3596 4797 δυνήσεται
3660 4731 3692 4780 ό
3741 4732 4040 4783 καταδια-

2444 4818 2633 4885 σθεὶς,
2678 4818 2774 4871 καὶ
2825 4823 2905 4882 είς
2965 4818 3227 4890 δευτέραν
3277 4819 3507 4888 ζήτησιν
3553 4819 3654 4888 τὴν
3704 4819 3871 4890 δίκην
3921 4839 4040 4872 κατ·

2441 4916 2694 4982 αγαγεῖνο
2717 4915 2808 4967 ὅτε
2839 4914 2896 4967 δὲ
2929 4915 2979 4966 ol
3025 4915 3125 4985 τῆς
3157 4913 3430 4984 ἐπαρχίας
3477 4914 3686 4976 πάντες
3749 4917 4036 4967 ἐπίσκοποι

2443 5007 2590 5061 κατά
2620 5023 2768 5070 τινος
2789 5007 3680 5077 όμογνωμονήσαντεςςὰπόφασιν
3743 5009 4036 5077 ποιήσουσι

2449 5101 2771 5172 σύμφωνον,
2850 5100 3038 5153 οὐκέτι
3089 5099 3169 5168 τῷ
3225 5097 3696 5153 καταδικασθέντι
3757 5100 4036 5170 δοθήσεται

2445 5196 2602 5250 ἄδεια
2631 5196 2736 5266 τὴν
2764 5192 2947 5265 ψῆφον
2976 5191 3199 5264 ἐκείνην
3237 5191 3626 5245 ἁναπαλαίειν·
3663 5191 3748 5254 ὡς
3792 5193 3857 5256 ἐξ
3901 5210 4035 5244 αντι-

2446 5285 2734 5358 διαστολῆς
2766 5285 3011 5338 νοεῖσθαι
3046 5287 3130 5338 ὅτι
3153 5283 3257 5338 κᾶν
3295 5286 3504 5347 πάντες
3539 5284 3890 5348 συνέλθοιεν,
3949 5288 4032 5353 οὐχ

2447 5379 2850 5450 όμοφωνήσωσι
2881 5377 2940 5431 δὲ
2977 5375 3233 5448 ἀλλήλοις
3267 5377 3396 5446 περὶ
3423 5377 3525 5446 τὴν
3563 5378 3775 5446 φῆφον,
3821 5379 4031 5441 ἐξέσται

2450 5473 2546 5525 καὶ
2577 5471 2700 5524 τότε
2742 5469 2822 5540 τῷ
2861 5469 3350 5541 καταδικαζομένῳ
3375 5471 3572 5540 ζητεῖν
3617 5476 3724 5541 τὴν
3785 5471 3913 5524 κατ’
3951 5472 4031 5521 αὖ·

2448 5563 2543 5618 τοῦ
2602 5561 2914 5633 τηρηθῆναι
2958 5564 3265 5632 ἀπόφασινο
3314 5563 3414 5616 καὶ
3463 5563 3606 5633 ’περὶ
3658 5562 3871 5614 τυύτου
3918 5561 4030 5615 ἀνέ-

2449 5659 2619 5728 γνωθι
2647 5662 2742 5715 καὶ
2773 5660 2864 5714 τὸν
2890 5658 2954 5714 ιδ’
2993 5658 3202 5714 κανόνα
3228 5655 3440 5729 ταύτης
3467 5661 3568 5730 τῆς
3620 5658 3877 5714 συνόδου.
