4164 6426
150 442 288 504 1293

1212 438 1292 497 IN
1334 437 1492 497 CAN.
1534 440 1579 499 V
1620 437 1827 497 CONC.
1870 439 1923 496 ΙΙ
1960 438 2306 498 ANTIOCH.

3270 438 3404 499 ιεοι

146 557 376 613 ΑΡιΣΐ.
420 574 438 608 ε
486 556 546 609 Ὀ
577 552 683 607 ὑπὸ
721 554 941 606 συνόδου
992 552 1369 621 καθῃρημένος
1406 551 1726 615 ἐπίσκοπος,

1835 552 2058 606 ARIST.
2108 571 2125 602 ι
2166 554 2461 623 Episcopus
2496 569 2523 605 a
2552 554 2756 621 synodo
2792 553 3102 622 depositus,
3158 554 3202 608 si
3243 568 3401 610 sacra

216 669 237 702 ι
279 654 328 703 εί
388 648 849 716 αύθαδιαζὸμενος
934 646 1330 716 λειτουργήσει,
1407 643 1482 713 μὴ
1558 644 1729 712 ἐχέτω

220 758 239 791 ε
279 739 632 792 κατάστασιν.
680 754 699 788 ι

228 832 290 884 '0
350 831 450 901 μὲν
509 828 691 881 κανὼν
744 822 897 890 οὗτος
932 827 1210 895 ἐμφαίνει,
1252 828 1515 890 ὡσαύτως
1559 826 1655 878 καὶ
1701 827 1730 877 ὁ

146 925 451 985 δωδέκατος
486 920 691 986 κανὼν,
727 920 990 972 δύνασθαι
1022 919 1113 972 τὸν
1148 919 1253 972 ὑπὸ
1280 920 1501 973 συνόδου
1534 918 1729 971 καθαι-

152 1013 385 1083 ρεθέντα
413 1012 716 1063 ἐπίσκοπον
748 1008 1123 1071 ἐκκαλεῖσθαι,
1156 1008 1252 1061 καὶ
1282 1010 1381 1078 τὴν
1408 1010 1530 1061 κατ’
1560 1006 1728 1061 αὑτοῦ

146 1106 353 1172 ψῆφον,
388 1106 434 1155 εί
466 1102 651 1163 κακῶς
679 1102 925 1169 γέγονεν,
956 1100 1045 1169 ὑφ’
1077 1100 1270 1171 ἐτέρας
1305 1100 1555 1171 μείζονος
1578 1102 1727 1170 amp-

146 1192 376 1246 θοῦσθαι
406 1192 627 1245 συνόδου
650 1206 664 1221 ⁸
696 1194 744 1244 εί
771 1193 846 1262 μή
874 1209 976 1245 που
1002 1195 1029 1245 δ
1056 1191 1405 1262 καθαιρεθεὶς
1428 1193 1729 1255 ἐπίσκοπος

145 1284 273 1336 κατ’
308 1284 519 1336 οἰκείαν
575 1283 871 1337 αὐθάδειαν
929 1284 1036 1353 πρὸ
1077 1284 1421 1355 διορθώσεως
1469 1284 1567 1353 τῆς
1610 1283 1728 1335 κατ’

145 1375 315 1427 αὑτοῦ
348 1375 679 1444 ἀποφάσεως
701 1375 993 1444 τολμήσειε
1024 1376 1384 1447 λειτουργεῖν.
1412 1377 1729 1445 Τηνικαῦτα

142 1468 279 1535 γὰρ,
312 1467 432 1519 οὐδὲ
463 1469 513 1519 εί
553 1468 740 1529 κακῶς
778 1467 929 1533 λέγει
978 1468 1394 1539 καθαιρεθῆναι,
1448 1469 1728 1521 ἀποκατάο

146 1575 342 1610 στασιν
386 1557 522 1621 ἕξει,
572 1559 604 1627 ἢ
654 1557 839 1628 χώραν
891 1559 1188 1628 ἀπολογίας
1220 1558 1504 1629 δευτέρας.
1564 1560 1624 1611 Ὀ
1674 1559 1731 1612 δέ

144 1646 644 1709 πεντεκαιδέκατος
681 1646 861 1701 κανὼν
888 1648 989 1717 τῆς
1042 1649 1263 1701 συνόδου
1294 1650 1499 1719 ταύτης
1529 1649 1729 1720 φάσκει

142 1738 239 1789 τὸν
266 1739 370 1790 ὑπὸ
394 1738 613 1790 πάντων
633 1739 743 1791 τῶν
765 1741 822 1790 ἐν
842 1743 908 1809 τῇ
936 1742 1177 1811 ἐπαρχίᾳ
1198 1742 1515 1795 ἐπισκόπων
1537 1742 1731 1794 καθαι·

146 1830 379 1899 ρεθέντα
407 1831 605 1899 μηκέτι
631 1830 894 1886 δύνασθαι
916 1833 1292 1897 ἐκκαλεῖσθαι,
1318 1833 1455 1887 ἀλλά
1479 1834 1578 1905 τὴν
1594 1832 1728 1887 ’κατ’

1911 662 1928 694 r
1966 645 2243 698 celebrare
2274 659 2441 698 ausus
2468 645 2650 709 fuerit,
2674 644 2927 699 redeundi
2951 654 3272 715 potestatem
3298 662 3404 702 non

1910 751 1928 783 ε
1966 732 2184 788 habeat.
2211 751 2229 785 ι

1901 824 2001 879 Hic
2050 827 2264 894 quidem
2318 840 2492 880 canon
2522 864 2536 886 .
2594 834 2653 880 ut
2706 835 2760 880 et
2811 840 2987 881 canon
3029 827 3406 892 duodecimus,

1829 917 2070 972 ostendit
2101 918 2416 987 episcopum
2455 932 2483 970 a
2514 920 2721 988 synodo
2746 919 3054 987 depositum
3084 934 3248 988 posse
3284 934 3409 987 pro-

1832 1022 2050 1070 vocare,
2089 1015 2143 1059 et
2172 1006 2498 1061 sententiam
2532 1015 2721 1059 contra
2766 1021 2825 1061 se
2860 1006 3021 1060 latam
3045 1046 3060 1071 ,
3121 1007 3164 1059 si
3212 1006 3411 1073 injuste

1832 1096 1971 1151 facta
2010 1096 2132 1161 fuit,
2165 1096 2232 1149 ab
2266 1096 2437 1149 altera
2476 1094 2668 1163 majori
2715 1094 3006 1147 emendare
3035 1093 3267 1163 synodo,
3307 1091 3411 1146 nisi

1832 1188 2054 1242 forsitan
2100 1188 2388 1256 episc0pus
2433 1188 2526 1254 qni
2579 1188 2869 1252 deponitur
2906 1200 3002 1253 per
3040 1184 3410 1253 arrogantiam

1832 1294 1986 1334 suam
2022 1290 2149 1333 ante
2192 1280 2479 1333 sententia:
2518 1288 2706 1333 c0ntra
2747 1294 2804 1332 se
2850 1278 2973 1332 lata:
3010 1279 3409 1333 correctionem

1832 1386 1987 1425 sacra
2024 1374 2204 1425 facere
2238 1387 2401 1426 ausus
2431 1371 2618 1426 fuerit.
2661 1369 2818 1426 Tunc
2861 1371 3005 1425 enim
3066 1383 3244 1437 neque
3286 1369 3412 1422 licet

1833 1465 2035 1534 injuste
2063 1478 2121 1517 se
2153 1464 2344 1532 deponi
2387 1464 2539 1525 dicit,
2578 1464 2981 1517 restitutionem
3019 1461 3273 1524 habebit,
3312 1475 3412 1515 nec

1832 1556 2084 1612 secunda:
2115 1554 2378 1625 apologiae
2398 1554 2598 1608 locum.
2626 1556 2693 1609 At
2719 1556 2962 1609 decimus
2990 1555 3217 1624 quintus
3250 1554 3413 1622 bnjus

1833 1648 2021 1717 synodi
2045 1662 2220 1702 canon
2253 1648 2364 1711 ait,
2398 1662 2520 1700 eum
2556 1647 2648 1715 qui
2677 1648 2744 1700 ab
2770 1645 3021 1699 omnibus
3058 1647 3109 1699 in
3135 1645 3411 1712 provincia

1832 1741 2109 1811 episcopis
2158 1740 2450 1810 deponitur
2502 1749 2686 1807 postea
2734 1753 3032 1808 provocare
3078 1753 3184 1792 non
3229 1752 3410 1806 posse,

1833 1833 1924 1887 sed
1956 1833 2275 1887 sententiam
2298 1841 2489 1886 contra
2509 1846 2630 1886 eum
2650 1831 2812 1886 latam
2843 1832 3052 1884 ﬁrmam
3081 1844 3321 1884 manere.
3347 1830 3413 1881 At

142 1921 320 1973 αὑτοῦ
356 1922 635 1988 ἀπόφασιν
667 1923 850 1990 μένειν
884 1921 1131 1992 βεϐαίαν.
1184 1925 1242 1977 Ὀ
1268 1924 1324 1977 δὲ
1366 1926 1464 1992 τῆς
1494 1924 1551 1976 ἐν
1587 1926 1728 1995 Σαρ-

1835 1924 2023 1990 synodi
2065 1922 2409 1977 Sardicensis
2452 1931 2682 1991 quartus
2743 1929 2796 1974 et
2840 1921 3067 1989 quintus
3111 1934 3284 1973 canon
3351 1918 3415 1971 lio

140 2011 271 2081 δικῇ
313 2011 533 2064 συνόδου
578 2014 840 2083 τέταρτος
892 2015 986 2065 καὶ
1018 2015 1267 2085 πέμπτος
1326 2016 1511 2067 κανὼν
1543 2016 1729 2068 ἄδειαν

141 2101 335 2154 δίδωσι
375 2102 453 2171 τῷ
489 2102 593 2155 ὑπὸ
638 2104 860 2161 πάντων
888 2104 998 2157 τῶν
1024 2106 1389 2175 ἐπαρχιωτῶν
1414 2108 1729 2160 ἐπισκόπων

142 2192 537 2261 καθαιρεθέντι
598 2195 890 2264 ἐπισκόπῳ
922 2195 1301 2258 ἐκκαλεῖσθαι,
1351 2198 1443 2250 καὶ
1497 2196 1602 2249 ὑπὸ
1638 2196 1730 2249 τὸν

144 2283 570 2353 μακαριώτατον
590 2286 685 2355 τῆς
725 2284 1016 2355 Ῥωμαίων
1063 2287 1395 2356 Ἐκκλησίας
1428 2288 1729 2341 ἐπίσκοπον

141 2377 522 2444 καταφεύγειν
589 2378 686 2431 καὶ
742 2380 880 2449 μηδέ
930 2381 1009 2443 είς
1052 2382 1153 2449 τὴν
1196 2382 1507 2449 ἐπισκοπὴν
1562 2380 1729 2434 αὑτοῦ

139 2465 485 2537 ψηφίζεσθαι
540 2467 752 2538 ἕτερον,
814 2470 1011 2540 μέχρις
1061 2470 1128 2524 ἂν
1183 2470 1213 2522 ὀ
1273 2474 1374 2540 τῆς
1440 2470 1730 2539 Ῥωμαίων

143 2558 451 2620 ἐπίσκοπος
496 2559 565 2611 τά
600 2560 697 2628 τῆς
740 2560 1071 2626 ἀποφάσεως
1100 2561 1353 2631 ἐξετάσῃ,
1392 2564 1485 2614 καὶ
1519 2561 1731 2613 τελείαν

144 2651 454 2719 ποιήσηται
493 2650 594 2720 τὴν
627 2651 953 2720 διάγνωσιν·
984 2653 1077 2705 καὶ
1108 2651 1257 2704 ἐστιν
1304 2654 1337 2722 ὴ
1364 2653 1558 2723 γνώμη
1590 2652 1729 2721 αὕτη

140 2741 467 2813 δικαιοτέρα
498 2742 596 2795 καὶ
631 2742 1144 2815 φιλανθρωποτέρα,
1191 2745 1288 2798 καὶ
1319 2742 1605 2814 κρατοῦσα
1636 2742 1731 2796 καὶ

140 2833 266 2887 νῦν.

754 2929 998 2981 ΚΑΝΩΝ
1054 2930 1129 2984 Ε’.

148 3037 172 3071 ε
227 3019 291 3071 Εἴ
316 3036 401 3081 τις
444 3018 819 3091 πρεσϐύτερος
878 3020 909 3090 ἢ
972 3019 1242 3085 διάκονος,
1304 3036 1730 3091 καταφρονησας

222 3129 241 3160 4
287 3112 383 3164 τοῦ
418 3113 723 3165 ἐπισκόπου
756 3111 851 3165 τοῦ
888 3112 1044 3177 ἰδίου,
1084 3111 1363 3181 ἀφώρισεν
1394 3114 1589 3166 ἑαυτὸν
1629 3113 1731 3183 τῆς

227 3220 245 3253 ι
302 3202 655 3272 Ἐκκλησίας,
690 3202 785 3256 καὶ
822 3202 927 3273 ίδίᾳ
969 3204 1271 3272 συνήγαγε,
1308 3205 1403 3256 καὶ
1435 3203 1731 3275 θυσιαστήο

226 3311 245 3343 ι
298 3309 411 3361 ριον
464 3290 656 3362 ἔπηξε,
703 3291 795 3344 καὶ
840 3292 935 3343 τοῦ
987 3293 1291 3346 ἐπισκόπου
1347 3294 1729 3361 προσκαλεσα-

219 3403 236 3434 ι
288 3386 452 3452 μένου
486 3383 765 3452 ἀπειθοίη,
800 3386 893 3435 καὶ
940 3382 1017 3452 μὴ
1069 3382 1315 3452 βούλοιτο
1347 3382 1499 3453 αύτῷ
1544 3384 1731 3436 πείθε-

222 3494 242 3527 ι
294 3476 435 3539 σθαι,
484 3475 619 3544 μηδὲ
670 3476 937 3527 ὑπακούοι
964 3475 1058 3527 καὶ
1088 3475 1306 3545 πρῶτον
1340 3478 1434 3528 καὶ
1480 3476 1733 3547 δεύτερον

228 3589 245 3619 ι
288 3568 567 3631 καλοῦντι,
621 3566 811 3620 τοῦτον
838 3566 1252 3638 ,καθαιρεῖσθαι
1300 3568 1604 3636 παντελῶς,
1638 3571 1733 3624 καὶ

230 3680 247 3713 ι
300 3662 495 3731 μηκέτι
548 3659 847 3730 θεραπείας
898 3661 1215 3729 τυγχάνειν,
1280 3662 1418 3731 μήτε
1466 3660 1731 3716 δύνασθαι

228 3774 246 3805 ι
288 3756 588 3823 ὶαμὸἀνειν
628 3756 726 3825 τὴν
781 3754 975 3805 ἑαυτοῦ
1006 3755 1201 3823 τιμήν.
1237 3754 1299 3805 Et
1328 3755 1386 3807 δὲ
1417 3755 1732 3822 παραμένοι

220 3865 239 3898 ί
284 3846 531 3917 θορυϐῶν
554 3846 646 3899 καὶ
667 3843 987 3897 ἀναστατῶν
1006 3847 1106 3913 τὴν
1149 3844 1501 3913 Ἐκκλησίαν,
1524 3845 1609 3897 διά
1636 3845 1732 3913 τῆς

224 3960 243 3991 ι
292 3939 491 4003 ἔξωθεν
541 3937 792 4003 ἐξουσίας
838 3936 912 3999 ὡς
963 3937 1238 4005 στασιώδη
1271 3938 1434 3990 αὑτὸν
1475 3940 1733 4008 ἐπιστρὲ-

220 4050 236 4083 t
283 4031 498 4099 φεσθαι.
537 4047 556 4081 ι
1504 4080 1509 4085 .

232 4126 432 4177 ΒΑΛΣ.
470 4124 550 4176 Τά
584 4123 723 4176 αὐτὰ
762 4123 840 4195 τῷ
872 4123 1224 4195 ἀποστολικῷ
1246 4124 1325 4177 λα’
1360 4126 1544 4178 κανόνι
1571 4126 1665 4178 καὶ
1705 4128 1733 4178 ὁ

149 4216 349 4287 παρὼν
408 4214 591 4269 κανὼν
637 4216 969 4286 διορίζεται·
1006 4216 1102 4269 καὶ
1140 4216 1375 4288 ἀρκοῦσι
1426 4218 1497 4270 τά
1550 4218 1731 4270 ἐκεῖσε

141 4308 459 4378 γραφέντα.
506 4306 847 4377 Προστίθησι
881 4305 937 4358 δὲ
968 4306 1097 4369 τους
1128 4305 1495 4376 θορυϐοῦντας
1528 4306 1621 4359 καὶ
1657 4307 1731 4377 μὴ

140 4401 493 4471 ἐμμένοντας
544 4402 611 4470 τῇ
648 4400 768 4452 κατ’
822 4399 1006 4453 αὐτῶν
1032 4400 1332 4468 ἀποφάσει,
1364 4398 1573 4451 ἐντελεῖ
1595 4399 1733 4452 πάν-

1832 2014 2065 2068 centiam
2098 2013 2367 2067 dederunt
2391 2013 2647 2082 episcopo
2682 2011 2772 2080 qui
2809 2010 2877 2065 ab
2900 2010 3155 2065 omnibus
3192 2010 3411 2078 provin-

1834 2106 2064 2161 cialibus
2102 2106 2391 2174 deponitur
2417 2106 2693 2175 episc0pis
2741 2118 3065 2173 provocare,
3107 2112 3167 2157 et
3193 2105 3260 2156 ad
3288 2101 3414 2156 bea-

1837 2200 2104 2251 tissimum
2136 2197 2390 2251 Ecclesia:
2432 2195 2694 2250 Romana:
2730 2196 3047 2265 episcopum
3092 2195 3411 2263 confugere,

1837 2306 1935 2344 nec
1962 2296 2014 2343 in
2044 2290 2419 2358 episc0patum
2450 2288 2567 2358 ejus
2598 2289 2766 2343 alium
2796 2272 2933 2358 elegi
2955 2292 3279 2359 priusquam
3305 2287 3416 2341 Βοι-

1836 2397 2119 2436 manorum
2174 2383 2460 2451 episcopus
2490 2382 2817 2434 sententiam
2886 2380 3307 2444 examinaverit,
3364 2389 3418 2433 et

1834 2475 2113 2530 decretum
2148 2474 2595 2539 conﬁrmaverit;
2631 2482 2685 2528 et
2727 2473 2842 2527 ltth
2885 2470 3104 2543 quidem
3145 2472 3414 2525 sententia

1829 2565 2028 2633 jnstior
2106 2572 2163 2617 et
2235 2563 2522 2617 humanior
2570 2573 2694 2625 est,
2742 2570 2798 2615 ct
2844 2576 2991 2615 nunc
3049 2560 3221 2614 etiam
3276 2560 3417 2613 obti-

1836 2664 1941 2706 net.

2325 2923 2495 2995 433
2527 2922 2755 2979 CANON
2801 2923 2866 2978 v.

1846 3033 1863 3065 ι
1896 3014 1950 3070 Si
1978 3015 2097 3084 quis
2121 3025 2419 3085 prcsnyter,
2446 3017 2526 3070 vel
2546 3016 2831 3081 diaconus,
2862 3015 3084 3085 proprio
3106 3023 3421 3083 contempto

1915 3126 1933 3160 ι
1976 3110 2255 3177 episcopo,
2290 3110 2357 3161 ab
2389 3108 2629 3161 Ecclesia
2661 3108 2900 3177 scipsum
2931 3107 3299 3177 segregaverit
3323 3148 3338 3172 ,
3369 3120 3420 3158 ct

1918 3219 1935 3251 ε
1982 3202 2233 3269 privatim
2286 3202 2766 3271 congregationem
2812 3199 3092 3264 eﬂ‘ecerit,
3137 3211 3192 3255 et
3249 3200 3423 3254 altare

1918 3311 1936 3343 ε
1985 3293 2184 3358 ﬁxerit,
2225 3302 2280 3347 et
2312 3296 2569 3362 episcopo
2608 3304 2925 3348 accersente
2968 3309 3072 3347 non
3109 3292 3375 3346 obedierit
3406 3333 3420 3353 ,

1911 3403 1928 3433 ‹
1975 3398 2073 3437 nec
2106 3382 2240 3435 velit
2266 3384 2313 3435 ci
2343 3397 2556 3452 parere,
2604 3398 2701 3437 nec
2736 3398 2939 3437 morem
2973 3384 3204 3455 gesserit
3246 3384 3421 3451 prium

1917 3495 1935 3527 r
1973 3486 2026 3531 et
2055 3479 2297 3531 secundo
2338 3478 2589 3542 vocanti;
2660 3478 2703 3531 is
2744 3478 2969 3531 omnino
3009 3478 3317 3545 deponitur,
3370 3490 3424 3530 et

1914 3584 1934 3619 ε
1976 3582 2082 3620 non
2131 3568 2364 3635 amplius
2409 3568 2755 3622 curationem
2812 3568 3075 3636 assequi,
3124 3583 3226 3622 nec
3265 3584 3422 3623 suum

1910 3678 1927 3711 ι
1969 3660 2141 3729 possit
2182 3659 2443 3713 honorem
2494 3675 2713 3729 capere.
2772 3660 2829 3715 Si
2879 3672 3061 3715 autem
3109 3674 3426 3730 perseveret

1916 3770 1934 3802 ι
1978 3752 2168 3806 turbas
2203 3749 2261 3804 et
2300 3750 2623 3805 seditionem
2664 3752 2717 3805 in
2764 3752 3004 3807 Ecclesia
3049 3755 3346 3817 concitare,
3382 3755 3424 3807 is

1913 3863 1930 3895 ι
1972 3858 2067 3913 per
2112 3853 2395 3897 externam
2422 3843 2720 3912 potentiam
2759 3854 2818 3897 ut
2852 3844 3148 3899 seditiosus
3190 3846 3424 3913 castige-

1912 3958 1933 3990 ε
1970 3948 2076 3993 tur.

1909 4125 2106 4180 BALS.
2163 4124 2367 4179 Eadem
2420 4140 2545 4179 cum
2604 4139 2814 4179 canone
2875 4126 3176 4192 apostolico
3218 4127 3279 4180 5|
3336 4129 3426 4182 hic

1840 4232 2082 4287 praesens
2114 4231 2286 4269 canon
2317 4216 2595 4280 decernit;
2625 4224 2677 4268 et
2712 4212 2987 4269 sufﬁciunt
3008 4232 3128 4285 quae
3149 4217 3259 4271 illic
3290 4219 3428 4272 scri-

1836 4320 1928 4377 pta
1958 4319 2108 4363 sunt.
2142 4307 2345 4376 Adjicit
2368 4317 2572 4373 autem,
2604 4316 2663 4361 ut
2695 4318 2750 4361 et
2780 4308 2873 4378 qui
2919 4309 3108 4364 turbas
3154 4310 3423 4378 excitant,

1834 4413 1891 4457 et
1934 4402 2513 4471 sententiae,adversus
2553 4417 2650 4458 eos
2682 4401 2839 4467 latzn,
2874 4417 2995 4472 qua
3039 4404 3260 4472 quidem
3298 4421 3425 4473 per-

140 4512 257 4555 τως
318 4492 477 4564 οὔσῃ,
544 4494 697 4563 παρά
754 4492 853 4561 τῆς
909 4490 1240 4561 ἀρχοντικῆς
1292 4490 1542 4555 ἐξουσίας
1603 4507 1728 4544 παι·-

1836 4494 1978 4550 l'ecta
2036 4502 2143 4559 est,
2201 4509 2309 4547 non
2359 4504 2529 4559 stant,
2565 4509 2660 4563 per
2706 4496 2945 4549 civilium
3000 4498 3422 4567 magistratuum

136 4586 418 4640 δεύεσθαι.
444 4586 603 4637 Ὥστε
620 4585 926 4655 σημείωσαι
950 4584 1057 4637 ἀπὸ
1078 4583 1169 4636 τοῦ
1194 4585 1461 4654 παρόντος
1483 4583 1726 4647 κανόνος,

1838 4598 2159 4656 potestatem
2208 4586 2571 4656 corrigantur.
2636 4585 2821 4653 Quare
2869 4599 2996 4643 nota
3036 4606 3107 4645 ex
3174 4593 3423 4659 praesenti

137 4678 341 4747 ὣσπερ
388 4679 482 4731 καὶ
525 4677 633 4730 ἀπὸ
662 4676 759 4729 τοῦ
792 4676 835 4729 θ’
876 4676 1103 4739 κανόνος
1128 4676 1225 4746 τῆς
1258 4679 1316 4732 ἐν
1349 4676 1426 4746 τῷ
1467 4675 1579 4743 ναῷ
1618 4675 1727 4727 τῶν

1835 4696 2048 4736 canone
2078 4681 2220 4735 sicut
2247 4680 2411 4735 etiam
2444 4696 2509 4735 ex
2549 4694 2763 4735 canone
2790 4680 2827 4734 9
2854 4682 3048 4752 synodi
3080 4698 3204 4753 qua:
3239 4685 3425 4739 babita

154 4769 362 4836 ’Δγίων
398 4768 738 4823 Ἀποστόλων
762 4767 1037 4837 συστάσης
1063 4767 1308 4830 συνόδου,
1333 4767 1415 4821 ὅτι
1440 4768 1724 4835 ἐπιτιμᾷν,

140 4864 211 4915 οὐ
264 4863 368 4933 μὴν
426 4860 741 4932 βασανίζειν
796 4860 843 4913 oi
902 4860 1196 4913 ἐπίσκοποι
1248 4860 1373 4922 τοὺς
1430 4859 1726 4921 πταίοντας

137 4957 445 5025 ὀφείλουσι.
476 4956 571 5027 Μὴ
604 4955 968 5024 πειθομέναις
1021 4953 1130 5022 γὰρ
1177 4952 1569 5021 παραδώσουσι
1598 4953 1725 5015 ,τοῖς

138 5053 399 5120 ἄρχουσι.
421 5050 586 5119 Ζήτει
621 5052 720 5117 τῆς
746 5050 802 5101 ἐν
839 5047 1176 5119 Καρθαγένῃ
1206 5047 1429 5100 συνόδου
1455 5046 1652 5100 κανόνα
1673 5046 1726 5112 ι’,

141 5143 366 5198 συνόδου
414 5140 467 5206 ς’
523 5143 728 5195 κανόνα
756 5139 860 5206 λα’,
910 5141 1008 5193 καὶ
1052 5138 1271 5192 συνόδου
1324 5145 1372 5193 α’
1405 5139 1502 5191 καὶ
1534 5137 1578 5208 β’
1625 5155 1727 5191 κα-

138 5239 275 5291 νόνα
309 5235 398 5305 ιβ’,
436 5234 529 5303 ιγ’,
564 5232 626 5287 ιδ’
656 5233 749 5287 καὶ
782 5238 863 5287 ιε’.
899 5233 1184 5303 Σκόπησον
1234 5227 1326 5285 οὖν
1373 5232 1573 5303 μήπως
1618 5231 1728 5285 ἀπὸ

137 5330 241 5383 τοῦ
278 5332 545 5401 παρόντος
577 5329 803 5392 κανόνος
847 5328 942 5380 καὶ
986 5326 1037 5379 οι
1086 5326 1175 5397 διά
1204 5325 1661 5396 πλαστογραφίαν
1694 5324 1726 5394 ἢ

139 5422 478 5479 καθοσίωσιν
534 5422 567 5492 ἢ
605 5418 913 5491 ἱεροσυλίαν
944 5418 976 5488 ἦ
1024 5418 1362 5488 δογματικὴν
1394 5419 1654 5472 ὑπόθεσιν
1693 5417 1725 5489 ἢ

137 5515 313 5585 ἄλλην
343 5512 601 5583 τοιαύτην
627 5511 813 5565 αἰτίαν
862 5510 985 5564 τινὰ
1029 5511 1483 5582 καθαιρούμενα,
1524 5513 1617 5565 καὶ
1650 5512 1728 5581 μὴ

141 5607 464 5677 πειθόμενοι
499 5604 793 5677 ἐξαγορίαν
847 5601 1097 5675 καθαρὰν
1144 5605 1395 5673 ποιῆσαι,
1448 5604 1544 5656 καὶ
1596 5604 1728 5675 περὶ

138 5700 255 5754 τῶν
283 5699 618 5770 συνιστόρων
646 5697 1011 5769 ὁμολογῆσαι,
1060 5696 1449 5765 βασανίζονται
1481 5696 1587 5749 ὑπὸ
1617 5697 1728 5751 τῶν

146 5792 454 5849 πολιτικῶν
501 5790 805 5863 ἀρχόντων.
858 5787 1094 5859 Εῐδομεν
1124 5789 1235 5861 γὰρ
1266 5788 1541 5860 διαφόρως
1567 5788 1727 5845 τοῦτο

138 5895 269 5963 γενό
276 5907 339 5964 με
348 5906 454 5947 νον.

1837 4784 1919 4830 est
1971 4776 2025 4829 in
2088 4775 2203 4829 atde
2265 4772 2683 4841 Apostolorum,
2738 4776 2881 4843 quod
2934 4776 3167 4831 multare
3221 4777 3423 4832 debent

1838 4868 2078 4938 episcopi
2108 4868 2525 4937 delinquentes,
2562 4881 2665 4920 non
2700 4878 2879 4919 autem
2915 4882 3013 4923 eos
3055 4878 3334 4938 torquere.
3370 4871 3423 4925 Si

1834 4962 1981 5015 enim
2013 4975 2119 5015 non
2156 4967 2404 5029 pareant,
2438 4960 2658 5013 tradent
2698 4958 2951 5014 civilibus
2988 4961 3423 5031 magistratibus.

1842 5050 1986 5119 Lege
2010 5059 2064 5103 ct
2088 5049 2541 5119 Carthaginensis
2573 5052 2760 5120 synodi
2790 5067 3056 5107 canonem
3092 5052 3180 5118 10,
3230 5058 3422 5127 synodi

1838 5152 2009 5199 sexta:
2034 5158 2301 5197 canoncm
2341 5142 2400 5196 5|
2432 5151 2486 5197 et
2514 5144 2705 5213 synodi
2740 5146 2929 5214 prima:
2959 5155 3013 5201 et
3044 5150 3295 5203 secunda:
3331 5165 3425 5205 ca-

1834 5248 2009 5287 nones
2060 5233 2147 5299 li,
2191 5234 2279 5299 t5,
2329 5234 2397 5288 Η
2427 5243 2482 5288 ει
2512 5234 2599 5288 15.
2640 5235 2940 5291 Considera
2970 5252 3121 5308 ergo,
3157 5245 3424 5309 numquid

1838 5328 2006 5383 etiam
2050 5343 2116 5381 ex
2149 5327 2404 5396 praesenti
2449 5343 2656 5383 canone
2695 5330 2761 5395 2,
2808 5332 2897 5398 qui
2932 5341 3156 5401 prapler
3184 5333 3303 5388 falsi
3344 5338 3427 5389 vel

1839 5418 1979 5473 laesse
2029 5418 2327 5487 majestatis
2367 5420 2447 5472 vel
2493 5422 2764 5491 sacrilegii
2801 5423 3028 5489 crimen,
3074 5426 3155 5479 vel
3197 5442 3421 5481 causam

1837 5514 1901 5565 ad
1963 5512 2240 5583 religionis
2298 5512 2518 5567 decreta
2572 5516 2984 5583 pertinentem,
3038 5518 3121 5571 vel
3178 5519 3417 5588 aliquam

1834 5606 2102 5673 ejusmodi
2135 5621 2387 5671 causam,
2415 5608 2789 5673 deponuntur,
2823 5625 2920 5664 nec
2956 5626 3089 5679 pure
3134 5613 3315 5685 eloqui
3362 5631 3424 5669 ac

1837 5698 2084 5769 proferre
2112 5708 2166 5753 et
2197 5700 2264 5752 de
2313 5701 2547 5755 consciis
2596 5700 2755 5756 fateri
2785 5705 3207 5773 persuadeatur,
3234 5722 3261 5759 a
3294 5709 3427 5763 civi-

1836 5794 1978 5848 libus
2041 5793 2449 5862 magistratibus
2510 5796 2685 5864 pmnis
2748 5795 3138 5867 subjiciuntur.
3204 5798 3424 5854 Scimus

1835 5888 1979 5943 enim
2020 5887 2119 5941 hoc
2147 5888 2294 5942 varie
2324 5887 2471 5942 ﬁeri.
2550 5932 2555 5937 .
