4164 6426
725 379 863 442 1295
1982 378 2253 439 ΤΗΕΟΙ).
2302 376 2369 437 B.‘

2334 376 2695 437 MLSAMUN
3845 371 3978 435 1296

791 492 1041 547 ZONAR.
1092 494 1289 551 Eadem
1356 508 1480 549 cum
1540 505 1856 550 sanctorum
1910 494 2277 563 apostolorum
2315 502 2362 554 Α

2336 502 2362 553 L
2459 491 2697 548 ΖΩΝΛΡ.
2725 490 2808 544 Τὰ
2833 490 2969 544 αὒτά
3008 491 3086 559 τῷ
3115 489 3193 544 λα’
3212 490 3395 542 κανόνι
3426 490 3532 542 τῶν
3570 488 3777 557 Ἀγίων
3823 489 3980 542 Ἀπο-

715 600 926 640 canone
961 586 1022 639 5i
1058 586 1146 641 hic
1173 600 1389 655 quoque
1420 601 1594 640 canon
1625 588 1911 653 decernit;
1946 600 2173 656 quaeque
2217 599 2282 636 eo

2398 582 2602 635 στόλων
2634 582 2729 635 καὶ
2764 582 2791 634 6
2828 581 3011 634 κανὼν
3039 576 3195 641 οὗτος
3237 580 3562 650 ψηφίζεται,
3592 583 3691 631 καί
3733 582 3804 633 τά
3833 582 3981 651 εἱρηυ

716 677 816 731 1οοί
851 676 1110 738 diximus,
1158 679 1224 730 ad
1267 677 1426 744 hujus
1463 677 1620 730 simul
1681 677 2097 746 explicationem
2142 672 2287 729 συσὶ-

2401 673 2541 742 μένα
2565 673 2684 725 ἐκεῖ
2714 674 2806 725 καὶ
2837 673 2973 741 πρὸς
3002 671 3193 724 τοῦτον
3228 673 3550 740 ἀρκέσουσι-
3600 672 3776 723 Πλέον
3827 672 3887 723 δέ
3932 689 3982 724 τι

714 766 887 827 ciunt.
912 765 1178 830 Quiddam
1210 780 1336 820 vero
1367 775 1626 832 praeterea
1665 766 1729 819 ad
1764 766 1875 830 illa,
1913 779 2034 833 quas
2076 773 2287 818 canone

2396 763 2493 816 τοῦ
2520 765 2880 818 ἀποστολικοῦ
2914 764 3138 826 κανόνος
3178 757 3336 825 οὗτος
3377 762 3622 827 διέξεισι,
3649 763 3838 829 λέγων
3859 779 3877 794 ·
3926 764 3983 816 ΕΞ

656 884 659 887 -
721 858 1020 924 apostolico
1075 856 1459 922 continentur,
1510 856 1599 910 hic
1637 870 1812 910 canon
1864 854 2156 925 adjungit,
2202 853 2286 908 di-

2398 852 2454 906 δέ
2483 855 2793 924 παραμένει
2829 854 3078 923 θορυϐῶν
3110 853 3206 907 καὶ
3234 854 3554 907 ἀναπατών
3591 854 3695 922 τὴν
3748 852 3983 921 Ἐκκλης

714 964 882 1005 cens:
926 947 983 1002 Si
1018 963 1146 1003 vero
1177 949 1439 1002 tumultus
1478 949 1623 1002 ciere
1649 947 2052 1017 Ecclesiamque
2087 947 2288 1002 labefa-

2401 944 2544 1009 σίαν,
2572 943 2661 997 διὰ
2712 943 2813 1013 τῆς
2837 942 3036 1010 ἔξωθεν
3085 943 3337 1009 ἐξουσίας
3374 944 3451 1006 ὡς
3499 942 3785 1011 στασιώδη
3820 943 3985 995 αὐτὸν

716 1048 867 1092 ctare
895 1050 1108 1108 pergat,
1142 1043 1317 1109 ipsum
1352 1039 1421 1093 ab
1449 1048 1671 1092 externa
1699 1048 1966 1107 potestate
1998 1038 2163 1093 veluti
2203 1053 2288 1092 se-

2396 1034 2845 1106 ἐπιστρέφεσθαι·
2876 1036 2935 1088 '0
2958 1034 3047 1087 διὰ
3071 1035 3132 1087 τὸ
3158 1036 3584 1104 παραπνάγειν,
3609 1036 3768 1103 φησὶ,
3795 1034 3984 1087 καθαι-

717 1129 971 1184 tlitiosum
998 1130 1239 1184 coerceri
1267 1129 1460 1198 placet.
1485 1129 1825 1199 Quicunque,
1846 1129 1942 1193 ait,
1961 1129 2030 1182 ob
2054 1143 2290 1183 conven-

2400 1127 2598 1197 ρεθεὶς,
2636 1128 2731 1180 ἐὰν
2768 1127 2868 1197 οὐχ
2898 1127 3188 1195 ἡσυχάζει,
3225 1125 3340 1177 ἀλλ’
3374 1125 3706 1191 ἐπιθορυϐεῐ
3752 1128 3853 1178 καὶ
3890 1142 3984 1175 τα-

716 1232 799 1276 tus
835 1224 1064 1277 scorsim
1108 1222 1321 1276 habitos
1369 1221 1715 1290 depositione
1755 1221 2018 1275 multatus
2068 1220 2193 1285 fuit,
2243 1221 2287 1276 si

2402 1217 2593 1283 ράσσει
2623 1216 2724 1287 τὴν
2758 1216 3087 1287 Ἐκκλησίαν
3106 1256 3119 1277 ,
3149 1216 3467 1269 ἀναστατῶν
3501 1216 3703 1284 αὐτὴν,
3732 1216 3987 1266 τουτέστι

717 1329 820 1367 non
854 1311 1121 1381 quiescat,
1161 1314 1256 1368 sed
1292 1313 1345 1367 in
1380 1312 1616 1367 Ecclesia
1660 1314 1925 1367 tumultus
1976 1327 2037 1365 ac
2068 1322 2289 1381 pertur-

2399 1307 2683 1378 διεγείρων
2739 1309 2819 1370 εἰς
2874 1308 3114 1370 στάσεις,
3156 1308 3246 1361 διὰ
3294 1310 3391 1377 τῆς
3449 1306 3651 1370 ἔξωθεν
3702 1305 3982 1369 ἐξουσίας,

717 1407 955 1459 nationes
989 1406 1211 1469 excitet,
1243 1420 1358 1459 eam
1390 1402 1745 1467 labefactans,
1777 1405 1881 1458 hoc
1927 1412 2031 1467 est,
2058 1402 2288 1457 seditio-

2398 1399 2497 1468 τῆς
2522 1399 2803 1467 πολιτικῆς
2825 1399 3047 1468 δηλαδὴ.
3066 1399 3140 1460 ὡς
3161 1398 3485 1467 στασιώδης,
3527 1397 3988 1465 παιδευθήσεται,

717 1511 807 1551 nes
858 1498 911 1550 in
957 1512 1018 1549 ea
1053 1511 1424 1561 commovens,
1461 1506 1699 1549 uterum.
1745 1495 2067 1563 potestatis,
2113 1494 2290 1548 civilis

2396 1491 2472 1554 ὡς
2504 1494 2569 1546 ἂν
2615 1492 2922 1563 ἐπιστρέψῃ
2964 1493 3100 1562 πρὸς
3153 1491 3469 1560 μετάνοιαν.
3506 1492 3619 1542 Καὶ
3672 1491 3704 1540 6
3764 1489 3989 1549 ἐννατος

718 1590 988 1653 nimirum,
1017 1592 1360 1650 auctoritate,
1388 1598 1443 1642 ut
1467 1603 1523 1643 se
1548 1589 1613 1641 ad
1641 1588 2016 1657 pmnitentiam
2037 1586 2285 1653 recipiat,

2398 1583 2454 1636 δὲ
2508 1584 2687 1637 κανὼν
2771 1585 2871 1653 τῆς
2925 1586 2983 1635 ἐν
3033 1583 3616 1636 Κωνσταντινουπόλει
3704 1582 3988 1645 συστάσης

718 1677 877 1733 veluti
907 1678 1224 1731 seditiosqu
1255 1677 1504 1730 volumus
1563 1675 1865 1729 emendari.
1896 1674 2288 1727 Constantino-

2400 1676 2620 1728 συνόδου
2677 1676 2734 1727 ἐν
2778 1676 2854 1745 τῷ
2905 1674 3017 1744 ναῷ
3070 1676 3179 1727 τῶν
3221 1674 3423 1741 ’Λγίων
3462 1672 3814 1724 Ἀωστὸλων
3867 1675 3991 1739 περὲ

719 1769 967 1838 ροιὶιοιιειι
1026 1777 1284 1837 praeterea
1342 1768 1571 1837 synodi,
1616 1767 1669 1819 in
1733 1766 1934 1833 templo
1961 1763 2284 1817 Sanctorum

2396 1770 2505 1823 τῶν
2542 1770 2618 1840 μὴ
2652 1771 2992 1839 πειθομένων
3039 1772 3151 1833 τοῖς
3199 1771 3552 1830 ἐπισκόποις,
3591 1769 3735 1838 μηδέ
3758 1767 3836 1818 δι’
3874 1770 3990 1818 ἐπι-

718 1860 1092 1926 Apostolorum
1147 1866 1508 1927 cougregatre,
1554 1872 1727 1910 nonus
1796 1870 1973 1910 canon
2014 1868 2110 1908 eos
2140 1894 2155 1919 ,
2192 1854 2281 1921 qui
2320 1866 2360 1921 Β

2347 1868 2360 1919 ι
2390 1862 2589 1931 τιμίων
2625 1863 3136 1932 σωφρονιζομένων,
3182 1863 3317 1930 φησὶ
3345 1862 3433 1915 διὰ
3462 1862 3575 1913 τῶν
3620 1861 3767 1913 κατά
3800 1860 3991 1929 χώραν

718 1952 983 2023 episcopis
1020 1966 1125 2006 non
1164 1953 1575 2017 obtemperant,
1622 1962 1795 2017 neque
1844 1948 2009 2000 multa
2077 1946 2280 1999 indicta

2394 1952 2673 2021 ἀρχόντων
2714 1952 2911 2015 αὐτοὺς
2941 1951 3400 2022 σωρρονίζεσθαι.
3437 1952 3602 2001 ’Ὥστε
3643 1948 3990 2016 σημειωτέοι

719 2044 1062 2113 resipiscunt,
1088 2042 1499 2112 magistratuum
1526 2040 1668 2094 illius
1701 2039 1933 2109 regionis
1957 2052 2118 2106 opera
2143 2052 2295 2091 coer-

2393 2045 2489 2094 xzt
2521 2043 2585 2095 ἐκ
2625 2043 2719 2094 τοῦ
2766 2049 2807 2095 ε’
2837 2042 3034 2095 τούτου
3079 2044 3301 2104 κανόνος
3334 2042 3416 2094 ὅτι
3456 2042 3855 2111 ἀπηγόρευται
3887 2041 3992 2099 τοῖς

718 2136 911 2190 sendos
928 2149 1049 2189 esse
1065 2135 1329 2189 decernit.
1358 2133 1434 2186 Ex
1453 2149 1557 2202 quo
1582 2132 1710 2187 illud
1737 2147 1801 2185 ex
1824 2132 1924 2185 hoc
1959 2142 2171 2199 quoque
2195 2144 2290 2181 ca-

2393 2130 2714 2194 ἐπισκόποις
2738 2133 2988 2196 κολάζειν
3011 2134 3147 2197 ὅλως
3168 2133 3319 2196 τινάς
3348 2149 3361 2162 ⁸
3388 2132 3694 2199 ἐπιτιμίοις
3717 2131 3775 2183 δέ
3812 2130 3991 2198 μόνοις

718 2242 854 2282 none
891 2228 924 2281 5
952 2228 1242 2281 notandum
1272 2225 1550 2293 est,fquod.
1576 2224 1842 2293 episc0pis
1878 2230 2144 2289 potestate
2182 2221 2296 2275 cui-

2397 2224 2755 2293 σωφρονίζειν
2787 2225 3013 2287 αὐτούς’
3052 2227 3147 2277 καὶ
3182 2225 3239 2276 εί
3289 2223 3365 2293 μὴ
3398 2224 3703 2286 πείθοιντο,
3755 2220 3991 2289 1:15:26:-

718 2333 875 2388 quam
909 2317 1175 2387 supplicia
1216 2315 1490 2386 lrrogaudi
1528 2317 1753 2368 omnino
1788 2316 2135 2368 interdictum
2171 2328 2292 2368 est:

1484 2316 1490 2368 i
1528 2317 1753 2368 omnino
1788 2316 2135 2368 interdictum
2171 2328 2292 2368 eSt:
2395 2313 2545 2366 δόναι
2567 2314 2765 2377 αὐτοὺς
2789 2318 2856 2384 τῇ
2887 2316 3128 2386 ἐξουσίᾳ.

720 2410 808 2468 sed
839 2412 908 2466 ab
938 2411 1002 2465 iis
1030 2409 1215 2464 multa:
1247 2410 1608 2479 impositione,
1641 2411 1734 2480 qui
1772 2410 2152 2478 peccaverint,
2183 2410 2565 2479 corrigendos;
2612 2425 2675 2465 ac
2708 2413 2963 2481 siminus
3012 2412 3316 2481 paruerint,
3385 2410 3746 2467 saecularibus
3822 2407 3995 2477 magi-

720 2510 979 2564 stratibus
1014 2523 1138 2564 esse
1162 2509 1469 2564 tradendos.

722 2605 942 2661 ARlST.
986 2625 1003 2658 ι
1028 2604 1218 2659 Omnis
1248 2603 1655 2673 presbyter,vel
1673 2602 1933 2658 diaconus
1964 2603 2055 2672 qui
2084 2602 2295 2671 episco-

2395 2597 2619 2655 ΔΡΙΣΤ.
2663 2617 2682 2650 ι
2727 2599 2843 2661 Πᾶς
2875 2600 2903 2652 6
2939 2599 3247 2653 ἐπισκόπου
3294 2601 3664 2671 καταφρονῶν
3691 2644 3706 2668 ,
3742 2604 3849 2655 καὶ
3901 2605 3990 2670 ἀσ-

787 2715 807 2749 ι
841 2712 967 2764 pum
1003 2696 1328 2757 conteumit,
1363 2704 1418 2748 et
1469 2694 1540 2749 ab
1582 2710 1646 2748 eo
1688 2694 1913 2759 recedit,
1943 2703 2103 2762 atque
2148 2692 2295 2746 aliud

2470 2710 2487 2744 ι
2534 2691 2826 2759 ιστάμενος
2859 2692 3309 2763 πμσῦύτερος,ἢ
3346 2693 3617 2758 διάκονος,
3653 2697 3751 2747 καὶ
3779 2696 3996 2749 οξκοδοο

790 2806 809 2838 ι
853 2788 1025 2841 altare
1067 2786 1317 2849 exstruit,
1370 2785 1414 2839 si
1453 2794 1533 2838 ter
1571 2785 1638 2837 ab
1674 2785 1930 2853 episcopo
1975 2795 2197 2838 vocatus
2242 2784 2293 2836 in

2472 2800 2489 2833 ι
2536 2783 2655 2851 μῶν
2704 2781 2833 2835 ἄλλο
2880 2783 3291 2853 θυσιαστήριον,
3358 2785 3430 2849 εἰ,
3490 2786 4000 2854 προσκαλούμενος

793 2895 813 2929 ι
853 2877 1163 2945 arrogantia
1196 2877 1462 2945 persistit,
1497 2874 1781 2944 depositus
1808 2878 1910 2941 sit,
1944 2884 2000 2929 et
2048 2874 2292 2929 curatio«

2471 2891 2489 2923 ι
2529 2874 2651 2941 τρὶς
2683 2876 2837 2942 παρὰ
2865 2873 2958 2925 τοῦ
2992 2872 3319 2937 ἐπισκόπου,
3351 2873 3607 2942 ἐπιμένει
3641 2878 3711 2945 τῇ
3735 2877 3998 2947 ἀπονοίᾳ,

794 2988 814 3022 ι
856 2970 936 3023 uis
963 2982 1058 3038 Spe
1080 2968 1388 3023 destitutus.
1417 2986 1435 3018 ι

2475 2980 2493 3013 ι
2542 2963 2983 3038 καθαιρουμενος
3015 2966 3174 3030 ἔστω,
3213 2967 3309 3017 καὶ
3341 2964 3753 3033 ἀθεράπευτος.
3787 2985 3810 3016 ι

789 3060 940 3115 Talis
991 3034 1303 3129 episcopum
1355 3060 1649 3130 impietatis
1705 3070 1798 3114 aut
1844 3059 2126 3129 iniustitiae
2177 3074 2282 3115 non

2469 3034 2819 3117 Ὀτοιοῦτοξ,
2879 3056 3047 3125 μηδὲν
3103 3058 3471 3124 κατεγνωκὼς
3528 3058 3624 3110 τοῦ
3678 3061 3997 3113 ἐπισκόπου

723 3154 1107 3218 ccmlemnans,
1137 3162 1194 3205 ut
1224 3153 1531 3206 tricesimus
1567 3153 1776 3222 primus
1815 3163 2129 3206 sanctorum
2162 3166 2295 3221 apo—
2325 3197 2365 3254 Ο

2355 3200 2364 3218 ,
2403 3144 2659 3217 εὐσεϐείᾳ
2705 3148 2801 3200 καὶ
2830 3146 3175 3219 δικαιοσύνῃ,
3221 3150 3296 3212 ὡς
3325 3150 3353 3202 6
3380 3153 3719 3220 τριακοστὸς
3775 3153 3999 3222 πρῶτος

722 3245 985 3299 stolorum
1015 3258 1189 3298 canon
1224 3244 1437 3307 statuit,
1467 3246 1559 3297 sed
1592 3244 1843 3312 superbia
1878 3253 1932 3297 et
1954 3243 2096 3297 fastu
2125 3243 2299 3297 elatus
2327 3237 2365 3254 ν

2355 3237 2365 3251 ’
2405 3237 2589 3291 κανὼν
2642 3238 2752 3290 τῶν
2810 3240 2985 3307 ἁγίων
3039 3241 3358 3293 ἀποστόλων
3409 3242 3816 3309 διαλαμϐάνει,
3889 3243 3999 3296 ἀλλ’

723 3348 868 3403 iuxta
906 3335 1174 3390 decimum
1205 3336 1395 3404 synodi
1428 3335 1875 3406 Cartltaginensis
1915 3349 2175 3390 canonem
2199 3373 2220 3398 ,
2255 3335 2299 3390 si

2404 3329 2758 3401 ὑπερηφανία
2792 3330 2888 3383 καὶ
2934 3330 3090 3399 τύφῳ
3135 3333 3407 3401 ἐπαρθεὶς
3456 3336 3599 3385 κατά
3648 3335 4002 3387 τὸνδέκατιν

723 3428 960 3496 seipsum
982 3427 1048 3481 ab
1067 3426 1307 3482 Ecclesia
1338 3430 1697 3497 scparaverit,
1728 3438 1781 3483 et
1799 3428 1942 3483 aliud
1967 3428 2136 3483 altare
2153 3440 2300 3482 stru-

2403 3420 2604 3472 κανόνα
2628 3420 2725 3488 τῆς
2765 3421 2824 3473 ἐν
2873 3421 3205 3494 Καρθαγένῃ
3239 3422 3483 3485 συνόδου,
3510 3427 3558 3475 εἰ
3606 3425 3876 3495 ἀφώρισε
3908 3427 4001 3493 τῆς

723 3518 893 3580 xerit,
935 3526 991 3569 et
1036 3518 1286 3586 pupulum
1326 3519 1426 3571 sibi
1463 3518 1751 3571 attraxerit
1797 3518 2005 3587 privata
2039 3533 2301 3588 peragens

2416 3508 2745 3579 Ἐκκλησίας
2777 3510 2996 3573 ἑαυτὸν,
3026 3513 3120 3563 καὶ
3146 3511 3542 3583 θυσιαστήριον
3566 3514 3766 3583 ἕτερον
3803 3517 4001 3583 ἔπηξε,

723 3607 1117 3670 οοιινοηιίευιο,
1160 3618 1343 3675 postea
1394 3618 1475 3659 ter
1503 3608 1570 3660 ab
1604 3608 1859 3676 episcopo
1888 3617 2141 3669 vocatus,
2195 3622 2299 3661 non

2404 3600 2499 3652 καὶ
2529 3599 2658 3653 λαὸν
2688 3600 2779 3670 ὑφ’
2799 3600 2996 3653 ἐαυτὸν
3027 3600 3302 3666 εἵλκυσεν,
3341 3602 3479 3665 ἰδίας
3510 3607 3774 3667 συνάξεις
3808 3607 4000 3658 noto-.3-

723 3710 927 3749 morem
960 3698 1210 3764 gesserit,
1238 3696 1331 3750 sed
1365 3698 1419 3749 in
1443 3694 1763 3751 confusione
1793 3697 2074 3760 manserit,
2106 3695 2300 3766 dignus

2407 3687 2736 3763 μενος,ἐῐτα
2784 3693 3082 3761 τρισσάκις
3114 3695 3269 3763 παρὰ
3311 3693 3408 3746 τοῦ
3443 3698 3759 3750 ἐπισκόπου
3795 3700 4000 3752 atatim}-

724 3787 916 3856 estqui
947 3787 1169 3841 omnino
1199 3790 1521 3855 deponatur,
1550 3795 1605 3839 et
1641 3802 1747 3840 non
1780 3787 2012 3856 amplius
2038 3796 2218 3856 speret
2242 3802 2302 3842 se

2406 3801 2589 3853 μενος,
2618 3786 2894 3856 ἀπειθοίη,
2923 3787 3017 3839 καὶ
3050 3787 3303 3855 ἐπιμένοι
3334 3791 3397 3858 τῇ
3419 3789 3619 3857 ἀταξίᾳ.
3646 3806 3658 3816 ·
3693 3791 3859 3853 ἄξιός
3888 3793 4000 3843 ἐστι

725 3877 1058 3931 curationem
1097 3892 1332 3945 unquam
1371 3887 1745 3931 assecuturum
1779 3886 1833 3932 et
1858 3878 2120 3932 honorem
2143 3892 2300 3931 suum

2405 3876 2685 3938 παντελῶς
2721 3877 3123 3947 καθαιρεῖσθαι,
3159 3878 3252 3930 καὶ
3289 3880 3493 3949 μηκέτι
3541 3881 3804 3943 ἐλπίζειν
3840 3882 4001 3950 θερα-

727 3977 1154 4037 resumpturum.

2405 3968 2568 4030 πείας
2611 3970 2821 4037 τυχεῖν,
2851 3974 2946 4024 καὶ
2974 3968 3073 4038 τὴν
3114 3971 3314 4023 ἐαυτοῦ
3360 3973 3530 4042 τιμὴν
3583 3974 4001 4028 ἐτταναλαεείν.

1234 4058 1395 4130 437
1432 4055 1660 4113 canos
1700 4055 1790 4112 Vl.

1730 4055 1790 4112 It.
3009 4060 3250 4113 ΚΑΝΩΝ
3283 4059 3374 4126 ς’.

737 4170 764 4203 ‹
804 4152 859 4207 Si
893 4152 1015 4222 quis
1045 4151 1075 4206 ὸ
1095 4156 1331 4223 .proprio
1359 4147 1612 4222 episeOpo
1640 4151 1739 4204 t'uit
1763 4151 2299 4217 excommunicatus,

2414 4167 2431 4201 t
2478 4149 2543 4203 Εἴ
2571 4166 2655 4212 τις
2683 4150 2789 4204 ὑπὸ
2814 4150 2908 4204 τοῦ
2939 4152 3071 4206 ἰδίου
3128 4153 3435 4205 ἐπισκόπου
3487 4155 3877 4224 ἀκοινώνητος
3911 4162 3999 4227 γέ-

795 4262 814 4296 ι
852 4259 918 4297 ne
950 4248 1099 4311 prius
1128 4248 1195 4299 ab
1225 4246 1347 4298 aliis
1375 4245 1701 4313 suscipiatur
1724 4245 1851 4310 (nisi
1882 4259 1912 4296 ιι
1939 4245 2154 4313 proprio
2178 4256 2303 4298 sus-

2484 4259 2502 4292 t
2548 4257 2698 4309 γονε,
2732 4241 2809 4312 μὴ
2840 4243 3108 4313 πρότερον
3132 4243 3296 4296 αὑτὸν
3328 4244 3459 4314 παρ’
3494 4247 3707 4313 ἐτέρων
3735 4250 4000 4318 δεχθῆναι

783 4358 808 4392 ι
852 4351 1039 4408 ceptus
1066 4336 1229 4391 inerit
1258 4338 1535 4406 episcopo)
1563 4350 1728 4405 quam
1749 4336 1888 4390 facta
1919 4335 2127 4406 synodo
2150 4348 2304 4389 acce-

2486 4352 2503 4386 ι
2552 4335 2623 4404 (εί
2659 4334 2734 4406 μὴ
2766 4334 2859 4387 ὑπ’
2911 4334 3080 4388 αὐτοῦ
3112 4334 3329 4406 δεχθείη
3361 4336 3455 4388 τοῦ
3483 4336 3619 4388 ίδὶου
3660 4340 4000 4405 ἐπισκόπου)

797 4448 817 4482 ι
858 4434 990 4484 dens
1021 4445 1080 4484 se
1109 4428 1433 4493 defenderit,
1481 4437 1537 4482 et
1583 4442 1841 4498 persuasa
1872 4429 2101 4498 synodo,
2137 4428 2300 4480 aliam

2481 4447 2501 4478 ι
2550 4426 2583 4495 ἢ
2617 4427 2841 4480 συνόδου
2872 4426 3175 4497 γενομένης
3201 4427 3531 4496 ἀπαντήσας
3549 4429 3995 4501 ἀπολογήσεται,

792 4540 811 4574 ι
849 4521 1171 4575 sententiam
1203 4519 1472 4574 retulerit.
1506 4518 1653 4573 ldcm
1685 4529 1864 4573 autem
1894 4522 2167 4573 decretum
2201 4521 2297 4573 ad-
2326 4527 2379 4588 Ῑ)

2352 4529 2379 4586 )
2485 4537 2503 4570 ι
2552 4518 2750 4582 πείσας
2810 4535 2873 4572 τι
2925 4518 3025 4588 τὴν
3084 4519 3327 4585 σύνοδον,
3380 4520 3742 4585 καταδέξοιτο
3805 4524 3996 4592 ἑτέραν

792 4630 813 4663 ι
850 4626 1038 4667 versus
1070 4612 1238 4666 Iaicos
1259 4620 1313 4665 et
1345 4611 1698 4681 presbyteros
1726 4622 1780 4665 et
1806 4612 2085 4677 diaconos,
2110 4620 2165 4665 et
2193 4626 2306 4666 om-

2485 4628 2505 4662 t
2547 4611 2845 4679 ἀπόφασιν.
2889 4612 2948 4665 Ὀ
2992 4611 3154 4675 αὐτὸς
3212 4612 3269 4665 δέ
3318 4614 3444 4683 ὅρος
3496 4614 3593 4665 ἐπὶ
3638 4615 3861 4669 λαῖκῶν
3910 4620 3994 4669 καὶ

793 4718 943 4759 cnes
978 4704 1068 4772 qui
1094 4712 1225 4757 sunt
1251 4704 1304 4756 in
1337 4703 1467 4757 cleri
1492 4702 1763 4774 catalogo,
1790 4703 2130 4757 observetur.
2169 4719 2187 4753 ι

2482 4719 2502 4752 ι
2550 4702 2939 4774 πρεσϐυτέρων
2971 4704 3068 4757 καὶ
3113 4702 3381 4755 διακόνων
3408 4705 3503 4756 καὶ
3535 4705 3769 4758 πάντων
3798 4709 3911 4761 τῶν
3942 4712 3991 4761 ἐι.

2483 4813 2501 4845 ι
2549 4794 2629 4865 τῷ
2677 4795 2863 4866 κλήρῳ
2893 4796 3348 4865 καταλεγομένων
3375 4798 3679 4866 κρατείτω.
3721 4818 3741 4851 ι

796 4880 995 4938 BALS.
1027 4882 1099 4937 De
1136 4882 1223 4948 iis,
1249 4896 1369 4951 qua:
1393 4883 1496 4936 hoc
1521 4896 1729 4935 canone
1749 4881 2301 4950 comprehenduntur,

2476 4888 2681 4941 ΒΑΛΣ.
2717 4887 2854 4958 Περὶ
2888 4887 2995 4941 τῶν
3024 4891 3083 4940 ἐν
3107 4888 3184 4959 τῷ
3216 4889 3403 4943 κανόνι
3440 4890 3621 4959 τούτῳ
3661 4897 3992 4964 περιεχομέ-

731 4977 862 5031 satis
912 4976 1234 5044 scripsimus
1273 4977 1323 5027 in
1372 4977 1490 5028 aliis
1523 4975 1755 5029 diversis
1800 4974 2118 5040 canonibus,
2168 4976 2303 5029 etin

2407 4997 2513 5034 νων
2551 4980 2752 5044 ίκανῶς
2784 4980 3109 5051 ἐγράψαμεν
3137 4981 3196 5033 ἐν
3236 4998 3295 5034 τε
3342 4982 3530 5045 ἀλλοις
3559 4986 3759 5037 κανόσι
3805 4988 3987 5055 διαφό-

724 5067 1045 5122 duodecimo
1073 5078 1124 5121 et
1159 5068 1315 5120 tertio
1346 5067 1553 5120 decimo
1583 5083 1706 5119 can.
1740 5065 2058 5136 apostolico.

2410 5089 2525 5142 ροις
2560 5072 2653 5125 καὶ
2688 5075 2748 5126 ἐν
2774 5072 2850 5142 τῷ
2888 5072 2954 5143 ιβ’
2988 5073 3082 5125 καὶ
3120 5072 3186 5143 ιγ’
3209 5075 3561 5147 ἀποστολικῷ
3595 5081 3816 5131 κανόνι.

796 5160 1049 5215 ZONAR.
1089 5159 1243 5215 Multi
1277 5163 1341 5214 de
1378 5163 1479 5215 hac
1513 5175 1727 5229 quoque
1778 5175 1836 5215 re
1893 5175 2128 5215 canones
2173 5159 2304 5215 editi

2480 5164 2728 5218 ΖΩΝΑΡ.
2780 5165 2891 5218 Καὶ
2920 5165 3052 5236 περὶ
3086 5165 3291 5237 ταύτης
3319 5167 3419 5237 τῆς
3449 5167 3776 5233 ὑποθέσεως
3808 5173 3983 5224 πολλοὶ

726 5264 879 5317 sunt;
911 5269 973 5307 ac
999 5269 1092 5321 per
1117 5268 1199 5317 ea,
1234 5270 1353 5321 tina:
1387 5256 1436 5307 iu
1478 5253 1596 5307 illos
1631 5254 1890 5320 diximus,
1923 5253 2081 5322 hujus
2106 5252 2268 5307 etiam

2405 5257 2724 5322 διετάξαντο
2778 5257 3008 5320 κανόνες
3028 5274 3042 5289 ·
3074 5258 3171 5310 καὶ
3212 5257 3248 5310 ἃ.
3282 5259 3499 5330 εἴρηται
3531 5262 3591 5312 ἐν
3623 5262 3869 5327 ἐκείνοις
3898 5268 3980 5318 καὶ

736 5345 1073 5412 sxplicationi
1117 5346 1463 5400 satisfactum
1498 5346 1851 5399 arbitramur.

2408 5352 2487 5412 εἰς
2516 5349 2614 5420 τὴν
2648 5348 2741 5403 τοῦ
2773 5351 3046 5421 παρόντος
3075 5349 3307 5421 ἀρκοῦσι
3342 5352 3673 5419 σαφήνειαν.

734 5434 955 5489 ARiS'l‘.
994 5454 1011 5487 ι
1042 5434 1696 5489 Excommunicatum.ab
1733 5435 1989 5503 episcopo
2038 5434 2303 5491 clericum

2406 5441 2628 5495 ΔΡΙΣΤ.
2680 5460 2698 5492 ι
2746 5441 2852 5494 Τὸν
2881 5441 3246 5511 ἀφορισθέντα
3296 5443 3428 5514 παρ’
3458 5445 3775 5499 ἐπισκόπου
3806 5450 3979 5517 x1139:-

803 5546 821 5578 ι
854 5528 897 5581 si
937 5526 1110 5596 major
1142 5528 1379 5596 synodus
1412 5527 1737 5594 susceperit,
1787 5529 1874 5581 vel
1904 5528 2307 5585 condemnave-

2488 5552 2506 5586 t
2552 5534 2668 5599 κὸν,
2706 5535 2802 5587 ἐὰν
2836 5533 3037 5604 μείζων
3069 5533 3289 5595 σύνοδος
3324 5535 3704 5604 προσδέξοιτο,
3733 5541 3765 5609 ἢ
3825 5557 3975 5593 κατι.

802 5638 820 5671 ι
857 5620 947 5683 rit,
977 5621 1260 5674 sententia:
1291 5621 1625 5687 acquiescat.
1671 5638 1693 5672 ι

2488 5643 2507 5675 ι
2555 5626 2783 5696 κρίνειε,
2819 5628 3094 5695 στεργέτω
3120 5624 3215 5695 τὴν
3245 5625 3571 5693 ἀπόφασιν..
3606 5648 3628 5681 ι

800 5711 900 5777 Qui
932 5711 1088 5780 ligat,
1125 5722 1178 5764 et
1212 5712 1422 5765 solvere
1473 5721 1669 5780 potest.
1706 5710 1907 5767 idcirco
1936 5713 2194 5770 clericum
2237 5717 2304 5773 ab

2494 5715 2551 5771 ὐ
2579 5717 2748 5786 δήσας
2776 5720 2868 5769 καὶ
2898 5718 3047 5770 λύειν
3085 5717 3334 5772 δύναται.
3389 5720 3489 5773 Διά
3543 5722 3713 5778 τοῦτο
3742 5727 3874 5793 γοῦν
3898 5731 3970 5782 τοι

736 5805 979 5873 episcopo
1031 5806 1203 5872 omnis
1250 5806 1597 5876 subjectum,
1645 5814 1699 5865 et
1745 5818 2138 5878 segregatum,
2194 5825 2299 5865 non

2417 5809 2811 5881 ἐπιτιμηθέντα
2854 5810 2989 5880 παρ’
3034 5811 3340 5866 ἐπισκόπου
3401 5811 3695 5887 κληρικδν,
3745 5821 3838 5873 καὶ
3884 5826 3967 5883 ἀς·
