4164 6426
169 408 304 468 1997
1184 411 1266 474 IN
1305 413 1472 476 CAN.
1512 416 1658 480 VIII
1698 416 1905 480 CONC.
1939 419 1997 479 II
2021 415 2374 480 ANTIOCH.
3287 411 3424 476 1238

169 525 479 594 ορισθέντα,
524 527 586 581 οὐ
616 527 700 582 δεῖ
732 527 864 599 παρ’
889 529 1078 600 ἐτέρου
1106 530 1363 603 δεχθῆναι
1399 534 1476 597 ὡς
1506 535 1754 588 ἀνεπιτί-

1867 547 2069 608 iporlet
2096 542 2165 594 ab
2196 539 2303 591 alio
2353 545 2412 589 ut
2459 533 2790 602 inculpatum
2849 530 3080 594 admitti,
3118 531 3220 586 nisi
3265 533 3333 586 ab
3361 549 3428 588 eo

172 636 371 688 μητον,
408 618 456 672 εί
483 620 560 689 μὴ
591 621 722 691 παρ’
759 623 926 674 αὐτοῦ
954 622 1087 694 λυθῇ
1123 625 1218 678 τοῦ
1243 626 1642 697 δεσμήσαντος.
1681 630 1743 681 Et

1867 633 1936 700 lui
1974 632 2178 700 ligavit,
2220 631 2291 683 sit
2337 627 2638 682 absolutus.
2674 625 2729 679 Si
2759 624 2997 694 synodus
3046 632 3225 676 autem
3259 624 3427 692 depo-

169 709 220 761 δέ
247 710 469 772 σύνοδος
493 711 587 763 τὸν
613 711 980 782 ἀφορισθέντα
1002 715 1272 781 ἐξετάσοι,
1299 719 1394 771 καὶ
1419 721 1745 790 παραλόγως

1867 725 2016 779 iitum
2070 719 2483 779 examinaverit,
2552 727 2605 772 et
2679 714 3109 784 segregationem
3163 713 3428 767 invenerit

174 801 329 871 εὖροι
390 801 484 856 τὸν
529 803 836 873 ἀφορισμὺν
865 807 1243 878 ἐπενεχθέντα,
1301 810 1525 865 δύναται
1553 813 1615 865 τὺ
1645 831 1747 867 κα-

1867 822 2047 871 )ra2ter
2101 811 2368 866 rationem
2424 809 2661 873 illatam,
2721 805 2867 874 quod
2922 804 3064 857 male
3111 802 3314 857 factum
3346 814 3429 859 est

171 895 281 957 κῶς
309 895 608 966 γενόμενον
664 896 1035 966 διορθοῦσθαι,
1083 903 1179 954 καὶ
1235 902 1385 958 λύειν
1431 905 1618 973 αὑτὸν,
1653 907 1748 960 καὶ

1867 905 2144 959 :mendare
2172 908 2370 972 potest,
2401 908 2455 956 et
2479 914 2604 956 eum
2634 897 2870 960 solvere,
2899 903 2953 951 et
2978 895 3248 951 sententia
3280 896 3344 952 de
3365 911 3430 952 eo

169 987 200 1055 ή
229 986 361 1056 περὶ
385 987 582 1041 τούτου
613 989 891 1058 ἀπόφασις
946 992 1098 1061 μένει
1128 993 1350 1063 βεϐαία.

1867 996 2006 1052 irma
2033 1003 2236 1051 manet.

768 1101 1012 1156 KANQN
1073 1106 1147 1159 Z'.
2442 1105 2671 1163 CANON
2724 1105 2838 1161 VII.

174 1205 192 1237 ι
240 1187 470 1255 Μηδένα
520 1189 651 1244 ἄνευ
709 1192 1004 1261 είρηνικῶν
1041 1195 1295 1265 δέχεσθαι
1328 1197 1436 1251 τῶν
1479 1199 1667 1266 ξένων.
1719 1218 1738 1252 ι

1955 1217 1976 1250 ι
2012 1198 2203 1255 Nullus
2235 1207 2492 1254 externus
2524 1200 2641 1254 sine
2674 1197 2910 1267 paciﬁcis
2937 1196 3282 1265 suscipiatur.
3315 1213 3336 1248 ι

243 1279 442 1333 ΒΑΛΣ.
486 1283 577 1333 Ἐν
609 1281 688 1348 τῷ
713 1282 793 1350 λγ⁹
824 1283 1175 1357 ἀποστολικῷ
1202 1291 1387 1344 κανόνι
1424 1290 1520 1344 καὶ
1570 1292 1650 1361 τῷ
1680 1297 1753 1357 ις’

1925 1288 2122 1343 BALS.
2158 1288 2214 1342 In
2274 1289 2551 1343 tricesimo
2588 1289 2748 1342 tertio
2777 1303 2988 1342 canone
3037 1285 3354 1356 apostolico,
3380 1295 3436 1338 et

165 1371 272 1438 τῆς
302 1373 361 1424 ἐν
386 1372 691 1442 Χαλκηδόνι
724 1375 945 1429 συνόδου
977 1378 1348 1450 διελήφθησαν
1383 1383 1452 1435 τὰ
1485 1383 1614 1452 περὶ
1643 1384 1754 1438 τῶν

1867 1382 2068 1436 decimo
2127 1390 2282 1437 sexto
2333 1380 2798 1436 Chalcedonensis
2851 1379 3040 1450 synodi
3086 1379 3151 1431 de
3184 1376 3428 1446 paciﬁcis

166 1465 472 1533 εἰρηνικῶν
507 1465 603 1517 καὶ
636 1466 745 1519 τῶν
788 1471 1137 1522 συστατικῶν
1163 1473 1488 1538 ἐπιστολῶν,
1544 1475 1638 1527 καὶ
1670 1477 1754 1528 ὅτι

1867 1484 2152 1529 tractatum
2181 1483 2263 1528 est
2292 1485 2346 1529 et
2377 1471 2855 1528 commendatoriis
2886 1470 3152 1539 epistolis,
3193 1481 3242 1523 et
3295 1470 3433 1536 quad

167 1557 316 1620 ξένοι
345 1556 484 1610 είσὶν
511 1557 562 1609 οἱ
592 1558 699 1610 ἀπὸ
728 1558 934 1627 ἐτέρων
959 1561 1185 1631 ἐνοριῶν
1214 1564 1554 1634 ὁρμώμενοι.
1600 1567 1754 1621 Ἀνά-

1867 1567 1894 1620 ii
1944 1575 2073 1621 sunt
2133 1566 2368 1632 externi,
2420 1566 2512 1632 qui
2551 1565 2619 1618 ab
2659 1564 2778 1618 aliis
2812 1562 3140 1616 dioecesibus
3193 1559 3435 1614 \euiunt.

165 1647 341 1715 γνωθι
379 1644 482 1702 οὖν
503 1648 571 1701 τὰ
603 1652 660 1702 ἐν
687 1650 918 1714 ἐκείνοις
952 1654 1256 1722 γραφέντα.

1867 1658 1998 1722 Lege
2029 1676 2160 1728 ergo
2191 1675 2309 1728 quae
2346 1660 2401 1713 in
2433 1659 2535 1712 illis
2560 1658 2760 1726 scripta
2790 1665 2936 1709 sunt.

243 1738 492 1794 ΖΩΝΑΡ.
521 1741 750 1809 Εἴρηται
790 1743 849 1793 ἐν
873 1744 1060 1796 κανόνι
1096 1742 1164 1796 ια’
1194 1744 1296 1808 τῆς
1326 1749 1595 1819 τετάρτης
1620 1767 1750 1803 συν-

1928 1750 2183 1806 ZONAR.
2219 1750 2479 1817 Quaenam
2522 1747 2632 1802 sint
2677 1747 2918 1816 epistolae
2966 1748 3224 1817 pacilicas,
3257 1763 3443 1817 qumve

167 1830 301 1882 ὁδου
337 1831 478 1893 τίνες
531 1832 674 1884 εἰσὶν
715 1835 994 1903 εἰρηνικαὶ
1031 1838 1338 1902 ἐπιστολαὶ,
1370 1841 1462 1892 καὶ
1486 1841 1629 1902 τίνες
1655 1859 1750 1894 συ-

1867 1845 2333 1909 commendatitiaa,
2385 1843 2674 1898 undecimo
2749 1854 2957 1898 canone
3013 1853 3216 1910 quarta!
3249 1843 3442 1912 synodi

170 1919 452 1973 στατικαί.
483 1919 688 1985 Ξένους
732 1919 827 1976 οὖν
875 1925 1113 1979 ἐνταῦθα
1164 1928 1284 1997 οὐχ).
1312 1931 1440 1992 τοὺς
1488 1932 1751 1999 τυχόντας

168 2009 346 2077 λέγει,
379 2011 508 2073 τοὺς
542 2011 601 2076 ἐξ
645 2012 814 2082 ἄλλης
847 2013 1030 2084 χώρας
1070 2015 1201 2081 ῐσως
1233 2019 1314 2083 είς
1348 2021 1516 2090 ἀλλην
1564 2023 1753 2091 ἐπιδη-

172 2101 437 2170 μοῦντας,
471 2102 608 2155 ἀλλὰ
640 2107 769 2167 τοὺς
800 2105 1098 2176 κληρικοὺς
1147 2109 1274 2172 τοὺς
1309 2111 1417 2164 ἀπὸ
1466 2112 1634 2181 ἄλλης
1661 2115 1756 2166 ἐκ·

173 2193 409 2262 κλησίας
467 2195 549 2258 είς
596 2195 764 2266 ἀλλην
793 2197 1056 2262 ἀπιόντας
1078 2213 1094 2230 ⁶
1126 2200 1222 2265 οὓς
1254 2204 1349 2256 καὶ
1403 2203 1479 2273 μὴ
1505 2205 1756 2274 δέχεσθαι

173 2288 330 2358 παρά
353 2286 462 2341 τῶν
492 2288 858 2359 προεστώτων
885 2291 994 2344 τῶν
1026 2292 1361 2364 ἐκκλησιῶν,
1392 2297 1450 2349 ἐν
1473 2293 1564 2361 αἷς
1593 2299 1758 2351 ἀπία-

174 2397 290 2444 σιν,
326 2381 353 2433 ό
383 2384 568 2433 κανὼν
602 2382 983 2451 ἐγκελεύεται,
1014 2388 1064 2440 εί
1097 2387 1172 2456 μὴ
1205 2390 1488 2458 εἰρηνικὰς
1533 2393 1760 2445 ἐπιστοο

174 2470 276 2531 λὰς
303 2471 658 2540 ἐπιφέρονται
693 2473 804 2527 τῶν
852 2477 1214 2541 προεστώτων
1261 2480 1371 2534 τῶν
1421 2481 1757 2551 ἐκκλησιῶν,

171 2560 240 2626 ἐξ
271 2558 347 2615 ῶν
377 2563 769 2634 ὑπεχώρησαν.
820 2564 878 2620 '0
907 2567 964 2621 δὲ
991 2568 1072 2637 λγ¹
1097 2570 1207 2624 τῶν
1235 2573 1553 2626 ἀποστόλων
1579 2575 1759 2627 κανὼν

174 2653 523 2724 σαφέστερον
553 2656 614 2708 τὸ
665 2654 776 2710 τῶν
812 2654 982 2722 ξένων
1013 2661 1170 2729 φησὶ,
1201 2660 1378 2730 λέγων
1417 2663 1622 2734 μηδένα
1649 2665 1760 2718 τῶν

174 2748 353 2810 ξένων
380 2748 768 2817 πρεσϐυτέρων
810 2753 905 2804 καὶ
932 2753 1200 2808 διακόνων
1230 2755 1262 2824 ἢ
1303 2758 1400 2809 καὶ
1441 2757 1762 2812 ἐπισκόπων

177 2837 317 2890 ἄνευ
353 2838 702 2892 συστατικῶν
731 2841 1036 2897 ἐπιστολῶν
1067 2844 1485 2915 προσδέχεσθαι.
1541 2843 1763 2911 Ξενίζε-

172 2930 305 2984 σθαι
341 2931 440 3001 μὲν
465 2932 574 3003 γὰρ
597 2934 798 2997 αὐτοὺς
829 2937 858 2988 ὁ
904 2935 1106 3001 κανὼν,
1135 2937 1232 2990 καὶ
1282 2939 1637 3007 χορηγεῖσθαι
1665 2939 1766 2992 αὐ-

171 3023 307 3085 τοὺς
333 3024 402 3076 τὰ
429 3025 567 3092 πρὸς
591 3027 691 3095 τὴν
723 3027 916 3096 χρείαν
947 3029 1104 3098 παρά
1138 3028 1272 3094 τῶν,
1304 3030 1441 3100 πρὸς
1461 3030 1555 3093 οὒς
1582 3032 1763 3100 ἀπῆλ-

173 3117 295 3180 θον,
353 3118 682 3187 ἐπιτρέπει·
741 3121 997 3191 δέχεσθαι
1049 3121 1108 3174 δέ
1186 3123 1265 3186 είς
1314 3123 1602 3179 κοινωνίαν
1651 3125 1764 3178 ἀπ-

172 3211 460 3274 αγορεύει.

172 3301 408 3358 ΑΡΙΣΤ.
469 3322 489 3356 ι
545 3303 609 3359 '0
641 3305 817 3371 ξένος,
842 3306 1126 3376 εἰρηνικὰς
1153 3307 1446 3375 ἐπιστολὰς
1474 3310 1537 3364 οὒ
1561 3313 1768 3382 προσά-

577 3416 627 3460 ,ι
674 3415 812 3466 γων,
873 3399 1270 3468 ἀπρόσδεκτος.
1312 3419 1331 3453 ι

263 3487 352 3540 Ἐν
403 3489 623 3552 πολλοῖς
675 3492 894 3561 εἴρηται
950 3492 1143 3544 κανόσι
1193 3493 1292 3546 καὶ⁵
1339 3495 1521 3559 τοῦτο,
1581 3495 1642 3550 τδ
1689 3495 1765 3567 μὴ

171 3578 305 3640 τοὺς
335 3579 872 3651 ξενοχειροτονήτους
903 3582 1306 3652 προσδέχεσθαι
1331 3583 1462 3638 ἄνευ
1493 3586 1766 3655 γραμμά-

171 3689 290 3723 των
316 3671 412 3724 τοῦ
446 3673 751 3728 ἐπισκόπου
786 3674 917 3745 παρ’
961 3667 1021 3729 οὗ
1050 3674 1150 3744 τὴν
1181 3676 1528 3746 χειροτονίαν
1582 3676 1762 3731 ἀνεδέ-

175 3763 362 3828 ξαντο.

790 3861 1034 3914 ΚΑΝΩΝ
1075 3865 1162 3918 H'.

181 3991 205 4025 ε
252 3972 406 4042 Μηδὲ
445 3972 860 4043 πρεσϐυτέρους
889 3975 1018 4036 τοὺς
1045 3975 1105 4026 ἐν
1131 3976 1255 4037 ταῖς
1284 3975 1495 4045 χώραις
1544 3991 1768 4029 κανονι-

259 4082 278 4116 ι
326 4065 428 4129 κὰς
459 4064 753 4127 ἐπιστολὰς
785 4064 1012 4129 διδόναι,
1041 4066 1074 4136 ἢ
1113 4068 1252 4136 πρὸς
1282 4066 1478 4135 μόνους
1508 4065 1633 4127 τοὺς
1663 4067 1772 4133 γεί-

265 4176 285 4209 ι
330 4175 491 4219 τονας
522 4157 861 4220 ἐπισκόπους
907 4157 1202 4220 ἐπιστολὰς
1233 4158 1548 4226 ἐκπέμπειν
1573 4171 1590 4188 ⁶
1639 4157 1770 4220 τοὺς

257 4267 277 4300 ι
321 4249 378 4302 δέ
431 4249 840 4318 ἀνεπιλήπτους
885 4250 1344 4320 χωρεπισκόπους
1398 4249 1512 4320 (46)
1561 4248 1769 4303 διδόναι

252 4357 272 4390 ι
318 4341 626 4410 είρηνικάς.
675 4359 694 4393 ι

254 4431 452 4484 ΒΑΛΣ.
489 4432 740 4500 Ἐμαθες
770 4434 916 4497 τίνες
943 4434 1083 4487 εἰσὶν
1113 4435 1390 4505 είρηνικαὶ
1415 4433 1533 4504 ἦτοι
1566 4433 1770 4488 ἀπολυ-

173 4525 338 4578 τεκαὶ⁵
371 4526 686 4591 ἐπιστολαὶ,
724 4528 821 4580 καὶ
856 4528 1005 4591 τίνες
1044 4529 1395 4593 συστατικαὶ,
1447 4528 1504 4582 αί
1535 4526 1766 4596 λεγόμε-

177 4633 272 4667 ναι
308 4617 401 4669 καὶ
434 4617 742 4670 κανονικαί.
787 4619 944 4671 Ἐπεὶ
989 4619 1047 4671 δέ
1079 4637 1226 4682 τινες
1251 4620 1574 4674 διετείνοντο
1603 4616 1767 4673 δύνα-

179 4705 309 4758 σθαι
353 4710 479 4771 τοὺς
522 4711 583 4763 ἐν
613 4713 736 4771 ταῖς
780 4711 989 4781 χώραις
1017 4712 1451 4783 πρεσϐυτέρους,
1484 4714 1604 4784 ἦτοι
1633 4717 1764 4779 τοὺς

176 4800 654 4864 πρωτοπαπάδας,
697 4801 900 4854 διδόναι
947 4802 1235 4873 είρηνικὰς
1288 4805 1603 4870 ἐπιστολὰς,
1658 4809 1764 4862 κάν

175 4887 320 4957 πρὸς
351 4893 476 4953 τοὺς
507 4893 756 4957 γείτονας
787 4894 1148 4962 ἐπισκόπους,
1179 4895 1266 4948 διὰ
1298 4896 1359 4949 τὸ
1395 4898 1472 4968 μὴ
1509 4899 1764 4969 μετέχειν

175 4978 384 5043 αὐτοὺς
435 4982 648 5036 δικαίου
705 4985 855 5048 τινὸς
908 4988 1266 5056 χειροτονίας,
1303 4987 1420 5040 ἀλλ’
1477 4989 1765 5054 εὐσεϐείας

179 5070 279 5122 καὶ
331 5073 728 5145 Χριστιανικῆς
780 5078 1105 5140 κοινωνίας·
1153 5077 1364 5149 ὥρισαν
1424 5081 1472 5132 οί
1521 5080 1765 5150 Πατέρες

176 5165 278 5217 καὶ
312 5166 520 5232 ταύτας
554 5169 712 5242 παρά
743 5172 883 5242 μόνῃ
916 5173 983 5243 τῇ
1016 5173 1352 5243 ἐπισκοπικῇ
1382 5171 1601 5244 ἐξουσίᾳ
1625 5173 1764 5225 ἀναο

1864 1937 1997 1990 satis
2043 1935 2448 2004 explicavimus.
2499 1936 2765 1991 Externos
2813 1949 2974 2005 porro
3013 1933 3114 1987 hoc
3164 1933 3303 1996 loco,
3339 1948 3441 1986 non

1861 2042 2070 2092 omnes,
2106 2028 2198 2096 qui
2238 2042 2301 2081 ex
2345 2027 2446 2080 alia
2478 2028 2693 2097 regione
2727 2027 2778 2080 in
2809 2025 2968 2079 aliam
2998 2024 3136 2078 forte
3167 2039 3226 2078 se
3255 2024 3442 2078 confe-

1864 2126 2010 2180 runt,
2039 2118 2134 2172 sed
2167 2117 2413 2181 clericos.
2442 2119 2532 2187 qui
2564 2132 2628 2173 ex
2669 2118 2775 2172 alia
2828 2116 2881 2171 in
2938 2116 3098 2169 aliam
3156 2115 3442 2169 ecclesiam

1863 2209 2301 2278 proﬁciscuntur,
2334 2208 2614 2275 intelligit;
2652 2223 2790 2276 quos
2811 2207 3030 2277 quidem
3060 2221 3090 2259 a
3120 2205 3445 2276 praisulibus

1865 2302 2239 2366 ecclesiarum,
2273 2301 2336 2355 ad
2368 2316 2502 2370 quas
2535 2315 2592 2354 se
2620 2299 2927 2361 conferunt,
2981 2300 3083 2354 nisi
3119 2315 3147 2352 a
3173 2297 3445 2366 praefectis

1866 2394 2243 2458 ecclesiarum,
2291 2409 2320 2448 a
2353 2393 2548 2462 quibus
2572 2392 2898 2458 discessere,
2946 2391 3200 2461 pacilicas
3243 2390 3448 2459 epistu-

1867 2486 1950 2541 las
1983 2486 2231 2552 aberant,
2262 2486 2350 2541 hic
2376 2500 2550 2541 canon
2599 2485 2811 2539 admitti
2861 2493 3030 2539 vetat.
3062 2483 3288 2537 Externi
3318 2497 3450 2536 vero

1870 2578 1960 2646 qui
1994 2579 2126 2641 sint,
2153 2563 2424 2632 tricesimo
2462 2577 2619 2631 tertio
2641 2576 3021 2644 Apostolorum
3051 2589 3260 2628 canone
3290 2588 3448 2641 aper-

1871 2670 1978 2724 tius
2007 2669 2280 2723 indicatur
2307 2685 2320 2722 :
2363 2667 2440 2722 Ne
2467 2683 2654 2736 quem,
2685 2667 2884 2735 inquit,
2934 2673 3214 2720 externum
3241 2665 3454 2731 episco-

1869 2775 2022 2831 pum.
2045 2769 2137 2813 aut
2165 2757 2566 2828 presbyterum,
2595 2767 2688 2810 aut
2715 2758 3000 2810 diaconum
3031 2755 3149 2809 sine
3173 2770 3451 2809 commen-

1870 2852 2079 2908 datitiis
2109 2851 2306 2906 litteris
2336 2849 2500 2917 recipi
2528 2848 2711 2903 liceat.
2740 2847 2872 2900 Nam
2900 2847 3193 2916 quominus
3216 2846 3450 2913 hospitio

1872 2944 2235 3011 excipiantur,
2266 2942 2682 3009 necessarioque
2716 2938 2785 2992 ad
2813 2939 2935 2993 vit-.e
2967 2953 3099 2992 usus
3141 2937 3207 2991 ab
3249 2938 3338 3001 iis,
3385 2937 3450 2990 ad

1874 3051 2011 3107 quos
2038 3050 2097 3091 se
2127 3034 2431 3099 contulere,
2489 3033 2926 3103 suppeditentur,
2961 3031 3104 3086 haud
3150 3032 3405 3101 prohibet
3436 3047 3453 3085 :

1875 3129 1940 3182 ad
1972 3126 2409 3185 communionem
2440 3139 2570 3181 vero
2600 3125 2747 3195 ipsos
2771 3123 2984 3180 admitti
3022 3138 3194 3179 canon
3234 3124 3456 3178 omnine

1793 3220 1837 3278 C
1871 3228 2037 3274 vetat.

1870 3309 2098 3366 ARIST.
2127 3329 2145 3362 ι
2181 3309 2506 3379 Peregrinus
2557 3309 2814 3378 paciﬁcos
2846 3324 2951 3364 non
2987 3310 3220 3364 alit-rens
3257 3310 3458 3379 cpisto-

2227 3421 2245 3454 ι
2273 3403 2375 3464 las,
2404 3417 2509 3456 non
2553 3411 2635 3456 est
2664 3401 3058 3470 suscipiendus.
3089 3421 3108 3454 ι

1939 3495 2114 3549 Etiam
2150 3495 2202 3550 in
2235 3493 2488 3561 plurimis
2519 3493 2824 3548 canonibus
2853 3494 2956 3548 hoc
3006 3493 3228 3555 dicitur,
3264 3507 3458 3558 nempe

1873 3603 1970 3644 eos
2027 3588 2122 3657 qui
2186 3586 2313 3641 alibi
2376 3585 2724 3648 ordinantur,
2775 3599 2882 3640 non
2935 3585 3303 3639 admittendos
3336 3599 3460 3639 esse

1868 3677 1987 3732 sine
2039 3674 2278 3745 episcopi
2326 3689 2356 3729 a
2410 3689 2520 3744 quo
2549 3675 2950 3732 ordinationem
3007 3684 3338 3745 acceperunt
3367 3675 3460 3730 lit-

1871 3769 2026 3826 teris.

2450 3858 2684 3916 CANON
2728 3858 2864 3913 VIII.

1878 3994 1898 4028 ι
1936 3976 2049 4031 Nec
2095 3973 2403 4045 presbyteri
2461 3973 2553 4041 qui
2585 3981 2712 4027 sunt
2751 3971 2802 4024 in
2847 3969 3159 4040 regionibus
3186 3970 3317 4024 dent
3373 3988 3460 4025 ca-

1958 4086 1978 4119 ι
2013 4066 2238 4120 nonicas
2266 4063 2544 4134 epistolas,
2575 4063 2659 4117 vel
2694 4063 2760 4116 ad
2809 4061 2955 4116 soios
3004 4063 3211 4116 vicinos
3237 4062 3461 4132 episco-

1956 4179 1975 4212 ι
2011 4174 2109 4229 pos
2153 4158 2411 4228 epistolas
2463 4158 2714 4212 emittant
2751 4173 2766 4210 :
2811 4157 3192 4225 choreplscopi
3246 4166 3455 4223 autem,

1949 4272 1971 4309 ι
2014 4254 2144 4310 nulli
2178 4252 2584 4324 reprehensioni
2613 4251 2806 4308 afﬁnes
2835 4251 2967 4305 dent
2991 4251 3270 4320 pacilicas.
3309 4271 3327 4303 ι

1943 4434 2140 4492 BALS.
2173 4433 2416 4490 Didicisti
2448 4447 2695 4502 qutenam
2718 4441 2845 4490 sunt
2881 4433 3120 4502 pacilicas
3155 4433 3237 4488 vel
3265 4434 3461 4488 dimis-

1802 4560 1846 4616 Β
1875 4526 2033 4581 sorite
2088 4524 2354 4595 epistolae,
2406 4533 2459 4578 et
2513 4538 2760 4592 quaenam
2801 4531 2929 4577 sunt
2978 4525 3458 4589 commendatitite,

1874 4633 1995 4688 quae
2048 4617 2302 4671 dicuntur
2347 4623 2402 4669 et
2451 4615 2751 4669 canonica.
2797 4614 2933 4680 Quia
2977 4623 3158 4668 autem
3215 4615 3457 4670 nonnulli

1875 4709 2213 4773 asserebant,
2271 4705 2639 4778 presbyteros,
2690 4704 2780 4774 qui
2846 4714 2970 4759 sunt
3037 4704 3090 4758 in
3149 4704 3462 4775 regionibus

1875 4817 1972 4857 seu
2001 4809 2349 4867 protopapas,
2377 4797 2507 4852 dare
2529 4811 2686 4867 posse
2709 4797 2965 4864 epistolas
2997 4798 3276 4865 pacilicas,
3297 4799 3460 4850 etiam

1874 4893 1940 4946 ad
1966 4892 2176 4947 vicinos
2221 4890 2540 4958 episc0pos;
2571 4904 2637 4943 eo
2667 4891 2811 4958 quod
2869 4888 2970 4958 ipsi
3033 4904 3139 4943 non
3202 4889 3466 4944 haberent

1864 4983 1953 5052 jus
1976 4981 2193 5052 aliquod
2217 4979 2598 5046 ordinationis,
2626 4981 2720 5035 sed
2757 4979 2974 5050 pietatis
3032 4989 3086 5034 et
3134 4980 3461 5036 Christiana;

1870 5075 2274 5131 communionis
2301 5082 2638 5128 :statueruut
2663 5072 2849 5128 Patres
2872 5088 2964 5129 eas
2997 5089 3216 5143 quoque
3247 5074 3376 5128 dare
3406 5075 3459 5128 in

1872 5169 2042 5225 solius
2081 5167 2320 5238 episcopi
2356 5176 2626 5237 potestate
2649 5179 2768 5222 esse
2806 5166 3176 5240 situm.438
3202 5166 3465 5238 Chorepi-

1406 5306 1597 5380 Guill,
1632 5306 1954 5384 Beveregii
1987 5311 2178 5368 notae.

258 5435 372 5505 (ιδ)
421 5434 570 5500 Τοὺς
617 5433 686 5486 δὲ
729 5433 1188 5500 ἀνεπιλήπτους
1242 5433 1761 5505 χωρεπι-σκόπρυς.

198 5502 642 5574 Harmenopolus
660 5515 842 5574 totum
878 5505 1024 5558 hunc
1069 5517 1335 5556 cauonem
1367 5506 1417 5556 iu
1456 5502 1596 5558 hanc
1633 5503 1764 5572 Epi-

181 5585 366 5630 tomen
393 5573 633 5636 redegit:
657 5573 1126 5644 Χωρεπισκόπους
1154 5574 1447 5635 κανονικάς
1477 5575 1769 5636 ἐπιστολὰς

183 5646 400 5711 διδότω,
435 5646 850 5713 Chor-episcopus
890 5645 1173 5698 canonicos
1205 5645 1456 5712 epistolas
1499 5645 1652 5706 dato,
1679 5644 1770 5698 cui

182 5720 388 5784 duplex
423 5717 690 5770 scholium
724 5715 1032 5784 subjicitur.
1070 5713 1313 5768 Primum
1347 5714 1565 5782 quidem
1600 5731 1616 5770 ε
1644 5713 1771 5768 Χω-

189 5787 518 5858 ρεπίσκοποι
547 5788 594 5839 οί
624 5784 720 5839 νῦν
755 5785 1040 5858 λεγόμεκοι
1062 5785 1303 5858 ἔξαρχοι,
1336 5785 1445 5836 εἴτε
1478 5784 1766 5854 πατριάρ-

191 5855 294 5929 χου
341 5859 498 5925 εἰσὶν,
551 5859 660 5912 εἴτε
701 5856 1132 5928 μητροπολίτουο
1166 5855 1567 5926 ⁷(ῘΙιογευὶεεορὶ
1621 5865 1764 5924 sunt,

1869 5434 1960 5500 qui
2006 5448 2146 5485 nunc
2222 5442 2482 5486 vocantur
2545 5430 2786 5492 exarchi,
2835 5431 2942 5485 sive
2990 5431 3060 5482 ad
3098 5430 3460 5499 patriarcham

1869 5505 2194 5572 pertineant.
2229 5505 2337 5557 sive
2361 5505 2430 5556 ad
2455 5501 2949 5572 metropolitanum.
2981 5503 3227 5572 Alterum
3267 5511 3453 5556 autem

1867 5570 1949 5629 Sic
1981 5589 2039 5626 se
2069 5575 2232 5627 habet
2252 5591 2265 5628 :
2286 5573 2345 5628 Ὀ
2369 5573 2424 5625 δὲ
2444 5573 2504 5626 ιδ’
2537 5570 2636 5642 τῆς
2657 5571 2841 5641 (lo-.36.}.
2876 5570 3234 5636 ἀναγνώστας
3281 5589 3457 5640 χειρο-

1868 5646 2044 5696 τονεῖν
2079 5643 2315 5703 δίδωσιν,
2363 5643 2412 5696 εί
2449 5644 2522 5712 μὴ
2584 5644 2706 5696 κατ’
2765 5644 3071 5710 ἐπιτροπὴν
3115 5645 3446 5698 ἐπισκόπου.

1872 5713 2060 5768 Conon
2109 5730 2225 5767 vero
2277 5715 2345 5768 Η
2379 5713 2572 5782 synodi
2603 5714 2634 5765 8
2693 5730 2856 5781 neque
2900 5713 3119 5765 lectores
3159 5724 3214 5764 ut
3249 5715 3460 5766 ordinet

1874 5783 2312 5912 LChorepiscopo]
2384 5786 2666 5847 concedit,
2728 5785 2832 5837 nisi
2895 5785 3154 5850 permissu
3199 5786 3454 5854 episcopi.

1927 5871 2211 5912 armenoo.
2256 5855 2399 5912 Epit.
2431 5871 2556 5912 can.
2600 5866 2736 5912 sect.
2773 5855 2818 5912 l.
2848 5856 2929 5910 tit.
2973 5854 3026 5911 9.

1927 5871 2211 5927 armenop.
2256 5854 2399 5926 Epit.
2431 5871 2556 5914 can.
2600 5866 2736 5913 sect.
2773 5855 2818 5921 l,
2848 5856 2929 5910 tit.
2973 5854 3026 5911 9.
