4164 6426
101 418 262 495 '130!

1200 442 1278 498 IN
1325 442 1491 500 CAN.
1538 440 1588 498 Χ
1627 439 1836 500 (.ONC.
1889 445 1943 501 ll
1994 444 2348 504 ANl‘lOCll.

3253 431 3389 499 1302

118 547 174 594 ἐν
206 545 378 596 ἂπασι
413 547 715 613 συμφωνεῖ.
754 547 920 600 Ὥστε
947 548 983 603 ἃ
1014 549 1070 602 ἐν
1123 552 1316 622 ἐκείνῳ
1349 556 1567 625 εἴρηται
1600 553 1694 606 καὶ

1822 559 2076 624 :ougruit.
2133 559 2206 612 Ex
2253 560 2320 611 iis
2350 573 2481 625 ergo
2517 571 2636 624 qua:
2696 556 2768 610 ibi
2823 557 2965 610 dicta
3017 563 3163 616 sunt,
3215 553 3377 620 hujus

115 637 209 688 τὸν
237 635 429 689 τούτου
465 637 592 691 νοῦν
625 641 936 709 παριστῶσι
976 641 1054 710 τῷ
1091 642 1428 714 βουλομένῳ.

115 813 331 868 ΑΡΙΣΤ.
386 833 405 867 ι
455 817 562 869 Τοῦ
614 820 1012 887 μητροπολίτω
1054 824 1156 892 τῆς
1187 822 1416 892 γνώμης
1453 825 1697 896 ἀναρτᾶ-

193 925 213 958 ι
260 907 384 960 σθαι
432 911 562 973 τοὺς
609 912 969 977 ἐπισκόπους,
1003 914 1098 966 καὶ
1155 915 1310 983 μήτι
1365 919 1464 985 τῆς
1518 918 1700 970 αὐτῶν

200 1018 217 1050 ι
264 1002 524 1071 προνοίας
558 1005 872 1072 οἰκονομεῖν
905 1006 1054 1073 δίχα,
1103 1008 1134 1075 ἢ
1195 1007 1356 1074 μόνον
1391 1009 1460 1062 τὰ
1489 1012 1554 1080 τῇ
1590 1011 1700 1084 ἰδία

195 1110 213 1142 ι
259 1095 446 1165 ἐνορίᾳ
478 1099 896 1166 προσπίπτοντα
929 1101 1025 1152 καὶ
1051 1104 1398 1170 χειροθεσίας
1437 1104 1701 1174 ἀνεπιλή-

192 1203 211 1236 ι
255 1202 407 1249 πτοις
436 1190 697 1258 ἀνδράσιν
728 1192 1024 1252 ἐπιτελεῖν.
1071 1216 1091 1249 ι

188 1280 273 1332 Τὰ
307 1281 447 1334 αὐτὰ
471 1282 547 1351 τῷ
570 1285 884 1356 τριακοστῷ
908 1290 1160 1360 τετάρτῳ
1180 1291 1367 1344 κανόνι
1389 1290 1501 1344 τῶν
1531 1290 1703 1359 ἁγίων

115 1374 435 1428 ἀποστόλων
470 1377 567 1431 καὶ
603 1379 631 1430 ό
662 1378 855 1454 ίκανὼν
888 1374 1045 1445 οὗτος
1074 1384 1347 1449 διδάσκει,
1405 1385 1465 1438 τὸ
1517 1386 1702 1454 ἐπιγι-

115 1467 347 1521 νώσκειν
402 1470 529 1533 τοὺς
581 1450 917 1538 ἐπίσκόπους
985 1475 1226 1547 ἑκάστης
1285 1479 1558 1549 ἐπαρχίας
1614 1450 1708 1531 τὸν

114 1558 310 1611 ἑαυτοῦ
341 1561 578 1630 πρῶτον,
629 1565 721 1617 καὶ
753 1565 880 1618 ἄνευ
911 1568 1138 1639 γνώμης
1194 1569 1360 1622 αὑτοῦ
1400 1571 1536 1641 μήτε
1588 1570 1710 1621 ἐπι-

117 1652 356 1716 σκόπους
428 1654 788 1723 ψηφίζεσθαι,
850 1660 1110 1730 μήτεξτι
1180 1661 1366 1733 ἕτερον
1449 1662 1710 1732 περιττὸν

114 1743 380 1809 πράττειν
425 1745 532 1797 τῶν
583 1748 763 1799 ἐκεῖσε
842 1749 976 1819 παρ’
1019 1749 1178 1819 ἡμῶν
1243 1751 1575 1823 εἰρημένων,
1661 1750 1709 1804 εἰ

119 1835 260 1901 μόνα
307 1835 367 1887 τὰ
398 1836 760 1891 ἐπιϐάλλοντα
823 1843 890 1911 τῇ
947 1843 1181 1896 ἑκάστου
1240 1842 1544 1913 παροικίᾳ·
1613 1845 1710 1896 καὶ

115 1930 445 1995 χειροτονεῖν
519 1929 915 2000 πρεσϐύτερον,
961 1934 1056 1986 καὶ
1123 1935 1396 1998 διάκονον,
1456 1936 1553 1987 καὶ
1612 1936 1710 1988 ὅσα

111 2018 327 2082 τούτοις
357 2021 647 2076 ἀκόλουθα.

735 2115 983 2170 ΚΑΝΩΝ
1031 2119 1087 2173 1⁸.

123 2216 144 2248 ι
195 2199 334 2262 Τοὺς
364 2202 421 2252 ἐν
451 2203 575 2266 ταῖς
624 2201 844 2274 κώμαις
881 2204 913 2275 ἢ
949 2209 1071 2270 ταῖς
1119 2206 1349 2280 χώραις,
1383 2210 1416 2280 ἢ
1446 2213 1572 2275 τοὺς
1604 2229 1707 2265 κα-

199 2309 220 2341 ι
262 2291 554 2362 λουμένους
597 2296 1077 2366 χωρεπισκόπους,
1110 2300 1157 2352 εί
1201 2302 1294 2353 καὶ
1344 2302 1697 2372 χειροθεσίαν

204 2401 226 2436 ι
267 2380 374 2438 εἷεν
408 2387 710 2442 ἐπισκόπου
760 2388 1066 2459 εἰληφότες,
1098 2392 1244 2459 ἔδοξε
1291 2396 1357 2465 τῇ
1406 2395 1538 2466 ἁγίᾳ
1583 2413 1709 2449 συν·

200 2497 221 2530 ι
265 2478 367 2548 όδῳ
417 2477 618 2533 εἰδέναι
667 2479 739 2533 τὰ
809 2482 1022 2536 ἑαυτῶν
1081 2483 1299 2555 μέτρα,
1337 2486 1430 2539 καὶ
1480 2487 1710 2540 διοικεῖν

203 2586 224 2620 ι
264 2569 358 2632 τὰς
403 2569 771 2642 ὑποκειμένας
837 2574 1022 2636 αὐτοῖς
1089 2575 1424 2646 ἐκκλησίας,
1489 2580 1586 2632 καὶ
1646 2581 1711 2649 τῇ

204 2678 226 2711 ι
264 2661 466 2714 τούτων
493 2662 781 2733 ἀρκεῖσθαι
813 2665 1054 2736 φροντίδι
1085 2669 1182 2720 καὶ
1218 2668 1537 2741 κηδεμονίᾳ,
1575 2672 1707 2725 καθ-

206 2768 227 2802 ι
269 2753 418 2822 ιστᾷν
467 2752 525 2805 δὲ
575 2754 935 2822 ἀναγνώστας
999 2757 1094 2810 καὶ
1168 2757 1562 2823 ὑποδιακόνους
1618 2761 1715 2813 καὶ

209 2860 230 2895 ι
274 2843 624 2913 ἐφορκιστὰς.
653 2845 748 2898 καὶ
775 2849 839 2917 τῇ
870 2847 1082 2902 τούτων
1117 2850 1409 2918 ἀρκεῖσθαι
1456 2869 1710 2921 προαγω-

206 2952 228 2988 ι
272 2937 362 3007 γῇ,
402 2937 542 3004 μήτε
588 2936 649 2990 δέ
700 2938 1081 3008 πρεσϐύτερον
1119 2942 1261 3012 μήτε
1303 2942 1554 2996 διάκονον
1597 2961 1713 3012 χει-

209 3045 230 3078 ι
270 3029 506 3096 ροτονεῖν
534 3029 743 3098 τολμᾷν
783 3028 909 3100 δίχα
949 3030 1046 3084 τοῦ
1098 3034 1157 3087 ἐν
1186 3035 1252 3103 τῇ
1302 3035 1456 3087 πόλει
1479 3036 1716 3094 ,ἐπισκό-

209 3137 230 3172 ι
277 3136 401 3184 που,
498 3121 820 3176 ὑπόκεινται
848 3123 1012 3187 αὐτός
1053 3142 1111 3179 τε
1148 3128 1243 3179 καὶ
1272 3128 1303 3196 ἡ
1335 3126 1512 3198 χώρα.
1561 3130 1624 3182 Ei
1652 3130 1711 3183 δέ

211 3228 234 3264 ‹
275 3212 566 3283 τολμήσειέ
597 3231 682 3276 τις
725 3215 1043 3304 παραξῆναι
1071 3218 1138 3272 τὰ
1167 3219 1482 3290 ὁρισθέντα,
1512 3221 1712 3275 καθαι-
1738 3239 1784 3304 C

213 3320 235 3354 ι
278 3304 488 3373 ρεῖσθαι
535 3304 700 3358 αὐτὸν
750 3306 844 3359 καὶ⁵
876 3301 946 3378 ἧς
979 3309 1197 3379 μετέχει
1223 3310 1393 3380 τιμῆς
1415 3327 1430 3343 ·
1465 3313 1714 3383 χωρεπί-

214 3411 236 3445 ‹
280 3411 481 3447 σκοπον
528 3395 586 3449 δὲ
642 3396 892 3463 γίνεσθαι
945 3398 1052 3452 ὑπὸ
1101 3398 1198 3452 τοῦ
1220 3400 1324 3469 τῆς
1378 3401 1620 3469 πόλεως,

214 3503 236 3536 ι
283 3486 584 3550 ὑπόκειται,
613 3488 939 3542 ἐπισκόπου.
982 3507 1000 3540 ι

215 3577 408 3631 ΒΑΛΣ.
465 3579 869 3650 Κεκωλυμένον
925 3580 1033 3634 ὑπὸ
1090 3582 1202 3636 τῶν
1259 3584 1510 3638 κανόνων
1568 3587 1717 3639 ἐστὶν

131 3669 474 3733 ἐπισκόπους
507 3669 757 3739 γίνεσθαι
788 3673 869 3735 είς
926 3671 1190 3743 βραχείας
1230 3676 1418 3740 πόλεις
1465 3677 1561 3730 καὶ
1605 3678 1716 3732 κώ-

134 3776 247 3829 μας
269 3775 285 3791 ·
317 3761 409 3812 καὶ
433 3760 521 3813 διὰ
544 3760 704 3814 τοῦτο
737 3762 1106 3832 ἐχειροτόνουν
1129 3766 1210 3828 είς
1240 3767 1447 3830 ταύτας
1475 3770 1717 3840 πρεσϐυ-

129 3852 349 3922 τέρους,
393 3853 564 3923 ἤγουν
613 3855 1060 3924 πρωτοπαπὰὧας
1108 3857 1206 3910 καὶ
1241 3862 1718 3930 χωρεπισκόπους.

145 3943 300 3996 Ἐπεὶ
335 3942 389 3994 δέ
418 3959 562 4005 τινες
584 3943 694 3996 τῶν
726 3945 1168 4014 χωρεπισκόπων
1198 3948 1523 4018 ἐπεχείρουν
1555 3953 1721 4022 ἱερεῖς

131 4038 486 4108 χειροτονεῖν,
540 4035 636 4087 καὶ
705 4035 874 4105 ἐτερά
947 4053 1069 4090 τινα
1135 4038 1476 4094 ἐπισκοπικὰ
1529 4041 1716 4097 δίκαια

134 4128 404 4192 ἐνεργεῖν,
464 4125 560 4178 καὶ
633 4126 978 4193 αἰτιώμενοι,
1043 4127 1234 4195 ελεγον
1307 4129 1490 4194 καλῶς
1557 4131 1720 4186 τοῦτο

133 4220 337 4283 ποιεῖν,
380 4217 471 4271 διὰ
539 4219 601 4271 τὸ
670 4218 928 4284 δέξασθαι
979 4221 1324 4290 χειροθεσίαν
1376 4224 1716 4280 ἐπισκόπουο

132 4308 344 4379 ὥρισαν
375 4308 424 4360 οἱ
455 4308 702 4378 Ιιατέρες
734 4309 841 4362 ἀπὸ
872 4309 1062 4362 τούτου
1116 4310 1191 4382 μὴ
1242 4311 1578 4381 ὠφελεῖσθαι
1625 4318 1722 4370 αύ-

130 4399 264 4460 τοὺς
289 4399 367 4461 είς
395 4399 454 4451 τὸ
488 4399 810 4470 παρεξιέναι
853 4399 926 4453 τὰ
958 4401 1068 4453 ἀπὸ
1098 4400 1208 4455 τῶν
1254 4403 1498 4458 κανόνων
1526 4407 1720 4477 ἐπιφι-

131 4489 502 4557 λοτιμηθέντα
552 4491 765 4552 τούτοις
809 4491 1129 4561 προνόμια,
1192 4493 1329 4563 μηδέ
1390 4502 1721 4566 χειροτονεῖν

1801 666 2016 722 quoque
2063 653 2474 720 intelligentiam
2504 652 2682 721 facile,
2715 653 2808 723 qui
2836 650 3087 712 voluerit,
3121 663 3376 715 asseque-

1804 754 1914 799 tur.

1807 836 2035 892 AltlST.
2073 856 2091 890 ι
2137 837 2179 891 Ᾱ
2207 838 2563 907 metropoiilze
2597 836 2864 891 sententia
2891 835 3128 906 pendere
3173 842 3388 904 oportet

1883 949 1902 982 ι
1936 931 2244 1001 episc0pos,
2279 939 2334 984 et
2369 930 2504 985 nihil
2542 931 2680 985 citra
2713 930 2859 984 illius
2895 930 3181 984 consilium
3236 929 3387 981 insli-

1880 1041 1897 1072 ι
1945 1031 2116 1089 tuere,
2153 1023 2255 1076 nisi
2279 1037 2341 1076 ea
2386 1023 2499 1078 sola
2529 1039 2649 1092 quae
2685 1023 2751 1076 ad
2797 1039 2949 1077 suam
2999 1024 3262 1091 cujusque
3292 1038 3388 1089 pu-

1877 1131 1895 1163 ‹
1936 1114 2158 1167 rceciam
2219 1124 2487 1183 spectant,
2536 1123 2590 1168 et
2649 1114 2782 1167 viris
2836 1113 3248 1182 reprehensioni
3285 1129 3387 1165 nou

1878 1224 1896 1256 ι
1933 1207 2184 1261 obnoxiis
2213 1209 2722 1276 manusimponere.
2763 1227 2781 1258 ι

1883 1295 2081 1349 Eadem
2126 1311 2190 1351 ac
2233 1297 2542 1351 tricesimus
2571 1308 2802 1367 quartus
2833 1305 3147 1352 sanctorum
3182 1301 3389 1358 aposto-

1809 1385 1986 1440 lorum
2023 1401 2196 1442 canon
2243 1388 2408 1442 etiam
2460 1391 2548 1443 hic
2599 1388 2780 1454 docet,
2811 1389 3100 1458 episcopos
3134 1384 3390 1437 nimirum

1811 1478 2240 1547 uniuscujusque
2272 1480 2569 1548 provinciae
2603 1481 2842 1549 primum
2878 1495 3036 1532 suum
3066 1490 3393 1545 cognoscere

1812 1577 1866 1622 et
1913 1570 2031 1624 siue
2060 1571 2177 1636 ejus
2207 1572 2480 1626 sententia
2533 1585 2632 1625 nec
2678 1572 2965 1640 episcopos
3018 1571 3240 1641 eligere,
3297 1585 3396 1622 nec

1815 1660 2016 1730 aliquid
2053 1662 2219 1725 aliud,
2255 1676 2320 1717 ex
2353 1662 2420 1717 iis
2448 1677 2566 1731 quae
2604 1662 2674 1716 ibi
2704 1663 2982 1723 dicuntur,
3044 1661 3223 1728 magni
3279 1675 3394 1712 mo-

1815 1753 1984 1806 menti
2013 1751 2217 1817 facere,
2255 1755 2349 1808 sed
2381 1768 2445 1808 ea
2479 1755 2594 1808 sola
2639 1769 2760 1823 quae
2793 1754 2857 1806 ad
2889 1751 3150 1820 cujusque
3177 1753 3398 1818 praviu-

1818 1843 1956 1897 ciam
1983 1852 2249 1913 spectant,
2273 1855 2326 1900 et
2343 1845 2715 1915 presbyterum
2736 1857 2799 1896 ac
2815 1844 3104 1898 diaconum
3123 1844 3397 1906 ordinare,

1815 1945 1866 1990 et
1895 1951 2228 2006 quaecunque
2261 1937 2410 1992 hisce
2436 1945 2562 1992 sunt
2595 1937 2818 1991 similia.

2343 2111 2510 2185 (.39
2532 2113 2758 2168 cauo.
2796 2111 2863 2167 Χ.

1821 2222 1839 2256 ι
1875 2201 1911 2255 li
1937 2203 2028 2273 qui
2053 2211 2181 2257 sunt
2204 2203 2256 2257 in
2280 2204 2415 2259 vicis
2438 2205 2523 2258 vel
2547 2204 2887 2274 regionibus.
2911 2203 2993 2258 vel
3015 2203 3108 2272 qui
3134 2203 3394 2256 dicuntur

1892 2313 1911 2347 ι
1945 2294 2344 2365 chorepiscOpi,
2365 2295 2527 2350 etiam
2548 2295 2592 2350 si
2617 2295 2856 2364 episcOpi
2885 2309 3144 2348 manuum
3173 2294 3402 2362 imposi-

1897 2403 1915 2438 ι
1953 2388 2156 2442 tionem
2192 2390 2525 2456 acceperint,
2560 2386 2738 2440 visum
2781 2393 2863 2440 et
2913 2394 3118 2440 sanetae
3171 2384 3404 2455 synodo,

1891 2497 1911 2530 ι
1947 2487 2006 2534 ut
2031 2495 2190 2535 suum
2217 2481 2439 2534 modum
2464 2479 2664 2542 sciant,
2693 2485 2748 2532 et
2781 2477 2885 2532 sibi
2919 2476 3195 2544 subjectas
3223 2478 3400 2529 eccle-

1897 2590 1916 2623 ι
1958 2571 2072 2628 sias
2099 2571 2511 2633 administrent.
2546 2584 2848 2636 earumque
2877 2583 3014 2624 cura
3044 2579 3098 2624 et
3130 2570 3395 2624 sollicitu-

1899 2682 1918 2714 ι
1958 2663 2084 2718 dine
2113 2663 2351 2732 gerenda
2376 2666 2619 2718 contenti
2655 2663 2767 2718 sint
2801 2681 2813 2716 :
2850 2663 3191 2718 constituant
3223 2675 3404 2716 autem

1897 2771 1917 2805 ι
1957 2753 2210 2818 lectores,
2245 2753 2651 2824 hypodiaconos
2681 2761 2736 2807 et
2759 2755 3089 2818 exorcistas,
3123 2763 3176 2808 et
3214 2770 3404 2807 eorum

1907 2860 1926 2894 ι
1965 2845 2296 2912 promotioni
2341 2844 2589 2900 suﬁieere
2619 2844 2976 2909 existiment;
3021 2847 3406 2915 presbyterum

1900 2953 1920 2987 ι
1986 2952 2119 2992 vero
2172 2946 2268 2991 aut
2317 2936 2610 2992 diaconum
2665 2938 2926 2992 ordinare
2981 2953 3088 2993 non
3147 2938 3408 3002 audeant,

1904 3049 1922 3083 ι
1961 3031 2172 3100 absque
2205 3028 2360 3085 urbis
2390 3030 2670 3100 episeopo,
2721 3031 2809 3085 cui
2862 3031 3157 3099 subjicitur
3199 3031 3315 3100 ipse
3351 3041 3406 3084 et

1911 3140 1931 3176 ι
1977 3124 2148 3195 regio.
2187 3122 2243 3177 Si
2285 3123 2412 3193 quis
2462 3133 2642 3177 autem
2669 3126 2766 3185 'ea,
2817 3138 2938 3193 quae
2981 3124 3203 3178 deﬁnita
3255 3134 3404 3187 sunt,

1899 3233 1918 3266 ι
1954 3214 2264 3284 transgredi
2299 3214 2516 3280 audeat,
2566 3215 2684 3284 ipse
2712 3229 2933 3284 quoque
2980 3215 3210 3279 honore,
3241 3230 3403 3284 quem

1903 3325 1925 3360 ι
1965 3308 2152 3372 habet,
2184 3308 2430 3378 privetur
2466 3307 2605 3373 :’_liat
2633 3315 2816 3361 autem
2859 3308 3301 3378 chorepiscopus
3338 3313 3406 3361 ab

1906 3416 1926 3450 ι
1960 3399 2224 3470 episcopo
2253 3398 2515 3465 civitatis,
2556 3399 2644 3453 cui
2673 3397 2989 3468 subjicitur.
3023 3416 3043 3450 ι

1887 3577 2080 3633 BALS.
2118 3577 2466 3634 Prohibitum
2499 3589 2584 3635 est
2617 3594 2646 3632 a
2671 3578 2995 3643 canonibus,
3031 3594 3099 3633 ne
3139 3579 3189 3632 in
3223 3580 3410 3648 parv’s

1820 3672 2048 3727 urbibus
2074 3681 2127 3728 et
2159 3673 2294 3728 vicis
2319 3673 2449 3726 [iant
2493 3673 2735 3742 episcopi
2776 3689 2794 3739 ;
2830 3681 2884 3728 et
2937 3681 3229 3740 propterea
3285 3688 3417 3741 pre-

1821 3765 2074 3835 sbyteros
2105 3765 2160 3820 in
2191 3765 2274 3819 eis
2311 3765 2666 3828 ordinabant,
2702 3779 2798 3818 seu
2830 3770 3162 3833 protopapas
3189 3772 3242 3818 et
3278 3765 3414 3817 cho—

1821 3857 2173 3926 repiscopos.
2234 3856 2374 3923 Quia
2439 3864 2622 3910 autem
2689 3856 2939 3909 nonnulli
3014 3856 3400 3925 chorepiscopi

1819 3947 2169 4002 conabantur
2212 3947 2471 4000 ordinare
2516 3945 2856 4012 sacerdotes,
2892 3957 2947 4001 et
2999 3947 3105 4001 alia
3163 3951 3413 4017 quaedam

1816 4041 1943 4110 jura
1972 4039 2308 4110 episeopalia
2340 4052 2636 4101 exercere;
2669 4047 2723 4093 et
2769 4041 3022 4094 accusati
3065 4039 3323 4092 dicebant
3354 4057 3414 4094 se

1823 4133 1928 4187 hoc
1959 4139 2106 4185 recte
2137 4130 2338 4192 facere,
2367 4130 2512 4199 quod
2538 4131 2779 4199 episcOpi
2815 4146 3077 4184 manuum
3109 4130 3418 4198 impositio-

1822 4237 1948 4276 nem
1976 4221 2327 4290 accepissent
2361 4238 2374 4274 :
2411 4229 2726 4276 statuerunt
2760 4221 2950 4276 l’atres
2978 4237 3074 4276 eos
3107 4237 3213 4275 non
3251 4238 3316 4276 ex
3349 4237 3414 4274 eo

1823 4311 2096 4382 adjuvari,
2127 4321 2188 4367 ut
2228 4312 2544 4382 privilegia,
2577 4327 2700 4381 qum
2731 4313 2839 4368 illis
2881 4328 2910 4366 a
2949 4314 3259 4368 canouibus
3287 4330 3418 4369 con-

1822 4420 1979 4461 cessa
2001 4414 2150 4471 sunt,
2172 4405 2669 4476 transgrediantur,
2699 4421 2801 4460 nec
2822 4407 3081 4461 ordinent
3123 4407 3416 4460 diaconum

1826 4493 1909 4548 vel
1933 4493 2314 4564 presbyterum
2355 4494 2474 4549 sine
2507 4494 2792 4563 episc0po,
2823 4494 2918 4549 sed
2958 4495 3108 4549 Solos
3151 4495 3416 4556 lectores.

129 4581 386 4634 διάκονον
413 4581 446 4649 ἢ
481 4581 856 4652 πρεσϐύτερον
906 4583 1028 4652 δίχα
1064 4583 1160 4637 τοῦ
1217 4584 1546 4653 ἐπισκόπου,
1578 4591 1715 4648 ἀλλὰ

1824 4586 2197 4645 subdiaconos
2221 4595 2275 4640 et
2302 4585 2632 4651 exorcistas,
2674 4588 2790 4641 slve
2825 4587 3183 4650 catechistas,
3230 4597 3284 4640 et
3324 4589 3416 4639 adv

135 4672 336 4741 μόνους
368 4673 749 4741 ἀναγνώστας,
782 4675 1176 4738 ὑποδιακόνους
1217 4679 1315 4730 καὶ
1358 4680 1717 4755 ἐφορκιστὰς,

130 4768 260 4834 ἦτοι
289 4767 627 4836 κατηχητὰς,
663 4767 888 4820 διοικεῖν
919 4785 978 4820 τε
1007 4769 1100 4820 καὶ
1127 4768 1196 4822 τὰ
1227 4770 1565 4828 ἀνατεθέντα
1593 4779 1725 4830 τού-

129 4875 254 4919 τοις
287 4857 721 4927 ἐκκλησιαστικὰ
756 4861 1084 4928 πράγματα,
1119 4861 1151 4930 ῆ
1211 4861 1320 4932 μὴν
1350 4865 1417 4916 ἐκ
1463 4869 1720 4937 παραϐα-

131 4953 261 5013 σίας
283 4951 392 5003 τῶν
428 4951 806 5020 διορισθέντων
831 4953 1153 5005 ὑποκεῖσθαι
1186 4955 1509 5026 καθαιρέσει
1535 4964 1628 5014 καὶ
1653 4958 1725 5034 ἦς

133 5044 411 5114 μετέσχον
441 5045 627 5114 τιμῆς.
662 5044 828 5096 Ἐπεὶ
855 5046 912 5098 δέ
942 5062 1092 5108 τινες
1119 5045 1455 5112 ἐσπούδαζον
1482 5050 1541 5116 ἐξ
1584 5052 1723 5106 ἀλα-

128 5135 353 5201 ζονείας
403 5135 748 5206 χειροθεσίαν
781 5137 1209 5206 χωρεπισκόπου
1245 5137 1433 5192 λαϐεῖν
1481 5142 1590 5194 ἀπὸ
1621 5161 1727 5214 μη-

125 5225 466 5297 τροπολίτου
511 5226 940 5298 ῆπατριάρχου,
981 5230 1055 5300 μὴ
1109 5231 1572 5300 ἐπιστρεφόμενοι
1619 5235 1728 5287 τῶν

125 5319 428 5386 ἐγχωρίων
501 5319 856 5385 ἐπισκόπων,
914 5320 1163 5392 ἐκωλύθη
1226 5324 1322 5374 καὶ
1373 5324 1574 5376 τοῦτο’
1633 5328 1728 5377 καὶ

125 5410 356 5479 ὡρίσθη
387 5411 520 5481 παρ’
549 5413 718 5465 αὑτοῦ
768 5413 1074 5465 ἐπισκόπου
1107 5415 1208 5485 τῆς
1237 5414 1448 5476 πόλεως
1474 5415 1726 5482 γίνεσθαι

118 5504 229 5557 τὸν
258 5505 699 5574 χωρεπίσκοπον,
725 5505 813 5559 ἵνα
843 5507 1133 5559 ὑπόκειται
1159 5505 1332 5575 αὐτῷ,
1364 5509 1460 5560 καὶ
1491 5508 1568 5578 μὴ
1617 5526 1720 5561 κα·

121 5599 387 5666 ταφρονῇ
418 5599 632 5660 τούτου,
659 5599 735 5660 ὡς
787 5598 862 5668 μὴ
905 5598 1200 5656 δεδωκότος
1236 5599 1384 5670 αὐτῷ
1414 5599 1512 5667 τὴν
1545 5615 1728 5670 χειρο-

120 5689 328 5742 οεσίαν
354 5691 451 5743 τοῦ
469 5689 798 5761 ἀξιώματος.
822 5692 1015 5754 Καλῶς
1040 5692 1098 5744 δέ
1130 5693 1261 5761 περὶ
1289 5694 1728 5762 χωρετιισκόπων

122 5782 306 5851 μόνον
337 5783 680 5853 πεποιήκασι
711 5783 803 5837 τὸν
836 5782 1050 5837 ἅπαντα
1099 5784 1258 5852 λόγον
1290 5785 1336 5836 οἱ
1370 5783 1632 5852 Πατέρες,
1665 5783 1724 5834 οὐ

119 5873 248 5943 μὴν
284 5872 381 5928 καὶ
413 5876 538 5945 περὶ
573 5875 984 5948 πρεσϐυτέρων.
1023 5875 1158 5929 Οὐδὲ
1192 5876 1300 5947 γὰρ
1328 5869 1394 5944 ἦν
1428 5873 1723 5945 ἀμφιδολία

1829 4680 2145 4736 ministrent
2189 4693 2279 4733 res
2309 4679 2738 4745 ecclesiasticas,
2786 4695 2909 4748 quae
2938 4690 3067 4735 sunt
3101 4681 3212 4735 illis
3258 4683 3416 4733 altri-

1827 4772 2004 4836 butae;
2035 4772 2240 4842 alioqui
2287 4780 2511 4842 propter
2547 4787 2762 4836 eorum,
2815 4788 2941 4842 qua:
2988 4775 3213 4828 dctinita
3267 4784 3415 4834 sunt,

1830 4862 2323 4933 transgressionem
2365 4860 2690 4929 depositioni
2727 4861 3117 4930 subjiciuntur,
3149 4870 3202 4914 et
3243 4875 3269 4911 a
3318 4878 3416 4913 suu

1830 4950 2040 5004 honore
2069 4949 2346 5003 excidant.
2391 4947 2529 5014 Quia
2577 4959 2760 5004 autem
2813 4951 3065 5004 nonnulli
3117 4954 3411 5004 contcmlc-

1830 5043 1986 5105 bant,
2042 5049 2267 5111 propter
2318 5042 2715 5110 arrogantiam,
2767 5057 2796 5094 a
2853 5043 3276 5111 metrOpolitano
3335 5045 3415 5096 vel

1829 5136 1993 5192 etiam
2028 5135 2354 5205 jpatriareha
2402 5134 2780 5204 chorepiscopi
2825 5137 3224 5190 ordinationem
3271 5137 3413 5189 aeci-

1830 5243 1981 5299 pere,
2009 5228 2394 5297 episcoporum
2427 5227 2666 5298 regionis
2692 5228 2897 5281 nullam
2922 5243 3108 5282 curam
3130 5239 3412 5296 gerentes;

1831 5319 1935 5373 hoc
1969 5332 2188 5389 quoque
2235 5318 2575 5388 prohibitum
2613 5327 2698 5374 est
2732 5335 2746 5374 :
2780 5329 2833 5375 et
2864 5319 3179 5374 ordinatum
3217 5319 3284 5371 ab
3326 5335 3412 5372 ur-

1830 5410 2198 5480 biscpiscopo
2221 5410 2338 5464 ﬁeri
2372 5411 2856 5482 chorepiscopum,
2888 5423 2944 5466 ut
2975 5413 3024 5468 ei
3053 5413 3412 5481 subjiciatur;

1832 5518 1931 5558 nec
1965 5517 2088 5558 eum
2125 5512 2462 5567 contemnat,
2502 5515 2562 5558 ut
2605 5507 2700 5574 qui
2741 5506 2791 5560 ei
2837 5506 3119 5575 dignitatis
3163 5507 3410 5560 ordinem

1831 5611 1941 5652 non
1987 5596 2217 5650 dederit.
2265 5595 2433 5652 Recte
2476 5607 2658 5652 autem
2706 5599 2773 5653 de
2827 5599 2961 5654 solis
3003 5599 3409 5669 chorepiscOpi:

1830 5689 1995 5743 verba
2023 5704 2238 5756 semper
2270 5690 2515 5746 fecerunt
2555 5689 2767 5754 Patres,
2816 5706 2923 5744 non
2970 5693 3134 5744 ctiam
3175 5694 3240 5747 de
3294 5708 3409 5758 pre-

1831 5781 2087 5852 sbyteris.
2118 5781 2305 5852 Neque
2346 5786 2491 5837 enim
2539 5795 2655 5839 erat
2701 5785 2767 5840 de
2815 5786 2882 5840 iis
2920 5787 3166 5848 dubium,
3215 5798 3272 5840 ut
3322 5807 3408 5856 qu.

1835 5876 2038 5932 nullum
2076 5875 2278 5931 aditum
2318 5878 2660 5946 accepissent
2694 5879 2755 5931 ad
2791 5879 3192 5935 ordiualimcm
3247 5882 3408 5932 ullam
