4164 6426
758 365 892 453 1303

2057 394 2328 455 THEOD.
2367 395 2765 457 BALSAMON

3890 394 4010 458 ιδοι

757 501 1086 556 faciendam.
1152 502 1579 574 Interrogaverit
1645 514 1825 560 autem
1885 506 2180 576 quispiam,
2227 521 2312 561 cui

2433 513 2561 582 περί
2585 513 2788 576 αὐτῶν,
2823 506 2912 564 οἷα
2958 511 3095 582 μηδέ
3142 509 3418 563 λαϐόντων
3469 509 3607 570 ὅλως
3662 507 3909 577 πάροδον
3939 511 4004 568 εἰς

756 593 924 647 verbo
953 593 1310 662 depositionis
1334 596 1575 652 additum
1607 607 1713 662 est,
1755 598 1823 653 ab
1861 597 2068 654 honore
2109 613 2331 669 quoque

754 686 954 755 deponi
989 686 1011 739 ?
1044 686 1272 742 Salutio.
1318 687 1572 743 Nonnulli
1620 691 1871 744 instaban
1905 699 1944 756 ι,
1980 691 2330 760 chorepisco-

756 793 881 846 pum
913 779 1152 847 quidem,
1181 779 1278 848 qui
1313 788 1689 851 transgressus
1730 783 2056 848 est,debere
2089 783 2328 852 deponi;

756 869 851 924 sed
890 880 1071 925 tamen
1113 871 1614 942 cliorepiscOpalem
1655 874 1916 929 honorem
1971 875 2171 931 habere
2215 876 2331 932 sive

753 961 1162 1025 cathedram,et
1197 962 1427 1032 reliqua,
1487 971 1547 1018 ut
1586 966 1701 1020 vult
1747 981 1921 1021 canon
1969 967 2002 1021 9
2043 968 2327 1023 Neocaesa-

752 1053 950 1107 riensis
1010 1054 1202 1123 synodi
1235 1065 1289 1110 et
1328 1055 1392 1110 21
1434 1062 1488 1110 et
1544 1057 1614 1110 26
1685 1067 1853 1112 sextae
1925 1060 2141 1128 synodi.
2197 1060 2329 1114 Pro-

752 1152 935 1212 pterea
961 1161 1090 1213 ergo
1145 1145 1281 1200 dicit
1338 1163 1539 1213 canon,
1589 1162 1713 1202 eum
1755 1164 1976 1218 quoque
2033 1159 2327 1220 utrumque

749 1233 1034 1297 amittere,
1084 1244 1142 1289 ut
1190 1236 1348 1290 estin
1400 1236 1509 1291 ﬁne
1535 1241 1764 1292 canonis
1799 1240 2083 1307 praesentis
2108 1238 2326 1309 synodi.

749 1324 884 1377 Illud
926 1335 1130 1392 autem,
1164 1327 1283 1381 sine
1317 1327 1556 1382 civitatis
1587 1330 1869 1398 episcopo,
1912 1345 2022 1383 non
2055 1331 2325 1399 accipitur

747 1431 846 1485 pro
873 1430 937 1469 eo
966 1418 1109 1485 quod
1139 1426 1241 1484 est,
1278 1429 1398 1473 sme
1422 1420 1541 1489 ejus
1572 1420 1845 1484 mandato,
1879 1420 1998 1486 sed,
2033 1423 2149 1475 sine
2179 1421 2323 1476 illius

745 1523 1026 1564 sacrorum
1046 1510 1431 1566 celebratione.
1451 1513 1561 1566 Etsi
1580 1513 1724 1567 enim
1747 1512 1907 1568 fuerit
1931 1512 2324 1582 chorepisc0po

746 1600 1084 1667 mandatum,
1119 1613 1177 1656 ut
1206 1605 1581 1674 presbyterum
1614 1605 1853 1670 ordinet,
1883 1614 1936 1660 et
1963 1605 2066 1659 hoc
2108 1605 2319 1669 fecerit,

745 1690 899 1745 irrita
935 1692 1042 1746 erit
1078 1695 1388 1760 ordinatio;
1421 1696 1566 1766 quod
1615 1712 1721 1751 non
1753 1696 1825 1750 sit
1868 1696 1915 1751 ei
1947 1711 1975 1748 a
2017 1695 2321 1750 canonibus

743 1783 869 1836 data
924 1785 1300 1854 presbyterum
1362 1788 1652 1842 ordinandi
1716 1795 1981 1858 potestas.
2049 1788 2193 1858 Lege
2266 1796 2319 1842 et

743 1890 1010 1930 canonem
1047 1878 1112 1933 l4
1145 1877 1607 1935 Neoczesariensis
1642 1881 1860 1951 synodi.
1896 1880 1960 1934 Et
1988 1888 2136 1946 nota,
2170 1879 2316 1947 quod

743 1981 1002 2019 manuum
1053 1967 1460 2036 impositiones,
1509 1986 1629 2040 qua;
1672 1971 1807 2025 fiunt
1869 1985 1896 2024 a
1950 1970 2321 2038 metropolita-

741 2057 826 2110 nis
887 2056 941 2108 in
999 2057 1309 2126 praefectos,
1362 2061 1444 2114 vel
1489 2060 1542 2114 in
1602 2061 1817 2129 aliquos
1857 2060 1994 2115 alios
2050 2061 2173 2116 aliis
2230 2075 2320 2114 re-

741 2146 997 2216 gionibus
1035 2148 1336 2217 subjectos,
1379 2150 1731 2203 infirmantur
1763 2171 1776 2206 :
1808 2150 1904 2206 sed
1948 2159 2003 2206 et
2041 2151 2315 2206 constitu-

743 2238 941 2302 tiones,
969 2253 1091 2308 quae
1128 2238 1283 2295 factae
1305 2240 1518 2295 suntab
1545 2242 1838 2310 aliquibus,
1870 2241 1938 2296 de
1976 2257 2088 2297 non
2115 2257 2316 2297 conse-

738 2330 960 2386 crandis
1015 2344 1113 2385 seu
1158 2332 1476 2388 charactere
1522 2332 1793 2388 donandis
1833 2333 2076 2402 ipsorum
2129 2349 2318 2388 mona-

736 2421 1032 2475 steriorum
1069 2421 1338 2491 praefectis
1371 2422 1439 2476 ab
1463 2423 1580 2491 ipso
1621 2425 1950 2493 patriarcha,
1982 2423 2080 2479 sed
2111 2425 2178 2480 ab
2210 2425 2316 2482 illis

735 2510 1036 2581 episcopis,
1058 2512 1144 2570 vel
1174 2513 1398 2570 omnino
1421 2529 1531 2568 non
1562 2514 1903 2582 ordinandis,
1931 2523 2058 2572 sunt
2089 2517 2312 2588 penitus

735 2616 928 2658 ιτηιω.

804 2801 1054 2858 ZONAR.
1088 2802 1166 2858 Ne
1193 2818 1357 2874 quem
1389 2804 1444 2859 in
1476 2807 1596 2862 vico
1627 2816 1719 2861 aut
1752 2822 1916 2877 parva
1948 2810 2082 2865 urbe
2105 2811 2316 2880 episco-

2433 607 2494 658 τὸ
2527 605 2700 656 ποιεῖν
2746 603 3083 672 χειροτονίαν
3116 600 3451 669 οίανδήτινα.
3480 599 3789 666 Ἐρωτήσει
3813 599 3873 651 δέ
3908 617 4005 661 τις,

2432 696 2521 749 διὰ
2554 695 2606 748 τί
2635 692 2938 765 προσετέθη
2977 691 3053 761 τῷ
3089 693 3294 762 ῥήματι
3341 689 3440 758 τῆς
3491 688 3870 756 καθαιρέσεως
3920 688 4004 738 καί

2430 788 2771 859 ήὲκπτωσις
2818 785 2918 854 τῆς
2952 783 3153 851 τιμῆς;
3199 781 3410 844 Λύσις.
3460 778 3617 838 Τινὲς
3673 777 4004 829 διενίστανττ

2429 877 2668 947 ὀφείλειν
2724 874 2825 943 μὲν
2880 873 3264 942 καθαιρεῖσθαι
3335 871 3426 923 τὸν
3493 868 3826 937 παραϐάντα
3870 885 4004 938 χωρ-

2429 971 2750 1034 επίσκοπον,
2801 967 2947 1037 ἔχειν
2977 967 3032 1019 δὲ
3061 963 3545 1036 χωρεπισκοπικὴν
3597 958 3790 1028 τιμὴν,
3843 960 4004 1027 ἤγουν

2428 1062 2525 1131 τὴν
2550 1061 2840 1128 καθέδραν,
2876 1059 2970 1111 καὶ
3004 1059 3072 1110 τὰ
3099 1057 3280 1120 λοιπὰ,
3309 1057 3446 1109 κατὰ
3478 1054 3570 1107 τὸν
3603 1054 3646 1105 θ’
3682 1053 3890 1106 κανόνα
3913 1052 4003 1116 τῆς

2430 1154 2487 1205 ἐν
2521 1152 2922 1222 Νεοκαισαρείᾳ
2962 1150 3204 1214 συνόδου,
3236 1149 3332 1201 καὶ
3369 1148 3459 1200 τὸν
3498 1153 3583 1199 κα⁹
3616 1146 3715 1199 καὶ
3773 1145 3867 1196 τὸν
3910 1140 3998 1205 κς·’

2428 1249 2526 1314 τῆς
2564 1243 2619 1308 ς’
2650 1243 2893 1296 συνόδου.
2923 1240 3022 1294 Διά
3052 1238 3212 1291 τοῦτο
3241 1237 3334 1290 οὖν
3367 1253 3533 1304 φησιν
3569 1239 3596 1286 ό
3625 1233 3812 1298 κανὼν
3843 1231 4004 1286 ἀπόλ-

2426 1338 2540 1390 λειν
2566 1335 2754 1388 τοῦτον
2787 1335 2883 1387 καὶ
2921 1332 3209 1402 ἀμφότερα
3240 1328 3379 1383 κατὰ
3409 1328 3470 1380 τὸ
3499 1326 3653 1388 τέλος
3691 1325 3790 1377 τού
3826 1324 3871 1376 α’
3907 1342 4004 1378 κα-

2427 1429 2576 1490 νόνος
2606 1427 2703 1496 τῆς
2729 1424 3014 1493 παρούσης
3047 1405 3290 1476 συνόδου.
3325 1420 3398 1472 Τὸ
3428 1419 3507 1482 δὲ,
3537 1418 3663 1486 δίχα
3697 1416 3794 1466 τοῦ
3836 1417 3898 1467 ὲν
3938 1417 4003 1483 τῇ

2426 1521 2581 1573 πόλει
2634 1517 2969 1581 ἐπισκόπου,
3021 1516 3121 1568 οὑκ
3171 1511 3575 1582 ἐκλαμϐάνεται
3621 1509 3706 1570 εἰς
3758 1505 3821 1558 τὸ
3882 1507 4006 1560 ἄνευ

2424 1611 2647 1680 ἐντολῆς
2703 1608 2931 1672 τούτου,
2991 1606 3127 1659 ἀλλὰ
3174 1606 3254 1666 εἰς
3302 1603 3363 1657 τὸ
3405 1603 3529 1671 δίχα
3587 1595 4005 1666 τελεσιουργίας

2424 1702 2654 1757 ἐκείνου.
2685 1699 2802 1752 Κᾶν
2848 1698 2958 1766 γὰρ
3006 1693 3238 1766 ἐνταλθῇ
3287 1691 3714 1762 χωρεπίσκοπος
3763 1702 4004 1756 χειροτοο

2423 1795 2583 1862 νῆσαι
2624 1789 3016 1864 πρεσϐύτερον,
3051 1787 3147 1839 καὶ
3180 1785 3380 1854 ποιήσῃ
3406 1781 3588 1843 τοῦτο,
3610 1780 3820 1846 ἄκυρος
3856 1777 4004 1828 ἔσται

2349 1844 2847 1954 Βἰἰιγιχειροθεσίω
2902 1844 3097 1932 διὰΙτὸ
3149 1875 3225 1946 μὴ
3270 1844 3490 1943 δοθῆναι
3541 1869 3694 1937 αὑτῷ
3725 1844 4002 1930 -ἐξσδσίαν

2421 1980 2528 2033 ἀπὸ
2576 1977 2684 2030 τῶν
2713 1975 2953 2027 κανόνων
2985 1967 3395 2041 πρεσϐυτέρους
3441 1963 3800 2034 χειροτονεῖν.
3851 1958 4003 2011 Ἀνά-

2421 2067 2592 2137 γνωθι
2636 2065 2730 2120 καὶ
2769 2065 2862 2117 τὸν
2899 2062 2960 2116 ιδ’
2987 2061 3190 2115 κανόνα
3233 2060 3335 2129 τῆς
3364 2059 3420 2110 ἐν
3452 2052 3873 2120 Νεοκαισαρεία
3909 2065 4002 2100 συ-

2419 2161 2591 2214 νόδου.
2625 2158 2736 2211 Καὶ
2768 2155 3075 2226 σημείωσαι
3119 2153 3202 2205 ὅτι
3255 2151 3309 2203 αἰ
3365 2147 3516 2217 παρὰ
3577 2141 4004 2214 μητροπολιτῶν

2418 2252 2704 2321 γινόμεναι
2751 2245 3085 2318 χειροθεσίαι
3117 2243 3198 2305 είς
3232 2238 3574 2312 ἡγουμένους
3606 2235 3637 2305 ἤ
3677 2236 3760 2296 εἰς
3808 2231 4004 2291 ἄλλους

2417 2346 2571 2406 τινὰς
2618 2342 3017 2409 ὑποκειμένους
3061 2337 3278 2406 ἑτέραις
3327 2331 3564 2400 ἐνορίαις
3614 2326 4004 2395 ἀκυροῦνται·

2416 2437 2552 2492 ἀλλὰ
2580 2435 2673 2490 καὶ
2703 2433 2773 2487 τὰ
2801 2432 2955 2501 παρά
2985 2446 3152 2484 τινων
3174 2426 3434 2496 γινόμενα
3464 2420 3680 2474 τυπικὰ
3715 2419 3885 2487 χάριν
3915 2414 4004 2466 τοῦ

2419 2533 2496 2601 μὴ
2527 2525 2926 2596 σφραγίζεσθαι
2971 2520 3126 2594 παρὰ
3174 2517 3269 2572 τοῦ
3318 2515 3664 2583 πατριάρχου
3708 2509 3840 2571 τοὺς
3873 2507 4005 2601 ne.

2415 2599 2762 2695 ηχουμένους
2807 2617 2918 2670 τῶν
2976 2609 3356 2684 μοναστηρίων
3387 2606 3593 2671 αὐτῶν,
3648 2603 3791 2695 ἀλλα
3853 2599 4005 2695 παρὰ

2415 2693 2618 2786 ἐτέρων
2675 2709 3024 2773 ἐπισκόπων,
3079 2705 3113 2777 ἢ
3160 2701 3297 2774 μηδὲ
3343 2701 3482 2763 ὅλως
3549 2693 4004 2767 σφραγίζεσθαι,

2414 2808 2597 2875 ἄκυρά
2624 2808 2752 2858 είσι.

732 2909 861 2963 pum
927 2872 1425 2964 constitui—liceat,
1497 2908 1654 2956 sexto
1715 2872 2062 2956 sardicensis
2116 2872 2310 2973 synodi

2414 2901 2434 2963 Ι
2487 2872 2735 2952 ΖῺΝΑΡ.
2768 2891 3093 2946 Κεκώλυται
3131 2886 3275 2940 κατὰ
3318 2881 3413 2935 τὸν
3454 2879 3619 2932 ἕκτον
3665 2875 3880 2973 κανόνα
3900 2872 4006 2973 ’τῆς

732 3003 946 3043 canone
985 2989 1266 3049 decretum
1306 2999 1413 3046 est.
1445 2989 1553 3046 Pro
1595 2992 1663 3048 iis
1713 2993 1902 3062 igitur,
1934 2994 1988 3048 in
2038 2962 2310 3063 ejusmodi

2415 2962 2473 3040 ἐν
2503 2983 2745 3052 Σαρδικῇ
2776 2978 2996 3033 συνόδου
3024 2975 3088 3028 τὸ
3106 2971 3370 3041 καθιστᾷν
3398 2967 3707 3022 ἐπίσκοπον
3743 2966 3801 3015 ἐν
3839 2962 4006 3032 κώμῃ

731 3078 894 3144 locis,
933 3082 1242 3153 presbyteri
1272 3082 1354 3137 vel
1384 3057 1763 3154 chorepiscopi
1800 3057 2156 3140 creabantur.
2195 3086 2310 3142 Hos

2414 3076 2578 3145 τινιῆ
2620 3073 2849 3144 βραχείᾳ⁴
2878 3069 3051 3123 πόλει.
3087 3065 3179 3122 Διὸ
3222 3059 3636 3132 πρεσϐυτέρους
3676 3057 3712 3124 ἢ
3749 3071 4005 3154 χωρεπι-

730 3184 863 3239 ergo
907 3172 1337 3242 chorepiscopos
1405 3188 1583 3228 canon
1645 3176 1787 3229 ultra
1844 3176 2132 3244 potestatis
2199 3192 2311 3232 sum

2416 3172 2655 3233 σκόπους
2711 3169 2768 3222 ἐν
2815 3164 3043 3224 ταύταις
3081 3159 3378 3214 καθίστων.
3426 3151 3673 3212 Τούτους
3729 3144 3827 3200 οὖν
3879 3148 4008 3208 τοὺς

729 3264 932 3318 limites
965 3240 1218 3334 progredi
1238 3240 1424 3333 vetat;
1455 3267 1550 3322 sed
1576 3240 1953 3333 ecclesiarum,
1980 3267 2177 3337 inquit,
2202 3268 2307 3324 sibi

2414 3260 2869 3335 χωρεπισκόπους
2906 3255 3132 3310 ἀπαιτεῖ
3155 3253 3182 3303 ό
3209 3248 3392 3304 κανὼν
3429 3246 3506 3342 μη
3531 3242 3872 3312 παρεξιέναι
3905 3240 4002 3308 τὴν

730 3356 1103 3422 subjeclarum
1130 3356 1606 3414 administratione
1619 3359 1880 3421 contenti,
1904 3359 2161 3423 lectores,
2209 3360 2306 3431 hy-

727 3448 1090 3515 podiaconos,
1119 3449 1534 3518 exorcistasque
1565 3450 1902 3504 constituant
1932 3468 1945 3503 :
1997 3464 2025 3502 a
2056 3451 2305 3505 diaconis

727 3555 858 3594 vero
930 3541 1424 3610 sacerdotibusque
1503 3542 1780 3607 creandis,
1837 3542 2046 3611 absque
2110 3543 2304 3597 urbani

726 3631 967 3700 episcopi
1019 3630 1301 3695 facultate,
1333 3630 1552 3686 etiamsi
1611 3631 1910 3701 episcopali
1957 3631 2150 3686 ordine
2207 3633 2306 3684 ali-

725 3723 944 3790 quando
964 3721 1130 3793 5.40
1146 3721 1387 3793 insigniti
1409 3722 1658 3787 fuissent,
1681 3738 1908 3792 prorsus
1929 3722 2305 3792 chorepiscopi

724 3812 1061 3866 abstineant.
1113 3812 1216 3878 Qui
1265 3828 1398 3868 vero
1441 3828 1709 3866 canonem
1765 3812 2007 3876 violarit,
2054 3813 2110 3866 in
2177 3829 2302 3867 eum

721 3905 1068 3974 depositione
1092 3905 1454 3960 animadverti
1486 3905 1681 3975 placet.
1732 3905 2167 3975 Chorepiscopos
2204 3919 2302 3959 an-

723 4005 831 4053 tem
876 3996 1075 4051 urbani
1116 3997 1364 4066 episcopi
1413 3995 1466 4048 in
1513 4009 1609 4048 sua
1639 3995 1868 4050 dioecesi
1914 3995 2300 4058 constituunt;

722 4106 862 4163 quos
926 4089 1146 4160 quidem
1222 4088 1276 4141 in
1340 4088 1712 4156 apostolorum
1782 4087 1962 4142 locum
2043 4085 2303 4141 suffectos

721 4186 896 4240 fuisse
934 4182 1340 4254 septuagesimo
1377 4178 1836 4236 Neocaesariensis
1868 4178 2056 4254 synodi
2094 4194 2304 4239 canone

719 4276 1037 4332 edocemur.

721 4367 947 4425 ARIST.
984 4386 1004 4421 ι
1038 4366 1380 4432 Exorcistas,
1405 4376 1457 4421 et
1491 4366 1749 4429 lectores,
1778 4371 1830 4418 et
1868 4363 2299 4435 bypodiaconos,

797 4483 814 4514 ι
838 4470 894 4517 et
913 4471 1170 4516 cantores
1192 4459 1621 4530 chorepiscOpus
1640 4458 1949 4522 constituit,
1976 4473 2082 4512 non
2109 4456 2299 4513 itidem

2407 3359 2617 3414 οἰκείαν
2649 3356 2826 3420 τάξιν,
2855 3351 3161 3419 οἰκονομεῖν
3189 3347 3245 3400 δὲ
3275 3345 3371 3406 τὰς
3398 3337 3778 3408 ὑποκειμένας
3813 3337 4006 3394 αὐτοῖς

2408 3451 2724 3519 ἐκκλησίας,
2759 3447 2853 3499 καὶ
2898 3446 3076 3497 ποιεῖν
3126 3436 3511 3507 ἀναγνώστας,
3547 3434 3644 3487 καὶ
3698 3430 4001 3484 ὑποδιακό-

2407 3560 2552 3606 νους,
2582 3540 2676 3594 καὶ
2707 3536 3064 3606 ἐφορκιστάς’
3101 3532 3238 3602 μήτε
3259 3531 3317 3583 δὲ
3347 3529 3599 3582 διάκονον
3627 3521 3997 3593 χειροτονεῖν,

2411 3638 2550 3705 μήτε
2576 3631 2973 3702 πρεσϐύτερον,
2998 3628 3126 3682 ἄνευ
3158 3623 3254 3678 τοῦ
3289 3625 3390 3691 τῆς
3425 3619 3635 3687 πόλεως
3658 3616 4002 3675 ἐπισκόπου.

2407 3725 2513 3778 κᾶν
2547 3721 2846 3776 ἐπισκόπου
2881 3715 3220 3788 χειροτονίας
3246 3712 3440 3778 ἔτυχον
3467 3710 3516 3761 οἱ
3547 3706 4000 3776 χωρεπίσκοποι.

2416 3818 2475 3869 Ὀ
2503 3815 2559 3867 δὲ
2591 3813 2681 3866 τὸν
2709 3813 2908 3866 κανόνα
2944 3805 3298 3874 παραϐαίνων
3334 3799 3836 3868 καθαιρεθήσεται.
3865 3795 4002 3856 Tot};

2407 3906 2863 3977 χωρεπισκόπους
2894 3902 2950 3955 δέ
2985 3902 3032 3952 oi
3082 3897 3193 3952 τῶν
3227 3894 3442 3949 πόλεων
3472 3889 3732 3942 ποιοῦσιν
3762 3887 4000 3940 ἐπίσκο-

2407 4019 2522 4067 ποι,
2553 3995 2640 4062 αἷς
2696 3997 3038 4061 ὑπόκεινται,
3070 3990 3161 4051 οὓς
3214 3990 3242 4041 ό
3290 3986 3352 4040 ιδ’
3402 3981 3589 4035 κανὼν
3618 3979 3720 4048 τῆς
3757 3985 3815 4033 έν
3864 3979 4004 4030 Neo-

2405 4091 2698 4162 καισαρείᾳ
2724 4086 2942 4143 συνόδου
2973 4087 3054 4149 εἰς
3082 4082 3252 4139 τύπον
3280 4081 3392 4135 τῶν
3421 4079 3463 4138 o'
3495 4077 3823 4138 ἀποστόλων
3859 4070 4002 4127 εἷναί

2406 4200 2566 4255 φησι.

2405 4363 2630 4419 ΑΡΙΣΤ.
2689 4381 2708 4414 ι
2750 4359 3129 4432 Ἑξορκιστὰς,
3161 4356 3258 4412 καὶ
3306 4355 3700 4424 ἀναγνώστας,
3734 4354 3834 4406 καὶ
3868 4353 3997 4404 ὑπο·

2482 4478 2500 4511 ι
2542 4457 2845 4522 διακόνους,
2864 4456 2959 4510 καλ⁸
2981 4455 3191 4524 ψάλτας
3217 4451 3515 4519 καθίστησι
3543 4449 3999 4518 χωρεπίσκοποςσ

794 4573 812 4606 ‹
849 4555 1232 4625 presbyterum
1278 4559 1333 4608 et
1381 4553 1670 4607 diaconum
1721 4551 1841 4606 sine
1897 4550 2157 4621 episcopo
2204 4551 2297 4621 qui

2484 4571 2502 4602 ι
2546 4551 2606 4603 οὑ
2650 4550 2835 4619 μέντοι
2869 4547 3265 4618 πρεσϐύτερον,
3299 4543 3395 4598 καὶ
3429 4542 3682 4595 διάκονον
3733 4542 3867 4594 ἄνευ
3911 4537 4001 4592 τοῦ

793 4663 812 4697 ‹
848 4644 1052 4699 civitati
1078 4652 1275 4713 praeest
1311 4660 1325 4697 :
1355 4642 1446 4710 "qui
1485 4641 1587 4694 hoc
1611 4655 1740 4694 vero
1777 4639 2084 4709 transgredi
2113 4639 2299 4706 audet,

796 4758 815 4790 ι
850 4739 1174 4807 deponatur.
1209 4735 1460 4790 Civitatis
1495 4749 1625 4788 vero
1655 4735 1950 4802 episcopus
1995 4732 2128 4787 facit
2175 4733 2304 4786 cho—

793 4853 809 4882 ι
844 4832 1209 4901 repiscopum.
1250 4848 1268 4881 ι
2103 4817 2112 4826 ’

787 4923 1037 4994 Quisque
1063 4923 1222 4977 debet
1248 4938 1402 4976 suam
1438 4937 1774 4992 cognoscere
1817 4939 2130 4979 mensuram
2161 4931 2217 4977 et
2244 4924 2296 4976 in

719 5011 954 5082 propriis
1013 5011 1262 5067 terminis
1323 5025 1564 5067 manere.
1637 5011 1935 5081 Propterea
1991 5011 2178 5081 itaque
2244 5019 2299 5065 et

716 5104 1145 5172 chorepiscopus
1205 5104 1249 5158 si
1300 5116 1467 5156 ausus
1528 5100 1695 5157 fuerit
1747 5103 2130 5174 presbyterum
2197 5111 2295 5156 aut

713 5196 1002 5248 diaconum
1053 5192 1330 5257 ordinare,
1373 5192 1619 5261 exceptis
1671 5192 1739 5246 iis
1774 5193 1866 5261 qui
1896 5192 2001 5262 ipsi
2045 5193 2302 5248 commit-

713 5291 925 5350 tuntur,
959 5297 1155 5352 nempe
1182 5281 1505 5349 lectoribus,
1531 5283 1874 5349 cantoribus,
1900 5283 2212 5350 exorcistis,
2244 5291 2299 5337 et

714 5377 1135 5448 Iiypodiaconis,
1177 5375 1506 5443 deponetur.
1548 5374 1810 5440 Quamvis
1851 5376 2012 5432 aliter
2053 5376 2121 5432 de
2174 5376 2294 5433 istis

711 5469 879 5523 etiam
928 5466 1189 5538 gradibus
1239 5467 1414 5522 visum
1462 5475 1546 5522 est
1581 5483 1780 5537 magno
1840 5468 2066 5534 Basilio,
2119 5479 2182 5524 ut
2241 5471 2295 5525 in

714 5561 927 5617 decimo
967 5561 1130 5615 tertio
1172 5560 1368 5630 synodi
1417 5561 1723 5632 Ancyranze
1773 5575 1985 5617 canone
2028 5562 2292 5633 scriptum

713 5662 814 5710 est.

1318 5746 1548 5803 CANON
1592 5748 1681 5801 XI.

719 5860 736 5896 ι
795 5840 849 5899 Si
900 5841 1020 5916 quis
1072 5840 1388 5915 episcopus,
1436 5842 1519 5898 vel
1569 5841 1873 5916 presbyter,
1930 5842 2016 5900 vel
2067 5841 2292 5900 omnino

2487 4662 2504 4695 ι
2549 4641 2692 4696 κατὰ
2718 4643 2817 4712 τὴν
2847 4641 3004 4694 πόλιν
3031 4638 3336 4693 ἐπισκόπου
3361 4651 3373 4665 ’
3407 4638 3435 4689 ό
3473 4635 3531 4687 δέ
3562 4633 3731 4686 τοῦτο
3777 4631 3998 4700 τολμῶν

2482 4753 2500 4786 ι
2547 4733 2895 4804 ὑπερϐαίνειν
2943 4733 3029 4803 εἴη
3074 4731 3481 4801 καθῃρημένος.
3525 4727 3589 4780 Ὀ
3645 4726 3749 4794 τῆς
3788 4725 3998 4784 πόλεως

2482 4845 2500 4876 ι
2540 4826 2595 4878 δὲ
2624 4825 2924 4888 ἐπίσκοπος
2960 4826 3108 4877 ποιεῖ
3131 4821 3579 4893 χωρεπίσκοπον.
3627 4837 3644 4870 ι

2474 4917 2747 4980 Ἕκαστος
2793 4916 3003 4986 ὀφείλει
3041 4916 3103 4969 τὸ
3145 4914 3342 4968 ἑαυτοῦ
3379 4914 3582 4984 μέτρον
3632 4911 3869 4974 εἰδέναι,
3905 4908 3997 4960 καὶ

2403 5012 2514 5074 τοῖς
2547 5010 2697 5073 ἰδίοις
2755 5011 2905 5080 ὅροις
2964 5007 3382 5081 ὲμμένειν.Διὰ
3433 5006 3597 5058 τοῦτο
3649 5005 3789 5071 γοῦν
3839 5005 3937 5057 καὶ
3973 5005 3997 5053 ό

2403 5103 2844 5174 χωρεπίσκοπος,
2875 5104 2925 5156 εἰ
2957 5102 3220 5172 τολμήσει
3264 5101 3641 5172 πρεσϐύτερον
3673 5099 3708 5169 ἢ
3746 5099 3996 5152 διάκονον

2403 5197 2780 5268 χειροτονῆσαι
2809 5196 2939 5249 ἄνευ
2963 5194 3070 5249 τῶν
3095 5193 3594 5265 ἐπιτετραμμένων
3619 5192 3799 5261 αὐτῷ,
3826 5192 3994 5260 ﬁrmis

2401 5286 2786 5356 ἀναγνωστῶν,
2833 5285 3076 5355 ψαλτῶν,
3114 5284 3458 5354 ἐφορκιστῶν
3502 5300 3559 5336 τε
3619 5283 3717 5334 καὶ
3770 5281 3995 5333 ὑποδια-

2401 5378 2598 5442 κόνων,
2628 5377 3088 5447 καθαιρεθήσεται
3113 5393 3126 5406 ’
3161 5377 3264 5430 κᾶν
3297 5377 3475 5439 ἄλλως
3511 5377 3611 5428 καὶ
3645 5374 3782 5444 περὶ
3809 5369 3990 5425 αὐτῶν

2399 5471 2505 5525 τῶν
2564 5469 2789 5540 βαθμῶν
2838 5469 2916 5540 τῷ
2983 5469 3207 5540 μεγάλῳ
3265 5468 3536 5537 Βασιλείῳ
3588 5468 3752 5536 δοκῇ,
3811 5462 3990 5524 καθὼς

2399 5564 2618 5635 ἐγράφη
2648 5563 2705 5617 ἐν
2729 5561 2806 5633 τῷ
2833 5562 3269 5633 τρισκαιδεκάτῳ
3298 5561 3490 5615 κανόνι
3517 5560 3622 5631 τῆς
3645 5563 3708 5614 ἐν
3736 5558 3985 5630 Ἀγκύρῃ

2402 5657 2644 5712 συνόδου.

3000 5749 3240 5803 ΚᾹΝΩΝ
3279 5747 3386 5804 lA'.

2406 5863 2423 5899 ι
2461 5844 2526 5899 Εἰ
2551 5861 2632 5908 τις
2668 5843 2966 5910 ἐπίσκοπος
2995 5845 3030 5915 ἢ
3060 5843 3454 5914 πρεσϐύτερος,
3567 5841 3712 5908 ὅλως
3767 5838 3858 5898 τοῦ
3891 5855 3984 5894 κα·
