4164 6426
229 396 368 461 1305

301 623 320 657 ‹
366 608 604 679 ἐπαρχίᾳ
631 612 968 678 ἐπισκόπων,
1003 617 1100 672 καὶ
1128 620 1367 688 μάλιστα
1399 625 1505 677 τῶν
1535 631 1676 681 κατά
1705 630 1804 698 τὴν

295 715 315 746 ι
370 700 728 791 μητρόπολιν,
755 704 1017 778 ὁρμήσειε
1066 713 1201 781 πρὸς
1246 713 1472 783 βασιλέα
1521 721 1804 791 ἀπελθεῖν,

293 806 313 839 ε
364 789 551 844 τοῦτον
601 796 1114 869 ἀποκηρύττεσθαι,
1167 807 1261 859 καὶ
1306 809 1616 882 ἀπόϐλητον
1661 789 1807 881 γίνεέ

292 901 309 931 ε
361 883 483 935 σθαι
543 885 602 977 ού
652 889 815 955 μόνον
863 893 961 961 τῆς
1008 899 1329 966 κοινωνίας,
1385 903 1520 957 ἀλλά
1568 907 1664 959 καὶ
1705 907 1807 977 τῆς

300 994 318 1027 ι
366 977 545 1043 ἀξίας,
573 976 640 1052 ἦς
692 983 938 1055 μετέχων
989 991 1267 1059 τυγχάνει,
1325 996 1402 1058 ὡς
1446 976 1805 1070 παρενοχλεῖν

301 1087 320 1119 ‹
366 1072 656 1138 τολμῶντα
716 1077 814 1139 τάς
893 1081 986 1132 τοῦ
1054 1084 1468 1152 θεοφιλεστάτου
1540 1093 1807 1162 βασιλέως

304 1181 324 1214 ι
372 1164 527 1233 ἡμῶν
557 1166 728 1230 ἀκοὰς
768 1171 917 1240 παρά
951 1173 1045 1227 τὸν
1076 1174 1277 1246 θεσμὸν
1319 1180 1419 1250 τῆς
1452 1183 1804 1254 Ἑκκλησίας.

298 1271 319 1304 ‹
368 1254 430 1305 Et
475 1256 530 1308 δέ
590 1257 867 1326 ἀναγκαία
918 1265 1111 1336 καλοίη
1165 1271 1324 1338 χρεία
1388 1273 1525 1342 πρὸς
1577 1275 1807 1344 βασιλέα

298 1364 317 1396 r
361 1345 562 1417 ὁρμᾷν,
591 1350 750 1410 τοῦτο
783 1356 1047 1423 πράττειν
1076 1360 1218 1426 μετά
1251 1363 1494 1433 σκέψεως
1535 1367 1630 1420 καὶ
1666 1370 1805 1436 γνώ-

300 1455 319 1486 ¢
368 1456 476 1508 μης
526 1443 620 1495 τοῦ
670 1447 815 1499 κατά
862 1448 963 1517 τὴν
1020 1455 1362 1523 μητρόπολιν
1405 1460 1502 1528 τῆς
1534 1462 1808 1532 ἐπαρχίας

293 1551 313 1584 ε
355 1534 654 1590 ἐπισκόπου
712 1540 806 1593 καὶ
850 1544 959 1595 τῶν
1001 1547 1058 1599 ἐν
1118 1550 1292 1620 αὐτῇ,
1341 1554 1453 1616 τοῖς
1499 1571 1557 1607 τε
1600 1556 1808 1610 τούτων

297 1643 317 1675 ι
357 1626 684 1698 γράμμασιν
715 1633 1121 1702 ἐφοδιάζεσθαι.
1168 1659 1186 1692 ι

297 1718 493 1812 esas.
534 1722 594 1776 Ὀ
628 1726 820 1795 παρὼν
850 1731 1029 1784 κανὼν
1053 1734 1344 1805 διορίζεται
1373 1739 1446 1810 μὴ
1511 1742 1672 1812 μόνον
1702 1746 1809 1812 ἀφ-

215 1809 530 1905 ορίζεσθαι,
560 1816 697 1871 ἀλλά
728 1821 821 1873 καὶ
869 1824 1248 1895 καθαιρεῖσθαι
1293 1809 1540 1896 τοὺςῗείς
1584 1809 1807 1905 βασιλέα

215 1903 637 1976 ἀπερχομένους
666 1914 1003 1983 ἐπισκόπους
1031 1920 1062 1990 ἧ
1094 1923 1394 1992 κληρικοὺς
1438 1903 1593 1980 ἀνευ-
1617 1945 1807 1997 γραμ-

221 1997 414 2064 μάτιον
439 2001 533 2054 τοῦ
565 2007 707 2059 κατά
742 2008 925 2080 χώραν
957 2014 1284 2081 ἐπισκόπου,
1321 2020 1417 2072 καὶ
1449 2022 1688 2090 μάλιστα
1710 2024 1804 2077 τοῦ

219 2092 668 2182 μητροπολίτου,
713 2099 789 2162 ὠς
853 2106 1326 2175 παρενοχλοῦντας
1375 2112 1473 2175 τάς
1519 2113 1808 2182 βασιλικὰς

213 2181 394 2275 ἀκοὰς
425 2187 576 2254 παρά
608 2188 676 2241 τά
708 2190 1005 2262 δεδογμένα
1028 2201 1091 2269 τῇ
1127 2200 1426 2275 Ἐκκλησία
1447 2221 1458 2232 '
1493 2205 1804 2274 ἀναγκαίας
1857 2235 1863 2240 -

213 2272 277 2324 δέ
328 2280 704 2350 προκειμένης
751 2285 968 2350 αἰτίας,
1020 2298 1349 2363 παραχωρεῖ
1397 2272 1533 2366 πρὸς
1583 2272 1808 2368 βασιλέα

213 2368 413 2464 ὀρμοῖνσ
431 2372 572 2438 μετά
602 2375 881 2445 ἐγγράφου
913 2382 1278 2455 ἐκχωρήσεως
1305 2391 1610 2457 συνοδικῆς.
1647 2393 1809 2464 Ἀνά-

213 2462 393 2524 γνωθι
431 2464 531 2531 τῆς
576 2467 633 2520 ἐν
683 2470 920 2544 Σαρδικῇ
969 2478 1188 2531 συνόδου
1233 2483 1468 2546 κανόνας
1518 2485 1586 2550 ζ’,
1636 2462 1806 2555 1130'.

215 2556 457 2646 κακκα)⁵
496 2561 604 2646 ,τῆς
646 2564 705 2616 ἐν
754 2567 1085 2642 Καρθαγένῃ
1131 2575 1331 2629 κανόνα
1381 2577 1490 2646 pg’.
1545 2578 1700 2632 Ἐπεὶ
1751 2583 1807 2634 δέ

213 2654 367 2735 τινες
397 2643 511 2714 (47)
538 2647 646 2701 τῶν
675 2653 943 2722 ῥημάτων
984 2660 1078 2712 τοῦ
1123 2643 1391 2731 παρόντος
1459 2669 1683 2732 κανόνος
1718 2671 1806 2735 ἐξ·

212 2730 486 2830 εκρμεγοι-
528 2739 649 2807 (τῆς
700 2746 808 2814 γὰρ
859 2750 1066 2814 ἐννοίας
1118 2754 1551 2830 ἀποδιίστανται)
1593 2730 1808 2816 θέλουσι

212 2822 365 2918 τοὺς»
405 2825 782 2898 ἐνδημοῦντας
827 2830 1238 2909 ἀρχιερεῖςέίς
1285 2848 1384 2918 τὴν
1435 2822 1544 2901 τῶν
1594 2854 1807 2907 πόλεων

217 2912 620 2981 βασιλεύουσαν
670 2930 809 2996 μετά
861 2932 1119 3004 είδήσεως
1164 2939 1258 2990 καὶ
1317 2912 1639 3014 προτροπῆς
1696 2965 1802 3001 πα-

212 3013 697 3110 τριαρχικῆς,καὶ
733 3020 806 3091 μὴ
839 3024 1036 3089 ἄλλως,
1074 3031 1154 3091 είς
1193 3031 1461 3100 βασιλέως
1489 3039 1808 3110 προσκύνηο

217 3118 312 3197 σιν
341 3104 695 3177 ἀπέρχεσθαι,
716 3117 897 3184 φαμὲν
929 3119 1010 3172 ὅτι
1041 3121 1107 3175 τά
1134 3124 1228 3177 τοῦ
1258 3104 1804 3197 παρόντος-κανόνος,

1301 414 1382 473 IN
1421 415 1584 475 CAN.
1629 417 1711 476 XI
1744 415 1964 478 CONC.
1997 421 2057 481 II
2089 424 2443 492 ANTIOCH.

301 535 320 566 ‹
367 517 534 581 νὸνος,
567 519 698 573 ἄνευ
749 521 975 594 γνώμης
1006 525 1098 581 καὶ
1129 532 1476 599 γραμμάτων
1508 537 1616 588 τῶν
1645 538 1702 590 ἐν
1731 542 1796 608 τῇ
1830 537 1874 591 Α

3360 443 3496 507 1306

1996 561 2016 594 ι
2049 547 2440 602 ecclesiastica:
2492 551 2691 620 regulae
2735 553 3040 624 subjectus,
3092 557 3228 611 citra
3263 572 3491 615 senten-

1992 656 2010 688 ‹
2050 640 2179 692 tiam
2214 650 2268 693 et
2293 642 2501 697 litteras
2537 647 2926 715 episcoporum
2963 650 3260 717 provinciae
3292 660 3344 704 et
3380 670 3494 708 ma-

1991 748 2010 781 ι
2043 747 2186 787 xtme
2221 736 2790 804 metr0politanorum,
2818 739 2884 791 ad
2909 740 3294 806 imperatorem
3323 746 3492 812 proﬁ-

1986 837 2002 868 ι
2035 820 2170 874 cisci
2204 838 2496 893 aggressus
2521 825 2684 880 fuerit
2715 846 2729 881 :
2762 830 2806 884 is
2835 830 3125 886 abdicetur
3153 842 3206 886 et
3237 835 3494 903 ejiciatur

1998 927 2014 959 ι
2051 926 2158 965 nou
2196 913 2372 967 solum
2406 931 2436 970 a
2469 919 2879 985 communione,
2913 922 3007 976 sed
3049 924 3214 976 etiam
3251 940 3278 976 a
3313 926 3493 995 digni-

1992 1019 2010 1051 ι
2056 1012 2186 1065 tate,
2212 1007 2370 1074 cujus
2401 1016 2484 1062 est
2518 1012 2829 1080 particeps;
2871 1021 2927 1065 ut
2959 1013 3051 1080 qui
3085 1014 3492 1084 religiosissimi

1993 1113 2010 1146 ι
2060 1095 2408 1165 imperatoris
2453 1103 2623 1155 nostri
2678 1105 2903 1159 auribus
2949 1105 3254 1160 molestiam
3302 1107 3496 1164 aﬁ‘erre

1994 1206 2010 1238 ι
2045 1189 2242 1242 audeat
2275 1200 2472 1260 praeter
2506 1193 2670 1247 ritum
2699 1194 2974 1250 Ecclesiae.
3011 1197 3068 1251 Si
3098 1207 3278 1253 autem
3310 1216 3499 1255 neces-

1990 1301 2007 1333 (
2043 1285 2221 1339 sarius
2251 1301 2381 1340 usus
2417 1289 2617 1356 exigat,
2661 1297 2718 1341 ut
2745 1288 2811 1341 ad
2844 1290 3232 1357 imperatorem
3261 1307 3320 1346 se
3361 1307 3495 1346 cou-

1995 1395 2014 1427 Ι
2058 1377 2216 1440 ferat,
2267 1378 2319 1431 id
2372 1388 2494 1447 agat
2536 1396 2661 1434 cum
2694 1381 3089 1436 deliberatione
3133 1392 3186 1437 et
3217 1387 3494 1440 sententia

2003 1490 2021 1522 ί
2066 1473 2467 1539 metropolitani
2523 1475 2839 1542 provincia,
2873 1486 2926 1528 et
2971 1477 3354 1544 episcoporum
3401 1478 3494 1545 qui

1984 1582 2001 1614 ι
2035 1573 2162 1618 sunt
2203 1564 2256 1615 in
2288 1579 2387 1629 ea;
2438 1580 2742 1636 eorumque
2771 1568 2971 1623 litteris
3002 1570 3249 1624 munitus
3276 1567 3499 1639 proﬁci-

1995 1678 2014 1710 ι
2057 1666 2261 1714 scatur.
2307 1677 2324 1712 ι

1988 1748 2181 1803 Βιιε.
2204 1749 2452 1806 Praesens
2512 1767 2687 1807 canon
2721 1751 2989 1816 decernit,
3039 1767 3143 1806 non
3173 1752 3351 1806 solum
3403 1766 3496 1805 se-

1842 1878 1884 1934 B
1912 1845 2152 1934 gregari,
2173 1844 2265 1898 sed
2285 1845 2445 1900 etiam
2466 1846 2663 1915 deponi
2693 1845 2980 1915 episcopos
3011 1847 3095 1899 vel
3118 1845 3375 1908 clericos,
3402 1846 3494 1915 qui

1919 1933 1982 1985 ad
2021 1932 2409 2002 imperatorem
2454 1935 2905 2004 proﬁciscuntur,
2955 1936 3074 1991 sine
3125 1936 3324 1991 litteris
3380 1938 3498 2004 epi-

1916 2024 2069 2092 scopi
2122 2026 2381 2093 regionis,
2426 2035 2478 2080 et
2529 2028 2767 2081 maxime
2807 2028 3238 2096 metropolitani,
3283 2038 3340 2081 ut
3403 2028 3496 2096 qui

1917 2116 2265 2184 imperatoris
2284 2118 2510 2173 auribus
2544 2120 2846 2173 molestiam
2866 2119 3179 2184 exhibeant,
3200 2130 3392 2188 praeter
3412 2136 3498 2186 ea,

1917 2226 2040 2280 quae
2067 2222 2194 2267 sunt
2227 2214 2293 2266 ab
2319 2213 2561 2267 Ecclesia
2589 2214 2807 2267 decreta
2843 2230 2856 2266 :
2885 2216 2928 2266 si
2965 2220 3150 2266 autem
3189 2213 3499 2266 necessaria

1917 2307 1989 2360 sit
2027 2323 2193 2361 causa
2239 2309 2552 2375 proposita,
2601 2309 2850 2362 concedit
2892 2315 2948 2359 ut
2999 2307 3065 2359 ad
3114 2306 3496 2373 imperatorem

1918 2399 2338 2467 proﬁciscantur
2386 2415 2510 2453 cum
2553 2401 2767 2467 [litteris
2827 2401 3082 2453 mandata
3129 2397 3502 2466 permissionc

1918 2494 2348 2566 synodali.Lege
2375 2493 2723 2548 Sardicensis
2751 2493 2946 2566 synodi
2985 2508 3228 2546 canones
3269 2491 3320 2555 7,
3354 2491 3410 2555 8,
3444 2490 3500 2551 9.

1919 2587 2007 2649 12,
2039 2596 2090 2640 et
2119 2583 2995 2655 Carthaginensiseanonem106.
3022 2583 3290 2649 Quoniam
3321 2591 3501 2634 autem

1917 2679 2165 2735 nonnulli
2218 2680 2396 2733 verbis
2451 2679 2737 2745 praesentis
2780 2679 3012 2732 canonis
3064 2676 3410 2729 adhaerentes
3450 2672 3504 2744 (a

1916 2774 2186 2828 sententia
2219 2773 2363 2826 enim
2395 2774 2557 2843 longe
2591 2772 2816 2840 absunt)
2855 2772 3133 2825 antistites
3165 2770 3379 2830 volunt,
3411 2767 3507 2837 qui

1917 2866 1971 2920 in
2002 2866 2188 2934 regina
2231 2865 2446 2918 urbium
2491 2871 2805 2924 versantur,
2837 2877 2964 2915 cum
3014 2861 3244 2914 scientia
3289 2866 3342 2912 et
3370 2873 3512 2926 iper-

1915 2956 2180 3010 missioue
2207 2955 2552 3023 patriarchae,
2574 2963 2627 3007 et
2656 2967 2764 3006 non
2793 2951 2978 3015 aliter,
3016 2951 3080 3004 ad
3113 2951 3504 3019 imperatorem

1917 3049 2264 3104 salutandum
2328 3048 2600 3118 proﬁcisci
2655 3061 2669 3098 :
2720 3047 2981 3109 dicimus,
3024 3045 3172 3115 quod
3224 3060 3346 3112 qua
3407 3044 3511 3098 hoc

1917 3159 2129 3199 canone
2184 3143 2559 3206 continentur,
2618 3153 2673 3194 et
2723 3141 2933 3209 reliqua
3003 3153 3240 3208 quorum
3302 3138 3396 3192 hic
3452 3136 3511 3189 ﬁt

216 3196 320 3248 καὶ
353 3198 461 3300 τῶν
489 3200 692 3259 λοιπῶν
743 3209 852 3261 τῶν
903 3213 1137 3268 ἐνταῦθα
1173 3196 1670 3290 μνημονευομένων
1700 3227 1807 3294 χώ-

1916 3239 2121 3294 mentio
2155 3237 2332 3289 locum
2373 3234 2596 3296 habent,
2648 3233 2869 3300 quando
2928 3232 3160 3284 antistes
3198 3245 3228 3282 a
3263 3244 3362 3284 sua
3423 3244 3512 3281 re-

220 3306 328 3391 ραν
355 3290 589 3391 ἔχουσιν,
634 3301 741 3352 είὸ
774 3302 1072 3373 ἀρχιερεὺς
1120 3310 1231 3362 ἀπὸ
1270 3313 1370 3380 τῆς
1397 3313 1673 3388 λαχούσης
1702 3290 1810 3371 αὖ·

214 3384 320 3482 τού
386 3384 735 3482 αύθόρμητος
789 3396 870 3458 είς
939 3397 1167 3466 βασιλέα
1216 3403 1426 3476 ἀπέλθῃ
1450 3384 1646 3462 (ὅταν
1702 3410 1812 3482 γὰρ

219 3472 434 3568 ἐπιδημῇ
490 3480 548 3530 ἐν
596 3483 665 3552 τῇ
726 3483 1114 3563 βασιλευούσῃ,
1174 3495 1270 3547 καὶ
1328 3472 1471 3550 κατὰ
1529 3472 1812 3568 βασιλικὸν

213 3563 453 3632 ὁρισμὸν
478 3568 508 3638 ἢ
535 3571 678 3626 κατά
727 3581 1140 3652 πατριαρχικὴν
1176 3584 1484 3658 ἐπιτροπὴν
1513 3563 1813 3657 ἀκωλύτως

217 3663 602 3754 ⁴προτκκυνιίισει
654 3666 747 3719 τὸν
792 3669 1016 3738 βασιλέα
1070 3677 1515 3750 καῖύπομνήσει
1566 3687 1698 3754 περὶ
1735 3680 1812 3739 ὧν

219 3747 503 3846 βούλεται.
534 3756 606 3808 Τὸ
636 3758 693 3812 δὲ
730 3763 872 3830 μετά
902 3764 1184 3832 βασιλικὸν
1208 3747 1439 3842 ὁρισμὸν
1463 3747 1810 3846 ἀπέρχεσθαι

214 3838 721 3940 τοὺςᾳάρχιερεῖς,
773 3853 904 3907 ἔνθα
960 3857 1029 3909 ἂν
1088 3838 1487 3932 προσταχθεῖεν
1537 3838 1644 3921 καί..
1687 3870 1812 3940 δίχα

223 3933 517 4034 συινοδικης
568 3942 852 4034 είδήσεως,
889 3947 949 4002 ἐν
996 3951 1281 4022 διαφόροις
1331 3959 1583 4014 κανόνων
1630 3933 1811 4034 ἑρμη-

227 4026 395 4121 θείαις
427 4031 693 4107 ἐδηλώθη,
729 4041 822 4092 καὶ
852 4043 913 4094 οὐ
943 4045 1050 4116 χρὴ
1077 4048 1224 4116 ἡμᾶς
1256 4051 1630 4121 ταυτολογεῖν.

306 4119 554 4178 ΖΩΝΑΡ.
579 4126 640 4178 Εἰ
666 4128 741 4196 μὴ
770 4132 853 4183 ὅτι
883 4136 1035 4188 πᾶσα
1071 4139 1312 4212 ἀνάγκη,
1345 4143 1408 4194 ού
1438 4119 1727 4212 βούλονται
1761 4151 1809 4202 οἱ

216 4212 449 4277 κανόνες
482 4219 612 4282 τοὺς
637 4222 976 4289 ἐπισκόπους
1007 4231 1419 4302 προσέρχεσθαι
1456 4236 1688 4305 βασιλεῖ,
1714 4242 1813 4295 καὶ

215 4305 460 4395 ἐνοχλεῖν
487 4311 634 4381 αύτῷ
664 4314 806 4386 ὑπὲρ
839 4320 1056 4374 οίκείων
1098 4324 1364 4395 δεήσεων.
1407 4330 1570 4384 Ἀλλά
1600 4335 1695 4386 καὶ
1723 4336 1811 4389 ὅτε

222 4393 412 4500 μέλλοι
466 4416 552 4500 τις
596 4403 898 4500 ἀναγκαῖόν
950 4431 1004 4466 τι
1057 4393 1377 4486 ἀνενεγκεῖν
1429 4421 1673 4492 βασιλεῖ,
1735 4430 1814 4500 μὴ

216 4486 564 4585 ἀπέρχεσθαι
588 4495 716 4550 ἄνευ
744 4500 971 4572 γνώμης
1005 4504 1114 4558 τῶν
1161 4509 1262 4579 τῆς
1290 4486 1558 4585 ἐπαρχίας
1586 4486 1810 4573 ἐπισκόιί

217 4584 494 4679 ⁸Ϊτωνκάιίν
521 4582 591 4656 ἦς
623 4592 718 4642 καὶ
761 4594 788 4645 ό
837 4595 1102 4652 ἀπελθεῖν
1150 4601 1363 4670 μέλλων
1393 4582 1530 4674 ἐστὶ,
1569 4610 1805 4679 μάλιστα

220 4673 279 4770 δὲ
312 4674 405 4770 τοῦ
441 4684 845 4749 μητροπολίτου
888 4689 991 4757 τῆς
1019 4691 1292 4764 ἐπαρχίας
1318 4673 1579 4770 ἐκείνης..
1610 4703 1714 4757 Τὸν
1753 4705 1811 4758 δὲ

209 4766 544 4836 ὁρμήσαντα
575 4774 747 4844 χωρὶς
775 4777 1004 4851 γνώμης
1039 4782 1150 4854 (48)
1176 4787 1272 4839 καὶ
1314 4766 1666 4861 γραμμάτων
1711 4795 1808 4850 τοῦ

221 4862 632 4955 μητροπολίτου
667 4867 927 4923 ἀπελθεῖν
957 4874 1097 4943 πρὸς
1129 4876 1355 4946 βασιλέα
1388 4882 1801 4955 καθαιρεῖσθαι.

343 4951 399 5049 δὲ
445 4954 546 5049 τῆς
591 4960 650 5010 ἐν
697 4960 933 5034 Σαρδικῇ
980 4967 1202 5019 συνόδου
1241 4968 1287 5032 ζ’
1311 4972 1494 5026 κανὼν
1529 4949 1622 5030 καὶ
1653 4984 1727 5049 η’,
1761 4981 1809 5032 εί

219 5043 314 5139 διὰ
339 5045 598 5118 βοήθειαν
627 5056 816 5125 χηρῶν
847 5059 942 5112 καὶ
971 5058 1228 5128 ὀρφανῶν
1278 5067 1372 5118 καὶ
1403 5043 1685 5139 πενήτων,
1716 5075 1814 5128 καὶ

219 5137 432 5238 λαῖκών
467 5149 930 5216 προσφευγόντων
957 5154 1022 5222 τῇ
1055 5155 1327 5228 ἐκκλησίᾳ
1358 5137 1739 5232 ἀδικουμένων
1771 5169 1805 5238 ἢ

221 5232 852 5309 καταδυναστευομένων
897 5243 928 5314 ἢ
973 5243 1472 5318 ἀποστερουμένων
1514 5255 1626 5308 τῶν
1678 5232 1812 5330 ἅνηλ

1916 3331 2074 3401 gione
2094 3338 2290 3396 sponte
2315 3343 2414 3382 sua
2439 3327 2504 3380 ad
2531 3325 2915 3395 imperatorem
2937 3322 3218 3394 profectus
3241 3332 3344 3377 est.
3370 3323 3508 3375 Cum

1914 3424 2060 3477 enim
2088 3423 2140 3474 in
2165 3421 2386 3474 urbium
2403 3419 2589 3487 regina
2610 3427 2878 3478 versetur,
2904 3417 2989 3470 vel
3035 3413 3509 3484 imperutorisjus-

1916 3533 2002 3581 sn,
2035 3517 2116 3570 vel
2142 3511 2490 3584 patriarchali
2512 3511 2898 3577 permissione,
2919 3509 3057 3562 citra
3077 3509 3248 3562 ullum
3274 3508 3509 3576 impedi-

1915 3617 2167 3664 mentum
2200 3589 2581 3676 imperatorem
2616 3604 2938 3664 conveniet,
2977 3612 3033 3656 et
3081 3617 3231 3667 eum,
3285 3602 3507 3655 illorum

1914 3717 2038 3772 qua:
2072 3699 2326 3762 voluerit,
2362 3695 2697 3750 admonebit.
2739 3694 3094 3762 Imperatoris
3121 3703 3303 3748 autem
3348 3695 3510 3763 jussu

1915 3791 2189 3864 proﬁcisci
2222 3788 2520 3853 antistites,
2543 3801 2650 3856 quo
2670 3784 2808 3854 jussi
2833 3783 3058 3850 fuerint,
3082 3787 3247 3840 etiam
3273 3788 3390 3841 sine
3421 3802 3513 3857 sy-

1915 3885 2100 3942 nodali
2150 3898 2448 3944 consensu,
2501 3878 2551 3930 in
2585 3876 2823 3930 diversis
2865 3894 3140 3934 canonum
3181 3880 3512 3948 interpreta-

1915 3976 2161 4032 tionibus
2204 3977 2538 4031 declaratum
2572 3984 2690 4040 est;
2741 3988 2843 4029 nec
2887 3982 3016 4028 sunt
3048 3987 3111 4026 ea
3157 3985 3185 4024 a
3221 3969 3384 4025 nobis
3417 3985 3508 4024 re-

1914 4069 2170 4141 petenda.

1989 4161 2573 4231 ZONAR.Episcopos
2615 4160 3007 4230 imperatorem
3054 4156 3232 4219 adire,
3275 4156 3510 4225 ejusque

1918 4272 2079 4311 aures
2124 4256 2347 4325 privata:
2386 4254 2464 4309 rei
2511 4269 2678 4307 causa
2719 4250 3053 4330 importunis
3101 4249 3364 4320 precibus
3409 4248 3514 4302 ob-

1918 4348 2168 4413 tundere,
2198 4346 2300 4402 nisi
2331 4361 2453 4400 cum
2489 4343 2540 4398 id
2576 4359 2804 4414 prorsus
2836 4343 3154 4397 necessario
3191 4339 3508 4394 laciendum

1917 4439 2009 4504 sit,
2041 4453 2278 4494 canones
2300 4435 2443 4489 haud
2480 4434 2694 4489 sinunt.
2738 4433 2942 4487 Verum
2975 4441 3031 4486 et
3061 4432 3107 4486 si
3155 4430 3376 4500 quando
3410 4427 3512 4481 ali-

1919 4533 2049 4603 quid
2100 4531 2166 4584 ad
2221 4531 2605 4598 imperatorem
2660 4525 2879 4581 deferre
2935 4526 3209 4596 quispiam
3279 4536 3511 4577 necesse

1923 4624 2198 4688 habuerit,
2232 4622 2334 4675 nisi
2368 4621 2486 4688 ejus
2513 4620 2834 4688 provinciae,
2865 4635 2931 4673 ex
2961 4633 3066 4686 qua
3104 4617 3218 4684 ipse
3249 4622 3357 4677 est,
3391 4613 3514 4682 epi-

1923 4717 2132 4784 scopis,
2166 4729 2230 4769 ac
2272 4712 2694 4780 metropolitano
2731 4710 3036 4778 praesertim
3079 4704 3328 4775 ejusdem
3378 4719 3510 4774 pro-

1920 4803 2116 4858 vincia:
2161 4801 2562 4862 consentiente,
2616 4799 2890 4869 proﬁcisci
2946 4805 3158 4852 vetant.
3218 4797 3321 4861 Qui
3379 4795 3536 4849 vcro'

1922 4897 2132 4966 absque
2169 4892 2573 4962 metropolitani
2602 4907 2876 4946 consensu
2915 4905 2977 4944 ac
3009 4891 3204 4945 litteris
3234 4891 3298 4943 ad
3340 4890 3511 4961 impe.

1915 4998 2155 5043 ratorem
2209 4986 2360 5040 adire
2407 4985 2463 5038 in
2516 4985 2760 5038 animum
2817 4984 3118 5046 induxerit,
3162 4983 3511 5052 depositione

1915 5081 2134 5136 multari
2170 5080 2387 5150 jubent.
2427 5079 2769 5134 Sardicensis
2825 5092 2959 5132 vero
3008 5077 3203 5145 synodi
3263 5092 3508 5131 canones

1917 5174 1947 5226 7
2005 5180 2057 5226 et
2089 5171 2122 5225 8
2184 5171 2468 5240 episcopo,
2519 5179 2578 5224 ut
2620 5171 2910 5225 viduarum
2960 5169 3405 5239 pupillorumque
3458 5178 3513 5223 et

1923 5277 2226 5335 pauperum
2259 5276 2482 5316 causam
2513 5269 2659 5330 agat,
2693 5275 2756 5314 ac
2793 5261 2951 5316 laicis
2987 5262 3390 5331 patrocinetur,
3414 5261 3510 5330 qui

1490 5391 1682 5457 Guill.
1717 5397 2045 5483 Beveregii
2079 5411 2273 5467 notua.

317 5526 938 5623 {ZLTEEeEf-éfrrse‘.‘
959 5535 1096 5623 Haec
1119 5553 1302 5623 usque
1345 5540 1411 5623 ad
1442 5541 1610 5623 Itin-em
1636 5546 1803 5616 hujus

1914 5557 2189 5623 sequentia
2225 5555 2455 5610 Zonarze
2483 5554 2647 5609 verba
2673 5555 2849 5609 codex
2878 5551 3355 5608 Amerbachianus
3381 5551 3506 5623 plef

292 5526 406 5650 μγ)
445 5526 612 5613 Ἐπεζ
647 5531 714 5586 δέ
742 5550 938 5618 τινες..
969 5535 1096 5619 Haec
1127 5553 1302 5609 usque
1347 5540 1411 5593 ad
1451 5541 1610 5599 ﬁnem
1636 5546 1803 5616 hujus

218 5596 1071 5689 {ipsar‘no‘msinterpretationis
1103 5622 1169 5662 ex
1198 5611 1644 5689 _ms.ABod|_eiano
1672 5635 1803 5689 sup-

220 5669 494 5756 plevitnus
525 5688 540 5725 :
570 5669 928 5756 Sfd‘eistant
969 5679 1136 5756 etiam
1196 5680 1250 5756 in
1307 5669 1796 5756 Amerbacbia‘n—or;

1904 5622 2033 5681 nitts
2067 5628 2149 5681 sic
2183 5628 2335 5698 legit,
2364 5629 2458 5679 τὸν
2488 5627 2546 5679 δὲ
2574 5627 2900 5698 ὁρμήσαντα
2936 5623 3381 5698 γνώμης-χωρὶς
3412 5622 3512 5672 καὶ

1901 5694 2259 5768 γραμμάτων
2342 5694 2774 5768 μητροπολίτου
2820 5697 2914 5749 καὶ
2993 5694 3103 5768 τῶν

3180 5691 3511 5744 ἐπισκόπων

219 5741 839 5846 :inec't‘t‘on'inﬁjiliano;
903 5763 1030 5802 nam
1085 5746 1394 5808 Gentianus
1432 5741 1797 5816 Hervetusea

1914 5741 2328 5846 ᾗξτέἷθέἷίὲἒρδς
2342 5741 2939 5846 Ὲὲξιῗᾶἐέξὲἐῖτίπὲἔίν
2972 5741 3095 5836 τειῖ
3133 5741 3530 5846 άέιᾱςᾟοτοε

217 5808 392 5863 latine
429 5813 617 5867 vertit.
776 5857 786 5864 .

292 5880 402 5951 (68)
431 5881 542 5938 Τὸν
576 5884 642 5940 δὲ
674 5887 1027 5959 ὁρμήσαντα
1056 5893 1235 5962 χωρίς
1270 5894 1526 5967 γνώμης.
1587 5899 1710 5958 llaec
1741 5912 1794 5960 et

1902 5837 2021 5912 ἦτοι
2058 5837 2469 5909 καθαιρεῖσθαι.
