4164 6426
619 458 622 462 ί
690 425 706 486 l
723 427 822 487 3107

1960 426 2236 517 Tusco.
2278 427 2682 488 BALSAMON

685 558 743 593 »ιε
773 538 1155 611 periniurium
1202 554 1232 593 a
1281 538 1685 610 potentioribus
1733 539 1991 609 opprimi,
2058 554 2268 609 suaqttc

2399 541 2828 607 ιόντων-αὐτοῐς,
2861 544 2894 615 ἢ
2930 541 3025 596 καὶ
3055 540 3475 612 περιορισθῆναι
3502 540 3591 594 διὰ
3645 542 3993 609 πταῖσματα

684 634 787 687 sibi
807 633 1005 698 injuste
1021 630 1154 700 eripi
1173 640 1500 700 queruntur,
1524 640 1923 702 proptereaque
1940 632 2009 687 ab
2029 632 2276 687 Ecclesia

685 723 790 779 sibi
836 721 995 793 441
1050 722 1312 775 auxilium
1361 732 1687 791 exposcunt,
1734 731 1829 777 aut
1858 724 2023 777 etiam
2073 723 2275 792 quibus

685 817 758 869 ob
798 814 1011 885 aliquas
1040 815 1221 870 delicti
1260 813 1595 869 offensiones
1621 815 1802 870 exsilii
1838 829 1997 885 paena
2034 794 2272 883 irrogata

685 917 793 971 cst,
834 908 1219 977 imperatorem
1262 907 1497 962 adeundi
1534 907 1849 961 facultatem
1907 920 2033 963 esse
2079 907 2270 962 decer-

2384 635 2933 700 καταδικασθέντων,
2983 636 3302 707 προσελθεῖν
3371 634 3550 687 ἐθέλοι
3599 634 3686 704 τῷ
3741 634 3991 703 βασιλεῖ,

2383 725 2689 796 ἐκχωροῦσι
2714 726 2791 797 τῷ
2821 726 3051 796 τοιούτῳ
3073 719 3303 780 ’ἀπιέναι
3331 741 3347 756 ⁸
3379 725 3583 793 μᾶλλον
3622 724 3685 776 δέ
3726 723 3992 776 διάκονον

2384 816 2624 870 στέλλειν
2654 820 2857 872 οἰκεῖον
2878 820 3015 889 πρὸς
3049 818 3140 871 τὸν
3171 817 3399 886 βασιλέα
3438 817 3579 885 gas-ri
3614 817 3991 884 γραμμὲτωυ

2379 909 2460 971 εἰς
2496 910 2823 979 ἐπικουρίαν
2846 910 2955 963 τῶν
2984 910 3442 980 προσφευγόντων
3468 910 3536 977 τῇ
3576 905 3918 975 Ἐκκλησῖα.

689 1010 822 1055 mmt
861 1002 1196 1057 :diaconunt
1222 1010 1404 1059 tamen
1463 1004 1647 1074 potius
1687 1018 1813 1059 cum
1859 1004 2055 1059 litteris
2100 1018 2262 1059 suum
2304 1003 2371 1058 ad
2417 1004 2804 1074 imperatorem
2838 1004 3002 1070 mitti,
3033 1018 3207 1073 eoque
3249 1009 3410 1072 pacto
3490 1000 3761 1055 Ecclesiae
3858 1016 3992 1069 sup-

691 1096 923 1163 plicibus
946 1094 1201 1166 opitulari
1235 1095 1435 1165 placet.

687 1190 913 1246 ARIST.
954 1211 973 1244 ι
1015 1192 1322 1262 Episcopus
1352 1193 1436 1248 vel
1469 1193 1773 1265 presbyter,
1802 1192 1898 1263 qui
1928 1208 2025 1247 sua
2058 1202 2277 1263 sponte,

764 1303 783 1337 ι
816 1294 871 1339 et
909 1299 1014 1351 non
1050 1283 1348 1352 provinciae
1375 1285 1787 1355 metropolitani
1817 1285 1977 1354 jussu
2044 1285 2283 1354 impera-

774 1393 792 1427 ‹
843 1383 1018 1429 torem
1066 1374 1204 1440 adit,
1232 1376 1621 1432 communione
1662 1376 1868 1446 pariter
1910 1390 1973 1430 ac
2006 1375 2278 1445 dignitate

769 1483 787 1516 ι
825 1468 1067 1521 excidat.
1108 1486 1127 1519 ι

763 1554 1198 1612 lnobedientiam
1248 1559 1301 1612 in
1353 1560 1614 1615 omnibus
1660 1560 1917 1616 tollentes
1969 1560 2179 1625 Patres,
2224 1566 2277 1614 et

689 1650 1325 1706 ronstitutum'ordinem
1349 1661 1760 1719 conservantes,
1782 1653 2071 1722 prohibent
2093 1661 2147 1707 et
2166 1654 2279 1722 epi-

690 1756 907 1808 scopos,
937 1750 990 1794 et
1016 1741 1365 1812 presbyteros
1398 1753 1451 1797 et
1482 1744 1620 1798 alios
1644 1743 1878 1812 catalogi
1914 1742 2277 1797 sacerdotalis

2378 1188 2603 1243 ΔΡΙΣΤ.
2676 1205 2695 1240 ι
2751 1188 2813 1241 ’0
2844 1186 3087 1259 προσιὼν
3117 1188 3447 1257 αὐτομάτως
3472 1186 3553 1256 τῷ
3589 1185 3818 1254 βασιλεῖ
3858 1184 3990 1236 kz!—

2460 1298 2479 1332 ι
2525 1295 2750 1343 σκοπος,
2800 1280 2832 1350 ἢ
2882 1279 3275 1350 πρεσϐύτερος,
3333 1279 3429 1332 καὶ
3477 1279 3603 1347 οὐχὶ
3657 1275 3995 1336 κελευσθεὶς

2455 1390 2474 1424 ι
2521 1372 2677 1441 παρὰ
2708 1371 2804 1424 τοῦ
2848 1371 2947 1440 τῆς
2996 1372 3183 1442 χώρας
3230 1370 3661 1443 μητροπολίτου,
3700 1371 3850 1438 μετα
3888 1368 3995 1436 τῆς

2459 1484 2477 1519 ι
2520 1464 2808 1527 κοινωνίας
2835 1463 3150 1518 ἐκπιπτέτω
3180 1465 3275 1519 καὶ
3301 1463 3403 1532 τῆς
3434 1462 3615 1526 ἀξίας.
3664 1480 3684 1513 ι

2456 1556 2530 1609 Τὸ
2555 1556 2934 1609 ἀνυπότακτον
2961 1558 3018 1608 ἐν
3052 1558 3220 1610 πᾶσιν
3254 1558 3301 1609 οἱ
3336 1554 3588 1625 Πατέρες
3612 1570 3685 1605 πε
3697 1552 3994 1622 ριαιροῦν-

2383 1666 2495 1709 τες,
2527 1647 2621 1700 καὶ
2667 1646 2727 1700 τὸ
2779 1634 3046 1700 εὔτακτον
3101 1645 3522 1716 συντηροῦντες,
3553 1644 3841 1698 κωλύουσι
3895 1643 3995 1694 καὶ

2380 1740 2508 1802 τοὺς
2536 1739 2897 1802 ἐπισκόπους,
2928 1739 3021 1792 καὶ
3062 1739 3192 1801 τοὺς
3247 1738 3692 1808 πρεσϐυτέρους,
3726 1738 3824 1787 καὶ
3858 1736 3993 1795 τοὺς

690 1831 808 1883 sine
842 1832 1094 1899 primatis
1127 1833 1212 1886 sui
1247 1832 1447 1889 litteris
1476 1848 1657 1903 regem
1694 1833 1849 1888 adire
1889 1842 1943 1888 ct
1969 1848 2132 1888 aures
2157 1832 2277 1899 ejus

2399 1828 2580 1891 ἰλλους
2609 1827 2705 1882 τοῦ
2742 1829 3019 1897 ἱερατικοῦ
3067 1829 3379 1895 καταλόγου
3428 1828 3561 1880 ἄνευ
3618 1826 3993 1895 γραμμάτιον

690 1922 1003 1982 obturbare.
1030 1932 1082 1978 et
1113 1924 1414 1994 quidquam
1448 1925 1515 1979 de
1540 1926 1815 1995 aliquibus
1844 1926 2072 1981 referre.
2106 1925 2171 1980 Et
2198 1924 2281 1977 id-

691 2014 838 2067 circo
868 2030 991 2067 eum
1020 2016 1113 2084 qui
1138 2016 1257 2071 sine
1293 2017 1463 2081 illius,
1486 2019 1579 2086 qui
1617 2018 1914 2085 provincia:
1950 2018 2274 2086 metropolis

690 2114 773 2159 est
820 2106 1134 2174 episcopus,
1177 2108 1451 2162 sententia
1497 2124 1681 2179 regem
1729 2110 1860 2172 adit,
1911 2119 1966 2163 et
2013 2109 2279 2180 dignitate

692 2198 888 2266 deponi
917 2199 1133 2268 jubent,
1170 2210 1223 2255 et
1251 2214 1280 2252 a
1315 2200 1708 2256 communione
1745 2200 1941 2256 arceri.

1301 2462 1532 2518 CANON
1563 2463 1682 2519 XII.

699 2568 717 2601 ι
748 2549 803 2603 Si
827 2552 952 2622 quis
984 2553 1271 2624 presbyter
1294 2554 1375 2608 vel
1397 2554 1663 2610 diaconus
1688 2570 1715 2609 a
1749 2554 1973 2624 proprio
1996 2553 2277 2622 episcopo,

771 2665 789 2697 ι
827 2647 909 2699 vel
944 2648 1240 2715 episcopus
1276 2661 1304 2699 a
1343 2647 1553 2717 synodo
1588 2647 1900 2716 depositus,
1942 2660 2113 2701 ausus
2165 2642 2282 2698 fue-

777 2758 795 2791 ι
839 2738 907 2792 rit
959 2737 1306 2807 imperatoris
1363 2739 1589 2793 auribus
1642 2738 1951 2793 molestiam
1994 2736 2277 2801 exhibere,

775 2852 792 2885 ι
838 2848 963 2887 cum
998 2840 1246 2901 oporteat
1276 2832 1344 2886 ad
1377 2834 1640 2901 majorem
1676 2831 1953 2902 synodum
1999 2829 2272 2894 converti,

774 2940 791 2973 ι
828 2921 1019 2990 etjus,
1071 2922 1216 2990 qttod
1258 2936 1317 2976 se
1375 2922 1575 2977 habere
1616 2931 1792 2993 putat,
1837 2922 1905 2977 ad
1945 2920 2130 2989 plures
2165 2919 2282 2990 epi-

772 3031 791 3065 ι
837 3004 1034 3083 scapos
1076 3014 1309 3078 referre,
1354 3029 1659 3083 eorumque
1700 3014 2165 3069 examinationem
2222 3019 2278 3065 et

773 3122 792 3156 ι
824 3103 1093 3173 judicium
1148 3104 1433 3173 suscipere
1466 3120 1483 3159 :
1520 3104 1564 3160 si
1602 3105 1786 3174 itaque
1825 3103 1911 3159 his
1944 3101 2278 3172 contemptis

776 3213 795 3246 ι
843 3195 1161 3266 imperatori
1194 3198 1463 3252 molestus
1503 3196 1688 3262 fuerit,
1720 3197 1767 3253 is
1801 3196 1952 3251 nulla
1999 3195 2158 3252 venia
2200 3194 2285 3248 di-

776 3305 795 3339 r
835 3302 998 3357 gnus,
1031 3302 1210 3357 neque
1234 3288 1321 3342 sui
1348 3287 1674 3343 defendendi
1709 3288 1891 3343 locum
1921 3285 2143 3351 habeat,
2182 3298 2285 3340 nec

777 3399 795 3431 σ
836 3382 1201 3438 restitutionis
1234 3382 1430 3437 futurae
1455 3396 1607 3449 spem
1647 3388 1946 3451 exspectet.
1985 3397 2004 3431 ι

771 3472 971 3529 BALS.
1004 3475 1196 3531 Cuivis
1229 3474 1622 3538 condemnato.
1654 3475 1751 3544 qui
1804 3490 1863 3530 se
1905 3473 2108 3545 injuria
2150 3476 2290 3532 alie-

701 3580 848 3623 ctum
876 3578 1047 3637 putet,
1074 3567 1461 3638 appellationis
1484 3566 1749 3621 auxilium
1773 3566 1961 3622 datum
2001 3576 2108 3638 est.
2147 3568 2293 3623 Dicit

703 3673 833 3728 ergo
858 3674 1056 3722 canon,
1085 3629 1229 3727 quod
1250 3657 1354 3712 etsi
1389 3657 1492 3711 hoc
1507 3657 1784 3727 episc0pis
1804 3629 2124 3725 datumest,
2142 3657 2294 3713 simi-

704 3750 827 3805 liter
887 3758 942 3805 et
994 3750 1247 3816 clericls;
1288 3763 1398 3804 non
1447 3757 1628 3803 tamen
1680 3750 1762 3805 eis
1808 3748 2135 3818 permissum
2165 3753 2291 3816 (est,

706 3858 870 3898 aures
901 3842 1080 3912 regias
1107 3840 1176 3896 de
1204 3856 1267 3896 ea
1294 3857 1353 3897 re
1379 3840 1705 3896 obtundere.
1742 3838 1799 3895 Si
1823 3840 1947 3909 quis
1978 3855 2132 3909 ergo,
2157 3841 2291 3896 reli-

707 3944 796 3990 cto
830 3935 897 3990 ad
943 3934 1211 4004 majorem
1255 3933 1527 4005 synodum
1569 3932 1747 3997 aditu,
1790 3933 2293 4005 prmtermissisque

703 4029 848 4099 jurzs
870 4028 955 4082 sui
974 4042 1158 4082 coram
1181 4041 1244 4081 ea
1270 4026 1695 4093 allegationibus
1719 4041 1817 4091 per
1839 4026 2290 4095 appellationem,

709 4121 776 4175 de
800 4137 862 4173 ea
895 4136 955 4175 re
977 4120 1296 4190 imperatori
1320 4120 1585 4183 molestus
1613 4118 1802 4185 fuerit,
1836 4133 1945 4173 non
1976 4117 2155 4173 solum
2182 4133 2293 4172 non

709 4212 1017 4284 iuvabitur,
1055 4212 1149 4267 sed
1183 4210 1409 4283 perinde
1438 4211 1670 4266 ae'nulla
1700 4211 1855 4265 venia
1901 4210 2120 4279 dignus,
2174 4222 2297 4263 om-

712 4322 834 4362 nem
859 4308 944 4363 sui
974 4307 1120 4376 juris
1160 4304 1498 4377 preponendi
1526 4304 1752 4373 januam
1787 4303 1892 4359 sibi
1926 4303 2201 4367 occludet,
2242 4309 2297 4356 et

713 4416 814 4456 nec
848 4416 1000 4470 spem
1032 4400 1250 4470 quidem
1277 4398 1640 4454 restitutionis
1665 4396 1912 4451 habebit.
1961 4394 2171 4449 Dixerit
2201 4408 2299 4448 au-

2312 3151 2359 3213 C

2386 1920 2479 1973 τοῦ
2516 1919 2738 1990 πρώτου
2794 1921 2976 1974 αὐτῶν
3023 1921 3163 1991 πρὸς
3210 1920 3436 1991 βασιλέα
3480 1919 3861 1987 ἀπέρχεσθαι,
3898 1919 3994 1969 καὶ

2386 2014 2483 2076 τὰς
2512 2013 2687 2075 ἀκοὰς
2726 2010 2894 2066 αύτοῦ
2940 2012 3320 2082 παρενοχλεῖν,
3350 2013 3447 2065 καὶ
3496 2010 3806 2078 ἀναφέρειν
3859 2010 3993 2076 περί

2385 2121 2573 2156 τινων.
2618 2103 2727 2155 Καὶ
2756 2103 2845 2155 διὰ
2886 2102 3045 2155 τοῦτο
3094 2104 3186 2154 τὸν
3242 2102 3370 2156 ἄνευ
3419 2100 3653 2168 γνώμης
3700 2098 3799 2151 τοῦ
3842 2100 3989 2149 κατὰ

2386 2193 2483 2264 τὴν
2516 2194 2853 2263 μητρόπολιν
2891 2197 2990 2262 τῆς
3017 2192 3289 2265 ἐπαρχίας
3323 2193 3628 2245 ἐπισκόπου
3663 2190 3744 2258 τῷ
3773 2189 3997 2259 βασιλεῖ

2387 2287 2682 2354 προσιόντα
2706 2290 2800 2338 καὶ
2830 2285 2928 2354 τῆς
2952 2284 3109 2349 ἀξίας
3135 2282 3523 2353 καθαιρεῖσθαι
3548 2283 3995 2350 προστάττουσι,

2387 2378 2485 2431 κα)⁸
2513 2378 2617 2448 τῆς
2642 2378 2931 2440 κοινωνίας
2962 2376 3350 2446 ἀπείργεσθαι.

2993 2468 3235 2521 ΚΑΝΩΝ
3260 2465 3360 2521 ΙΒ’.

2400 2580 2419 2614 ι
2459 2562 2526 2615 Εἴ
2565 2579 2650 2623 τις
2699 2561 2804 2614 ὑπὸ
2833 2560 2927 2614 τοῦ
2961 2560 3092 2614 ἰδίου
3121 2559 3420 2613 ἐπισκόπου
3463 2558 3820 2630 καθαιρεθεὶς
3862 2575 3999 2626 πρε-

2458 2671 2476 2705 (
2525 2652 2789 2722 σῦύτερος
2848 2652 3190 2721 ἢδιάκονος,
3240 2652 3273 2721 ἢ
3332 2652 3427 2703 καὶ
3489 2651 3813 2711 ἐπίσκοπος
3889 2651 3998 2703 tiu-.5

2466 2765 2485 2798 ι
2532 2747 2789 2809 συνόδου,
2853 2744 3088 2816 όχλῆσαι
3145 2743 3442 2814 τολμήσειε
3515 2744 3617 2806 τὰς
3691 2743 3998 2811 βασιλικὰς

2460 2857 2480 2891 ι
2523 2838 2718 2901 ἀκοὰς,
2759 2837 2883 2891 δέον
2932 2836 3027 2890 ἐπὶ
3094 2835 3320 2904 μείζονα
3386 2834 3711 2888 ἐπισκόπων
3765 2834 3998 2887 σύνοδον

2451 2949 2484 2991 ,ι
2524 2929 2845 2997 τρέπεσθαι,
2880 2929 2978 2982 καὶ
3030 2927 3069 2981 ἃ
3116 2925 3327 2995 νομίζει
3374 2925 3561 2979 δίκαια
3602 2922 3755 2993 ἔχειν
3811 2940 3997 2993 προσ-

2460 3038 2482 3075 (
2524 3021 2819 3089 ἀναφέρειν
2864 3019 3110 3072 πλείοσιν
3159 3016 3501 3079 ἐπισκόποις,
3557 3015 3653 3069 καὶ
3696 3015 3801 3087 τὴν
3858 3013 3998 3081 παρ’

2463 3133 2483 3167 ι
2528 3115 2711 3170 αὐτῶν
2754 3112 3009 3178 ἐξέτασίν
3049 3128 3111 3165 τε
3166 3112 3264 3164 καὶ
3305 3109 3591 3177 ἐπίκρισιν
3634 3107 3996 3175 ἐκδέχεσθαι·

2460 3227 2480 3261 ι
2523 3208 2571 3261 εί
2601 3207 2657 3261 δὲ
2695 3207 2904 3259 τούτων
2943 3204 3291 3274 ὀλιγωρήσας
3336 3200 3649 3270 ἐνοχλήσειε
3717 3198 3799 3267 τῷ
3838 3196 3998 3266 βασι-

2458 3317 2478 3352 ι
2520 3299 2625 3363 λετ,
2672 3299 2765 3352 καὶ
2817 3295 3011 3350 τοῦτον
3059 3293 3200 3367 μηδέ
3246 3294 3377 3363 μιᾶς
3421 3289 3771 3357 συγγνώμης
3794 3287 3990 3353 ἀξιοῦ-

2470 3408 2490 3444 ι
2533 3390 2682 3457 σθαι,
2717 3389 2854 3461 μηδὲ
2904 3388 3093 3459 χώραν
3133 3384 3434 3452 ἀπολογίας
3484 3383 3656 3453 ἔχειν,
3704 3382 3851 3450 μηδέ
3900 3382 4001 3432 ἐλ-

2468 3502 2488 3536 r
2529 3482 2661 3536 πίδα
2691 3481 2998 3552 μελλούσης
3028 3474 3532 3536 ἀποκαταστάσεως
3578 3472 3933 3541 προσδοκᾷν.
3974 3488 3994 3521 ι

2474 3575 2673 3630 ΒΔΛΣ.
2728 3573 2902 3627 Παντὶ
2969 3568 3459 3637 καταδικαζομένῳ
3515 3565 3616 3631 καὶ
3675 3562 3999 3617 ἀδικεῖσθαι

2392 3666 2631 3736 οίομένῳ
2673 3666 2705 3735 ή
2753 3663 2853 3733 τῆς
2889 3662 3159 3732 ἐκκλήτου
3192 3659 3351 3727 ἐδόθη
3387 3644 3639 3728 βοήθεια.
3669 3658 3823 3726 Φησὶ
3867 3655 4000 3723 γοῦν

2395 3760 2424 3813 ὁ
2454 3758 2639 3813 κανὼν
2670 3757 2767 3822 ὡς,
2798 3756 2848 3808 el
2885 3756 2982 3809 καὶ
3024 3752 3242 3822 ἐνεδόθη
3275 3750 3434 3804 τοῦτο
3478 3751 3595 3811 τοῖς
3638 3749 3998 3810 ἐπισκόποις,

2397 3851 2664 3914 ὡσαύτως
2710 3851 2806 3903 καὶ
2843 3851 2958 3912 τοῖς
3000 3847 3312 3917 κληρικοίς,
3359 3844 3477 3898 ἀλλ’
3520 3844 3623 3897 οὐκ
3670 3843 3997 3913 ἐξεχωρήθη

2399 3946 2497 3999 καὶ
2524 3943 2625 4007 τὰς
2644 3941 2933 4012 βασιλικὰς
2957 3939 3128 4003 ἀκοὰς
3147 3937 3318 4007 χάριν
3343 3936 3538 3991 τούτου
3572 3935 3783 4004 όχλείν.
3814 3935 3887 3986 El’
3914 3951 3997 3996 τις

2397 4035 2492 4090 οὖν
2530 4031 2851 4088 καταλιπὼν
2890 4031 2953 4084 τὸ
3006 4028 3328 4100 προσελθεῖν
3375 4027 3589 4099 μείζονι
3646 4026 3867 4096 συνόδῳ
3910 4027 4002 4078 καὶ

2400 4126 2689 4196 γυμνάσαι
2723 4124 2823 4187 τὰς
2850 4121 3069 4183 δικαίας
3114 4118 3488 4188 δικαιολογίας
3518 4123 3664 4173 κατά
3698 4119 3873 4186 λόγον
3906 4120 3999 4170 ἐκ·

2401 4217 2631 4286 κλήτου,
2656 4215 2880 4286 δχλήσει
2914 4213 3143 4284 βασιλέα
3172 4213 3305 4282 περὶ
3334 4210 3555 4275 τούτου,
3592 4210 3657 4264 οὐ
3694 4210 3865 4280 μόνον
3896 4211 3993 4261 οὐκ

2400 4309 2841 4381 ὠφεληθήσεται,
2876 4307 2994 4361 ἀλλ’
3022 4306 3098 4369 ὡς
3136 4304 3413 4375 μηδεμιᾶς
3444 4301 3788 4371 συγγνώμης
3816 4299 4002 4363 ἀξιού-

2404 4419 2605 4472 μενος,
2659 4401 2843 4454 πᾶσαν
2888 4398 3063 4469 θύραν
3114 4396 3325 4457 οἰκείας
3385 4392 3765 4459 δικαιολογίας
3822 4388 4001 4457 ἐαυτῷ

717 4503 823 4546 tem
891 4492 1204 4561 quispiam;
1241 4489 1378 4544 Cum
1426 4504 1605 4544 canon
1654 4486 1800 4543 dicat
1845 4486 2129 4557 depositos
2183 4500 2292 4539 non

2403 4491 2756 4562 ἐπιζυγὼσει,
2790 4492 2881 4545 καὶ
2910 4490 3035 4544 ούδέ
3070 4488 3261 4542 ἐλπίδα
3317 4487 3430 4552 ἐξει
3465 4483 3998 4543 ἀποκαταστάσεως.

715 4581 913 4636 debere
950 4582 1015 4636 ad
1052 4581 1436 4650 imperatorem
1462 4578 1746 4644 accedere,
1780 4578 1876 4633 sed
1922 4577 1989 4632 ad
2034 4578 2299 4647 majorem

715 4675 1010 4746 synodum,
1044 4683 1104 4728 ut
1142 4676 1209 4738 is,
1241 4675 1333 4743 qui
1358 4674 1496 4728 forte
1529 4673 1598 4728 ab
1637 4671 1916 4741 Ephesiuo
1946 4671 2029 4725 vel
2067 4668 2297 4726 Thcssa-

716 4769 983 4823 lonicensi
1005 4768 1288 4837 depositus
1323 4774 1429 4831 est,
1465 4766 1531 4821 ad
1579 4766 1948 4835 patriarcham
2002 4764 2298 4820 universa-

712 4864 882 4918 salem
908 4870 1055 4917 recte
1074 4863 1331 4918 accedere
1350 4869 1613 4932 cogetur:
1643 4860 1737 4931 qtti
1761 4875 1889 4916 vero
1914 4875 1943 4914 a
1987 4859 2302 4930 patriarcha

716 4956 1116 5010 condemnatus
1163 4963 1269 5016 est,
1312 4968 1437 5007 cum
1486 4967 1595 5006 non
1628 4951 1825 5007 habeat
1861 4964 1972 5019 quo
1994 4949 2301 5018 confugiat,

719 5048 783 5101 nd
810 5048 1193 5117 imperatorem
1227 5047 1519 5110 accedens,
1556 5046 1835 5115 punietur,
1860 5059 1930 5098 an
1967 5043 2115 5097 non?
2145 5040 2302 5097 Solu-

717 5144 811 5196 ιῖο.
848 5139 1103 5194 Νουηιιιιὶ
1141 5138 1423 5203 dicebant,
1465 5140 1519 5191 in
1551 5151 1740 5191 eorum
1766 5150 1982 5206 quoque
2003 5134 2306 5190 sententias

718 5236 896 5290 locum
935 5234 1136 5288 babere
1170 5246 1255 5297 ea,
1301 5246 1423 5300 quae
1458 5245 1487 5284 a
1515 5244 1727 5284 canone
1762 5229 2045 5289 dicuntur,
2074 5237 2307 5296 excepto

723 5328 1040 5389 universali.
1088 5328 1347 5397 quoniam
1396 5322 1880 5394 llicrosolymitani
1929 5320 2199 5376 sententia
2239 5320 2307 5375 ab

721 5420 1063 5475 Antioxheno
1099 5420 1454 5490 dijudicetur,
1486 5426 1541 5472 et
1597 5416 1924 5470 Autiocheui
1968 5414 2037 5468 ab
2072 5414 2310 5468 Alexanc

720 5512 901 5576 drino,
934 5521 987 5565 et
1015 5512 1095 5566 sie
1122 5511 1383 5578 deinceps
1413 5507 1717 5564 secundum
1749 5507 2011 5577 majorem
2038 5507 2305 5562 uniuscu-

716 5606 918 5678 jusque
963 5605 1237 5659 ordinem.
1288 5603 1414 5657 ΜΗιί
1461 5610 1642 5656 autem
1692 5600 1906 5654 videtur
1955 5614 2131 5654 canon
2187 5614 2310 5655 esse

721 5700 903 5755 editus
959 5705 1185 5767 propter
1224 5694 1526 5751 sententias
1564 5692 1797 5748 aliorum
1831 5692 2214 5763 episc0porum
2255 5700 2311 5745 et

728 5788 1287 5859 metropolitanorum,
1314 5802 1419 5841 nou
1440 5787 1601 5841 etiam
1625 5784 2086 5856 patriarcharum.
2108 5780 2309 5843 Eorum

726 5883 872 5938 enim
917 5880 1200 5939 seutent'ne
1239 5878 1588 5951 appz-llitioni
1637 5894 1746 5933 non
1807 5875 2197 5947 subjiciuntur.
2244 5873 2308 5929 Et

2410 4586 2571 4639 Εἴποι
2618 4584 2677 4639 δέ
2717 4601 2803 4647 τις
2837 4582 2935 4649 ὡς,
2972 4581 3066 4635 τοῦ
3098 4581 3323 4642 κανόνος
3356 4579 3613 4647 λέγοντος
3650 4575 3729 4645 μὴ
3766 4574 4002 4641 ’προσέρ-

2406 4675 2600 4748 χεσθαι
2630 4676 2723 4728 τὸν
2756 4672 3158 4742 καθαιρεθέντα
3200 4670 3438 4740 βασιλεῖ,
3485 4667 3628 4722 ἀλλά
3668 4666 3887 4735 μείζονι
3918 4682 4003 4716 συ-

2407 4769 2563 4837 νόδῳ,
2597 4768 2626 4820 ὀ
2673 4766 2772 4836 μὲν
2818 4764 3171 4831 καθαιρεθεὶς
3215 4762 3322 4815 ὑπὸ
3354 4760 3450 4814 τοῦ
3490 4759 3731 4826 Ἐφέσου
3782 4756 3999 4826 τυχόνῆ

2408 4863 2503 4913 τοῦ
2533 4859 2935 4925 Θεσσαλονέκης
2952 4856 3030 4927 τῷ
3057 4853 3453 4923 οἰκουμενικῷ,
3491 4853 3823 4920 πατριάρχῃ
3852 4849 3999 4902 5:316-
4062 4868 4085 4887 υ

2408 4966 2521 5019 γως
2556 4947 2878 5019 προσελθεῖν
2903 4944 3411 5016 ἀναγκασθήσεται·
3442 4943 3470 4995 ό
3499 4942 3557 4995 δὲ
3585 4940 3693 4993 ὑπὸ
3726 4940 3999 5007 πατριάρ-

2410 5060 2506 5115 χου
2564 5041 2987 5104 καταδικασθεὶς
3040 5038 3118 5110 μὴ
3159 5037 3306 5107 ἔχων
3357 5038 3498 5090 ὅπου
3552 5032 3886 5104 προσφύγῃ,
3928 5029 3999 5098 τῷ

2411 5134 2624 5205 βασιλεῖ
2662 5132 3101 5203 προσερχόμενος
3123 5128 3547 5198 κολασθήσεται,
3580 5125 3615 5196 ἧ
3647 5126 3748 5189 οΰ;
3793 5124 3995 5185 Λύσις.

2412 5228 2569 5287 Τινὲς
2600 5227 2697 5295 μὲν
2719 5224 2873 5278 εἶπον
2898 5224 2991 5277 καὶ
3019 5222 3097 5285 εἰς
3119 5221 3219 5284 τάς
3244 5219 3555 5288 ἀποφάσεις
3583 5217 3801 5271 τούτων
3825 5216 3999 5285 χώραν

2416 5317 2561 5388 ἔχειν
2590 5317 2659 5370 τὰ
2684 5315 2779 5368 τοῦ
2815 5317 3045 5378 κανόνος
3073 5314 3202 5367 ἀνευ
3248 5312 3345 5365 τοῦ
3376 5309 3803 5378 οἰκουμενικοῦ,
3833 5308 3919 5359 διὰ
3947 5307 3999 5357 τὸ

2414 5410 2514 5480 τὴν
2540 5408 2637 5461 τοῦ
2682 5406 3074 5478 Ἰεροσολύμων
3106 5403 3385 5473 ἀπόφασιν
3415 5401 3823 5470 ἀνακρίνεσθαι
3863 5397 3999 5465 παρὰ

2412 5500 2508 5554 τοῦ
2551 5498 2908 5569 Ἀντιοχείας,
2946 5499 3038 5551 καὶ
3071 5496 3170 5566 τὴν
3196 5495 3293 5549 τοῦ
3349 5494 3675 5564 Αντιοχείας
3724 5492 3883 5561 παρὰ
3915 5488 3996 5542 tot":

2426 5590 2861 5661 Ἀλεξανδρείας,
2892 5590 2990 5643 καὶ
3020 5586 3220 5657 ἐφεξῆς
3266 5585 3412 5639 κατά
3445 5584 3548 5653 τὴν
3592 5582 3832 5652 μείζονα
3862 5581 3998 5645 τάἱιν

2414 5683 2648 5737 ἐκάστου
2681 5681 2894 5735 αὐτῶψ
2932 5680 3057 5751 ἐμοὶ
3102 5679 3159 5732 δέ
3194 5678 3346 5731 δοκεῖ
3383 5677 3477 5729 τὸν
3512 5676 3723 5730 κανόνα
3766 5679 3997 5743 Expurig-

2420 5778 2582 5849 θῆναι
2608 5775 2697 5830 διὰ
2730 5774 2831 5838 τὰς
2862 5771 3174 5843 ἀποφάσεις
3206 5768 3318 5824 τῶν
3348 5768 3529 5824 ἀλλων
3560 5768 3890 5822 ἐπισκόπων
3918 5766 3995 5817 καὶ

2418 5871 2527 5924 τῶν
2584 5865 3021 5942 μητροπολ.ιτῶν,
3052 5863 3115 5919 οὐ
3168 5861 3276 5934 μὴν
3325 5861 3420 5917 καὶ
3465 5858 3578 5917 τῶν
3624 5859 3994 5933 πατριαρχῶν.
