4164 6426
183 371 211 434 1
222 376 323 435 309

1230 384 1308 443 ΙΝ
1349 387 1510 450 CAN.
1558 389 1669 448 XII
1713 390 1921 450 CUNC.
1967 393 2020 453 ll
2061 394 2417 458 ANTIOCII.
3311 404 3441 466 39.173

176 483 451 577 Alﬁum
481 483 590 577 γάρ
618 486 825 577 τούτων
855 491 1109 562 ἐκκλήτῳ
1155 492 1254 565 οὐχ
1290 496 1634 553 ὑπόκεινται.
1673 500 1765 551 Διὸ

1870 504 2009 570 ideo,
2034 508 2125 575 qui
2161 508 2545 577 imperatorem
2574 510 2791 576 adierit,
2817 520 2874 565 ut
2905 516 2972 567 de
2997 528 3189 569 eorum
3220 529 3444 571 seuteu—

179 575 281 626 καὶ
324 573 355 624 ό
402 574 720 643 προσελθὼν
774 578 988 648 βασιλεῖ
1038 583 1202 653 χάριν
1250 586 1346 639 τοῦ
1396 588 1763 657 άνακριθῆναι

177 667 306 718 κατ’
366 666 632 738 ἔκκλητον
680 670 955 739 ἀπόφασιν
1014 675 1242 742 τούτων,
1315 680 1762 748 τιμωρηθήσεται

178 756 328 811 κατὰ
360 758 453 812 τὸν
483 761 729 830 παρόντα
763 764 987 820 κανόνα.
1020 766 1161 838 Φησὶ
1188 768 1298 839 γὰρ
1327 770 1359 839 ή
1392 770 1503 840 ρλζ⁹
1542 770 1760 824 ’1ουστι-

177 850 416 913 νιάνειος
449 850 660 921 Νεαρά,
687 854 721 923 ἡ
759 857 983 927 κειμένη
1009 859 1066 911 ἐν
1092 858 1282 929 βιϐλίῳ
1309 862 1478 932 τρίτῳ
1520 863 1629 914 τῶν
1662 862 1767 916 Βα-

179 942 412 995 σιλικῶν
458 960 567 1000 τιτ.
603 952 673 1011 α’,
708 965 836 1018 κεφ.
892 957 973 1020 με’
1002 967 1018 983 ο
1065 951 1136 1006 Εἴ
1181 969 1326 1016 τινες
1373 954 1429 1007 δὲ
1479 954 1765 1009 όσιὼτατοι

180 1037 476 1090 ἐπίσκοποι
527 1040 628 1107 τῆς
682 1042 852 1111 αὐτῆς
901 1045 1121 1100 συνόδου
1177 1046 1592 1117 άμφισόήτησίν
1641 1064 1762 1102 τινα

181 1128 323 1198 πρὸς
370 1130 634 1201 ἀλλήλους
687 1133 889 1203 ἔχοιεν,
943 1138 1051 1191 εἴτε
1113 1140 1253 1209 ὑπὲρ
1305 1140 1761 1211 ἐκκλησιαστικοῦ

178 1219 420 1282 δικαίου,
440 1222 552 1275 εἴτε
586 1225 727 1294 ὺπέρ
750 1226 929 1279 ἄλλων
958 1230 1121 1283 τινῶν
1154 1233 1523 1301 πραγμάτων,
1560 1234 1761 1303 πρότε-

185 1327 282 1379 ρον
310 1314 337 1363 ὁ
368 1314 772 1385 μητροπολίτης
806 1317 988 1371 αὐτῶν
1037 1319 1158 1389 μεθ’
1206 1322 1413 1391 ἐτέρων
1446 1322 1540 1374 δύο
1566 1326 1630 1375 ἐκ
1662 1325 1765 1391 τῆς

179 1401 356 1468 αὐτῆς
396 1402 619 1455 συνόδου
655 1406 969 1462 ἐπισκόπων
1002 1410 1063 1463 τὸ
1095 1415 1330 1482 πρᾶγμα
1377 1415 1630 1483 κρινέτω,
1666 1416 1762 1467 καὶ

179 1491 230 1542 εἰ
285 1492 359 1560 μὴ
403 1495 636 1569 ἐμμείνῃ
688 1498 952 1569 ἑκάτερον
1005 1502 1174 1571 μέρος
1222 1506 1338 1565 τοῖς
1388 1506 1762 1574 κεκριμένοις,

177 1585 484 1650 τηνικαῦτα
507 1589 535 1641 ό
566 1592 988 1662 μακαριώτατος
1024 1595 1372 1664 πατριάρχης
1412 1597 1630 1666 ἐκείνης
1664 1598 1764 1665 τῆς

178 1673 503 1746 διοικήσεως
561 1683 765 1751 μεταξὺ
828 1684 1009 1737 αὐτῶν
1066 1688 1479 1753 άκροασάσθω,
1533 1691 1764 1742 κάκεῖνα

177 1765 415 1833 όριζέτω
443 1769 601 1823 ἅτινα
632 1775 744 1835 τοῖς
774 1774 1256 1845 ἐκκλησιαστικαῖς
1283 1780 1474 1833 κανόσι
1505 1781 1599 1832 καὶ
1649 1783 1761 1843 τοῖς

180 1856 373 1923 νόμοις
423 1864 767 1933 συνᾴδουσιν,
798 1867 1013 1931 οὐδενὸς
1058 1870 1255 1939 μέρους
1284 1873 1425 1924 κατᾶ
1455 1873 1553 1941 τῆς
1581 1873 1764 1942 ψήφου

181 1947 353 2000 αὑτοῦ
422 1952 725 2022 ἀντιλέγειν
798 1958 1125 2026 δυναμένου.
1183 1963 1308 2015 Ὅτι
1379 1964 1436 2017 δὲ
1498 1965 1765 2028 πολλάκις

178 2046 553 2117 ἐτρακταῒσθη
584 2048 631 2099 εί
667 2050 770 2116 χρὴ
801 2052 1052 2123 ἐκκλήτῳ
1103 2054 1425 2109 ὑποκεῖσθαι
1460 2055 1560 2126 τὴν
1580 2058 1761 2125 ψῆφον

178 2138 324 2199 τέως
348 2137 442 2190 τοῦ
477 2138 1131 2208 Κωνσταντινουπόλεως,
1160 2145 1306 2211 ἔδοξέ
1334 2164 1424 2216 μοι
1458 2148 1762 2214 ἀναγκαῖον

179 2232 362 2283 εἰπεῖν
412 2232 473 2285 τὸ
524 2233 717 2288 δοκοῦν
762 2254 851 2305 μοι
899 2238 1060 2306 χάριν
1111 2239 1330 2304 τούτου,
1368 2239 1462 2292 καὶ
1511 2240 1579 2293 τὰ
1614 2241 1767 2310 παρά

177 2339 346 2374 τινων
378 2323 889 2395 δικαιολογούμενα.
921 2328 1155 2394 Λέγουσί
1186 2347 1334 2392 τινες
1369 2332 1470 2393 ὡς,
1513 2331 1637 2383 ἐπεὶ
1665 2331 1766 2401 τὴν

185 2413 293 2481 μὲν
350 2415 630 2483 ἀπόφασιν
680 2417 771 2470 τοῦ
825 2419 1085 2490 ἐπάρχου,
1114 2419 1225 2474 τῶν
1269 2422 1625 2492 πραιτωρίων
1671 2424 1766 2475 καὶ

179 2505 288 2571 τὴν
315 2505 593 2573 ἀπόφασιν
632 2508 728 2561 τοῦ
765 2510 847 2572 δὶς
889 2514 1179 2583 γεγονότος
1224 2513 1467 2583 ἐπάρχου
1525 2514 1627 2583 τῆς
1668 2515 1767 2567 πό-

179 2596 348 2662 λεως,
413 2600 461 2652 οί
526 2600 682 2669 νόμοι
712 2602 893 2671 ῥητῶς
937 2603 1265 2673 διορίζονται
1320 2606 1395 2677 μὴ
1442 2608 1767 2661 ὑποκεῖσθαι

181 2685 465 2756 ἐκκλήτῳ,
516 2690 927 2760 πατριάρχικὴν
972 2692 1028 2744 δὲ
1080 2694 1357 2763 ἀπόφασιν
1385 2695 1481 2748 τοῦ
1520 2697 1765 2750 τοιούτου

182 2778 487 2847 προνομίου
536 2781 717 2850 ῥητῶς
767 2784 870 2835 οὐκ
919 2785 1185 2854 ἠξίωσαν,
1220 2786 1370 2840 κατά
1423 2788 1523 2849 τὰς
1564 2787 1768 2851 πολλάς

182 2871 289 2922 καὶ
330 2870 607 2941 τυχόντων
653 2874 927 2927 δικαστῶν
973 2877 1212 2945 ψήφους,
1242 2879 1337 2930 καὶ
1372 2878 1513 2947 αὕτη
1562 2878 1766 2947 ἐκκλη-

180 2961 541 3026 τευθήσεται.
593 2963 736 3033 Πρὸς
799 2966 1161 3020 ἐπισύστασιν
1208 2970 1302 3021 τοῦ
1366 2970 1528 3037 λόγου
1586 2970 1768 3024 αὐτῶν

183 3050 432 3122 χρῶνται
482 3055 578 3109 καὶ
626 3058 693 3125 τῇ
755 3057 916 3131 τρίτῃ
987 3061 1401 3131 Ἰουστινιανείῳ
1440 3059 1651 3132 Νεαρᾷ,
1698 3066 1765 3133 τῇ

1871 598 1942 651 tia
1969 614 2064 665 per
2094 600 2516 668 appellationem
2550 611 2844 671 quaeratur,
2872 615 2928 657 ut
2948 607 3062 657 vult
3094 607 3440 674 hiepraesrus

1866 700 2063 751 canon,
2086 690 2358 756 punietur.
2392 689 2529 743 Dicit
2561 692 2705 744 enim
2732 691 3025 747 Justiniani
3063 696 3288 749 Novella
3318 699 3440 754 137.

1865 791 1983 844 quae
2016 777 2070 831 in
2128 778 2225 833 lib.
2266 779 2301 835 3
2345 781 2722 847 Basilicorum,
2773 784 2839 837 tit
2878 786 2927 851 l,
2964 800 3066 854 cap
3100 789 3189 847 45.
3221 790 3323 841 sita
3359 798 3444 843 est

1866 868 1945 920 sic
1966 884 2225 939 expresse
2252 886 2267 925 :
2295 868 2350 924 Si
2376 872 2466 941 qui
2497 882 2676 926 autem
2707 875 3040 929 sanctissimi
3068 877 3229 946 hujus
3254 879 3442 947 synodi

1864 963 2105 1033 episcopi
2130 964 2369 1034 aliquam
2396 966 2540 1020 inter
2564 982 2687 1022 sese
2716 970 3152 1023 controversiam
3183 971 3442 1032 habeant,

1865 1057 1981 1112 sive
2008 1058 2077 1112 de
2103 1058 2227 1130 jure
2270 1058 2667 1124 ecclesiastico,
2704 1062 2820 1116 sive
2868 1078 2966 1131 pro
3001 1062 3280 1131 aliquibus
3316 1063 3453 1137 aliis.

1868 1151 2063 1215 rebus;
2106 1151 2257 1220 prius
2286 1166 2473 1205 eorum
2503 1154 2959 1220 metropolitanus
2998 1170 3125 1208 cum
3153 1156 3273 1207 aliis
3306 1155 3445 1208 duo-

1867 1241 1965 1297 bus
1986 1242 2230 1312 ejusdem
2260 1243 2452 1314 synodi
2482 1245 2755 1315 episcopis
2792 1262 2907 1299 rem
2952 1247 3184 1315 judicet.
3238 1256 3292 1299 et
3336 1248 3440 1301 nisi

1868 1345 2095 1402 utraque
2131 1349 2281 1402 .pars
2337 1344 2444 1390 stet
2491 1336 2558 1391 iis
2599 1352 2720 1406 qua:
2759 1337 3001 1405 judicata
3047 1338 3266 1400 fuerint,
3314 1347 3444 1391 tunc

1866 1422 2216 1479 beatissimus
2274 1428 2585 1495 patriarcha
2641 1428 2788 1481 illius
2844 1428 3100 1481 dimensis
3150 1429 3293 1480 inter
3351 1446 3447 1483 eos

1867 1514 2070 1578 audiat,
2096 1525 2149 1567 cl
2175 1516 2263 1567 illa
2291 1517 2534 1575 deﬁniat,
2566 1534 2687 1585 qua}
2712 1519 3104 1572 ecclesiasticis
3141 1520 3448 1573 cannuibns

1866 1616 1919 1659 et
1956 1606 2165 1675 legibus
2202 1609 2559 1673 conveniunt,
2592 1611 2739 1661 nulla
2788 1620 2942 1675 parte
2993 1608 3114 1674 eius
3156 1612 3448 1662 sentcntiae

1867 1699 2244 1752 contradicere
2290 1699 2519 1753 valente.
2548 1698 2685 1764 Quia
2733 1710 2913 1754 autem
2958 1717 3100 1769 s‘rpe
3156 1709 3446 1754 tractatum

1867 1800 1973 1851 est,
1993 1806 2061 1842 an
2079 1800 2296 1859 oportet
2314 1792 2787 1860 Coustantinopol.
2808 1792 2969 1863 442
2990 1792 3307 1845 sententiam
3327 1806 3448 1844 esse

1871 1882 2212 1949 appellationi
2252 1884 2576 1953 subjectum,
2624 1884 2797 1938 visum
2840 1897 2924 1939 est
2962 1894 3240 1952 oportere,
3302 1882 3449 1951 quod

1870 1976 2001 2029 mihi
2037 1976 2274 2041 videtur,
2300 1979 2367 2031 de
2399 1993 2463 2031 eo
2488 1977 2696 2041 dicere,
2725 1987 2779 2032 et
2808 1994 2867 2032 ea
2898 1993 3114 2047 quoque
3140 1992 3260 2046 qua:
3296 1976 3360 2029 de
3387 1991 3447 2027 ea

1869 2083 1927 2122 re
1955 2070 2020 2121 ab
2045 2068 2167 2121 aliis
2214 2069 2493 2123 dicuntur.
2550 2071 2748 2123 Dicunt
2796 2070 3066 2129 nonnulli,
3100 2069 3247 2137 quod
3308 2084 3445 2134 qau—

1870 2163 2020 2218 niam
2055 2163 2377 2215 sententiam
2429 2162 2669 2231 praefecti
2707 2162 2985 2230 prmtorio,
3019 2170 3071 2215 et
3116 2159 3445 2213 sententiam

1867 2253 2009 2322 ejus,
2041 2253 2133 2322 qui
2177 2253 2262 2307 bis
2319 2252 2418 2305 fuit
2471 2252 2766 2321 pra-fectus
2828 2253 3001 2316 urbis,
3063 2250 3208 2318 leges
3262 2256 3449 2314 aperte

1868 2351 2115 2399 statuunt
2161 2343 2513 2413 appellationi
2559 2358 2666 2397 non
2718 2342 2947 2411 subjici;
3020 2342 3444 2409 patriarcbalem

1868 2448 2050 2491 autem
2082 2436 2408 2491 sententiam
2438 2450 2504 2489 eo
2549 2435 2836 2504 privilegio
2867 2434 3087 2503 dignam
3135 2449 3242 2486 nou
3290 2435 3448 2502 judi-

1868 2542 2063 2582 cavere
2117 2543 2131 2580 :
2181 2525 2640 2595 quemadmodum
2686 2539 2715 2577 a
2774 2525 2960 2578 multis
3003 2532 3059 2577 et
3116 2525 3451 2592 quibuslibet

1864 2620 2163 2692 judicibus,
2196 2620 2266 2672 ita
2318 2619 2484 2671 etiam
2532 2620 2599 2672 ab
2642 2633 2708 2671 eo
2764 2617 3172 2686 provocabitur.
3226 2619 3304 2670 Ad
3360 2620 3443 2672 sui

1870 2721 2052 2766 autem
2090 2711 2220 2764 dicti
2253 2710 2724 2764 conﬁrmationem
2774 2719 3006 2763 utuntur
3049 2718 3104 2760 ct
3146 2708 3446 2762 Justinia..i

1867 2806 2089 2861 Novella
2115 2805 2170 2869 5,
2205 2804 2259 2857 in
2306 2804 2444 2857 libro
2469 2803 2503 2855 5
2551 2800 2933 2862 Basilicorum,
2972 2800 3057 2853 tit.
3096 2800 3130 2852 εὶ
3170 2801 3295 2863 sita,
3331 2817 3453 2867 qua:

1870 2893 2117 2948 decernit
2151 2891 2515 2962 patriarcham
2547 2884 2863 2958 imperat'ori
2902 2889 3171 2940 rationem
3198 2886 3451 2954 reddere,

1870 2986 1915 3040 si
1948 2985 2210 3039 clericum
2241 2983 2382 3036 ultra
2418 2997 2707 3035 numerum
2740 2980 3031 3034 ordiuarit.
3072 2980 3175 3033 Alii
3212 2982 3453 3047 patriar-

1874 3074 2047 3129 chalis
2075 3072 2466 3143 magnitudinis
2516 3071 2874 3123 eminentiam
2917 3069 3082 3122 veluti
3127 3077 3454 3123 venerantes

184 3146 422 3215 κειμένῃ
469 3145 528 3198 ἐν
584 3145 752 3217 βίϐλῳ
798 3150 969 3218 τρίτῳ
1012 3149 1122 3202 τῶν
1154 3150 1461 3204 Βασιλικῶν
1490 3152 1670 3206 τίτλου
1702 3152 1768 3224 β’,

1871 3167 2062 3223 dicunt
2092 3181 2191 3219 nec
2218 3164 2445 3219 omnino
2468 3178 2495 3217 a
2526 3163 2883 3233 patriarchali
2927 3162 3198 3217 sententia
3232 3165 3454 3231 penitus

185 3234 290 3287 καὶ
314 3235 662 3308 διοριζομένῃ
692 3239 1016 3295 εὐθύνεσθαι
1062 3243 1215 3314 παρὰ
1250 3243 1346 3297 τοῦ
1380 3243 1646 3313 βασιλέως
1675 3247 1768 3301 τὸν

186 3326 565 3395 πατριάρχην,
616 3328 780 3399 εἴπερ
824 3333 1181 3405 χειροτονήσῃ
1235 3333 1536 3402 ὑπέρθετον
1579 3335 1771 3405 κληρι-

186 3415 313 3468 κόν.
346 3416 554 3480 Ἄλλοι,
598 3419 701 3489 τῆς
744 3425 1154 3495 πατριαρχικῆς
1199 3426 1628 3495 μεγαλειότητος
1673 3428 1771 3498 τὴν

187 3506 470 3578 ὑπεροχὴν
510 3509 754 3581 ὡσπερεὶ
800 3513 1175 3584 σεὸαζόμενοι,
1202 3518 1338 3583 φασὶ
1382 3520 1520 3589 μήτε
1550 3520 1771 3584 πάντως

186 3594 587 3652 ἀποκλειστέον
638 3601 784 3654 κατὰ
828 3601 931 3672 τῆς
992 3606 1399 3675 πατριαρχικῆς
1443 3608 1773 3678 ἀποφάσεως

185 3690 295 3758 τὴν
323 3688 611 3761 ἔκκλητον,
660 3693 801 3761 μήτε
845 3694 1026 3763 πάντη
1080 3695 1345 3750 ἐνδοτέον.
1383 3698 1526 3752 Ἀλλ’
1579 3699 1630 3753 εί
1675 3700 1774 3770 μὲν

185 3781 266 3833 τὰ
301 3782 444 3850 μέρη
487 3781 555 3834 τὰ
586 3781 923 3852 δικαζόμενα
973 3784 1075 3854 τῆς
1116 3785 1226 3839 τῶν
1260 3789 1580 3859 ἱερωμένων
1612 3793 1644 3863 ἢ
1676 3793 1773 3845 καὶ

192 3872 450 3942 μοναχῶν
508 3875 614 3926 είσι
666 3874 876 3945 τύχης,
915 3877 949 3946 ἡ
995 3877 1136 3931 κατά
1183 3894 1331 3942 τινος
1384 3880 1591 3935 τούτων
1635 3883 1777 3940 ἐξεν-

188 3963 419 4033 εχθεῖσα
450 3966 729 4036 ἀπόφασις
758 3970 858 4021 οὐκ
886 3968 1317 4041 άνακριθήσεται
1337 3988 1352 4002 ’
1381 3974 1432 4026 εί
1466 3975 1523 4027 δὲ
1549 3977 1775 4047 θάτερον

186 4055 307 4109 τῶν
339 4056 583 4129 μερῶνῆ
620 4057 712 4111 καὶ
741 4057 909 4127 ἄμφω
936 4060 995 4112 ἐν
1029 4061 1198 4133 μοίρᾳ
1239 4065 1523 4118 τάττοιντο
1557 4067 1775 4133 λαῖκοῦ,

188 4147 423 4217 ἀμάχως
476 4149 1003 4219 ἐκκλητευθήσεται·
1064 4154 1243 4223 ἕτεροι
1301 4156 1404 4225 τῆς
1457 4158 1773 4224 ὑπιθέσεως

187 4238 295 4306 τὴν
322 4238 584 4306 ποιότητα
618 4239 847 4307 λέγουσι
871 4241 1203 4312 γεννήτριαν
1232 4239 1371 4296 εἶναι
1400 4245 1501 4313 τῆς
1535 4247 1771 4319 Ἐκκλη-

191 4329 340 4392 σὶας.
385 4329 450 4382 Ἦ
482 4332 581 4399 μὲν
612 4332 722 4401 γὰρ
750 4332 1186 4405 ἐκκλησιαστικὴ
1222 4335 1453 4406 ζήτησις
1501 4339 1601 4392 οὐκ
1652 4340 1777 4393 oar-

186 4438 298 4485 νει,
330 4421 484 4489 φασὶ,
538 4423 755 4475 παιδίον
806 4424 1283 4497 ἐκκλητοπόθητον
1311 4442 1327 4459 ·
1365 4432 1398 4498 ἡ
1442 4429 1500 4481 δὲ
1550 4448 1772 4501 χρημα-

184 4513 322 4583 τικὴ
359 4514 573 4567 κυῐσκει
600 4514 701 4583 τὴν
743 4514 1034 4585 ἔκκλητον,
1086 4518 1160 4581 ὡς
1197 4520 1462 4589 ἐχιδναῖον
1493 4524 1768 4594 ἄμϐλωμα

184 4605 291 4671 τῆς
315 4604 577 4677 τεκούσης
623 4608 954 4677 σπαράττων
995 4609 1064 4663 τά
1108 4611 1339 4678 ἔγκατα.
1389 4613 1596 4678 Ἀλλοι,
1641 4619 1769 4681 τοὺς

187 4693 368 4748 ταῦτα
415 4695 673 4764 λέγοντας
719 4698 1191 4769 ἐπιστομίζοντες,
1246 4701 1460 4767 ἀξιοῦσι
1511 4707 1631 4760 τότε
1681 4711 1775 4761 καὶ

192 4786 359 4856 μόνον
387 4787 710 4843 ὑποκεῖσθαι
742 4790 994 4859 ἐκκλήτῳ
1032 4792 1130 4863 τὴν
1181 4799 1591 4869 πατριαρχικὴν
1640 4801 1778 4853 ἁπόο

190 4894 381 4947 φασιν,
413 4882 502 4932 ὅτε
534 4882 678 4935 κατὰ
707 4880 989 4951 βασιλικὸν
1023 4886 1251 4954 ὁρισμὸν
1298 4889 1645 4961 προκάθηται
1689 4893 1770 4945 δι·

190 4969 378 5034 κάζων
404 4972 432 5024 ό
467 4975 808 5045 πατριάρχης
844 4976 982 5046 μετὰ
1012 4979 1405 5051 συνδικαστῶν,
1439 4984 1471 5054 ἢ
1501 4985 1594 5037 καὶ
1633 4986 1773 5056 μετὰ

187 5062 292 5129 τῆς
328 5065 535 5129 οἰκείας
581 5068 820 5122 συνόδου.
859 5069 1018 5140 Ἐμοὶ
1048 5072 1105 5124 δὲ
1135 5072 1286 5127 δοκεῖ
1309 5075 1404 5139 ὠς,
1440 5077 1567 5130 ἐπεὶ
1601 5081 1649 5131 οἱ
1686 5080 1773 5132 v6-

193 5172 293 5227 μοι
326 5158 429 5226 πρὸ
456 5157 551 5209 τοῦ
586 5159 923 5230 καταστῆναι
979 5164 1079 5231 τὴν
1113 5166 1578 5239 ἐκκλησιαστικὴν
1619 5170 1772 5235 τάξιν

194 5251 641 5319 συνεγράφησαν,
676 5256 768 5307 καὶ
804 5256 853 5308 οί
889 5255 1106 5319 πλείους
1139 5258 1346 5313 τούτων
1384 5264 1537 5333 παρὰ
1577 5262 1771 5335 Ἐλλή-

191 5358 325 5404 νων,
364 5342 544 5406 καλῶς
570 5346 671 5397 οὐκ
709 5348 1062 5424 ἐμνήσθησαν
1096 5353 1470 5422 πατριάρχῶν.
1513 5355 1573 5405 Εί
1605 5355 1660 5407 δέ
1689 5375 1772 5420 τις

192 5437 315 5503 ἐρεῖ
344 5439 436 5490 καὶ
457 5439 606 5507 παρὰ
642 5439 907 5508 βασιλέων
950 5442 1244 5515 ὀρθοδόξων
1274 5446 1526 5513 γενέσθαι
1546 5450 1773 5517 Νεαρὰν

127 5585 141 5600 ε
199 5530 339 5598 μετὰ
390 5530 452 5584 τὸ
508 5534 804 5603 τιμηθῆναι
852 5536 976 5598 τοὺς
1028 5540 1464 5609 πατριάρχικοὺς
1524 5541 1771 5611 θρόνους,

196 5624 421 5676 ἀκούσει
466 5624 679 5694 πρῶτον
716 5628 815 5696 μὲν
863 5628 937 5690 ὼς
985 5629 1104 5683 οὐδὲ
1146 5632 1227 5695 εἰς
1269 5633 1568 5703 ἐνθύμησιν
1610 5632 1772 5708 ἦλθεν

195 5717 461 5785 ὀρθοδὸξῳ
495 5718 700 5788 βασιλεῖ
726 5722 966 5776 τοιοῦτόν
989 5742 1041 5777 τι
1073 5722 1411 5796 τολμηθῆναί
1456 5745 1586 5781 ποτε
1621 5732 1773 5801 παρά

206 5823 366 5871 τινος,
412 5810 503 5861 καὶ
560 5812 733 5866 εἰπεῖν
779 5814 876 5884 τὴν
911 5816 1091 5886 κρίτιν
1132 5815 1225 5870 τοῦ
1260 5816 1495 5893 τοσαύτῃ
1536 5837 1762 5894 τετιμη-

1873 3251 2266 3308 excludendam
2325 3265 2447 3305 esse
2522 3249 2987 3319 appellationem,
3059 3265 3163 3303 nec
3230 3250 3457 3302 omnino

1875 3343 2301 3397 concedendam.
2333 3340 2437 3394 Sed
2471 3339 2515 3396 si
2548 3348 2730 3409 partes
2783 3342 3027 3411 quidem,
3062 3358 3185 3411 quae
3215 3341 3267 3394 in
3298 3341 3455 3408 judi-

1874 3434 1961 3488 cio
1990 3432 2349 3494 contendunt,
2382 3441 2512 3486 sunt
2560 3432 2644 3485 vcl
2685 3432 3012 3486 clericorum
3052 3431 3135 3486 vel
3161 3432 3459 3486 monacho-

1874 3539 1995 3579 rum
2024 3524 2257 3604 ordiuis,
2290 3524 2502 3594 prolata
2542 3524 2808 3579 adversus
2839 3524 3074 3594 aliquem
3101 3538 3292 3577 eorum
3326 3538 3453 3577 seu-

1876 3616 2066 3679 tentia,
2093 3596 2203 3669 non
2246 3630 2443 3669 rursus
2490 3616 2951 3670 cxaminabitur:
3005 3616 3049 3668 si
3105 3630 3232 3668 vero
3279 3616 3456 3667 altera

1878 3723 2004 3776 pars
2048 3708 2131 3762 vel
2175 3714 2411 3776 utraque
2459 3705 2571 3761 sint
2619 3706 2743 3760 laici
2796 3705 3033 3767 ordinis,
3094 3705 3236 3758 citra
3285 3705 3452 3757 ullam

1875 3797 2301 3854 controversiam
2327 3796 2709 3866 appellabitur.
2732 3796 2836 3849 Alii
2864 3809 2989 3849 vero
3011 3794 3204 3847 dicunt
3229 3808 3452 3849 causam

1876 3905 1996 3944 esse
2021 3889 2405 3959 appellationis
2434 3889 2776 3957 genitricem.
2804 3887 2980 3941 Causa
3007 3888 3153 3941 enim
3197 3887 3458 3941 ecclesia-

1877 3985 2012 4039 stica
2049 3998 2157 4037 non
2201 3982 2365 4052 parit,
2413 3981 2690 4052 inquiunt,
2746 3978 2914 4033 letum
2968 3976 3389 4048 appellaturiqu
3438 3993 3454 4031 :

1880 4075 2197 4145 pecuniaria
2259 4084 2440 4129 autem
2494 4073 2637 4143 parit
2678 4070 3125 4145 appellationem,
3189 4080 3449 4136 tanquam

1876 4168 2180 4236 viperinam
2212 4165 2506 4235 quamdam
2549 4164 2895 4217 abortionem
2947 4163 3188 4230 parentis
3244 4162 3454 4213 viscera

1880 4260 2228 4313 lacerantem.
2260 4258 2367 4311 Alii
2402 4257 2492 4320 iis,
2519 4258 2608 4323 qui
2640 4257 2753 4311 bace
2779 4256 2990 4320 dicunt,
3018 4269 3080 4307 os
3103 4254 3456 4307 OCt‘illticnleS

1878 4360 2107 4405 censent
2172 4350 2596 4420 patriarcbalem
2672 4351 3002 4403 sententiam
3084 4357 3217 4401 tunc
3278 4348 3452 4400 solum

1800 4442 2229 4539 Dappellationi
2296 4441 2514 4511 subjici,
2562 4438 2782 4509 quando
2842 4439 3098 4491 mandato
3176 4437 3451 4504 imperiali

1883 4533 2136 4604 praesidet
2191 4534 2501 4603 patriarcha
2551 4547 2674 4585 cum
2724 4532 2846 4583 aliis
2902 4530 3317 4593 conjudicihus.
3373 4529 3458 4581 vel

1878 4640 2000 4678 cum
2022 4639 2120 4678 sua
2145 4623 2374 4693 synodo.
2400 4622 2528 4675 Mihi
2549 4633 2730 4676 autem
2758 4621 2994 4682 videtur,
3020 4621 3163 4687 quod
3188 4621 3450 4687 quoniam

1879 4714 2043 4783 leges,
2067 4724 2358 4783 antequam
2377 4714 2784 4767 ecclesiasticus
2801 4722 2977 4767 status
3001 4713 3456 4772 constitueretur,

1877 4805 2203 4872 conscripta:
2225 4815 2377 4869 sunt,
2405 4814 2457 4859 et
2490 4806 2805 4873 complures
2838 4821 3023 4858 earum
3054 4819 3081 4856 a
3117 4804 3346 4862 Gra-cis.
3378 4821 3462 4856 re-

1877 4906 1962 4952 cte
2019 4898 2223 4952 nullam
2272 4898 2708 4968 patriarcharum
2775 4899 3109 4952 mentionem
3161 4896 3354 4950 fecere.
3404 4895 3459 4949 Si

1877 4992 2001 5059 quis
2046 4998 2225 5044 autem
2271 4991 2418 5044 dicat
2449 4993 2610 5044 etiam
2636 4992 2703 5045 ab
2739 4991 3066 5045 orthodoxis
3109 4991 3460 5059 imperatori-

1877 5085 1978 5139 bus
1998 5082 2194 5137 factam
2224 5082 2389 5135 fuisse
2412 5082 2713 5145 Novellam,
2734 5096 3020 5152 postquam
3046 5084 3201 5136 sedes
3224 5084 3460 5152 patriar-

1874 5176 2057 5231 chales
2088 5177 2293 5230 honore
2324 5175 2529 5229 affectae
2548 5176 2656 5228 sint
2679 5216 2693 5239 ,
2730 5177 2965 5244 primum
2991 5174 3212 5243 quidem
3248 5174 3454 5233 audiet,

1874 5269 2015 5337 quod
2078 5267 2384 5320 orthodoxo
2434 5266 2746 5335 imperatori
2787 5282 3065 5335 utinquam
3112 5267 3164 5317 in
3218 5277 3453 5317 mentem

1875 5358 2038 5419 venit,
2059 5357 2299 5409 luturum
2327 5367 2384 5409 ut
2410 5358 2534 5426 quis
2569 5358 2671 5410 hoc
2700 5357 2944 5416 auderet.
2971 5367 3023 5410 ct
3054 5356 3281 5415 diceret.
3311 5356 3451 5423 quoi

1876 5468 1903 5505 a
1946 5460 2099 5504 tanta
2140 5455 2469 5504 auctoritate
2518 5452 2739 5519 praulitu
2776 5459 2994 5518 tamque
3034 5450 3309 5502 honorato
3360 5450 3454 5517 ju-

1875 5544 2114 5599 dicatum
2152 5546 2220 5598 sit
2246 5560 2367 5598 esse
2405 5560 2595 5599 rursus
2631 5549 2684 5597 in
2730 5544 2994 5612 judicium
3053 5543 3321 5597 revmaml
3350 5558 3445 5598 un.

1878 5637 2081 5692 Deinde
2113 5647 2162 5692 et
2194 5636 2491 5691 Justiniaui
2518 5635 2817 5699 Novellam,
2853 5636 2906 5689 in
2958 5635 3241 5704 prmsentis
3284 5650 3451 5687 cano-

1878 5728 1965 5783 nis
2003 5728 2455 5795 iuterpretatione
2501 5732 2757 5797 positam,
2807 5743 2917 5780 "ua
2953 5735 3178 5781 cavetur
3224 5744 3288 5780 uc
3324 5728 3449 5793 quis

1896 5819 2247 5890 p-itriarcliali
2290 5820 2574 5875 sententia:
2610 5818 2968 5879 contradicat.
3010 5818 3259 5874 sulliccrc
3290 5816 3353 5869 ad
3384 5832 3451 5871 ί.ιᾶ
