4164 6426
714 427 843 485 13311
1973 423 2249 485 THEOD.
2296 421 2695 483 BALSAMON
3855 417 3990 484 1312

708 538 788 591 eis
818 538 1032 605 penitus
1064 534 1461 591 occludenduin
1488 552 1503 594 ι
1540 535 1610 590 ab
1637 549 1704 591 eo
1726 545 1909 589 autem
1943 534 2011 589 de
2038 536 2128 598 iis,
2159 548 2280 604 quae
2310 539 2352 596 Α

2346 569 2354 593 ι
2387 536 2548 607 μένου
2587 537 2969 607 μεγαλειότητι
3018 534 3429 606 ἀνακρίνεσθαι.
3462 528 3597 588 Εἶτα
3626 534 3689 588 δὲ
3724 537 3837 589 καὶ
3888 534 3990 605 τὴν

710 629 778 684 ab
818 629 910 683 illo
945 629 1100 683 facta:
1133 636 1263 684 sunt
1292 629 1789 699 superuumerariis
1822 628 2284 693 ordinationibus,

2389 625 2867 697 καταστρωθεϊσαν
2892 626 3113 694 Νεαρὰν
3158 625 3253 679 τοῦ
3300 624 3689 679 Ἰουστινιανοῦ
3744 627 3839 688 είς
3893 625 3992 694 τὴν

713 720 982 775 rationem
1022 721 1189 790 exigi,
1215 735 1323 774 non
1367 721 1665 776 introducit
1700 722 1822 792 ejus
1851 720 2188 790 iudiciorum
2220 720 2289 775 de

2388 713 2484 767 τοῦ
2531 714 2799 785 παρόντος
2842 715 3069 777 κανόνος
3105 714 3443 785 ’ἑρμηνείαν,
3470 714 3566 767 καὶ
3587 714 3995 783 διοριζομένην

712 813 925 883 integro
953 813 1442 868 examinationem.
1466 813 1606 868 Illud
1648 813 1797 868 enim
1826 820 1911 869 est
1938 795 2143 868 factum
2164 811 2293 882 'pro-

2395 806 2601 876 μηδένα
2648 805 2952 873 ἀντιλέγειν
3002 805 3145 860 κατά
3172 806 3272 875 τῆς
3312 805 3727 876 πατριαρχικῆς
3776 803 3996 872 ψήφου,

716 907 897 976 prium
927 922 941 959 ε
970 908 1074 960 hoc
1113 920 1267 969 vero,
1298 905 1447 960 sedis
1477 904 1848 975 privilegium.
1884 902 2157 971 Quoniam
2187 901 2291 972 igi-

2392 899 2585 969 ἀρκεῐν
2631 898 2714 962 είς
2764 896 3004 968 παντελῆ
3065 898 3269 953 τούτων
3317 898 3765 967 ἑπιστομισμόν·
3827 894 3893 947 τὸ
3940 893 3997 945 δὲ

717 1008 809 1053 tur
834 1006 1097 1052 statutum
1140 1004 1245 1061 est,
1274 995 1486 1050 nullum
1516 1011 1613 1067 per
1632 996 1798 1049 alium
1830 994 2032 1064 injuria
2057 993 2297 1048 adicien-

2392 986 2856 1059 λογοπραγείσθαι
2896 986 3088 1041 τοῦτον
3119 988 3282 1058 χάριν
3308 986 3419 1039 τῶν
3467 988 3600 1056 παρ’
3630 984 3809 1037 αὐτοῦ
3844 1000 3999 1051 γινο-

715 1088 870 1154 dum,
946 1087 1061 1155 ipse
1123 1085 1344 1155 quidem
1396 1085 1465 1139 ab
1518 1085 1845 1153 imperatore
1889 1083 1985 1154 qui
2039 1080 2297 1137 Ecclesiae

2398 1081 2578 1152 μένων
2620 1079 3038 1152 ύπεραριθμίων
3076 1079 3426 1151 χειροτονιῶν
3476 1080 3577 1131 οὐκ
3628 1076 3864 1143 εἰσάγει
3908 1076 4001 1127 καὶ

715 1180 881 1232 habet
932 1178 1221 1245 patestatis
1268 1175 1578 1239 scientiam,
1639 1173 2006 1245 judicabitur,
2058 1170 2200 1228 forte
2238 1178 2297 1225 ut

2394 1172 2505 1226 τῶν
2530 1171 2768 1243 κρίσεων
2796 1171 2987 1225 τούτου
3021 1170 3329 1240 ἀνάκρισιν.
3360 1169 3435 1222 Τδ
3484 1169 3584 1239 μὲν
3614 1170 3734 1237 γὰρ
3779 1166 4003 1233 φάκτον

717 1268 1019 1331 sacrilegus
1059 1266 1142 1319 vel
1175 1264 1317 1320 male
1363 1265 1430 1318 de
1463 1262 1570 1319 fide
1617 1265 1897 1329 sentiens,
1934 1262 2022 1316 vel
2057 1262 2296 1332 alicujus

2397 1262 2597 1317 οἰκεῖόν
2630 1264 2767 1329 ἐστι,
2816 1264 2877 1317 τδ
2903 1263 2964 1317 δὲ
3008 1263 3104 1317 τοῦ
3133 1264 3327 1332 θρόνου
3359 1262 3695 1333 προνόμιον.
3730 1262 3868 1312 Ὀτι
3910 1254 4007 1311 οὖν

718 1358 855 1410 alius
879 1346 1126 1411 criminis
1148 1372 1296 1412 reus.
1332 1354 1447 1410 lloc
1465 1355 1611 1410 enim
1636 1370 1737 1408 nos
1754 1354 2087 1424 judicialiter
2113 1363 2294 1407 actum

2398 1354 2711 1423 νενόμισται
2739 1353 2945 1425 μηδένα
2977 1354 3048 1408 δι’
3092 1353 3281 1425 ἑτέρου
3311 1353 3645 1417 ἀδικεῖσθαι,
3682 1352 3861 1413 αὐτὸς
3902 1352 4003 1421 μὲν

717 1463 839 1501 esse
880 1448 1121 1503 vidimus
1148 1448 1381 1503 diversis
1410 1447 1775 1517 temporibus,
1802 1446 1925 1517 ejus
1947 1452 2128 1501 autem
2149 1445 2303 1515 judi-

2401 1445 2553 1515 παρά
2584 1446 2659 1516 τῷ
2688 1446 3141 1518 ἑπιστημονάρχῃ
3163 1449 3262 1517 τῆς
3300 1445 3631 1515 Ἕκκλησίας
3662 1446 3743 1513 τῷ
3777 1444 4009 1513 βασιλεῖ

720 1541 859 1592 cium
915 1541 967 1592 in
1013 1540 1473 1609 disceptationem
1516 1556 1624 1595 non
1668 1540 1940 1605 revocari,
1975 1554 2077 1594 nec
2126 1538 2193 1593 de
2233 1553 2301 1594 eo

2403 1538 2746 1609 κριθήσεται,
2773 1538 2850 1603 ὥς
2896 1538 3173 1609 ίερόσυλος
3214 1539 3374 1608 τυχὸν
3408 1538 3442 1609 ἢ
3477 1537 3829 1607 ἑτερόδοξος,
3860 1535 3899 1605 ἢ
3936 1537 4013 1598 ὡς

722 1636 862 1684 ratio
914 1632 1177 1701 postulari
1224 1634 1382 1688 debet
1412 1641 1635 1703 prepter
1688 1635 1836 1689 sedis
1893 1633 2301 1689 excellentiam.

2402 1631 2591 1701 ἔτερόν
2614 1649 2668 1685 τι
2698 1630 3059 1702 ἡμαρτηκὼς.
3095 1630 3325 1698 Εῐδομεν
3370 1630 3480 1700 γάρ
3530 1631 3696 1682 τοῦτο
3725 1631 3831 1682 καὶ
3865 1646 4010 1696 πρα-

722 1724 859 1789 Quia
885 1740 1013 1778 vero
1042 1724 1304 1779 adversus
1338 1726 1481 1779 hanc
1508 1725 1791 1781 Novellam
1824 1725 2043 1795 quidam
2082 1741 2305 1795 perver-

2404 1723 2693 1793 γματικῶς
2739 1722 2965 1791 γεγονὸς
3008 1721 3149 1791 μετά
3199 1722 3490 1792 διαφόρους
3544 1719 3807 1790 καιρούς.
3840 1720 3925 1772 τὸ
3958 1720 4013 1771 δὲ

730 1832 848 1869 sam
919 1816 1164 1886 linguam
1207 1816 1587 1885 immitemque
1636 1826 1934 1882 exacuunt,
1988 1824 2042 1871 et
2087 1818 2301 1880 dicunt,
2340 1885 2349 1886 ί

2406 1816 2755 1885 δικαστήριον
2779 1815 2946 1869 αὐτοῦ
2975 1815 3391 1884 ἀλογόπρακτον
3431 1814 3587 1867 ἔσται
3635 1814 3727 1866 διά
3766 1815 3884 1882 τὴν
3913 1811 4012 1864 τοῦ

726 1915 858 1961 tunc
907 1885 1021 1960 non
1077 1922 1243 1977 posse
1304 1908 1629 1977 patriarcha:
1690 1907 1905 1978 judicio
1964 1908 2299 1972 contradici,
2336 1885 2370 1941 Β

2372 1890 2602 1978 ιθρόνου
2652 1908 2950 1978 ὑπεροχήν.
3006 1907 3163 1961 Ἐπεὶ
3216 1905 3278 1959 δέ
3330 1923 3477 1966 τινες
3536 1907 3633 1958 καὶ
3697 1906 3857 1958 κατὰ
3911 1904 4016 1971 τῆς

724 1996 947 2066 quando
973 2000 1284 2066 patriarcha
1313 2000 1465 2053 audit
1496 2014 1593 2069 per
1623 1999 2044 2069 appellationem
2070 1999 2292 2055 antisti-

2410 1997 2669 2069 τοιαύτης
2700 1999 2922 2069 Νεαρᾶς
2963 1997 3249 2062 δπλίζουσι
3315 1996 3565 2065 γλῶτταν
3620 1995 3867 2050 σκολιὰν
3926 1995 4021 2047 καὶ

730 2090 799 2143 tis
849 2091 1205 2153 scntentiam,
1240 2104 1305 2145 eo
1336 2091 1481 2159 quod
1526 2090 1663 2145 nolit
1714 2089 1937 2145 Novella
1980 2104 2204 2146 causam
2248 2091 2303 2146 in

2413 2091 2723 2158 ἀτίθασσον,
2760 2092 2854 2146 καὶ
2885 2090 3105 2158 λέγουσι
3147 2092 3268 2144 τότε
3302 2091 3376 2161 μὴ
3411 2089 3678 2144 δύνασθαι
3712 2090 3815 2141 τὸν
3856 2087 4018 2155 παρὰ

729 2180 944 2233 duobus
973 2180 1199 2249 judiciis
1243 2181 1504 2253 agitatam
1548 2180 1611 2235 ad
1638 2182 1861 2235 tertium
1910 2181 2141 2248 deduci;
2196 2197 2307 2237 non

2413 2182 2730 2252 πατριάρχῃ
2758 2180 3123 2250 δικασάμενον
3146 2179 3472 2248 ἀντιλέγειν,
3501 2180 3590 2233 ὅτε
3633 2178 3764 2232 κατ’
3801 2178 4022 2246 Exule—

728 2281 908 2324 autem
956 2273 1172 2341 quando
1238 2274 1419 2341 primo
1475 2273 1594 2327 loco
1657 2272 1901 2341 judicat,
1955 2280 2016 2328 et
2075 2272 2310 2329 maxime

2413 2289 2507 2325 τον
2549 2274 2577 2325 δ
2601 2272 2949 2341 πατριάρχης
2998 2272 3267 2338 ἀκροᾶται
3306 2270 3407 2338 τῆς
3447 2270 3739 2339 ἱερατικῆς
3781 2268 4022 2335 ἀποφά-

732 2361 902 2416 laicos
938 2379 951 2414 :
976 2362 1124 2425 dico,
1152 2377 1237 2416 me
1268 2379 1428 2432 posse
1446 2363 1666 2433 quidem
1690 2363 1857 2419 multa
1881 2365 1946 2419 ad
1970 2365 2085 2420 haec
2104 2364 2309 2435 dicere,

2418 2380 2578 2429 σεως,
2608 2362 2697 2416 διά
2725 2362 2787 2415 τὸ
2838 2362 2913 2431 μὴ
2958 2360 3164 2415 ἐθέλειν
3219 2361 3319 2429 τὴν
3355 2360 3575 2429 Νεαρὰν
3628 2360 3733 2429 τὴν
3794 2358 3887 2420 εἰς
3936 2356 4028 2410 δύο

730 2462 783 2506 et
823 2453 1114 2509 ostendere
1168 2455 1318 2523 ipsos
1369 2470 1478 2509 non
1516 2463 1665 2510 recte
1692 2453 1896 2511 dicere.
1930 2454 2072 2521 Quia
2127 2466 2309 2511 autem

2415 2455 2749 2525 δικαστήρια
2805 2453 3138 2524 ζητηθεῖσαν
3193 2451 3487 2517 ὑπόθεσιν,
3542 2450 3639 2505 καὶ
3682 2453 3767 2513 είς
3831 2449 4028 2518 τρίττν

734 2560 908 2598 (anon
940 2545 974 2597 4
1028 2544 1375 2601 Sardicensis
1405 2547 1600 2617 synodi
1628 2547 1878 2601 decernit
1921 2547 2085 2601 licere
2111 2547 2184 2612 ei,
2216 2548 2309 2618 qui

2417 2548 2765 2618 είσάγεσθαι,
2798 2547 2861 2601 ού
2908 2546 3032 2621 μὴν.
3069 2547 3198 2600 ὅταν
3246 2547 3623 2615 πρωτοτύπως
3677 2542 3902 2613 δικάζῃ
3937 2542 4031 2594 καὶ

729 2643 817 2689 est
842 2637 1267 2699 condemnatus,
1304 2637 1387 2691 his
1428 2637 1728 2707 appellare,
1765 2646 1828 2691 ut
1878 2637 2136 2705 ultimum
2163 2637 2315 2708 judi-

2423 2640 2660 2710 μάλιστα
2701 2637 2953 2701 λαϊκούςο
3006 2636 3150 2705 λέγω
3200 2638 3284 2691 ὅτι
3334 2632 3480 2705 εἶχον
3526 2635 3627 2704 μὲν
3668 2634 3819 2700 πρὸς
3864 2632 4032 2685 τοῦτο

731 2727 876 2779 cium
914 2726 1029 2780 ﬁeri
1060 2743 1087 2780 a
1115 2743 1247 2797 papa
1274 2726 1525 2783 Romano
1562 2746 1578 2784 :
1622 2744 1731 2783 non
1768 2730 1902 2784 sinit
1947 2730 2051 2785 hoc
2076 2731 2157 2785 eis
2192 2745 2316 2799 pro-

2422 2730 2594 2784 πολλά
2644 2730 2838 2794 εἰπεῖν,
2876 2728 2971 2782 καὶ
3025 2728 3375 2798 παραστῆσαι
3432 2726 3636 2787 αὐτοὺς
3691 2724 3772 2793 μὴ
3840 2722 4034 2784 καλῶς

732 2816 950 2870 cedere.
982 2817 1100 2870 Alia
1126 2818 1346 2887 quidem
1374 2819 1773 2921 praetenuitto;
1802 2820 1906 2875 hoc
1947 2830 2127 2874 autem
2165 2820 2310 2887 dico,

2420 2823 2637 2892 λέγειν’
2672 2825 2754 2877 ὅτι
2792 2824 2901 2876 δὲὸ
2941 2823 2983 2876 δ’
3024 2819 3206 2875 κανὼν
3248 2821 3349 2888 τῆς
3395 2818 3455 2871 ἒν
3486 2815 3729 2885 Σαρδικῇ
3792 2813 4032 2866 συνόδου

733 2907 880 2976 quod
912 2910 1174 2977 quoniam
1212 2906 1391 2963 sancti
1417 2908 1765 2965 Constantini
1804 2910 2082 2966 decretum
2123 2913 2187 2964 ad
2214 2926 2315 2981 pa-

2421 2916 2718 2989 διορίζεται
2745 2917 2892 2987 ἔχειν
2938 2916 3029 2969 ἐπ’
3066 2914 3251 2975 ἀδείας
3281 2911 3374 2965 τὸν
3406 2906 3917 2963 καταδικασθέντα
3953 2906 4036 2966 δὶς

733 3013 858 3068 pain
895 2997 1225 3053 Silv’estrum
1275 2999 1502 3067 factum,
1544 3016 1573 3053 a
1617 3002 1777 3057 nobis
1808 3002 1861 3056 in
1891 3017 2011 3072 cap.
2065 3003 2118 3069 1,
2166 3005 2251 3057 tit.
2283 3000 2317 3056 8

2422 3010 2795 3075 ἐκκαλεῖσθαι,
2841 3010 2936 3063 καὶ
2987 3007 3088 3077 τὴν
3144 3003 3461 3059 τελευταίαν
3518 3002 3706 3071 κρίσιν
3754 2998 4035 3066 γίνεσθαι

734 3090 1026 3161 praesentis
1052 3091 1236 3159 operis
1271 3092 1730 3161 interpretatione
1770 3094 1934 3147 situm
1970 3094 2184 3153 statuit.
2214 3106 2317 3163 pa-

2424 3104 2579 3175 παρά
2605 3103 2700 3158 τοῦ
2744 3102 2947 3156 πάππα
2996 3100 3094 3169 τῆς
3138 3097 3381 3165 Ῥώμης,
3413 3097 3475 3149 οὐ
3526 3094 3877 3163 παραχωρεῖ
3908 3094 4036 3143 τούς

738 3196 862 3253 pani
882 3180 1085 3237 habere
1111 3182 1446 3251 omniajura
1501 3183 1803 3253 imperialia
1858 3183 2098 3236 secunda
2134 3191 2314 3236 autem
2346 3230 2382 3288 C

2424 3215 2539 3260 τοις
2573 3194 2799 3249 τοιαῦτα
2855 3191 3188 3263 προτιθέναι.
3242 3189 3325 3242 Τά
3386 3188 3485 3256 μὲν
3547 3186 3689 3239 ἀλλα
3748 3184 4038 3253 παρίημι,

741 3274 1069 3329 universalis
1101 3275 1343 3344 synodus
1376 3287 1430 3330 et
1461 3284 1655 3345 quarta
1689 3275 1959 3330 dederunt
1996 3276 2321 3345 ptariarchte
2348 3274 2385 3288 ν

2421 3290 2568 3358 λέγω
2605 3288 2661 3341 δὲ
2712 3287 2816 3352 ὅτι,
2845 3285 2968 3337 ἐπεὶ
2995 3283 3056 3336 τὺ
3099 3282 3197 3350 μὲν
3232 3280 3327 3333 τοῦ
3376 3278 3537 3345 ἁγίου
3589 3276 4034 3330 Κωνσταντίνσυ

742 3365 1363 3436 Constantinopolitano
1394 3369 1678 3437 privilegia
1715 3381 1865 3438 papae
1906 3378 1959 3421 et
1990 3375 2321 3432 statuerunt,

2424 3379 2703 3449 θέσπισμα
2750 3378 2810 3430 τὸ
2866 3376 3005 3445 πρὸς
3054 3374 3144 3427 τὸν
3192 3373 3350 3440 ἇγιον
3400 3369 3730 3439 Σίλδεστρον
3762 3368 4034 3435 γεγονὸς.

743 3468 822 3522 ut,
856 3460 1322 3526 quemadmodum
1361 3470 1412 3514 et
1442 3460 1554 3524 ille,
1591 3461 1644 3513 in
1681 3461 1939 3514 omnibus
1979 3460 2323 3515 honoretur:

2428 3469 2825 3541 καταστρωθὲν
2878 3466 3010 3539 παρ’
3054 3464 3212 3536 ἡμῶν
3270 3465 3351 3525 εἰς
3403 3461 3502 3532 τὴν
3557 3458 3881 3531 ἑρμηνείαν
3945 3458 4041 3512 τοῦ

744 3552 1061 3605 necessario
1090 3553 1144 3605 in
1184 3553 1305 3621 ejus
1335 3554 1661 3607 sententiam
1694 3552 1987 3622 appellatio
2018 3567 2126 3607 non
2156 3553 2322 3618 cadit;

2428 3564 2648 3635 πρώτου
2679 3580 2805 3629 κεφ.
2837 3560 2933 3613 τοῦ
2956 3567 3007 3631 η’
3037 3560 3218 3613 τίτλον
3245 3555 3342 3609 τοῦ
3376 3556 3647 3624 παρόντος
3693 3554 4035 3620 συντάγμα-

744 3643 1207 3712 quemadmodum
1259 3643 1423 3715 443
1474 3659 1571 3699 nec
1614 3643 1681 3699 de
1715 3644 1981 3714 imperiali
2058 3638 2328 3699 sententia

2428 3672 2543 3722 τος,
2573 3654 2866 3725 διορίζεται
2902 3652 3045 3722 ἔχειν
3069 3652 3159 3704 τὸν
3189 3650 3427 3703 πάππαν
3454 3647 3633 3700 πάντα
3659 3646 3730 3699 τά
3759 3645 4038 3714 βασιλικά

749 3735 1036 3803 quaeritur.
1071 3734 1368 3806 Propterea
1414 3737 1580 3802 enim,
1608 3743 1667 3789 ut
1705 3745 1789 3791 est
1812 3744 2332 3799 consentaneum,et

2431 3746 2808 3817 δίκαιαοήδὲ
2855 3744 3086 3815 δευτέρα
3142 3740 3497 3812 οίκουμενικὴ
3557 3739 3786 3801 σύνοδος
3849 3739 3956 3791 καὶ
4010 3739 4042 3805 ἡ

749 3828 1032 3897 synodalia
1066 3828 1244 3884 edicta
1282 3832 1457 3883 instar
1503 3828 1910 3898 privilegiorum
1938 3828 2201 3898 regalium
2219 3827 2333 3881 edi-

2432 3840 2666 3909 τετάρτη
2716 3834 2981 3890 δεδώκασι
3021 3833 3099 3905 τῷ
3145 3833 3460 3904 πατριάρχῃ
3494 3829 4044 3886 Κωνσταντινεουπό-

750 3929 967 3973 rtorum
997 3919 1343 3974 emittuntur.
1385 3920 1521 3975 Cum
1552 3920 1654 3975 hoc
1690 3930 1873 3975 autem
1903 3921 1975 3973 ita
2015 3935 2075 3975 se
2110 3919 2329 3986 habeat,

2434 3929 2571 3991 λεως
2622 3926 2693 3980 τά
2738 3924 3013 3995 προνόμια
3061 3922 3158 3976 τοῦ
3216 3923 3440 3983 πάππα,
3488 3920 3582 3973 καὶ
3636 3920 3866 3988 ὥρισαν
3924 3916 4046 3971 κατ’

756 4013 979 4080 reliquae
1017 4027 1236 4081 quoque
1278 4026 1470 4067 eorum
1514 4021 1735 4067 cessant
1776 4012 2158 4082 allegationes.
2192 4011 2329 4065 Nam

2436 4021 2647 4073 ἐκεῖνον
2697 4017 2789 4070 ἐπὶ
2837 4017 3006 4070 πᾶσιν
3052 4011 3351 4085 τιμᾶσθαι·
3394 4012 3455 4077 ἐξ
3488 4010 3751 4077 ἀνάγκης
3782 4009 4050 4076 ἐκκλήτῳ

756 4103 870 4156 sive
900 4104 1135 4157 clericos
1174 4105 1289 4159 sive
1315 4104 1483 4161 laicos
1507 4104 1838 4186 judicaverit
1869 4103 2199 4173 patriarcha,
2223 4103 2336 4159 sive

2438 4113 2536 4181 οὐχ
2555 4110 2809 4181 ύποπέσῃ
2850 4110 2885 4179 ἠ
2935 4105 3129 4161 τούτου
3170 4104 3469 4171 ἀπόφασις,
3498 4102 3696 4170 ὥσπερ
3723 4100 3855 4153 οὐδὲ
3884 4103 3920 4169 η
3953 4099 4050 4169 βα-

760 4195 952 4247 laicnm
988 4211 1111 4249 cum
1144 4197 1370 4260 clerico,
1412 4197 1528 4252 sive
1572 4197 1728 4267 jussu
1789 4197 2170 4264 imperatorio,
2221 4195 2337 4249 sive

2444 4200 2630 4272 σιλικὴ
2676 4200 2955 4267 ἀπόφασις
3004 4194 3381 4265 ἀνακρίνεται.
3428 4191 3525 4245 Διά
3570 4190 3687 4259 γάρ
3738 4189 3935 4254 τοῦτο,
3979 4188 4050 4249 ὡς

752 4288 878 4355 jure
916 4291 1157 4357 pl'Opl'it),
1205 4291 1318 4345 sive
1353 4306 1477 4346 cum
1513 4289 1829 4360 conjudice,
1862 4289 1976 4345 sive
2025 4291 2203 4354 solus,
2234 4288 2341 4343 erit

2444 4295 2614 4358 ἔοικε,
2641 4292 2736 4346 καὶ
2756 4292 2825 4345 τά
2877 4289 3131 4343 συνοδικά
3178 4285 3549 4358 σημειώματα
3585 4285 3736 4336 κατά
3796 4285 3874 4336 τά
3916 4299 4052 4351 προ-

760 4398 1090 4451 quacunque
1121 4384 1534 4439 examinatione
1560 4393 1614 4437 et
1652 4382 1997 4451 judicatione
2032 4380 2285 4450 superior
2320 4398 2336 4447 ;

2446 4387 2610 4455 νόμια
2673 4383 2782 4437 τῶν
2838 4379 3134 4453 βασιλικῶν
3196 4377 3608 4448 σημειωμάτων
3676 4374 4047 4426 ἀπολύονται.

758 4484 812 4527 et
841 4476 931 4543 qui
966 4489 1135 4531 ausus
1153 4474 1317 4529 fuerit
1347 4474 1415 4529 ad
1450 4477 1840 4545 imperatorem
1869 4474 2167 4544 appellare,
2195 4482 2255 4529 ut
2279 4474 2344 4529 de

2448 4478 2654 4531 Τούτου
2686 4475 2745 4529 δὲ
2780 4473 2957 4536 οὕτως
3009 4472 3249 4541 Ξχοντος,
3284 4470 3502 4531 πάντως
3550 4465 3923 4535 ἀπρακτοῦσι
3959 4465 4049 4516 καὶ

767 4569 1097 4637 patriarchae
1122 4570 1393 4623 sententia
1418 4584 1609 4623 rursus
1628 4566 1922 4636 iudicetur,
1949 4568 2054 4621 erit
2084 4566 2341 4636 praesenti
2379 4599 2411 4654 Π

2409 4569 2519 4649 ,τά
2548 4566 2713 4623 λοιπά
2748 4565 3239 4633 δικαιολογήματα.
3283 4560 3403 4614 Κᾶν
3450 4559 3562 4626 γάρ
3609 4556 3937 4626 ἱερατικοῦς
3976 4574 4053 4654 τι-

767 4662 964 4717 canoni
993 4661 1288 4716 obnoxius.
1331 4661 1387 4715 Si
1417 4660 1561 4715 enim
1596 4675 1705 4714 non
1738 4660 2080 4730 permittitur
2111 4660 2346 4729 impera-
2379 4647 2411 4654 ⁷

2410 4647 2412 4649 ⁷
2452 4679 2549 4724 νας
2579 4660 2777 4731 δικάσῃ
2801 4661 2829 4710 ό
2870 4658 3239 4729 πατριάρχης,
3272 4653 3376 4707 κάν
3426 4649 3680 4713 λαῖκοὺς,
3710 4650 3818 4703 κᾶν
3865 4647 4054 4701 λαῖιδν

768 4765 939 4809 torem
990 4757 1238 4810 molestia
1280 4754 1520 4820 afﬁcere,
1571 4769 1671 4824 pro
1700 4768 1897 4809 rursus
1935 4752 2243 4807 revocanda
2289 4752 2344 4806 in

2459 4754 2598 4826 μετά
2652 4753 2978 4822 ἱερωμένου,
3029 4749 3133 4803 κᾶν
3174 4748 3263 4802 διὰ
3318 4744 3613 4817 βασιλικῆς
3668 4742 4053 4811 προστάξεως,

764 4849 1033 4917 judicium
1087 4850 1315 4917 alicujus
1359 4848 1772 4917 metropolitani
1815 4845 2082 4903 sententia
2113 4886 2128 4909 ,
2174 4845 2349 4899 multo

2458 4846 2561 4900 κᾶν
2586 4844 2775 4913 οἰκείῳ
2806 4841 3024 4912 δικαίῳ,
3060 4839 3165 4893 κᾶν
3190 4838 3333 4907 μετά
3372 4831 3768 4895 συιδδικαστοῦ,
3814 4834 3927 4885 κᾶν
3964 4835 4053 4899 μὲ-

776 4943 951 5012 magis
1003 4957 1111 4997 non
1142 4942 1489 5012 pcrinittetur
1555 4938 1977 5010 patriarclialem
2020 4937 2352 4993 sententiam

2460 4950 2572 5003 νος,
2598 4935 2782 5003 πάσης
2811 4933 3155 5002 ἀνακρίσεως
3189 4929 3343 4982 ἔσται
3373 4926 3643 4981 ἐπέκεινα
3667 4940 3685 4953 ο
3733 4925 3837 4977 καὶ
3888 4934 3911 4970 ον
3942 4924 4050 4972 ts}-

771 5035 838 5088 ad
895 5033 1279 5104 imperatorem
1306 5034 1598 5091 introduci.

2468 5030 2648 5100 μήσας
2679 5024 3084 5081 ἐκκαλέσασθαι
3114 5024 3196 5085 είς
3224 5020 3456 5089 βασιλέα
3494 5016 3662 5088 χάριν
3692 5016 3793 5068 τοῦ
3828 5018 4053 5083 ἀνακρι-

770 5131 926 5199 θῆναι
984 5130 1084 5198 τὴν
1146 5130 1425 5199 ἀπόφασιν
1479 5131 1577 5198 τὴν
1638 5123 2074 5196 πατριαρχικὴν,
2163 5120 2420 5184 ὑπόδικος
2458 5119 2613 5175 ἔσται
2642 5119 2720 5191 τῷ
2753 5118 2989 5189 παρόντι
3020 5115 3229 5171 κανόνι.
3258 5114 3320 5166 Ei
3370 5113 3480 5182 γὰρ
3504 5111 3608 5163 οὐκ
3640 5108 3869 5175 ἐφεῖται
3906 5105 4053 5174 βατι-

769 5228 851 5278 λεί
888 5225 1067 5295 ὀχλείν
1107 5226 1269 5294 χάριν
1320 5222 1414 5276 τοῦ
1469 5220 1836 5292 ἀνακριθῆναι
1888 5217 1987 5287 τὴν
2035 5212 2131 5269 τοῦ
2179 5214 2352 5275 δεῖνος
2395 5214 2810 5285 μητροπολίτου
2839 5211 3152 5280 ἀπόφασιν·
3195 5206 3383 5277 πολλῷ
3446 5205 3609 5259 πλέον
3647 5204 3759 5257 οὐκ
3811 5201 4053 5269 ἐπιχωρη-

772 5321 996 5389 θέισεται
1065 5317 1478 5388 πατριαρχικὴν
1557 5313 1855 5382 διάγνωσιν
1923 5308 2077 5380 παρὰ
2132 5306 2347 5379 βασιλεί
2385 5307 2642 5375 γενέσθαι
2674 5304 3068 5374 εἰσαγώγιμον.

846 5413 1100 5469 ΖΟΝΑΒ.
1144 5386 1436 5481 Episcono,
1471 5424 1633 5479 quem
1667 5406 1931 5478 synodus,
1990 5404 2078 5458 vel
2135 5402 2357 5464 clerico,

2542 5400 2788 5458 ΖΩΝΛΡ.
2838 5401 3071 5471 Εἴρηται
3102 5395 3365 5464 ἀνωτέρω
3393 5391 3513 5454 πῶς
3546 5392 3581 5462 ἢ
3612 5386 4047 5481 θεὲ

775 5524 934 5578 quem
969 5506 1258 5576 cpiscopus
1289 5502 1623 5572 deposuerit,
1652 5514 1758 5569 quo
1793 5506 1952 5568 pacto
1978 5496 2043 5551 de
2090 5492 2361 5550 sententia

2480 5492 2705 5546 συνόδου
2759 5486 3131 5559 καθαιρεθεὶς,
3184 5483 3216 5554 ἢ
3274 5481 3537 5552 κληρικὸς
3600 5480 3713 5532 ὑπὸ
3762 5479 3862 5531 τοῦ
3922 5474 4046 5578 ἰδίειν

776 5616 885 5654 suae
930 5595 1320 5658 damnationis,
1352 5595 1396 5648 si
1436 5593 1688 5662 injustam
1733 5603 1851 5644 esse
1891 5594 2120 5649 asserat,
2150 5583 2362 5639 exami-

2472 5583 2803 5647 ἐπισκόπου,
2827 5581 3051 5635 δύναται
3080 5576 3277 5651 ζητεῖν¹
3303 5570 3725 5662 δοκιμασθῆναι
3752 5569 3855 5629 τὴν

782 5692 959 5745 nanda
1010 5703 1170 5758 agere
1222 5687 1403 5752 liceat,
1432 5686 1545 5755 jam
1594 5693 1755 5737 antea
1793 5681 2225 5751 explicavimus:
2263 5676 2367 5732 hoc

2474 5677 2576 5741 τὴν
2631 5674 2753 5727 κατ’
2782 5671 3004 5734 αὐτοὺς,
3042 5670 3090 5721 εἱ
3132 5666 3283 5720 δοκεῖ
3330 5661 3639 5717 ἀδικεῖσθαι
3664 5676 3681 5690 ο
3742 5657 3971 5713 ἐνταῦθα
3999 5653 4047 5704 δὲ

784 5802 915 5842 vero
957 5788 1073 5839 loco
1101 5798 1216 5845 eos,
1251 5782 1342 5853 qui
1402 5778 1742 5848 depositione
1774 5773 1985 5829 multati
2031 5778 2160 5827 sunt
2191 5770 2367 5841 impe-

2477 5760 2816 5832 ἀπαγορεύει
2855 5762 2967 5822 τοῖς
3010 5754 3471 5828 καθαιρουμένοις
3500 5753 3527 5804 ό
3559 5748 3750 5804 κανὼν
3783 5746 4046 5816 προσιέναι

795 5890 1032 5935 ignorem
1090 5877 1263 5943 adire,
1326 5875 1482 5945 eique
1542 5872 1800 5929 molestos
1845 5883 1985 5937 esse,
2048 5866 2208 5923 acad
2243 5878 2366 5923 eum

2480 5856 2715 5927 βασιλεῖ,
2770 5854 2863 5908 καί
2904 5850 3145 5923 ἐνοχλεῖν
3198 5848 3373 5920 αὐτῷ,
3427 5846 3521 5901 καὶ
3559 5844 3755 5916 ζητεῖν
3796 5843 3896 5912 τὴν
3942 5855 4028 5891 ita:
