4164 6426
175 384 316 449 1313
1202 391 1274 447 IN
1309 390 1474 450 CAN.
1520 394 1666 454 XIII
1708 397 1916 461 CONC.
1957 401 2016 461 II
2047 404 2403 468 ANTIOCII.
3310 415 3446 478 13H

169 498 341 552 αὑτοῦ
371 499 727 570 ἐξετασθῆναι
757 500 1055 569 ἀπόφασιν,
1109 507 1207 558 καὶ
1237 506 1313 575 τῷ
1362 510 1523 560 τοῦτο
1579 513 1740 581 ποιή-

1859 516 2227 575 damnationis
2259 539 2368 576 sua:
2395 523 2760 591 cognitionem
2789 527 3021 589 drlerre,
3058 544 3233 584 canon
3260 543 3436 599 vetat;

169 608 325 643 σαντι
363 593 498 661 μήτε
525 592 709 662 χώραν
739 595 1036 661 ἀπολογίας
1067 596 1312 652 δίδοσθαι
1341 599 1577 664 κελεύει,
1607 607 1748 672 μήτε

1858 612 2059 678 quique
2105 612 2156 665 id
2192 611 2398 678 fecerit,
2429 631 2526 669 nec
2562 619 2737 671 audiri
2789 623 3016 686 amplius
3052 622 3101 674 in
3127 624 3358 690 judicio,
3387 639 3442 680 et

165 683 436 748 ἐλπίζειν,
469 685 544 746 ὡς
591 689 1126 757 ἀποκαταστήσεται.

1857 706 2003 757 omni
2045 706 2098 758 in
2133 717 2410 774 posterum
2447 711 2808 765 restitutionis
2842 729 2935 782 spe
2961 731 3146 769 carere
3172 717 3342 783 jubet.

168 773 402 826 ΑΡΙΣΤ.
465 793 484 826 ‹
539 777 598 828 '0
629 778 1033 849 καθῃρημένος,
1088 782 1135 832 εἰ
1191 782 1430 854 ἐνοχλοίη
1464 782 1542 855 τῷ
1604 783 1753 855 βασι-

1861 795 2096 850 ARIST.
2147 817 2163 849 ι
2201 797 2506 867 Drpositus,
2532 805 2574 857 si
2612 804 2925 872 Imperatori
2959 808 3259 862 molestiam
3293 812 3446 864 exhi~

243 884 263 916 ε
312 865 663 930 λεῖ,αἰτείτω
722 870 942 922 σύνοδον
1003 873 1252 941 μείζονα,
1305 877 1399 926 καὶ
1450 880 1509 928 τὸ
1541 878 1752 930 ἐκεῖὲεν

245 974 263 1006 ι
305 955 463 1020 δόξαν
494 957 769 1027 στεργέτω
797 975 810 989 °
862 959 911 1011 εί
945 959 1003 1012 δὲ
1058 962 1152 1012 καὶ
1214 961 1372 1024 αὖθις
1432 964 1750 1018 ἀποδυσπε-

246 1065 264 1096 t
307 1046 450 1116 τοίη,
482 1049 556 1117 μὴ
587 1049 760 1118 ἐχέτω
790 1051 1259 1108 ἀποκατάστασιν.
1300 1073 1318 1105 ι

238 1135 346 1189 Τὸν
370 1137 769 1209 καθαιρεθέντα
801 1140 907 1192 ὑπὸ
939 1140 1185 1204 συνόδου,
1221 1144 1318 1196 καὶ
1346 1145 1593 1213 οἰόμενον
1627 1148 1749 1200 ἀδι-

159 1226 407 1293 κεῖσθαι,
441 1231 470 1281 ό
501 1229 684 1283 κανὼν
719 1232 781 1284 οὐ
814 1232 1014 1285 κωλύει
1049 1234 1276 1303 μείζονα
1305 1236 1524 1289 σύνοδον
1558 1241 1753 1292 ἐπικα-

1944 909 1961 940 ι
1999 889 2198 956 buerit,
2225 895 2480 962 majorem
2508 907 2650 964 petat
2677 900 2960 966 synodum,
2985 902 3206 968 ejusque
3228 905 3443 958 decreto

1938 1000 1958 1036 ι
2001 985 2331 1051 acquiescat.
2367 988 2423 1042 Si
2452 1006 2581 1042 vero
2616 1006 2830 1043 rursum
2863 1009 3003 1062 σιεγε
3031 996 3237 1060 tulerit,
3279 999 3437 1053 resti-

1938 1091 1959 1126 t
1999 1077 2260 1130 tutioncm
2295 1094 2362 1130 ne
2390 1090 2734 1148 assequatur.
2773 1101 2792 1133 ι

1929 1165 2061 1220 Eum
2098 1169 2190 1236 qui
2241 1183 2268 1220 a
2330 1171 2536 1240 synodo
2586 1172 2894 1239 deponitur,
2959 1174 3169 1242 sibique
3233 1176 3444 1231 videtur

1857 1255 2057 1322 injuria
2095 1259 2342 1323 achctus,
2381 1276 2549 1314 ranon
2606 1263 2690 1315 hic
2730 1263 2991 1330 majorem
3035 1281 3330 1333 provocare
3353 1283 3443 1336 sy-

157 1319 402 1384 λετσθαι,
435 1322 531 1373 καὶ
562 1322 693 1392 παρ’
725 1325 864 1394 αὐτῇ
897 1327 1200 1395 γυμνάζειν
1227 1327 1263 1381 ἃ
1296 1329 1508 1398 νομίζει
1558 1330 1750 1386 δίκαια

1857 1347 2053 1400 nodum
2107 1363 2210 1401 non
2276 1349 2544 1417 prohibet,
2603 1359 2654 1403 ct
2710 1354 2849 1418 apud
2886 1368 3002 1406 eam
3050 1354 3295 1420 proferre
3323 1372 3442 1424 ηιμ)

156 1411 334 1480 ἔχειν,
367 1415 448 1477 εἰς
483 1417 803 1487 ἀνατροπὴν
829 1417 930 1487 τῆς
963 1421 1082 1472 κατ’
1124 1421 1293 1474 αὐτοῦ
1362 1424 1747 1494 ἐξενεχθείσης

1857 1438 1993 1507 iusta
2031 1455 2148 1494 csse
2186 1441 2504 1505 arbitratur,
2541 1443 2604 1495 ad
2670 1446 2954 1497 sententia)
2997 1457 3183 1500 (mitra
3231 1464 3287 1500 se
3323 1450 3442 1500 lane

151 1503 371 1573 ψήφου.
415 1505 578 1560 Ἀλλὰ
614 1508 816 1575 μᾶλλον
858 1510 955 1562 καὶ
1022 1512 1311 1581 ἐπιτρέπει
1370 1514 1520 1582 αὐτῷ
1579 1519 1750 1568 ποιεῖν

1857 1532 2219 1586 eversionem.
2275 1532 2389 1584 lmo
2441 1534 2619 1601 potius
2664 1537 2710 1587 ei
2769 1537 2868 1588 hoc
2919 1540 3179 1605 permittit
3237 1539 3434 1593 facere.

151 1596 317 1649 αὑτό.
382 1596 487 1649 Τὸν
528 1598 583 1652 δὲ
640 1599 716 1669 μὴ
748 1599 973 1653 θέλοντα
1030 1602 1354 1671 προσελθεῖν
1391 1606 1615 1675 συνόδῳ,
1651 1607 1747 1658 καὶ

1857 1620 1987 1674 Ευιη
2021 1632 2200 1677 autem
2230 1625 2322 1691 qui
2359 1640 2462 1678 non
2519 1626 2634 1678 vult
2691 1629 2957 1695 synodum
3017 1631 3186 1689 adire.
3222 1641 3272 1684 et
3303 1634 3441 1698 apnd

154 1690 294 1757 παρ’
329 1690 469 1761 αὐτῇ
506 1692 574 1743 τά
598 1692 777 1745 οίκεῖα
809 1692 1092 1761 προθεῖναι
1119 1693 1328 1757 δίκαια,
1356 1696 1494 1749 ἀλλὰ
1523 1701 1622 1760 τὰς
1655 1698 1748 1766 βα·-

1857 1727 1970 1766 eam
2005 1713 2128 1781 jura
2185 1728 2281 1768 sua
2315 1730 2640 1784 preponcre,
2685 1720 2777 1772 Sed
2840 1720 3221 1787 imperatorias
3255 1726 3440 1777 obtur-

153 1783 376 1845 σιλικάς
406 1785 578 1845 ἀκοὰς
629 1787 988 1854 παρενοχλεῖν
1020 1787 1366 1856 πειρώμενον
1413 1790 1491 1850 είς
1523 1790 1744 1860 ἐκδίκη-

1857 1806 1982 1859 bare
2018 1808 2244 1860 aurcsin
2272 1808 2536 1862 ultionem
2571 1812 2808 1874 molitur,
2835 1813 2980 1866 nulla
3016 1815 3266 1883 dignatur
3289 1819 3440 1870 venia

152 1891 268 1939 σιν,
294 1875 628 1946 συγγνώμης
684 1877 828 1939 τινὸς
862 1878 961 1928 οὐκ
1012 1878 1173 1944 ἀξιοῖ,
1205 1878 1327 1931 οὐδὲ
1377 1879 1564 1948 χώραν
1609 1856 1746 1934 ἀπο-

1857 1912 1955 1951 nec
1997 1900 2261 1969 apologize
2295 1899 2471 1953 locum
2506 1902 2554 1953 ci
2611 1903 2886 1967 concedit,
2918 1920 3014 1958 nec
3056 1907 3249 1960 l'qur:c
3281 1907 3440 1960 restio

149 1967 352 2034 λογίας
382 1968 538 2032 αὐτῷ
572 1969 778 2033 δίδωσι,
810 1969 907 2022 καὶ
937 1969 1129 2021 ἐλπίδα
1164 1971 1474 2043 προσδοκᾷν
1509 1973 1740 2043 μελλού-

1857 1990 2077 2045 tutionis
2098 2006 2249 2060 spem
2277 2003 2618 2062 exspectare.

150 2074 260 2127 σης
291 2058 813 2120 ἀποκαταστάσεως.

754 2153 994 2206 ΚΑΝΩΝ
1040 2153 1140 2210 η’.

2441 2178 2668 2232 ΟΑΝΟΝ
2710 2179 2849 2233 XIII.

153 2262 175 2295 ε
223 2243 446 2315 Μηδένα
484 2245 787 2298 ἐπίσκοπον
838 2247 1046 2317 τολμᾷν
1101 2248 1196 2315 ἀφ’
1236 2249 1433 2318 ἐτέρας
1468 2251 1740 2321 ἐπαρχίας

1857 2266 2106 2320 «Nullus
2156 2268 2444 2338 episcopus
2490 2273 2684 2323 audent
2743 2274 2810 2324 ab
2870 2286 2971 2324 una
3032 2271 3312 2338 provincia
3384 2273 3437 2326 in

233 2355 252 2386 α
295 2338 378 2399 είς
407 2337 603 2407 ἑτέραν
632 2338 1007 2406 μεταϐαίνειν,
1047 2344 1137 2392 καὶ
1183 2345 1514 2409 χειροτονεῖν
1545 2345 1600 2394 ἐν
1645 2346 1737 2395 ἐκ-

1932 2377 1947 2408 (
1986 2360 2142 2413 aliam
2188 2365 2442 2420 transire,
2479 2371 2530 2414 et
2567 2368 2631 2415 ad
2692 2362 2979 2417 ministerii
3038 2368 3435 2433 promotioncm

229 2445 248 2478 ι
294 2429 550 2498 κλησίαις
623 2429 775 2492 τινὰς
835 2431 916 2493 εἰς
967 2434 1307 2502 προαγωγὴν
1365 2434 1733 2502 λειτουργίας,

1938 2469 1954 2501 ι
1999 2453 2208 2519 aliquos
2280 2455 2528 2508 ccclesiis
2579 2457 2856 2517 ordinare,
2905 2470 3004 2508 nec
3062 2458 3105 2510 si
3165 2457 3301 2510 alios
3336 2475 3435 2510 una

230 2538 249 2570 ι
301 2521 432 2590 μηδέ
465 2523 513 2574 εί
545 2523 906 2591 συνεπάγοιτο
933 2524 1112 2593 ἐαυτῷ
1151 2525 1392 2594 ἐτέρους,
1427 2528 1472 2578 εί
1523 2528 1598 2596 μὴ
1634 2544 1738 2579 πα·-

1927 2559 1944 2591 ι
1987 2556 2166 2595 secum
2217 2541 2455 2606 inducat,
2494 2545 2596 2596 nisi
2649 2545 2853 2597 venerit
2893 2545 3100 2598 litteris
3137 2549 3438 2601 accersitos

233 2632 248 2665 ι
297 2615 590 2683 ρακληθεὶς
625 2616 879 2683 ἀφίκοιτο
904 2615 992 2669 διὰ
1020 2618 1367 2686 γραμμάτων
1393 2619 1490 2670 τοῦ
1523 2637 1580 2671 τε
1634 2636 1738 2688 μη-

1923 2651 1940 2683 ι
1978 2636 2403 2702 metropolitani,
2439 2645 2492 2688 et
2521 2638 2898 2705 episcopm-nm
2935 2639 3022 2704 qui
3062 2648 3185 2690 sunt
3213 2654 3333 2691 cum
3367 2640 3442 2707 ip-

224 2723 243 2757 ι
290 2706 613 2774 τροπολίτου
664 2707 761 2759 καὶ
805 2707 917 2760 τῶν
951 2709 1048 2760 σὺν
1087 2709 1237 2778 αὐτῷ
1285 2711 1626 2776 ἐπισκόπων,
1660 2704 1736 2764 ὧν

1919 2743 1936 2776 ι
1973 2739 2052 2788 so,
2077 2726 2128 2778 in
2165 2742 2390 2794 quorum
2421 2728 2690 2794 regionem
2724 2729 2955 2781 accedit.
2993 2728 3046 2780 Si
3082 2740 3260 2782 autem
3293 2729 3439 2782 nullo

231 2814 250 2848 ι
293 2798 372 2858 είς
413 2797 516 2866 τὴν
547 2801 737 2867 χώραν
769 2799 1130 2868 παρέρχεται.
1167 2801 1229 2850 Ei.
1271 2799 1327 2850 δέ
1363 2801 1592 2870 μηδενὸς
1637 2819 1738 2853 κα-

1923 2834 1944 2868 (
1982 2828 2236 2882 vocante,
2271 2819 2335 2872 ad
2369 2819 2670 2887 aliquorum
2732 2821 3126 2875 ordinationem
3181 2833 3230 2875 et
3267 2825 3441 2875 eccle-

232 2905 252 2939 ι
293 2886 513 2950 λοῦντος
541 2889 768 2941 ἀπέλθοι
798 2889 1050 2952 ἀτάκτως
1083 2891 1176 2941 ἐπὶ
1203 2890 1518 2962 χειροθεσίᾳ
1545 2894 1733 2958 τινῶν,

1927 2925 1946 2960 ι
1987 2910 2331 2963 siasticarum
2367 2927 2544 2964 rerum
2577 2914 2641 2965 ad
2669 2929 2726 2967 se
2761 2929 2860 2964 non
2890 2915 3273 2980 pertinentium
3309 2931 3440 2968 con-

231 2995 251 3030 c
298 2980 392 3031 καὶ
427 2980 768 3032 καταστάσει
794 2981 902 3032 τῶν
942 2981 1426 3051 ἐκκλησιαστικών
1473 2985 1734 3054 πραγμά·

1919 3018 1938 3052 ι
1975 2999 2340 3068 stitutioncm,
2384 3003 2691 3057 inordinate
2721 3006 3125 3073 insolenterque
3161 3022 3439 3072 processe-

229 3085 249 3120 ι
290 3084 399 3120 των
430 3067 505 3138 μὴ
557 3070 948 3138 προσηκόντων
985 3071 1156 3140 αὐτῷ,
1205 3070 1390 3141 ἄκυρα
1421 3073 1520 3143 μὲν
1549 3075 1618 3125 τὰ
1641 3073 1733 3126 ὑπ’

1927 3108 1946 3142 ι
1985 3091 2074 3154 rit,
2119 3092 2226 3146 sint
2287 3094 2502 3161 quidem
2542 3095 2697 3148 irrita
2731 3111 2850 3164 qua:
2882 3096 2947 3149 ab
2987 3096 3100 3163 ipso
3128 3107 3431 3165 geruntur:

225 3176 248 3214 ι
291 3160 458 3212 αὑτοῦ
517 3162 894 3231 πεπραγμένα
943 3163 1272 3232 τυγχάνειν·
1331 3168 1423 3216 καὶ
1459 3165 1625 3218 αὑτὸν
1675 3165 1730 3216 δὲ

234 3271 247 3275 -
292 3253 514 3275 1—1-.-.”
547 3252 646 3275 -1-
678 3253 902 3275 L__C!_A
938 3255 1097 3275 ,ἐν’-,Ρ
1138 3256 1226 3275 _,__\
1289 3254 1343 3275 _‘,"_
1371 3273 1380 3275 _
1422 3273 1488 3275 ¥n
1570 3257 1587 3275 ἵ
1611 3257 1689 3275 Ιλ.-

1928 3201 1945 3232 ι
1989 3184 2103 3250 ipse
2135 3193 2314 3236 autem
2344 3202 2455 3239 sua:
2502 3186 2802 3240 insolentia:
2848 3197 2901 3240 et
2933 3201 3127 3256 prmter
3169 3191 3428 3242 rationem

229 3271 247 3304 ι
292 3253 516 3321 ὑπέχειν
547 3252 646 3321 τῆς
673 3253 902 3317 ἀταξίας
933 3255 1100 3307 αὑτοῦ
1137 3256 1232 3308 καὶ
1283 3254 1381 3325 τῆς
1417 3257 1730 3324 παραλόγου

1925 3291 1943 3325 ι
1981 3273 2138 3327 factze
2169 3277 2541 3346 aggressionis
2573 3279 2785 3331 debitas
2811 3281 2900 3331 det
2934 3295 3146 3348 pmnas,
3187 3296 3215 3333 a
3247 3293 3432 3334 Sancta

238 3365 257 3398 ι
305 3348 705 3418 ἐπιχειρήσεως
736 3350 834 3416 τὴν
862 3349 1248 3419 προσήκουσαν
1276 3348 1452 3418 δίκην,
1485 3349 1737 3420 καθῃρη-

1914 3383 1932 3416 ι
1974 3367 2183 3422 scilicet
2204 3370 2409 3438 synodo
2437 3370 2634 3424 exinde
2663 3373 2963 3440 depositus.
2999 3392 3016 3422 ι

228 3457 248 3491 ι
293 3443 453 3508 μένον
506 3438 757 3491 ἐντεῦθεν
803 3441 904 3509 ἤδη
939 3441 1044 3492 ὑπὸ
1091 3441 1187 3509 τῆς
1237 3441 1398 3508 ἁγίας
1433 3440 1676 3492 συνόύου.
1709 3457 1728 3490 ι

225 3532 422 3585 ΒΑΛΣ.
444 3533 578 3600 Περὶ
601 3532 709 3584 τῶν
735 3533 791 3582 ἐν
818 3531 896 3601 τῷ
928 3535 1155 3601 παρόντι
1189 3533 1374 3584 κανόνι
1418 3531 1737 3600 διειλημμέ-

1911 3541 2112 3598 BALS.
2156 3543 2229 3596 De
2282 3544 2369 3608 iis,
2406 3561 2525 3612 qua:
2577 3545 2630 3597 in
2677 3547 2931 3610 prmsenti
2962 3560 3168 3598 canone
3197 3554 3427 3598 tractata

138 3641 258 3677 νων
287 3624 487 3683 ίκανῶς
519 3623 843 3692 διελάὅομεν
869 3626 925 3675 ἐν
957 3622 1036 3692 τῷ
1065 3621 1137 3674 λε’
1163 3622 1512 3690 ἀποστολικῴ
1544 3623 1734 3673 κανόνι

1857 3645 1984 3697 mut,
2019 3637 2069 3688 in
2120 3651 2325 3690 canone
2373 3639 2670 3703 apostolico
2729 3637 2798 3689 55
2847 3637 2983 3690 satis
3048 3639 3422 3698 tractavimus.

141 3719 249 3771 καὶ
279 3719 338 3770 ἐν
369 3719 599 3786 ἑτέροις.
639 3719 748 3769 Καὶ
781 3716 1060 3784 ἀνάγνωθι
1110 3716 1179 3767 τά
1229 3717 1285 3767 ἐν
1331 3715 1563 3777 ἐκείνοις
1598 3732 1735 3783 γρα-

1857 3737 1888 3780 rt
1914 3726 2061 3780 alibi.
2103 3726 2167 3780 Et
2216 3727 2330 3796 lege
2377 3743 2464 3791 ea,
2511 3744 2629 3796 qua:
2665 3728 2769 3779 illic
2804 3728 3008 3796 scripta
3041 3739 3186 3782 sunt.
3229 3730 3424 3795 Quaere

141 3809 341 3880 (ρὲντα.
375 3810 538 3880 Ζήτει
570 3810 663 3862 καὶ
706 3809 808 3878 τῆς
857 3807 1147 3878 παρούσης
1207 3806 1431 3859 συνόδου
1467 3824 1590 3858 καν.
1625 3804 1732 3876 κβ’.

1857 3829 1890 3872 :t
1939 3819 2221 3886 praesentis
2249 3821 2436 3889 synodi
2470 3835 2730 3872 canonem
2769 3820 2861 3872 2'2.

222 3903 466 3974 ΖΩΝΑΡ.
499 3902 822 3954 Σκανδάλων
869 3904 964 3954 καὶ
992 3899 1248 3969 ταραχῶν
1277 3901 1455 3951 αἰτιον
1482 3897 1544 3950 τὸ
1579 3898 1736 3950 ἀπιέ-

1903 3910 2157 3966 ZONAlt.
2195 3911 2249 3966 Si
2312 3913 2436 3980 quis
2471 3913 2763 3981 episcopus
2818 3913 3042 3968 alterius
3088 3915 3418 3983 provinciam

138 4010 236 4049 ναι
268 3995 572 4046 ἐπίσκοπον
602 3995 683 4055 είς
717 3994 989 4063 ἐπαρχίαν
1020 3995 1237 4062 ἑτέραν,
1267 3993 1359 4044 καὶ
1393 3993 1735 4061 χειροτονίας

1859 4005 2193 4074 ngrediatur,
2229 4006 2414 4074 ibique
2443 4020 2508 4059 eo
2545 4006 2853 4060 inconsulto
2902 4009 3123 4062 ordines
3155 4010 3421 4073 conferat,

136 4087 324 4138 ποιεῖν
373 4087 501 4138 ἀνευ
552 4085 780 4154 γνώμης
831 4085 926 4137 τοῦ
961 4085 1270 4138 ἐπισκόπου
1323 4084 1426 4153 τῆς
1461 4085 1734 4155 ἐπαρχίας

1857 4094 2163 4150 iﬂensiones
2202 4112 2265 4149 ac
2323 4097 2591 4150 tumultus
2619 4113 2685 4151 ex
2721 4115 2781 4152 ea
2823 4113 2880 4153 re
2931 4110 3198 4153 cxsrstcrc
3262 4100 3424 4155 facile

138 4177 382 4247 ἐκείνης.
420 4179 511 4228 Διὸ
554 4177 650 4229 καὶ
702 4175 903 4229 κωλύει
951 4177 1111 4228 τοῦτο
1160 4176 1188 4226 ό
1233 4172 1438 4238 κανὼν,
1494 4176 1590 4228 καὶ
1643 4179 1734 4227 τὸν

1857 4197 1936 4242 est.
1971 4187 2286 4257 QuareJum
2323 4189 2371 4242 id
2397 4189 2512 4242 ﬁeri
2536 4204 2709 4243 canon
2744 4199 2909 4254 vetat,
2950 4204 3058 4244 tum
3090 4191 3178 4259 qui
3205 4190 3418 4255 fecerit,

136 4268 306 4320 τοῦτο
349 4270 656 4338 ποιήσαντα
686 4266 1008 4337 καθαιρέσει
1037 4265 1411 4328 καταδικάζει.
1442 4264 1626 4318 Ταῦτα
1672 4266 1730 4319 δὲ

1857 4280 2177 4350 lepositione
2212 4283 2527 4335 damnatum
2565 4298 2690 4336 esse
2720 4283 2988 4336 decernit.
3034 4283 3232 4337 Eadem
3269 4301 3420 4347 vero,

139 4360 534 4412 κεκανόνισται
596 4360 693 4412 καὶ
727 4363 839 4421 τοῖς
875 4359 1053 4427 ἁγίοις
1094 4358 1416 4420 ἀποστόλοις
1444 4358 1501 4409 ἐν
1537 4354 1609 4408 λε’
1635 4374 1737 4410 κα-

1857 4381 1889 4425 :t
1949 4373 2320 4442 apostolorum
2368 4377 2649 4431 tricesimo
2673 4375 2863 4445 quinto
2916 4385 2966 4430 et
3017 4377 3174 4445 hujus
3208 4393 3423 4446 quoque

135 4452 259 4503 νόνι
284 4467 296 4481 ·
335 4451 405 4503 τά
437 4451 580 4506 αύτά
610 4451 666 4504 δὲ
696 4451 870 4522 ὁρίζει
909 4453 1004 4505 καὶ
1035 4452 1065 4504 ό
1101 4448 1186 4520 κβ¹
1218 4447 1402 4503 κανὼν
1456 4450 1558 4518 τῆς
1603 4466 1728 4503 συν-

1857 4465 2028 4534 iynodi
2063 4465 2326 4520 vicesimo
2362 4473 2602 4522 secundo
2641 4483 2869 4534 canone,
2905 4470 3203 4524 constituta
3240 4482 3386 4524 sunt.

132 4543 264 4595 ὁδου
289 4546 516 4614 ταύτης.

133 4640 367 4694 ΑΡΙΣΤ.
431 4584 463 4691 ι⁸
514 4641 577 4694 Ei
656 4639 882 4711 μηδενὸς
937 4640 1222 4708 ἀξιοῦντος
1288 4643 1591 4710 ἐπίσκοπος
1652 4648 1731 4710 είς

1857 4642 2064 4698 ΗΠΞΤ.
2103 4664 2122 4696 ι
2153 4643 2233 4709 Si,
2283 4646 2500 4700 netninc
2550 4656 2794 4715 rogante,
2851 4646 3135 4716 episcopus
3171 4648 3224 4701 in
3260 4647 3418 4701 aliam

222 4751 240 4784 ι
283 4734 455 4802 ἀλλην
509 4733 783 4804 ἐπαρχίαν
836 4733 1014 4801 ἀπίοι,
1070 4737 1166 4787 καὶ
1213 4737 1576 4808 χειροτονοίη,
1636 4741 1732 4791 καὶ

1911 4758 1929 4790 ι
1968 4753 2027 4792 se
2054 4739 2350 4792 contulerit
2373 4740 2728 4806 provinciam,
2754 4750 2808 4794 et
2837 4741 3188 4804 ordinaret-it,
3223 4755 3419 4809 resque

215 4845 232 4879 ι
279 4828 509 4897 διοικοίη
541 4829 868 4898 πράγματα,
896 4828 1039 4883 αὐτά
1072 4845 1132 4881 τε
1161 4829 1344 4900 ἄκυρα
1380 4832 1614 4901 μενέτω,
1632 4833 1732 4886 κά-

1906 4848 1923 4880 ι
1960 4831 2451 4894 administraverit,
2485 4841 2538 4884 et
2587 4832 2756 4886 irritae
2790 4841 3067 4894 maneant,
3102 4841 3156 4888 et
3200 4833 3303 4886 iste
3329 4836 3422 4886 de-

217 4938 233 4970 t
276 4923 453 4983 κεῖνος
485 4919 873 4991 καθαιρείσθω.
920 4939 939 4972 ι

1902 4939 1921 4973 ι
1955 4932 2204 4992 ponatur.
2247 4941 2264 4972 ι

213 5009 448 5071 Πολλοὺς
500 5010 734 5072 κανόνας
793 5010 1054 5081 εὑρήσεις
1083 5012 1244 5066 τοῦτο
1293 5014 1633 5082 κωλύοντας,
1665 5016 1728 5070 τὸ

1903 5014 2098 5070 Multos
2136 5030 2374 5068 canones
2411 5015 2651 5069 invenies
2709 5016 2809 5068 hoc
2854 5017 3221 5084 prohibentes,
3253 5020 3416 5072 nimi-

137 5101 505 5174 μεταϐαίνειν
537 5103 838 5156 ἐπίσκοπον
865 5105 974 5156 ἀπὸ
1005 5108 1106 5171 τῆς
1160 5106 1297 5169 ίδίας
1337 5109 1614 5178 ἐπαρχίας
1647 5112 1729 5174 εἰς

1857 5126 1950 5163 um
1980 5109 2297 5178 episcopum
2333 5125 2362 5162 c
2409 5124 2502 5161 sua
2535 5110 2811 5176 produt-ia
2848 5111 2910 5161 ad
2943 5109 3174 5162 alienam
3221 5116 3415 5166 transi-

134 5195 453 5265 ἀλλοτρίαν,
513 5196 609 5249 καὶ
659 5199 994 5268 χειροτονεῖν
1048 5200 1106 5252 ἐν
1158 5200 1320 5272 αὐτῇ,
1367 5202 1627 5273 ἢέτερόν
1675 5221 1727 5257 τι

1857 5203 1950 5265 ire,
1983 5212 2038 5256 et
2081 5203 2134 5255 in
2179 5218 2242 5256 ca
2281 5201 2561 5265 ordinare,
2605 5214 2696 5256 aut
2752 5205 2897 5256 aliud
2953 5204 3171 5273 aliquod
3221 5224 3419 5261 munus

134 5289 504 5342 ἐπισκοπικὸν
533 5292 814 5359 ἐνεργεῖν·
867 5293 915 5344 εί
968 5293 1041 5361 μή
1088 5309 1191 5346 που
1243 5295 1566 5367 προσκληθῇ
1616 5314 1722 5368 τις,

1857 5298 2139 5367 τνίεοοραιο
2177 5297 2350 5351 obire.
2389 5296 2503 5350 Nisi
2546 5297 2774 5351 forsitan
2809 5309 3030 5352 vocetur
3073 5300 3269 5370 aliquis
3300 5313 3352 5354 et
3389 5321 3414 5353 a

135 5385 236 5437 καὶ
277 5383 487 5454 ἀξιωθῇ
518 5386 671 5452 παρά
697 5383 789 5436 τοῦ
819 5385 962 5438 κατά
993 5386 1178 5456 χώραν
1212 5389 1516 5443 ἐπισκόπου
1545 5391 1721 5442 τοιοῦ-

1862 5390 2071 5457 cgionis
2105 5391 2362 5457 episeopo
2394 5391 2587 5459 dignus
2629 5391 2915 5453 habeatur,
2946 5393 3036 5460 qui
3077 5393 3180 5448 tale
3213 5393 3415 5463 aliquid

133 5476 234 5528 τόν
267 5493 319 5528 τι
349 5477 599 5544 ποιῆσαι.
635 5475 738 5528 Τὸν
768 5476 812 5528 δ’
861 5476 1076 5530 οἴκοθεν
1105 5479 1184 5541 είς
1220 5481 1496 5550 ἐπαρχίαν
1526 5482 1726 5551 ἑτέραν

1857 5494 2014 5535 aetat.
2043 5483 2110 5535 At
2133 5484 2222 5551 qui
2244 5498 2338 5534 sua
2363 5494 2555 5552 Sponte
2583 5484 2633 5535 in
2653 5483 2873 5536 alteram
2896 5484 3062 5557 444
3085 5487 3417 5554 provinciam

134 5569 615 5638 παραγενόμενον,
662 5567 759 5620 καὶ
801 5568 833 5638 ἢ
888 5570 1236 5640 χειροθεσίας
1289 5571 1638 5643 ποιούμενον,
1690 5574 1724 5645 ἢ

1857 5575 2212 5639 ιι-οίίρίεεὶιιιτ,
2247 5587 2300 5629 ct
2336 5577 2416 5630 vel
2453 5590 2708 5630 marmum
2741 5578 3116 5646 impasitiones
3147 5580 3294 5641 facit,
3335 5579 3419 5629 vii

133 5662 507 5724 καταστάσεις
543 5660 1018 5731 ἐκκλησιαστικῶν
1045 5666 1412 5736 πραγμάτων,
1457 5667 1533 5738 μὴ
1563 5685 1730 5738 προσο

1857 5669 2169 5738 ιοςοιίοτυιιι
2197 5669 2688 5724 υρριεδίειςιίιυιυιη
2711 5673 3128 5728 constitmiones
3153 5680 3217 5727 ad
3237 5677 3414 5743 ipsum

130 5754 384 5824 ηκόντων
418 5752 590 5823 αὐτῷ,
642 5755 741 5807 σὺν
786 5753 864 5824 τῷ
894 5756 1074 5828 ἀκυρα
1117 5758 1302 5827 μένειν
1331 5759 1398 5812 τὰ
1434 5760 1525 5813 ὑπ’
1557 5763 1725 5816 αὑτοῦ

1857 5776 1936 5813 nou
1970 5761 2378 5829 pertinentium,
2415 5771 2466 5814 ct
2496 5763 2650 5816 irrita
2683 5780 2903 5820 manere
2936 5783 3052 5835 qua:
3107 5768 3174 5823 ab
3203 5778 3302 5824 Isto
3333 5767 3420 5822 [αδ

132 5846 513 5917 πραττόμενα,
547 5849 640 5902 καὶ
669 5847 1059 5917 καθαιρεῖσθαι
1094 5850 1516 5920 προστάττουσι.

1857 5861 1916 5907 ta
1946 5861 2092 5920 sunt,
2129 5861 2180 5906 et
2210 5852 2382 5922 ipsum
2417 5854 2610 5920 deponi
2641 5854 2853 5925 jubcnt.
