4178 6420
157 405 302 470 139.1

1184 461 1196 467 -
1229 410 1307 468 ΙΝ
1346 409 1512 470 CAN.
1549 409 1668 468 XVI
1709 406 1916 466 CONC.
1963 409 2010 466 Il
2061 410 2410 468 ANTIOCH.

3267 403 3402 467 13⁵2ἕῖ

156 522 333 576 πόδας
366 514 548 586 βαλεῖν
610 516 668 569 ἐν
729 517 867 586 αὐτῇ
900 532 912 545 ·
975 513 1065 570 οίά
1121 520 1236 570 ἐστι
1289 521 1594 589 σήμερονὴ
1627 522 1736 572 τιῖλν

1846 536 1960 570 eum
2000 520 2102 571 diri
2150 536 2363 580 vacare,
2398 519 2490 587 qui
2525 535 2630 570 non
2667 528 2843 586 potest
2888 519 3155 587 prolirisci
3182 519 3246 573 ad
3281 537 3397 570 eam

107 661 111 668 ξ
166 607 590 678 Ἱεροσολύμων,
641 608 674 676 ἡ
727 608 827 678 τῆς
886 609 1236 680 Ἀντιοχείας,
1289 611 1321 680 ἡ
1378 610 1742 680 Ταρσούκαὶ

152 701 354 771 ἕτεραι
383 716 398 731 ο
433 701 500 753 τὰ
529 701 630 770 μὲν
662 700 770 770 γάρ
831 701 1180 772 Ἰεροσόλυμα
1215 703 1555 772 ἐμιάνθησαν
1591 705 1743 772 παρά

83 833 99 842 ,
153 791 344 844 ἀθέων
401 792 753 864 ,’Λγαρηνῶν,
801 796 833 864 ὴ
892 795 1192 864 Ἀντιόχεια
1246 795 1540 866 κατέχεται
1585 798 1742 868 παρὰ

160 885 513 955 πατριάρχου
574 885 895 956 Λατίνου,ἠ
951 888 1160 956 Ταρσὸς
1211 891 1358 958 παρά
1405 888 1739 959 Ἀρμενίων·

157 975 308 1048 τινές
331 977 387 1026 δέ
428 977 537 1028 τῶν
575 977 1082 1046 Ἱεροσολυμιτικῶν
1110 979 1440 1046 ἐκκλησιῶν,
1478 981 1578 1048 τῆς
1625 980 1738 1033 Ἀν-

157 1069 407 1134 τιοχείας
436 1069 530 1120 καὶ
561 1070 657 1138 τῆς
685 1070 1308 1134 Κωνσταντινουπόλεως
1342 1072 1403 1123 ού
1436 1071 1741 1138 λογίζονται

163 1161 536 1228 σχολάζουσαι
569 1163 657 1217 διὰ
700 1163 761 1214 τὸ
813 1166 938 1224 τοὺς
983 1164 1318 1234 Ἀγαρηνοὺς
1350 1168 1444 1218 καὶ
1473 1167 1599 1228 τοὺς
1633 1167 1742 1218 Λα-

156 1252 348 1314 τίνους
393 1257 746 1322 παραχωρεῖν
788 1259 899 1308 τοῖς
946 1256 1297 1325 ἀρχιερεῦσιν
1332 1257 1738 1326 ἀρχιερατικῶς
1780 1279 1793 1294 ι

154 1346 481 1414 οἰκονομεῖν
518 1348 618 1407 τάς
658 1349 867 1410 οἰκείας
919 1349 1237 1416 ἐκκλησίας,
1280 1350 1502 1403 καὶτῶν
1558 1355 1737 1405 ἐκεῖσε

58 1489 66 1498 ,
153 1437 336 1490 ὄντων
359 1439 706 1509 Χριστιανῶν
748 1441 1122 1510 προνοεῖσθαι.
1156 1442 1316 1494 Ὅθεν
1368 1445 1462 1496 καὶ
1496 1462 1740 1512 μετακαο

153 1527 422 1597 λούμενοι
475 1532 524 1580 οἱ
585 1529 722 1582 τῶν.
769 1529 1028 1584 τοιούτων
1088 1531 1397 1599 ἐκκλησιῶν
1461 1535 1740 1602 ἀρχιερεῖς

154 1619 476 1688 ὀφείλουσιν
501 1620 866 1691 ἀπέρχεσθαι.
905 1624 979 1675 Τὸ
1012 1623 1068 1674 δὲ
1093 1623 1334 1677 δίδοσθαι
1361 1642 1512 1678 τισιν
1547 1628 1738 1696 ἀρχιε-

157 1711 346 1781 ρεῦσι,
384 1713 458 1783 μὴ
487 1715 864 1784 σχολάζουσιν,
895 1716 1026 1769 ἀλλά
1063 1717 1408 1785 πενομένοις,
1434 1721 1736 1786 ἐκκλησὶας

157 1803 528 1871 χηρευούσας,
557 1806 872 1872 οἰκονομίας
907 1807 1064 1873 λόγος
1108 1809 1266 1859 ἐστί·
1301 1813 1393 1860 καὶ
1437 1812 1465 1862 6
1501 1811 1681 1863 κανὼν
1712 1814 1738 1862 ὀ

159 1891 348 1962 λέγων
405 1898 506 1964 τὴν
564 1897 934 1967 σχολάζουσαν
985 1899 1063 1967 τῷ
1118 1900 1432 1968 σχολάζοντι
1497 1903 1739 1955 δίδοσθαι

159 1989 357 2067 χώραν
391 1989 490 2041 οὐκ
517 1988 650 2057 ἔχει.
688 1990 776 2042 Διὸ
811 1990 905 2070 καί
937 1993 984 2044 οί
1032 1994 1325 2056 συνοδικῶς
1359 1995 1731 2064 ἐγχωροῦντες

159 2082 442 2151 καθῆσθαι
472 2084 552 2146 είς
587 2082 649 2134 τὸ
680 2082 974 2153 σύνθρονον
1018 2087 1116 2154 τῆς
1149 2086 1288 2140 κα.τά
1325 2085 1484 2154 λόγον
1535 2091 1742 2142 οίκονοο

162 2163 298 2238 μ’ίας
371 2175 657 2244 διδομένης
742 2178 848 2229 τινὶ
891 2179 1213 2246 ’ἐκκλησίας
1279 2182 1631 2234 ἀκανόνιστόν
1690 2201 1740 2234 τι

156 2268 399 2337 πρᾶγμα
422 2269 633 2321 ποιοῦσι
667 2268 759 2321 καὶ
783 2271 1156 2338 ἀσύγγωστον.
1180 2273 1302 2334 Τοῖς
1327 2275 1433 2344 γάρ
1457 2276 1743 2345 σχολάζου-

71 2349 86 2357 ’
123 2375 252 2410 ,σιν
283 2359 488 2426 ὀφείλει
519 2359 755 2412 δίδοσθαι
783 2361 995 2430 θρόνος,
1030 2364 1090 2416 οὐ
1125 2365 1222 2433 μέν
1251 2369 1363 2429 τοῖς
1400 2367 1586 2436 ἔχουσι
1616 2369 1740 2437 096-

155 2464 252 2500 νον
285 2450 690 2520 ἀρχιερατικόν.
721 2453 817 2503 Διά
845 2453 951 2522 γάρ
976 2455 1134 2507 τοῦτο
1165 2458 1257 2509 καὶ
1307 2460 1334 2510 6
1379 2460 1480 2526 μέν
1523 2461 1737 2528 λαμϐά-

158 2557 276 2591 νων
353 2542 727 2609 σχολάζουσαν
813 2546 1112 2613 ἐκκλησίαν
1186 2549 1480 2619 ἀρχιερεὺς
1555 2554 1739 2608 οὐκέτι

158 2632 415 2684 καλεῖται
465 2634 787 2698 ἐπίσκοπος,
819 2639 900 2690 εἰς
935 2637 1002 2707 ἢν
1033 2639 1412 2711 ἐπεκηρύχθη,
1444 2644 1741 2712 ἐκκλησίας

158 2722 407 2791 πρῶτον,
439 2723 577 2776 ἀλλά
611 2724 709 2790 τῆς
759 2727 1009 2796 δοθείσης
1035 2729 1186 2798 αύτῷ
1217 2732 1588 2804 σχολαζούσης
1617 2753 1630 2767 ·
1664 2737 1740 2799 ὡς

109 2865 120 2869 -
155 2816 190 2866 ὁ
241 2817 417 2883 μέγας
461 2817 726 2886 Θεολόγος
797 2820 1098 2891 Γρηγόριος
1142 2825 1328 2878 οὐκέτι
1380 2827 1586 2897 ἐκλήθη
1635 2830 1742 2884 Να-

159 2906 411 2971 ζιανζοῦ,
449 2908 608 2961 ἀλλά·
633 2911 1260 2979 Κώνσταντινουπόλεως
1290 2934 1303 2948 ·
1355 2919 1477 2972 οὐδὲ
1500 2922 1528 2972 6
1569 2939 1746 2990 χειρο-

156 2999 414 3069 τονηθεὶς
472 3001 762 3070 προσεχῶς
813 3004 893 3072 είς
935 3004 1256 3073 Ἀμάσειαν,
1291 3011 1386 3061 καὶ
1418 3013 1742 3078 μετατεοεὶς

159 3091 247 3151 είς
282 3092 657 3160 Κερασοῦντα,
691 3093 779 3146 διά
822 3095 882 3146 τὸ
914 3095 1366 3168 ἀποκαταστῆναι
1404 3102 1496 3161 τὸν
1531 3121 1739 3173 προκα-

1845 611 2131 663 ecclesiam
2192 613 2242 664 in
2285 627 2447 680 quam
2491 609 2754 668 suffectus
2801 618 2903 672 est,
2959 626 3023 661 eo
3079 613 3220 677 quod
3252 613 3334 664 vel
3373 631 3400 663 a

1843 703 2098 772 gentibus
2161 703 2242 755 vel
2296 704 2460 755 etiam
2521 701 2588 754 ab
2652 702 2923 755 litercticis
2967 715 3307 771 occupetur,
3351 719 3404 754 ιιι

1844 795 2077 849 fortasse
2107 797 2270 849 etiam
2307 795 2628 862 profanetur
2668 796 3082 864 communisque
3123 788 3402 854 reddatur.

1846 904 1945 942 nec
2005 889 2221 942 sinatur
2261 890 2489 941 antistes
2527 887 2717 954 pedem
2767 890 2818 940 in
2861 905 2980 942 eam
3037 893 3260 954 inferre,
3306 910 3406 946 cu-

1840 981 2081 1046 jus-modi
2122 990 2204 1031 est
2236 981 2396 1032 hodie
2448 979 2932 1049 llicrosolymitana
3001 983 3261 1047 Ecclesia,
3301 990 3407 1038 An-

1845 1075 2120 1137 tiochena,
2153 1072 2464 1134 Tarsensis,
2503 1083 2558 1124 et
2587 1074 2723 1124 alia}.
2758 1071 3131 1142 Hierosolyma
3166 1077 3404 1128 enimah

1846 1167 2026 1235 impiis
2064 1167 2328 1233 Agat-onis
2365 1164 2569 1233 polluta
2595 1175 2742 1228 sunt,
2769 1166 3000 1218 thronus
3031 1167 3406 1221 Antiochi-nuc.

1841 1275 1871 1313 a
1913 1259 2222 1330 patriarcha
2257 1240 2449 1310 Latino
2492 1258 2790 1317 detinetur;
2830 1269 2880 1312 et
2937 1259 3141 1315 Tarsus
3183 1265 3249 1313 ah
3307 1266 3405 1314 Ar-

1845 1352 2060 1406 meniis.
2091 1350 2376 1404 Nonnulla
2414 1359 2593 1403 autem
2649 1349 3178 1422 Hierosolymorum,
3216 1358 3405 1409 Antio

1844 1443 2003 1506 chia‘,
2028 1451 2082 1494 et
2115 1441 2632 1510 ConstantinOpolis
2663 1444 2914 1496 ecclesiae
2944 1460 3048 1497 non
3081 1455 3408 1514 reputantur

1845 1548 2059 1602 vpCarc,
2104 1534 2232 1601 quia
2268 1531 2446 1585 Latini
2477 1544 2529 1586 et
2561 1532 2798 1601 Agareni
2827 1537 3148 1603 permittunt
3195 1540 3409 1591 antisti-

1841 1623 1987 1676 tibus
2022 1639 2150 1676 suas
2182 1621 2447 1676 u-cclesias
2475 1623 2862 1689 episcopaliter
2907 1625 3326 1687 administrare,
3353 1641 3408 1680 et

1841 1717 2308 1775 Christianorum.
2346 1716 2436 1783 qui
2473 1716 2585 1768 illic
2621 1725 2771 1780 sunt,
2797 1732 2981 1770 curam
3007 1733 3217 1786 gerere.
3255 1718 3408 1773 Unde.

1844 1819 1897 1861 et
1925 1809 2198 1875 ejusmodi
2243 1808 2606 1861 ecclesiarum
2640 1811 2852 1861 evocati
2891 1808 3168 1863 antistites
3210 1811 3409 1863 debent.

1843 1901 2137 1971 proficisci.
2177 1901 2330 1964 Quod
2362 1908 2542 1953 autem
2580 1900 2780 1954 dantur
2825 1901 3150 1968 quibusdam
3191 1904 3407 1954 antisti-

1843 1995 1990 2048 tibus
2022 2008 2128 2046 non
2170 1992 2513 2056 vacantibus,
2541 1991 2632 2045 sed
2667 2003 2986 2060 paupertate
3011 1995 3411 2050 laborantibus.

1843 2089 2046 2138 orbatae
2095 2100 2190 2138 seu
2231 2093 2486 2137 vacantes
2533 2085 2804 2148 ecclesiae,
2846 2096 2933 2138 est
2984 2086 3412 2156 dispensationis

1842 2180 1982 2232 ratio
2013 2197 2026 2228 :
2059 2191 2113 2244 et
2138 2193 2333 2240 ration,
2391 2178 2480 2244 qtti
2511 2177 2648 2230 dicit
2681 2187 2965 2232 vacantem
3003 2181 3239 2234 (laudant
3291 2199 3411 2233 csso

1843 2274 2079 2333 vacanti,
2113 2273 2288 2324 locum
2316 2285 2424 2322 non
2459 2270 2641 2323 habet.
2671 2270 2732 2322 Et
2770 2273 2912 2333 ideo,
2941 2273 3033 2340 qui
3080 2273 3413 2342 synodalitm-

1841 2367 2168 2433 permittunt
2198 2363 2458 2429 cuipiam,
2495 2371 2555 2416 ut
2596 2361 2773 2429 possit
2799 2362 2966 2421 etiam
3012 2363 3066 2415 in
3110 2367 3237 2417 sede
3269 2365 3414 2416 illius

1841 2443 2304 2520 ecclesize.quam
2360 2454 2785 2518 dispensationis
2833 2457 3044 2508 ratione
3075 2458 3177 2508 sibi
3233 2445 3410 2509 datam

1844 2550 2024 2612 habet,
2059 2548 2273 2608 sedere,
2310 2546 2520 2600 faciunt
2573 2557 2767 2599 contra
2819 2563 3080 2600 canonum
3143 2565 3274 2607 rcut,
3328 2551 3410 2599 cui

1842 2641 1996 2695 venia
2033 2638 2208 2691 danda
2238 2653 2343 2690 non
2372 2648 2454 2691 est
2484 2655 2497 2689 :
2532 2639 2596 2690 iis
2625 2638 2794 2694 enim,
2841 2639 2934 2705 qui
2991 2648 3208 2702 vacant,
3259 2640 3412 2693 debet
3502 2679 3506 2685 .

1826 2731 1959 2786 dari
1994 2730 2258 2791 thronus;
2293 2744 2400 2780 non
2451 2737 2635 2780 autem
2691 2729 2782 2789 iis,
2833 2730 2925 2795 qui
2977 2729 3180 2783 habent
3231 2733 3411 2784 sedem

1839 2822 2225 2892 episeopalem.
2253 2819 2546 2888 Propterea
2584 2821 2728 2873 enim
2776 2829 2828 2874 et
2871 2822 3120 2884 antistes,
3176 2823 3267 2890 qui
3323 2839 3409 2876 va-

1841 2926 2056 2970 cantem
2117 2914 2317 2981 accipit
2370 2913 2681 2976 ecclesiam,
2745 2927 2851 2966 non
2893 2914 3128 2978 amplius
3189 2924 3416 2980 vocatur

1839 3008 2130 3076 episc0pus
2163 3005 2310 3058 illius
2346 3004 2610 3067 ecclesiae,
2646 3005 2894 3072 inquam
2941 3007 3176 3072 primum
3211 3022 3413 3060 renun—

1843 3101 2010 3153 tiatus
2039 3099 2263 3159 est.sed
2293 3097 2433 3164 ejus,
2480 3112 2600 3163 qua:
2658 3097 2730 3148 dli
2786 3106 2843 3149 ut
2907 3112 3106 3151 vacans
3155 3099 3279 3150 data
3308 3113 3410 3156 εει,

157 3183 488 3252 θαιρεθέντα
553 3185 874 3255 Ἀμασείας,
930 3191 1113 3248 οὐκέτι
1166 3193 1367 3264 ἐκλήθη
1417 3196 1736 3265 Ἀμασείας,

1846 3187 2305 3256 quemadmodum
2341 3203 2569 3255 magnus
2602 3185 2912 3255 Theologns
2967 3186 3258 3256 Gregorius
3308 3204 3414 3240 non

161 3275 304 3342 ἀλλά
343 3277 741 3347 Κερασοῦντος.
805 3279 866 3332 ὐ
916 3281 973 3333 δὲ
1029 3283 1516 3350 Κλαυδιουπόλεως
1565 3289 1744 3342 λαϐὼν

162 3369 274 3451 τὴν
335 3368 474 3421 ίδίαν
519 3370 861 3441 ἐπισκοπὴν,
901 3373 1001 3444 τὴν
1061 3377 1329 3447 Ποντικὴν
1381 3357 1743 3449 Ἡράκλειαν,

161 3459 243 3522 ὼς
278 3458 675 3529 σχολάζουσαν,
706 3465 802 3516 καὶ
846 3464 1184 3537 ἐγχωρηθεὶς
1233 3471 1502 3538 καθῆσθαι
1537 3475 1616 3535 είς
1648 3477 1740 3528 τὸν

163 3547 462 3619 σύνθρονον
513 3553 711 3622 αὐτῆς,
762 3554 910 3616 ὅπως
976 3557 1224 3608 καλεῖται
1267 3559 1745 3627 Κλαυδιουπόλεως

125 3708 130 3712 _
163 3643 382 3712 ἀπορῶ.

1843 3283 2080 3352 amplius
2111 3281 2288 3336 dictus
2323 3295 2400 3352 est
2437 3279 2840 3344 Nazianzenus,
2889 3280 2982 3333 sed
3027 3279 3417 3333 Constantino—

1840 3351 2122 3444 politanus
2171 3351 2490 3440 episcopus,
2535 3386 2633 3424 nec
2683 3372 2774 3438 qni
2835 3374 3080 3438 proxime
3134 3373 3418 3425 ordinatus

1842 3468 2014 3522 estad
2056 3467 2369 3523 Amaseam,
2395 3473 2448 3515 et
2479 3463 2532 3516 in
2563 3462 2920 3516 Cerasuntem
2951 3466 3268 3525 translatus,
3295 3465 3418 3532 quia

1843 3560 1937 3630 qui
1957 3558 2104 3627 prius
2121 3555 2298 3610 fuerat
2317 3555 2620 3624 depositus,
2635 3564 2717 3608 est
2734 3557 3038 3619 restitutus,
3054 3570 3158 3607 non
3179 3558 3422 3609 Amaseze

1845 3655 2143 3725 episcopus
2180 3659 2404 3702 vocatus
2433 3655 2542 3707 est,
2587 3646 2683 3701 sed
2727 3645 3064 3702 Cerasuntis.
3098 3648 3422 3713 Claudiopo-

165 3740 374 3794 litauus
412 3750 593 3795 autem
638 3744 916 3811 proprium
969 3745 1367 3814 episcopatum.
1420 3747 1734 3806 Heracleam
1779 3751 2084 3808 Ponticam,
2129 3753 2187 3798 ut
2225 3731 2509 3803 vacantem
2539 3741 2787 3810 adeptus,
2857 3749 2911 3795 et
2955 3741 3020 3794 in
3068 3743 3116 3796 ei
3205 3754 3424 3810 quoque

162 3816 464 3904 conjuncta
495 3837 624 3890 sede
651 3839 841 3891 sedere
875 3839 1204 3902 permissus,
1259 3843 1538 3908 quomodo
1583 3842 2098 3916 Claudiopolitanus
2132 3837 2442 3906 appellatur
2481 3835 2694 3889 nescio.

242 3927 487 3980 ΖΩΝΑΡ.
523 3929 809 3996 Σχολάζων
854 3931 1005 3982 ἐστὶν
1054 3931 1376 3996 ἐπίσκοπος,
1409 3936 1436 3985 ὁ
1485 3936 1561 4004 μὴ
1602 3936 1742 4004 ἔχων

166 4018 493 4086 ἐκκλησίαν,
528 4018 560 4088 ἢ
596 4021 700 4071 ύπδ
745 4020 918 4073 ἐθνῶν
971 4024 1380 4095 κρατουμένην,
1425 4024 1456 4093 ἢ
1505 4027 1608 4078 ὑπδ
1644 4027 1740 4080 τοῦ

164 4109 300 4162 λαοῦ
329 4113 426 4180 τῆς
453 4111 660 4173 πόλεως
683 4111 741 4161 ἐν
764 4104 796 4184 ᾖ
827 4112 1242 4181 ἐχειροτονήθη,
1278 4116 1351 4183 μὴ
1384 4115 1619 4184 δεχθεὶς,
1641 4120 1743 4170 οὐκ

131 4201 339 4256 ,αὑτοῦ
375 4201 554 4264 δόντος
601 4203 802 4267 αἰτίαν,
849 4205 966 4256 ἀλλ’
1014 4207 1426 4276 ἀτακτήσαντος
1465 4208 1561 4260 τοῦ
1593 4209 1743 4266 λαοῦ.

165 4294 520 4364 Σχολάζουσα
554 4295 599 4348 δ’
630 4295 782 4357 ἐστιν
814 4296 1079 4365 ἐκκλησία·
1127 4299 1160 4367 ἠ
1193 4297 1268 4365 μὴ
1296 4297 1495 4367 ἔχουσα
1524 4303 1750 4354 ἐπίσκο-

165 4403 295 4439 ⁸ιτον.
424 4385 551 4452 γοῦν
573 4385 846 4458 σχολάζων
864 4387 1159 4448 ἐπίσκοπο;
1201 4387 1442 4440 ἐπελθὼν
1472 4390 1743 4461 ἐκκλησία

1922 3930 2175 3989 ZONAR.
2213 3927 2428 3988 Vacans
2456 3928 2744 3996 episcopus
2777 3927 2865 3980 ille
2896 3909 3000 3989 est,
3029 3929 3119 3996 qui
3168 3929 3254 3983 vel
3299 3934 3422 3984 nol-

1851 4029 1980 4088 lius,
2013 4026 2093 4080 vel
2121 4031 2406 4091 occupata
2435 4036 2462 4072 a
2511 4021 2765 4088 gentibus
2813 4021 3080 4086 ecc|esia:,
3132 4022 3424 4090 praefectus

1850 4131 1958 4185 est,
2007 4118 2090 4170 vel
2132 4132 2160 4168 a
2191 4115 2388 4184 populo
2411 4114 2530 4181 ejus
2559 4112 2731 4175 urbis,
2787 4113 2873 4165 cui
2923 4112 3083 4166 datus
3132 4115 3425 4184 episc0pus

1852 4213 1977 4274 fuit,
2010 4205 2362 4275 nulloipsius
2385 4205 2540 4269 vitio,
2576 4203 2672 4258 sed
2718 4203 2830 4257 sola
2883 4204 3066 4273 populi
3120 4206 3423 4272 pervicacia

1853 4307 2152 4366 exclusus;
2187 4313 2392 4352 vacans
2445 4311 2606 4366 porrp
2644 4296 2873 4350 ecclesia
2929 4303 3032 4359 est,
3085 4311 3205 4363 qua;
3237 4298 3427 4365 praefe-

1855 4405 2001 4448 ctnnt
2035 4391 2141 4446 sibi
2179 4391 2499 4460 episcopum
2569 4403 2680 4441 non
2718 4389 2900 4441 habet.
2958 4387 3012 4442 Si
3071 4404 3201 4457 ergo
3231 4405 3432 4443 vacans

168 4477 510 4556 σχολαζούσῃ
560 4481 798 4550 ἁρπάσει
847 4480 937 4529 τὸν
984 4480 1176 4548 θρόνον
1220 4480 1413 4549 αὐτῆς,
1457 4482 1562 4535 κᾶν
1592 4485 1619 4536 ὁ
1649 4485 1743 4551 τῆς

1855 4489 2146 4554 episcopus
2176 4493 2460 4536 vacantem
2496 4481 2783 4535 ecclesiam
2833 4481 3122 4544 invadens,
3172 4483 3427 4535 thronum

165 4571 381 4628 πόλεως
405 4570 618 4638 ἐκείνης
644 4569 771 4633 λαὸς
817 4570 1020 4641 θελήσῃ
1070 4571 1254 4636 αὑτὸν,
1289 4573 1594 4642 ἀπόϐλητος
1631 4575 1750 4626 ἐσε-

163 4681 285 4726 ςαι,
316 4666 363 4715 εί
417 4662 490 4732 μὴ
544 4661 760 4728 σύνοδος
805 4662 987 4714 τελεία
1039 4662 1136 4734 τὴν
1182 4664 1552 4732 σχολάζουσαν
1603 4666 1751 4736 αύτῴ

165 4735 472 4821 ἐκκλησίαν
503 4737 844 4821 ’ψηφίσεταμ
884 4752 1102 4822 Ἐκείνη
1131 4753 1188 4805 δὲ
1238 4753 1422 4806 τελεία
1476 4735 1750 4823 λογίζεται

168 4840 474 4921 σύνοδος,
508 4848 601 4900 καὶ
625 4847 652 4898 6
700 4845 1103 4914 μητροπολίτης
1155 4845 1253 4914 τῆς
1296 4847 1573 4924 ἐπαρχίαις
1613 4865 1752 4916 cup.-

165 4943 438 5011 πάρεστιν
459 4959 474 4974 ·
508 4941 649 4994 ὥστε
694 4939 907 5002 τελείας
950 4939 1172 4993 συνόδου
1202 4940 1590 5012 ψηφισαμένης
1618 4941 1754 4994 δίδο-

161 5036 300 5098 ,σθαι
333 5033 409 5104 τῷ
436 5033 750 5106 σχολάζοντι
777 5032 873 5101 τὴν
904 5032 1273 5100 σχολάζουσαν
1304 5033 1553 5088 δυνατόν.

1861 4580 2010 4632 illius
2037 4576 2356 4644 occuparit;
2385 4575 2636 4641 quamvis
2665 4572 2814 4624 illum
2849 4574 3079 4640 populus
3112 4574 3232 4641 ejus
3278 4578 3428 4627 Urbis

1859 4671 2180 4736 epiStzopum
2222 4665 2422 4716 habere
2448 4664 2595 4722 velit,
2629 4661 2733 4716 nisi
2769 4670 2948 4714 tamen
2983 4662 3157 4712 eidem
3191 4661 3430 4730 perfecta

1860 4762 2101 4830 synodus
2152 4767 2436 4809 vacantem
2497 4754 2641 4806 illam
2691 4745 2980 4807 ecclesiam
3053 4755 3271 4806 decreto
3331 4771 3433 4807 suo

1860 4852 2210 4922 adjudicarit,
2245 4847 2312 4902 ab
2340 4847 2483 4899 illius
2511 4845 2755 4898 ecclesia!
2805 4843 3281 4898 administratione
3318 4862 3433 4897 om-

1857 4945 1984 4995 nino
2017 4940 2202 5009 repelli
2231 4940 2426 5007 placet.
2466 4932 2710 4988 Perfecta
2743 4949 2871 4986 vero
2906 4933 3152 5002 synodus
3194 4949 3255 4986 ea
3315 4937 3431 4987 exi-

1859 5035 2137 5093 Stimatur,
2173 5031 2262 5084 cui
2299 5027 2592 5098 provincia:
2621 5025 3434 5094 metmpolitanusinterfuerit;

168 5138 239 5186 ut.
271 5127 517 5198 proinde,
542 5125 588 5179 si
615 5126 667 5178 id
695 5126 937 5196 synodus
971 5123 1212 5195 perfecta
1240 5125 1566 5192 decreverit,
1608 5127 1740 5183 nihil
1783 5127 1961 5182 obstet
1991 5115 2288 5196 quominus
2337 5138 2536 5178 vacans
2581 5121 2815 5175 ecclesia
2897 5121 3156 5188 episeopo
3223 5129 3432 5172 vaca'ttt

171 5223 448 5291 assignari
480 5231 662 5290 queat.

171 5316 402 5372 ΔΡΙΣΤ.
472 5334 490 5368 ι
547 5315 604 5368 Ὀ
638 5317 763 5386 δίχα
811 5315 1030 5369 συνόδου
1086 5313 1300 5377 τελείας
1337 5313 1428 5367 καὶ
1452 5312 1617 5367 αὑτοῦ
1654 5312 1748 5366 τοῦ

254 5427 273 5461 ε
324 5408 852 5478 μητροπολίτουοέπὶ
885 5407 1254 5477 σχολάζουσαν
1303 5405 1606 5472 ἐκκλησίαν
1629 5394 1764 5456 tm;

255 5520 278 5552 ε
322 5501 526 5572 πηδῶν,
550 5501 653 5553 κᾶν
750 5500 1059 5570 σχολάζων,
1081 5499 1406 5568 ἀπόϐλητος.
1448 5517 1466 5551 ι

250 5596 354 5648 Τὸν
391 5595 491 5663 μὲν
526 5592 859 5664 σχολάζοντα
901 5593 1214 5646 ἐπίσκοπον
1252 5592 1331 5654 είς
1378 5590 1751 5669 σχολάζουσαν

161 5686 477 5757 ικκλησίαν
522 5684 879 5739 καθίστασθαι
904 5685 1054 5753 παρά
1101 5683 1320 5736 συνόδου
1349 5682 1578 5746 τελείας,
1609 5698 1756 5750 παρ-

1856 5307 2085 5364 ARIST.
2127 5326 2144 5358 ι
2186 5305 2288 5372 Qui
2317 5306 2434 5360 sine
2463 5304 2670 5376 synodo
2704 5301 2966 5372 perfecta,
3003 5313 3055 5353 ct
3091 5304 3204 5369 ipso
3234 5311 3437 5353 metro-

1939 5421 1955 5450 ε
2007 5401 2248 5469 politano
2327 5397 2377 5450 in
2449 5406 2729 5449 vacantem
2799 5396 3091 5447 ecclesiam
3178 5394 3436 5456 transilit,

1935 5510 1952 5542 ι
1998 5490 2215 5543 etiamsi
2248 5488 2362 5556 ipse
2398 5489 2470 5540 sit
2499 5501 2725 5548 vacans,
2759 5484 3059 5552 ejiciendus
3090 5493 3196 5537 est.
3238 5501 3256 5534 ι

1935 5582 2230 5637 Vacantem
2266 5581 2484 5652 quidem
2519 5579 2834 5648 episc0putn
2877 5579 2929 5630 in
2961 5581 3177 5630 vacanti
3207 5577 3439 5632 ceclesia

1857 5691 1888 5730 a
1924 5674 2161 5746 perfecta
2194 5671 2428 5744 synodo,
2452 5682 2718 5740 praesente
2742 5680 2795 5724 et
2824 5670 3139 5738 metropolis
3165 5671 3443 5738 episc0po.

181 5780 339 5840 ὄντος
370 5780 461 5830 καὶ
491 5777 582 5829 τοῦ
619 5778 716 5846 τῆς
752 5775 1144 5848 μητροπόλεως
1190 5774 1516 5835 ἐπισκόπου,
1551 5775 1582 5826 6
1612 5785 1743 5841 παρ-

1858 5765 2143 5829 constitui,
2182 5777 2424 5833 praesens
2475 5776 2650 5816 canon
2713 5764 2999 5827 permittit,
3036 5779 3140 5813 non
3186 5774 3364 5815 autem
3415 5778 3443 5812 a

192 5870 271 5924 ὼν
301 5869 876 5940 κανὼν-παραδέχεται
927 5886 938 5898 ο
975 5870 1048 5936 μὴ
1098 5868 1282 5935 μέντοι
1322 5880 1384 5933 γε
1414 5865 1504 5936 ἀφξ
1538 5863 1743 5930 ἑαυτου

1863 5865 2070 5932 seipso,
2125 5857 2342 5915 etiamsi
2377 5871 2407 5910 a
2443 5866 2556 5911 toto
2613 5858 2809 5928 pupulo
2871 5860 3126 5908 thronum
3181 5871 3450 5926 usurp-re

401 5967 675 6028 Panos.
713 5966 832 6024 (in.
865 5961 1224 6023 CXXXVII.
1569 5982 1572 5986 -

2935 5948 3006 6006 42
