4178 6420
144 419 292 483 1353

1302 416 1385 473 IN
1422 404 1589 472 CAN.
1634 414 1719 471 IX
1768 414 1975 473 CONC.
2045 416 2261 475 LAOD.

3262 409 3393 475 13M

148 536 283 603 γοῦν
327 532 608 594 τοιούτους
653 530 1105 601 ἐπιστρέφοντας,
1164 529 1258 579 καὶ
1308 529 1373 595 τῇ
1429 525 1723 594 Ἐκκλησία

1830 537 2053 581 οωιονοε
2084 528 2529 591 existimationis,
2577 543 2638 582 ac
2703 529 2865 583 veluti
2907 530 3184 582 doctorum
3216 531 3394 584 loeum

144 626 640 696 προσερχομένους,
688 623 745 686 ἐξ
801 620 982 673 αὐτῶν
1012 619 1207 680 οἵτινες
1247 618 1311 670 ἂν
1361 614 1491 685 εἶεν,
1553 620 1580 668 ὁ
1625 634 1722 666 κα-

144 717 254 770 νὼν
284 716 638 783 κατηχείσθαι
670 714 761 765 καὶ
788 710 1144 791 βαπτίζεσθαι
1172 708 1441 776 βούλεται.

1830 617 2161 681 obtinentes,
2192 618 2281 687 qui
2321 621 2387 671 ab
2427 618 2533 671 illis
2558 619 2720 670 etiam
2766 618 3120 671 Maximorum
3155 622 3399 688 appella-

1835 708 1983 760 tione
2022 709 2467 774 designabantur.
2508 708 2581 761 Ex
2617 724 2805 761 eorum
2856 711 3022 778 igitur
3056 727 3277 763 niunero
3301 726 3391 778 qui

146 816 355 863 mutata
388 806 663 860 voluntate
708 805 775 856 ad
814 802 1111 855 Ecclesiam
1142 798 1338 852 reverti
1374 797 1714 859 statuerint,
1755 797 2074 866 quicunque
2124 800 2343 853 demum
2399 800 2471 852 illi
2524 801 2655 863 sint,
2706 815 2800 853 eos
2878 816 3073 865 canon,
3122 811 3175 855 et
3248 814 3400 855 cata-

145 899 299 952 cltesi
332 896 553 961 instrui,
585 905 636 949 et
666 893 892 947 salutari
923 892 1177 960 baptismi
1214 892 1433 943 lavacro
1462 888 1711 956 perfundi
1751 888 1926 956 jubet.

145 992 373 1045 ΔΡΙΣΤ.
437 988 702 1058 «Φρύγες
761 985 1192 1056 μεταμελόμενοι
1248 981 1730 1045 άναὸαπτιζέσθω-

226 1101 245 1133 ι
282 1081 480 1147 CCV-Ei
505 1081 600 1133 καὶ
624 1078 752 1148 παρ’
777 1076 1006 1137 ἐκείνοις
1028 1075 1422 1145 κεκλήρωνται.
1462 1094 1479 1125 ι

219 1178 331 1231 Καὶ
352 1175 502 1227 οὗτοι
529 1170 1033 1243 μεταμεληθέντες,
1061 1171 1156 1222 καὶ
1176 1169 1283 1222 άπδ
1314 1169 1414 1237 τῆς
1466 1168 1730 1237 αἱρέσεως

144 1268 328 1322 αὐτῶν
383 1266 847 1334 ἐπιστρέφοντες,
913 1262 1008 1314 καὶ
1061 1264 1129 1331 τῇ
1189 1260 1480 1329 ἀμωμήτῳ
1550 1259 1730 1309 πίστει

142 1357 603 1427 προσερχόμενοι,
650 1356 747 1406 καὶ
798 1354 897 1415 τὰς
937 1353 1181 1420 αἱρέσεις
1225 1351 1431 1413 πάσας,
1491 1350 1584 1402 καὶ
1632 1348 1731 1415 τὴν

146 1450 327 1503 αὐτῶν
352 1445 846 1514 άναθεματίζοντες
870 1444 1288 1513 προσδέχονται,
1326 1444 1420 1494 καὶ
1446 1440 1583 1509 μετὰ
1633 1440 1736 1491 πά-

146 1558 250 1610 σης
295 1541 617 1610 ἐπιμελείας
672 1538 1044 1608 κατηχούνται
1113 1555 1171 1590 τε
1214 1539 1309 1589 καὶ
1352 1535 1732 1606 βαπτίζονται,

144 1640 253 1689 κᾶν
282 1640 340 1689 ὲν
368 1637 554 1706 κλήρῳ
593 1634 943 1704 νομιζομένῳ
982 1634 1113 1701 παρ’
1152 1634 1338 1694 αὐτοῖς
1384 1636 1496 1695 τοῖς
1535 1632 1737 1700 Φρυξὶν

146 1723 469 1791 ἐτύγχανον.
531 1718 692 1775 Οὗτοι
720 1722 776 1773 δὲ
822 1723 871 1773 οἱ
891 1721 1100 1792 Φρύγες
1142 1721 1249 1774 ἀπὸ
1288 1722 1593 1774 ’Μοντανοῦ
1640 1722 1737 1777 καὶ

151 1813 488 1883 Πρισκίλλης
523 1814 683 1882 ἔσχον
711 1815 808 1883 τὴν
832 1814 1068 1883 αἵρεσιν.
1112 1814 1172 1864 '0
1214 1813 1270 1865 δὲ
1308 1812 1577 1876 Μοντανδς
1635 1807 1730 1866 οὗ·

141 1905 623 1975 τοςπαράκλητον
647 1905 839 1958 ἑαυτὸν
876 1906 1302 1975 «προσηγόρευσε
1342 1922 1355 1934 ο
1407 1904 1499 1957 δύο
1544 1907 1730 1972 γυναῑο

144 2016 253 2059 κας
278 1998 551 2064 πορνικῶς
578 1999 723 2068 ἔσχε,
756 1998 1090 2067 Πρίσκιλλαν
1113 2001 1206 2050 καὶ
1250 1998 1594 2068 Μαξξμιλλαν
1615 2013 1629 2028 ⁸
1663 1998 1730 2061 ἃς

144 2094 244 2142 καὶ
272 2092 605 2159 προφήτιδας
633 2091 859 2144 ἐκάλεσε
894 2110 906 2121 ·
945 2091 1217 2160 πολίχνιόν
1238 2109 1290 2143 τι
1334 2086 1434 2159 τῆς
1465 2092 1730 2160 Φρυγίας,

140 2188 572 2257 τὴν.ῐ1ἐζουσαν
614 2188 972 2259 Ἰερουσαλὴμ
1017 2189 1271 2258 ὠνόμασε
1313 2205 1327 2218 ⁸
1368 2191 1579 2259 γάμους
1635 2192 1732 2240 ἐπε

143 2280 343 2349 ἔτρεψε
385 2280 627 2345 λύεσθαι,
692 2284 786 2333 καὶ
819 2280 1122 2351 βρωμάτων
1171 2282 1470 2351 ἀπέχεσθαι
1499 2297 1513 2312 ·
1541 2282 1601 2333 τὸ
1627 2281 1735 2333 Πά-

144 2388 255 2439 σχα
287 2370 571 2441 διέστρεψε
592 2386 607 2402 ο
635 2373 726 2423 καί
752 2374 851 2433 τὰς
883 2374 1032 2438 τρεῖς
1061 2371 1392 2432 ὑποστάσεις
1416 2370 1518 2438 τῆς
1541 2374 1732 2438 ὁμοου-

146 2463 272 2514 σίου
318 2461 586 2530 Θεότητος
640 2466 718 2524 εἰς
789 2461 847 2513 ἓν
905 2462 1105 2532 σΰνῆψε
1168 2464 1460 2530 πρόσωπον
1508 2464 1730 2531 συγχεόσ

154 2572 338 2622 μενον.
371 2550 522 2623 Αἷμα
545 2556 903 2623 άναμιγνύειν
929 2555 1165 2623 ἀλεύρῳ,
1188 2556 1283 2608 καὶ
1310 2560 1390 2615 εἰς
1434 2535 1731 2624 μετάληψιν

149 2646 316 2698 τοῦτο
340 2645 541 2697 διδόναι
567 2645 775 2709 ἐδίδαξε
810 2662 824 2673 ο
857 2645 957 2715 τὴν
1009 2646 1065 2698 δὲ
1100 2646 1319 2712 μέθεξιν
1366 2645 1558 2697 τούτου
1607 2648 1731 2710 τοὺς

149 2732 672 2803 μεταλαμϐάνοντας
703 2734 1047 2805 διἀίσχύνην
1078 2722 1378 2805 ἀρνεῖσθαι.

773 2813 1013 2879 KANQN
1038 2826 1115 2879 8’.
1721 2896 1730 2901 _

153 2940 178 2974 ε
220 2922 355 2991 Περὶ
378 2920 471 2973 τοῦ
504 2920 578 2989 μὴ
613 2921 927 2989 συγχωρεῖν
952 2921 1032 2983 εἱς
1053 2922 1119 2973 τά
1143 2922 1506 2991 ,κοιμητήρια
1540 2921 1652 2991 (57)
1696 2923 1727 2991 ἢ

233 3031 253 3063 ι
300 3014 379 3074 εἰς
408 3012 477 3063 τά
503 3011 774 3081 λεγόμενα
801 3012 1079 3081 μαρτύρια
1113 3013 1332 3065 πάντων
1361 3014 1471 3064 τῶν
1529 3016 1731 3081 αἱρετι-

231 3124 254 3155 ‹
304 3104 416 3156 κῶν
445 3085 669 3156 άπιέναι
694 3103 821 3164 τοὺς
855 3102 955 3172 τῆς
1006 3104 1354 3172 Ἐκκλησίας,
1382 3106 1553 3174 εὐχῆς
1589 3106 1621 3175 ἦ
1648 3106 1739 3157 θε-

233 3216 251 3246 ‹
306 3196 536 3265 ραπείας
565 3196 728 3248 ἓνεκα
753 3212 767 3227 ο
799 3195 933 3246 ἀλλὰ
965 3197 1090 3257 τοὺς
1146 3196 1442 3259 τοιούτους,
1490 3198 1584 3249 ἐὰν
1630 3190 1728 3249 ὦσι
1758 3214 1799 3270 α

231 3288 505 3355 ‹,πιστοὶ,
570 3289 971 3355 άκοινωνήτονς
1027 3283 1505 3362 γίνεσθαι
1561 3292 1727 3351 τινόςο

235 3399 257 3433 ο
307 3379 701 3448 μετανοοῦντας
741 3380 797 3430 δὲ
838 3381 934 3431 καὶ
972 3368 1496 3451 ἐξομολογουμΙιὼυς
1539 3384 1733 3450 ἐσφάλ-

236 3492 257 3525 ι
305 3473 417 3534 θαι,
447 3451 875 3541 παραδέχεσθαι.
912 3491 931 3522 θ
1040 3484 1065 3509 ³

227 3567 424 3620 ΒΑΛΣ.
483 3566 694 3633 Ὠσπερ
735 3565 791 3615 ὲν
841 3564 917 3633 τῷ
948 3564 1001 3627 ς’
1056 3564 1239 3618 κανόνι
1280 3565 1632 3633 ἐκωλύθησαν
1684 3568 1732 3619 οἱ

150 3657 425 3728 αἱρετικοὶ
454 3656 687 3707 εἰσιέναι
716 3657 795 3715 εἰς
818 3657 909 3705 τὸν
933 3651 1082 3706 οἷκον
1104 3657 1197 3707 τοῦ
1228 3656 1364 3708 Θεοῦ
1393 3696 1407 3718 ,
1449 3658 1590 3709 οὕτω
1640 3659 1733 3709 καὶ

152 3747 391 3800 ἐνταῦθα
444 3746 750 3799 κωλύονται
799 3747 849 3797 oi
896 3748 1081 3799 πιστοὶ
1132 3748 1360 3801 ἀπιέναι
1406 3750 1485 3810 εἰς
1527 3750 1595 3800 τὰ
1622 3749 1731 3801 τῶν

154 3840 453 3909 αἱρετικῶν
506 3838 861 3908 κοιμητήρια,
899 3838 943 3908 ιῆ
1003 3840 1084 3900 είς
1129 3839 1199 3890 τὰ
1248 3842 1519 3909 λεγόμενα
1581 3842 1733 3910 παρὰ

154 3936 365 3986 τούτων
443 3932 743 4002 μαρτύρια.
811 3931 897 3993 Ὠς
947 3931 1002 3983 δέ
1045 3949 1187 3994 τινος
1233 3933 1499 3994 εἰπόντος,
1560 3934 1621 3985 Εἰ
1675 3934 1732 3985 δὲ

158 4026 388 4079 ἁπέλθοι
450 4024 644 4085 πιστὸς
689 4027 770 4086 εἰς
832 4022 1053 4087 σύναξιν
1106 4025 1402 4092 αἱρετικῶν
1448 4026 1610 4094 χάριν
1636 4024 1731 4077 τού

158 4114 509 4168 καταπτύσαι
553 4115 749 4182 αὐτῆς,
783 4114 869 4166 ἵνα
912 4114 967 4165 τί
1009 4114 1441 4184 κολασθήσεταις
1490 4117 1654 4168 Φασὶν
1683 4117 1731 4167 οἱ

158 4206 687 4277 Πατέρεςηὲκείνους
714 4207 1112 4276 άκοινωνήτους
1145 4205 1287 4259 εἶναι
1337 4209 1471 4276 πρὸς
1518 4210 1730 4278 καιρὸν,

156 4302 333 4371 ἠγουν
361 4299 802 4367 ἀφωρισμένους,
831 4298 962 4360 τοὺς
989 4300 1151 4367 χάριν
1176 4299 1340 4367 εὐχῆς
1373 4301 1406 4368 ἢ
1433 4298 1732 4367 θεραπείας

157 4392 427 4453 ἀπιόντας
466 4394 546 4453 είς
579 4392 646 4443 τὰ
697 4391 809 4443 τῶν
841 4390 1138 4457 αἱρετικῶν
1163 4392 1463 4467 μαρτύρια,
1498 4390 1591 4453 οὒς
1641 4394 1733 4443 καὶ

165 4482 567 4553 μετανοοῦντας
606 4482 698 4533 καὶ
744 4473 1209 4549 ἐπιγινώσκοντας
1257 4484 1317 4532 τὸ
1368 4481 1498 4550 παρ’
1551 4482 1728 4534 αὐτῶν

1831 981 2056 1038 ARIST.
2099 1003 2116 1034 ‹
2155 984 2395 1053 Phryges
2420 984 2804 1053 resipiscentes
2824 985 3003 1039 denuo
3026 985 3397 1053 baptizantur,

1938 1095 1957 1125 ι
1998 1078 2216 1130 etiamsi
2259 1076 2327 1129 ab
2357 1076 2464 1129 illis
2495 1075 2549 1128 in
2584 1077 2791 1129 clerum
2828 1078 3062 1144 enopluti
3086 1090 3231 1131 Sunt.
3267 1100 3284 1131 ι

1902 1166 1968 1217 Et
1999 1166 2050 1218 hi
2078 1168 2446 1234 pamitentiam
2477 1175 2699 1234 agentes
2731 1167 2871 1220 etab
2903 1168 3093 1220 haeresi
3137 1184 3233 1221 sua
3271 1186 3400 1223 con-

1832 1258 1994 1318 versi,
2022 1270 2072 1311 et
2105 1259 2168 1310 ad
2188 1259 2535 1335 ‘inculpatam
2562 1259 2720 1311 ﬁdem
2753 1260 3095 1322 accedentes,
3121 1269 3174 1314 et
3205 1277 3397 1314 omnes

1831 1349 2085 1414 haereses,
2148 1350 2311 1403 etiam
2376 1366 2552 1410 suam,
2604 1351 3155 1416 anathematizantes,
3202 1353 3401 1406 admit—

1832 1450 2041 1505 tuntur,
2094 1453 2149 1496 et
2191 1444 2337 1495 omni
2364 1443 2649 1511 diligentia
2700 1444 3079 1506 instruuntur,
3117 1453 3171 1497 et
3218 1444 3398 1513 bapti-

1824 1542 2044 1598 zantur,
2092 1536 2343 1602 quamvis
2394 1536 2446 1586 in
2480 1536 2650 1595 clero,
2701 1543 2758 1587 ut
2784 1536 2925 1603 apud
2986 1536 3108 1589 illos
3161 1535 3398 1606 Phryges

1838 1628 2211 1693 existimatur,
2240 1626 2462 1679 fuerint.
2488 1625 2547 1679 Hi
2582 1637 2759 1680 autem
2793 1626 3034 1697 Phryges
3082 1644 3111 1679 a
3143 1628 3398 1699 qutano

1798 1729 1886 1772 εει
1929 1717 2171 1773 Priscilla
2226 1721 2476 1774 haaresim
2512 1720 2837 1773 habuerunt.
2890 1721 3181 1776 Montanus
3211 1723 3311 1776 iste
3339 1738 3399 1774 se

1833 1815 2165 1881 paracletum
2198 1817 2433 1869 vocavit.
2487 1814 2632 1869 Duas
2685 1816 2941 1868 mulieres
2994 1825 3051 1867 ut
3080 1817 3398 1869 meretrices

1834 1906 2021 1959 habuit
2036 1905 2333 1960 Priscillam
2346 1917 2403 1959 et
2421 1906 2790 1970 Maxiniillam,
2806 1921 2941 1974 quas
2958 1916 3011 1958 et
3027 1908 3400 1975 prophetissas

1836 2002 2067 2053 vocavit.
2133 1999 2395 2053 Pezusam
2440 2000 2753 2067 oppidulum
2812 1998 3086 2065 quoddam
3157 1999 3400 2072 Phrygiae

1832 2093 1993 2164 457
2026 2092 2455 2161 llierOsolymam
2509 2094 2832 2146 nominavit.
2880 2093 3108 2160 Nuptias
3152 2095 3400 2160 permisit

1833 2189 1992 2251 solvi,
2044 2196 2099 2238 et
2138 2202 2167 2238 a
2191 2186 2329 2238 cibis
2362 2186 2650 2238 abstinere.
2686 2184 2891 2237 Pascha
2926 2168 3138 2249 evertit;
3170 2196 3223 2239 et
3283 2195 3396 2239 tres

1833 2278 2288 2333 consubtantialis
2335 2278 2561 2332 Deitatis
2601 2277 2930 2330 substantias
2962 2279 3014 2331 in
3082 2294 3242 2330 unam
3268 2295 3401 2331 con-

1834 2371 2007 2423 fusam
2039 2385 2321 2439 personam
2357 2370 2649 2423 contraxit.
2684 2368 3014 2439 Sanguinem
3047 2368 3220 2423 farina
3244 2386 3399 2424 com-

1833 2465 2095 2524 miscere,
2131 2479 2365 2531 eumque
2414 2463 2478 2517 ad
2510 2464 2981 2532 participationem
3031 2465 3160 2517 dare
3181 2466 3358 2518 docuit
3386 2482 3399 2527 ;

1829 2556 1991 2609 istius
2022 2564 2199 2628 autem
2244 2555 2713 2622 participationem
2753 2553 3221 2608 communicantes
3262 2570 3360 2624 pro
3387 2585 3403 2593 -

1832 2656 1951 2715 pter
1998 2646 2273 2701 infamiam
2298 2649 2584 2716 denegare.

2428 2824 2658 2878 CANON
2713 2825 2810 2880 IX.

1837 2932 1855 2962 ι
1895 2916 2012 2968 Non
2062 2917 2474 2971 concedendum
2520 2932 2642 2972 esse
2676 2930 2733 2972 ut
2770 2920 2825 2972 in
2885 2930 3199 2974 cmmeteria
3234 2921 3316 2974 vel
3348 2920 3399 2973 in

1911 3024 1929 3055 ι
1972 3020 2033 3059 ea
2067 3021 2187 3072 qua
2233 3009 2493 3061 dicuntur
2546 3009 2803 3078 martyria
2849 3011 3170 3078 quorumvis
3232 3012 3403 3064 luere—

1914 3113 1932 3145 ι
1979 3096 2230 3159 ticormn,
2267 3098 2464 3150 abeant
2496 3097 2532 3148 ii
2576 3099 2670 3165 qui
2710 3104 2837 3150 sunt
2884 3097 3163 3159 Ecclesiae,
3193 3100 3401 3150 oratio-

1916 3206 1933 3237 ι
1973 3190 2058 3240 nis
2104 3189 2184 3242 vel
2230 3189 2530 3241 curationis
2578 3188 2773 3255 gratia.
2843 3188 2947 3241 Sed
2985 3188 3156 3250 tales,
3190 3189 3235 3241 si
3292 3188 3404 3242 sint

1827 3313 1834 3323 -
1924 3299 1941 3330 ι
1983 3281 2187 3341 ﬁdeles,
2233 3295 2356 3334 esse
2409 3282 2806 3350 aliquantisper
2844 3281 3398 3357 exco'mmunicatos:

1920 3395 1937 3422 ι
1977 3373 2059 3425 sin
2120 3381 2301 3424 autem
2353 3373 2669 3439 pmnitentia
2716 3372 3005 3436 ducantur,
3058 3382 3111 3426 et
3160 3388 3219 3428 se
3268 3375 3402 3428 deli-

1918 3483 1935 3514 ι
1976 3465 2161 3530 quisse
2194 3466 2581 3529 conliteantur,
2610 3464 2836 3533 suscipi.
2871 3484 2889 3515 ι

1916 3556 2111 3611 BALS.
2162 3544 2631 3621 Quemadmodum
2690 3558 2741 3619 in
2786 3573 2996 3613 canone
3058 3558 3090 3612 6
3141 3559 3401 3628 prohibiti
3432 3564 3447 3583 '

1834 3661 1963 3705 sunt
1992 3652 2245 3741 haeretici
2274 3653 2327 3705 in
2359 3651 2580 3705 domum
2611 3651 2939 3731 Dei‘ingredi
2966 3693 2981 3715 ,
3034 3654 3107 3706 ita
3135 3655 3221 3708 hic
3260 3669 3393 3722 quo-

1835 3759 1939 3811 que
1982 3744 2341 3811 prohibentur
2388 3743 2572 3797 ﬁdeles
2649 3744 3031 3807 haereticorum
3092 3746 3401 3799 emineteriu

1836 3833 1918 3887 vel
1976 3849 2097 3903 quae
2159 3836 2300 3902 apud
2354 3850 2450 3888 eos
2505 3834 2758 3888 dicuntur
2809 3838 3110 3905 niartyria,
3170 3837 3399 3905 ingredi.

1834 3926 2115 3997 Tanquam
2177 3936 2356 3982 autem
2394 3928 2621 3981 dixisset
2654 3930 2927 3997 quiSpiam
2973 3946 2987 3982 :
3026 3930 3129 3983 Sed
3189 3932 3233 3985 si
3271 3946 3403 3998 pro-

1835 4023 2012 4075 lecms
2065 4020 2140 4075 sit
2185 4022 2357 4075 ﬁdelis
2394 4021 2665 4088 quispiam
2714 4022 2781 4073 ad
2841 4022 3223 4075 hazreticorum
3267 4037 3403 4075 con-

1834 4114 2233 4184 gregationem,
2286 4128 2383 4180 pro
2437 4116 2516 4166 eis
2544 4114 2898 4167 exsecrandis
2945 4128 3015 4166 ac
3048 4114 3400 4181 despuendis,

1837 4223 1936 4259 cur
1972 4204 2264 4274 punietur?
2316 4202 2511 4258 Dicunt
2552 4203 2759 4266 Patres,
2791 4206 2912 4257 illos
2944 4219 3064 4258 esse
3094 4207 3159 4259 ad
3192 4193 3405 4275 tempus

1838 4306 2173 4366 segregatos,
2203 4296 2294 4364 qui
2341 4312 2441 4363 pro
2470 4297 2719 4348 oratione
2756 4296 2838 4347 vel
2887 4299 3169 4354 curatione
3198 4298 3263 4350 ad
3297 4299 3405 4350 hae-

1836 4390 2130 4442 reticorum
2163 4388 2420 4464 martyrio
2452 4386 2864 4463 proﬁciscuntur
2897 4406 2911 4440 :
2948 4404 3089 4457 quos
3131 4398 3184 4442 et
3229 4391 3399 4456 paeni-

1836 4464 2060 4533 tentiam
2114 4488 2354 4549 agentes‘,
2408 4486 2456 4531 et
2512 4493 2667 4533 suum
2710 4478 2967 4532 delictum
3022 4492 3401 4549 agnoscentes.

162 4572 509 4642 ἐσφαλμένον
570 4571 967 4657 προσδέχεσθαι
1023 4571 1372 4639 διορίζονται.
1430 4571 1731 4640 Ἀνέιγνωθι

1837 4572 2214 4641 suscipiendos
2243 4573 2581 4637 decernunt.
2626 4569 2767 4640 Lege
2825 4582 3135 4626 sanctorum
3186 4584 3405 4641 aposto-

158 4668 274 4719 τῶν
305 4667 475 4731 ἁγίων
506 4663 818 4716 ἀποστόλων
851 4679 974 4715 καν.
1004 4660 1075 4727 ξδ’
1125 4662 1218 4714 καὶ
1244 4668 1305 4727 o',
1330 4661 1428 4731 τῆς
1455 4663 1732 4732 παρούσης

164 4756 387 4809 συνόδου
420 4774 539 4810 καν.
576 4753 679 4819 κθ’,
707 4753 809 4823 λβ’,
852 4754 948 4814 λό’,
979 4749 1081 4814 λζ’,
1110 4751 1191 4821 λη’
1241 4752 1337 4803 καὶ
1380 4751 1481 4814 λὺ’,
1525 4753 1625 4822 τῆς
1670 4754 1731 4805 ἐν

163 4850 504 4919 Καρθαγένῃ
549 4846 765 4900 συνόδου
814 4845 1018 4899 κανόνα
1048 4843 1111 4907 ξ’,
1145 4845 1241 4895 καὶ
1264 4843 1364 4911 τῆς
1392 4850 1445 4906 ς’
1475 4861 1597 4897 καν.
1634 4853 1725 4899 ια’.

1842 4668 2015 4720 lorum
2049 4679 2288 4719 canones
2323 4662 2391 4715 64
2436 4674 2488 4716 et
2526 4663 2591 4714 70
2621 4665 2901 4732 praesentis
2937 4665 3130 4734 synodi
3164 4682 3402 4721 canones

1836 4756 2184 4821 29,32,345?
2196 4756 2283 4818 ,58
2295 4762 2347 4808 et
2364 4754 2905 4824 59,Carthagiuensis
2919 4757 3109 4825 synodi
3141 4774 3405 4812 canonem

1837 4850 1976 4904 60et
1997 4859 2161 4904 sexta
2193 4849 2379 4919 synodi
2411 4864 2675 4902 canouem
2719 4850 2807 4908 il.
2845 4850 3093 4924 Martyria
3119 4863 3295 4907 autem
3326 4853 3409 4906 di-

1389 5006 1576 5069 Guill.
1603 5010 1926 5090 Beveregii
1960 5021 2145 5073 noun.

246 5136 358 5213 (57,)
384 5134 582 5213 εἷς
612 5135 989 5202 κοιμητήρια.
1008 5135 1219 5213 _}Edes,
1246 5141 1443 5213 quibus
1472 5145 1739 5213 peregrini

166 5206 407 5262 dormire
436 5206 763 5282 solitisunt,
791 5206 1129 5282 κοιμητήρια
1154 5206 1298 5282 dicta
1332 5206 1570 5274 fuerunt,
1600 5206 1738 5282 apud

175 5282 523 5339 Athenaauni,
552 5278 645 5331 lib.
686 5291 760 5341 Iv,
790 5287 910 5345 cap.
961 5278 1015 5340 5,
1068 5280 1529 5347 quemadmodum
1584 5278 1739 5340 locus

163 5348 433 5423 cmitohii,
462 5350 549 5423 ubi
586 5348 839 5423 monachi
860 5350 1160 5423 dormiunt,
1220 5351 1590 5405 dormitorium
1639 5370 1736 5423 ap-

170 5420 427 5485 pellatur.
469 5416 605 5471 Hinc
639 5419 959 5477 Christiani.
988 5419 1133 5471 docti
1178 5433 1407 5474 mortem
1438 5424 1567 5476 nihil
1590 5416 1736 5480 aliud

164 5504 313 5561 esse,
339 5505 498 5558 quam
523 5490 1204 5556 tim-mitioueuiquamdam
1229 5507 1401 5560 usque
1428 5494 1492 5543 ad
1511 5510 1737 5561 genera-

167 5560 276 5611 lem
311 5563 786 5632 resurrectionem,
828 5575 933 5632 qna
970 5574 1174 5632 omnes
1195 5560 1581 5632 expergeﬁeut,
1613 5569 1729 5620 loca

169 5630 404 5705 mortuis
457 5632 571 5683 suis
626 5630 953 5705 sepeliendis
1042 5631 1311 5683 destinata
1366 5630 1727 5705 _St0tpqtﬁpta,

165 5716 325 5765 quasi
346 5701 498 5752 dicas
528 5698 872 5760 dormitorio;
905 5713 1310 5768 nuncuparunt.
1349 5703 1430 5755 Ad
1459 5698 1574 5760 haec
1596 5698 1728 5760 "ita;

162 5786 279 5839 que
309 5773 421 5825 loca
455 5769 905 5839 Οὶιιηειιλιιιιπυιίιιι
950 5772 1240 5825 convenire
1272 5778 1519 5828 consueti
1577 5788 1725 5833 sunt.

169 5841 327 5897 Unde
366 5840 697 5896 Aiinilianus
719 5838 933 5910 [Egypti
979 5842 1267 5908 przl'ectus
1303 5845 1411 5898 illis
1442 5846 1544 5900 hoc
1599 5863 1731 5917 pro-

435 5928 716 5997 ῬΑτιιυι.
751 5938 865 5996 Uti.
909 5936 1265 5997 CXXXVII.

1840 5147 2035 5211 hibnit,
2068 5145 2324 5213 οὐδαμῶς
2360 5144 2415 5195 δὲ
2439 5144 2675 5209 ἐξέσται,
2707 5147 2899 5211 inquit,
2951 5145 3074 5197 οὔτε
3130 5148 3258 5214 ὑμῖν
3279 5147 3403 5201 οὔτε

1836 5217 2019 5279 ἄλλοις
2040 5218 2207 5279 τισὶν,
2237 5215 2269 5285 ἢ
2309 5215 2561 5276 συνόδους
2588 5216 2942 5338 acidaliae]?
2976 5220 3056 5279 είς
3104 5220 3171 5269 τὰ
3200 5220 3401 5272 καλού-

1843 5304 1975 5338 μενα
2006 5289 2337 5338 κοιμητήοια
2367 5286 2617 5338 εἰσιέναι.
2662 5288 2859 5338 Euseb.
2949 5288 3034 5338 ist.
3063 5288 3211 5338 Eccl.
3237 5290 3271 5338 Ι.
3308 5306 3401 5338 vn-

1842 5304 1975 5358 μενά
2006 5289 2337 5358 κοιμητήρια
2367 5286 2617 5339 εἰσιέναι.
2662 5288 2859 5341 Euseb.
2894 5286 3034 5340 Hist.
3063 5288 3211 5341 Eccl.
3237 5290 3271 5342 l.
3308 5306 3403 5353 vn,

1838 5356 1960 5427 cap.
1989 5358 2041 5412 9.
2090 5356 2197 5411 Nec
2228 5356 2432 5409 tantum
2465 5358 2536 5409 ibi
2579 5359 2889 5420 convenire,
2912 5361 3003 5413 sed
3032 5372 3086 5415 et
3118 5376 3269 5413 sacra
3302 5362 3403 5414 ibi-

1839 5428 1957 5481 dem
1987 5429 2283 5491 celebrare,
2312 5436 2365 5480 et
2417 5443 2603 5494 preces
2640 5428 2750 5482 Deo
2812 5428 3035 5482 fundere
3080 5432 3220 5483 soliti
3257 5445 3401 5484 sunt.

1835 5499 2212 5559 Cassiodorus,
2240 5497 2461 5565 populus
2483 5500 2737 5568 jejunum
2762 5513 2835 5552 est
2862 5516 3096 5568 egressus
3126 5502 3192 5551 ad
3222 5518 3407 5555 caeme-

1837 5571 2027 5620 terium
2059 5570 2317 5622 orationis
2366 5585 2547 5621 causa.
2612 5567 2755 5623 Hist.
2822 5567 3033 5638 tripart.
3086 5573 3122 5624 Ι.
3158 5588 3207 5633 ν,
3254 5588 3303 5625 c.
3346 5576 3398 5625 5.

1838 5639 1972 5693 lliuc
2008 5640 2203 5707 templa
2236 5640 2287 5692 in
2316 5641 2433 5694 istis
2478 5641 2605 5693 locis
2636 5654 2819 5707 postea
2840 5652 3115 5695 exstructa
3156 5654 3301 5696 sunt.
3345 5643 3403 5694 Si

1837 5710 1889 5761 in
1917 5711 2224 5762 istiusmodi
2260 5715 2437 5776 itaque
2465 5711 2599 5763 locis
2644 5713 2886 5765 haeretici
2926 5713 3121 5781 sepulti
3160 5715 3287 5776 sint,
3317 5718 3400 5765 vel

1836 5794 1901 5831 ea
1932 5780 1997 5831 ad
2027 5782 2311 5834 haereticos
2340 5782 2669 5849 pertineant,
2697 5795 2913 5835 cautum
2938 5780 3018 5834 est
3062 5784 3161 5837 hoc
3192 5799 3401 5839 canane

1836 5868 1903 5905 ne
1930 5853 2054 5921 quis
2086 5854 2350 5905 orationis
2386 5866 2551 5907 causa
2590 5852 2717 5907 illuc
2746 5870 2803 5908 se
2837 5853 3101 5908 conferat.

3018 5946 3089 6005 43
