4178 6420
176 429 311 493 1337

1377 440 1458 499 IN
1490 441 1651 501 CAN.
1694 443 1805 502 XII
1846 444 2052 508 CONC.
2083 449 2291 509 LAOD.

3244 462 3371 520 1737.9.

164 545 331 615 γυνὴ,
386 546 420 615 ἡ
474 547 755 617 ήγουμᾋνη
813 549 1053 619 δηλαδὴ,
1117 552 1308 604 πασῶν
1362 555 1718 621 προΐσταταις

1832 557 1887 609 fit
1920 560 1970 611 in
2006 560 2324 614 feminarum
2374 564 2737 625 monasteriis,
2779 575 2829 616 et
2866 583 2967 619 una
3013 570 3223 628 mulier,
3257 590 3374 638 qm:-

179 639 463 699 ’Λκούσεις
516 642 624 711 γάρ
684 644 840 712 ὁτιὴ
898 647 1039 698 κατὰ
1107 646 1239 697 Θείν
1311 648 1559 718 ἀποταγὴ
1638 651 1728 701 καὶ

166 730 480 801 ἀπόκαρσις
548 736 647 795 τὰς
724 736 917 797 πολλὰς
985 736 1041 788 ἓν
1102 738 1260 805 σῶμα
1326 743 1469 791 ποιεῖ
1524 742 1725 806 λογίζε-

169 822 318 883 σθαι,
364 824 459 875 καὶ
507 826 683 878 πάντα
736 828 803 878 τὰ
852 828 1030 879 αὐτῶν
1079 831 1215 898 πρὸς
1270 832 1436 898 μόνην
1492 833 1725 902 ψυχικὴν

169 914 450 980 σωτηρίαν
510 914 779 985 ἀφορῶσι.
813 916 886 967 Τὸ
935 917 989 968 δὲ
1039 918 1311 970 διδάσκειν
1363 923 1594 987 γυναῖκα
1644 925 1724 985 εἰς

167 1003 466 1069 ἐκκλησίαν
490 1006 804 1076 καθολικὴν,
826 1007 952 1059 ἔνθα
971 1008 1174 1076 πλῆθος
1200 1011 1406 1075 ἀνδρῶν
1446 1015 1726 1084 συναθροί-

166 1091 344 1153 ζεται,
376 1094 470 1145 καὶ
502 1095 777 1164 διαφόρων
807 1099 1043 1166 γνωμῶν
1074 1098 1725 1171 γύναια,ἀπρεπέστατόν

167 1185 285 1234 ἐστι
315 1184 409 1235 καὶ
435 1185 701 1240 ὀλέθριον.

236 1356 484 1413 ΖΩΝΑΡ.
511 1354 692 1411 Ἶισάν
739 1378 858 1414 τινα
889 1363 1038 1430 παρά
1084 1367 1197 1428 τοῖς
1244 1366 1487 1431 παλαιοῖς
1514 1369 1634 1438 ἔθη,
1667 1374 1724 1423 ἐν

163 1450 287 1509 ταῖς
342 1449 656 1519 ἐκκλησίαις
710 1455 991 1524 γινόμενα,
1041 1451 1116 1510 ὧν
1168 1459 1238 1511 τὰ
1291 1460 1392 1529 μὲν
1446 1466 1473 1514 ὁ
1533 1467 1724 1534 χρόνος

160 1538 444 1607 ἠλλοίωσε,
476 1543 544 1595 τὰ
574 1544 630 1595 δὲ
662 1550 756 1598 καὶ
784 1546 967 1599 τέλεον
992 1547 1216 1614 ἔπαυσε,
1242 1550 1310 1603 τὰ
1349 1551 1406 1603 δὲ
1438 1557 1530 1606 καὶ
1561 1557 1721 1609 κανό-

161 1648 253 1693 νες
311 1632 721 1703 ἀπηγόρευσαν,
774 1631 849 1690 ὧν
878 1638 936 1692 ἓν
978 1635 1046 1710 ἦν
1104 1643 1199 1693 καὶ
1246 1643 1309 1695 τὸ
1353 1646 1723 1714 πρεσϐύτιδας

161 1739 317 1785 τινας
346 1726 585 1794 γηραιάς
615 1730 885 1794 γυναῖκας
920 1732 978 1782 ὲν
1010 1735 1131 1793 ταῖς
1174 1733 1493 1802 ἐκκλησίαις
1535 1738 1724 1791 τάττε-

158 1810 313 1878 σθαι,
341 1816 436 1868 καὶ
475 1819 899 1888 προκαθημένας
946 1824 1223 1889 λέγεσθαι,
1250 1826 1585 1896 ἑξαρχούσας
1611 1832 1719 1886 τῶν

160 1901 561 1972 εἰσερχομένῳν
600 1910 682 1970 εἰς
733 1909 834 1981 τὴν
876 1912 1173 1983 ἐκκλησίαν
1202 1919 1501 1983 γυναικῶν,
1528 1919 1717 1991 ῶσπερ
1749 1898 1791 1952 Β

159 1993 518 2059 διδασκάλους
570 1999 662 2050 καὶ
689 1999 1034 2065 καθιστώςας
1084 2005 1252 2068 αὐτὰς
1282 2008 1417 2077 πρὸς
1444 2009 1719 2076 εὐταξίαν,

157 2084 257 2135 καὶ
280 2086 426 2147 ὅπως
466 2089 561 2139 καὶ
582 2089 715 2141 ὅπου
743 2090 849 2161 χρὴ
885 2092 1086 2156 ταύτας
1109 2097 1331 2150 ἑστάναι
1360 2100 1721 2165 παιδευούσας

157 2175 353 2237 αὐτάς.
384 2178 601 2244 Ταύτας
633 2180 725 2233 οὖν
751 2182 825 2254 μὴ
850 2184 961 2238 δεῖν
989 2187 1238 2254 γίνεσθαι
1271 2191 1298 2242 ὁ
1330 2192 1509 2246 κανὼν
1552 2180 1721 2265 διορί-

166 2271 350 2335 (erat,
380 2269 413 2341 ἦ
441 2271 586 2324 οὕτω
619 2275 925 2333 καλεῖσθαι.

158 2544 384 2597 ΑΡΙΣΤ.
454 2564 472 2596 ι
510 2546 575 2599 At
627 2547 918 2619 λεγόμεναι
974 2556 1390 2624 προκαθήμεναι
1430 2558 1487 2611 ὲν
1513 2560 1715 2633 ἐκκλη-

501 2658 518 2690 ‹
560 2641 699 2703 σίαις
735 2643 808 2713 μὴ
836 2642 1310 2701 καθιστάσθωσαν.
1351 2667 1371 2699 ι

234 2728 298 2781 Et
357 2730 466 2801 γὰρ
517 2731 770 2785 πολιτικὰ
826 2734 1059 2802 ὀιρφίκια
1106 2738 1403 2793 κωλύονται
1451 2742 1719 2813 ἐνεργεῖν,

160 2822 281 2882 πῶς
311 2838 440 2873 ποτε
466 2826 525 2875 ἐν
551 2824 817 2896 ἐκκλησίᾳ
844 2827 940 2879 τοῦ
984 2829 1191 2898 κλήρου
1224 2832 1593 2901 πρωτεύουσι,
1625 2828 1717 2889 καὶ

150 2912 235 2975 ὡς
264 2914 502 2981 κεφαλάς
524 2932 674 2979 τινας
704 2918 876 2971 ταῦτα
901 2919 1084 2986 ἕξουσι
1112 2939 1129 2989 ;

760 3054 997 3108 ΚΑΝΩΝ
1028 3056 1130 3111 lB’.

1832 648 2041 700 scilicet
2085 664 2299 718 praeest,
2341 656 2594 708 omnibus
2638 658 2929 723 pra-sidut?
2961 659 3158 713 Audies
3205 668 3371 723 enim,

1830 741 1972 804 quod
2003 757 2122 808 qua:
2156 761 2221 797 ex
2257 743 2361 798 Deo
2402 747 2457 799 tit
2493 752 2846 811 renuntiatio,
2881 762 2933 804 et
2974 762 3217 817 tonsura,
3251 760 3375 808 furit

1829 835 1887 877 ut
1930 832 2110 882 multa:
2147 848 2312 885 unum
2367 851 2563 905 corpus
2609 840 2994 893 existimentur
3038 859 3052 895 ε
3098 852 3151 895 et
3194 848 3374 895 munia

1828 930 1945 979 qum
1972 933 2097 971 sunt
2122 921 2385 988 ipsarum,
2416 926 2482 978 ad
2506 928 2676 981 solius
2718 929 2914 981 animae
2940 932 3165 983 Salutem
3202 936 3375 1001 respi-

1827 1009 1997 1061 ciunt.
2033 1009 2237 1066 Docere
2286 1028 2463 1069 autem
2514 1020 2789 1073 mulierem
2834 1022 2887 1074 in
2920 1024 3148 1075 ecclesia
3189 1030 3376 1075 callio-

1828 1095 1951 1155 lica,
1990 1097 2078 1151 ubi
2109 1099 2347 1154 virorum
2383 1106 2668 1159 multitudo
2702 1121 3079 1178 congregatur,
3112 1121 3165 1164 et
3195 1113 3375 1164 diver-

1825 1201 2006 1239 sarum
2029 1192 2419 1246 sententiarum
2445 1194 2676 1258 feminae,
2700 1208 2784 1253 est
2806 1203 3037 1254 maxime
3061 1203 3375 1256 indecorum

1823 1288 1877 1332 et
1905 1283 2292 1347 perniciosum.

1892 1370 2142 1429 ZONAR.
2183 1374 2432 1441 Quazdam
2467 1383 2704 1451 antiquis
2734 1391 3073 1457 temporibus
3106 1396 3157 1447 in
3196 1397 3378 1452 Eccle-

1824 1463 1902 1514 sia
1932 1469 2354 1522 consuetudines
2384 1470 2532 1524 fuere
2558 1490 2572 1536 ;
2605 1490 2741 1542 quas
2765 1483 3024 1547 temporis
3048 1485 3378 1541 diuturnitas

1823 1558 2016 1623 partim
2056 1558 2382 1625 immutavit,
2418 1567 2614 1632 partim
2651 1572 2875 1624 omnino
2902 1576 3149 1640 sustulit,
3184 1581 3379 1648 aliqua:

1820 1650 1980 1701 etiam
2006 1667 2069 1704 ex
2098 1653 2165 1705 iis
2194 1657 2475 1711 canonicis
2498 1658 2732 1716 decretis
2762 1665 3031 1734 abrogata:
3056 1683 3201 1726 sunt.
3229 1672 3378 1729 Talis

1824 1739 1912 1791 illa
1944 1754 2162 1809 quoque
2214 1744 2335 1805 fuit,
2383 1754 2440 1797 ut
2485 1749 2839 1820 presbyteraa,
2876 1756 3068 1811 vetulae
3104 1762 3376 1826 mulieres,

1822 1829 1878 1881 in
1900 1832 2145 1885 ecclesiis
2170 1837 2657 1905 constituerentur,
2677 1858 2813 1911 quas
2834 1847 2996 1899 etiam
3024 1851 3377 1916 pra-sidentes

1825 1918 2126 1985 vocabant;
2152 1938 2272 1992 quae
2292 1925 2531 1993 quidem,
2559 1930 2986 2000 ingredientibus
3012 1938 3064 1991 in
3090 1942 3375 1997 ecclesiam

1822 2008 2062 2073 feminis,
2098 2015 2258 2066 veluti
2293 2020 2607 2085 magisterio
2632 2024 2866 2090 quodam
2900 2026 3205 2096 fungentes,
3241 2046 3377 2100 pra:-

1820 2111 2026 2166 esscnt,
2084 2118 2147 2157 ac
2203 2121 2305 2161 suo
2348 2125 2619 2177 quamque
2667 2116 2856 2168 ordine
2911 2120 3013 2173 rite
3073 2127 3376 2179 consistere

1815 2190 2088 2259 juberent,
2122 2206 2175 2251 et
2218 2214 2328 2268 quo
2357 2216 2631 2272 quamque
2668 2206 2806 2269 loco,
2840 2223 3015 2276 quove
3045 2212 3209 2265 modo
3249 2216 3375 2267 uni-

1819 2285 2019 2355 cuique
2071 2290 2322 2343 staudum
2370 2307 2537 2359 esset,
2591 2296 2870 2353 docerent.
2924 2300 2999 2355 Nc
3046 2319 3165 2373 quze
3213 2306 3375 2375 igitur

1820 2374 2131 2443 hujusmodi
2164 2382 2420 2436 mulieres
2459 2388 2757 2454 eligantur,
2792 2406 2927 2444 neve
2962 2392 3028 2447 iis
3057 2374 3373 2449 nominibus

1821 2482 2226 2538 nuncupentur,
2252 2490 2424 2528 canon
2459 2477 2727 2534 decernit.

1817 2559 2049 2616 ARIST.
2088 2580 2106 2613 ι
2147 2561 2333 2618 Vidua:
2362 2569 2715 2635 praesidentes
2746 2573 2902 2627 dicta:
2936 2575 2990 2629 in
3020 2577 3271 2633 ecclesiis
3306 2595 3375 2633 ne

2322 2678 2341 2711 ι
2379 2665 2810 2720 constituantur.
2853 2686 2873 2718 ι

1893 2743 1950 2797 Si
1993 2746 2136 2799 enim
2170 2748 2390 2816 politica
2431 2752 2605 2807 oﬂicia
2648 2754 2799 2808 obire
2829 2755 3209 2824 prohibentur,
3243 2774 3377 2828 quo-

1823 2840 1984 2891 modo
2018 2854 2256 2909 unquam
2296 2844 2349 2895 in
2395 2846 2625 2899 ecclesia
2675 2847 2825 2900 eiero
2874 2851 3140 2917 praesint,
3188 2861 3243 2905 ct
3284 2867 3377 2905 eas

1822 2940 2080 3001 tanquam
2121 2937 2302 3004 capita
2328 2937 2578 3005 quaedam
2605 2938 2864 2993 habeant?

2406 3069 2634 3125 CANON
2676 3072 2792 3128 XII.

162 3203 183 3235 ‹
228 3185 366 3255 Περὶ
396 3185 492 3239 τοῦ
541 3187 665 3250 τοὺς
698 3189 1037 3253 ἐπισκόπους
1074 3191 1254 3262 κρίσει
1301 3193 1411 3245 τῶν
1445 3210 1718 3263 μητροπο-

1828 3221 1847 3252 ‹
1882 3201 2035 3267 Quod
2077 3205 2322 3275 episc0pi
2353 3215 2895 3275 n'tetropontanorum
2933 3219 2987 3263 et
3019 3212 3372 3269 ﬁnitimorum

236 3298 256 3329 ι
303 3279 467 3332 λιτῶν
506 3280 601 3333 καὶ¹
644 3282 751 3335 τῶν
786 3283 945 3351 πέριξ
991 3285 1308 3337 ἐπισκόπων
1357 3286 1719 3339 καθίστασθαι

236 3390 255 3421 ι
301 3374 381 3434 εἰς
412 3372 511 3443 τὴν
556 3374 1022 3446 ἐκκλησιαστικὴν
1059 3377 1253 3446 ἀρχὴν,
1303 3378 1459 3441 ὄντας
1500 3381 1561 3431 ὲκ
1590 3380 1717 3431 πολ-

235 3482 254 3513 ι
300 3461 394 3514 λοῦ
421 3464 915 3533 δεδοκιμασμένους
961 3482 1020 3517 τε
1060 3466 1305 3535 τῷλόγῳ
1338 3467 1435 3537 τῆς
1484 3470 1720 3532 πίστεως

232 3575 253 3608 ι
298 3560 393 3611 καὶ
422 3561 488 3628 τῇ
512 3558 604 3610 τοῦ
630 3558 812 3621 εὐθέος
844 3559 1001 3626 λόγου
1035 3562 1296 3632 πολιτεία.
1335 3581 1351 3612 ι

230 3650 426 3703 ΒΑΛΣ.
454 3651 558 3702 Καὶ
587 3651 615 3701 ὁ
646 3648 835 3719 παρὼν
864 3650 1041 3702 κανὼν
1066 3653 1262 3704 κωλύει
1298 3654 1401 3705 ὑπὸ
1441 3655 1536 3706 τοῦ
1564 3655 1719 3725 ὄχλου

154 3743 287 3805 τοὺς
324 3742 657 3804 ἐπισκόπους
687 3741 1018 3811 ψηφίζεσθαι
1043 3759 1056 3771 ’
1094 3746 1190 3795 καὶ
1236 3744 1532 3813 διορίζεται
1563 3748 1715 3816 παρὰ

160 3835 575 3905 μητροπολιτῶν
603 3835 698 3887 καὶ
741 3836 1057 3888 ἐπισκόπων
1085 3835 1309 3900 τούτους
1334 3839 1713 3894 καθίστασθαι.

158 3927 603 3997 ίιαρακελεύεται
633 3929 690 3981 δὲ
720 3928 980 3997 δοκίμους
1012 3924 1152 3981 εἶναι
1178 3930 1374 3992 αὐτοὺς
1398 3932 1541 3983 κατά
1568 3948 1626 3983 τε
1656 3932 1719 3983 τὸ

154 4024 335 4091 δόγμα
359 4023 452 4075 καὶ
483 4023 573 4073 τὸν
600 4023 732 4092 βίον.

230 4114 472 4169 ΖΩΝΑΡ.
497 4115 569 4167 Τὸ
592 4113 821 4165 παλαιὸν
842 4115 891 4166 οἱ
920 4114 1079 4182 δῆμοι
1109 4112 1219 4165 τῶν
1250 4113 1459 4166 πόλεων
1490 4113 1720 4184 ᾑροῦντο

151 4208 285 4270 τούς
314 4208 645 4268 ἐπισκόπους
675 4222 689 4235 ·
723 4207 804 4257 ὅτι
841 4205 897 4258 δὲ
921 4206 1143 4266 στάσεις
1175 4203 1426 4256 ἐντεῦθεν
1458 4206 1710 4277 ἠγείρον-

153 4320 242 4364 το,
271 4300 356 4353 διὰ
392 4299 548 4352 τοῦτο
575 4301 686 4360 τοῖς
717 4298 1040 4358 ἐπισκόποις
1075 4298 1315 4365 ἑκάστης
1357 4299 1624 4368 ἐπαρχίας
1651 4297 1716 4349 τὰ

157 4392 407 4461 περὶτῆς
481 4390 590 4442 τῶν
658 4389 971 4441 ἐπισκόπων
1033 4390 1425 4450 καταστάσεως
1488 4389 1713 4455 ἀνετέθη

150 4486 503 4555 ψηῖθίσματα.
530 4483 757 4549 Ἐπάγει
795 4481 850 4532 δὲ
877 4484 904 4533 ὀ
932 4479 1112 4533 κανὼν
1147 4482 1235 4532 καὶ
1266 4481 1411 4541 οἵους
1453 4480 1534 4531 δεῖ
1562 4475 1714 4549 ,εἶναι

1895 3313 1914 3345 ι
1952 3295 2327 3364 episcoporum
2344 3298 2569 3366 judicio,
2591 3301 2642 3352 in
2663 3301 3033 3357 ecclesiastico
3056 3310 3375 3376 magistratu

1896 3402 1914 3434 ι
1951 3388 2319 3441 constituendi
2368 3401 2517 3451 sunt,
2567 3391 2657 3445 diu
2707 3395 2916 3462 probati
2965 3405 3017 3448 et
3068 3399 3119 3449 in
3166 3402 3376 3454 ratione

1901 3495 1920 3528 ι
1958 3478 2079 3533 ﬁdei
2111 3490 2163 3534 et
2198 3482 2250 3534 in
2287 3484 2421 3535 rccti
2448 3486 2596 3537 verbi
2626 3486 3052 3542 disocnsatione.
3098 3510 3116 3540 ι

1890 3659 2083 3713 BALS.
2127 3658 2375 3716 Prmsens
2426 3680 2642 3732 quoque
2678 3681 2854 3720 canon
2888 3670 3137 3736 prohibet
3168 3678 3351 3739 cpisro

1822 3764 1920 3819 pos
1950 3765 1981 3803 a
2014 3752 2358 3808 multitudine
2388 3757 2508 3824 eligi
2536 3773 2550 3821 ;
2579 3766 2633 3809 et
2664 3774 2760 3811 eos
2795 3776 2821 3809 ει
2862 3762 3293 3829 tnctmpulitams
3324 3774 3378 3816 et

1818 3843 2095 3910 episcopis
2123 3846 2385 3898 constitui
2429 3860 2680 3916 Oportere
2718 3851 2986 3906 decernit.
3023 3852 3249 3908 Proluui
3277 3872 3379 3909 au-

1821 3943 1927 3986 tem
1961 3950 2056 3988 eos
2082 3935 2308 3995 iubetet
2342 3942 2393 3991 in
2427 3942 2698 3993 sententia
2730 3952 2785 3997 et
2811 3944 2863 3995 in
2896 3944 3022 3998 rita.

1893 4108 2140 4163 Zt)NAR.
2187 4112 2377 4182 P0puli
2422 4115 2702 4185 suli‘ragiis
2752 4120 2880 4171 olim
2926 4121 3168 4190 episcopi
3215 4124 3378 4191 elige-

1817 4202 2167 4257 banturzsed
2187 4220 2308 4258 cum
2340 4208 2520 4259 multa}
2550 4209 2675 4261 inde
2707 4210 3003 4264 seditiones
3026 4223 3376 4279 exsustcrent,

1821 4297 1947 4348 hinc
1995 4295 2194 4349 factum
2241 4309 2346 4359 est,
2403 4310 2458 4351 ut
2504 4300 2888 4370 epist-uporum
2942 4306 3379 4378 uniuscujusque

1818 4387 2112 4454 provincia:
2168 4391 2497 4442 auctoritate
2554 4394 2678 4461 eligi
2730 4398 3050 4462 episcopum
3112 4416 3380 4467 quemque

1819 4490 2068 4547 oportere
2092 4480 2457 4534 decreverint.
2505 4484 2706 4535 Deinde
2748 4501 2873 4537 νυνι)
2912 4492 3102 4556 quales
3141 4505 3256 4552 eos,
3287 4494 3377 4559 qtti

150 4580 283 4641 τούς
312 4579 391 4639 εἰς
445 4578 751 4641 ἐπισκοπὴν
805 4574 1351 4643 προχειριζομένους,
1385 4574 1555 4643 ἦγουν
1608 4572 1713 4640 πρὸ

1814 4573 2058 4641 episcopi
2087 4575 2306 4626 creandi
2344 4587 2492 4639 sunt,
2540 4590 2660 4630 esse
2691 4578 2903 4641 deceat,
2938 4595 3115 4633 Canon
3149 4584 3379 4651 subiun-

152 4670 351 4723 πολλοῦ
382 4669 871 4738 δεδοκιμασμένους
895 4667 949 4718 ἕν
972 4684 1031 4717 τε
1060 4666 1137 4735 τῷ
1163 4665 1303 4735 λόγῳ
1325 4666 1421 4733 τῆς
1455 4665 1711 4726 πίστεως,

150 4764 434 4817 τουτέστιν
455 4760 629 4830 ὀρθῶς
654 4762 748 4811 καὶ
779 4759 948 4825 ὑγιῶς
978 4757 1199 4828 ἔχοντας
1227 4776 1290 4810 πε
1304 4760 1353 4827 ρὶ
1376 4759 1475 4827 τὴν
1508 4760 1711 4822 πίστιν,

148 4858 186 4927 ἦ
217 4856 308 4908 καὶ
340 4854 537 4915 ἄλλως,
567 4853 685 4923 ἦτοι
736 4854 863 4921 περὶ
913 4852 1003 4903 τὸν
1039 4852 1195 4917 λόγον
1228 4854 1323 4920 τῆς
1355 4851 1592 4911 πίστεως
1620 4869 1712 4919 γε·

147 4946 569 5014 γυμνασμένους
599 4943 690 4996 καὶ
724 4942 1003 5011 δοκίμους.
1042 4940 1131 5009 Τῷ
1174 4942 1272 5008 μὲν
1318 4941 1425 5007 γὰρ
1466 4940 1714 5010 Τιμοθέῳ

149 5061 183 5108 γ
197 5041 380 5108 ράιρων
404 5041 431 5090 ὁ
463 5040 638 5106 μέγας
675 5036 1230 5097 Παῦλος,διδακτικὸν
1256 5030 1393 5086 εἶναι
1424 5033 1537 5085 δεῖν
1568 5033 1712 5100 λέγει

144 5138 245 5188 τὸν
274 5132 579 5200 ἐπισκοπῆς
612 5130 962 5200 ὀρεγόμενον·
993 5128 1070 5197 τῷ
1099 5128 1245 5197 Τίτῳ
1276 5127 1321 5178 δ’
1357 5126 1709 5191 ἐπιστέλλων,

144 5227 510 5296 ἀντεχόμενον
555 5224 651 5276 τοῦ
696 5224 837 5275 κατὰ
894 5221 1115 5291 διδαχὴν
1170 5219 1364 5273 πιστοῦ
1416 5220 1597 5286 λόγου,
1628 5221 1714 5298 ἵνα

139 5322 369 5380 δυνατὸς
506 5317 599 5368 καὶ
673 5316 1012 5385 παρακαλεῖν
1056 5317 1112 5364 ἐν
1155 5316 1219 5383 τῇ
1274 5312 1593 5380 διδασκαλία
1645 5315 1710 5381 τῇ

142 5411 490 5481 ὑγιαινούσῃ,
545 5410 637 5461 καὶ
665 5410 791 5470 τοὺς
830 5407 1211 5473 ἀντιλέγοντας
1264 5405 1539 5473 ἐλέγχειν
1570 5404 1713 5455 οὓτω

142 5506 249 5575 μὲν
285 5501 376 5557 οὖν
400 5504 542 5572 ἔχειν
573 5504 664 5554 τὸν
714 5500 1019 5567 ἐπισκοπῆς
1069 5497 1513 5567 προστησόμενον
1547 5498 1605 5547 ἐν
1632 5496 1709 5563 τῷ

137 5603 288 5669 λόγῳ
316 5600 413 5667 τῆς
458 5598 694 5657 πίστεως
747 5598 774 5647 ὁ
818 5592 1002 5647 κανὼν
1053 5592 1437 5644 διατάττεταιο
1468 5592 1524 5641 ἐν
1557 5591 1615 5641 δε
1644 5592 1709 5657 τῇ

138 5692 415 5759 πολιτείᾳ,
457 5690 623 5760 ἡγουν
669 5690 732 5757 τῇ
789 5688 882 5739 τοῦ
932 5685 1047 5755 βίου
1096 5687 1364 5753 διαγωγῇ,
1412 5683 1709 5736 εὐθύτατον

136 5784 307 5847 εἶναι,
370 5786 442 5855 μὴ
500 5784 735 5843 σκολιὸν,
802 5782 877 5851 μὴ
938 5779 1207 5848 πονηρίας
1267 5778 1502 5847 μεστὸν,
1572 5777 1709 5829 ἀλλὰ

138 5882 308 5937 κάκεῖ
372 5879 832 5947 δεδοκιμασμένον
906 5874 996 5925 καὶ
1041 5870 1357 5941 γνώριμον,
1412 5871 1492 5923 ὅτι
1546 5870 1708 5932 εὐθὺς

1816 4662 1916 4731 git,
1944 4663 2103 4733 loogo
2136 4680 2238 4718 usu
2288 4666 2539 4719 videlicet
2585 4668 2637 4720 in
2674 4670 2885 4723 ratione
2921 4671 3043 4726 lidci
3099 4678 3375 4739 probatos.

1814 4756 1918 4809 hoc
1940 4767 2042 4819 est,
2068 4756 2122 4809 in
2154 4758 2256 4811 lide
2283 4774 2414 4811 sana
2438 4771 2693 4830 rectaque
2725 4775 3061 4828 constantes,
3088 4770 3170 4820 vel
3200 4770 3378 4828 aliter.

1815 4850 1868 4902 in
1901 4850 1967 4905 iis
2014 4867 2133 4918 qua:
2180 4853 2244 4905 ad
2282 4852 2402 4906 ﬁdei
2448 4856 2710 4907 rationein
2758 4868 3000 4924 spectant
3052 4868 3379 4917 exercitatus

1812 4953 1867 4995 et
1919 4946 2199 5011 probatos.
2254 4944 2483 5014 Magnus
2524 4964 2760 5015 namque
2818 4948 3018 5004 Paulus
3070 4952 3135 5005 ad
3191 4952 3377 5006 Timu-

1814 5035 1998 5086 tbcuut
2029 5036 2295 5097 scribens,
2327 5038 2419 5104 qui
2448 5041 2819 5107 episcopatum
2856 5042 3157 5106 desiderat,
3190 5058 3377 5114 aptum

1813 5126 2032 5180 caeteris
2054 5127 2372 5181 erudiendis
2401 5145 2523 5183 esse
2554 5142 2809 5201 Oportcre
2842 5142 3179 5202 pronuntiat.
3214 5140 3278 5192 Et
3306 5144 3372 5193 ad

1816 5218 1997 5272 Titum
2038 5222 2311 5283 scribens,
2338 5224 2757 5291 amplcctentem
2787 5242 2911 5280 eum
2948 5232 3040 5295 qni
3078 5231 3379 5285 secundum

1814 5312 2117 5364 doctrinam
2162 5325 2245 5367 cst
2298 5316 2509 5366 tidelem
2562 5332 2895 5381 sermonem,
2952 5330 3010 5373 ut
3075 5333 3268 5390 potens
3313 5327 3383 5378 sit

1812 5405 2087 5458 exhortari
2127 5406 2178 5456 in
2210 5420 2337 5457 sana
2364 5406 2636 5471 doctrina,
2671 5419 2725 5462 ct
2757 5426 2851 5463 eos
2874 5413 2965 5479 qui
2993 5414 3381 5469 contradicunt

1814 5513 2066 5568 arguere.
2093 5498 2170 5551 Ac
2195 5499 2355 5551 talem
2386 5502 2605 5568 quidem
2638 5519 2758 5555 esse
2796 5520 2942 5568 cum,
2974 5507 3065 5573 qui
3090 5510 3381 5577 epist-opus

1812 5589 2082 5641 creandus
2130 5598 2233 5645 est.
2286 5591 2338 5642 in
2380 5594 2590 5645 ratione
2643 5596 2802 5653 lirlei.
2854 5612 3030 5659 canon
3062 5599 3219 5663 jubet
3264 5616 3278 5652 :
3323 5603 3380 5656 in

1814 5682 1995 5749 politia
2027 5696 2176 5742 vero,
2203 5682 2305 5735 hoc
2326 5692 2431 5745 est,
2455 5685 2664 5739 ratione
2682 5698 2732 5740 et
2758 5689 3007 5742 instituto
3033 5691 3170 5753 vine,
3196 5693 3381 5745 rectis-

1814 5772 1967 5824 simis
1993 5772 2248 5826 sensibus
2270 5784 2515 5837 euntem,
2555 5792 2659 5830 non
2688 5794 2939 5847 pravum,
2975 5798 3145 5850 neque
3170 5785 3377 5852 impro-

1816 5868 1941 5921 butn
1968 5884 1983 5932 ;
2018 5868 2110 5919 sed
2143 5870 2227 5922 hic
2256 5885 2474 5939 quoque
2506 5875 2657 5926 bona:
2695 5883 2833 5927 nota:
2860 5890 2921 5929 ac
2963 5886 3215 5944 spretam:
3253 5895 3381 5944 pru-
