4178 6420
189 321 333 398 1365

1337 336 1418 396 ΙΝ
1448 337 1610 396 CAN.
1645 334 1774 396 XVI
1809 335 2017 398 CONC.
2084 341 2306 401 LAOD.

3276 339 3409 404 1366

262 449 459 504 ΒΑΛΣ.
492 447 603 506 Καὶ
634 440 790 512 οὗτος
827 451 854 502 ό
892 466 1072 503 κανων
1099 450 1449 517 διορθωτικός
1483 453 1599 504 ἐστι
1641 469 1749 504 πα-

1923 455 2120 510 BALS.
2150 456 2246 508 llic
2268 470 2481 524 quoque
2520 469 2695 511 canon
2744 435 2979 509 veterem
3007 451 3290 522 quemdam
3330 453 3412 507 in-

176 543 341 594 λαιοῦ
365 559 509 603 τινος
531 541 688 603 ἔθους
707 542 960 597 ἀτάκτου.
1000 542 1252 596 Φαίνεται
1287 547 1390 612 γὰρ
1420 542 1494 605 ὦς
1526 562 1670 606 τινες
1695 544 1752 609 ἐξ

177 633 496 701 ὑπεροψίας
542 633 706 703 εὐχὰς
748 633 1118 708 συντιθέμενοι
1173 635 1252 695 είς
1304 636 1402 696 τὰς
1459 635 1753 704 ἑσπερινὰς

178 724 464 790 ὑμνῳδίας
490 726 584 776 καὶ
617 724 980 792 ἀνεγίνωσκον
1031 726 1232 788 αὑτάς·
1271 726 1366 778 καὶ
1413 726 1750 794 αἰτιώμενοι,

176 814 379 882 ἔλεγον
411 816 579 885 μηδέν
607 833 659 867 τι
702 815 923 886 ἀπεικὸς
957 818 1152 875 ποιεῖν,
1186 817 1320 885 μηδὲ
1351 816 1628 885 παραλύον
1657 816 1754 875 τὰς

1855 549 2159 601 ordinatum
2194 562 2402 600 morem
2434 548 2676 613 corrigit.
2726 547 2950 612 Quidam
2999 546 3142 598 cnim
3199 553 3416 612 propter

1857 637 2216 702 arrogantiam
2247 679 2260 700 ,
2302 646 2356 687 nt
2405 637 2652 697 videtur,
2706 636 2758 688 in
2810 634 3142 702 vespertinus
3194 631 3413 701 hymnos

1857 731 2043 796 preces
2077 736 2458 795 componentes
2515 742 2608 780 eas
2651 727 2937 790 legebant:
2970 735 3022 777 et
3062 738 3178 776 cum
3234 735 3412 788 repre-

1859 819 2250 880 hendebantur,
2281 833 2338 872 se
2363 818 2495 871 nihil
2527 819 2815 870 absurdum
2855 816 3156 868 alienumve
3190 813 3364 867 facere
3396 849 3411 874 ,

175 909 346 973 παρὲ
383 905 492 956 τῶν
523 905 785 973 Πατέρων
817 906 1107 975 δεδομένας
1139 910 1321 976 εὐχάς.
1372 909 1609 961 Ἐκεῖναι
1655 909 1749 976 μὲν

1857 925 1958 963 nec
1987 925 2013 960 a
2045 908 2294 962 Patribns
2325 910 2478 964 datas
2507 910 2781 962 orationes
2813 909 3105 961 dissolvere
3146 905 3414 959 dicebant.

173 997 413 1064 γὰρέίς
438 998 534 1058 τὰς
587 997 813 1058 ἐννάτας
872 997 1227 1068 ἐτυπώθησαν
1277 1001 1544 1065 γίνεσθαι,
1600 1001 1655 1051 αἱ
1697 999 1754 1051 δὲ

172 1091 324 1157 ’παρ’
358 1087 539 1140 αὐτῶν
581 1091 856 1156 γεγονυῖαι
895 1091 974 1152 εἰς
1012 1090 1110 1152 τὰς
1138 1092 1428 1155 ἑσπερινὰς
1481 1091 1755 1160 ὑμνῳδίας

173 1181 583 1247 ὲκφωνοῦνται.
613 1181 782 1232 Φασὶν
810 1181 901 1233 οὖν
935 1183 1178 1251 Πατέρες
1233 1184 1421 1250 ἀρκεῖν
1449 1183 1545 1245 τὰς
1579 1200 1758 1252 παρα-

172 1271 484 1339 δεδομένας
509 1273 672 1343 εὺχὰς
701 1274 796 1325 καὶ
825 1275 882 1325 ὲν
927 1277 1052 1334 ταῖς.
1095 1277 1342 1336 ὲννάταις
1372 1275 1467 1328 καὶ
1512 1278 1569 1327 ὲν
1632 1279 1754 1337 ταῖς

173 1365 456 1432 ἑσπέραις
485 1364 579 1416 καὶ¹
604 1368 661 1417 ὲν
690 1366 893 1428 πάσαις
923 1367 1107 1428 ἁπλῶς
1134 1368 1291 1418 τοῦτο
1327 1367 1580 1432 συνάξεσι
1608 1385 1623 1398 θ
1661 1369 1754 1419 καὶ

175 1457 262 1526 μὴ
300 1457 442 1526 ἔχειν
473 1460 658 1512 ἄδειαν
715 1461 809 1512 τὸν
851 1461 1170 1529 βουλόμενον
1225 1462 1390 1532 εὐχὰς
1454 1463 1749 1518 συτιθέναι.

248 1548 499 1603 ΖΩΝΑΡ.
543 1551 604 1602 '0
631 1551 873 1613 εἰκοστὸς
901 1553 1077 1622 τρίτος
1100 1554 1196 1616 τῆς
1212 1555 1264 1605 ἐν
1288 1554 1608 1624 Καρθαγένῂ
1630 1573 1752 1607 συν-

1856 1000 1963 1055 Illa:
1992 1001 2133 1053 enim
2163 1001 2213 1052 in
2245 1002 2401 1054 nonis
2436 1001 2549 1054 ﬂeri
2579 1001 2739 1067 iussae
2777 1008 2903 1052 sunt
2931 1015 2946 1051 :
2981 1012 3098 1066 qua:
3129 1006 3308 1049 autem
3348 995 3415 1046 ah

1860 1092 2171 1157 ipsisifaetce
2192 1103 2336 1157 sunt,
2371 1092 2423 1145 in
2455 1091 2782 1160 vespertinis
2811 1091 3026 1159 hymnis
3051 1087 3414 1155 proferuntur.

1861 1182 2049 1237 Dicunt
2076 1198 2202 1248 ergo
2230 1184 2436 1244 Patres,
2467 1183 2716 1236 sufﬁcere
2742 1197 2946 1261 preces,
2985 1198 3102 1246 quae
3149 1189 3274 1233 sunt
3307 1188 3414 1232 tra-

1855 1276 2001 1337 ditae,
2034 1286 2087 1328 et
2117 1278 2169 1329 in
2207 1278 2358 1328 nonis
2387 1286 2440 1327 et
2474 1276 2523 1326 in
2567 1275 2827 1341 vesperis,
2867 1283 2922 1326 et
2962 1274 3011 1325 in
3040 1272 3311 1333 numibus,
3360 1279 3416 1324 ιιι

1856 1367 2019 1419 semel
2050 1369 2245 1428 dicam,
2273 1365 2780 1431 congregationibus
2820 1383 2832 1416 :
2874 1379 2970 1416 nec
3005 1364 3166 1416 licere
3185 1363 3233 1416 el
3261 1399 3279 1428 ,
3323 1361 3416 1428 qui

1855 1460 2001 1517 velit,
2031 1474 2216 1521 preces
2245 1472 2588 1524 componere.
2868 1517 2872 1521 _

1925 1550 2174 1604 ZONAR.
2203 1551 2346 1605 Utin
2382 1549 2858 1618 supplicationibus
2917 1546 3150 1612 probata:
3180 1554 3410 1598 tantnm-
3459 1612 3465 1615 ἰ

173 1639 309 1692 ὁδου
345 1657 467 1693 καν.
506 1640 869 1708 διατάττεται,
909 1645 966 1695 ὲν
1005 1646 1120 1704 ταῖς
1166 1646 1397 1708 ἱκεσίαις
1451 1646 1548 1709 τὰς
1589 1664 1749 1700 κεκυ-

1855 1645 2012 1694 modo
2038 1657 2133 1707 per
2164 1621 2352 1710 synodi
2387 1641 2744 1705 precationes,
2763 1638 2979 1708 rejectis
3013 1637 3129 1690 aliis
3163 1628 3416 1696 novis.ab

173 1729 442 1796 ρωμένας
474 1732 624 1800 παρὰ
654 1732 752 1798 τῆς
776 1732 993 1784 συνόδου
1022 1734 1186 1801 εὐχὰς
1226 1736 1373 1802 παρὰ
1423 1737 1638 1790 πάντων
1665 1738 1752 1789 λέ-

168 1821 402 1886 γεσθαι,
438 1824 529 1874 καὶ
562 1824 636 1892 μὴ
667 1825 786 1886 νέας
820 1824 1007 1887 ἄλλας.
1050 1826 1219 1878 Τοῦτο
1243 1825 1334 1879 οὖν
1375 1827 1516 1880 ἔοικε
1567 1832 1662 1881 καὶ
1722 1833 1749 1883 ὁ

167 1913 377 1980 παρὼν
407 1914 589 1966 κανὼν
620 1915 1022 1977 διατάττεσθαι,
1050 1917 1110 1968 τὸ
1160 1917 1261 1985 μὴ’
1283 1917 1374 1969 τὸν
1426 1918 1749 1988 βουλόμενον

163 2004 385 2075 δηλαδὴ
425 2006 588 2074 εὐχὰς
616 2007 752 2070 ἰδίας
797 2007 1142 2081 συντιθέναι,
1172 2008 1267 2060 καὶ
1318 2011 1518 2074 ταύτας
1566 2013 1747 2078 λέγειν

165 2099 234 2148 ἐν
268 2100 391 2160 ταῖς
429 2099 734 2164 συνάξεσεν,
768 2101 926 2154 ⁸ἀλλὰ
970 2101 1070 2165 τὰς
1115 2097 1283 2164 αὐτὰς
1340 2105 1526 2172 εὐχὰς,
1578 2106 1747 2174 ἤγουν

163 2189 276 2250 τὰς
309 2189 410 2260 ἤδη
438 2191 902 2261 παραδεδομένας,
951 2193 1202 2260 γίνεσθαι
1256 2195 1316 2245 ὲν
1376 2195 1522 2264 πάσῃ
1580 2199 1742 2249 συνά-

163 2278 282 2343 ξει.
669 2272 679 2282 ’

159 2375 401 2429 ΑΡΙΣΤ.
470 2397 489 2428 ι
542 2377 824 2443 Ἐννάταις
860 2382 954 2432 καὶ
985 2382 1250 2451 ἑσπέραις
1284 2385 1338 2434 αἱ
1391 2383 1554 2436 αὐταὶ
1585 2384 1744 2454 εὐχαὶ

702 2473 1177 2527 ὲπιτελείσθωσσιν.
1194 2493 1209 2524 ι

245 2561 410 2630 Παρὰ
440 2563 537 2623 τὰς
576 2564 969 2632 κεκυρωμένας
1000 2566 1165 2633 εὐχὰς
1190 2569 1283 2618 καὶ
1332 2567 1397 2620 τά
1467 2587 1742 2622 κεκανονι·

154 2650 355 2717 (νμένα
389 2650 568 2720 βιϐλία
601 2655 659 2706 ού
690 2656 768 2726 δεῖ
790 2655 951 2724 εὐχὰς
987 2657 1152 2719 ἄλλας
1179 2658 1209 2727 ἢ
1237 2659 1486 2727 ψαλμοὺς
1544 2664 1743 2716 ίδιωτι-

153 2742 304 2804 θεοὺς
334 2744 661 2812 ἢλέγεσθαι,
698 2747 728 2814 ἦ
756 2735 1057 2815 ’ψάλλεσθαι
1083 2767 1094 2780 ·
1125 2749 1259 2801 ἀλλὰ
1286 2750 1380 2812 τὰς
1428 2754 1599 2814 αὐτὰς
1656 2756 1742 2806 εύ-

151 2834 274 2906 χὰς
303 2837 388 2888 ἀεὶ
417 2839 783 2891 ἐπιτελεῖσθαι
817 2842 909 2892 καὶ
944 2842 1001 2892 ἐν
1033 2842 1279 2916 ἐννάτα-ις
1336 2848 1430 2896 καὶ
1488 2849 1544 2897 ἐν
1574 2848 1739 2898 ἐσπέ-

158 2941 319 2997 ραις.

774 3025 1010 3076 κΑΝοΝ
1033 3011 1131 3078 te.

1853 1734 2103 1787 omnibus
2134 1732 2511 1795 adhibeantur,
2534 1731 2978 1798 Carthagineusis
3000 1729 3186 1797 synodi
3213 1742 3417 1781 canone

1851 1827 1921 1880 25
1951 1827 2302 1880 constitutum
2330 1836 2432 1879 est.
2467 1823 2610 1878 Idem
2643 1826 2744 1878 hoc
2765 1837 2980 1891 quoque
3009 1835 3215 1875 canone
3237 1819 3419 1873 decre-

1852 1930 1962 1972 tum
2001 1918 2228 1981 videtur,
2268 1933 2331 1971 ac
2369 1933 2434 1970 ne
2485 1917 2711 1971 cuilibet
2757 1932 2855 1984 pro
2913 1914 3135 1968 arbitrio
3165 1911 3419 1966 formulas

1853 2027 2067 2079 precum
2103 2020 2408 2073 contexere.
2459 2025 2659 2079 easque
2698 2010 2752 2062 in
2809 2007 3039 2076 publicis
3071 2005 3419 2059 conventibus

1850 2103 2081 2156 recitare
2115 2103 2312 2166 liceat;
2347 2103 2438 2155 sed
2470 2103 2710 2164 easdem,
2741 2102 2841 2154 hoc
2871 2109 2976 2161 est,
3008 2099 3257 2152 diuturna
3290 2113 3418 2148 con-

1847 2196 2130 2249 suetudine
2159 2204 2464 2262 usurpatas,
2504 2194 2555 2246 in
2578 2207 2904 2263 quocunque
2932 2200 3198 2245 conventu
3225 2202 3414 2243 omnes

1848 2290 2132 2351 retineant,
2165 2286 2464 2341 deﬁnitum.

1846 2377 2072 2431 ARIST.
2112 2398 2130 2428 ι
2163 2378 2331 2433 Nonis
2365 2394 2428 2432 ac
2457 2378 2695 2446 vesperis
2757 2377 2958 2431 eaedem
3023 2390 3213 2446 preces
3263 2390 3418 2442 pera-

2489 2487 2507 2518 ε
2537 2478 2750 2536 gantur.
2791 2487 2808 2519 ι

1917 2561 2118 2614 Praeter
2145 2574 2335 2629 preces
2364 2561 2688 2615 auctoritate
2716 2559 3118 2626 comprobatus,
3149 2568 3202 2612 et
3246 2558 3416 2611 libros

1845 2654 2106 2708 canonice
2156 2655 2398 2708 sancitos
2427 2692 2440 2716 ,
2501 2668 2602 2704 non
2651 2661 2862 2719 oportet
2922 2651 3056 2704 alias
3096 2666 3284 2718 preces
3332 2653 3414 2705 vel

1842 2744 2078 2813 psalmos
2110 2744 2371 2812 privatos,
2399 2743 2478 2796 vel
2511 2744 2687 2810 legere
2725 2742 2810 2792 vel
2854 2741 3106 2807 psallere,
3152 2741 3252 2796 sed
3290 2756 3414 2795 eas-

1845 2842 1964 2894 dem
1999 2847 2185 2904 preces
2212 2850 2426 2904 semper
2459 2849 2736 2903 peragere,
2791 2843 2845 2888 et
2879 2834 2928 2885 in
2968 2834 3127 2887 nonis
3160 2833 3289 2886 etin
3324 2847 3413 2885 ve-

1846 2930 2037 3000 aperis.

2421 3021 2653 3095 canon
2689 3021 2831 3075 Xlx.

165 3128 208 3161 ι·
233 3111 370 3181 Περὶ
407 3112 501 3164 τοῦ
532 3112 642 3164 δεῖν
676 3114 780 3185 ἰδίᾳ
813 3116 1028 3181 πρῶτον
1083 3118 1220 3187 μετὰ
1251 3119 1350 3181 τὰς
1383 3121 1598 3189 ὁμιλίας
1629 3125 1739 3175 τῶν

1851 3136 1868 3168 ε
1905 3117 2056 3184 Quod
2077 3100 2287 3186 oportet
2319 3131 2562 3172 seorsum
2605 3116 2859 3183 primum,
2893 3124 3016 3182 post
3037 3113 3410 3181 episcoporum

251 3219 271 3251 ε
308 3203 624 3256 ἐπισκόπων
655 3206 750 3257 καὶ
788 3205 896 3258 τῶν
935 3209 1358 3277 κατηχουμένων
1401 3211 1568 3283 εὐχὴν
1619 3214 1738 3266 ἐπι-

249 3312 269 3344 ε
307 3294 600 3359 τελεῖσθαι,
633 3295 727 3348 καὶ
762 3299 900 3366 μετὰ
957 3299 1016 3350 τὸ
1062 3301 1300 3363 ἐξελθεῖν
1327 3343 1340 3366 ,
1383 3305 1511 3366 τοὺς
1564 3323 1740 3375 κατη-

251 3406 270 3438 ε
305 3390 603 3457 χουμένους
633 3387 742 3443 τῶν
778 3392 839 3442 ὲν
870 3393 1131 3462 μετανοίᾳ
1163 3392 1257 3464 τὴν
1287 3395 1450 3464 εὐχὴν
1469 3398 1733 3465 γίνεσθαι,

252 3500 272 3531 ε
307 3481 403 3533 καὶ
423 3481 628 3534 τούτων
660 3483 1070 3552 προσελθόντων
1121 3485 1224 3538 ὑπὸ
1266 3491 1422 3556 χεῖρα
1458 3491 1551 3542 καὶ
1606 3491 1737 3544 ὕπο-

250 3591 268 3623 ι
307 3575 691 3643 χωρησάντων,
733 3573 875 3628 οὕτω
927 3576 1035 3627 τῶν
1066 3571 1306 3630 “πιστῶν
1337 3580 1432 3643 τὰς
1466 3582 1629 3650 εὐχὰς
1656 3584 1737 3652 γί.

249 3682 267 3716 ε
313 3667 499 3720 νεσθαι
535 3671 685 3737 τρεῖς
712 3708 726 3731 ,
766 3668 894 3737 μίαν
927 3668 1025 3737 μὲν
1057 3669 1156 3739 τὴν
1202 3671 1426 3743 πρώτην
1474 3675 1560 3729 διὰ
1612 3694 1739 3729 σιω-

246 3774 264 3805 ι
306 3755 430 3821 πῆς,
469 3755 567 3826 τὴν
589 3757 647 3808 δὲ
680 3757 942 3826 δευτέραν
982 3760 1075 3812 καὶ
1104 3760 1292 3830 τρίτην
1332 3761 1418 3815 διὰ
1481 3782 1735 3836 προσφωο

242 3867 262 3897 ε
300 3851 508 3916 νήσεως
579 3850 943 3920 πληροῦσθαι’
981 3846 1082 3903 εἷθ’
1141 3853 1281 3906 οὕτω
1340 3855 1438 3926 τὴν
1513 3860 1737 3931 εἰρήνην

245 3958 267 3990 c
299 3941 557 3995 δίδοσθαι.
594 3943 703 3995 Καὶ
729 3947 866 4012 μετὰ
888 3943 954 3996 τὸ·
975 3945 1382 4016 πρεσϐυτέρους
1425 3949 1610 4014 δοῦναι
1658 3955 1736 4021 τῷ

244 4047 262 4079 ι
298 4030 585 4101 ὲπισκόπῳ
610 4032 708 4100 τὴν
748 4034 992 4103 εἰρήνην,
1039 4035 1160 4086 τότε
1193 4039 1318 4099 τοὺς
1365 4040 1590 4104 λαῖκοὺς
1637 4044 1736 4113 τήν

248 4140 268 4172 ε
306 4125 530 4193 εἰρήνην
564 4125 787 4188 διδόναι,
820 4129 913 4180 καὶ
942 4129 1085 4183 οὕτω
1119 4132 1218 4201 τὴν
1274 4132 1434 4199 ἁγίαν
1492 4149 1737 4202 προσφο-

249 4233 269 4266 ε
307 4217 408 4285 ρὰν
452 4208 840 4272 ἐπιτελεῖσθαι.
891 4222 1000 4274 Καὶ
1057 4223 1242 4292 μόνοις
1296 4224 1414 4290 ὲξδν
1446 4206 1737 4290 εἷναιὶτοῖς

247 4308 597 4377 «ἱερατικοῖς
661 4308 887 4363 εἰσιέναι
922 4313 1002 4375 εἰς
1059 4314 1118 4365 τὸ
1175 4314 1585 4387 θυσιαστήριον,
1643 4321 1738 4372 καὶ

246 4420 265 4453 ε
300 4405 598 4456 κοινωνεῖν.
634 4422 652 4455 ι
1311 4410 1322 4417 ”

1925 3228 1944 3260 ε
1980 3225 2282 3275 sermones,
2317 3209 2826 3261 catechumenornm
2853 3200 3149 3258 arationem
3187 3202 3368 3272 peragi
3393 3240 3410 3262 ,

1917 3322 1939 3357 ι
1979 3313 2032 3358 et
2065 3312 2345 3373 postquam
2377 3303 2606 3356 exierint
2639 3299 3039 3359 calechnmeni,
3077 3311 3288 3358 eorum,
3317 3295 3408 3362 qui

1916 3416 1935 3449 ε
1971 3397 2340 3466 paenitentiam
2374 3403 2560 3462 agunt,
2599 3394 2711 3446 fieri
2756 3393 3053 3444 orationem
3082 3433 3096 3453 ,
3132 3401 3185 3443 et
3223 3403 3343 3441 cum
3375 3388 3408 3440 ii

1916 3511 1933 3542 ι
1977 3491 2076 3543 sub
2118 3504 2331 3542 manum
2365 3486 2689 3540 accesserint
2718 3496 2769 3538 et
2802 3484 3142 3544 secesserint,
3201 3491 3309 3534 tres
3348 3480 3409 3531 li-

1916 3600 1935 3632 ε
1968 3581 2164 3634 delium
2196 3593 2386 3647 preces
2417 3578 2495 3630 sic
2527 3576 2643 3630 ﬁeri
2677 3593 2692 3639 ;
2745 3590 2903 3626 unam
2937 3573 3176 3640 quidem,
3201 3571 3409 3623 scilicet

1919 3693 1937 3725 ι
1977 3673 2227 3740 primam.
2262 3648 2508 3733 silentio;
2547 3668 2834 3721 secundant
2870 3676 3046 3745 autem
3092 3673 3144 3717 et
3189 3664 3402 3714 tertiam

1913 3785 1931 3818 ι
1968 3764 2406 3834 pronuntiatione
2445 3761 2688 3829 impleri;
2724 3759 2916 3812 deinde
2937 3759 3014 3811 sic
3050 3771 3232 3823 pacem
3267 3755 3406 3809 dari.

1913 3879 1930 3910 ε
1968 3858 2030 3911 Et
2058 3869 2407 3927 posteaquam
2441 3851 2736 3923 presbyteri
2765 3851 3016 3918 episcopo
3036 3863 3218 3917 pacem
3247 3848 3408 3900 «lede-
3466 3862 3478 3874 ·

1918 3970 1934 3998 ε
1978 3951 2106 4012 rint,
2141 3959 2264 4000 tunc
2293 3946 2460 4000 laicos
2496 3945 2656 3998 etiam
2693 3957 2878 4010 pacem
2916 3941 3066 4000 dare,
3103 3950 3155 3992 et
3179 3939 3256 3991 sie
3285 3953 3408 3989 san-

1913 4059 1931 4091 ι
1968 4051 2108 4095 ctam
2135 4040 2470 4092 oblationem
2493 4035 2694 4102 perlici.
2729 4033 2794 4086 Et
2831 4033 2961 4087 solis
2986 4033 3148 4085 licere
3179 4030 3406 4084 sacratis

1914 4151 1933 4184 ι
1978 4133 2041 4185 ad
2066 4133 2236 4184 altare
2266 4130 2526 4183 accedere
2560 4137 2613 4180 et
2639 4125 3062 4180 communicare.
3094 4140 3114 4174 ι

3258 4367 3295 4400 s‘

236 4480 449 4548 ΒΑΛΣ.
487 4496 904 4566 Κατηχούμενοι
957 4499 1058 4568 μὲν
1112 4500 1360 4568 λέγονται
1395 4520 1442 4554 οι
1485 4504 1620 4573 πρὸς
1676 4507 1735 4557 τδ

1915 4497 2104 4553 BALS.
2139 4498 2517 4552 Catechumeni
2549 4498 2831 4562 dicuntur,
2855 4498 2946 4568 qui
2974 4498 3039 4552 ad
3080 4499 3404 4565 baptismum

168 4587 452 4658 βάπτισμα
502 4589 936 4658 ἐτοιμαζόμενοι.
983 4592 1073 4644 Ἐν
1136 4593 1395 4665 μετανοίᾳ
1427 4595 1484 4645 δέ
1517 4597 1652 4650 εἰσιν
1685 4599 1732 4648 οἰ

162 4678 260 4731 διά
313 4695 434 4730 τινα
481 4680 859 4748 ἁμαρτήματα
913 4671 1348 4752 ἐπιτιμηθέντες
1409 4687 1615 4751 πιστοὶ,
1684 4689 1731 4740 οἱ

168 4769 481 4838 ἀξιούμενοι
520 4771 612 4822 καὶ
641 4774 741 4838 τῆς
773 4771 935 4839 ἁγίας
994 4773 1378 4842 μεταλήψεως.
1436 4777 1736 4845 Καταλαμ-

169 4857 392 4914 ϐἀνεται
424 4859 514 4914 οὖν
540 4861 616 4924 ὡς
658 4862 809 4932 sunt
835 4880 918 4926 τις
973 4863 1263 4917 ἀκολουθία
1320 4866 1540 4934 ἐκράτει
1595 4869 1734 4920 κατὰ

169 4954 262 5006 τὸν
296 4955 419 5006 τότε
451 4955 643 5025 καιρὸν
683 4955 742 5006 ὲν
785 4957 851 5026 τῇ
893 4955 1013 5026 θείᾳ
1067 4956 1460 5029 ίεροτελεστίᾳ·
1500 4960 1591 5012 καὶ
1645 4960 1733 5012 διὰ

172 5045 325 5098 τοῦτο
353 5047 401 5099 οἰ
421 5047 660 5115 Πατέρες
695 5048 903 5118 ὥρισαν
933 5049 1002 5102 τὰ
1031 5050 1286 5102 ἐνταυθοῖ
1313 5051 1730 5105 κανονισθέντα.

175 5132 332 5188 Ἐπεὶ
361 5137 417 5189 δὲ
457 5139 700 5207 σήμερον
731 5140 811 5201 είς
841 5140 1009 5209 ἄλλην
1045 5140 1367 5192 ἀκολουθίαν
1434 5142 1734 5209 μετέπεσον

174 5230 358 5294 ταῦτα,
389 5231 450 5282 οὐ
479 5232 585 5300 χρὴ
609 5232 990 5303 περὶέκείνων
1045 5232 1393 5303 ἑρμηνεύειν.
1424 5233 1626 5302 Εἰρήνη
1676 5233 1732 5286 δὲ

175 5320 336 5384 μέσον
363 5319 472 5372 τῶν
498 5321 814 5374 ἐπισκόπων
843 5321 1089 5389 γίνεσθαι
1132 5301 1223 5375 διά
1243 5322 1358 5376 -τοῦ
1410 5323 1729 5393 ἀσπασμοῦ.
1754 5376 1760 5387 ,

184 5411 420 5482 Ἀγάπης
451 5413 557 5482 γὰρ
587 5411 857 5482 σύμϐολόν
893 5414 1040 5465 ἐστιν
1095 5415 1124 5466 ό
1166 5414 1512 5484 ἀσπασμός..
1543 5416 1621 5483 Τῇ
1677 5416 1731 5469 δὲ

170 5498 353 5569 ἀγάπῃ
387 5500 448 5552 τὸ
488 5500 796 5568 εἰρηνεύειν
842 5501 1127 5570 ἑπόμενον.
1196 5505 1509 5572 Σημείωσαι
1563 5505 1618 5558 δὲ
1650 5507 1733 5559 ὃτι

174 5589 267 5641 καὶ
305 5590 415 5644 ἀπὸ
445 5590 538 5644 τοῦ
571 5593 842 5663 παρόντος
895 5578 1120 5660 κανόνος
1182 5596 1364 5664 μόνοις
1423 5600 1534 5661 τοῖς
1576 5598 1732 5668 ίερωο

178 5683 352 5750 μένοις
396 5685 606 5751 ἐφεῖται
666 5688 814 5750 ἐντὸς
856 5687 950 5739 τοῦ
994 5687 1377 5758 θυσιαστηρίου
1422 5692 1722 5741 κοινωνεῖν.

176 5774 304 5841 Περί
329 5775 382 5827 δὲ
406 5775 500 5833 τοῦ
539 5779 613 5847 μὴ
637 5780 860 5832 εἰσιέναι
896 5780 1119 5843 λαῖκοὺς
1181 5783 1260 5844 εἰς
1317 5780 1376 5833 τὺ
1427 5781 1728 5850 θυσιαστή-
1758 5801 1770 5815 ·

1843 4605 2234 4660 ιιταιρεηηιιιν.
2265 4590 2320 4643 In
2357 4592 2669 4660 pmnitentia
2709 4601 2836 4644 sunt
2889 4605 2980 4644 seu
3035 4592 3405 4658 ptenitentiam

1842 4694 2007 4754 agunt
2044 4684 2248 4752 ﬁdeles,
2283 4685 2475 4752 quibus
2506 4685 2574 4738 ob
2608 4695 2826 4752 peccata
2879 4683 3054 4752 aliqua
3106 4698 3263 4750 pmna
3324 4685 3408 4739 in-

1835 4776 2014 4843 juncta
2071 4790 2176 4837 est,
2229 4778 2316 4845 qui
2372 4779 2533 4829 etiam
2592 4789 2775 4830 sancta
2826 4776 3204 4831 communione
3258 4777 3401 4844 digni

1841 4866 2125 4920 habentur.
2155 4865 2435 4934 Colligitur
2465 4883 2613 4936 ergo,
2648 4868 2788 4934 quod
2842 4868 2948 4920 alia
2999 4867 3240 4934 quaedam
3291 4877 3403 4920 erat

1841 4960 2219 5028 consequentia
2249 4959 2300 5012 in
2333 4974 2487 5012 sacro
2522 4960 2706 5013 divino
2742 4939 2999 5028 mysterio
3046 4974 3111 5012 eo
3139 4970 3400 5027 tempore,

1839 5060 1895 5107 et
1929 5062 2207 5121 prOplerea
2235 5061 2537 5107 statuerunt
2556 5067 2768 5122 quoque
2799 5051 2985 5106 Patres
3018 5067 3136 5121 quae
3159 5053 3243 5107 hic
3271 5068 3402 5106 con-

1840 5147 2021 5200 stituta
2058 5156 2200 5201 sunt.
2233 5147 2496 5212 Quoniam
2547 5154 2725 5199 autem
2776 5146 2887 5200 haec
2910 5145 2976 5198 ad
3009 5146 3166 5198 aliam
3212 5161 3403 5200 conse-

1840 5234 2116 5302 quentiam
2143 5250 2281 5287 nunc
2302 5234 2506 5288 dierum
2536 5234 2888 5298 devenerunt,
2907 5249 2967 5287 ea
3002 5234 3400 5301 interpretanda

1843 5342 1943 5380 non
1984 5336 2128 5382 Sunt.
2160 5325 2268 5379 Pax
2295 5335 2471 5380 autem
2506 5327 2563 5379 ﬁt
2591 5327 2730 5379 inter
2769 5326 3049 5395 episcopos
3077 5341 3171 5397 per
3197 5329 3400 5382 saluta-

1840 5418 2036 5494 tionem
2064 5432 2158 5471 seu
2189 5417 2514 5486 amplexum.
2563 5415 2875 5473 Dilectionis
2915 5419 3059 5473 enim
3088 5418 3298 5488 signum
3323 5429 3405 5472 est

1841 5509 2089 5563 salutatio
2115 5520 2168 5562 et
2200 5509 2525 5577 complexus.
2556 5508 2840 5564 Dilectioni
2891 5520 3068 5564 autem
3124 5511 3400 5579 paciﬁcum

1840 5616 1960 5656 esse
1988 5610 2069 5656 est
2091 5615 2444 5671 consequens.
2478 5601 2610 5655 Nota
2670 5614 2869 5669 autem,
2899 5602 3039 5672 quod
3064 5618 3128 5656 ex
3154 5603 3402 5670 prmsenti

1837 5707 2045 5747 canone
2072 5692 2200 5747 solis
2225 5694 2451 5748 sacratis
2485 5695 2812 5762 permittitur
2838 5694 2902 5747 ad
2947 5694 3117 5747 altare
3156 5707 3401 5749 commn-

1843 5784 2042 5838 nicare.
2075 5782 2228 5849 Quod
2251 5793 2428 5840 autem
2459 5799 2563 5838 non
2593 5784 2820 5839 debeant
2851 5783 2968 5839 laici
3004 5784 3066 5838 ad
3109 5783 3278 5839 altare
3320 5785 3426 5839 in--
