4178 6420
176 349 316 415 I359
569 381 578 393 ·
1354 359 1440 420 IN
1471 360 1636 421 CAN.
1679 362 1847 423 XXII
1877 363 2082 423 CONC.
2115 362 2330 422 LAOD.

754 465 990 520 ΚΔΝΩΝ
1017 470 1146 524 KA'.
1772 491 1790 532 λ

2423 469 2648 526 ΕΑΝΟΝ
2691 470 2832 526 XXI.

184 594 205 626 ς
242 579 364 631 Ὀτι
399 580 458 633 οὗ
489 582 569 635 δεῖ
597 584 882 653 ὑπηρέτας
909 586 1054 656 ἔχειν
1103 587 1286 657 χώραν
1319 590 1378 640 ὲν
1440 589 1516 656 τῷ
1564 590 1748 642 διακο-

1906 587 2055 652 Quod
2086 602 2186 639 non
2218 596 2424 653 oportet
2456 587 2729 639 ministros
2763 586 2936 638 locum
2979 585 3174 639 habere
3210 585 3260 638 in
3283 585 3420 640 dias-

333 689 351 720 ι
382 671 535 740 νικῷ,
581 674 673 726 καὶ
699 674 964 729 ἅπτεσθαι
987 679 1095 730 τῶν
1124 679 1284 748 ἱερῶν
1317 681 1547 733 σκευῶν.
1583 700 1600 730 ι

2106 696 2124 729 ι
2167 678 2376 743 conico,
2410 687 2462 731 et
2493 693 2644 731 sacra
2687 693 2812 730 vasa
2853 690 3145 745 tangere.»

3271 357 3406 420 1370

258 785 453 838 ΒΑΛΣ.
496 785 805 857 ’Υπηρέται
834 791 1084 856 λέγονται
1120 794 1168 844 oi
1198 792 1564 845 ὐποδιάκονοι.
1613 794 1748 846 Τού-

179 893 310 938 τους
342 877 435 939 οὖν
466 879 663 930 κωλύει
700 882 726 932 ὁ
783 882 962 934 κανὼν
1013 884 1078 936 τὰ
1115 884 1224 935 τῶν
1270 884 1532 938 διακόνων
1584 903 1748 952 μετα-

181 967 548 1036 γειρίζεσθαι,
583 972 751 1041 ῆγουν
801 973 1072 1026 ἅπτεσθαι
1126 975 1235 1026 τῶν
1289 977 1453 1046 ἱερῶν
1515 978 1748 1043 σκευῶν,

1896 972 2018 1035 redi,
2055 986 2146 1025 seu
2173 987 2327 1025 sacra
2361 988 2486 1024 vasa
2525 984 2762 1037 tangere,
2797 973 3006 1026 scilicet
3053 975 3298 1040 corporis
3358 984 3412 1023 et

181 1059 434 1113 τουτέστι
485 1060 577 1112 τοῦ
631 1064 884 1128 σώματος
913 1066 1006 1118 καὶ
1061 1068 1292 1134 αἳματος
1347 1067 1442 1120 τοῦ
1489 1069 1766 1137 Χριστοῦν

1896 1066 2128 1135 inguinis
2155 1065 2381 1119 Christi.
2411 1065 2595 1134 Neque
2621 1066 2762 1118 enim
2808 1065 3034 1128 dixeris,
3067 1081 3172 1118 non
3222 1065 3413 1118 debere

182 1151 341 1216 Μηδὲ
365 1151 474 1219 γὰρ
497 1155 655 1224 εἴπῃς
687 1154 760 1222 μὴ
787 1155 1028 1225 ὀφείλειν
1069 1158 1290 1220 τούτους
1323 1159 1590 1212 ἅπτεσθαι
1644 1161 1752 1214 τῶν

1896 1172 1944 1210 ιε
1989 1173 2139 1210 sacra
2201 1171 2328 1210 vasa
2395 1168 2636 1226 tangere,
2700 1172 2795 1209 seu
2856 1170 3072 1209 sacrum
3107 1155 3328 1208 calicem
3361 1163 3415 1207 et

185 1242 355 1309 ῒερῶν
381 1244 620 1310 σκευῶν,
669 1247 788 1316 ἦτοι
842 1249 936 1301 τοῦ
991 1250 1148 1316 ἁγίου
1196 1254 1456 1323 ποτηρίου
1503 1261 1597 1306 καὶ
1654 1255 1748 1308 τοῦ

1896 1263 2058 1301 teram
2095 1249 2351 1316 patinam,
2417 1263 2536 1302 cum
2595 1255 2722 1301 sunt
2765 1249 2976 1300 inanes.
3027 1246 3223 1299 Eorum
3273 1244 3415 1297 enim

185 1339 350 1405 ἁγίου
393 1340 601 1400 δίσκου.
677 1341 850 1395 κενῶν
923 1343 1114 1396 ὄντων.
1176 1346 1369 1408 Λύτοῖς
1406 1348 1514 1415 γὰρ
1551 1348 1752 1415 μᾶλλον

1896 1340 2211 1394 ίίιιίειεγὶιιιη
2245 1340 2358 1395 sive
2389 1339 2680 1393 translatio
2713 1340 2794 1394 eis
2822 1339 2993 1399 magis
3028 1337 3307 1391 convenit.

183 1433 368 1484 οἰκεία
427 1433 574 1486 ἐστὶν
622 1436 653 1503 ἡ
693 1435 901 1487 τούτων
979 1437 1249 1506 ὑπηρεσία
1293 1437 1324 1506 ἦ
1379 1438 1475 1489 καλ⁸
1521 1437 1752 1505 μετάθε-

187 1542 302 1586 σις.

266 1639 506 1694 ΖΩΝΑΡ.
546 1640 860 1710 ’Υπηρέτας
939 1643 1065 1707 τοὺς
1148 1646 1534 1709 ὑποδιακόνους
1583 1647 1753 1714 λέγει,

1925 1648 2178 1704 ἏΟΝᾹΒ.
2215 1647 2488 1702 Ministros
2543 1647 2628 1701 hic
2674 1646 3074 1715 bypodiaeonos
3143 1648 3422 1710 nominat,

185 1728 286 1792 οὓς
323 1731 382 1782 οὐ
427 1731 760 1804 χρὴιφησὶν
807 1734 836 1784 ὁ
876 1733 1080 1798 κανὼν,
1143 1738 1328 1807 χώραν
1371 1738 1518 1806 ἔχειν
1569 1738 1628 1789 ὲν
1679 1737 1756 1806 τῷ

1896 1758 1989 1797 nos
2045 1742 2258 1810 quidem
2322 1756 2496 1794 canon
2563 1740 2615 1793 in
2682 1740 2963 1793 diaconico
2988 1741 3163 1791 locum
3229 1738 3425 1792 habere

186 1823 508 1890 διακονικῷ,
535 1825 656 1876 ἀντὶ
679 1826 800 1887 τοῦ,
844 1827 940 1880 οὐκ
964 1828 1346 1897 ὲκκεχὼρηται
1393 1829 1576 1890 αὐτοῖς
1599 1829 1752 1894 ὲνερ-
1787 1818 1790 1870 Ᾰ

1898 1842 2016 1902 egat
2071 1843 2341 1899 oportere.
2413 1831 2564 1899 Quod
2622 1833 2692 1886 ita
2749 1830 3156 1899 intelligendum
3202 1840 3304 1892 est,
3369 1839 3427 1881 nt

191 1917 311 1981 γεῖν
341 1915 410 1966 τά
451 1916 557 1968 τῶν
613 1917 896 1983 διακόνων,
947 1921 1041 1973 καὶ
1088 1921 1357 1975 ἅπτεσθαι
1406 1923 1512 1973 τῶν
1573 1922 1752 1987 ἱερῶν,

1899 1930 2212 1979 iaconorum
2250 1941 2470 1978 nmnera
2502 1925 2653 1978 obire
2680 1968 2696 1989 ,
2724 1940 2786 1978 ac
2836 1941 2921 1978 res
2969 1940 3151 1976 sacras
3175 1964 3190 1989 ,
3233 1938 3424 1992 panem

190 2008 221 2076 ἢ
247 2006 549 2077 τοῦ-ἄρτου
579 2009 674 2060 καὶ
704 2009 800 2062 τοῦ
836 2011 1005 2077 οῑνου,
1047 2013 1154 2065 τῶν
1184 2013 1263 2074 είς
1295 2012 1486 2064 θυσίαν
1516 2028 1758 2080 προσφε-

1896 2021 2068 2074 cilicet
2098 2034 2159 2074 ac
2191 2021 2393 2082 vinum,
2425 2033 2542 2086 quae
2579 2019 2628 2069 in
2659 2018 2928 2071 sacriﬁcio
2959 2016 3260 2070 ntTeruntnr
3284 2057 3297 2077 ,
3338 2023 3432 2068 aut

191 2098 464 2167 ρομένων,
512 2098 688 2167 ῆτῶν
729 2099 1036 2170 δεχομένων
1081 2101 1222 2155 αὐτὰ
1278 2102 1512 2162 σκευῶν,
1558 2100 1653 2153 τοῦ
1686 2103 1761 2152 ίε-

1898 2128 1986 2167 asa
2017 2112 2210 2179 quibus
2234 2111 2345 2164 haec
2375 2110 2722 2178 excipiuntur
2749 2148 2764 2170 ,
2808 2108 3058 2177 patellam
3113 2122 3302 2173 nempe
3345 2122 3432 2160 sa-

190 2191 294 2261 ροῦ
327 2193 511 2246 δίσκου
545 2194 638 2246 καὶ
667 2195 761 2248 τοῦ
815 2197 1075 2266 ποτηρίου
1097 2212 1114 2228 ο
1165 2197 1226 2250 ού
1269 2197 1377 2266 γὰρ
1432 2199 1641 2263 ἐφεῖται
1671 2195 1765 2248 αύ-

1899 2221 2008 2257 ram
2035 2216 2088 2258 et
2120 2204 2349 2258 calicem
2373 2203 2713 2270 contingere,
2765 2216 2886 2254 cum
2922 2216 3019 2254 nec
3064 2215 3288 2267 nsquam
3318 2200 3432 2267 lucc

1916 787 2107 841 BALS.
2141 788 2364 841 Ministri
2398 790 2649 842 dicuntur
2677 789 3023 843 subdiaconi.
3055 790 3236 842 (iannn
3275 805 3418 855 ergo

1849 895 1942 933 eos
1973 881 2218 948 prohibet
2270 896 2330 932 ea
2361 924 2375 946 ,
2407 897 2525 950 quzc
2573 883 2637 934 ad
2669 883 2926 935 diaconos
2968 884 3277 949 pertinent,
3318 899 3412 947 ag-

939 1643 1065 1707 τοὺς

191 2289 310 2349 τοῖς
347 2289 762 2357 προσκομίζειν.

338 2494 562 2546 ΛΡῐΣΤ.
604 2512 621 2543 ι
661 2493 879 2546 Σκευῶν
926 2488 1206 2562 ὑπηρέτης
1244 2492 1316 2562 μὴ
1344 2492 1622 2544 ἅπτοιτο.)

269 2587 344 2637 Οὐ
403 2586 793 2654 χειραπτοῢσιν
832 2586 880 2637 οί
957 2586 1224 2652 ὑπηρέται
1280 2585 1379 2653 τῆς
1436 2582 1770 2650 Ἐκκλησίας

196 2678 313 2731 τῶν
341 2679 553 2731 σκευῶν
603 2679 720 2731 τῶν
761 2678 1129 2731 δεσποτικῶν·
1180 2677 1315 2729 ἀλλὰ
1349 2673 1499 2745 παρὰ
1557 2675 1768 2744 ἱερέων,

197 2771 234 2842 ἢ
274 2771 560 2838 διακόνων,
606 2774 673 2841 τῇ
719 2772 844 2841 ἱερᾷ
874 2770 1122 2841 τραπέζῃ
1166 2769 1337 2822 ταῦτα
1377 2768 1770 2839 προσάγονται.

770 2905 1010 2960 ΚΑΝΩΝ
1063 2906 1189 2959 KB'.

206 3068 228 3097 ‹
279 3047 400 3100 Ὀτι
432 3044 494 3098 οὗ
517 3045 596 3098 δεῖ
640 3046 920 3114 ὑπηρέτην
969 3046 1206 3116 ὡράριον
1255 3048 1464 3116 φορεῖν,
1511 3046 1630 3100 οὐδὲ
1679 3047 1777 3110 τὰς

573 3158 591 3190 ι
633 3139 802 3207 θύρας
829 3140 1353 3208 ἐγκαταλιμπάνειν.
1397 3160 1415 3192 r
1798 3148 1842 3205 α

282 3279 472 3333 ΒΑΛΣ.
503 3279 577 3330 Τὸ
618 3278 856 3346 ὼράριον
885 3280 1075 3347 φορεῖν
1102 3278 1277 3346 μόνων
1305 3278 1421 3331 ἐστὶ
1457 3279 1567 3331 τῶν
1592 3280 1777 3334 διακό·

199 3389 334 3424 νων.
359 3365 516 3424 Οὗτοι
546 3367 654 3440 γὰρ
682 3371 793 3429 τοῖς
825 3369 1167 3438 ίερουργοῦσι
1205 3370 1628 3439 παριστάμενοι.
1687 3371 1782 3425 καὶ

202 3461 599 3528 ἐπιτηροῦντες
631 3460 728 3522 τὰς
758 3459 866 3512 τῶν
891 3460 1062 3526 ἁγίων
1098 3461 1272 3531 εὐχῶν
1302 3461 1528 3522 τελετὰς
1556 3463 1650 3516 καὶ
1682 3450 1783 3525 τάξ

201 3552 320 3605 τῶν
362 3552 751 3621 πρεσϐυτέρων
775 3553 1139 3621 ἐκφωνήσεις,
1178 3553 1416 3606 διδόασιν
1461 3554 1668 3624 εἴδησιν
1695 3555 1782 3609 διὰ

213 3642 314 3696 τοῦ
354 3643 596 3712 ὼραρίου
623 3643 736 3705 τοῖς
763 3644 819 3694 ἐν
851 3642 928 3712 τῷ
962 3642 1175 3712 ἄμϐωνι
1203 3643 1482 3706 διακόνοις
1517 3645 1616 3712 τῆς
1632 3645 1784 3712 ὀφει-

207 3734 415 3802 λούσης
437 3734 684 3802 γίνεσθαι
708 3733 1093 3804 ὲκφωνήσεως,
1126 3734 1296 3804 ἦγουν
1322 3733 1417 3787 τοῦ
1462 3735 1656 3804 καιροῦ
1686 3737 1783 3802 τῆς

209 3828 442 3896 ἑκτενῆς
465 3828 574 3879 τῶν
613 3827 886 3891 αἰτήσεων
915 3827 1024 3879 τῶν
1057 3828 1504 3896 κατηχουμένων,
1531 3830 1629 3880 καὶ
1679 3829 1786 3881 τῶν

210 3920 438 3973 λοιπῶν.
465 3919 575 3971 Καὶ
604 3917 805 3988 ἐκλήθη
839 3919 1077 3987 ὡράριον
1111 3919 1219 3995 ἀπὺ
1240 3917 1331 3971 τοῦ
1370 3919 1504 3988 ὁρῶ,
1561 3920 1622 3971 τὸ
1689 3937 1789 3986 φυ-

213 4012 406 4065 λάσσω
440 4013 533 4064 καλ⁵
566 4009 834 4079 ὲπιτηρῶ.
859 4010 1072 4079 Ὠσπερ
1099 4009 1154 4060 δὲ
1187 4011 1306 4077 ’τοῖς¹
1337 4009 1606 4070 διακόνοις
1633 4008 1790 4061 τοῦτο
1809 4057 1830 4067 ,

211 4089 563 4173 ἀπενεμήθη,
588 4104 839 4156 δέδοκται·
859 4101 954 4156 καί
979 4102 1106 4166 τοὺς
1132 4100 1523 4161 ὑποδιακόνους
1562 4101 1666 4154 τὰς
1697 4100 1792 4152 θύ-

217 4214 327 4268 ρας
353 4197 462 4249 τῶν
489 4195 799 4266 ἐκκλησιῶν
824 4195 1093 4264 κατέχειν,
1148 4194 1247 4247 καὶ
1290 4194 1535 4260 εἰσάγειν
1576 4192 1669 4246 καὶ
1708 4193 1794 4257 ἐξ·

215 4288 378 4354 άγειν
407 4291 530 4352 τοὺς
553 4288 992 4356 κατηχουμένους
1020 4286 1114 4340 καὶ
1137 4286 1265 4341 τοὺς
1289 4286 1345 4336 ὲν
1372 4284 1631 4354 μετανοίᾳ
1658 4300 1673 4316 ο
1703 4283 1792 4335 διὰ

215 4385 334 4456 γὰρ
366 4378 524 4431 τοῦτο
557 4379 650 4430 καὶ
685 4379 930 4447 σήμερον
957 4377 1106 4446 παρὰ
1135 4376 1244 4430 τῶν
1282 4374 1650 4429 ὑποδιακόνων
1704 4373 1796 4424 λέο

1864 2293 2059 2349 deferri
2091 2309 2186 2363 per
2213 2308 2308 2347 eos
2335 2294 2498 2347 liceat
2525 2332 2544 2356 ,
2581 2307 2919 2361 nequaquam
2953 2292 3082 2360 ipsis
3113 2306 3429 2344 concessum

1867 2402 1988 2440 esse
2019 2389 2372 2440 demonstret.

1869 2500 2094 2555 ARIST.
2131 2519 2148 2552 ι
2183 2499 2321 2554 Vasa
2354 2500 2602 2552 minister
2635 2514 2702 2552 nc
2740 2507 2945 2565 tangat.
2991 2517 3008 2550 ι

1943 2590 2191 2652 Ecclesia!
2241 2590 2472 2642 ministri
2529 2603 2655 2640 vasa
2718 2587 2993 2641 Dominica
3047 2587 3290 2639 mauilms
3332 2601 3445 2638 non

1873 2686 2118 2745 tangunt,
2149 2677 2238 2730 scd
2267 2691 2294 2727 a
2323 2676 2698 2732 sacerdotibus
2723 2685 2816 2728 ant
2845 2675 3086 2729 diaconis
3109 2678 3172 2728 ad
3203 2691 3434 2729 mensam

1873 2789 1937 2828 ea
1968 2772 2324 2826 adducuntur.

2328 2911 2488 2982 [.33
2537 2909 2766 2966 canos
2807 2911 2956 2966 χχιι

1885 3062 1905 3096 ι
1939 3043 2090 3111 Quod
2115 3058 2218 3098 non
2242 3053 2452 3111 oportet
2478 3043 2785 3095 ministrum
2817 3041 2960 3096 ferre
2985 3043 3245 3106 orarium,
3275 3058 3446 3111 ncqnc

2346 3154 2363 3186 ι
2405 3135 2539 3188 ostia
2575 3134 2896 3202 relinquere.
2935 3152 2955 3185 ι

1949 3271 2140 3326 BALS.
2179 3270 2425 3323 Orarium
2477 3270 2618 3322 ferre
2669 3278 2750 3322 est
2806 3270 3043 3323 solorum
3075 3270 3452 3325 diaconorum.

1883 3367 1946 3420 lli
1973 3367 2116 3421 enim
2171 3365 2270 3425 eis,
2297 3363 2388 3430 qui
2432 3363 2729 3423 celebrant,
2785 3364 3124 3426 assistentes,
3158 3373 3209 3416 et
3244 3373 3458 3415 sancta-

1882 3471 1999 3509 rum
2034 3454 2340 3509 orationum
2379 3452 2666 3521 mysteria,
2708 3462 2761 3504 et
2790 3453 3232 3522 presbyterorum
3274 3454 3453 3521 prola-

1884 3547 2058 3601 tione:
2094 3547 2462 3604 observantes,
2499 3544 2580 3597 eis
2608 3546 2698 3611 qui
2738 3555 2863 3596 sunt
2905 3544 2956 3596 in
2989 3555 3241 3614 suggestu
3275 3545 3456 3598 diaco-

1884 3641 1971 3694 nis
2001 3653 2096 3706 per
2124 3623 2364 3690 orarium
2399 3635 2708 3703 signiﬁcant
2735 3634 2952 3702 quando
2977 3637 3162 3688 debeat
3188 3636 3300 3689 ﬁeri
3333 3652 3460 3705 pro-

1887 3730 2154 3784 mmtiatio
2181 3743 2275 3782 seu
2311 3727 2539 3796 prolatio
2571 3728 2892 3794 petitionum
2919 3727 3457 3791 catechumenorum,

1886 3837 1941 3880 et
1972 3826 2324 3891 reliquorum.
2359 3823 2425 3876 Et
2477 3821 2799 3892 appellatum
2834 3831 2916 3876 est
2943 3824 3182 3876 orarium
3227 3825 3336 3875 ἀπὸ
3367 3823 3462 3876 τοῦ

1889 3919 2024 3989 δρῶ,
2057 3918 2200 3986 quod
2232 3927 2319 3970 est
2356 3917 2611 3969 observo.
2647 3914 3107 3979 Quemadmodum
3156 3927 3332 3969 autem
3366 3917 3466 3970 hoc

1891 4013 2132 4065 diaconis
2178 4019 2262 4064 est
2299 4007 2648 4070 attributum,
2703 4006 2875 4060 visum
2927 4017 3011 4060 est
3068 4009 3467 4077 bypndiaconos

1891 4117 2108 4172 quoque
2139 4101 2492 4180 ecclesiarum
2541 4104 2684 4158 fores
2717 4113 2922 4163 tenere.
2958 4112 3010 4155 et
3042 4097 3462 4155 catechumenos;

1893 4193 2242 4249 introducere
2272 4204 2326 4248 et
2355 4195 2608 4259 educere,
2649 4211 2713 4248 ac
2740 4209 2835 4248 eos
2879 4193 2967 4261 qui
3003 4205 3131 4246 sunt
3188 4194 3239 4246 in
3293 4195 3468 4259 pecni-

1896 4290 2083 4342 tentia.
2120 4285 2414 4357 Pr0pterea
2445 4288 2587 4341 enim
2622 4288 2788 4342 hodie
2817 4301 3033 4355 quoque
3071 4287 3233 4339 etiam
3275 4288 3341 4339 ab
3374 4286 3471 4355 by-

1897 4381 2211 4449 podiaconis
2247 4380 2443 4434 dicitur
2471 4380 2625 4444 illud,
2657 4380 2933 4451 Quotquot
2962 4381 3168 4442 ﬁdeles,
3202 4379 3289 4444 qui
3326 4377 3473 4430 scili-

219 4489 384 4540 γεται
409 4472 490 4533 τὸ,
514 4470 671 4522 Ὅσοι
697 4469 899 4530 πιστοὶ,
921 4466 1164 4534 δηλονότι
1199 4468 1250 4518 οἱ
1277 4467 1351 4534 μὴ
1407 4467 1611 4525 πιστοὶ,
1657 4465 1790 4517 ἀλλὰ

1898 4484 1984 4526 cet
2008 4488 2112 4525 non
2143 4471 2278 4525 estis
2305 4470 2511 4534 ﬁdeles,
2535 4471 2628 4524 sed
2657 4468 3054 4530 catechumeni.
3100 4468 3419 4537 egredimini
3444 4483 3460 4518 :

215 4562 624 4633 κατηχούμενοι
647 4561 822 4621 ὄντες.
855 4558 1100 4624 ὲξέλθετε
1129 4558 1214 4622 {oi
1239 4559 1295 4611 δὲ
1316 4558 1519 4621 πιστοὶ,
1551 4558 1794 4621 ἴστασθε,

215 4657 483 4725 ὀψόμενοι
523 4655 622 4719 τὴν
650 4654 756 4706 τῶν
789 4653 960 4720 ἁγίων
999 4651 1318 4721 μυστηρίων
1347 4652 1562 4704 θυσίαν.
1597 4651 1706 4704 Καὶ
1734 4651 1795 4703 οὐ

224 4748 388 4817 μόνον
418 4746 596 4799 ταῦτα
633 4746 702 4798 τὰ
729 4744 1003 4814 προνόμια
1040 4743 1254 4806 τούτοις
1314 4743 1611 4811 ἐδόθησαν-ο
1663 4743 1798 4796 ἀλλά

220 4832 462 4901 καὶτοῖς
507 4839 718 4901 λοιποῖς
764 4838 1032 4906 τάγμασι.
1093 4837 1220 4898 Τοῖς
1271 4836 1381 4904 γὰρ
1423 4835 1800 4902 ἀναγνώσταις

216 4932 474 4986 διακονία
509 4930 670 5001 ἐδόθη
703 4931 826 5001 ούχὶ
855 4930 915 4982 τὸ
941 4929 1186 4999 ψάλλειν,
1223 4929 1360 4981 ἀλλὰ
1417 4931 1477 4982 τὸ
1531 4927 1799 4996 ἀναγινώ-

230 5040 389 5076 σκειν
415 5021 516 5084 τὰς
538 5021 687 5083 θείας
711 5021 934 5090 Γραφὰς
955 5021 1046 5071 ἐπὶ
1068 5023 1220 5090 κοινῇ
1245 5019 1530 5088 ἀκροάσει,
1568 5019 1664 5070 καὶ
1690 5020 1803 5080 τοῖς

221 5114 464 5183 ψάλταις
483 5111 802 5177 τὸψάλὶειν.
869 5110 1090 5179 Ἐπειδὴ
1142 5108 1234 5162 οὖν
1280 5108 1602 5178 ἐπεχείρουν
1659 5108 1802 5168 τινὲς

225 5205 574 5259 ὑποδιάκονοι
597 5203 814 5273 ὠράρια
841 5205 1025 5272 φορεῖν
1052 5201 1199 5271 παρὰ
1224 5200 1321 5271 τὴν
1342 5199 1803 5270 ἐκκλησιαστικὴν

229 5298 557 5366 παράδοσιν,
594 5296 880 5349 ἐκώλυσαν
903 5294 1062 5347 τοῦτο
1097 5295 1146 5345 οἱ
1189 5294 1454 5363 Πατέρες,
1478 5293 1575 5344 καὶ
1620 5292 1806 5359 διωρί-

230 5407 394 5442 σαντο
422 5390 495 5458 μὴ
519 5388 1022 5458 ὲγκαταλιμπάνειν
1058 5371 1260 5448 αὐτοὺς
1290 5385 1388 5456 τὴν
1421 5383 1669 5452 φυλακὴν
1695 5383 1804 5436 τῶν

230 5482 687 5551 ἀπονεμηθεισῶν
728 5482 910 5542 αὐτοῖς
944 5479 1123 5550 θυρῶν
1167 5479 1275 5532 τῶν
1336 5477 1665 5546 ἐκκλησιῶν,
1719 5477 1804 5530 ῖνα

236 5576 316 5645 μὴ
355 5573 552 5638 ἀταξία
579 5573 802 5641 γένηται
837 5571 946 5625 τῶν
971 5571 1131 5642 ῖερῶν
1158 5569 1474 5639 ταγμάτων.
1528 5611 1538 5622 η

311 5712 557 5784 ΖΩΝΑΙῖι
606 5711 851 5781 Ἑκάστῳ
913 5710 1044 5781 ἱερῷ
1109 5709 1352 5780 τάγματι
1405 5706 1811 5777 απονενέμηται

233 5806 334 5861 καὶ
389 5802 561 5873 στολὴῖ
598 5804 772 5858 οἰκεία
826 5802 996 5872 αὐτῷ,
1055 5803 1149 5856 καὶ
1207 5802 1501 5872 ὑπηρεσία.
1528 5801 1653 5863 Τοῖς
1680 5797 1811 5868 γοῦν

1904 4564 2084 4618 ﬁdeles
2111 4574 2290 4616 autem
2338 4571 2498 4624 state,
2528 4562 2703 4617 visuri
2730 4571 3041 4614 sanctorum
3092 4561 3470 4630 mysteriorum

1901 4656 2252 4710 sacriﬁcium.
2286 4654 2355 4708 Et
2401 4670 2505 4719 non
2544 4655 2716 4708 solum
2750 4653 2830 4707 eis
2879 4654 2994 4706 haec
3028 4651 3305 4720 privilegia
3349 4651 3472 4702 data

1901 4757 2045 4815 sum,
2079 4749 2171 4802 sed
2208 4746 2430 4816 reliquis
2458 4753 2622 4802 etlam
2647 4745 2953 4800 ordinibus.
2983 4743 3301 4797 Lectoribus
3330 4742 3472 4796 enim

1903 4841 2259 4895 ministerium
2297 4841 2482 4893 datum
2517 4849 2630 4905 est,
2667 4855 2769 4893 non
2801 4839 3090 4909 psallendi,
3127 4840 3220 4894 sed
3254 4837 3471 4906 legendi

1903 4933 2112 4987 divinas
2147 4932 2460 4999 Scripturas
2489 4933 2544 4986 in
2577 4931 2850 4985 communi
2891 4931 3165 4984 auditione
3198 4946 3210 4980 :
3265 4940 3318 4981 et
3348 4944 3478 4980 can-

1906 5027 2140 5087 toribus,
2198 5024 2483 5094 psallendi.
2533 5025 2668 5090 Quia
2721 5039 2854 5093 crgo-
2896 5024 3228 5078 conabantur
3261 5021 3477 5090 quidam

1903 5118 2212 5172 subdiaconi
2269 5116 2407 5170 ferre
2464 5118 2672 5180 urar-ia,
2719 5127 2903 5171 contra
2939 5115 3275 5169 traditionem
3305 5113 3479 5164 eccle-

1903 5204 2201 5274 siasticam,
2232 5208 2418 5263 Patres
2449 5209 2552 5263 boc
2589 5210 3001 5277 probilmerunt,
3053 5214 3106 5258 et
3149 5211 3480 5265 statuerunt,

1907 5312 1964 5353 nt
2012 5302 2047 5353 ii
2092 5315 2198 5352 non
2251 5300 2621 5369 relinquerent
2675 5300 2776 5354 sibi
2830 5299 3140 5351 attributam
3185 5293 3483 5348 custodiam

1907 5402 2188 5464 portarum
2242 5393 2528 5448 ecclesias:
2592 5409 2658 5447 ne
2723 5393 2796 5447 sit
2861 5399 3173 5444 sanctorum
3235 5386 3484 5440 ordinum

1910 5484 2179 5540 confusio.

1984 5699 2230 5756 ZONAR.
2265 5699 2569 5767 Unicuique
2595 5713 2752 5754 sacro
2771 5697 2970 5761 ordini,
3000 5706 3054 5751 et
3088 5711 3219 5751 suus
3240 5695 3486 5759 habitus.

1916 5806 1977 5852 et.
1999 5795 2211 5866 propria
2233 5794 2530 5851 ministeria
2555 5791 2811 5848 attributa
2837 5789 3008 5847 fuere.
3038 5788 3298 5844 Ministris
3322 5787 3488 5851 igitur
