4178 6420
144 312 270 416 ηπ

1224 375 1311 435 IN
1348 376 1514 437 CAN.
1552 350 1769 439 van
1800 384 2007 444 CONC.
2053 388 2271 450 meo.

3198 391 3341 454 1374

210 469 328 566 Ἀπὸ
344 473 731 566 πρεσόυτέρων
762 480 923 551 μέχρι
949 483 1044 537 καὶ
1069 484 1163 537 τοῦ
1200 486 1426 555 ἐσχάτου
1459 489 1674 557 τάγμα-
1702 492 1751 550 Α
1844 501 1860 546 .l

1702 492 1751 550 Α
1844 495 1887 546 Α
1923 498 2250 566 presbyteris
2279 512 2447 564 usque
2489 499 2556 551 :td
2597 499 2836 553 ultimum
2879 508 3209 555 sacratorum
3243 518 3333 555 0r-

136 576 226 614 τος
248 562 344 613 τῶν
381 564 673 632 ίερατικῶν
696 569 894 633 πάντες
919 574 1214 628 κωλύονται
1262 578 1342 639 είς
1398 578 1678 647 κατηλεῖον

137 646 485 718 εἰσέρχεσθαι.

695 750 932 805 ΚΑΝΩΝ
980 754 1112 808 κε’.

148 848 168 881 r
198 834 308 886 Ὀτι
334 836 393 888 οὐ
418 837 499 890 δεῖ
523 840 800 912 ὑπηρέτην
822 845 986 915 ἄρτον
1021 848 1239 926 διδόναι,
1274 851 1391 905 οὐδὲ
1423 856 1678 923 ποτήριον

702 954 722 985 ι
761 939 1023 1005 εὐλογεῖν.
1071 962 1090 992 ο

206 1016 386 1073 ΒΔΛΣ.
422 1020 677 1091 Ἀρκοῦσι
708 1029 799 1107 εἰς·
820 1028 1008 1082 τοῦτον
1037 1030 1127 1083 τὸν
1153 1033 1349 1087 κανόνα
1382 1036 1451 1087 τὰ
1482 1038 1561 1101 εἰς
1587 1038 1679 1092 τδν

132 1115 217 1159 γαν
238 1112 424 1165 κανόνα
467 1115 770 1183 γραφέντα.

199 1204 432 1261 ΖΩΝΑΡ.
482 1206 634 1261 Ἐπεὶ
665 1212 934 1267 ἅπτεσθαι
964 1219 1070 1272 τῶν
1113 1222 1275 1293 ἱερῶν
1325 1223 1534 1275 σκευῶν
1584 1225 1679 1276 αὐ-

81 1327 99 1339 .
127 1299 239 1359 τοῖς
266 1299 358 1351 οὐκ
388 1300 619 1369 ἐφεῖται,
650 1305 771 1358 οὐδὲ
815 1308 873 1359 ἐν
910 1311 988 1380 τῷ
1028 1312 1318 1384 διακονικῷ
1369 1318 1680 1386 ἐμφιλοχω-

132 1390 263 1454 ρεῖν,
290 1392 378 1443 καί
413 1409 464 1445 τι
497 1396 739 1466 ἐνεργεῖν
788 1401 926 1462 ἐκεῖ,
967 1405 1146 1471 πολλῷ
1188 1408 1348 1461 πλέον
1392 1410 1573 1468 αὐτοῖς
1616 1409 1676 1460 οὗ

128 1480 650 1552 παραχωρηθήσεται
676 1488 770 1539 τὸν
805 1491 967 1559 ἄρτον
994 1493 1217 1561 διδόναι,
1237 1499 1481 1550 τουτέστι
1509 1516 1676 1566 μετα·
1709 1500 1712 1515 τ

124 1568 316 1634 διδόναι
339 1576 451 1636 τοῖς
473 1580 683 1642 πιστοῖς
709 1580 803 1633 τοῦ
846 1583 1097 1653 σώματος
1156 1587 1251 1640 τοῦ
1311 1590 1537 1657 Κυρίου,
1585 1592 1678 1644 καὶ

126 1662 359 1728 εὐλογεῖν
385 1667 445 1719 τὸ
469 1672 727 1739 ποτήριον
756 1672 849 1726 τοῦ
877 1676 1109 1740 αἵματος
1150 1680 1247 1732 τοῦ
1278 1681 1506 1749 Κυρίου.

123 1752 336 1807 ΑΡΙΣΤ.
395 1774 413 1807 ι
457 1757 654 1830 ’Ἄρτον
704 1763 796 1815 καὶ
845 1766 1103 1836 ποτήριον
1160 1769 1441 1839 ὑπηρέτης
1489 1772 1550 1822 οὐ
1600 1771 1677 1825 δί-

770 1874 789 1907 r
832 1855 980 1912 δωσι.
1015 1878 1035 1910 ›

197 1938 267 1990 Τὸ
292 1940 394 2027 τιῶν
424 1943 811 2016 πρεσϐυτέρων
835 1950 929 2002 καὶ
959 1951 1225 2004 διακόνων
1255 1952 1416 2020 ἔργον
1469 1955 1519 2008 ei
1574 1957 1676 2009 ὑπ-

117 2032 311 2097 ηρέται
338 2033 434 2100 τῆς
470 2036 762 2103 ἐκκλησίας
810 2040 870 2091 οὐ
935 2046 1348 2115 συγκεχώρηται
1397 2048 1637 2102 ἐκτελεῖν
1662 2066 1676 2082 ο

119 2123 211 2176 διὰ
239 2125 391 2178 τοῦτο
417 2127 537 2179 οὑδέ
562 2128 725 2197 ἄρτον
754 2130 786 2201 ἢ
816 2135 1074 2203 ποτήριον
1095 2137 1299 2192 διδόασι
1327 2138 1405 2210 τῷ
1433 2140 1567 2210 λαῷ.

704 2223 937 2278 ΚΛΝΩΝ
964 2228 1074 2295 κς
1102 2267 1116 2282 .

126 2312 283 2364 (Ὅτι
312 2313 372 2365 οὐ
399 2313 481 2366 δεῖ
508 2316 818 2385 ἐφορκίζειν
841 2319 968 2380 τοὺς
1018 2321 1094 2389 μὴ
1143 2324 1517 2393 προαχθέντας
1574 2328 1680 2381 ὑπὸ

194 2421 212 2453 ι
260 2405 595 2471 ἐπισκόπων,
636 2410 771 2477 μήτε
807 2408 864 2461 ἐν
912 2413 1028 2474 ταῖς
1049 2413 1390 2484 ἐκκλησίαις,
1432 2420 1566 2488 μήτε
1622 2422 1681 2473 ἐν

196 2516 216 2545 ε
258 2499 377 2558 ταῖς
406 2498 659 2561 οἰκίαις.)

190 2588 384 2643 ΒᾹΛΣ.
450 2592 605 2656 Τινὲς
656 2595 971 2665 ἐπεχείρουν
1019 2597 1353 2667 ἐφορκίζειν,
1425 2603 1679 2658 τουτέστι

116 2685 377 2751 κατηχεῖν
403 2684 682 2749 ἀπίστους,
722 2687 796 2755 μὴ
822 2687 1075 2761 λαϐόντες
1099 2688 1256 2743 τοῦτο
1291 2692 1357 2744 δι’
1392 2695 1681 2747 ἐπισκοπι-

116 2776 227 2841 κῆς
257 2774 597 2843 χειροθεσίας
628 2797 641 2810 ·
706 2784 801 2833 κα).
849 2781 1189 2851 αἰτιώμενοι,
1240 2785 1559 2841 διετείνοντο
1608 2787 1681 2857 μὴ

114 2865 343 2932 ποιῆσαι
366 2867 525 2921 τοῦτο
555 2872 635 2932 εἰς
666 2871 981 2941 ἐκκλησίαν,
1016 2874 1153 2929 ἀλλὰ
1180 2878 1259 2939 εἰς
1302 2879 1479 2931 οίκίαν
1526 2881 1678 2932 τινά·

112 2958 408 3013 κάντεῦθεν
432 2962 624 3033 ἧθελον
644 2963 1014 3037 διατηρεῖσθαι
1045 2971 1347 3027 ἀνεύθυνοι.
1382 2974 1547 3025 Φασὶν
1568 2969 1661 3025 οὖν

110 3051 164 3101 οἱ
202 3049 440 3121 Πατέρες
463 3053 542 3105 ὅτι
571 3055 665 3106 καὶ
694 3056 753 3108 τὸ
773 3057 1084 3127 ἐφορκίζειν
1114 3060 1547 3133 ἐκκλησιαστικὴ
1563 3064 1679 3115 δια-

1779 585 1957 640 dinem
1997 604 2289 655 cauponam
2320 590 2523 657 ingredi
2557 604 2741 643 omnes
2764 591 3132 648 prohibentur.

2334 766 2560 821 CANON
2609 765 2777 821 XXV.

1785 874 1803 907 ι
1842 855 1996 922 Quod
2050 871 2151 908 non
2184 868 2396 923 oportet
2449 859 2751 911 ministrum
2807 873 2999 928 panem
3052 860 3199 923 dare,
3250 856 3331 912 vel

2222 966 2241 997 ι
2278 946 2432 1001 caiici
2469 949 2795 1003 benedicere.
2839 966 2858 999 ι

1847 1037 2035 1093 BALS.
2067 1040 2144 1092 Ad
2185 1041 2325 1093 bunc
2373 1056 2582 1109 quoque
2632 1056 2890 1095 ranonem
2924 1039 3187 1096 sufﬁciunt
3215 1055 3335 1110 qua:

1777 1132 1825 1185 itt
1861 1132 2107 1184 vicedmo
2145 1133 2314 1194 prium
2351 1134 2545 1193 scripta
2580 1143 2722 1185 sunt.

1854 1220 2106 1275 ZONAR.
2143 1221 2273 1274 Cum
2308 1222 2685 1291 bypodiacouis
2736 1238 2893 1276 sacra
2928 1238 3053 1277 vasa
3107 1225 3318 1278 contin—

1780 1330 1924 1377 gere,
1957 1326 2049 1367 aut
2101 1316 2152 1366 in
2201 1314 2482 1366 diaconico
2531 1316 2758 1375 versari,
2810 1330 3068 1369 munusve
3119 1316 3330 1384 aliquod

1778 1407 1969 1460 ibidem
1996 1422 2250 1461 exercere
2281 1409 2500 1459 vetitum
2532 1407 2635 1470 sit;
2672 1408 2840 1460 tnulto
2888 1412 3066 1462 minus
3119 1417 3210 1460 aut
3239 1423 3334 1475 pa-

1778 1512 1895 1549 nem
1924 1498 2073 1555 dare,
2106 1498 2204 1548 Itoc
2243 1506 2345 1559 est,
2376 1495 2583 1549 Domini
2625 1511 2823 1559 corpus
2859 1497 3101 1549 ﬁdelibus
3133 1497 3329 1563 imper-

1781 1590 1891 1653 tiri,
1926 1600 2015 1643 aut
2048 1589 2315 1644 Dominici
2361 1590 2638 1659 sanguinis
2671 1588 2826 1643 calici
2855 1588 3198 1653 benedicere,
3227 1587 3336 1645 eis-

1780 1680 1897 1733 detn
1935 1680 2134 1732 licebit.

1782 1770 2006 1825 AlllST.
2044 1789 2061 1821 ι
2098 1769 2294 1823 Panem
2328 1782 2379 1824 et
2407 1770 2622 1823 calicem
2653 1770 2897 1824 minister
2928 1783 3031 1822 non
3069 1769 3181 1822 dat.
3221 1785 3241 1819 ι

1848 1956 2289 2026 Presbyterorum
2321 1968 2411 2008 aut
2435 1956 2785 2007 diaconorum
2819 1968 2957 2022 opus
2992 1952 3221 2006 ministri
3255 1969 3341 2008 ec-

1780 2049 1957 2102 clesia:
2011 2050 2265 2118 perlicere
2316 2064 2418 2101 nou
2476 2048 2873 2114 permittuntur.
2910 2047 3179 2112 Quocirca
3234 2062 3333 2101 nec

1779 2157 1973 2212 panem
2003 2142 2087 2195 vel
2120 2142 2343 2197 calicem
2377 2141 2573 2210 popqu
2614 2141 2837 2192 tradunt

2334 2229 2558 2285 CALVON
2588 2228 2779 2285 XXVI.

1784 2342 1805 2375 ι
1847 2323 1996 2390 Quod
2028 2337 2120 2377 eos
2148 2324 2457 2376 exorcizare
2492 2338 2593 2376 non
2627 2331 2857 2391 oportet.
2890 2321 2977 2389 qui
3018 2320 3085 2374 ab
3116 2322 3326 2387 episco-

1859 2435 1877 2468 ι
1916 2416 1994 2480 pis
2021 2415 2248 2483 promoti
2280 2430 2383 2469 non
2411 2423 2556 2477 sunt,
2587 2404 2759 2471 néaue
2781 2414 2835 2467 lu
2857 2413 3123 2478 ecclesiis,
3157 2428 3333 2469 neuue

1856 2526 1874 2558 ι
1911 2508 1962 2561 in
1997 2508 2220 2561 azdibus.
2266 2526 2284 2558 ι
2834 2578 2837 2579 ν

1851 2598 2043 2653 BALS.
2079 2599 2299 2662 Quidam
2358 2598 2804 2663 aggrediebantur
2849 2597 3179 2657 exorcizare,
3238 2596 3342 2648 hoc

1782 2702 1881 2746 est,
1911 2690 2247 2742 catecbizare
2278 2687 2545 2750 inﬁdeles,
2576 2687 2665 2755 qui
2704 2687 2804 2739 ltoc
2857 2702 2950 2751 per
2981 2686 3335 2753 episcopalem

1784 2796 2035 2833 manuum
2084 2780 2477 2849 impositionem
2532 2794 2631 2831 non
2677 2786 3001 2847 acceperant
3054 2791 3070 2828 :
3118 2787 3170 2829 ει
3216 2791 3340 2829 cum

1782 2880 2184 2932 accusarentur,
2217 2868 2611 2924 contendebant
2643 2884 2699 2921 se
2732 2869 2833 2921 boc
2864 2869 2915 2921 in
2946 2867 3169 2920 ecclesia
3234 2881 3339 2920 nun

1782 2960 1995 3025 fecisse,
2028 2962 2118 3015 sed
2146 2962 2197 3013 in
2228 2960 2456 3029 quadam
2486 2961 2665 3025 domo;
2698 2970 2748 3013 et
2776 2959 2897 3013 ideo
2926 2974 2982 3012 se
3008 2959 3135 3011 nulli
3169 2972 3338 3025 pinnae

1783 3054 2046 3107 obnoxios
2118 3053 2426 3106 conservari
2493 3068 2704 3121 aequum
2767 3049 3081 3103 censebant.
3147 3047 3339 3102 Dicunt

109 3140 276 3194 κονία
301 3142 439 3208 ἐστὶ,
467 3146 563 3196 καὶ
592 3146 651 3197 οὐ
672 3148 778 3217 χρή
804 3166 927 3203 τινα
961 3150 1167 3205 τούτων
1205 3153 1679 3223 μεταχειρίζεσθαι
1703 3161 1748 3225 ο

1703 3161 1748 3225 C
1780 3160 1909 3209 ergo
1941 3143 2147 3208 Patres,
2174 3146 2311 3209 quod
2340 3144 2500 3197 etiam
2532 3143 2781 3211 adiurare
2807 3150 2886 3195 est
2914 3140 3337 3195 ecclesiasticum

107 3233 473 3303 ὁπουδήποτε,
503 3238 551 3294 εἰ
578 3237 650 3306 μὴ
678 3241 828 3309 παρὰ
857 3241 1155 3295 ἐπισκόπου
1204 3244 1502 3314 προσληθῇ.
1555 3245 1686 3297 ’Υπ-

107 3324 270 3389 έξελέ
297 3343 387 3395 μοι
436 3328 527 3380 τὸν
562 3329 723 3398 παρὰ
758 3334 1176 3401 χωρεπισκόπυυ
1234 3336 1685 3406 προχειρισθέντα

101 3420 466 3488 ἐφορκιστήν.
500 3422 607 3474 Καὶ
648 3418 803 3484 οὗτος
840 3425 950 3497 γὰρ
997 3426 1175 3489 καλῶς
1220 3431 1546 3498 κατηχήσει,
1577 3430 1683 3482 κᾶν

72 3582 79 3589 γ
105 3510 196 3578 μὴ
222 3512 577 3583 προχειρισθῇ
608 3516 758 3585 παρᾶ
787 3518 1113 3571 ἐπισκόπου.
1148 3517 1389 3587 Ἐμαθες
1444 3520 1685 3590 γὰρ’ἀπὸ

98 3600 211 3651 τοῦ
253 3606 285 3652 t'
314 3602 539 3665 κανόνος
570 3608 670 3674 τῆς
714 3610 774 3658 ἐν
813 3606 1114 3679 Ἀντιοχείᾳ
1151 3611 1372 3663 συνόδου
1420 3612 1682 3666 δύνασθαι

95 3690 206 3743 τὸν
237 3693 657 3762 χωρεπίσκοπον
685 3700 859 3751 ποιεῖν
890 3699 985 3751 καὶ
1010 3701 1360 3773 ἐφορκιστήν.

180 3874 430 3930 ΖΩΝΔΡ.
464 3878 573 3931 Καὶ
624 3879 730 3948 μὴν
779 3880 918 3943 μετὰ
968 3882 1076 3934 τῶν
1115 3882 1290 3937 ἄλλων
1331 3885 1424 3937 καὶ
1466 3887 1686 3956 ἐφορκι-

96 3968 247 4029 στὰς
276 3972 451 4022 ποιεῖν
475 3971 680 4025 δέδοται
708 3976 817 4036 τοῖς
839 3977 1277 4044 χωρεπισκόποις
1336 3978 1474 4031 κατὰ
1534 3977 1624 4030 τὸν
1653 3977 1683 4030 ι’

92 4060 315 4113 κανόνα
343 4064 441 4130 τῆς
467 4064 524 4115 ἐν
561 4064 854 4137 Ἀντιοχείᾳ
872 4067 1109 4118 συνόδου.
1140 4066 1258 4130 Πῶς
1287 4064 1380 4121 οὖν
1434 4069 1674 4121 ἐνταῦθα

90 4152 261 4217 λέγει
301 4150 379 4221 μὴ
421 4153 731 4223 ἐφορκίζειν
756 4156 882 4220 τοὺς
916 4157 988 4228 μὴ
1023 4157 1128 4209 ὑπὸ
1175 4159 1492 4212 ἐπισκόπων
1542 4176 1680 4228 προ-

86 4241 417 4312 αχθένταςς
448 4245 616 4297 Φασὶν
643 4245 737 4299 οὖν
764 4246 844 4299 ὅτι
877 4248 971 4299 καὶ⁵
1005 4249 1056 4300 οἱ
1076 4248 1487 4320 χωρεπίσκοποι
1519 4250 1675 4315 τάξιν

86 4338 433 4389 ἐπισκόπων
465 4337 650 4407 ἔχουσι
687 4354 702 4370 θ
727 4338 807 4392 διὸ
837 4342 933 4393 καὶ
966 4338 1024 4392 ιδ’
1062 4341 1241 4394 κανὼν
1288 4342 1391 4411 τῆς
1434 4344 1491 4396 ἐν
1547 4342 1682 4395 Νεο-

1783 3236 2161 3297 ministerium,
2198 3250 2292 3288 nec
2335 3246 2545 3301 oportet
2575 3234 2879 3302 quempiam
2934 3234 3035 3286 hoc
3080 3234 3341 3302 aggredi,

1785 3328 1886 3381 nisi
1922 3326 1987 3380 ab
2010 3327 2257 3394 episcopo
2276 3334 2549 3393 promotus
2579 3324 2761 3379 fuerit.
2793 3323 2993 3390 Excipe
3029 3323 3155 3377 mibi
3185 3338 3343 3375 exor-

1782 3420 1992 3479 cistam,
2030 3418 2120 3487 qui
2157 3432 2185 3471 a
2217 3418 2604 3484 chorepiscopo
2654 3424 2930 3483 promotus
2980 3414 3157 3467 fuerit.
3205 3413 3340 3466 Nam

1782 3511 1829 3564 is
1863 3526 2075 3578 quoque
2102 3510 2321 3578 pulchre
2351 3507 2709 3562 catecltizabit
2733 3548 2746 3571 ,
2786 3505 2995 3560 etiamsi
3030 3522 3131 3559 non
3180 3504 3345 3559 fuerit

1781 3601 1847 3653 ab
1876 3599 2124 3667 episcopo
2153 3609 2452 3667 promotus.
2485 3601 2530 3651 Α
2560 3598 2772 3651 decimo
2802 3598 2945 3651 enim
2982 3610 3193 3650 canone
3222 3596 3336 3647 An-

1784 3690 2041 3745 tiochena:
2072 3673 2260 3761 synodi
2305 3688 2537 3743 didicisti
2585 3702 2743 3757 posse
2785 3688 2946 3741 etiam
2996 3686 3342 3756 cborepisco—

1781 3798 1905 3852 pum
1940 3782 2119 3837 facere
2146 3785 2493 3836 exorcistam.

1850 3873 2102 3930 ZONAR.
2141 3874 2399 3941 Equidem
2437 3887 2559 3927 eum
2611 3872 2731 3926 aliis
2775 3870 3072 3926 exorcistas
3128 3884 3342 3938 quoque

1782 3983 1969 4023 creare
2004 3966 2351 4020 Amici-liena:
2380 3965 2566 4035 synodi
2598 3978 2805 4017 canone
2842 3962 2908 4014 10
2935 3961 3337 4031 cborepisc0pis

1781 4057 2102 4127 permissum
2153 4066 2255 4111 εει.
2293 4055 2431 4121 Quid
2476 4055 2547 4109 ita
2593 4055 2775 4123 igitur,
2810 4052 2899 4121 qui
2958 4053 3026 4106 ab
3072 4051 3342 4121 episcopis

1781 4149 1950 4204 creati
1997 4164 2102 4203 non
2153 4158 2297 4211 sunt,
2336 4151 2403 4200 ab
2428 4145 2771 4201 exorcizandi
2818 4158 3039 4198 munere
3074 4142 3345 4196 abstinere

1785 4242 1872 4297 hic
1904 4257 2073 4296 canon
2108 4240 2295 4306 jubet?
2340 4238 2681 4308 Respondent
2706 4253 2856 4307 ergo,
2886 4236 2936 4288 in
2968 4236 3341 4303 episcoporum

1783 4350 2006 4388 numero
2028 4334 2441 4402 cborepiscopos
2466 4346 2681 4401 quoque
2711 4335 2917 4383 censeri
2945 4347 2959 4385 :
2993 4345 3058 4381 ex
3086 4342 3189 4395 quo
3208 4323 3347 4379 Neo-

84 4428 411 4497 καισαρείᾳ
437 4429 654 4482 συνόδου
684 4428 794 4483 τῶν
824 4430 1136 4485 ἀποστόλων
1162 4432 1330 4485 τύπον
1362 4433 1508 4502 λέγει
1543 4434 1682 4502 πλη-

1776 4429 2091 4484 ειεεπίκηιιι
2150 4427 2339 4497 synodi
2376 4442 2546 4479 canon
2579 4425 2669 4485 H,
2700 4424 3036 4491 septuaginta
3082 4420 3346 4489 apostolo—

87 4517 261 4586 ροΰν,
298 4521 393 4572 καὶ
417 4522 446 4573 ὁ
473 4520 522 4590 η’
552 4522 651 4590 τῆς
686 4523 743 4574 ἐν
782 4522 1086 4595 Ἀντιοχείᾳ
1121 4525 1339 4580 συνόδου
1361 4525 1541 4579 κανὼν
1587 4528 1681 4581 καὶ
1712 4502 1737 4555 Ῑ

1712 4502 1754 4555 Ῑ)
1786 4538 1901 4576 rum
1937 4532 2115 4591 typum
2147 4535 2241 4573 eos
2268 4520 2341 4572 ait
2370 4518 2594 4581 referre;
2633 4528 2686 4570 et
2712 4516 2964 4585 pacilicas
2988 4527 3199 4582 quoque
3228 4513 3340 4582 epi-

82 4612 395 4681 εἰρηνικὰς
418 4613 704 4678 ἐπιστολὰς
727 4613 924 4668 διδόναι
948 4616 1167 4687 ἐφίησιν
1183 4618 1387 4682 αὐτοῖς,
1418 4620 1555 4690 ὅπερ
1577 4621 1683 4674 τῶν

82 4700 429 4757 ἐπισκόπων
464 4704 629 4759 ἐστίν.
897 4711 905 4718 ’
1463 4745 1487 4769 ι

76 4792 336 4848 ΛΡΙΣΤ.
370 4812 388 4845 ι
437 4794 550 4848 Οὐκ
580 4795 855 4866 ὲφορκίςει
881 4798 910 4849 ό
940 4799 1012 4865 μὴ
1042 4796 1171 4867 παρ’
1202 4790 1503 4849 ἐπισκόπου
1538 4815 1677 4867 προ-

684 4906 703 4937 ι
748 4888 1034 4956 αγόμενος.
1081 4906 1100 4939 ι

172 4975 295 5028 Καὶ
323 4979 388 5038 ,οί
424 4980 772 5045 ἐφορκισταὶ,
801 4980 982 5041 καθὼς
1008 4981 1102 5032 καὶ
1132 4981 1179 5032 οἱ
1198 4978 1381 5033 λοιποὶ
1419 4981 1515 5034 τοῦ
1549 4981 1682 5049 τάγ-

79 5084 303 5134 ματος,
338 5069 489 5136 παρὰ
518 5069 615 5121 τοῦ
646 5069 943 5122 ἐπισκόπου
982 5072 1231 5139 δέχονται
1260 5071 1363 5141 τὴν
1395 5071 1679 5141 προχείρι-

82 5177 207 5213 σιν.
262 5160 332 5211 '0
363 5159 494 5226 γοῦν
519 5161 593 5231 μὴ
624 5162 914 5232 προαχθεὶς
947 5165 1029 5225 εἰς
1071 5163 1162 5216 τὸν
1190 5163 1429 5217 τοιοῦτον
1473 5162 1679 5232 βαθμὸν

83 5251 257 5319 παρὰ
295 5253 597 5305 ἐπισκόπου
632 5254 938 5324 ὲφορκίζειν
991 5256 1052 5308 σὺ
1104 5255 1354 5320 δύναται,
1386 5254 1511 5308 οὔτε
1559 5257 1679 5308 κατ’

79 5343 316 5410 οἴκους,
349 5343 470 5398 οὔτε
495 5347 552 5398 ἐν
569 5349 634 5417 τῇ
657 5347 941 5417 ἐκκλησίᾳ.
1180 5404 1181 5409 η

703 5439 942 5492 ΚΑΝΩΝ
977 5443 1099 5494 κΖο.
1257 5505 1267 5515 γ

86 5548 121 5582 ι
147 5528 289 5582 Ὀτι
324 5530 387 5584 οὐ
406 5529 488 5583 δεῖ
511 5531 816 5601 ἱερατικοὺς
841 5533 874 5603 ἢ
908 5535 1201 5604 κληρικοὺς
1228 5535 1260 5605 ἢ
1285 5536 1543 5596 ’).αῖκοῦς,
1574 5552 1679 5588 και

167 5640 193 5673 ς
245 5623 347 5677 λου
362 5624 553 5692 μένους
581 5626 661 5688 είς
689 5625 935 5693 ἀγάπην,
964 5632 1106 5697 μέρη
1141 5628 1337 5697 αἴρειν,
1363 5628 1447 5680 διὰ
1491 5628 1551 5678 τὸ
1580 5634 1678 5697 τὴν
1772 5680 1777 5685 ,

168 5734 190 5766 ι
244 5712 500 5785 ὖὸριντῇ
537 5716 688 5780 τάξει
735 5718 1161 5788 προστρίὸεσθαι
1209 5722 1274 5788 τῇ
1335 5720 1609 5790 ίερατικῇ.
1654 5739 1673 5772 ι

163 5806 382 5861 ΒΔΛΣ.
434 5807 672 5875 νἈγὰπαι
702 5808 993 5864 καλοῦνται
1021 5810 1260 5878 τὰθπαρὰ
1312 5810 1679 5878 cile-[pictam

1785 4615 1947 4671 stolas
1977 4614 2124 4678 dare,
2152 4614 2295 4682 quod
2320 4612 2695 4682 episcoporum
2725 4610 2996 4679 proprium
3027 4614 3125 4668 est,
3151 4616 3341 4659 octavo

1782 4707 2129 4761 Antiochense
2154 4705 2339 4775 synodi
2368 4719 2571 4758 canone
2601 4704 3005 4772 permittuntur.

1782 4796 2011 4854 ARIST.
2057 4814 2077 4849 ι
2117 4795 2231 4852 Non
2261 4800 2537 4850 exorcizal
2560 4835 2575 4860 ,
2607 4794 2707 4848 nisi
2739 4793 2805 4847 ab
2835 4791 3091 4860 episcopo
3130 4802 3347 4859 promo-

2452 4906 2471 4938 ι
2514 4898 2617 4941 tus.
2655 4905 2675 4936 ι

1853 4982 1920 5037 Ει
1965 4982 2244 5035 exorcistaa
2290 4979 2742 5049 quemadmodum
2809 4992 2872 5030 ac
2938 4976 3027 5029 alii
3060 4990 3124 5029 ex
3157 4972 3343 5027 ordine

1782 5074 2099 5130 sacei'dotali
2132 5074 2198 5127 ab
2236 5075 2489 5142 episcopo
2534 5071 2857 5141 deliguntur.
2900 5066 3000 5133 Qui
3052 5066 3229 5132 itante
3277 5063 3342 5113 ad

1785 5170 1944 5222 talem
1975 5166 2199 5234 gradum
2248 5182 2341 5234 per
2374 5169 2683 5235 episcopum
2733 5179 2836 5217 non
2887 5172 3257 5232 promovetur,
3290 5167 3343 5208 et

1782 5259 2113 5314 cxorcistam
2148 5274 2306 5326 agere
2335 5274 2443 5314 non
2469 5266 2668 5329 potest,
2711 5270 2812 5311 nec
2855 5254 3125 5326 privatim,
3160 5264 3259 5305 nec
3288 5249 3342 5303 in

1783 5349 2029 5404 ecclesia.

2198 5438 2358 5512 465
2413 5436 2641 5492 CANON
2692 5434 2904 5490 xxvu.

1789 5555 1806 5584 ι
1839 5532 1988 5598 Quod
2016 5546 2119 5586 non
2155 5542 2364 5599 oportet
2394 5540 2668 5595 sacratos,
2710 5528 2791 5582 vel
2824 5526 3072 5591 clericos,
3114 5526 3197 5579 vel
3239 5523 3340 5576 lai-

1862 5643 1881 5675 ς
1922 5639 2038 5684 cos.
2067 5621 2131 5675 ad
2158 5638 2354 5691 agapas
2384 5631 2629 5676 vocatos.
2661 5629 2838 5688 partes
2868 5618 3075 5682 tollere,
3103 5632 3167 5671 eo
3195 5609 3338 5685 Quod

1860 5736 1877 5767 ι
1924 5716 2212 5783 ignominia
2256 5716 2505 5768 inuratur
2528 5713 2705 5768 oreiui
2737 5710 3075 5767 saceruouli.
3118 5727 3138 5761 ι

1852 5806 2043 5864 BALS.
2078 5809 2269 5875 Ληουεῖ
2317 5806 2563 5864 dicuntur
2607 5821 2724 5872 qua:
2772 5804 2906 5859 (lunt
2952 5818 2983 5859 a
3024 5796 3353 5858 Christianis
