4178 6420
160 386 286 447 lilii

152 500 206 545 iv
236 495 312 564 τῷ
343 495 608 564 Σαϐϐάτῳ
644 499 882 566 παντελῆ
913 499 1187 570 ἀπραξίαν
1215 504 1530 575 ἔργοχείρου
1583 525 1722 560 πανο

149 590 238 647 ἰὸς
287 582 454 657 εἶχον,
495 591 591 638 καὶ
638 589 816 640 αὐτῶν
877 589 984 641 τῶν
1033 589 1196 645 θείων
1247 594 1716 665 ψαλτῳδημάτων,

150 680 281 749 ίπερ
317 681 414 745 τῆς
454 678 751 748 Ἰουδαϊκῆς
799 680 1096 749 θρησκείας
1143 686 1302 753 ἔργον
1354 689 1518 751 ἐστὶν,
1563 690 1626 739 ἐν’
1663 690 1737 742 es

148 769 224 836 τῷ
250 771 433 822 κανόνι
481 769 676 839 ἐκείνῳ
729 773 856 840 περὶ
909 774 1071 842 μόνου
1107 774 1200 826 τοῦ
1250 777 1718 842 ἀναγινώσκεσθαι

147 862 205 911 τ’)
225 860 383 927 ἆγιον
414 861 746 929 Εὑαγγέλιον
771 863 864 914 καὶ
897 865 994 926 τὰς
1050 865 1196 926 θείας
1218 867 1435 936 Γραφὰς
1466 870 1514 918 οἱ
1551 870 1722 921 Πατέ-

150 965 240 1016 ρες
302 951 627 1022 διωρίσαντο
670 967 684 980 ·
727 955 850 1024 ἀρτι
905 957 1373 1024 παρακελεύονται
1420 959 1495 1028 μὴ
1528 959 1720 1028 σχολά-

146 1043 259 1103 ζειν
287 1045 412 1104 τοὺς
442 1045 671 1104 πιστοὺς
690 1046 833 1098 κατὰ
871 1048 1158 1109 Ἰουδαίους
1194 1050 1301 1100 ἀπὸ
1334 1050 1440 1099 τῶν
1468 1053 1716 1119 ὲργοχεί-

149 1151 256 1202 ρων
283 1127 488 1199 αὐτῶν,
521 1135 639 1188 ἀλλ’
663 1139 718 1188 ἐν
750 1138 826 1207 τῷ
874 1139 1137 1209 Σαϐϐάτῳ
1168 1141 1516 1207 ἐργάζεσθαι,
1549 1145 1717 1212 τιμᾷν

117 1227 197 1279 δὲ
256 1227 360 1296 τὴν
412 1230 700 1300 Κυριακὴν
742 1231 829 1284 διά
863 1232 960 1303 τὴν
987 1233 1077 1284 τοῦ
1143 1234 1347 1302 Κυρίου
1388 1236 1712 1288 ἀνάστασινο

143 1317 236 1369 καὶ
283 1318 390 1369 τῶν
428 1323 761 1391 ἐργοχείρων
812 1323 911 1391 μὲν
965 1325 1287 1393 ἀπέχ-σθαι,
1332 1327 1712 1396 προσεδρεύειν

140 1410 194 1460 δὲ
227 1414 346 1472 ταῖς
385 1414 738 1481 ἐκκλησίαις.
777 1415 920 1485 Πλὴν
955 1418 1049 1469 καί
1085 1418 1263 1480 τοῦτον
1299 1419 1500 1487 δηλι-δὴ
1545 1421 1604 1470 τὸ
1637 1422 1712 1490 μὴ

141 1503 476 1570 ἐργάζεσθαι
508 1509 644 1574 μετὰ
677 1510 774 1576 τὴν
823 1512 1194 1578 κυριὼνυμον,
1237 1512 1334 1562 οὐκ
1377 1515 1712 1578 ἀναγκαστι-

141 1595 251 1657 κῶς
283 1597 618 1665 ἐπέτρεψαν,
640 1597 777 1652 ἀλλά
809 1602 1157 1669 προσέθεντο,
1199 1604 1318 1669 εἴγε
1358 1603 1604 1656 δύναιντο
1661 1605 1712 1655 oi

140 1691 342 1746 πιστοί.
373 1695 432 1744 Ei
461 1695 571 1762 γάρ
606 1695 662 1759 ἐξ
709 1695 942 1766 ἀπορίας
979 1697 1010 1765 ἢ
1053 1697 1229 1771 ἄλλης
1271 1697 1415 1760 τινὸς
1464 1699 1710 1767 ἀνάγκης

138 1782 232 1831 καὶ
279 1783 424 1832 κατά
458 1783 555 1850 τὴν
583 1782 925 1854 κυριώνυμον
951 1787 1252 1854 ἐργάσεταί
1306 1805 1409 1853 τις,
1467 1790 1527 1841 οὑ
1580 1807 1708 1859 προσ

1242 396 1334 455 ἸΝ
1367 396 1532 457 CAN.
1559 399 1719 457 XXX
1752 401 1960 463 CONC.
2031 409 2248 470 LAOD.

3247 426 3267 484 l
3281 427 3309 483 Ii
3317 425 3381 484 ΤΒ

1751 516 1796 569 Δ
1823 516 1969 580 omni
1998 520 2210 584 penitus
2239 538 2422 592 opere,
2457 538 2618 597 atque
2648 531 2780 584 adeo
2812 533 2970 584 etiam
3021 535 3085 584 ah
3136 536 3262 602 ipsis
3295 539 3378 588 di-

1823 605 1960 659 vinis
1998 613 2246 676 canticis,
2289 620 2510 672 omnino
2541 628 2843 681 cessabant.
2873 625 3014 692 quod
3046 637 3120 678 est
3146 626 3379 680 .ludaicm

1821 703 2221 764 superstitionis
2255 723 2411 774 opus,
2439 710 2492 763 in
2524 712 2612 764 illo
2646 722 2823 766 autem
2868 732 3093 780 canone,
3123 720 3293 771 solum
3323 729 3382 772 ut

1821 783 2028 853 legatur
2077 790 2422 863 Evangelium
2475 810 2530 853 et
2584 803 2777 855 divime
2822 805 3155 875 Scripturm,
3194 809 3378 863 Patres

1819 880 2210 936 constituerunt
2235 905 2247 938 :
2281 903 2422 942 nunc
2442 890 2652 958 jubeut,
2679 908 2743 947 ne
2765 897 3000 948 oticutur
3026 901 3205 953 fideles
3230 917 3379 954 more

1816 963 2125 1022 Judaaorum
2157 988 2184 1024 a
2215 976 2328 1028 suis
2364 981 2637 1044 operibus,
2670 985 2763 1036 sed
2799 985 2848 1036 in
2885 986 3121 1043 Sabbato
3155 993 3371 1058 quidem

1816 1068 2128 1122 operentur,
2182 1062 2518 1121 Dominicum
2571 1080 2746 1124 autem
2806 1074 3108 1140 honorent,
3161 1088 3380 1147 propter

1815 1145 1978 1217 466
2008 1149 2217 1206 Domini
2254 1162 2744 1226 resurrectionem;
2784 1176 2835 1217 et
2883 1181 2912 1219 a
2961 1183 3213 1222 manuum
3257 1171 3380 1237 qiti~

1816 1239 1936 1290 dem
1972 1244 2222 1305 operibus
2254 1248 2580 1315 abstineant,
2610 1255 2850 1311 ecclesiis
2883 1271 3056 1312 autem
3081 1263 3378 1315 assideant.

1816 1329 1920 1382 Sed
1943 1343 2004 1384 ρει
2039 1334 2157 1399 hoc,
2193 1339 2393 1393 scilicet
2427 1343 2514 1394 die
2556 1345 2854 1410 Dominico,
2883 1366 2984 1402 non
3015 1355 3250 1420 operari,
3273 1369 3377 1407 non

1815 1427 2117 1478 necessario
2155 1431 2512 1497 mandarunt;
2561 1438 2652 1488 sed
2688 1440 3019 1506 adjecerunt,
3053 1446 3096 1494 si
3146 1447 3375 1512 possint,

1815 1510 2017 1567 ﬁdeles.
2054 1517 2108 1569 Si
2143 1519 2282 1572 enim
2311 1535 2527 1591 propter
2564 1526 2816 1595 inopiam,
2852 1533 2929 1584 vel
2954 1535 3186 1601 aliquam
3216 1536 3376 1588 aliam

1806 1606 2216 1674 necessitatem,
2246 1614 2407 1666 etiam
2433 1615 2518 1669 die
2543 1616 2820 1676 Dominico
2845 1622 3004 1678 fuerit
3030 1626 3222 1694 aliquis
3249 1643 3378 1694 ope-

1813 1705 1979 1761 ratus,
2017 1701 2380 1767 prcjudicium
2413 1708 2459 1760 ei
2490 1724 2594 1762 non
2626 1709 2899 1766 afferetur.
2924 1714 2987 1766 Et
3017 1718 3129 1770 haec
3159 1718 3375 1784 quidem

1813 1793 2102 1858 praedictus
2165 1811 2363 1853 canon.
2422 1803 2891 1872 Quinquagesimae
2944 1823 3148 1876 quarta:
3192 1822 3370 1865 autem

105 1872 659 1940 ·κριματισθήσεται.
687 1878 795 1928 Καὶ
828 1879 854 1929 ὁ
887 1877 986 1942 μὲν
1042 1879 1234 1946 παρὼν
1288 1878 1469 1931 κανὼν
1517 1881 1706 1934 ταῦτα.

1815 1853 1827 1858 _
2431 1853 2462 1865 ,ι
2531 1853 2891 1872 ,,,,_o-__.-._.
2946 1853 3148 1876 qum...
3192 1853 3370 1865 .....-...

1816 1881 2156 1950 imperatoris
2207 1890 2408 1945 domini
2441 1894 2630 1950 Leonis
2660 1900 2915 1965 sapientis
2945 1900 3163 1955 Novella
3192 1905 3373 1957 decer-

149 1964 210 2017 'H
264 1967 319 2018 δὲ
349 1966 418 2017 νδ¹
467 1968 657 2038 Νεαρά
703 1970 796 2021 τοῦ
839 1970 1101 2039 βασιλέως
1140 1972 1307 2042 κὺρού
1357 1973 1580 2035 Λέοντος
1618 1973 1709 2025 τοῦ

134 2057 312 2126 Σοφοῦ
346 2063 438 2111 καὶ
471 2061 666 2122 αὐτοὺς
699 2065 825 2122 τοὺς
860 2064 1140 2132 γεωργοὺς
1176 2064 1468 2132 διορίζεται
1518 2066 1708 2133 σχολά-

134 2149 251 2212 ζειν
274 2153 416 2204 κατά
441 2156 540 2221 τὴν
570 2154 936 2225 κυριώνυμον.
999 2153 1298 2222 Ἀνάγνωθι
1353 2157 1449 2208 καὶ
1503 2157 1605 2226 τῆς
1656 2157 1709 2222 ς’

139 2241 359 2292 συνόδου
385 2243 587 2294 κανόνα
621 2241 731 2305 Eg“.

209 2334 454 2386 ΖΩΝΑΡ.
488 2335 614 2387 Τοῖς
681 2333 956 2397 Ἰουδαίοις
1005 2339 1231 2405 τιμᾶται
1288 2338 1348 2390 τὸ
1408 2339 1706 2402 Σάϐϐατον,

131 2427 404 2495 ἀπραξίαν
428 2426 650 2493 ἄγουσιν
684 2431 745 2478 ἐκ
781 2427 890 2478 τῶν
942 2427 1119 2497 ἔργων
1179 2430 1380 2495 αὐτῶν,
1445 2432 1539 2483 τοῦ
1591 2451 1704 2486 πα-

130 2520 284 2572 λαιοῦ
316 2520 479 2588 νόμου
510 2519 670 2571 τοῦτο
697 2519 878 2578 αὐτοῖς
907 2521 1296 2584 ἐπιτάσσοντος
1325 2539 1338 2552 ·
1365 2527 1476 2585 τοῖς
1519 2524 1574 2576 δὲ
1605 2525 1700 2578 τὸν

130 2611 488 2678 εὐαγγελικὸν
545 2612 707 2679 νόμον
736 2611 1051 2682 δεξαμένοις
1092 2616 1184 2665 τὸν
1230 2615 1559 2686 τελεώτερον
1607 2626 1706 2685 την

131 2704 244 2767 ρεῖν
272 2700 343 2751 τά
373 2699 466 2752 τοῦ
510 2701 736 2762 ἀτελους
782 2702 1215 2771 ἀποτέτραπται.
1271 2706 1361 2756 Διὸ
1406 2711 1497 2759 καὶ
1539 2708 1596 2759 τὸ
1649 2710 1706 2760 ὲν

128 2790 399 2861 Σαϐϐάτῳ
424 2791 613 2860 ἀργεῖν
659 2794 770 2852 τοῖς
829 2796 1040 2854 πιστοῖς
1072 2794 1144 2856 ὡς
1171 2796 1462 2849 Ἰουδαῖκδν
1491 2799 1702 2866 ἀπηγό-

131 2889 345 2951 ρευται,
403 2885 498 2935 καὶ
554 2886 664 2945 τοῖς
722 2883 1105 2946 Ἰουδαῖζουσιν
1145 2887 1398 2956 ἀνάθεμα
1445 2890 1474 2940 ό
1519 2889 1702 2943 κανὼν

124 2975 521 3044 ἐπιψηφίζεται
565 2978 622 3027 ἐν
654 2976 897 3046 Χριστῷ,
952 2978 1201 3031 τουτέστι
1260 2985 1702 3051 κεχωρισμένους

124 3062 272 3117 εἶναι
304 3067 399 3118 καὶ
422 3069 897 3140 ἀπθδιῃρημένους
947 3067 1042 3121 τοῦ
1092 3067 1352 3140 Χριστοῦ,
1418 3074 1618 3142 ἀργεῖν
1658 3074 1701 3125 δ’
1739 3145 1749 3151 ι

1813 1972 1905 2035 nit,
1947 1975 2092 2044 ipsos
2135 1996 2351 2050 quoque
2402 1985 2664 2053 agricolas
2712 1989 2799 2041 die
2847 1989 3127 2044 Dominico
3179 1995 3376 2048 debere

1811 2071 1992 2123 otiari.
2022 2070 2162 2140 Lege
2191 2085 2245 2127 et
2276 2086 2442 2128 sexta:
2469 2079 2655 2148 synodi
2687 2095 2951 2136 canonem
2983 2082 3072 2138 66.

1882 2344 2128 2401 ZONAR.
2165 2348 2384 2404 Sabbati
2423 2351 2562 2405 diem
2611 2351 2780 2408 Judaei
2830 2356 3054 2420 colunt,
3091 2375 3186 2413 nec
3218 2361 3374 2430 quid-

1807 2451 1967 2504 quam
1997 2442 2196 2508 0peris,
2228 2442 2301 2494 ita
2337 2444 2570 2513 antiquae
2603 2446 2733 2515 legis
2781 2450 3026 2504 instituto
3068 2453 3240 2507 edocti
3268 2495 3282 2518 ,
3310 2471 3372 2509 ea

1810 2528 1929 2583 luce
1957 2533 2226 2601 attingunt
2259 2549 2273 2584 :
2310 2536 2397 2602 qui
2436 2551 2560 2591 vero
2594 2539 2763 2607 legent
2796 2543 3156 2611 evangelicum
3191 2548 3370 2613 perfes

1807 2617 2031 2671 ctiorem
2073 2631 2200 2674 sunt
2253 2625 2528 2690 amplexi.
2566 2627 2652 2688 iis,
2705 2646 2770 2682 ne
2813 2632 3230 2700 impcrfectioris
3281 2639 3373 2691 de-

1805 2720 1951 2766 creta
1997 2723 2250 2780 servent,
2307 2718 2646 2772 interdictum
2703 2734 2806 2775 esl.
2857 2723 3089 2780 Proinde
3134 2727 3374 2783 Sabhato

1806 2800 1987 2870 otiari,
2022 2811 2277 2871 tanquam
2334 2812 2556 2876 repetito
2610 2827 2636 2861 a
2685 2811 2886 2868 .lndzeis
2923 2832 3088 2880 more,
3128 2818 3372 2874 fidelibus

1805 2893 1944 2946 baud
1980 2898 2341 2963 permissum,
2372 2902 2568 2968 quique
2596 2900 2832 2957 .lndaicix
2900 2908 3091 2963 ritibus
3137 2911 3377 2966 adhaere-

1802 2993 1976 3049 scant,
2011 2986 2075 3038 iis
2113 3001 2286 3041 canon
2315 2992 2598 3043 anathema
2648 2993 2700 3044 in
2748 2994 2966 3050 Christo
2997 2997 3222 3066 indicit,
3272 3002 3373 3057 hoc

1805 3088 1908 3142 est,
1959 3094 1988 3132 a
2017 3080 2234 3135 Christo
2276 3096 2583 3152 segregatos
2611 3102 2674 3139 ac
2713 3088 2912 3142 divisos
2941 3106 3062 3144 esse
3107 3091 3369 3148 decernit.

127 3159 448 3227 ἐπιτρέπειν
479 3161 622 3212 κατά
651 3159 746 3229 τὴν
777 3161 1067 3230 Κυριακὴν
1097 3161 1185 3212 διὰ
1213 3162 1313 3230 τὴν
1347 3162 1439 3214 τοῦ
1497 3165 1700 3232 Κυρίου

1811 3168 2154 3224 Vacationem
2184 3188 2341 3240 porro
2375 3175 2649 3231 Doutinica
2679 3178 2818 3244 luce,
2857 3181 2907 3234 id
2936 3182 3052 3249 ejus
3079 3185 3181 3238 diei
3214 3201 3373 3240 vene-

125 3252 425 3304 ἀνάστασιν
452 3252 548 3322 τὴν
580 3255 791 3322 ἡμέραν
824 3254 1122 3320 τιμῶντας.
1143 3255 1284 3306 Ἀλλ’
1314 3255 1343 3307 ὁ
1377 3257 1474 3324 μὲν
1501 3256 1704 3322 κανὼν,

127 3346 177 3394 εί
206 3344 480 3408 δύναιντο,
524 3345 824 3415 προσέθετο
854 3362 868 3376 ·
922 3349 948 3399 ό
1011 3346 1068 3398 δὲ
1101 3347 1201 3417 τῆς
1235 3347 1513 3412 πολιτείας
1543 3349 1704 3419 νόμος

126 3439 510 3506 ἀπαραίτητον
540 3440 638 3508 τὴν
694 3439 893 3508 ἀργίαν
944 3441 1001 3490 ἐν
1042 3443 1109 3510 τῇ
1168 3441 1418 3511 κυριακῇ
1481 3443 1704 3493 ἀπαιτεῖ

126 3532 261 3581 ἄνευ
298 3532 406 3582 τῶν
450 3532 736 3599 γεωργῶν.
779 3532 1044 3594 Ἐκείνοις
1077 3533 1182 3599 γάρ
1212 3535 1306 3584 καὶ
1343 3535 1400 3585 ὲν
1443 3535 1694 3604 κυριακῇ

126 3605 464 3691 ἐργάζεσθαί
491 3625 732 3691 ἐφίησιν,
772 3624 853 3675 ὅτι
887 3623 1015 3685 ἴσως
1046 3625 1154 3676 τῶν
1202 3623 1380 3693 ἔργων
1436 3642 1696 3678 κατεπει-

125 3712 337 3779 γόντων
359 3713 454 3781 οὐχ
492 3714 820 3783 εὑρήσουσιν
849 3714 1018 3784 ἄλλην
1051 3716 1263 3785 ἡμέραν
1297 3716 1470 3778 οὕτως
1519 3719 1702 3779 αὐτοῖς

127 3807 208 3867 εἰς
241 3809 309 3856 τὰ
345 3805 479 3872 ἔργα
508 3807 688 3858 αὐτῶν
722 3808 1190 3876 συμὸαλλομένην.
1238 3809 1345 3861 Καὶ
1387 3810 1414 3860 ὁ
1439 3807 1479 3860 o'
1523 3809 1702 3862 κανὼν

859 3900 1141 3966 νηστεύειν
1200 3901 1338 3968 μετά
1407 3900 1698 3965 Ἰουδαίων,

126 3987 251 4039 οὔτε
277 3989 557 4057 ἑορτάζειν
591 3993 916 4060 παραχωρεῖ
952 3982 1063 4054 τοῖς
1090 3995 1303 4053 πιστοῖς
1337 4009 1350 4023 ο
1406 3993 1538 4045 ἀλλά
1589 3991 1698 4044 τῶν

131 4081 233 4148 μὲν
281 4082 594 4151 ἱερωμένων
628 4082 950 4154 καθαίρεσιν
989 4083 1446 4153 καταψηφίζεται,
1476 4085 1602 4145 τοὺς
1644 4081 1700 4135 δὲ

127 4171 354 4236 λαῖκοὺς
385 4176 660 4244 ἀφορίζει.

126 3897 238 3947 τῶν
296 3897 614 3949 ἀποστόλων
665 3897 789 3950 οὕτε

1816 3265 2030 3327 rationi,
2073 3280 2175 3333 qua
2221 3264 2471 3320 Christus
2525 3285 2554 3322 a
2611 3271 2833 3325 mortuis
2863 3276 3126 3330 redivivus
3158 3282 3367 3334 exstitit

1812 3355 2134 3420 deferentes,
2187 3359 2391 3427 agitare
2438 3363 2776 3428 permissum.
2833 3366 2898 3418 Et
2948 3382 3116 3420 canon
3154 3371 3365 3438 quidem

1810 3450 1976 3512 addit,
2037 3450 2079 3502 si
2133 3462 2403 3515 possunt:
2442 3453 2522 3505 lex
2576 3470 2703 3510 vero
2758 3455 2948 3521 civilis,
2988 3473 3015 3510 a
3054 3463 3369 3517 muneribus

1805 3535 1893 3590 die
1926 3539 2200 3594 Dominico
2226 3543 2554 3597 vacationem
2582 3560 2718 3611 esse,
2749 3549 2792 3600 si
2826 3549 3179 3616 agricolarum
3203 3565 3366 3619 opera

1804 3632 2060 3699 excipias,
2092 3638 2313 3690 oumino
2366 3638 2537 3706 jubet.
2589 3639 2694 3692 lllis
2745 3655 3006 3710 namque,
3049 3642 3174 3710 quia
3227 3644 3366 3697 forte

1802 3723 2055 3788 operibus
2101 3726 2274 3791 primo
2327 3741 2536 3794 quoque
2600 3740 2838 3798 tempore
2889 3732 3150 3786 obeundis
3199 3735 3363 3788 alium

1803 3815 1940 3867 diem
1969 3817 2170 3884 pariter
2198 3818 2661 3873 accommodatum
2696 3824 2934 3877 nancisci
2968 3842 3070 3878 non
3103 3827 3171 3878 ita
3207 3825 3363 3881 facile

1810 3903 2005 3969 fuerit,
2041 3907 2313 3963 Dominico
2348 3928 2560 3980 quoque
2608 3915 2691 3966 die
2740 3930 2955 3984 Operam
3007 3920 3232 3972 navandi
3279 3917 3362 3971 fa-

1799 3996 1970 4051 cultas
2006 4012 2258 4053 coiicessa
2288 4012 2388 4056 est.
2427 4003 2491 4056 Et
2523 4020 2647 4058 vero
2677 4009 3103 4077 septuagesimus
3153 4025 3364 4080 quoque

1808 4101 2119 4144 sanctorum
2150 4095 2510 4162 apostolorum
2543 4112 2713 4150 canon
2766 4115 2938 4168 neque
2982 4101 3185 4170 jejuuia
3237 4117 3360 4156 cum

1807 4178 2006 4234 Judaeis
2036 4196 2312 4249 exercere,
2343 4200 2439 4238 nec
2469 4185 2632 4241 festos
2666 4188 2781 4242 dies
2806 4205 2986 4259 agere,
3006 4193 3190 4246 fideles
3213 4195 3361 4247 sinit:

127 4284 318 4322 verum
353 4273 442 4338 qui
477 4272 526 4324 id
557 4269 799 4339 fecerint,
826 4272 997 4328 sacris
1030 4272 1246 4341 quidem
1277 4271 1556 4327 ordinibus
1611 4271 1848 4326 initiatos
1906 4276 2256 4342 denositione,
2316 4279 2483 4335 laicos
2546 4296 2670 4336 vero
2746 4284 3134 4354 segregatione,
3196 4285 3361 4340 teneri

129 4365 299 4415 iubet.

152 4380 220 4414 nn
263 4380 299 4415 t.

120 4380 359 4532 ἍΡΪΣΤ.
393 4473 414 4507 ι
457 4455 532 4508 Οὐ
587 4455 865 4510 Σάϐϐατον
910 4457 1141 4528 ἀργήσει
1168 4457 1512 4527 Χριστιανὸς,
1566 4455 1701 4508 ἀλλά

679 4567 698 4599 ι
742 4550 1051 4620 Κυριακήν.
1085 4569 1103 4602 ι

1807 4449 2033 4506 ARIST.
2076 4474 2093 4506 ι
2135 4456 2470 4512 Christianus
2497 4474 2599 4511 non
2632 4459 2869 4515 Sabbato
2889 4504 2903 4529 ,
2941 4463 3033 4518 sed
3063 4465 3148 4521 die
3179 4466 3360 4524 Domi-

2336 4569 2355 4601 ι
2383 4553 2499 4604 nica
2531 4553 2774 4619 feriatur,
2811 4573 2829 4605 ι

219 4639 500 4702 Ἰουδαΐζει
535 4640 642 4711 γὰρ
688 4643 744 4692 ἐν
790 4640 1169 4718 τῷΣαὸὅάτῳ
1239 4619 1514 4713 σχολάζων
1567 4644 1698 4712 Χρι-

1877 4639 2214 4694 Christianus
2245 4643 2386 4694 enim
2422 4644 2511 4712 qni
2544 4645 2595 4696 in
2634 4643 2866 4700 Sabbato
2897 4661 3070 4713 vacat,
3100 4651 3355 4718 judaizat.

130 4740 374 4795 στιανός,
410 4733 511 4785 Διά
539 4734 696 4786 τοῦτο
722 4734 813 4786 δεῖ
843 4736 1172 4803 ἐργάζεσθαι
1229 4738 1287 4788 ὲν
1310 4738 1447 4807 αὐτῇ
1494 4737 1698 4806 ἡμέρᾳ,

131 4826 422 4897 σχολάζειν
445 4827 500 4880 δὲ
533 4830 586 4880 ὲν
614 4831 681 4898 τῇ
716 4829 995 4898 κυριακῇ.
1445 4859 1447 4861 ι
1544 4833 1564 4871 ¹

733 4921 971 4973 ΚΑΝΩΝ
1010 4917 1085 4974 Λ’.

136 5033 154 5065 ι
207 5012 336 5068 Ὀτι
393 5014 454 5064 οὐ
513 5013 594 5066 δεῖ
639 5015 918 5081 ἱερατικὸν
959 5016 992 5086 ἢ
1028 5013 1336 5086 κληρικδνῆ
1367 5012 1608 5083 ἀσκητὴν
1636 5013 1694 5064 ὲν

209 5103 236 5158 'c
287 5104 555 5174 βαλανείῳ
609 5107 748 5175 μετά
801 5107 1074 5174 γυναικῶν
1127 5104 1511 5168 ἀπολούεσθαι,
1567 5093 1713 5176 μηδΐ

214 5218 234 5250 ι
273 5200 464 5258 ,πάντα
496 5199 844 5265 Χριστιανὸν,
877 5197 911 5268 ἢ
941 5199 1128 5252 λαῖκόν
1153 5214 1170 5232 ο
1211 5197 1350 5269 αὕτη
1370 5197 1478 5268 γάρ
1510 5198 1698 5268 πριρτη

213 5313 233 5344 ι
287 5293 631 5360 κατάγνωσις
663 5294 776 5354 τοῖς
805 5291 1033 5343 ἔθνεσιν.
1075 5310 1094 5343 ι

209 5386 408 5440 ΒΑΛΣ.
451 5387 539 5439 Ἐν
567 5385 643 5455 τῷ
670 5383 747 5449 ρξ’
779 5385 964 5437 κανόνι
989 5384 1088 5452 τῆς
1125 5389 1178 5448 ς’
1207 5383 1445 5446 συνόδου,
1486 5384 1554 5436 τὰ
1597 5385 1698 5435 αύ-

130 5481 201 5534 es
225 5479 304 5549 τῷ
336 5479 562 5548 παρόντι
598 5481 782 5532 κανόνι
835 5475 1188 5548 διοριζομένῳ
1243 5477 1697 5546 ἀπαραλλάκτως,

131 5573 460 5645 ἐγράψαμεν
491 5572 557 5624 τὰ
580 5573 829 5638 δόξαντα.

207 5665 454 5721 ΖΩΝΑΡ.
502 5665 574 5719 Τὸ
638 5661 995 5718 συλλούεσθαι
1059 5664 1306 5733 γυναιξὶν
1359 5664 1559 5735 ἄνδρας
1605 5665 1699 5718 καὶ

131 5759 403 5833 βλαϐερόν
434 5753 582 5812 ἐστιν
616 5759 694 5821 είς
718 5757 916 5827 ψυχὴν,
945 5757 1039 5810 καὶ
1091 5757 1264 5820 ἄλλως
1312 5759 1698 5831 ἀσχημοσύνης

131 5855 356 5921 ἁπάσης
383 5852 658 5908 ἐπέκεινα.
684 5851 758 5906 Τὸ
790 5850 899 5921 γὰρ
931 5853 1141 5923 γυμνὰς
1169 5851 1398 5922 ὁρᾶσθαι
1429 5848 1696 5925 γυναῖκας

1806 4730 2142 4801 QuaprOpter
2184 4733 2286 4787 ista
2336 4734 2421 4788 die
2473 4738 2683 4804 operari
2726 4749 2936 4806 oportet
2991 4752 3046 4795 et
3083 4741 3360 4800 Dominica

1710 4834 1720 4858 κ
1805 4839 2014 4879 VaCttl'e.

2359 4921 2584 4977 CANON
2630 4922 2799 4986 XXX.
2904 4977 2910 4983 ,

1806 5029 1826 5063 ι
1862 5013 2008 5079 Quod
2044 5029 2150 5069 non
2204 5028 2414 5085 oportet
2466 5027 2757 5082 sacratum,
2806 5019 2889 5073 vel
2943 5019 3214 5088 clericum,
3274 5023 3359 5079 vel

1877 5128 1896 5161 ι
1940 5111 2288 5173 monachum,
2337 5111 2390 5164 in
2431 5111 2621 5166 balneo
2649 5128 2769 5166 cum
2807 5113 3121 5170 mulieribus
3149 5116 3355 5182 lavari,

1874 5221 1892 5254 ι
1929 5219 2103 5274 neque
2137 5218 2347 5258 onmem
2381 5206 2594 5272 penitus
2616 5204 3002 5272 Christianum,
3027 5208 3109 5262 vel
3135 5207 3352 5264 laicum.

1871 5312 1890 5346 ι
1927 5294 2050 5349 Περ
2095 5305 2176 5349 est
2209 5296 2350 5363 enim
2395 5296 2564 5366 prima
2601 5297 2849 5366 gentihus
2888 5299 3284 5355 condemnatio.
3329 5320 3348 5354 ι
3433 5309 3446 5321 "

1865 5386 2058 5442 BALS.
2092 5387 2150 5442 ln
2183 5403 2386 5443 canone
2435 5387 2501 5441 77
2547 5397 2710 5444 sexta:
2763 5391 2973 5461 synodi,
3025 5392 3115 5461 qui
3165 5395 3352 5448 eadem

1799 5480 2024 5538 omnino
2072 5496 2193 5535 cum
2241 5483 2488 5550 praesenti
2534 5495 2738 5536 canone
2786 5483 3356 5553 statuitcscripsimus

1802 5589 1922 5646 qua:
1949 5575 2062 5630 visa
2092 5574 2325 5630 fuerunt.

1871 5667 2119 5722 ZONAR.
2143 5668 2300 5722 Viros
2327 5682 2448 5722 cum
2474 5667 2690 5723 feminis
2715 5668 2902 5735 lavari,
2933 5678 3044 5724 tum
3069 5679 3152 5724 est
3177 5671 3358 5726 animo

1801 5761 2184 5833 perniciosum,
2211 5768 2320 5814 tum
2352 5777 2382 5815 a
2415 5762 2607 5817 decore
2635 5771 2690 5816 et
2722 5763 3002 5818 honestate
3026 5764 3169 5818 omni
3205 5776 3362 5832 prcr-

1801 5870 1895 5914 sus
1931 5854 2190 5913 alienum.
2222 5850 2431 5912 Etenim
2461 5853 2506 5913 si
2531 5869 2591 5912 se
2616 5855 2842 5913 invicem
2873 5856 3044 5914 nudos
3081 5855 3182 5913 viri
3231 5870 3351 5911 nm-
