  <div class='ocr_page' id='page_1' title='image "/cluster/home/n/w/nwhite01/storage/ocr_20150623/137/nnc1.0046979786/745.png"; bbox 0 0 4178 6420; ppageno 0'>
   <div class='ocr_carea' id='block_1_1' title="bbox 732 377 874 438">
    <p class='ocr_par' dir='ltr' id='par_1_1' title="bbox 732 377 874 438">
     <span class='ocr_line' id='line_1_1' title="bbox 732 377 874 438; baseline 0.014 -3"><span class='ocrx_word' id='word_1_1' title='bbox 732 377 874 438; x_wconf 68' lang='grc' dir='ltr'><strong>ῖῗιδτ</strong></span> 
     </span>
    </p>
   </div>
   <div class='ocr_carea' id='block_1_2' title="bbox 1993 372 2709 434">
    <p class='ocr_par' dir='ltr' id='par_1_2' title="bbox 1993 372 2709 434">
     <span class='ocr_line' id='line_1_2' title="bbox 1993 372 2709 434; baseline 0.004 -3"><span class='ocrx_word' id='word_1_2' title='bbox 1993 372 2268 432; x_wconf 82' lang='grc' dir='ltr'><strong>ΤΗΕΟΙ).</strong></span> <span class='ocrx_word' id='word_1_3' title='bbox 2307 373 2709 434; x_wconf 70' lang='lat' dir='ltr'><strong>BALSAMON</strong></span> 
     </span>
    </p>
   </div>
   <div class='ocr_carea' id='block_1_3' title="bbox 3843 380 3965 444">
    <p class='ocr_par' dir='ltr' id='par_1_3' title="bbox 3843 380 3965 444">
     <span class='ocr_line' id='line_1_3' title="bbox 3843 380 3965 444; baseline 0.016 -2"><span class='ocrx_word' id='word_1_4' title='bbox 3843 380 3965 444; x_wconf 67' lang='lat'><strong>1383</strong></span> 
     </span>
    </p>
   </div>
   <div class='ocr_carea' id='block_1_4' title="bbox 727 484 2298 557">
    <p class='ocr_par' dir='ltr' id='par_1_4' title="bbox 727 485 2294 553">
     <span class='ocr_line' id='line_1_4' title="bbox 727 485 2294 553; baseline 0.004 -22"><span class='ocrx_word' id='word_1_5' title='bbox 727 490 964 549; x_wconf 70' lang='lat' dir='ltr'><strong>Quorum</strong></span> <span class='ocrx_word' id='word_1_6' title='bbox 999 485 1213 553; x_wconf 80' lang='lat' dir='ltr'><strong>quidem</strong></span> <span class='ocrx_word' id='word_1_7' title='bbox 1239 485 1478 553; x_wconf 82' lang='lat' dir='ltr'><strong>Apustoli</strong></span> <span class='ocrx_word' id='word_1_8' title='bbox 1512 488 1799 538; x_wconf 82' lang='lat' dir='ltr'><strong>verborum</strong></span> <span class='ocrx_word' id='word_1_9' title='bbox 1830 485 1945 539; x_wconf 67' lang='lat' dir='ltr'><strong>hanc</strong></span> <span class='ocrx_word' id='word_1_10' title='bbox 1962 494 2045 538; x_wconf 88' lang='lat' dir='ltr'><strong>est</strong></span> <span class='ocrx_word' id='word_1_11' title='bbox 2075 496 2294 540; x_wconf 84' lang='lat' dir='ltr'><strong>senten-</strong></span> 
     </span>
    </p>
   </div>
   <div class='ocr_carea' id='block_1_5' title="bbox 2402 484 3966 557">
    <p class='ocr_par' dir='ltr' id='par_1_5' title="bbox 2402 484 3966 557">
     <span class='ocr_line' id='line_1_5' title="bbox 2402 484 3966 557; baseline 0.003 -21"><span class='ocrx_word' id='word_1_12' title='bbox 2402 484 2710 554; x_wconf 86' lang='grc' dir='ltr'><strong>λεγόμενον,</strong></span> <span class='ocrx_word' id='word_1_13' title='bbox 2739 484 2821 537; x_wconf 85' lang='grc' dir='ltr'><strong>ὅτι</strong></span> <span class='ocrx_word' id='word_1_14' title='bbox 2856 484 3062 553; x_wconf 77' lang='grc' dir='ltr'><strong>Μηδεὶς</strong></span> <span class='ocrx_word' id='word_1_15' title='bbox 3100 484 3243 554; x_wconf 80' lang='grc' dir='ltr'><strong>ὑμᾶς</strong></span> <span class='ocrx_word' id='word_1_16' title='bbox 3269 484 3361 538; x_wconf 88' lang='grc' dir='ltr'><strong>τοῦ</strong></span> <span class='ocrx_word' id='word_1_17' title='bbox 3395 484 3652 555; x_wconf 54' lang='grc' dir='ltr'><strong>βραϐεῖον</strong></span> <span class='ocrx_word' id='word_1_18' title='bbox 3698 490 3803 557; x_wconf 83' lang='grc' dir='ltr'><strong>τῆς</strong></span> <span class='ocrx_word' id='word_1_19' title='bbox 3852 493 3966 542; x_wconf 79' lang='grc' dir='ltr'><strong>πίσ-</strong></span> 
     </span>
    </p>
   </div>
   <div class='ocr_carea' id='block_1_6' title="bbox 731 575 2295 645">
    <p class='ocr_par' dir='ltr' id='par_1_6' title="bbox 731 575 2295 645">
     <span class='ocr_line' id='line_1_6' title="bbox 731 575 2295 645; baseline 0.003 -20"><span class='ocrx_word' id='word_1_20' title='bbox 731 580 799 627; x_wconf 72' lang='lat' dir='ltr'><strong>tia</strong></span> <span class='ocrx_word' id='word_1_21' title='bbox 832 596 845 631; x_wconf 85' lang='lat'><strong>;</strong></span> <span class='ocrx_word' id='word_1_22' title='bbox 882 575 1047 628; x_wconf 74' lang='lat' dir='ltr'><strong>Nemo</strong></span> <span class='ocrx_word' id='word_1_23' title='bbox 1078 591 1190 640; x_wconf 89' lang='lat' dir='ltr'><strong>vos,</strong></span> <span class='ocrx_word' id='word_1_24' title='bbox 1220 576 1415 644; x_wconf 84' lang='lat' dir='ltr'><strong>inquit,</strong></span> <span class='ocrx_word' id='word_1_25' title='bbox 1441 576 1562 629; x_wconf 82' lang='lat' dir='ltr'><strong>ﬁdei</strong></span> <span class='ocrx_word' id='word_1_26' title='bbox 1599 578 1827 644; x_wconf 70' lang='lat' dir='ltr'><strong>vitaeque</strong></span> <span class='ocrx_word' id='word_1_27' title='bbox 1858 578 2078 645; x_wconf 65' lang='lat' dir='ltr'><strong>integra:</strong></span> <span class='ocrx_word' id='word_1_28' title='bbox 2111 577 2295 630; x_wconf 91' lang='lat' dir='ltr'><strong>bravio</strong></span> 
     </span>
    </p>
   </div>
   <div class='ocr_carea' id='block_1_7' title="bbox 724 665 2294 737">
    <p class='ocr_par' dir='ltr' id='par_1_7' title="bbox 724 665 2294 737">
     <span class='ocr_line' id='line_1_7' title="bbox 724 665 2294 737; baseline 0.001 -20"><span class='ocrx_word' id='word_1_29' title='bbox 724 666 891 737; x_wconf 65' lang='grc'><strong>469</strong></span> <span class='ocrx_word' id='word_1_30' title='bbox 915 668 1123 721; x_wconf 84' lang='lat' dir='ltr'><strong>l&#39;raudet</strong></span> <span class='ocrx_word' id='word_1_31' title='bbox 1151 705 1164 727; x_wconf 87' lang='lat'><strong>.</strong></span> <span class='ocrx_word' id='word_1_32' title='bbox 1212 665 1331 735; x_wconf 85' lang='lat' dir='ltr'><strong>(Est</strong></span> <span class='ocrx_word' id='word_1_33' title='bbox 1388 682 1619 735; x_wconf 88' lang='lat' dir='ltr'><strong>namque</strong></span> <span class='ocrx_word' id='word_1_34' title='bbox 1669 666 2154 735; x_wconf 75' lang='grc' dir='ltr'><strong>καταϐραϐεύειν,’</strong></span> <span class='ocrx_word' id='word_1_35' title='bbox 2190 682 2294 719; x_wconf 94' lang='lat' dir='ltr'><strong>non</strong></span> 
     </span>
    </p>
   </div>
   <div class='ocr_carea' id='block_1_8' title="bbox 731 757 2296 828">
    <p class='ocr_par' dir='ltr' id='par_1_8' title="bbox 731 757 2296 828">
     <span class='ocr_line' id='line_1_8' title="bbox 731 757 2296 828; baseline 0.001 -17"><span class='ocrx_word' id='word_1_36' title='bbox 731 761 989 812; x_wconf 85' lang='lat' dir='ltr'><strong>victorem</strong></span> <span class='ocrx_word' id='word_1_37' title='bbox 1020 759 1208 812; x_wconf 89' lang='lat' dir='ltr'><strong>bravio</strong></span> <span class='ocrx_word' id='word_1_38' title='bbox 1240 757 1564 825; x_wconf 85' lang='lat' dir='ltr'><strong>honestare;</strong></span> <span class='ocrx_word' id='word_1_39' title='bbox 1623 760 1717 813; x_wconf 82' lang='lat' dir='ltr'><strong>sed</strong></span> <span class='ocrx_word' id='word_1_40' title='bbox 1774 759 1847 812; x_wconf 86' lang='lat' dir='ltr'><strong>illi</strong></span> <span class='ocrx_word' id='word_1_41' title='bbox 1904 772 2000 828; x_wconf 81' lang='lat' dir='ltr'><strong>per</strong></span> <span class='ocrx_word' id='word_1_42' title='bbox 2042 757 2296 828; x_wconf 79' lang='lat' dir='ltr'><strong>injtt&#39;riatn</strong></span> 
     </span>
    </p>
   </div>
   <div class='ocr_carea' id='block_1_9' title="bbox 724 850 2296 920">
    <p class='ocr_par' dir='ltr' id='par_1_9' title="bbox 724 850 2296 920">
     <span class='ocr_line' id='line_1_9' title="bbox 724 850 2296 920; baseline 0.002 -18"><span class='ocrx_word' id='word_1_43' title='bbox 724 860 996 917; x_wconf 86' lang='lat' dir='ltr'><strong>ereptum,</strong></span> <span class='ocrx_word' id='word_1_44' title='bbox 1035 850 1187 903; x_wconf 87' lang='lat' dir='ltr'><strong>alteri</strong></span> <span class='ocrx_word' id='word_1_45' title='bbox 1220 850 1451 918; x_wconf 82' lang='lat' dir='ltr'><strong>cuipiam</strong></span> <span class='ocrx_word' id='word_1_46' title='bbox 1488 850 1737 920; x_wconf 80' lang='lat' dir='ltr'><strong>elargiri)</strong></span> <span class='ocrx_word' id='word_1_47' title='bbox 1771 850 1994 919; x_wconf 88' lang='lat' dir='ltr'><strong>cupiens</strong></span> <span class='ocrx_word' id='word_1_48' title='bbox 2021 865 2116 905; x_wconf 89' lang='lat' dir='ltr'><strong>vos</strong></span> <span class='ocrx_word' id='word_1_49' title='bbox 2155 866 2186 905; x_wconf 89' lang='lat' dir='ltr'><strong>a</strong></span> <span class='ocrx_word' id='word_1_50' title='bbox 2210 864 2296 904; x_wconf 85' lang='lat' dir='ltr'><strong>re-</strong></span> 
     </span>
    </p>
   </div>
   <div class='ocr_carea' id='block_1_10' title="bbox 725 941 2298 1009">
    <p class='ocr_par' dir='ltr' id='par_1_10' title="bbox 725 941 2298 1009">
     <span class='ocr_line' id='line_1_10' title="bbox 725 941 2298 1009; baseline -0.003 -12"><span class='ocrx_word' id='word_1_51' title='bbox 725 954 807 997; x_wconf 86' lang='lat' dir='ltr'><strong>cta</strong></span> <span class='ocrx_word' id='word_1_52' title='bbox 840 944 943 996; x_wconf 87' lang='lat' dir='ltr'><strong>lide</strong></span> <span class='ocrx_word' id='word_1_53' title='bbox 969 942 1033 995; x_wconf 86' lang='lat' dir='ltr'><strong>ad</strong></span> <span class='ocrx_word' id='word_1_54' title='bbox 1064 943 1463 996; x_wconf 77' lang='lat' dir='ltr'><strong>venerationem</strong></span> <span class='ocrx_word' id='word_1_55' title='bbox 1517 942 1829 1009; x_wconf 81' lang='lat' dir='ltr'><strong>angelorum</strong></span> <span class='ocrx_word' id='word_1_56' title='bbox 1877 941 2146 996; x_wconf 85' lang='lat' dir='ltr'><strong>abducere</strong></span> <span class='ocrx_word' id='word_1_57' title='bbox 2173 980 2189 1006; x_wconf 86' lang='lat'><strong>,</strong></span> <span class='ocrx_word' id='word_1_58' title='bbox 2240 948 2298 993; x_wconf 92' lang='lat' dir='ltr'><strong>ut</strong></span> 
     </span>
    </p>
   </div>
   <div class='ocr_carea' id='block_1_11' title="bbox 729 1030 2299 1101">
    <p class='ocr_par' dir='ltr' id='par_1_11' title="bbox 729 1030 2299 1101">
     <span class='ocr_line' id='line_1_11' title="bbox 729 1030 2299 1101; baseline -0.002 -15"><span class='ocrx_word' id='word_1_59' title='bbox 729 1033 978 1087; x_wconf 83' lang='lat' dir='ltr'><strong>videlicet</strong></span> <span class='ocrx_word' id='word_1_60' title='bbox 1000 1032 1316 1101; x_wconf 71' lang='lat' dir='ltr'><strong>angelorum</strong></span> <span class='ocrx_word' id='word_1_61' title='bbox 1353 1032 1685 1084; x_wconf 87' lang='lat' dir='ltr'><strong>venerationi</strong></span> <span class='ocrx_word' id='word_1_62' title='bbox 1719 1031 1919 1085; x_wconf 84' lang='lat' dir='ltr'><strong>addicti</strong></span> <span class='ocrx_word' id='word_1_63' title='bbox 1944 1033 2083 1093; x_wconf 81' lang='lat' dir='ltr'><strong>sitis,</strong></span> <span class='ocrx_word' id='word_1_64' title='bbox 2114 1032 2165 1085; x_wconf 87' lang='lat' dir='ltr'><strong>in</strong></span> <span class='ocrx_word' id='word_1_65' title='bbox 2199 1030 2299 1084; x_wconf 88' lang='lat' dir='ltr'><strong>hu-</strong></span> 
     </span>
    </p>
   </div>
   <div class='ocr_carea' id='block_1_12' title="bbox 725 1121 2297 1191">
    <p class='ocr_par' dir='ltr' id='par_1_12' title="bbox 725 1121 2297 1191">
     <span class='ocr_line' id='line_1_12' title="bbox 725 1121 2297 1191; baseline -0.003 -13"><span class='ocrx_word' id='word_1_66' title='bbox 725 1124 953 1179; x_wconf 89' lang='lat' dir='ltr'><strong>militate</strong></span> <span class='ocrx_word' id='word_1_67' title='bbox 980 1165 996 1190; x_wconf 93' lang='lat'><strong>,</strong></span> <span class='ocrx_word' id='word_1_68' title='bbox 1023 1122 1340 1177; x_wconf 87' lang='lat' dir='ltr'><strong>humilitatis</strong></span> <span class='ocrx_word' id='word_1_69' title='bbox 1371 1123 1623 1175; x_wconf 89' lang='lat' dir='ltr'><strong>nimirum</strong></span> <span class='ocrx_word' id='word_1_70' title='bbox 1668 1122 1869 1180; x_wconf 84' lang='lat' dir='ltr'><strong>studio.</strong></span> <span class='ocrx_word' id='word_1_71' title='bbox 1905 1123 2059 1191; x_wconf 87' lang='lat' dir='ltr'><strong>quasi</strong></span> <span class='ocrx_word' id='word_1_72' title='bbox 2090 1121 2297 1177; x_wconf 82' lang='lat' dir='ltr'><strong>scilicet</strong></span> 
     </span>
    </p>
   </div>
   <div class='ocr_carea' id='block_1_13' title="bbox 724 1212 2295 1283">
    <p class='ocr_par' dir='ltr' id='par_1_13' title="bbox 724 1212 2295 1283">
     <span class='ocr_line' id='line_1_13' title="bbox 724 1212 2295 1283; baseline -0.002 -14"><span class='ocrx_word' id='word_1_73' title='bbox 724 1216 1010 1272; x_wconf 82' lang='lat' dir='ltr'><strong>Dominum</strong></span> <span class='ocrx_word' id='word_1_74' title='bbox 1035 1214 1344 1283; x_wconf 77' lang='lat' dir='ltr'><strong>implorare,</strong></span> <span class='ocrx_word' id='word_1_75' title='bbox 1376 1229 1546 1280; x_wconf 86' lang='lat' dir='ltr'><strong>eoque</strong></span> <span class='ocrx_word' id='word_1_76' title='bbox 1570 1214 1708 1282; x_wconf 88' lang='lat' dir='ltr'><strong>apttd</strong></span> <span class='ocrx_word' id='word_1_77' title='bbox 1736 1212 1948 1267; x_wconf 82' lang='lat' dir='ltr'><strong>Patrem</strong></span> <span class='ocrx_word' id='word_1_78' title='bbox 1975 1230 2132 1267; x_wconf 89' lang='lat' dir='ltr'><strong>suum</strong></span> <span class='ocrx_word' id='word_1_79' title='bbox 2166 1230 2295 1266; x_wconf 80' lang='lat' dir='ltr'><strong>con-</strong></span> 
     </span>
    </p>
   </div>
   <div class='ocr_carea' id='block_1_14' title="bbox 724 1296 2299 1374">
    <p class='ocr_par' dir='ltr' id='par_1_14' title="bbox 724 1296 2299 1374">
     <span class='ocr_line' id='line_1_14' title="bbox 724 1296 2299 1374; baseline -0.002 -13"><span class='ocrx_word' id='word_1_80' title='bbox 724 1307 968 1361; x_wconf 87' lang='lat' dir='ltr'><strong>ciliatnre</strong></span> <span class='ocrx_word' id='word_1_81' title='bbox 998 1296 1095 1371; x_wconf 86' lang='lat' dir='ltr'><strong>uti,</strong></span> <span class='ocrx_word' id='word_1_82' title='bbox 1126 1318 1323 1359; x_wconf 72' lang='lat' dir='ltr'><strong>nostra:</strong></span> <span class='ocrx_word' id='word_1_83' title='bbox 1379 1308 1539 1359; x_wconf 78' lang='lat' dir='ltr'><strong>sortis</strong></span> <span class='ocrx_word' id='word_1_84' title='bbox 1596 1320 1715 1358; x_wconf 84' lang='lat' dir='ltr'><strong>esse</strong></span> <span class='ocrx_word' id='word_1_85' title='bbox 1768 1320 2108 1374; x_wconf 88' lang='lat' dir='ltr'><strong>nequaquam</strong></span> <span class='ocrx_word' id='word_1_86' title='bbox 2151 1306 2299 1358; x_wconf 80' lang='lat' dir='ltr'><strong>arhi-</strong></span> 
     </span>
    </p>
   </div>
   <div class='ocr_carea' id='block_1_15' title="bbox 727 1394 2299 1464">
    <p class='ocr_par' dir='ltr' id='par_1_15' title="bbox 727 1394 2299 1464">
     <span class='ocr_line' id='line_1_15' title="bbox 727 1394 2299 1464; baseline 0.002 -17"><span class='ocrx_word' id='word_1_87' title='bbox 727 1406 1019 1449; x_wconf 86' lang='lat' dir='ltr'><strong>trarentur.</strong></span> <span class='ocrx_word' id='word_1_88' title='bbox 1060 1394 1288 1464; x_wconf 81' lang='lat' dir='ltr'><strong>Antiqua</strong></span> <span class='ocrx_word' id='word_1_89' title='bbox 1327 1394 1511 1460; x_wconf 81' lang='lat' dir='ltr'><strong>igitur,</strong></span> <span class='ocrx_word' id='word_1_90' title='bbox 1533 1403 1588 1446; x_wconf 92' lang='lat' dir='ltr'><strong>ut</strong></span> <span class='ocrx_word' id='word_1_91' title='bbox 1611 1394 1847 1449; x_wconf 85' lang='lat' dir='ltr'><strong>diximus</strong></span> <span class='ocrx_word' id='word_1_92' title='bbox 1878 1434 1895 1459; x_wconf 90' lang='lat'><strong>,</strong></span> <span class='ocrx_word' id='word_1_93' title='bbox 1932 1394 2049 1449; x_wconf 64' lang='lat' dir='ltr'><strong>haec</strong></span> <span class='ocrx_word' id='word_1_94' title='bbox 2077 1394 2299 1450; x_wconf 60' lang='lat' dir='ltr'><strong>haresis</strong></span> 
     </span>
    </p>
   </div>
   <div class='ocr_carea' id='block_1_16' title="bbox 725 1486 2299 1554">
    <p class='ocr_par' dir='ltr' id='par_1_16' title="bbox 725 1486 2299 1554">
     <span class='ocr_line' id='line_1_16' title="bbox 725 1486 2299 1554; baseline 0.003 -15"><span class='ocrx_word' id='word_1_95' title='bbox 725 1486 847 1553; x_wconf 79' lang='lat' dir='ltr'><strong>fuit,</strong></span> <span class='ocrx_word' id='word_1_96' title='bbox 880 1497 936 1538; x_wconf 91' lang='lat' dir='ltr'><strong>ut</strong></span> <span class='ocrx_word' id='word_1_97' title='bbox 976 1486 1195 1554; x_wconf 81' lang='lat' dir='ltr'><strong>angelos</strong></span> <span class='ocrx_word' id='word_1_98' title='bbox 1226 1487 1385 1554; x_wconf 88' lang='lat' dir='ltr'><strong>aliqui</strong></span> <span class='ocrx_word' id='word_1_99' title='bbox 1429 1487 1776 1542; x_wconf 80' lang='lat' dir='ltr'><strong>nominarent</strong></span> <span class='ocrx_word' id='word_1_100' title='bbox 1804 1527 1818 1551; x_wconf 87' lang='lat'><strong>,</strong></span> <span class='ocrx_word' id='word_1_101' title='bbox 1847 1488 1950 1543; x_wconf 92' lang='lat' dir='ltr'><strong>hoc</strong></span> <span class='ocrx_word' id='word_1_102' title='bbox 1981 1498 2101 1551; x_wconf 88' lang='lat' dir='ltr'><strong>est,</strong></span> <span class='ocrx_word' id='word_1_103' title='bbox 2148 1490 2299 1543; x_wconf 85' lang='lat' dir='ltr'><strong>invo-</strong></span> 
     </span>
    </p>
   </div>
   <div class='ocr_carea' id='block_1_17' title="bbox 724 1579 2298 1649">
    <p class='ocr_par' dir='ltr' id='par_1_17' title="bbox 724 1579 2298 1649">
     <span class='ocr_line' id='line_1_17' title="bbox 724 1579 2298 1649; baseline 0.002 -17"><span class='ocrx_word' id='word_1_104' title='bbox 724 1589 932 1644; x_wconf 88' lang='lat' dir='ltr'><strong>carent,</strong></span> <span class='ocrx_word' id='word_1_105' title='bbox 970 1589 1373 1648; x_wconf 87' lang='lat' dir='ltr'><strong>conventusque</strong></span> <span class='ocrx_word' id='word_1_106' title='bbox 1404 1580 1639 1649; x_wconf 85' lang='lat' dir='ltr'><strong>privatos</strong></span> <span class='ocrx_word' id='word_1_107' title='bbox 1682 1580 1912 1635; x_wconf 89' lang='lat' dir='ltr'><strong>seorsim</strong></span> <span class='ocrx_word' id='word_1_108' title='bbox 1952 1580 2020 1635; x_wconf 87' lang='lat' dir='ltr'><strong>ab</strong></span> <span class='ocrx_word' id='word_1_109' title='bbox 2062 1579 2298 1635; x_wconf 84' lang='lat' dir='ltr'><strong>Ecclesia</strong></span> 
     </span>
    </p>
   </div>
   <div class='ocr_carea' id='block_1_18' title="bbox 725 1667 2292 1740">
    <p class='ocr_par' dir='ltr' id='par_1_18' title="bbox 725 1667 2292 1740">
     <span class='ocr_line' id='line_1_18' title="bbox 725 1667 2292 1740; baseline 0.004 -22"><span class='ocrx_word' id='word_1_110' title='bbox 725 1670 1061 1720; x_wconf 77' lang='lat' dir='ltr'><strong>crlebl‘al‘enl</strong></span> <span class='ocrx_word' id='word_1_111' title='bbox 1100 1683 1262 1736; x_wconf 65' lang='lat' dir='ltr'><strong>:qttae</strong></span> <span class='ocrx_word' id='word_1_112' title='bbox 1297 1667 1515 1737; x_wconf 84' lang='lat' dir='ltr'><strong>quidem</strong></span> <span class='ocrx_word' id='word_1_113' title='bbox 1556 1684 1731 1723; x_wconf 91' lang='lat' dir='ltr'><strong>canon</strong></span> <span class='ocrx_word' id='word_1_114' title='bbox 1776 1669 1979 1723; x_wconf 87' lang='lat' dir='ltr'><strong>aboleri</strong></span> <span class='ocrx_word' id='word_1_115' title='bbox 2031 1670 2292 1740; x_wconf 90' lang='lat' dir='ltr'><strong>cupiens,</strong></span> 
     </span>
    </p>
   </div>
   <div class='ocr_carea' id='block_1_19' title="bbox 727 1758 2294 1829">
    <p class='ocr_par' dir='ltr' id='par_1_19' title="bbox 727 1758 2294 1829">
     <span class='ocr_line' id='line_1_19' title="bbox 727 1758 2294 1829; baseline -0.001 -16"><span class='ocrx_word' id='word_1_116' title='bbox 727 1758 783 1813; x_wconf 91' lang='lat' dir='ltr'><strong>Si</strong></span> <span class='ocrx_word' id='word_1_117' title='bbox 815 1760 957 1828; x_wconf 87' lang='lat' dir='ltr'><strong>quis,</strong></span> <span class='ocrx_word' id='word_1_118' title='bbox 1001 1759 1196 1827; x_wconf 84' lang='lat' dir='ltr'><strong>inquit,</strong></span> <span class='ocrx_word' id='word_1_119' title='bbox 1249 1761 1475 1814; x_wconf 78' lang='lat' dir='ltr'><strong>occultae</strong></span> <span class='ocrx_word' id='word_1_120' title='bbox 1529 1760 1654 1814; x_wconf 86' lang='lat' dir='ltr'><strong>huic</strong></span> <span class='ocrx_word' id='word_1_121' title='bbox 1708 1760 2027 1815; x_wconf 76' lang='lat' dir='ltr'><strong>idololatriae</strong></span> <span class='ocrx_word' id='word_1_122' title='bbox 2077 1775 2294 1829; x_wconf 87' lang='lat' dir='ltr'><strong>operam</strong></span> 
     </span>
    </p>
   </div>
   <div class='ocr_carea' id='block_1_20' title="bbox 2398 574 3966 650">
    <p class='ocr_par' dir='ltr' id='par_1_20' title="bbox 2398 574 3966 650">
     <span class='ocr_line' id='line_1_20' title="bbox 2398 574 3966 650; baseline 0.002 -22"><span class='ocrx_word' id='word_1_123' title='bbox 2398 593 2533 637; x_wconf 83' lang='grc' dir='ltr'><strong>τεως</strong></span> <span class='ocrx_word' id='word_1_124' title='bbox 2564 578 2656 629; x_wconf 72' lang='grc' dir='ltr'><strong>καὶ</strong></span> <span class='ocrx_word' id='word_1_125' title='bbox 2684 574 2818 638; x_wconf 76' lang='grc' dir='ltr'><strong>,τοῦῖ</strong></span> <span class='ocrx_word' id='word_1_126' title='bbox 2846 575 3008 647; x_wconf 85' lang='grc' dir='ltr'><strong>ὀρθοῦ</strong></span> <span class='ocrx_word' id='word_1_127' title='bbox 3063 575 3181 645; x_wconf 86' lang='grc' dir='ltr'><strong>βίου</strong></span> <span class='ocrx_word' id='word_1_128' title='bbox 3234 578 3607 648; x_wconf 81' lang='grc' dir='ltr'><strong>ἀποστερείτω</strong></span> <span class='ocrx_word' id='word_1_129' title='bbox 3662 580 3966 650; x_wconf 70' lang='grc' dir='ltr'><strong>(καταδρα-</strong></span> 
     </span>
    </p>
   </div>
   <div class='ocr_carea' id='block_1_21' title="bbox 2400 667 3967 739">
    <p class='ocr_par' dir='ltr' id='par_1_21' title="bbox 2400 667 3967 739">
     <span class='ocr_line' id='line_1_21' title="bbox 2400 667 3967 739; baseline 0.003 -19"><span class='ocrx_word' id='word_1_130' title='bbox 2400 669 2580 722; x_wconf 82' lang='grc' dir='ltr'><strong>6εύειν</strong></span> <span class='ocrx_word' id='word_1_131' title='bbox 2611 674 2722 738; x_wconf 87' lang='grc' dir='ltr'><strong>γάρ</strong></span> <span class='ocrx_word' id='word_1_132' title='bbox 2752 670 2868 721; x_wconf 79' lang='grc' dir='ltr'><strong>ἐστι</strong></span> <span class='ocrx_word' id='word_1_133' title='bbox 2920 667 2982 720; x_wconf 84' lang='grc' dir='ltr'><strong>τὸ</strong></span> <span class='ocrx_word' id='word_1_134' title='bbox 3018 671 3105 737; x_wconf 62' lang='grc' dir='ltr'><strong>μὴν</strong></span> <span class='ocrx_word' id='word_1_135' title='bbox 3139 669 3232 721; x_wconf 80' lang='grc' dir='ltr'><strong>τὸν</strong></span> <span class='ocrx_word' id='word_1_136' title='bbox 3293 672 3590 739; x_wconf 75' lang='grc' dir='ltr'><strong>νικήσαντα</strong></span> <span class='ocrx_word' id='word_1_137' title='bbox 3652 671 3852 735; x_wconf 78' lang='grc' dir='ltr'><strong>ἀξιοῦν</strong></span> <span class='ocrx_word' id='word_1_138' title='bbox 3886 673 3967 724; x_wconf 79' lang='grc' dir='ltr'><strong>τοῦ</strong></span> 
     </span>
    </p>
   </div>
   <div class='ocr_carea' id='block_1_22' title="bbox 2401 758 3969 830">
    <p class='ocr_par' dir='ltr' id='par_1_22' title="bbox 2401 758 3969 830">
     <span class='ocr_line' id='line_1_22' title="bbox 2401 758 3969 830; baseline 0.001 -17"><span class='ocrx_word' id='word_1_139' title='bbox 2401 760 2676 830; x_wconf 78' lang='grc' dir='ltr'><strong>βραϐείου,</strong></span> <span class='ocrx_word' id='word_1_140' title='bbox 2703 758 2821 813; x_wconf 81' lang='grc' dir='ltr'><strong>ἀλλ’</strong></span> <span class='ocrx_word' id='word_1_141' title='bbox 2848 759 3021 829; x_wconf 80' lang='grc' dir='ltr'><strong>ἑτέρῳ</strong></span> <span class='ocrx_word' id='word_1_142' title='bbox 3058 759 3260 813; x_wconf 78' lang='grc' dir='ltr'>διδόναι</span> <span class='ocrx_word' id='word_1_143' title='bbox 3294 760 3444 824; x_wconf 81' lang='grc' dir='ltr'><strong>αὐτὸ,</strong></span> <span class='ocrx_word' id='word_1_144' title='bbox 3479 762 3857 829; x_wconf 75' lang='grc' dir='ltr'><strong>ἀδικουμένου</strong></span> <span class='ocrx_word' id='word_1_145' title='bbox 3888 764 3969 816; x_wconf 81' lang='grc' dir='ltr'><strong>τοῦ</strong></span> 
     </span>
    </p>
   </div>
   <div class='ocr_carea' id='block_1_23' title="bbox 2399 852 3969 923">
    <p class='ocr_par' dir='ltr' id='par_1_23' title="bbox 2399 852 3969 923">
     <span class='ocr_line' id='line_1_23' title="bbox 2399 852 3969 923; baseline 0 -18"><span class='ocrx_word' id='word_1_146' title='bbox 2399 853 2644 923; x_wconf 85' lang='grc' dir='ltr'><strong>νικητοῦ)</strong></span> <span class='ocrx_word' id='word_1_147' title='bbox 2684 854 2853 907; x_wconf 80' lang='grc' dir='ltr'><strong>θέλων</strong></span> <span class='ocrx_word' id='word_1_148' title='bbox 2886 852 3139 923; x_wconf 81' lang='grc' dir='ltr'><strong>μετάγειν</strong></span> <span class='ocrx_word' id='word_1_149' title='bbox 3172 854 3315 922; x_wconf 80' lang='grc' dir='ltr'><strong>ὑμᾶς</strong></span> <span class='ocrx_word' id='word_1_150' title='bbox 3347 853 3454 905; x_wconf 73' lang='grc' dir='ltr'><strong>ἀπὸ</strong></span> <span class='ocrx_word' id='word_1_151' title='bbox 3489 854 3586 921; x_wconf 79' lang='grc' dir='ltr'><strong>τῆς</strong></span> <span class='ocrx_word' id='word_1_152' title='bbox 3635 853 3813 922; x_wconf 80' lang='grc' dir='ltr'>ὀρθῆς</span> <span class='ocrx_word' id='word_1_153' title='bbox 3860 858 3969 905; x_wconf 70' lang='grc' dir='ltr'><strong>πίσ-</strong></span> 
     </span>
    </p>
   </div>
   <div class='ocr_carea' id='block_1_24' title="bbox 2397 943 3972 1015">
    <p class='ocr_par' dir='ltr' id='par_1_24' title="bbox 2397 943 3972 1015">
     <span class='ocr_line' id='line_1_24' title="bbox 2397 943 3972 1015; baseline -0.001 -18"><span class='ocrx_word' id='word_1_154' title='bbox 2397 962 2533 1006; x_wconf 81' lang='grc' dir='ltr'><strong>τεως</strong></span> <span class='ocrx_word' id='word_1_155' title='bbox 2565 947 2644 1007; x_wconf 81' lang='grc' dir='ltr'><strong>είς</strong></span> <span class='ocrx_word' id='word_1_156' title='bbox 2692 944 2989 1015; x_wconf 84' lang='grc' dir='ltr'><strong>θρησκείαν</strong></span> <span class='ocrx_word' id='word_1_157' title='bbox 3013 943 3122 995; x_wconf 84' lang='grc' dir='ltr'><strong>τῶν</strong></span> <span class='ocrx_word' id='word_1_158' title='bbox 3154 943 3418 1010; x_wconf 76' lang='grc' dir='ltr'><strong>ἀγγέλων,</strong></span> <span class='ocrx_word' id='word_1_159' title='bbox 3446 945 3614 1013; x_wconf 70' lang='grc' dir='ltr'><strong>ἤγουν</strong></span> <span class='ocrx_word' id='word_1_160' title='bbox 3673 947 3760 1005; x_wconf 81' lang='grc' dir='ltr'><strong>εἰς</strong></span> <span class='ocrx_word' id='word_1_161' title='bbox 3794 947 3859 995; x_wconf 73' lang='grc' dir='ltr'><strong>τὸ</strong></span> <span class='ocrx_word' id='word_1_162' title='bbox 3886 946 3972 996; x_wconf 71' lang='grc' dir='ltr'><strong>λι-</strong></span> 
     </span>
    </p>
   </div>
   <div class='ocr_carea' id='block_1_25' title="bbox 2398 1036 3964 1106">
    <p class='ocr_par' dir='ltr' id='par_1_25' title="bbox 2398 1036 3964 1106">
     <span class='ocr_line' id='line_1_25' title="bbox 2398 1036 3964 1106; baseline 0.001 -19"><span class='ocrx_word' id='word_1_163' title='bbox 2398 1036 2615 1105; x_wconf 81' lang='grc' dir='ltr'><strong>τρεύειν</strong></span> <span class='ocrx_word' id='word_1_164' title='bbox 2642 1039 2754 1098; x_wconf 85' lang='grc' dir='ltr'><strong>τοῖς</strong></span> <span class='ocrx_word' id='word_1_165' title='bbox 2784 1036 3039 1104; x_wconf 83' lang='grc' dir='ltr'><strong>ἀγγέλοις</strong></span> <span class='ocrx_word' id='word_1_166' title='bbox 3101 1037 3157 1087; x_wconf 78' lang='grc' dir='ltr'><strong>ἐν</strong></span> <span class='ocrx_word' id='word_1_167' title='bbox 3194 1037 3668 1106; x_wconf 66' lang='grc' dir='ltr'><strong>ταπεινοφροσύνῃ</strong></span> <span class='ocrx_word' id='word_1_168' title='bbox 3692 1075 3708 1096; x_wconf 92' lang='grc'><strong>,</strong></span> <span class='ocrx_word' id='word_1_169' title='bbox 3749 1036 3844 1087; x_wconf 68' lang='grc' dir='ltr'>διὰ</span> <span class='ocrx_word' id='word_1_170' title='bbox 3874 1055 3964 1089; x_wconf 74' lang='grc' dir='ltr'><strong>τει-</strong></span> 
     </span>
    </p>
   </div>
   <div class='ocr_carea' id='block_1_26' title="bbox 2400 1125 3974 1196">
    <p class='ocr_par' dir='ltr' id='par_1_26' title="bbox 2400 1125 3974 1196">
     <span class='ocr_line' id='line_1_26' title="bbox 2400 1125 3974 1196; baseline -0.002 -17"><span class='ocrx_word' id='word_1_171' title='bbox 2400 1127 2831 1196; x_wconf 72' lang='grc' dir='ltr'><strong>πεινοφροσύνην</strong></span> <span class='ocrx_word' id='word_1_172' title='bbox 2861 1127 3022 1195; x_wconf 82' lang='grc' dir='ltr'><strong>τάχα,</strong></span> <span class='ocrx_word' id='word_1_173' title='bbox 3048 1127 3121 1188; x_wconf 83' lang='grc' dir='ltr'><strong>ὡς</strong></span> <span class='ocrx_word' id='word_1_174' title='bbox 3147 1126 3286 1194; x_wconf 73' lang='grc' dir='ltr'><strong>ὑπὲρ</strong></span> <span class='ocrx_word' id='word_1_175' title='bbox 3311 1127 3454 1195; x_wconf 75' lang='grc' dir='ltr'><strong>ὑμᾶς</strong></span> <span class='ocrx_word' id='word_1_176' title='bbox 3496 1125 3650 1184; x_wconf 72' lang='grc' dir='ltr'><strong>ὄντος</strong></span> <span class='ocrx_word' id='word_1_177' title='bbox 3708 1125 3813 1177; x_wconf 83' lang='grc' dir='ltr'><strong>τοῦ</strong></span> <span class='ocrx_word' id='word_1_178' title='bbox 3864 1128 3974 1177; x_wconf 71' lang='grc' dir='ltr'><strong>ἐπι-</strong></span> 
     </span>
    </p>
   </div>
   <div class='ocr_carea' id='block_1_27' title="bbox 2401 1216 3972 1287">
    <p class='ocr_par' dir='ltr' id='par_1_27' title="bbox 2401 1216 3972 1287">
     <span class='ocr_line' id='line_1_27' title="bbox 2401 1216 3972 1287; baseline -0.001 -17"><span class='ocrx_word' id='word_1_179' title='bbox 2401 1218 2690 1270; x_wconf 70' lang='grc' dir='ltr'><strong>καλεῖσθαι</strong></span> <span class='ocrx_word' id='word_1_180' title='bbox 2730 1219 2821 1270; x_wconf 69' lang='grc' dir='ltr'><strong>τὸν</strong></span> <span class='ocrx_word' id='word_1_181' title='bbox 2850 1218 3074 1287; x_wconf 78' lang='grc' dir='ltr'><strong>Κύριον,</strong></span> <span class='ocrx_word' id='word_1_182' title='bbox 3098 1219 3190 1269; x_wconf 80' lang='grc' dir='ltr'><strong>καὶ</strong></span> <span class='ocrx_word' id='word_1_183' title='bbox 3215 1216 3360 1284; x_wconf 79' lang='grc' dir='ltr'><strong>αὐτῷ</strong></span> <span class='ocrx_word' id='word_1_184' title='bbox 3398 1217 3634 1286; x_wconf 80' lang='grc' dir='ltr'><strong>χρῆσθαι</strong></span> <span class='ocrx_word' id='word_1_185' title='bbox 3681 1234 3972 1285; x_wconf 73' lang='grc' dir='ltr'><strong>προσάγωο</strong></span> 
     </span>
    </p>
   </div>
   <div class='ocr_carea' id='block_1_28' title="bbox 2398 1305 3976 1379">
    <p class='ocr_par' dir='ltr' id='par_1_28' title="bbox 2398 1305 3976 1379">
     <span class='ocr_line' id='line_1_28' title="bbox 2398 1305 3976 1379; baseline -0.001 -18"><span class='ocrx_word' id='word_1_186' title='bbox 2398 1312 2487 1376; x_wconf 81' lang='grc' dir='ltr'><strong>γεῖ</strong></span> <span class='ocrx_word' id='word_1_187' title='bbox 2516 1311 2653 1377; x_wconf 83' lang='grc' dir='ltr'><strong>πρὸς</strong></span> <span class='ocrx_word' id='word_1_188' title='bbox 2677 1309 2769 1361; x_wconf 82' lang='grc' dir='ltr'><strong>τὸν</strong></span> <span class='ocrx_word' id='word_1_189' title='bbox 2801 1308 2967 1362; x_wconf 88' lang='grc' dir='ltr'><strong>αὐτοῦ</strong></span> <span class='ocrx_word' id='word_1_190' title='bbox 2990 1310 3225 1379; x_wconf 84' lang='grc' dir='ltr'><strong>Πατέρα.</strong></span> <span class='ocrx_word' id='word_1_191' title='bbox 3255 1308 3463 1362; x_wconf 76' lang='grc' dir='ltr'>Παλαιὰ</span> <span class='ocrx_word' id='word_1_192' title='bbox 3488 1305 3605 1374; x_wconf 77' lang='grc' dir='ltr'><strong>οὖν,</strong></span> <span class='ocrx_word' id='word_1_193' title='bbox 3636 1308 3713 1369; x_wconf 79' lang='grc' dir='ltr'><strong>ὡς</strong></span> <span class='ocrx_word' id='word_1_194' title='bbox 3738 1309 3976 1378; x_wconf 68' lang='grc' dir='ltr'><strong>εἴρηται,</strong></span> 
     </span>
    </p>
   </div>
   <div class='ocr_carea' id='block_1_29' title="bbox 2399 1397 3979 1474">
    <p class='ocr_par' dir='ltr' id='par_1_29' title="bbox 2399 1397 3979 1474">
     <span class='ocr_line' id='line_1_29' title="bbox 2399 1397 3979 1474; baseline -0.003 -19"><span class='ocrx_word' id='word_1_195' title='bbox 2399 1404 2433 1474; x_wconf 71' lang='grc' dir='ltr'>ἡ</span> <span class='ocrx_word' id='word_1_196' title='bbox 2469 1404 2680 1473; x_wconf 78' lang='grc' dir='ltr'><strong>αἵρεσις</strong></span> <span class='ocrx_word' id='word_1_197' title='bbox 2713 1399 2800 1470; x_wconf 82' lang='grc' dir='ltr'><strong>ἦν,</strong></span> <span class='ocrx_word' id='word_1_198' title='bbox 2849 1397 2942 1456; x_wconf 69' lang='grc' dir='ltr'><strong>καὶ</strong></span> <span class='ocrx_word' id='word_1_199' title='bbox 2985 1401 3267 1469; x_wconf 75' lang='grc' dir='ltr'><strong>ὠνόμαζον</strong></span> <span class='ocrx_word' id='word_1_200' title='bbox 3296 1420 3439 1464; x_wconf 87' lang='grc' dir='ltr'><strong>τινες</strong></span> <span class='ocrx_word' id='word_1_201' title='bbox 3476 1403 3780 1468; x_wconf 77' lang='grc' dir='ltr'><strong>ἀγγέλους,</strong></span> <span class='ocrx_word' id='word_1_202' title='bbox 3818 1403 3979 1471; x_wconf 78' lang='grc' dir='ltr'><strong>ῆγονν</strong></span> 
     </span>
    </p>
   </div>
   <div class='ocr_carea' id='block_1_30' title="bbox 2400 1491 3979 1559">
    <p class='ocr_par' dir='ltr' id='par_1_30' title="bbox 2400 1491 3979 1559">
     <span class='ocr_line' id='line_1_30' title="bbox 2400 1491 3979 1559; baseline -0.004 -13"><span class='ocrx_word' id='word_1_203' title='bbox 2400 1493 2781 1558; x_wconf 69' lang='grc' dir='ltr'><strong>ἐπεκαλοῦντο,</strong></span> <span class='ocrx_word' id='word_1_204' title='bbox 2834 1495 2927 1546; x_wconf 74' lang='grc' dir='ltr'><strong>καὶ</strong></span> <span class='ocrx_word' id='word_1_205' title='bbox 2980 1494 3232 1558; x_wconf 83' lang='grc' dir='ltr'><strong>συνάξεις</strong></span> <span class='ocrx_word' id='word_1_206' title='bbox 3263 1492 3509 1555; x_wconf 69' lang='grc' dir='ltr'><strong>ἐποίουν,</strong></span> <span class='ocrx_word' id='word_1_207' title='bbox 3557 1491 3708 1559; x_wconf 76' lang='grc' dir='ltr'><strong>ειπερ</strong></span> <span class='ocrx_word' id='word_1_208' title='bbox 3743 1492 3774 1542; x_wconf 88' lang='lat'><strong>6</strong></span> <span class='ocrx_word' id='word_1_209' title='bbox 3807 1493 3979 1542; x_wconf 56' lang='grc' dir='ltr'><strong>κανὼν</strong></span> 
     </span>
    </p>
   </div>
   <div class='ocr_carea' id='block_1_31' title="bbox 2398 1582 3981 1654">
    <p class='ocr_par' dir='ltr' id='par_1_31' title="bbox 2398 1582 3981 1654">
     <span class='ocr_line' id='line_1_31' title="bbox 2398 1582 3981 1654; baseline 0.002 -16"><span class='ocrx_word' id='word_1_210' title='bbox 2398 1585 2658 1653; x_wconf 79' lang='grc' dir='ltr'><strong>ἀναιρῶν,</strong></span> <span class='ocrx_word' id='word_1_211' title='bbox 2685 1584 2749 1637; x_wconf 84' lang='lat' dir='ltr'><strong>El’</strong></span> <span class='ocrx_word' id='word_1_212' title='bbox 2771 1602 2855 1646; x_wconf 78' lang='grc' dir='ltr'><strong>τις</strong></span> <span class='ocrx_word' id='word_1_213' title='bbox 2883 1585 3102 1654; x_wconf 78' lang='grc' dir='ltr'><strong>εὑρεθῇ,</strong></span> <span class='ocrx_word' id='word_1_214' title='bbox 3132 1585 3289 1652; x_wconf 72' lang='grc' dir='ltr'><strong>φησὶ,</strong></span> <span class='ocrx_word' id='word_1_215' title='bbox 3314 1582 3487 1654; x_wconf 84' lang='grc' dir='ltr'><strong>ταύτῃ</strong></span> <span class='ocrx_word' id='word_1_216' title='bbox 3514 1586 3579 1651; x_wconf 84' lang='grc' dir='ltr'><strong>τῇ</strong></span> <span class='ocrx_word' id='word_1_217' title='bbox 3608 1582 3981 1653; x_wconf 76' lang='grc' dir='ltr'><strong>κεκρυμμένῃ</strong></span> 
     </span>
    </p>
   </div>
   <div class='ocr_carea' id='block_1_32' title="bbox 2399 1674 3983 1747">
    <p class='ocr_par' dir='ltr' id='par_1_32' title="bbox 2399 1674 3983 1747">
     <span class='ocr_line' id='line_1_32' title="bbox 2399 1674 3983 1747; baseline -0.004 -18"><span class='ocrx_word' id='word_1_218' title='bbox 2399 1677 2816 1745; x_wconf 72' lang='grc' dir='ltr'><strong>είδωλολατρείᾳ</strong></span> <span class='ocrx_word' id='word_1_219' title='bbox 2871 1677 3181 1747; x_wconf 73' lang='grc' dir='ltr'><strong>σχολάζων,</strong></span> <span class='ocrx_word' id='word_1_220' title='bbox 3244 1677 3382 1727; x_wconf 74' lang='grc' dir='ltr'><strong>ἔστω</strong></span> <span class='ocrx_word' id='word_1_221' title='bbox 3451 1675 3733 1742; x_wconf 85' lang='grc' dir='ltr'><strong>ἀνάθεμα,</strong></span> <span class='ocrx_word' id='word_1_222' title='bbox 3801 1674 3908 1724; x_wconf 83' lang='grc' dir='ltr'><strong>Ἢν</strong></span> <span class='ocrx_word' id='word_1_223' title='bbox 3958 1675 3983 1723; x_wconf 84' lang='lat'><strong>6</strong></span> 
     </span>
    </p>
   </div>
   <div class='ocr_carea' id='block_1_33' title="bbox 2413 1760 3983 1837">
    <p class='ocr_par' dir='ltr' id='par_1_33' title="bbox 2413 1760 3983 1837">
     <span class='ocr_line' id='line_1_33' title="bbox 2413 1760 3983 1837; baseline -0.004 -17"><span class='ocrx_word' id='word_1_224' title='bbox 2413 1767 2733 1828; x_wconf 82' lang='grc' dir='ltr'><strong>Ἀπόστολος</strong></span> <span class='ocrx_word' id='word_1_225' title='bbox 2773 1768 2877 1835; x_wconf 74' lang='grc' dir='ltr'><strong>ἔφη</strong></span> <span class='ocrx_word' id='word_1_226' title='bbox 2909 1768 3211 1837; x_wconf 76' lang='grc' dir='ltr'><strong>θρησκείαν</strong></span> <span class='ocrx_word' id='word_1_227' title='bbox 3256 1768 3366 1818; x_wconf 79' lang='grc' dir='ltr'><strong>τῶν</strong></span> <span class='ocrx_word' id='word_1_228' title='bbox 3400 1765 3677 1831; x_wconf 80' lang='grc' dir='ltr'><strong>ἀγγέλων.</strong></span> <span class='ocrx_word' id='word_1_229' title='bbox 3715 1765 3749 1813; x_wconf 90' lang='lat'><strong>6</strong></span> <span class='ocrx_word' id='word_1_230' title='bbox 3805 1760 3983 1814; x_wconf 76' lang='grc' dir='ltr'><strong>κανὼν</strong></span> 
     </span>
    </p>
   </div>
   <div class='ocr_carea' id='block_1_34' title="bbox 726 1837 2298 1929">
    <p class='ocr_par' dir='ltr' id='par_1_34' title="bbox 726 1851 2298 1929">
     <span class='ocr_line' id='line_1_34' title="bbox 726 1851 2298 1929; baseline 0 -25"><span class='ocrx_word' id='word_1_231' title='bbox 726 1853 853 1904; x_wconf 87' lang='lat' dir='ltr'><strong>dare</strong></span> <span class='ocrx_word' id='word_1_232' title='bbox 876 1851 1456 1918; x_wconf 74' lang='lat' dir='ltr'><strong>deprehensus-fuerit,</strong></span> <span class='ocrx_word' id='word_1_233' title='bbox 1489 1852 1771 1905; x_wconf 82' lang='lat' dir='ltr'><strong>anathema</strong></span> <span class='ocrx_word' id='word_1_234' title='bbox 1802 1851 1893 1906; x_wconf 87' lang='lat' dir='ltr'><strong>sit.</strong></span> <span class='ocrx_word' id='word_1_235' title='bbox 1916 1925 1921 1929; x_wconf 7' lang='grc' dir='ltr'>ζ</span> <span class='ocrx_word' id='word_1_236' title='bbox 1943 1853 2020 1905; x_wconf 84' lang='lat' dir='ltr'><strong>Ac</strong></span> <span class='ocrx_word' id='word_1_237' title='bbox 2040 1866 2159 1905; x_wconf 86' lang='lat' dir='ltr'><strong>eam</strong></span> <span class='ocrx_word' id='word_1_238' title='bbox 2188 1852 2298 1920; x_wconf 89' lang='lat' dir='ltr'><strong>qui-</strong></span> 
     </span>
    </p>
   </div>
   <div class='ocr_carea' id='block_1_35' title="bbox 2402 1837 3981 1929">
    <p class='ocr_par' dir='ltr' id='par_1_35' title="bbox 2405 1854 3981 1929">
     <span class='ocr_line' id='line_1_35' title="bbox 2405 1854 3981 1929; baseline -0.006 -16"><span class='ocrx_word' id='word_1_239' title='bbox 2405 1861 2849 1929; x_wconf 81' lang='grc' dir='ltr'><strong>εἱδωλολατρείαν</strong></span> <span class='ocrx_word' id='word_1_240' title='bbox 2886 1859 3164 1919; x_wconf 76' lang='grc' dir='ltr'><strong>ἐκάλεσεν,</strong></span> <span class='ocrx_word' id='word_1_241' title='bbox 3196 1860 3291 1926; x_wconf 71' lang='grc' dir='ltr'><strong>οὐχ</strong></span> <span class='ocrx_word' id='word_1_242' title='bbox 3311 1858 3385 1918; x_wconf 82' lang='grc' dir='ltr'><strong>ὼς</strong></span> <span class='ocrx_word' id='word_1_243' title='bbox 3406 1858 3503 1923; x_wconf 77' lang='grc' dir='ltr'><strong>τῆς</strong></span> <span class='ocrx_word' id='word_1_244' title='bbox 3537 1855 3677 1925; x_wconf 69' lang='grc' dir='ltr'><strong>πρὸς</strong></span> <span class='ocrx_word' id='word_1_245' title='bbox 3709 1854 3981 1920; x_wconf 62' lang='grc' dir='ltr'><strong>ἀγγέλους</strong></span> 
     </span>
    </p>
   </div>
   <div class='ocr_carea' id='block_1_36' title="bbox 726 1944 2297 2013">
    <p class='ocr_par' dir='ltr' id='par_1_36' title="bbox 726 1944 2297 2013">
     <span class='ocr_line' id='line_1_36' title="bbox 726 1944 2297 2013; baseline -0.001 -16"><span class='ocrx_word' id='word_1_246' title='bbox 726 1946 877 2007; x_wconf 69' lang='lat' dir='ltr'><strong>(lem,</strong></span> <span class='ocrx_word' id='word_1_247' title='bbox 919 1960 1078 2012; x_wconf 76' lang='lat' dir='ltr'><strong>qnam</strong></span> <span class='ocrx_word' id='word_1_248' title='bbox 1142 1944 1428 2013; x_wconf 84' lang='lat' dir='ltr'><strong>Apostolus</strong></span> <span class='ocrx_word' id='word_1_249' title='bbox 1482 1946 1791 2012; x_wconf 77' lang='lat' dir='ltr'><strong>angelorum</strong></span> <span class='ocrx_word' id='word_1_250' title='bbox 1842 1944 2297 2006; x_wconf 87' lang='lat' dir='ltr'><strong>venerationem,</strong></span> 
     </span>
    </p>
   </div>
   <div class='ocr_carea' id='block_1_37' title="bbox 727 2035 2303 2102">
    <p class='ocr_par' dir='ltr' id='par_1_37' title="bbox 727 2035 2303 2102">
     <span class='ocr_line' id='line_1_37' title="bbox 727 2035 2303 2102; baseline -0.001 -13"><span class='ocrx_word' id='word_1_251' title='bbox 727 2037 1079 2089; x_wconf 70' lang='lat' dir='ltr'><strong>idololatriqu</strong></span> <span class='ocrx_word' id='word_1_252' title='bbox 1122 2036 1208 2089; x_wconf 80' lang='lat' dir='ltr'><strong>llic</strong></span> <span class='ocrx_word' id='word_1_253' title='bbox 1238 2051 1409 2087; x_wconf 81' lang='lat' dir='ltr'><strong>canon</strong></span> <span class='ocrx_word' id='word_1_254' title='bbox 1449 2035 1778 2102; x_wconf 78' lang='lat' dir='ltr'><strong>tmueupavit</strong></span> <span class='ocrx_word' id='word_1_255' title='bbox 1816 2050 1831 2099; x_wconf 90' lang='lat'><strong>&#39;,</strong></span> <span class='ocrx_word' id='word_1_256' title='bbox 1866 2050 1971 2088; x_wconf 91' lang='lat' dir='ltr'><strong>non</strong></span> <span class='ocrx_word' id='word_1_257' title='bbox 1996 2035 2140 2102; x_wconf 86' lang='lat' dir='ltr'><strong>quod</strong></span> <span class='ocrx_word' id='word_1_258' title='bbox 2174 2035 2303 2088; x_wconf 81' lang='lat' dir='ltr'><strong>insit</strong></span> 
     </span>
    </p>
   </div>
   <div class='ocr_carea' id='block_1_38' title="bbox 729 2126 2299 2199">
    <p class='ocr_par' dir='ltr' id='par_1_38' title="bbox 729 2126 2299 2199">
     <span class='ocr_line' id='line_1_38' title="bbox 729 2126 2299 2199; baseline 0.001 -19"><span class='ocrx_word' id='word_1_259' title='bbox 729 2132 778 2180; x_wconf 91' lang='lat' dir='ltr'><strong>in</strong></span> <span class='ocrx_word' id='word_1_260' title='bbox 817 2131 1125 2199; x_wconf 79' lang='lat' dir='ltr'><strong>angelorum</strong></span> <span class='ocrx_word' id='word_1_261' title='bbox 1172 2129 1521 2181; x_wconf 85' lang='lat' dir='ltr'><strong>veneratione</strong></span> <span class='ocrx_word' id='word_1_262' title='bbox 1567 2126 1884 2180; x_wconf 73' lang='lat' dir='ltr'><strong>idololatriae</strong></span> <span class='ocrx_word' id='word_1_263' title='bbox 1922 2129 2166 2193; x_wconf 86' lang='lat' dir='ltr'><strong>crimen;</strong></span> <span class='ocrx_word' id='word_1_264' title='bbox 2206 2129 2299 2181; x_wconf 85' lang='lat' dir='ltr'><strong>sed</strong></span> 
     </span>
    </p>
   </div>
   <div class='ocr_carea' id='block_1_39' title="bbox 724 2216 2299 2288">
    <p class='ocr_par' dir='ltr' id='par_1_39' title="bbox 724 2216 2299 2288">
     <span class='ocr_line' id='line_1_39' title="bbox 724 2216 2299 2288; baseline 0.001 -18"><span class='ocrx_word' id='word_1_265' title='bbox 724 2221 849 2288; x_wconf 86' lang='lat' dir='ltr'><strong>quia</strong></span> <span class='ocrx_word' id='word_1_266' title='bbox 881 2258 894 2278; x_wconf 92' lang='lat'><strong>,</strong></span> <span class='ocrx_word' id='word_1_267' title='bbox 946 2231 1003 2271; x_wconf 92' lang='lat' dir='ltr'><strong>ut</strong></span> <span class='ocrx_word' id='word_1_268' title='bbox 1040 2218 1163 2271; x_wconf 87' lang='lat' dir='ltr'><strong>inde</strong></span> <span class='ocrx_word' id='word_1_269' title='bbox 1203 2233 1299 2271; x_wconf 86' lang='lat' dir='ltr'><strong>nus</strong></span> <span class='ocrx_word' id='word_1_270' title='bbox 1334 2221 1383 2269; x_wconf 88' lang='lat' dir='ltr'><strong>in</strong></span> <span class='ocrx_word' id='word_1_271' title='bbox 1430 2216 1745 2270; x_wconf 64' lang='lat' dir='ltr'><strong>idololatriae</strong></span> <span class='ocrx_word' id='word_1_272' title='bbox 1789 2217 1999 2286; x_wconf 88' lang='lat' dir='ltr'><strong>culpam</strong></span> <span class='ocrx_word' id='word_1_273' title='bbox 2036 2219 2299 2288; x_wconf 88' lang='lat' dir='ltr'><strong>paulatim</strong></span> 
     </span>
    </p>
   </div>
   <div class='ocr_carea' id='block_1_40' title="bbox 726 2307 2302 2377">
    <p class='ocr_par' dir='ltr' id='par_1_40' title="bbox 726 2307 2302 2377">
     <span class='ocr_line' id='line_1_40' title="bbox 726 2307 2302 2377; baseline 0.003 -15"><span class='ocrx_word' id='word_1_274' title='bbox 726 2309 1008 2377; x_wconf 86' lang='lat' dir='ltr'><strong>impellat,</strong></span> <span class='ocrx_word' id='word_1_275' title='bbox 1060 2310 1268 2363; x_wconf 86' lang='lat' dir='ltr'><strong>idcirco</strong></span> <span class='ocrx_word' id='word_1_276' title='bbox 1311 2324 1339 2363; x_wconf 87' lang='lat' dir='ltr'><strong>a</strong></span> <span class='ocrx_word' id='word_1_277' title='bbox 1386 2308 1604 2362; x_wconf 87' lang='lat' dir='ltr'><strong>Christo</strong></span> <span class='ocrx_word' id='word_1_278' title='bbox 1658 2307 1963 2362; x_wconf 86' lang='lat' dir='ltr'><strong>invocando</strong></span> <span class='ocrx_word' id='word_1_279' title='bbox 1998 2310 2302 2366; x_wconf 88' lang='lat' dir='ltr'><strong>sceleratus</strong></span> 
     </span>
    </p>
   </div>
   <div class='ocr_carea' id='block_1_41' title="bbox 728 2392 2300 2470">
    <p class='ocr_par' dir='ltr' id='par_1_41' title="bbox 728 2392 2300 2470">
     <span class='ocr_line' id='line_1_41' title="bbox 728 2392 2300 2470; baseline 0.001 -16"><span class='ocrx_word' id='word_1_280' title='bbox 728 2401 903 2455; x_wconf 90' lang='lat' dir='ltr'><strong>hostis</strong></span> <span class='ocrx_word' id='word_1_281' title='bbox 940 2416 1039 2456; x_wconf 94' lang='lat' dir='ltr'><strong>nos</strong></span> <span class='ocrx_word' id='word_1_282' title='bbox 1067 2401 1361 2455; x_wconf 87' lang='lat' dir='ltr'><strong>deterreat.</strong></span> <span class='ocrx_word' id='word_1_283' title='bbox 1392 2399 1660 2453; x_wconf 77' lang='lat' dir='ltr'><strong>Exstitere</strong></span> <span class='ocrx_word' id='word_1_284' title='bbox 1683 2415 1841 2470; x_wconf 91' lang='lat' dir='ltr'><strong>porro</strong></span> <span class='ocrx_word' id='word_1_285' title='bbox 1861 2413 1915 2454; x_wconf 90' lang='lat' dir='ltr'><strong>et</strong></span> <span class='ocrx_word' id='word_1_286' title='bbox 1942 2400 2031 2454; x_wconf 79' lang='lat' dir='ltr'><strong>alii</strong></span> <span class='ocrx_word' id='word_1_287' title='bbox 2063 2392 2300 2456; x_wconf 65' lang='lat' dir='ltr'><strong>haeretici</strong></span> 
     </span>
    </p>
   </div>
   <div class='ocr_carea' id='block_1_42' title="bbox 729 2492 2301 2563">
    <p class='ocr_par' dir='ltr' id='par_1_42' title="bbox 729 2492 2301 2563">
     <span class='ocr_line' id='line_1_42' title="bbox 729 2492 2301 2563; baseline 0.003 -20"><span class='ocrx_word' id='word_1_288' title='bbox 729 2494 947 2560; x_wconf 88' lang='lat' dir='ltr'><strong>quidam</strong></span> <span class='ocrx_word' id='word_1_289' title='bbox 985 2494 1296 2563; x_wconf 84' lang='lat' dir='ltr'><strong>angelorum</strong></span> <span class='ocrx_word' id='word_1_290' title='bbox 1329 2492 1686 2561; x_wconf 86' lang='lat' dir='ltr'><strong>appellatione</strong></span> <span class='ocrx_word' id='word_1_291' title='bbox 1714 2532 1728 2555; x_wconf 95' lang='lat'><strong>,</strong></span> <span class='ocrx_word' id='word_1_292' title='bbox 1763 2501 1821 2545; x_wconf 87' lang='lat' dir='ltr'><strong>ut</strong></span> <span class='ocrx_word' id='word_1_293' title='bbox 1852 2492 2041 2545; x_wconf 82' lang='lat' dir='ltr'><strong>scribit</strong></span> <span class='ocrx_word' id='word_1_294' title='bbox 2077 2503 2301 2548; x_wconf 83' lang='lat' dir='ltr'><strong>sanctus</strong></span> 
     </span>
    </p>
   </div>
   <div class='ocr_carea' id='block_1_43' title="bbox 727 2584 2301 2656">
    <p class='ocr_par' dir='ltr' id='par_1_43' title="bbox 727 2584 2301 2656">
     <span class='ocr_line' id='line_1_43' title="bbox 727 2584 2301 2656; baseline -0.002 -16"><span class='ocrx_word' id='word_1_295' title='bbox 727 2585 1062 2656; x_wconf 78' lang='lat' dir='ltr'><strong>Epiphanius</strong></span> <span class='ocrx_word' id='word_1_296' title='bbox 1087 2587 1182 2641; x_wconf 87' lang='lat' dir='ltr'><strong>lib.</strong></span> <span class='ocrx_word' id='word_1_297' title='bbox 1211 2587 1277 2640; x_wconf 90' lang='lat' dir='ltr'><strong>de</strong></span> <span class='ocrx_word' id='word_1_298' title='bbox 1322 2584 1617 2638; x_wconf 69' lang='lat' dir='ltr'><strong>hmresihus</strong></span> <span class='ocrx_word' id='word_1_299' title='bbox 1655 2585 1980 2653; x_wconf 81' lang='lat' dir='ltr'><strong>:Augelicos</strong></span> <span class='ocrx_word' id='word_1_300' title='bbox 2011 2598 2138 2637; x_wconf 88' lang='lat' dir='ltr'><strong>vero</strong></span> <span class='ocrx_word' id='word_1_301' title='bbox 2182 2599 2301 2638; x_wconf 80' lang='lat' dir='ltr'><strong>sese</strong></span> 
     </span>
    </p>
   </div>
   <div class='ocr_carea' id='block_1_44' title="bbox 732 2676 2301 2747">
    <p class='ocr_par' dir='ltr' id='par_1_44' title="bbox 732 2676 2301 2747">
     <span class='ocr_line' id='line_1_44' title="bbox 732 2676 2301 2747; baseline -0.001 -16"><span class='ocrx_word' id='word_1_302' title='bbox 732 2680 1126 2743; x_wconf 87' lang='lat' dir='ltr'><strong>nominabant,</strong></span> <span class='ocrx_word' id='word_1_303' title='bbox 1159 2689 1251 2730; x_wconf 89' lang='lat' dir='ltr'><strong>aut</strong></span> <span class='ocrx_word' id='word_1_304' title='bbox 1281 2678 1433 2747; x_wconf 77' lang='lat' dir='ltr'><strong>quasi</strong></span> <span class='ocrx_word' id='word_1_305' title='bbox 1464 2692 1521 2730; x_wconf 85' lang='lat' dir='ltr'><strong>se</strong></span> <span class='ocrx_word' id='word_1_306' title='bbox 1556 2676 1798 2730; x_wconf 83' lang='lat' dir='ltr'><strong>instituto</strong></span> <span class='ocrx_word' id='word_1_307' title='bbox 1834 2676 2050 2729; x_wconf 80' lang='lat' dir='ltr'><strong>vivendi</strong></span> <span class='ocrx_word' id='word_1_308' title='bbox 2082 2678 2301 2744; x_wconf 77' lang='lat' dir='ltr'><strong>angelos</strong></span> 
     </span>
    </p>
   </div>
   <div class='ocr_carea' id='block_1_45' title="bbox 708 2768 2302 2838">
    <p class='ocr_par' dir='ltr' id='par_1_45' title="bbox 708 2768 2302 2838">
     <span class='ocr_line' id='line_1_45' title="bbox 708 2768 2302 2838; baseline 0.001 -17"><span class='ocrx_word' id='word_1_309' title='bbox 708 2771 951 2833; x_wconf 84' lang='lat' dir='ltr'><strong>.imitari,</strong></span> <span class='ocrx_word' id='word_1_310' title='bbox 982 2777 1072 2822; x_wconf 87' lang='lat' dir='ltr'><strong>aut</strong></span> <span class='ocrx_word' id='word_1_311' title='bbox 1098 2771 1165 2823; x_wconf 89' lang='lat' dir='ltr'><strong>ab</strong></span> <span class='ocrx_word' id='word_1_312' title='bbox 1196 2768 1401 2837; x_wconf 76' lang='lat' dir='ltr'><strong>angelis</strong></span> <span class='ocrx_word' id='word_1_313' title='bbox 1428 2772 1492 2821; x_wconf 87' lang='lat' dir='ltr'><strong>ad</strong></span> <span class='ocrx_word' id='word_1_314' title='bbox 1520 2768 1639 2821; x_wconf 84' lang='lat' dir='ltr'><strong>ﬁdei</strong></span> <span class='ocrx_word' id='word_1_315' title='bbox 1674 2768 1973 2837; x_wconf 63' lang='lat' dir='ltr'><strong>divinaeque</strong></span> <span class='ocrx_word' id='word_1_316' title='bbox 2013 2769 2302 2838; x_wconf 77' lang='lat' dir='ltr'><strong>agnitionis</strong></span> 
     </span>
    </p>
   </div>
   <div class='ocr_carea' id='block_1_46' title="bbox 732 2864 1720 2931">
    <p class='ocr_par' dir='ltr' id='par_1_46' title="bbox 732 2864 1720 2931">
     <span class='ocr_line' id='line_1_46' title="bbox 732 2864 1720 2931; baseline -0.004 -15"><span class='ocrx_word' id='word_1_317' title='bbox 732 2865 902 2917; x_wconf 85' lang='lat' dir='ltr'><strong>lucem</strong></span> <span class='ocrx_word' id='word_1_318' title='bbox 938 2874 1155 2916; x_wconf 79' lang='lat' dir='ltr'><strong>vocatos</strong></span> <span class='ocrx_word' id='word_1_319' title='bbox 1184 2875 1306 2916; x_wconf 87' lang='lat' dir='ltr'><strong>esse</strong></span> <span class='ocrx_word' id='word_1_320' title='bbox 1334 2864 1720 2931; x_wconf 79' lang='lat' dir='ltr'><strong>signiﬁcarent.</strong></span> 
     </span>
    </p>
   </div>
   <div class='ocr_carea' id='block_1_47' title="bbox 728 2953 2298 3023">
    <p class='ocr_par' dir='ltr' id='par_1_47' title="bbox 728 2953 2298 3023">
     <span class='ocr_line' id='line_1_47' title="bbox 728 2953 2298 3023; baseline -0.001 -14"><span class='ocrx_word' id='word_1_321' title='bbox 728 2955 1003 3010; x_wconf 60' lang='lat' dir='ltr'><strong>AltlS&#39;l‘.’t</strong></span> <span class='ocrx_word' id='word_1_322' title='bbox 1035 2956 1134 3021; x_wconf 81' lang='lat' dir='ltr'><strong>Qui</strong></span> <span class='ocrx_word' id='word_1_323' title='bbox 1159 2955 1365 3008; x_wconf 88' lang='lat' dir='ltr'><strong>alienos</strong></span> <span class='ocrx_word' id='word_1_324' title='bbox 1395 2955 1459 3007; x_wconf 86' lang='lat' dir='ltr'><strong>ab</strong></span> <span class='ocrx_word' id='word_1_325' title='bbox 1498 2953 1736 3008; x_wconf 75' lang='lat' dir='ltr'><strong>Ecclesia</strong></span> <span class='ocrx_word' id='word_1_326' title='bbox 1765 2964 2070 3008; x_wconf 83' lang='lat' dir='ltr'><strong>conventus</strong></span> <span class='ocrx_word' id='word_1_327' title='bbox 2094 2955 2203 3023; x_wconf 82' lang='lat' dir='ltr'><strong>agit</strong></span> <span class='ocrx_word' id='word_1_328' title='bbox 2243 2964 2298 3007; x_wconf 88' lang='lat' dir='ltr'><strong>ct</strong></span> 
     </span>
    </p>
   </div>
   <div class='ocr_carea' id='block_1_48' title="bbox 804 3030 2300 3115">
    <p class='ocr_par' dir='ltr' id='par_1_48' title="bbox 804 3030 2300 3115">
     <span class='ocr_line' id='line_1_48' title="bbox 804 3030 2300 3115; baseline 0.002 -17"><span class='ocrx_word' id='word_1_329' title='bbox 804 3067 821 3098; x_wconf 80' lang='grc' dir='ltr'><strong>ι</strong></span> <span class='ocrx_word' id='word_1_330' title='bbox 860 3049 1078 3113; x_wconf 82' lang='lat' dir='ltr'><strong>angelos</strong></span> <span class='ocrx_word' id='word_1_331' title='bbox 1135 3030 1402 3109; x_wconf 83' lang='lat' dir='ltr'><strong>nominat,</strong></span> <span class='ocrx_word' id='word_1_332' title='bbox 1467 3044 1787 3101; x_wconf 71' lang='lat' dir='ltr'><strong>idololatriae</strong></span> <span class='ocrx_word' id='word_1_333' title='bbox 1815 3048 2093 3115; x_wconf 80' lang='lat' dir='ltr'><strong>proximus</strong></span> <span class='ocrx_word' id='word_1_334' title='bbox 2117 3056 2222 3111; x_wconf 88' lang='lat' dir='ltr'><strong>est,</strong></span> <span class='ocrx_word' id='word_1_335' title='bbox 2247 3056 2300 3101; x_wconf 83' lang='lat' dir='ltr'><strong>et</strong></span> 
     </span>
    </p>
   </div>
   <div class='ocr_carea' id='block_1_49' title="bbox 803 3140 1324 3195">
    <p class='ocr_par' dir='ltr' id='par_1_49' title="bbox 803 3140 1324 3195">
     <span class='ocr_line' id='line_1_49' title="bbox 803 3140 1324 3195; baseline -0.004 -4"><span class='ocrx_word' id='word_1_336' title='bbox 803 3162 819 3191; x_wconf 77' lang='grc' dir='ltr'><strong>ι</strong></span> <span class='ocrx_word' id='word_1_337' title='bbox 859 3141 928 3195; x_wconf 88' lang='lat' dir='ltr'><strong>sit</strong></span> <span class='ocrx_word' id='word_1_338' title='bbox 954 3140 1260 3193; x_wconf 87' lang='lat' dir='ltr'><strong>anathema.</strong></span> <span class='ocrx_word' id='word_1_339' title='bbox 1308 3158 1324 3189; x_wconf 72' lang='grc' dir='ltr'><strong>ι</strong></span> 
     </span>
    </p>
   </div>
   <div class='ocr_carea' id='block_1_50' title="bbox 803 3213 2369 3304">
    <p class='ocr_par' dir='ltr' id='par_1_50' title="bbox 803 3213 2369 3304">
     <span class='ocr_line' id='line_1_50' title="bbox 803 3213 2369 3304; baseline 0.001 -18"><span class='ocrx_word' id='word_1_340' title='bbox 803 3235 896 3286; x_wconf 66' lang='lat' dir='ltr'><strong>list</strong></span> <span class='ocrx_word' id='word_1_341' title='bbox 927 3235 1148 3288; x_wconf 73' lang='lat' dir='ltr'><strong>haeresis</strong></span> <span class='ocrx_word' id='word_1_342' title='bbox 1179 3234 1425 3299; x_wconf 67' lang='lat' dir='ltr'><strong>qumdam</strong></span> <span class='ocrx_word' id='word_1_343' title='bbox 1452 3232 1837 3301; x_wconf 82' lang='lat' dir='ltr'><strong>Angelicorum</strong></span> <span class='ocrx_word' id='word_1_344' title='bbox 1870 3233 2012 3288; x_wconf 86' lang='lat' dir='ltr'><strong>dicta</strong></span> <span class='ocrx_word' id='word_1_345' title='bbox 2049 3236 2131 3289; x_wconf 87' lang='lat' dir='ltr'><strong>vel</strong></span> <span class='ocrx_word' id='word_1_346' title='bbox 2166 3237 2295 3304; x_wconf 87' lang='lat' dir='ltr'><strong>quia</strong></span> <span class='ocrx_word' id='word_1_347' title='bbox 2325 3213 2369 3234; x_wconf 54' lang='grc' dir='ltr'><strong><em>η</em></strong></span> 
     </span>
    </p>
   </div>
   <div class='ocr_carea' id='block_1_51' title="bbox 728 3321 2296 3394">
    <p class='ocr_par' dir='ltr' id='par_1_51' title="bbox 728 3321 2296 3394">
     <span class='ocr_line' id='line_1_51' title="bbox 728 3321 2296 3394; baseline 0 -16"><span class='ocrx_word' id='word_1_348' title='bbox 728 3328 939 3394; x_wconf 83' lang='lat' dir='ltr'><strong>seipsos</strong></span> <span class='ocrx_word' id='word_1_349' title='bbox 966 3325 1241 3390; x_wconf 70' lang='lat' dir='ltr'><strong>iactitant,</strong></span> <span class='ocrx_word' id='word_1_350' title='bbox 1275 3334 1329 3374; x_wconf 92' lang='lat' dir='ltr'><strong>ut</strong></span> <span class='ocrx_word' id='word_1_351' title='bbox 1364 3321 1678 3390; x_wconf 81' lang='lat' dir='ltr'><strong>angelorum</strong></span> <span class='ocrx_word' id='word_1_352' title='bbox 1704 3322 1952 3375; x_wconf 89' lang='lat' dir='ltr'><strong>ordinem</strong></span> <span class='ocrx_word' id='word_1_353' title='bbox 1982 3333 2035 3377; x_wconf 89' lang='lat' dir='ltr'><strong>et</strong></span> <span class='ocrx_word' id='word_1_354' title='bbox 2057 3324 2296 3393; x_wconf 88' lang='lat' dir='ltr'><strong>politiam</strong></span> 
     </span>
    </p>
   </div>
   <div class='ocr_carea' id='block_1_52' title="bbox 731 3413 2298 3487">
    <p class='ocr_par' dir='ltr' id='par_1_52' title="bbox 731 3413 2298 3487">
     <span class='ocr_line' id='line_1_52' title="bbox 731 3413 2298 3487; baseline 0.001 -20"><span class='ocrx_word' id='word_1_355' title='bbox 731 3418 1017 3476; x_wconf 69' lang='lat' dir='ltr'><strong>iz-ahentes,</strong></span> <span class='ocrx_word' id='word_1_356' title='bbox 1056 3414 1138 3467; x_wconf 83' lang='lat' dir='ltr'><strong>vel</strong></span> <span class='ocrx_word' id='word_1_357' title='bbox 1192 3414 1333 3481; x_wconf 87' lang='lat' dir='ltr'><strong>quod</strong></span> <span class='ocrx_word' id='word_1_358' title='bbox 1384 3413 1682 3466; x_wconf 88' lang='lat' dir='ltr'><strong>delirantes</strong></span> <span class='ocrx_word' id='word_1_359' title='bbox 1731 3414 1919 3467; x_wconf 80' lang='lat' dir='ltr'><strong>dicunt</strong></span> <span class='ocrx_word' id='word_1_360' title='bbox 1976 3416 2043 3469; x_wconf 88' lang='lat' dir='ltr'><strong>ab</strong></span> <span class='ocrx_word' id='word_1_361' title='bbox 2092 3418 2298 3487; x_wconf 83' lang='lat' dir='ltr'><strong>angelis</strong></span> 
     </span>
    </p>
   </div>
   <div class='ocr_carea' id='block_1_53' title="bbox 726 3502 2297 3577">
    <p class='ocr_par' dir='ltr' id='par_1_53' title="bbox 726 3502 2297 3577">
     <span class='ocr_line' id='line_1_53' title="bbox 726 3502 2297 3577; baseline -0.001 -14"><span class='ocrx_word' id='word_1_362' title='bbox 726 3506 899 3563; x_wconf 72' lang='lat' dir='ltr'><strong>creari</strong></span> <span class='ocrx_word' id='word_1_363' title='bbox 957 3505 1240 3559; x_wconf 89' lang='lat' dir='ltr'><strong>mundum.</strong></span> <span class='ocrx_word' id='word_1_364' title='bbox 1304 3502 1471 3556; x_wconf 83' lang='lat' dir='ltr'><strong>Erant</strong></span> <span class='ocrx_word' id='word_1_365' title='bbox 1542 3514 1723 3557; x_wconf 86' lang='lat' dir='ltr'><strong>autem</strong></span> <span class='ocrx_word' id='word_1_366' title='bbox 1789 3514 1844 3557; x_wconf 89' lang='lat' dir='ltr'><strong>et</strong></span> <span class='ocrx_word' id='word_1_367' title='bbox 1899 3508 2144 3560; x_wconf 88' lang='lat' dir='ltr'><strong>nonnulli</strong></span> <span class='ocrx_word' id='word_1_368' title='bbox 2205 3509 2297 3577; x_wconf 87' lang='lat' dir='ltr'><strong>qui</strong></span> 
     </span>
    </p>
   </div>
   <div class='ocr_carea' id='block_1_54' title="bbox 728 3594 2296 3670">
    <p class='ocr_par' dir='ltr' id='par_1_54' title="bbox 728 3594 2296 3670">
     <span class='ocr_line' id='line_1_54' title="bbox 728 3594 2296 3670; baseline 0.001 -18"><span class='ocrx_word' id='word_1_369' title='bbox 728 3601 1030 3653; x_wconf 90' lang='lat' dir='ltr'><strong>docuerunt</strong></span> <span class='ocrx_word' id='word_1_370' title='bbox 1059 3636 1072 3660; x_wconf 94' lang='lat'><strong>,</strong></span> <span class='ocrx_word' id='word_1_371' title='bbox 1112 3605 1170 3648; x_wconf 93' lang='lat' dir='ltr'><strong>ut</strong></span> <span class='ocrx_word' id='word_1_372' title='bbox 1203 3597 1254 3648; x_wconf 93' lang='lat' dir='ltr'><strong>iu</strong></span> <span class='ocrx_word' id='word_1_373' title='bbox 1296 3594 1536 3662; x_wconf 85' lang='lat' dir='ltr'><strong>Epistola</strong></span> <span class='ocrx_word' id='word_1_374' title='bbox 1568 3594 1635 3648; x_wconf 90' lang='lat' dir='ltr'><strong>ad</strong></span> <span class='ocrx_word' id='word_1_375' title='bbox 1664 3594 2017 3653; x_wconf 86' lang='lat' dir='ltr'><strong>Colossenses</strong></span> <span class='ocrx_word' id='word_1_376' title='bbox 2067 3614 2296 3670; x_wconf 83' lang='lat' dir='ltr'><strong>magnus</strong></span> 
     </span>
    </p>
   </div>
   <div class='ocr_carea' id='block_1_55' title="bbox 732 3685 2298 3759">
    <p class='ocr_par' dir='ltr' id='par_1_55' title="bbox 732 3685 2298 3759">
     <span class='ocr_line' id='line_1_55' title="bbox 732 3685 2298 3759; baseline 0.002 -18"><span class='ocrx_word' id='word_1_377' title='bbox 732 3688 988 3742; x_wconf 78' lang='lat' dir='ltr'><strong>iudicavit</strong></span> <span class='ocrx_word' id='word_1_378' title='bbox 1040 3685 1280 3749; x_wconf 83' lang='lat' dir='ltr'><strong>Paulus,</strong></span> <span class='ocrx_word' id='word_1_379' title='bbox 1344 3700 1453 3738; x_wconf 91' lang='lat' dir='ltr'><strong>non</strong></span> <span class='ocrx_word' id='word_1_380' title='bbox 1511 3694 1764 3754; x_wconf 88' lang='lat' dir='ltr'><strong>oportere</strong></span> <span class='ocrx_word' id='word_1_381' title='bbox 1821 3688 2002 3741; x_wconf 85' lang='lat' dir='ltr'><strong>dicere</strong></span> <span class='ocrx_word' id='word_1_382' title='bbox 2046 3704 2151 3744; x_wconf 86' lang='lat' dir='ltr'><strong>nos</strong></span> <span class='ocrx_word' id='word_1_383' title='bbox 2204 3706 2298 3759; x_wconf 85' lang='lat' dir='ltr'><strong>per</strong></span> 
     </span>
    </p>
   </div>
   <div class='ocr_carea' id='block_1_56' title="bbox 726 3775 2296 3848">
    <p class='ocr_par' dir='ltr' id='par_1_56' title="bbox 726 3775 2296 3848">
     <span class='ocr_line' id='line_1_56' title="bbox 726 3775 2296 3848; baseline -0.001 -13"><span class='ocrx_word' id='word_1_384' title='bbox 726 3780 1005 3835; x_wconf 79' lang='lat' dir='ltr'><strong>Christum</strong></span> <span class='ocrx_word' id='word_1_385' title='bbox 1043 3777 1151 3831; x_wconf 90' lang='lat' dir='ltr'><strong>Deo</strong></span> <span class='ocrx_word' id='word_1_386' title='bbox 1182 3789 1235 3831; x_wconf 88' lang='lat' dir='ltr'><strong>et</strong></span> <span class='ocrx_word' id='word_1_387' title='bbox 1266 3778 1410 3830; x_wconf 85' lang='lat' dir='ltr'><strong>Patri</strong></span> <span class='ocrx_word' id='word_1_388' title='bbox 1474 3775 1695 3832; x_wconf 90' lang='lat' dir='ltr'><strong>adduci.</strong></span> <span class='ocrx_word' id='word_1_389' title='bbox 1729 3775 1898 3846; x_wconf 83' lang='lat' dir='ltr'><strong>Major</strong></span> <span class='ocrx_word' id='word_1_390' title='bbox 1951 3778 2096 3832; x_wconf 89' lang='lat' dir='ltr'><strong>enim</strong></span> <span class='ocrx_word' id='word_1_391' title='bbox 2136 3796 2296 3848; x_wconf 88' lang='lat' dir='ltr'><strong>quam</strong></span> 
     </span>
    </p>
   </div>
   <div class='ocr_carea' id='block_1_57' title="bbox 726 3868 2301 3941">
    <p class='ocr_par' dir='ltr' id='par_1_57' title="bbox 726 3868 2301 3941">
     <span class='ocr_line' id='line_1_57' title="bbox 726 3868 2301 3941; baseline -0.001 -13"><span class='ocrx_word' id='word_1_392' title='bbox 726 3872 1027 3928; x_wconf 90' lang='lat' dir='ltr'><strong>secundum</strong></span> <span class='ocrx_word' id='word_1_393' title='bbox 1092 3884 1193 3923; x_wconf 87' lang='lat' dir='ltr'><strong>nos</strong></span> <span class='ocrx_word' id='word_1_394' title='bbox 1220 3907 1234 3930; x_wconf 89' lang='lat'><strong>,</strong></span> <span class='ocrx_word' id='word_1_395' title='bbox 1294 3868 1585 3937; x_wconf 89' lang='lat' dir='ltr'><strong>inquiunt,</strong></span> <span class='ocrx_word' id='word_1_396' title='bbox 1631 3878 1714 3923; x_wconf 88' lang='lat' dir='ltr'><strong>est</strong></span> <span class='ocrx_word' id='word_1_397' title='bbox 1752 3868 2043 3925; x_wconf 89' lang='lat' dir='ltr'><strong>Christus:</strong></span> <span class='ocrx_word' id='word_1_398' title='bbox 2074 3872 2165 3924; x_wconf 86' lang='lat' dir='ltr'><strong>sed</strong></span> <span class='ocrx_word' id='word_1_399' title='bbox 2205 3888 2301 3941; x_wconf 89' lang='lat' dir='ltr'><strong>per</strong></span> 
     </span>
    </p>
   </div>
   <div class='ocr_carea' id='block_1_58' title="bbox 726 3960 2300 4036">
    <p class='ocr_par' dir='ltr' id='par_1_58' title="bbox 726 3960 2300 4036">
     <span class='ocr_line' id='line_1_58' title="bbox 726 3960 2300 4036; baseline -0.001 -16"><span class='ocrx_word' id='word_1_400' title='bbox 726 3966 979 4036; x_wconf 81' lang='lat' dir='ltr'><strong>angelos;</strong></span> <span class='ocrx_word' id='word_1_401' title='bbox 1011 3962 1113 4015; x_wconf 91' lang='lat' dir='ltr'><strong>hoc</strong></span> <span class='ocrx_word' id='word_1_402' title='bbox 1155 3970 1338 4014; x_wconf 89' lang='lat' dir='ltr'><strong>autem</strong></span> <span class='ocrx_word' id='word_1_403' title='bbox 1389 3960 1491 4015; x_wconf 84' lang='lat' dir='ltr'><strong>sub</strong></span> <span class='ocrx_word' id='word_1_404' title='bbox 1524 3961 1843 4015; x_wconf 83' lang='lat' dir='ltr'><strong>humilitatis</strong></span> <span class='ocrx_word' id='word_1_405' title='bbox 1874 3964 2056 4030; x_wconf 71' lang='lat' dir='ltr'><strong>specie</strong></span> <span class='ocrx_word' id='word_1_406' title='bbox 2101 3964 2300 4018; x_wconf 74' lang='lat' dir='ltr'><strong>divinae</strong></span> 
     </span>
    </p>
   </div>
   <div class='ocr_carea' id='block_1_59' title="bbox 726 4054 2299 4126">
    <p class='ocr_par' dir='ltr' id='par_1_59' title="bbox 726 4054 2299 4126">
     <span class='ocr_line' id='line_1_59' title="bbox 726 4054 2299 4126; baseline 0.001 -16"><span class='ocrx_word' id='word_1_407' title='bbox 726 4057 1152 4126; x_wconf 84' lang='lat' dir='ltr'><strong>dispensationis</strong></span> <span class='ocrx_word' id='word_1_408' title='bbox 1184 4066 1299 4108; x_wconf 87' lang='lat' dir='ltr'><strong>erat</strong></span> <span class='ocrx_word' id='word_1_409' title='bbox 1353 4054 1656 4123; x_wconf 74' lang='lat' dir='ltr'><strong>abnegatio.</strong></span> <span class='ocrx_word' id='word_1_410' title='bbox 1713 4055 1815 4119; x_wconf 81' lang='lat' dir='ltr'><strong>Qui</strong></span> <span class='ocrx_word' id='word_1_411' title='bbox 1884 4057 1950 4109; x_wconf 91' lang='lat' dir='ltr'><strong>iis</strong></span> <span class='ocrx_word' id='word_1_412' title='bbox 2008 4058 2190 4125; x_wconf 88' lang='lat' dir='ltr'><strong>itaque</strong></span> <span class='ocrx_word' id='word_1_413' title='bbox 2240 4074 2299 4111; x_wconf 91' lang='lat' dir='ltr'><strong>se</strong></span> 
     </span>
    </p>
   </div>
   <div class='ocr_carea' id='block_1_60' title="bbox 726 4133 2298 4218">
    <p class='ocr_par' dir='ltr' id='par_1_60' title="bbox 726 4133 2298 4218">
     <span class='ocr_line' id='line_1_60' title="bbox 726 4133 2298 4218; baseline -0.001 -14"><span class='ocrx_word' id='word_1_414' title='bbox 726 4149 1032 4218; x_wconf 73' lang='lat' dir='ltr'><strong>coniungit,</strong></span> <span class='ocrx_word' id='word_1_415' title='bbox 1066 4157 1121 4201; x_wconf 91' lang='lat' dir='ltr'><strong>et</strong></span> <span class='ocrx_word' id='word_1_416' title='bbox 1158 4147 1225 4201; x_wconf 90' lang='lat' dir='ltr'><strong>ah</strong></span> <span class='ocrx_word' id='word_1_417' title='bbox 1258 4133 1670 4215; x_wconf 18' lang='lat' dir='ltr'><strong>angelisicreari</strong></span> <span class='ocrx_word' id='word_1_418' title='bbox 1708 4146 1969 4200; x_wconf 90' lang='lat' dir='ltr'><strong>mundum</strong></span> <span class='ocrx_word' id='word_1_419' title='bbox 2001 4149 2132 4202; x_wconf 90' lang='lat' dir='ltr'><strong>dicit</strong></span> <span class='ocrx_word' id='word_1_420' title='bbox 2155 4190 2169 4210; x_wconf 82' lang='lat'><em>.</em></span> <span class='ocrx_word' id='word_1_421' title='bbox 2206 4159 2298 4202; x_wconf 92' lang='lat' dir='ltr'><strong>aut</strong></span> 
     </span>
    </p>
   </div>
   <div class='ocr_carea' id='block_1_61' title="bbox 730 4238 2298 4310">
    <p class='ocr_par' dir='ltr' id='par_1_61' title="bbox 730 4238 2298 4310">
     <span class='ocr_line' id='line_1_61' title="bbox 730 4238 2298 4310; baseline 0.001 -16"><span class='ocrx_word' id='word_1_422' title='bbox 730 4260 821 4310; x_wconf 80' lang='lat' dir='ltr'><strong>per</strong></span> <span class='ocrx_word' id='word_1_423' title='bbox 849 4242 1070 4310; x_wconf 85' lang='lat' dir='ltr'><strong>angelos</strong></span> <span class='ocrx_word' id='word_1_424' title='bbox 1102 4254 1199 4292; x_wconf 87' lang='lat' dir='ltr'><strong>nos</strong></span> <span class='ocrx_word' id='word_1_425' title='bbox 1230 4239 1337 4291; x_wconf 86' lang='lat' dir='ltr'><strong>Deo</strong></span> <span class='ocrx_word' id='word_1_426' title='bbox 1363 4249 1416 4292; x_wconf 88' lang='lat' dir='ltr'><strong>et</strong></span> <span class='ocrx_word' id='word_1_427' title='bbox 1446 4238 1590 4291; x_wconf 82' lang='lat' dir='ltr'><strong>Patri</strong></span> <span class='ocrx_word' id='word_1_428' title='bbox 1619 4240 1851 4302; x_wconf 87' lang='lat' dir='ltr'><strong>adduci,</strong></span> <span class='ocrx_word' id='word_1_429' title='bbox 1887 4240 1957 4293; x_wconf 87' lang='lat' dir='ltr'><strong>sit</strong></span> <span class='ocrx_word' id='word_1_430' title='bbox 1985 4243 2298 4306; x_wconf 86' lang='lat' dir='ltr'><strong>anathema,</strong></span> 
     </span>
    </p>
   </div>
   <div class='ocr_carea' id='block_1_62' title="bbox 730 4327 2294 4387">
    <p class='ocr_par' dir='ltr' id='par_1_62' title="bbox 730 4327 2294 4387">
     <span class='ocr_line' id='line_1_62' title="bbox 730 4327 2294 4387; baseline -0.002 0"><span class='ocrx_word' id='word_1_431' title='bbox 730 4343 787 4387; x_wconf 93' lang='lat' dir='ltr'><strong>ut</strong></span> <span class='ocrx_word' id='word_1_432' title='bbox 820 4335 1106 4386; x_wconf 87' lang='lat' dir='ltr'><strong>Dominum</strong></span> <span class='ocrx_word' id='word_1_433' title='bbox 1141 4343 1384 4384; x_wconf 84' lang='lat' dir='ltr'><strong>nostrum</strong></span> <span class='ocrx_word' id='word_1_434' title='bbox 1413 4327 1595 4383; x_wconf 84' lang='lat' dir='ltr'><strong>Jesum</strong></span> <span class='ocrx_word' id='word_1_435' title='bbox 1636 4330 1919 4385; x_wconf 86' lang='lat' dir='ltr'><strong>Christum</strong></span> <span class='ocrx_word' id='word_1_436' title='bbox 1966 4330 2056 4384; x_wconf 85' lang='lat' dir='ltr'><strong>Dei</strong></span> <span class='ocrx_word' id='word_1_437' title='bbox 2097 4329 2294 4385; x_wconf 88' lang='lat' dir='ltr'><strong>Filium</strong></span> 
     </span>
    </p>
   </div>
   <div class='ocr_carea' id='block_1_63' title="bbox 730 4421 2298 4495">
    <p class='ocr_par' dir='ltr' id='par_1_63' title="bbox 730 4421 2298 4495">
     <span class='ocr_line' id='line_1_63' title="bbox 730 4421 2298 4495; baseline -0.003 -16"><span class='ocrx_word' id='word_1_438' title='bbox 730 4427 1047 4495; x_wconf 83' lang='lat' dir='ltr'><strong>relinquens</strong></span> <span class='ocrx_word' id='word_1_439' title='bbox 1075 4464 1089 4487; x_wconf 89' lang='lat'><strong>,</strong></span> <span class='ocrx_word' id='word_1_440' title='bbox 1119 4434 1174 4478; x_wconf 86' lang='lat' dir='ltr'><strong>et</strong></span> <span class='ocrx_word' id='word_1_441' title='bbox 1217 4421 1625 4477; x_wconf 86' lang='lat' dir='ltr'><strong>idololatrarum</strong></span> <span class='ocrx_word' id='word_1_442' title='bbox 1666 4425 1953 4477; x_wconf 63' lang='lat' dir='ltr'><strong>sententiae</strong></span> <span class='ocrx_word' id='word_1_443' title='bbox 2010 4424 2298 4493; x_wconf 83' lang='lat' dir='ltr'><strong>appropin-</strong></span> 
     </span>
    </p>
   </div>
   <div class='ocr_carea' id='block_1_64' title="bbox 728 4532 924 4588">
    <p class='ocr_par' dir='ltr' id='par_1_64' title="bbox 728 4532 924 4588">
     <span class='ocr_line' id='line_1_64' title="bbox 728 4532 924 4588; baseline 0 -18"><span class='ocrx_word' id='word_1_444' title='bbox 728 4532 924 4588; x_wconf 88' lang='lat' dir='ltr'><strong>quans.</strong></span> 
     </span>
    </p>
   </div>
   <div class='ocr_carea' id='block_1_65' title="bbox 1259 4604 1758 4660">
    <p class='ocr_par' dir='ltr' id='par_1_65' title="bbox 1259 4604 1758 4660">
     <span class='ocr_line' id='line_1_65' title="bbox 1259 4604 1758 4660; baseline -0.004 0"><span class='ocrx_word' id='word_1_445' title='bbox 1259 4604 1485 4660; x_wconf 79' lang='lat' dir='ltr'><strong>CANON</strong></span> <span class='ocrx_word' id='word_1_446' title='bbox 1520 4604 1758 4659; x_wconf 79' lang='lat' dir='ltr'><strong>XXXVI.</strong></span> 
     </span>
    </p>
   </div>
   <div class='ocr_carea' id='block_1_66' title="bbox 734 4696 2296 4767">
    <p class='ocr_par' dir='ltr' id='par_1_66' title="bbox 734 4696 2296 4767">
     <span class='ocr_line' id='line_1_66' title="bbox 734 4696 2296 4767; baseline 0 -15"><span class='ocrx_word' id='word_1_447' title='bbox 734 4722 750 4752; x_wconf 75' lang='grc' dir='ltr'><strong>ε</strong></span> <span class='ocrx_word' id='word_1_448' title='bbox 794 4700 951 4766; x_wconf 89' lang='lat' dir='ltr'><strong>Quod</strong></span> <span class='ocrx_word' id='word_1_449' title='bbox 979 4714 1086 4754; x_wconf 91' lang='lat' dir='ltr'><strong>non</strong></span> <span class='ocrx_word' id='word_1_450' title='bbox 1117 4707 1329 4767; x_wconf 91' lang='lat' dir='ltr'><strong>oportet</strong></span> <span class='ocrx_word' id='word_1_451' title='bbox 1363 4706 1609 4752; x_wconf 84' lang='lat' dir='ltr'><strong>sacratos</strong></span> <span class='ocrx_word' id='word_1_452' title='bbox 1634 4698 1719 4751; x_wconf 89' lang='lat' dir='ltr'><strong>vel</strong></span> <span class='ocrx_word' id='word_1_453' title='bbox 1749 4696 1981 4753; x_wconf 85' lang='lat' dir='ltr'><strong>clericos</strong></span> <span class='ocrx_word' id='word_1_454' title='bbox 2016 4713 2136 4753; x_wconf 87' lang='lat' dir='ltr'><strong>esse</strong></span> <span class='ocrx_word' id='word_1_455' title='bbox 2178 4715 2296 4754; x_wconf 90' lang='lat' dir='ltr'><strong>ma-</strong></span> 
     </span>
    </p>
   </div>
   <div class='ocr_carea' id='block_1_67' title="bbox 804 4791 2298 4862">
    <p class='ocr_par' dir='ltr' id='par_1_67' title="bbox 804 4791 2298 4862">
     <span class='ocr_line' id='line_1_67' title="bbox 804 4791 2298 4862; baseline 0.001 -17"><span class='ocrx_word' id='word_1_456' title='bbox 804 4812 822 4845; x_wconf 85' lang='lat'><strong>(</strong></span> <span class='ocrx_word' id='word_1_457' title='bbox 859 4809 957 4862; x_wconf 81' lang='lat' dir='ltr'><strong>gos</strong></span> <span class='ocrx_word' id='word_1_458' title='bbox 984 4834 1000 4860; x_wconf 90' lang='lat'><strong>,</strong></span> <span class='ocrx_word' id='word_1_459' title='bbox 1035 4794 1114 4847; x_wconf 89' lang='lat' dir='ltr'><strong>vel</strong></span> <span class='ocrx_word' id='word_1_460' title='bbox 1142 4793 1513 4847; x_wconf 86' lang='lat' dir='ltr'><strong>incantatores</strong></span> <span class='ocrx_word' id='word_1_461' title='bbox 1536 4830 1552 4856; x_wconf 90' lang='lat'><strong>,</strong></span> <span class='ocrx_word' id='word_1_462' title='bbox 1596 4791 1680 4845; x_wconf 87' lang='lat' dir='ltr'><strong>vel</strong></span> <span class='ocrx_word' id='word_1_463' title='bbox 1722 4793 2169 4857; x_wconf 85' lang='lat' dir='ltr'><strong>mathematicos,</strong></span> <span class='ocrx_word' id='word_1_464' title='bbox 2217 4795 2298 4848; x_wconf 85' lang='lat' dir='ltr'><strong>vel</strong></span> 
     </span>
    </p>
   </div>
   <div class='ocr_carea' id='block_1_68' title="bbox 802 4880 2297 4952">
    <p class='ocr_par' dir='ltr' id='par_1_68' title="bbox 802 4880 2297 4952">
     <span class='ocr_line' id='line_1_68' title="bbox 802 4880 2297 4952; baseline 0.001 -18"><span class='ocrx_word' id='word_1_465' title='bbox 802 4902 820 4934; x_wconf 82' lang='grc' dir='ltr'><strong>ι</strong></span> <span class='ocrx_word' id='word_1_466' title='bbox 857 4884 1163 4952; x_wconf 83' lang='lat' dir='ltr'><strong>astrologos</strong></span> <span class='ocrx_word' id='word_1_467' title='bbox 1194 4921 1209 4945; x_wconf 92' lang='lat'><strong>,</strong></span> <span class='ocrx_word' id='word_1_468' title='bbox 1245 4882 1329 4936; x_wconf 86' lang='lat' dir='ltr'><strong>vel</strong></span> <span class='ocrx_word' id='word_1_469' title='bbox 1362 4880 1541 4934; x_wconf 73' lang='lat' dir='ltr'><strong>facere</strong></span> <span class='ocrx_word' id='word_1_470' title='bbox 1570 4895 1692 4949; x_wconf 67' lang='lat' dir='ltr'><strong>quae</strong></span> <span class='ocrx_word' id='word_1_471' title='bbox 1727 4881 1985 4934; x_wconf 88' lang='lat' dir='ltr'><strong>dicuntur</strong></span> <span class='ocrx_word' id='word_1_472' title='bbox 2020 4880 2297 4950; x_wconf 80' lang='lat' dir='ltr'><strong>phylacte-</strong></span> 
     </span>
    </p>
   </div>
   <div class='ocr_carea' id='block_1_69' title="bbox 803 4973 2301 5044">
    <p class='ocr_par' dir='ltr' id='par_1_69' title="bbox 803 4973 2301 5044">
     <span class='ocr_line' id='line_1_69' title="bbox 803 4973 2301 5044; baseline -0.001 -18"><span class='ocrx_word' id='word_1_473' title='bbox 803 4997 818 5026; x_wconf 65' lang='lat'><strong>4</strong></span> <span class='ocrx_word' id='word_1_474' title='bbox 863 4979 964 5039; x_wconf 89' lang='lat' dir='ltr'><strong>ria,</strong></span> <span class='ocrx_word' id='word_1_475' title='bbox 997 4992 1114 5044; x_wconf 68' lang='lat' dir='ltr'><strong>qua:</strong></span> <span class='ocrx_word' id='word_1_476' title='bbox 1148 4975 1367 5044; x_wconf 89' lang='lat' dir='ltr'><strong>quidem</strong></span> <span class='ocrx_word' id='word_1_477' title='bbox 1404 4980 1529 5026; x_wconf 87' lang='lat' dir='ltr'><strong>sunt</strong></span> <span class='ocrx_word' id='word_1_478' title='bbox 1562 4973 1805 5042; x_wconf 83' lang='lat' dir='ltr'><strong>ipsarum</strong></span> <span class='ocrx_word' id='word_1_479' title='bbox 1832 4974 2138 5027; x_wconf 83' lang='lat' dir='ltr'><strong>animarum</strong></span> <span class='ocrx_word' id='word_1_480' title='bbox 2184 4973 2301 5026; x_wconf 89' lang='lat' dir='ltr'><strong>vin-</strong></span> 
     </span>
    </p>
   </div>
   <div class='ocr_carea' id='block_1_70' title="bbox 803 5065 2299 5136">
    <p class='ocr_par' dir='ltr' id='par_1_70' title="bbox 803 5065 2299 5136">
     <span class='ocr_line' id='line_1_70' title="bbox 803 5065 2299 5136; baseline -0.001 -15"><span class='ocrx_word' id='word_1_481' title='bbox 803 5089 821 5121; x_wconf 75' lang='grc' dir='ltr'><strong>ι</strong></span> <span class='ocrx_word' id='word_1_482' title='bbox 856 5071 976 5123; x_wconf 84' lang='lat' dir='ltr'><strong>cuia</strong></span> <span class='ocrx_word' id='word_1_483' title='bbox 1016 5088 1029 5123; x_wconf 90' lang='lat'>:</span> <span class='ocrx_word' id='word_1_484' title='bbox 1059 5084 1155 5123; x_wconf 89' lang='lat' dir='ltr'><strong>eos</strong></span> <span class='ocrx_word' id='word_1_485' title='bbox 1182 5080 1362 5122; x_wconf 84' lang='lat' dir='ltr'><strong>autem</strong></span> <span class='ocrx_word' id='word_1_486' title='bbox 1391 5068 1481 5136; x_wconf 90' lang='lat' dir='ltr'><strong>qui</strong></span> <span class='ocrx_word' id='word_1_487' title='bbox 1527 5069 1709 5121; x_wconf 79' lang='lat' dir='ltr'><strong>lerunt</strong></span> <span class='ocrx_word' id='word_1_488' title='bbox 1733 5105 1749 5130; x_wconf 93' lang='lat'><strong>,</strong></span> <span class='ocrx_word' id='word_1_489' title='bbox 1782 5065 1907 5134; x_wconf 75' lang='lat' dir='ltr'><strong>cjici</strong></span> <span class='ocrx_word' id='word_1_490' title='bbox 1940 5082 2003 5121; x_wconf 79' lang='lat' dir='ltr'><strong>ex</strong></span> <span class='ocrx_word' id='word_1_491' title='bbox 2056 5066 2299 5120; x_wconf 81' lang='lat' dir='ltr'><strong>Ecclesia</strong></span> 
     </span>
    </p>
   </div>
   <div class='ocr_carea' id='block_1_71' title="bbox 802 5161 1981 5231">
    <p class='ocr_par' dir='ltr' id='par_1_71' title="bbox 802 5161 1981 5231">
     <span class='ocr_line' id='line_1_71' title="bbox 802 5161 1981 5231; baseline -0.003 -18"><span class='ocrx_word' id='word_1_492' title='bbox 802 5182 818 5213; x_wconf 80' lang='grc' dir='ltr'><strong>ι</strong></span> <span class='ocrx_word' id='word_1_493' title='bbox 856 5161 1147 5231; x_wconf 87' lang='lat' dir='ltr'><strong>jussimus.</strong></span> <span class='ocrx_word' id='word_1_494' title='bbox 1190 5180 1207 5212; x_wconf 74' lang='grc' dir='ltr'><strong>ι</strong></span> <span class='ocrx_word' id='word_1_495' title='bbox 1976 5170 1981 5177; x_wconf 86' lang='lat'><strong><em>‘</em></strong></span> 
     </span>
    </p>
   </div>
   <div class='ocr_carea' id='block_1_72' title="bbox 795 5250 2301 5319">
    <p class='ocr_par' dir='ltr' id='par_1_72' title="bbox 795 5250 2301 5319">
     <span class='ocr_line' id='line_1_72' title="bbox 795 5250 2301 5319; baseline -0.004 -13"><span class='ocrx_word' id='word_1_496' title='bbox 795 5252 991 5307; x_wconf 80' lang='lat' dir='ltr'><strong>BALS.</strong></span> <span class='ocrx_word' id='word_1_497' title='bbox 1022 5252 1271 5307; x_wconf 69' lang='lat' dir='ltr'><strong>Prtesens</strong></span> <span class='ocrx_word' id='word_1_498' title='bbox 1294 5267 1471 5305; x_wconf 88' lang='lat' dir='ltr'><strong>canon</strong></span> <span class='ocrx_word' id='word_1_499' title='bbox 1509 5250 1595 5313; x_wconf 89' lang='lat' dir='ltr'><strong>iis,</strong></span> <span class='ocrx_word' id='word_1_500' title='bbox 1631 5251 1722 5319; x_wconf 88' lang='lat' dir='ltr'><strong>qui</strong></span> <span class='ocrx_word' id='word_1_501' title='bbox 1753 5257 1879 5303; x_wconf 88' lang='lat' dir='ltr'><strong>sunt</strong></span> <span class='ocrx_word' id='word_1_502' title='bbox 1905 5252 2102 5303; x_wconf 82' lang='lat' dir='ltr'><strong>sacrati</strong></span> <span class='ocrx_word' id='word_1_503' title='bbox 2130 5292 2144 5313; x_wconf 89' lang='lat'><strong>,</strong></span> <span class='ocrx_word' id='word_1_504' title='bbox 2180 5264 2301 5317; x_wconf 80' lang='lat' dir='ltr'><strong>pro-</strong></span> 
     </span>
    </p>
   </div>
   <div class='ocr_carea' id='block_1_73' title="bbox 727 5340 2303 5412">
    <p class='ocr_par' dir='ltr' id='par_1_73' title="bbox 727 5340 2303 5412">
     <span class='ocr_line' id='line_1_73' title="bbox 727 5340 2303 5412; baseline -0.004 -14"><span class='ocrx_word' id='word_1_505' title='bbox 727 5348 875 5399; x_wconf 83' lang='lat' dir='ltr'><strong>hibet</strong></span> <span class='ocrx_word' id='word_1_506' title='bbox 899 5385 911 5398; x_wconf 86' lang='lat'><strong>.</strong></span> <span class='ocrx_word' id='word_1_507' title='bbox 946 5361 1013 5399; x_wconf 90' lang='lat' dir='ltr'><strong>ne</strong></span> <span class='ocrx_word' id='word_1_508' title='bbox 1046 5344 1157 5398; x_wconf 89' lang='lat' dir='ltr'><strong>sint</strong></span> <span class='ocrx_word' id='word_1_509' title='bbox 1193 5344 1330 5412; x_wconf 86' lang='lat' dir='ltr'><strong>magi</strong></span> <span class='ocrx_word' id='word_1_510' title='bbox 1360 5382 1375 5407; x_wconf 89' lang='lat'><strong>,</strong></span> <span class='ocrx_word' id='word_1_511' title='bbox 1423 5342 1509 5396; x_wconf 89' lang='lat' dir='ltr'><strong>vel</strong></span> <span class='ocrx_word' id='word_1_512' title='bbox 1542 5342 1915 5395; x_wconf 86' lang='lat' dir='ltr'><strong>iucantatores</strong></span> <span class='ocrx_word' id='word_1_513' title='bbox 1939 5378 1953 5404; x_wconf 93' lang='lat'><strong>,</strong></span> <span class='ocrx_word' id='word_1_514' title='bbox 1989 5340 2068 5394; x_wconf 87' lang='lat' dir='ltr'><strong>vel</strong></span> <span class='ocrx_word' id='word_1_515' title='bbox 2101 5343 2303 5393; x_wconf 79' lang='lat' dir='ltr'><strong>mathe-</strong></span> 
     </span>
    </p>
   </div>
   <div class='ocr_carea' id='block_1_74' title="bbox 724 5429 2301 5503">
    <p class='ocr_par' dir='ltr' id='par_1_74' title="bbox 724 5429 2301 5503">
     <span class='ocr_line' id='line_1_74' title="bbox 724 5429 2301 5503; baseline -0.005 -13"><span class='ocrx_word' id='word_1_516' title='bbox 724 5438 934 5498; x_wconf 84' lang='lat' dir='ltr'><strong>matici,</strong></span> <span class='ocrx_word' id='word_1_517' title='bbox 972 5437 1054 5489; x_wconf 90' lang='lat' dir='ltr'><strong>vel</strong></span> <span class='ocrx_word' id='word_1_518' title='bbox 1091 5433 1354 5503; x_wconf 79' lang='lat' dir='ltr'><strong>astrologi</strong></span> <span class='ocrx_word' id='word_1_519' title='bbox 1390 5450 1403 5485; x_wconf 90' lang='lat'><strong>:</strong></span> <span class='ocrx_word' id='word_1_520' title='bbox 1434 5445 1487 5487; x_wconf 90' lang='lat' dir='ltr'><strong>et</strong></span> <span class='ocrx_word' id='word_1_521' title='bbox 1516 5446 1631 5496; x_wconf 86' lang='lat' dir='ltr'><strong>eos,</strong></span> <span class='ocrx_word' id='word_1_522' title='bbox 1673 5430 1763 5498; x_wconf 90' lang='lat' dir='ltr'><strong>qui</strong></span> <span class='ocrx_word' id='word_1_523' title='bbox 1800 5429 1982 5484; x_wconf 81' lang='lat' dir='ltr'><strong>ferunt</strong></span> <span class='ocrx_word' id='word_1_524' title='bbox 2023 5429 2301 5499; x_wconf 83' lang='lat' dir='ltr'><strong>phylacte-</strong></span> 
     </span>
    </p>
   </div>
   <div class='ocr_carea' id='block_1_75' title="bbox 725 5521 2289 5591">
    <p class='ocr_par' dir='ltr' id='par_1_75' title="bbox 725 5521 2289 5591">
     <span class='ocr_line' id='line_1_75' title="bbox 725 5521 2289 5591; baseline -0.006 -8"><span class='ocrx_word' id='word_1_525' title='bbox 725 5532 806 5584; x_wconf 82' lang='lat' dir='ltr'><strong>ria</strong></span> <span class='ocrx_word' id='word_1_526' title='bbox 837 5570 851 5591; x_wconf 90' lang='lat'><strong>,</strong></span> <span class='ocrx_word' id='word_1_527' title='bbox 902 5527 1467 5583; x_wconf 75' lang='lat' dir='ltr'><strong>excommunicatione</strong></span> <span class='ocrx_word' id='word_1_528' title='bbox 1523 5522 1873 5576; x_wconf 88' lang='lat' dir='ltr'><strong>condemnat.</strong></span> <span class='ocrx_word' id='word_1_529' title='bbox 1925 5521 2065 5573; x_wconf 91' lang='lat' dir='ltr'><strong>Sunt</strong></span> <span class='ocrx_word' id='word_1_530' title='bbox 2107 5522 2289 5589; x_wconf 89' lang='lat' dir='ltr'><strong>itaque</strong></span> 
     </span>
    </p>
   </div>
   <div class='ocr_carea' id='block_1_76' title="bbox 725 5613 2297 5691">
    <p class='ocr_par' dir='ltr' id='par_1_76' title="bbox 725 5613 2297 5691">
     <span class='ocr_line' id='line_1_76' title="bbox 725 5613 2297 5691; baseline -0.006 -18"><span class='ocrx_word' id='word_1_531' title='bbox 725 5620 889 5691; x_wconf 84' lang='lat' dir='ltr'><strong>magi,</strong></span> <span class='ocrx_word' id='word_1_532' title='bbox 925 5619 1017 5689; x_wconf 87' lang='lat' dir='ltr'><strong>qui</strong></span> <span class='ocrx_word' id='word_1_533' title='bbox 1071 5617 1135 5671; x_wconf 87' lang='lat' dir='ltr'><strong>ad</strong></span> <span class='ocrx_word' id='word_1_534' title='bbox 1194 5616 1454 5671; x_wconf 87' lang='lat' dir='ltr'><strong>Satanam</strong></span> <span class='ocrx_word' id='word_1_535' title='bbox 1509 5623 1728 5685; x_wconf 87' lang='lat' dir='ltr'><strong>propter</strong></span> <span class='ocrx_word' id='word_1_536' title='bbox 1788 5613 2021 5681; x_wconf 87' lang='lat' dir='ltr'><strong>aliquam</strong></span> <span class='ocrx_word' id='word_1_537' title='bbox 2078 5627 2297 5666; x_wconf 88' lang='lat' dir='ltr'><strong>causam</strong></span> 
     </span>
    </p>
   </div>
   <div class='ocr_carea' id='block_1_77' title="bbox 725 5702 2298 5773">
    <p class='ocr_par' dir='ltr' id='par_1_77' title="bbox 725 5702 2298 5773">
     <span class='ocr_line' id='line_1_77' title="bbox 725 5702 2298 5773; baseline -0.006 -8"><span class='ocrx_word' id='word_1_538' title='bbox 725 5711 1009 5765; x_wconf 86' lang='lat' dir='ltr'><strong>accedunt.</strong></span> <span class='ocrx_word' id='word_1_539' title='bbox 1047 5708 1414 5762; x_wconf 86' lang='lat' dir='ltr'><strong>lucantatnres</strong></span> <span class='ocrx_word' id='word_1_540' title='bbox 1449 5714 1625 5759; x_wconf 89' lang='lat' dir='ltr'><strong>autem</strong></span> <span class='ocrx_word' id='word_1_541' title='bbox 1653 5748 1666 5768; x_wconf 86' lang='lat'><strong>,</strong></span> <span class='ocrx_word' id='word_1_542' title='bbox 1704 5702 2130 5773; x_wconf 77' lang='lat' dir='ltr'><strong>pra:sligiatores</strong></span> <span class='ocrx_word' id='word_1_543' title='bbox 2157 5742 2170 5765; x_wconf 92' lang='lat'><strong>,</strong></span> <span class='ocrx_word' id='word_1_544' title='bbox 2207 5706 2298 5771; x_wconf 87' lang='lat' dir='ltr'><strong>qui</strong></span> 
     </span>
    </p>
   </div>
   <div class='ocr_carea' id='block_1_78' title="bbox 727 5793 2299 5861">
    <p class='ocr_par' dir='ltr' id='par_1_78' title="bbox 727 5793 2299 5861">
     <span class='ocr_line' id='line_1_78' title="bbox 727 5793 2299 5861; baseline -0.009 -6"><span class='ocrx_word' id='word_1_545' title='bbox 727 5803 967 5856; x_wconf 87' lang='lat' dir='ltr'><strong>carmina</strong></span> <span class='ocrx_word' id='word_1_546' title='bbox 992 5815 1085 5855; x_wconf 88' lang='lat' dir='ltr'><strong>seu</strong></span> <span class='ocrx_word' id='word_1_547' title='bbox 1117 5798 1515 5851; x_wconf 75' lang='lat' dir='ltr'><strong>incantationes</strong></span> <span class='ocrx_word' id='word_1_548' title='bbox 1569 5797 1778 5859; x_wconf 77' lang='lat' dir='ltr'><strong>dicunt,</strong></span> <span class='ocrx_word' id='word_1_549' title='bbox 1810 5804 1862 5847; x_wconf 89' lang='lat' dir='ltr'><strong>ct</strong></span> <span class='ocrx_word' id='word_1_550' title='bbox 1892 5809 1985 5861; x_wconf 85' lang='lat' dir='ltr'><strong>per</strong></span> <span class='ocrx_word' id='word_1_551' title='bbox 2011 5809 2071 5846; x_wconf 87' lang='lat' dir='ltr'><strong>ea</strong></span> <span class='ocrx_word' id='word_1_552' title='bbox 2097 5793 2299 5849; x_wconf 67' lang='lat' dir='ltr'><strong>damni-</strong></span> 
     </span>
    </p>
   </div>
   <div class='ocr_carea' id='block_1_79' title="bbox 2403 1943 3981 2020">
    <p class='ocr_par' dir='ltr' id='par_1_79' title="bbox 2403 1943 3981 2020">
     <span class='ocr_line' id='line_1_79' title="bbox 2403 1943 3981 2020; baseline -0.006 -17"><span class='ocrx_word' id='word_1_553' title='bbox 2403 1952 2569 2020; x_wconf 77' lang='grc' dir='ltr'><strong>τιμῆς</strong></span> <span class='ocrx_word' id='word_1_554' title='bbox 2598 1951 3043 2019; x_wconf 78' lang='grc' dir='ltr'><strong>εἰδωλολατρείας</strong></span> <span class='ocrx_word' id='word_1_555' title='bbox 3064 1949 3251 2018; x_wconf 71' lang='grc' dir='ltr'><strong>οὔσης,</strong></span> <span class='ocrx_word' id='word_1_556' title='bbox 3282 1947 3393 1998; x_wconf 82' lang='grc' dir='ltr'><strong>ἀλλ’</strong></span> <span class='ocrx_word' id='word_1_557' title='bbox 3451 1946 3527 2007; x_wconf 84' lang='grc' dir='ltr'><strong>ὡς</strong></span> <span class='ocrx_word' id='word_1_558' title='bbox 3580 1946 3679 1997; x_wconf 84' lang='grc' dir='ltr'><strong>τοῦ</strong></span> <span class='ocrx_word' id='word_1_559' title='bbox 3740 1943 3981 2013; x_wconf 64' lang='grc' dir='ltr'><strong>πονηροῦ</strong></span> 
     </span>
    </p>
   </div>
   <div class='ocr_carea' id='block_1_80' title="bbox 2402 2038 3981 2110">
    <p class='ocr_par' dir='ltr' id='par_1_80' title="bbox 2402 2038 3981 2110">
     <span class='ocr_line' id='line_1_80' title="bbox 2402 2038 3981 2110; baseline -0.007 -13"><span class='ocrx_word' id='word_1_560' title='bbox 2402 2044 2706 2107; x_wconf 71' lang='grc' dir='ltr'><strong>ἀπάγοντος</strong></span> <span class='ocrx_word' id='word_1_561' title='bbox 2733 2044 2884 2110; x_wconf 79' lang='grc' dir='ltr'><strong>ἡμᾶς</strong></span> <span class='ocrx_word' id='word_1_562' title='bbox 2911 2041 3007 2093; x_wconf 81' lang='grc' dir='ltr'><strong>τοῦ</strong></span> <span class='ocrx_word' id='word_1_563' title='bbox 3036 2039 3426 2093; x_wconf 80' lang='grc' dir='ltr'><strong>ἐπικαλεῖσθαι</strong></span> <span class='ocrx_word' id='word_1_564' title='bbox 3459 2042 3553 2089; x_wconf 70' lang='grc' dir='ltr'><strong>τὸν</strong></span> <span class='ocrx_word' id='word_1_565' title='bbox 3594 2038 3871 2106; x_wconf 71' lang='grc' dir='ltr'><strong>Χριστὸν,</strong></span> <span class='ocrx_word' id='word_1_566' title='bbox 3903 2038 3981 2087; x_wconf 65' lang='grc' dir='ltr'><strong>ἵνα</strong></span> 
     </span>
    </p>
   </div>
   <div class='ocr_carea' id='block_1_81' title="bbox 2403 2129 3981 2202">
    <p class='ocr_par' dir='ltr' id='par_1_81' title="bbox 2403 2129 3981 2202">
     <span class='ocr_line' id='line_1_81' title="bbox 2403 2129 3981 2202; baseline -0.006 -16"><span class='ocrx_word' id='word_1_567' title='bbox 2403 2136 2541 2186; x_wconf 66' lang='grc' dir='ltr'><strong>κατὰ</strong></span> <span class='ocrx_word' id='word_1_568' title='bbox 2573 2133 2768 2202; x_wconf 73' lang='grc' dir='ltr'><strong>μικρὸν</strong></span> <span class='ocrx_word' id='word_1_569' title='bbox 2790 2135 2882 2184; x_wconf 80' lang='grc' dir='ltr'><strong>καὶ</strong></span> <span class='ocrx_word' id='word_1_570' title='bbox 2920 2131 3223 2201; x_wconf 76' lang='grc' dir='ltr'><strong>λεληθότως</strong></span> <span class='ocrx_word' id='word_1_571' title='bbox 3254 2133 3331 2192; x_wconf 82' lang='grc' dir='ltr'><strong>εἰς</strong></span> <span class='ocrx_word' id='word_1_572' title='bbox 3374 2129 3843 2197; x_wconf 79' lang='grc' dir='ltr'><strong>εἰδωλολατρείαν</strong></span> <span class='ocrx_word' id='word_1_573' title='bbox 3894 2130 3981 2178; x_wconf 80' lang='grc' dir='ltr'><strong>ἑκ-</strong></span> 
     </span>
    </p>
   </div>
   <div class='ocr_carea' id='block_1_82' title="bbox 2402 2220 3981 2297">
    <p class='ocr_par' dir='ltr' id='par_1_82' title="bbox 2402 2220 3981 2297">
     <span class='ocr_line' id='line_1_82' title="bbox 2402 2220 3981 2297; baseline -0.008 -18"><span class='ocrx_word' id='word_1_574' title='bbox 2402 2225 2599 2297; x_wconf 80' lang='grc' dir='ltr'><strong>κυλίσῃ</strong></span> <span class='ocrx_word' id='word_1_575' title='bbox 2628 2226 2796 2294; x_wconf 79' lang='grc' dir='ltr'><strong>ἡμᾶς.</strong></span> <span class='ocrx_word' id='word_1_576' title='bbox 2824 2221 3006 2277; x_wconf 82' lang='grc' dir='ltr'><strong>Ἦσαν</strong></span> <span class='ocrx_word' id='word_1_577' title='bbox 3037 2224 3093 2277; x_wconf 84' lang='grc' dir='ltr'><strong>δὲ</strong></span> <span class='ocrx_word' id='word_1_578' title='bbox 3119 2224 3214 2276; x_wconf 76' lang='grc' dir='ltr'><strong>καὶ</strong></span> <span class='ocrx_word' id='word_1_579' title='bbox 3245 2224 3394 2276; x_wconf 83' lang='grc' dir='ltr'><strong>ἄλλοι</strong></span> <span class='ocrx_word' id='word_1_580' title='bbox 3416 2223 3694 2291; x_wconf 72' lang='grc' dir='ltr'><strong>αἱρετικοὶ</strong></span> <span class='ocrx_word' id='word_1_581' title='bbox 3722 2220 3981 2285; x_wconf 67' lang='grc' dir='ltr'><strong>’Ἄγγελοι</strong></span> 
     </span>
    </p>
   </div>
   <div class='ocr_carea' id='block_1_83' title="bbox 2401 2308 3981 2385">
    <p class='ocr_par' dir='ltr' id='par_1_83' title="bbox 2401 2308 3981 2385">
     <span class='ocr_line' id='line_1_83' title="bbox 2401 2308 3981 2385; baseline -0.009 -17"><span class='ocrx_word' id='word_1_582' title='bbox 2401 2316 2707 2385; x_wconf 85' lang='grc' dir='ltr'><strong>λεγόμενοι,</strong></span> <span class='ocrx_word' id='word_1_583' title='bbox 2734 2317 2809 2375; x_wconf 85' lang='grc' dir='ltr'><strong>ὠς</strong></span> <span class='ocrx_word' id='word_1_584' title='bbox 2855 2315 2883 2366; x_wconf 97' lang='lat'><strong>6</strong></span> <span class='ocrx_word' id='word_1_585' title='bbox 2939 2312 3093 2381; x_wconf 82' lang='grc' dir='ltr'><strong>ᾶγιος</strong></span> <span class='ocrx_word' id='word_1_586' title='bbox 3159 2313 3471 2379; x_wconf 79' lang='grc' dir='ltr'><strong>Ἐπιφάνιος</strong></span> <span class='ocrx_word' id='word_1_587' title='bbox 3532 2316 3662 2379; x_wconf 69' lang='grc' dir='ltr'><strong>περὶ</strong></span> <span class='ocrx_word' id='word_1_588' title='bbox 3712 2308 3981 2377; x_wconf 67' lang='grc' dir='ltr'><strong>αἱρέσεων</strong></span> 
     </span>
    </p>
   </div>
   <div class='ocr_carea' id='block_1_84' title="bbox 2405 2397 3981 2475">
    <p class='ocr_par' dir='ltr' id='par_1_84' title="bbox 2405 2397 3981 2475">
     <span class='ocr_line' id='line_1_84' title="bbox 2405 2397 3981 2475; baseline -0.005 -16"><span class='ocrx_word' id='word_1_589' title='bbox 2405 2408 2632 2475; x_wconf 67' lang='grc' dir='ltr'><strong>γράφων</strong></span> <span class='ocrx_word' id='word_1_590' title='bbox 2664 2408 2830 2475; x_wconf 77' lang='grc' dir='ltr'><strong>φησίν</strong></span> <span class='ocrx_word' id='word_1_591' title='bbox 2857 2421 2871 2435; x_wconf 69' lang='grc' dir='ltr'><strong>ο</strong></span> <span class='ocrx_word' id='word_1_592' title='bbox 2904 2404 3259 2471; x_wconf 77' lang='grc' dir='ltr'><strong>Ἀγγελικοὺς</strong></span> <span class='ocrx_word' id='word_1_593' title='bbox 3286 2403 3329 2454; x_wconf 85' lang='grc' dir='ltr'><strong>δ’</strong></span> <span class='ocrx_word' id='word_1_594' title='bbox 3364 2402 3597 2454; x_wconf 76' lang='grc' dir='ltr'><strong>ἐκάλουν</strong></span> <span class='ocrx_word' id='word_1_595' title='bbox 3646 2398 3910 2461; x_wconf 74' lang='grc' dir='ltr'><strong>ἑαυτοὺς,</strong></span> <span class='ocrx_word' id='word_1_596' title='bbox 3950 2397 3981 2451; x_wconf 71' lang='grc' dir='ltr'><strong>ἦ</strong></span> 
     </span>
    </p>
   </div>
   <div class='ocr_carea' id='block_1_85' title="bbox 2403 2490 3985 2567">
    <p class='ocr_par' dir='ltr' id='par_1_85' title="bbox 2403 2490 3985 2567">
     <span class='ocr_line' id='line_1_85' title="bbox 2403 2490 3985 2567; baseline -0.006 -16"><span class='ocrx_word' id='word_1_597' title='bbox 2403 2500 2476 2560; x_wconf 80' lang='grc' dir='ltr'><strong>ὡς</strong></span> <span class='ocrx_word' id='word_1_598' title='bbox 2506 2499 2813 2566; x_wconf 84' lang='grc' dir='ltr'><strong>άγγελικώς</strong></span> <span class='ocrx_word' id='word_1_599' title='bbox 2841 2498 2984 2567; x_wconf 80' lang='grc' dir='ltr'><strong>τάχα</strong></span> <span class='ocrx_word' id='word_1_600' title='bbox 3046 2494 3311 2566; x_wconf 80' lang='grc' dir='ltr'><strong>βιοῦντες,</strong></span> <span class='ocrx_word' id='word_1_601' title='bbox 3353 2494 3387 2563; x_wconf 79' lang='grc' dir='ltr'><strong>ἦ</strong></span> <span class='ocrx_word' id='word_1_602' title='bbox 3416 2494 3491 2554; x_wconf 83' lang='grc' dir='ltr'><strong>ὡς</strong></span> <span class='ocrx_word' id='word_1_603' title='bbox 3519 2494 3676 2561; x_wconf 72' lang='grc' dir='ltr'><strong>παρὰ</strong></span> <span class='ocrx_word' id='word_1_604' title='bbox 3734 2490 3985 2557; x_wconf 75' lang='grc' dir='ltr'><strong>ἀγγέλων</strong></span> 
     </span>
    </p>
   </div>
   <div class='ocr_carea' id='block_1_86' title="bbox 2404 2584 3985 2663">
    <p class='ocr_par' dir='ltr' id='par_1_86' title="bbox 2404 2584 3985 2663">
     <span class='ocr_line' id='line_1_86' title="bbox 2404 2584 3985 2663; baseline -0.009 -19"><span class='ocrx_word' id='word_1_605' title='bbox 2404 2592 2841 2663; x_wconf 78' lang='grc' dir='ltr'><strong>προσκληθέντες</strong></span> <span class='ocrx_word' id='word_1_606' title='bbox 2876 2592 3012 2661; x_wconf 82' lang='grc' dir='ltr'><strong>πρὸς</strong></span> <span class='ocrx_word' id='word_1_607' title='bbox 3048 2591 3148 2659; x_wconf 85' lang='grc' dir='ltr'><strong>τὴν</strong></span> <span class='ocrx_word' id='word_1_608' title='bbox 3194 2588 3377 2641; x_wconf 67' lang='grc' dir='ltr'><strong>πίστιν</strong></span> <span class='ocrx_word' id='word_1_609' title='bbox 3415 2587 3511 2639; x_wconf 76' lang='grc' dir='ltr'><strong>καὶ</strong></span> <span class='ocrx_word' id='word_1_610' title='bbox 3539 2586 3643 2654; x_wconf 82' lang='grc' dir='ltr'><strong>τὴν</strong></span> <span class='ocrx_word' id='word_1_611' title='bbox 3682 2584 3847 2637; x_wconf 72' lang='grc' dir='ltr'><strong>θείαν</strong></span> <span class='ocrx_word' id='word_1_612' title='bbox 3872 2587 3985 2634; x_wconf 68' lang='grc' dir='ltr'><strong>επι-</strong></span> 
     </span>
    </p>
   </div>
   <div class='ocr_carea' id='block_1_87' title="bbox 2404 2699 2628 2751">
    <p class='ocr_par' dir='ltr' id='par_1_87' title="bbox 2404 2699 2628 2751">
     <span class='ocr_line' id='line_1_87' title="bbox 2404 2699 2628 2751; baseline 0.004 -17"><span class='ocrx_word' id='word_1_613' title='bbox 2404 2699 2628 2751; x_wconf 84' lang='grc' dir='ltr'><strong>γνωσιν.</strong></span> 
     </span>
    </p>
   </div>
   <div class='ocr_carea' id='block_1_88' title="bbox 2404 2936 3991 3009">
    <p class='ocr_par' dir='ltr' id='par_1_88' title="bbox 2404 2936 3991 3009">
     <span class='ocr_line' id='line_1_88' title="bbox 2404 2936 3991 3009; baseline -0.005 -16"><span class='ocrx_word' id='word_1_614' title='bbox 2404 2942 2623 2993; x_wconf 78' lang='grc' dir='ltr'><strong>ΛΡΙΣΤ.</strong></span> <span class='ocrx_word' id='word_1_615' title='bbox 2689 2964 2705 2991; x_wconf 75' lang='grc' dir='ltr'><strong>ι</strong></span> <span class='ocrx_word' id='word_1_616' title='bbox 2742 2943 2802 2991; x_wconf 81' lang='lat'><strong>&#39;0</strong></span> <span class='ocrx_word' id='word_1_617' title='bbox 2837 2942 3237 3009; x_wconf 72' lang='grc' dir='ltr'><strong>παρασυνάγων</strong></span> <span class='ocrx_word' id='word_1_618' title='bbox 3271 2939 3361 2989; x_wconf 68' lang='grc' dir='ltr'><strong>καὶ</strong></span> <span class='ocrx_word' id='word_1_619' title='bbox 3394 2936 3685 3007; x_wconf 75' lang='grc' dir='ltr'><strong>ὀνομάζων</strong></span> <span class='ocrx_word' id='word_1_620' title='bbox 3722 2936 3991 3004; x_wconf 78' lang='grc' dir='ltr'><strong>ἀγγέλου;</strong></span> 
     </span>
    </p>
   </div>
   <div class='ocr_carea' id='block_1_89' title="bbox 2481 3026 3917 3103">
    <p class='ocr_par' dir='ltr' id='par_1_89' title="bbox 2481 3026 3917 3103">
     <span class='ocr_line' id='line_1_89' title="bbox 2481 3026 3917 3103; baseline -0.008 -19"><span class='ocrx_word' id='word_1_621' title='bbox 2481 3053 2497 3084; x_wconf 80' lang='grc' dir='ltr'><strong>ι</strong></span> <span class='ocrx_word' id='word_1_622' title='bbox 2546 3033 2988 3103; x_wconf 76' lang='grc' dir='ltr'><strong>εἰδωλολατρείας</strong></span> <span class='ocrx_word' id='word_1_623' title='bbox 3022 3031 3265 3099; x_wconf 84' lang='grc' dir='ltr'><strong>πλησίον,</strong></span> <span class='ocrx_word' id='word_1_624' title='bbox 3298 3031 3390 3081; x_wconf 76' lang='grc' dir='ltr'><strong>καὶ</strong></span> <span class='ocrx_word' id='word_1_625' title='bbox 3414 3029 3529 3098; x_wconf 72' lang='grc' dir='ltr'><strong>ῆτω</strong></span> <span class='ocrx_word' id='word_1_626' title='bbox 3558 3026 3845 3094; x_wconf 75' lang='grc' dir='ltr'><strong>ἀνάθεμα.</strong></span> <span class='ocrx_word' id='word_1_627' title='bbox 3898 3043 3917 3073; x_wconf 71' lang='grc' dir='ltr'><strong>ι</strong></span> 
     </span>
    </p>
   </div>
   <div class='ocr_carea' id='block_1_90' title="bbox 2476 3209 3996 3285">
    <p class='ocr_par' dir='ltr' id='par_1_90' title="bbox 2476 3209 3996 3285">
     <span class='ocr_line' id='line_1_90' title="bbox 2476 3209 3996 3285; baseline -0.011 -17"><span class='ocrx_word' id='word_1_628' title='bbox 2476 3217 2632 3268; x_wconf 84' lang='grc' dir='ltr'><strong>Ἐστι</strong></span> <span class='ocrx_word' id='word_1_629' title='bbox 2663 3233 2746 3277; x_wconf 86' lang='grc' dir='ltr'><strong>τις</strong></span> <span class='ocrx_word' id='word_1_630' title='bbox 2779 3215 2987 3285; x_wconf 79' lang='grc' dir='ltr'><strong>αἵρεσις</strong></span> <span class='ocrx_word' id='word_1_631' title='bbox 3019 3214 3124 3267; x_wconf 82' lang='grc' dir='ltr'><strong>τῶν</strong></span> <span class='ocrx_word' id='word_1_632' title='bbox 3157 3211 3487 3279; x_wconf 81' lang='grc' dir='ltr'><strong>Ἀγγελικῶν</strong></span> <span class='ocrx_word' id='word_1_633' title='bbox 3520 3210 3827 3279; x_wconf 72' lang='grc' dir='ltr'><strong>λεγομένη,</strong></span> <span class='ocrx_word' id='word_1_634' title='bbox 3847 3210 3880 3275; x_wconf 74' lang='grc' dir='ltr'>ἢ</span> <span class='ocrx_word' id='word_1_635' title='bbox 3914 3209 3996 3259; x_wconf 61' lang='grc' dir='ltr'><strong>διὰ</strong></span> 
     </span>
    </p>
   </div>
   <div class='ocr_carea' id='block_1_91' title="bbox 2401 3303 3995 3376">
    <p class='ocr_par' dir='ltr' id='par_1_91' title="bbox 2401 3303 3995 3376">
     <span class='ocr_line' id='line_1_91' title="bbox 2401 3303 3995 3376; baseline -0.007 -13"><span class='ocrx_word' id='word_1_636' title='bbox 2401 3311 2460 3363; x_wconf 81' lang='grc' dir='ltr'><strong>τὸ</strong></span> <span class='ocrx_word' id='word_1_637' title='bbox 2494 3309 2723 3371; x_wconf 68' lang='grc' dir='ltr'><strong>ἑαυτοὺς</strong></span> <span class='ocrx_word' id='word_1_638' title='bbox 2761 3307 3044 3376; x_wconf 86' lang='grc' dir='ltr'><strong>σεμνύνειν</strong></span> <span class='ocrx_word' id='word_1_639' title='bbox 3066 3349 3079 3369; x_wconf 91' lang='grc'><strong>,</strong></span> <span class='ocrx_word' id='word_1_640' title='bbox 3113 3305 3187 3370; x_wconf 85' lang='grc' dir='ltr'><strong>ὡς</strong></span> <span class='ocrx_word' id='word_1_641' title='bbox 3220 3305 3374 3370; x_wconf 78' lang='grc' dir='ltr'><strong>τάξιν</strong></span> <span class='ocrx_word' id='word_1_642' title='bbox 3406 3304 3667 3371; x_wconf 82' lang='grc' dir='ltr'><strong>ἀγγέλων</strong></span> <span class='ocrx_word' id='word_1_643' title='bbox 3702 3304 3808 3356; x_wconf 76' lang='grc' dir='ltr'><strong>καὶ</strong></span> <span class='ocrx_word' id='word_1_644' title='bbox 3843 3303 3995 3353; x_wconf 73' lang='grc' dir='ltr'><strong>πολι-</strong></span> 
     </span>
    </p>
   </div>
   <div class='ocr_carea' id='block_1_92' title="bbox 2400 3394 3993 3471">
    <p class='ocr_par' dir='ltr' id='par_1_92' title="bbox 2400 3394 3993 3471">
     <span class='ocr_line' id='line_1_92' title="bbox 2400 3394 3993 3471; baseline -0.007 -18"><span class='ocrx_word' id='word_1_645' title='bbox 2400 3402 2550 3453; x_wconf 81' lang='grc' dir='ltr'><strong>τείαν</strong></span> <span class='ocrx_word' id='word_1_646' title='bbox 2578 3401 2820 3471; x_wconf 71' lang='grc' dir='ltr'><strong>ἔχοντας,</strong></span> <span class='ocrx_word' id='word_1_647' title='bbox 2850 3400 2884 3471; x_wconf 83' lang='grc' dir='ltr'>ἢ</span> <span class='ocrx_word' id='word_1_648' title='bbox 2916 3399 3005 3453; x_wconf 80' lang='grc' dir='ltr'><strong>διά</strong></span> <span class='ocrx_word' id='word_1_649' title='bbox 3032 3399 3091 3451; x_wconf 69' lang='grc' dir='ltr'><strong>τὸ</strong></span> <span class='ocrx_word' id='word_1_650' title='bbox 3122 3399 3307 3467; x_wconf 84' lang='grc' dir='ltr'><strong>ληρεῖν</strong></span> <span class='ocrx_word' id='word_1_651' title='bbox 3336 3396 3428 3450; x_wconf 81' lang='grc' dir='ltr'><strong>ὑπ’</strong></span> <span class='ocrx_word' id='word_1_652' title='bbox 3453 3397 3712 3462; x_wconf 81' lang='grc' dir='ltr'><strong>ἀγγέλων</strong></span> <span class='ocrx_word' id='word_1_653' title='bbox 3744 3394 3993 3447; x_wconf 77' lang='grc' dir='ltr'><strong>ὲκτισθαι</strong></span> 
     </span>
    </p>
   </div>
   <div class='ocr_carea' id='block_1_93' title="bbox 2400 3483 3995 3562">
    <p class='ocr_par' dir='ltr' id='par_1_93' title="bbox 2400 3483 3995 3562">
     <span class='ocr_line' id='line_1_93' title="bbox 2400 3483 3995 3562; baseline -0.007 -16"><span class='ocrx_word' id='word_1_654' title='bbox 2400 3496 2492 3546; x_wconf 76' lang='grc' dir='ltr'><strong>τδν</strong></span> <span class='ocrx_word' id='word_1_655' title='bbox 2528 3494 2750 3562; x_wconf 80' lang='grc' dir='ltr'><strong>κόσμον.</strong></span> <span class='ocrx_word' id='word_1_656' title='bbox 2782 3488 2962 3543; x_wconf 85' lang='grc' dir='ltr'><strong>Ἦσαν</strong></span> <span class='ocrx_word' id='word_1_657' title='bbox 2993 3490 3048 3542; x_wconf 83' lang='grc' dir='ltr'><strong>δὲ</strong></span> <span class='ocrx_word' id='word_1_658' title='bbox 3085 3490 3177 3542; x_wconf 85' lang='grc' dir='ltr'><strong>καί</strong></span> <span class='ocrx_word' id='word_1_659' title='bbox 3211 3506 3354 3551; x_wconf 83' lang='grc' dir='ltr'><strong>τινες</strong></span> <span class='ocrx_word' id='word_1_660' title='bbox 3386 3488 3742 3549; x_wconf 76' lang='grc' dir='ltr'><strong>διδάσκοντες</strong></span> <span class='ocrx_word' id='word_1_661' title='bbox 3764 3527 3780 3550; x_wconf 90' lang='grc'><strong>,</strong></span> <span class='ocrx_word' id='word_1_662' title='bbox 3815 3483 3995 3544; x_wconf 75' lang='grc' dir='ltr'><strong>καθὼς</strong></span> 
     </span>
    </p>
   </div>
   <div class='ocr_carea' id='block_1_94' title="bbox 2402 3578 3992 3656">
    <p class='ocr_par' dir='ltr' id='par_1_94' title="bbox 2402 3578 3992 3656">
     <span class='ocr_line' id='line_1_94' title="bbox 2402 3578 3992 3656; baseline -0.008 -17"><span class='ocrx_word' id='word_1_663' title='bbox 2402 3590 2458 3639; x_wconf 79' lang='grc' dir='ltr'><strong>ὲν</strong></span> <span class='ocrx_word' id='word_1_664' title='bbox 2496 3589 2563 3656; x_wconf 80' lang='grc' dir='ltr'><strong>τῇ</strong></span> <span class='ocrx_word' id='word_1_665' title='bbox 2610 3586 2742 3656; x_wconf 77' lang='grc' dir='ltr'><strong>πρὸς</strong></span> <span class='ocrx_word' id='word_1_666' title='bbox 2773 3584 3100 3645; x_wconf 79' lang='grc' dir='ltr'><strong>Κολοσσαεῐς</strong></span> <span class='ocrx_word' id='word_1_667' title='bbox 3141 3582 3428 3650; x_wconf 79' lang='grc' dir='ltr'><strong>Ἐπιστολῇ</strong></span> <span class='ocrx_word' id='word_1_668' title='bbox 3464 3581 3492 3632; x_wconf 93' lang='lat'><strong>6</strong></span> <span class='ocrx_word' id='word_1_669' title='bbox 3543 3579 3732 3649; x_wconf 81' lang='grc' dir='ltr'><strong>μέγας</strong></span> <span class='ocrx_word' id='word_1_670' title='bbox 3785 3578 3992 3637; x_wconf 74' lang='grc' dir='ltr'><strong>Παῦλος</strong></span> 
     </span>
    </p>
   </div>
   <div class='ocr_carea' id='block_1_95' title="bbox 2402 3673 3997 3749">
    <p class='ocr_par' dir='ltr' id='par_1_95' title="bbox 2402 3673 3997 3749">
     <span class='ocr_line' id='line_1_95' title="bbox 2402 3673 3997 3749; baseline -0.023 2"><span class='ocrx_word' id='word_1_671' title='bbox 2402 3680 2658 3749; x_wconf 63' lang='grc' dir='ltr'><strong>ἐδήλωσεν</strong></span> <span class='ocrx_word' id='word_1_672' title='bbox 2692 3680 2767 3747; x_wconf 75' lang='grc' dir='ltr'><strong>μὴ</strong></span> <span class='ocrx_word' id='word_1_673' title='bbox 2795 3679 2905 3729; x_wconf 80' lang='grc' dir='ltr'><strong>δεῖν</strong></span> <span class='ocrx_word' id='word_1_674' title='bbox 2934 3677 3111 3743; x_wconf 76' lang='grc' dir='ltr'><strong>λέγειν</strong></span> <span class='ocrx_word' id='word_1_675' title='bbox 3140 3676 3286 3745; x_wconf 80' lang='grc' dir='ltr'><strong>ἡμᾶς</strong></span> <span class='ocrx_word' id='word_1_676' title='bbox 3316 3674 3403 3726; x_wconf 74' lang='grc' dir='ltr'><strong>διὰ</strong></span> <span class='ocrx_word' id='word_1_677' title='bbox 3433 3673 3679 3743; x_wconf 78' lang='grc' dir='ltr'><strong>Χριστοῦ</strong></span> <span class='ocrx_word' id='word_1_678' title='bbox 3716 3674 3997 3740; x_wconf 67' lang='grc' dir='ltr'><strong>προςάγε-</strong></span> 
     </span>
    </p>
   </div>
   <div class='ocr_carea' id='block_1_96' title="bbox 2405 3762 3993 3838">
    <p class='ocr_par' dir='ltr' id='par_1_96' title="bbox 2405 3762 3993 3838">
     <span class='ocr_line' id='line_1_96' title="bbox 2405 3762 3993 3838; baseline -0.004 -18"><span class='ocrx_word' id='word_1_679' title='bbox 2405 3770 2526 3821; x_wconf 77' lang='grc' dir='ltr'><strong>σθαι</strong></span> <span class='ocrx_word' id='word_1_680' title='bbox 2558 3767 2633 3838; x_wconf 85' lang='grc' dir='ltr'><strong>τῷ</strong></span> <span class='ocrx_word' id='word_1_681' title='bbox 2665 3767 2782 3833; x_wconf 86' lang='grc' dir='ltr'><strong>Θεῴ</strong></span> <span class='ocrx_word' id='word_1_682' title='bbox 2813 3767 2909 3818; x_wconf 81' lang='grc' dir='ltr'><strong>καὶ</strong></span> <span class='ocrx_word' id='word_1_683' title='bbox 2942 3765 3144 3834; x_wconf 85' lang='grc' dir='ltr'><strong>υατρί·</strong></span> <span class='ocrx_word' id='word_1_684' title='bbox 3181 3764 3399 3826; x_wconf 76' lang='grc' dir='ltr'><strong>Μείζων</strong></span> <span class='ocrx_word' id='word_1_685' title='bbox 3443 3764 3551 3830; x_wconf 82' lang='grc' dir='ltr'><strong>γὰρ</strong></span> <span class='ocrx_word' id='word_1_686' title='bbox 3586 3762 3620 3829; x_wconf 84' lang='grc' dir='ltr'>ἣ</span> <span class='ocrx_word' id='word_1_687' title='bbox 3657 3762 3799 3813; x_wconf 76' lang='grc' dir='ltr'><strong>καθ’</strong></span> <span class='ocrx_word' id='word_1_688' title='bbox 3828 3764 3993 3829; x_wconf 66' lang='grc' dir='ltr'><strong>ἡμᾶς.</strong></span> 
     </span>
    </p>
   </div>
   <div class='ocr_carea' id='block_1_97' title="bbox 2403 3853 3999 3930">
    <p class='ocr_par' dir='ltr' id='par_1_97' title="bbox 2403 3853 3999 3930">
     <span class='ocr_line' id='line_1_97' title="bbox 2403 3853 3999 3930; baseline -0.004 -18"><span class='ocrx_word' id='word_1_689' title='bbox 2403 3860 2585 3930; x_wconf 67' lang='grc' dir='ltr'><strong>φησιν,</strong></span> <span class='ocrx_word' id='word_1_690' title='bbox 2613 3860 2640 3910; x_wconf 91' lang='lat'><strong>6</strong></span> <span class='ocrx_word' id='word_1_691' title='bbox 2672 3857 2902 3927; x_wconf 78' lang='grc' dir='ltr'><strong>Χριστός</strong></span> <span class='ocrx_word' id='word_1_692' title='bbox 2938 3872 2954 3889; x_wconf 73' lang='grc'><strong><em>⁸</em></strong></span> <span class='ocrx_word' id='word_1_693' title='bbox 2983 3856 3117 3909; x_wconf 80' lang='grc' dir='ltr'><strong>ἀλλὰ</strong></span> <span class='ocrx_word' id='word_1_694' title='bbox 3143 3855 3210 3907; x_wconf 88' lang='grc' dir='ltr'><strong>δι’</strong></span> <span class='ocrx_word' id='word_1_695' title='bbox 3232 3853 3503 3921; x_wconf 83' lang='grc' dir='ltr'><strong>ἀγγέλων.</strong></span> <span class='ocrx_word' id='word_1_696' title='bbox 3530 3854 3716 3905; x_wconf 84' lang='grc' dir='ltr'><strong>Τοῦτο</strong></span> <span class='ocrx_word' id='word_1_697' title='bbox 3733 3854 3796 3905; x_wconf 82' lang='grc' dir='ltr'><strong>δὲ</strong></span> <span class='ocrx_word' id='word_1_698' title='bbox 3837 3856 3999 3924; x_wconf 59' lang='grc' dir='ltr'><strong>ἄρνη-</strong></span> 
     </span>
    </p>
   </div>
   <div class='ocr_carea' id='block_1_98' title="bbox 2404 3946 3998 4022">
    <p class='ocr_par' dir='ltr' id='par_1_98' title="bbox 2404 3946 3998 4022">
     <span class='ocr_line' id='line_1_98' title="bbox 2404 3946 3998 4022; baseline -0.007 -17"><span class='ocrx_word' id='word_1_699' title='bbox 2404 3972 2483 4015; x_wconf 83' lang='grc' dir='ltr'><strong>σις</strong></span> <span class='ocrx_word' id='word_1_700' title='bbox 2523 3951 2586 4022; x_wconf 75' lang='grc' dir='ltr'><strong>ἦν</strong></span> <span class='ocrx_word' id='word_1_701' title='bbox 2618 3953 2717 4021; x_wconf 84' lang='grc' dir='ltr'><strong>τῆς</strong></span> <span class='ocrx_word' id='word_1_702' title='bbox 2753 3950 2903 4012; x_wconf 89' lang='grc' dir='ltr'><strong>θείας</strong></span> <span class='ocrx_word' id='word_1_703' title='bbox 2934 3948 3245 4016; x_wconf 80' lang='grc' dir='ltr'><strong>οἰκονομίας</strong></span> <span class='ocrx_word' id='word_1_704' title='bbox 3280 3949 3336 4000; x_wconf 81' lang='grc' dir='ltr'><strong>ὲν</strong></span> <span class='ocrx_word' id='word_1_705' title='bbox 3371 3947 3739 4015; x_wconf 77' lang='grc' dir='ltr'><strong>προσχήματι</strong></span> <span class='ocrx_word' id='word_1_706' title='bbox 3777 3946 3881 4013; x_wconf 75' lang='grc' dir='ltr'><strong>τῆς</strong></span> <span class='ocrx_word' id='word_1_707' title='bbox 3912 3964 3998 3996; x_wconf 72' lang='grc' dir='ltr'><strong>τα-</strong></span> 
     </span>
    </p>
   </div>
   <div class='ocr_carea' id='block_1_99' title="bbox 2403 4038 3997 4113">
    <p class='ocr_par' dir='ltr' id='par_1_99' title="bbox 2403 4038 3997 4113">
     <span class='ocr_line' id='line_1_99' title="bbox 2403 4038 3997 4113; baseline -0.005 -17"><span class='ocrx_word' id='word_1_708' title='bbox 2403 4045 2851 4113; x_wconf 74' lang='grc' dir='ltr'><strong>πεινοφροσύνης.</strong></span> <span class='ocrx_word' id='word_1_709' title='bbox 2892 4041 2951 4093; x_wconf 90' lang='grc' dir='ltr'>Ὀ</span> <span class='ocrx_word' id='word_1_710' title='bbox 2988 4040 3118 4108; x_wconf 85' lang='grc' dir='ltr'><strong>γοῦν</strong></span> <span class='ocrx_word' id='word_1_711' title='bbox 3154 4039 3601 4106; x_wconf 78' lang='grc' dir='ltr'><strong>παρασυνάγων,</strong></span> <span class='ocrx_word' id='word_1_712' title='bbox 3639 4040 3741 4087; x_wconf 73' lang='grc' dir='ltr'><strong>καὶ</strong></span> <span class='ocrx_word' id='word_1_713' title='bbox 3783 4038 3879 4087; x_wconf 74' lang='grc' dir='ltr'><strong>ὑπ’</strong></span> <span class='ocrx_word' id='word_1_714' title='bbox 3909 4039 3997 4101; x_wconf 65' lang='grc' dir='ltr'><strong>ἁγ-</strong></span> 
     </span>
    </p>
   </div>
   <div class='ocr_carea' id='block_1_100' title="bbox 2401 4128 3996 4204">
    <p class='ocr_par' dir='ltr' id='par_1_100' title="bbox 2401 4128 3996 4204">
     <span class='ocr_line' id='line_1_100' title="bbox 2401 4128 3996 4204; baseline -0.008 -16"><span class='ocrx_word' id='word_1_715' title='bbox 2401 4137 2573 4204; x_wconf 83' lang='grc' dir='ltr'><strong>γέλων</strong></span> <span class='ocrx_word' id='word_1_716' title='bbox 2617 4136 2863 4187; x_wconf 75' lang='grc' dir='ltr'><strong>ἐκτίσθαι</strong></span> <span class='ocrx_word' id='word_1_717' title='bbox 2908 4135 2998 4187; x_wconf 82' lang='grc' dir='ltr'><strong>τὸν</strong></span> <span class='ocrx_word' id='word_1_718' title='bbox 3046 4133 3249 4200; x_wconf 74' lang='grc' dir='ltr'><strong>κόσμον</strong></span> <span class='ocrx_word' id='word_1_719' title='bbox 3295 4130 3500 4196; x_wconf 81' lang='grc' dir='ltr'><strong>λέγων,</strong></span> <span class='ocrx_word' id='word_1_720' title='bbox 3550 4128 3586 4196; x_wconf 84' lang='grc' dir='ltr'><strong>ἢ</strong></span> <span class='ocrx_word' id='word_1_721' title='bbox 3642 4128 3717 4178; x_wconf 68' lang='grc' dir='ltr'><strong>δι’</strong></span> <span class='ocrx_word' id='word_1_722' title='bbox 3748 4130 3996 4194; x_wconf 60' lang='grc' dir='ltr'><strong>ἀγγέλων</strong></span> 
     </span>
    </p>
   </div>
   <div class='ocr_carea' id='block_1_101' title="bbox 2399 4222 3994 4298">
    <p class='ocr_par' dir='ltr' id='par_1_101' title="bbox 2399 4222 3994 4298">
     <span class='ocr_line' id='line_1_101' title="bbox 2399 4222 3994 4298; baseline -0.006 -17"><span class='ocrx_word' id='word_1_723' title='bbox 2399 4230 2547 4298; x_wconf 79' lang='grc' dir='ltr'><strong>ἡμᾶς</strong></span> <span class='ocrx_word' id='word_1_724' title='bbox 2576 4226 2948 4297; x_wconf 77' lang='grc' dir='ltr'><strong>προσάγεσθαι</strong></span> <span class='ocrx_word' id='word_1_725' title='bbox 2976 4225 3052 4293; x_wconf 78' lang='grc' dir='ltr'><strong>τῷ</strong></span> <span class='ocrx_word' id='word_1_726' title='bbox 3080 4222 3200 4293; x_wconf 80' lang='grc' dir='ltr'><strong>Θεῷ</strong></span> <span class='ocrx_word' id='word_1_727' title='bbox 3232 4223 3327 4275; x_wconf 73' lang='grc' dir='ltr'><strong>καὶ</strong></span> <span class='ocrx_word' id='word_1_728' title='bbox 3361 4223 3554 4288; x_wconf 82' lang='grc' dir='ltr'><strong>Πατρὶ,</strong></span> <span class='ocrx_word' id='word_1_729' title='bbox 3587 4224 3712 4289; x_wconf 54' lang='lat' dir='ltr'><strong>ﬁrm</strong></span> <span class='ocrx_word' id='word_1_730' title='bbox 3746 4223 3994 4289; x_wconf 65' lang='grc' dir='ltr'><strong>ἀνάθεμα</strong></span> 
     </span>
    </p>
   </div>
   <div class='ocr_carea' id='block_1_102' title="bbox 2400 4310 3997 4386">
    <p class='ocr_par' dir='ltr' id='par_1_102' title="bbox 2400 4310 3997 4386">
     <span class='ocr_line' id='line_1_102' title="bbox 2400 4310 3997 4386; baseline -0.006 -15"><span class='ocrx_word' id='word_1_731' title='bbox 2400 4319 2474 4382; x_wconf 78' lang='grc' dir='ltr'><strong>ὡς</strong></span> <span class='ocrx_word' id='word_1_732' title='bbox 2511 4316 2895 4386; x_wconf 82' lang='grc' dir='ltr'><strong>ἐγκαταλιπὼν</strong></span> <span class='ocrx_word' id='word_1_733' title='bbox 2926 4316 3016 4367; x_wconf 83' lang='grc' dir='ltr'><strong>τὸν</strong></span> <span class='ocrx_word' id='word_1_734' title='bbox 3051 4316 3253 4384; x_wconf 76' lang='grc' dir='ltr'><strong>Κύριον</strong></span> <span class='ocrx_word' id='word_1_735' title='bbox 3286 4314 3441 4382; x_wconf 83' lang='grc' dir='ltr'><strong>ἡμῶν</strong></span> <span class='ocrx_word' id='word_1_736' title='bbox 3477 4310 3701 4380; x_wconf 79' lang='grc' dir='ltr'><strong>Ἰησοῦν</strong></span> <span class='ocrx_word' id='word_1_737' title='bbox 3742 4315 3997 4383; x_wconf 68' lang='grc' dir='ltr'><strong>Χριστὲν,</strong></span> 
     </span>
    </p>
   </div>
   <div class='ocr_carea' id='block_1_103' title="bbox 2400 4405 4000 4474">
    <p class='ocr_par' dir='ltr' id='par_1_103' title="bbox 2400 4405 4000 4474">
     <span class='ocr_line' id='line_1_103' title="bbox 2400 4405 4000 4474; baseline -0.006 -10"><span class='ocrx_word' id='word_1_738' title='bbox 2400 4413 2493 4466; x_wconf 70' lang='grc' dir='ltr'><strong>τὸν</strong></span> <span class='ocrx_word' id='word_1_739' title='bbox 2524 4411 2656 4464; x_wconf 82' lang='grc' dir='ltr'><strong>Υἱὸν</strong></span> <span class='ocrx_word' id='word_1_740' title='bbox 2690 4409 2780 4462; x_wconf 81' lang='grc' dir='ltr'><strong>τοῦ</strong></span> <span class='ocrx_word' id='word_1_741' title='bbox 2824 4408 2993 4472; x_wconf 82' lang='grc' dir='ltr'><strong>θεοῦ,</strong></span> <span class='ocrx_word' id='word_1_742' title='bbox 3028 4409 3123 4459; x_wconf 82' lang='grc' dir='ltr'><strong>καὶ</strong></span> <span class='ocrx_word' id='word_1_743' title='bbox 3163 4407 3331 4474; x_wconf 79' lang='grc' dir='ltr'><strong>ἐγγὺς</strong></span> <span class='ocrx_word' id='word_1_744' title='bbox 3376 4405 3596 4472; x_wconf 75' lang='grc' dir='ltr'><strong>φρονῶν</strong></span> <span class='ocrx_word' id='word_1_745' title='bbox 3628 4407 3753 4457; x_wconf 81' lang='grc' dir='ltr'><strong>τῶν</strong></span> <span class='ocrx_word' id='word_1_746' title='bbox 3789 4405 4000 4456; x_wconf 50' lang='grc' dir='ltr'><strong>εἰδωλο.</strong></span> 
     </span>
    </p>
   </div>
   <div class='ocr_carea' id='block_1_104' title="bbox 2330 4506 2635 4575">
    <p class='ocr_par' dir='ltr' id='par_1_104' title="bbox 2330 4506 2635 4575">
     <span class='ocr_line' id='line_1_104' title="bbox 2330 4506 2635 4575; baseline -0.007 -16"><span class='ocrx_word' id='word_1_747' title='bbox 2330 4517 2373 4571; x_wconf 84' lang='grc' dir='ltr'><strong>ι)</strong></span> <span class='ocrx_word' id='word_1_748' title='bbox 2400 4506 2635 4575; x_wconf 83' lang='grc' dir='ltr'><strong>λατρῶν.</strong></span> 
     </span>
    </p>
   </div>
   <div class='ocr_carea' id='block_1_105' title="bbox 2979 4588 3396 4657">
    <p class='ocr_par' dir='ltr' id='par_1_105' title="bbox 2979 4588 3396 4657">
     <span class='ocr_line' id='line_1_105' title="bbox 2979 4588 3396 4657; baseline -0.007 -12"><span class='ocrx_word' id='word_1_749' title='bbox 2979 4589 3220 4645; x_wconf 76' lang='grc' dir='ltr'><strong>ΚΑΝΩΝ</strong></span> <span class='ocrx_word' id='word_1_750' title='bbox 3255 4588 3396 4657; x_wconf 68' lang='lat' dir='ltr'><strong>Aa&quot;.</strong></span> 
     </span>
    </p>
   </div>
   <div class='ocr_carea' id='block_1_106' title="bbox 2412 4679 4001 4755">
    <p class='ocr_par' dir='ltr' id='par_1_106' title="bbox 2412 4679 4001 4755">
     <span class='ocr_line' id='line_1_106' title="bbox 2412 4679 4001 4755; baseline -0.007 -17"><span class='ocrx_word' id='word_1_751' title='bbox 2412 4708 2428 4738; x_wconf 78' lang='grc' dir='ltr'><strong>ι</strong></span> <span class='ocrx_word' id='word_1_752' title='bbox 2450 4688 2573 4739; x_wconf 80' lang='grc' dir='ltr'><strong>Ὅτι</strong></span> <span class='ocrx_word' id='word_1_753' title='bbox 2596 4687 2657 4739; x_wconf 83' lang='grc' dir='ltr'><strong>οὐ</strong></span> <span class='ocrx_word' id='word_1_754' title='bbox 2681 4687 2760 4738; x_wconf 88' lang='grc' dir='ltr'><strong>δεῖ</strong></span> <span class='ocrx_word' id='word_1_755' title='bbox 2787 4682 3095 4755; x_wconf 73' lang='grc' dir='ltr'><strong>ίερατικοὺς</strong></span> <span class='ocrx_word' id='word_1_756' title='bbox 3117 4680 3149 4748; x_wconf 79' lang='grc' dir='ltr'>ἢ</span> <span class='ocrx_word' id='word_1_757' title='bbox 3174 4679 3469 4749; x_wconf 70' lang='grc' dir='ltr'><strong>κληρικοίρς</strong></span> <span class='ocrx_word' id='word_1_758' title='bbox 3497 4679 3730 4749; x_wconf 81' lang='grc' dir='ltr'><strong>μάγους</strong></span> <span class='ocrx_word' id='word_1_759' title='bbox 3756 4680 3791 4751; x_wconf 80' lang='grc' dir='ltr'>ἦ</span> <span class='ocrx_word' id='word_1_760' title='bbox 3822 4682 4001 4731; x_wconf 57' lang='grc' dir='ltr'><strong>ἐπάικ-</strong></span> 
     </span>
    </p>
   </div>
   <div class='ocr_carea' id='block_1_107' title="bbox 2482 4771 3993 4846">
    <p class='ocr_par' dir='ltr' id='par_1_107' title="bbox 2482 4771 3993 4846">
     <span class='ocr_line' id='line_1_107' title="bbox 2482 4771 3993 4846; baseline -0.007 -13"><span class='ocrx_word' id='word_1_761' title='bbox 2482 4801 2500 4833; x_wconf 86' lang='grc'><strong><em>‹</em></strong></span> <span class='ocrx_word' id='word_1_762' title='bbox 2547 4781 2668 4842; x_wconf 72' lang='grc' dir='ltr'><strong>δοὺς</strong></span> <span class='ocrx_word' id='word_1_763' title='bbox 2702 4775 2870 4840; x_wconf 82' lang='grc' dir='ltr'><strong>εἶναι,</strong></span> <span class='ocrx_word' id='word_1_764' title='bbox 2902 4776 2935 4846; x_wconf 78' lang='grc' dir='ltr'>ἦ</span> <span class='ocrx_word' id='word_1_765' title='bbox 2971 4774 3415 4844; x_wconf 74' lang='grc' dir='ltr'><strong>μαθηματικοὺς,</strong></span> <span class='ocrx_word' id='word_1_766' title='bbox 3449 4771 3482 4840; x_wconf 83' lang='grc' dir='ltr'>ἦ</span> <span class='ocrx_word' id='word_1_767' title='bbox 3512 4772 3903 4840; x_wconf 72' lang='grc' dir='ltr'><strong>ἀστρολόγους</strong></span> <span class='ocrx_word' id='word_1_768' title='bbox 3926 4812 3939 4833; x_wconf 86' lang='grc'><strong>,</strong></span> <span class='ocrx_word' id='word_1_769' title='bbox 3967 4772 3993 4838; x_wconf 66' lang='grc' dir='ltr'>ἦ</span> 
     </span>
    </p>
   </div>
   <div class='ocr_carea' id='block_1_108' title="bbox 2476 4864 3997 4937">
    <p class='ocr_par' dir='ltr' id='par_1_108' title="bbox 2476 4864 3997 4937">
     <span class='ocr_line' id='line_1_108' title="bbox 2476 4864 3997 4937; baseline -0.009 -14"><span class='ocrx_word' id='word_1_770' title='bbox 2476 4894 2493 4923; x_wconf 78' lang='grc' dir='ltr'><strong>ι</strong></span> <span class='ocrx_word' id='word_1_771' title='bbox 2542 4874 2713 4925; x_wconf 82' lang='grc' dir='ltr'><strong>ποιεῖν</strong></span> <span class='ocrx_word' id='word_1_772' title='bbox 2772 4869 2839 4921; x_wconf 69' lang='grc' dir='ltr'><strong>τά</strong></span> <span class='ocrx_word' id='word_1_773' title='bbox 2895 4868 3163 4937; x_wconf 88' lang='grc' dir='ltr'><strong>λεγόμενα</strong></span> <span class='ocrx_word' id='word_1_774' title='bbox 3190 4865 3531 4933; x_wconf 70' lang='grc' dir='ltr'><strong>φυλακτήρια</strong></span> <span class='ocrx_word' id='word_1_775' title='bbox 3568 4903 3586 4927; x_wconf 84' lang='grc'><strong>,</strong></span> <span class='ocrx_word' id='word_1_776' title='bbox 3654 4864 3825 4916; x_wconf 70' lang='grc' dir='ltr'><strong>ἆτινᾶ</strong></span> <span class='ocrx_word' id='word_1_777' title='bbox 3890 4866 3997 4913; x_wconf 63' lang='grc' dir='ltr'><strong>ἐστι</strong></span> 
     </span>
    </p>
   </div>
   <div class='ocr_carea' id='block_1_109' title="bbox 2484 4955 3999 5031">
    <p class='ocr_par' dir='ltr' id='par_1_109' title="bbox 2484 4955 3999 5031">
     <span class='ocr_line' id='line_1_109' title="bbox 2484 4955 3999 5031; baseline -0.007 -17"><span class='ocrx_word' id='word_1_778' title='bbox 2484 4984 2501 5014; x_wconf 78' lang='grc' dir='ltr'><strong>ι</strong></span> <span class='ocrx_word' id='word_1_779' title='bbox 2548 4961 2897 5031; x_wconf 76' lang='grc' dir='ltr'><strong>δεσμωτήρια</strong></span> <span class='ocrx_word' id='word_1_780' title='bbox 2946 4958 3054 5010; x_wconf 85' lang='grc' dir='ltr'><strong>τῶν</strong></span> <span class='ocrx_word' id='word_1_781' title='bbox 3101 4957 3288 5026; x_wconf 66' lang='grc' dir='ltr'><strong>ψυχῶν</strong></span> <span class='ocrx_word' id='word_1_782' title='bbox 3334 4955 3511 5007; x_wconf 82' lang='grc' dir='ltr'><strong>αὐτῶν</strong></span> <span class='ocrx_word' id='word_1_783' title='bbox 3543 4971 3560 4985; x_wconf 88' lang='grc'><strong>·</strong></span> <span class='ocrx_word' id='word_1_784' title='bbox 3613 4958 3754 5017; x_wconf 73' lang='grc' dir='ltr'><strong>τοὺς</strong></span> <span class='ocrx_word' id='word_1_785' title='bbox 3805 4956 3863 5007; x_wconf 78' lang='grc' dir='ltr'><strong>δὲ</strong></span> <span class='ocrx_word' id='word_1_786' title='bbox 3913 4972 3999 5020; x_wconf 62' lang='grc' dir='ltr'><strong>ςεν-</strong></span> 
     </span>
    </p>
   </div>
   <div class='ocr_carea' id='block_1_110' title="bbox 2485 5045 3995 5123">
    <p class='ocr_par' dir='ltr' id='par_1_110' title="bbox 2485 5045 3995 5123">
     <span class='ocr_line' id='line_1_110' title="bbox 2485 5045 3995 5123; baseline -0.007 -18"><span class='ocrx_word' id='word_1_787' title='bbox 2485 5074 2501 5104; x_wconf 83' lang='grc' dir='ltr'><strong>ι</strong></span> <span class='ocrx_word' id='word_1_788' title='bbox 2552 5052 2779 5123; x_wconf 75' lang='grc' dir='ltr'><strong>ροῦντας</strong></span> <span class='ocrx_word' id='word_1_789' title='bbox 2822 5048 3109 5121; x_wconf 73' lang='grc' dir='ltr'><strong>ῥίπτεσθαι</strong></span> <span class='ocrx_word' id='word_1_790' title='bbox 3150 5050 3214 5100; x_wconf 78' lang='grc' dir='ltr'><strong>ἐκ</strong></span> <span class='ocrx_word' id='word_1_791' title='bbox 3254 5048 3351 5114; x_wconf 79' lang='grc' dir='ltr'><strong>τῆς</strong></span> <span class='ocrx_word' id='word_1_792' title='bbox 3384 5045 3733 5115; x_wconf 75' lang='grc' dir='ltr'><strong>Ἐκκλησίας</strong></span> <span class='ocrx_word' id='word_1_793' title='bbox 3787 5046 3995 5099; x_wconf 57' lang='lat' dir='ltr'><strong>itala-.3-</strong></span> 
     </span>
    </p>
   </div>
   <div class='ocr_carea' id='block_1_111' title="bbox 2486 5160 2813 5212">
    <p class='ocr_par' dir='ltr' id='par_1_111' title="bbox 2486 5160 2813 5212">
     <span class='ocr_line' id='line_1_111' title="bbox 2486 5160 2813 5212; baseline -0.012 -16"><span class='ocrx_word' id='word_1_794' title='bbox 2486 5164 2503 5196; x_wconf 85' lang='grc' dir='ltr'><strong>ι</strong></span> <span class='ocrx_word' id='word_1_795' title='bbox 2555 5160 2746 5212; x_wconf 81' lang='grc' dir='ltr'><strong>σαμεν.</strong></span> <span class='ocrx_word' id='word_1_796' title='bbox 2796 5162 2813 5192; x_wconf 69' lang='grc' dir='ltr'><strong>ι</strong></span> 
     </span>
    </p>
   </div>
   <div class='ocr_carea' id='block_1_112' title="bbox 2478 5230 3995 5301">
    <p class='ocr_par' dir='ltr' id='par_1_112' title="bbox 2478 5230 3995 5301">
     <span class='ocr_line' id='line_1_112' title="bbox 2478 5230 3995 5301; baseline -0.004 -14"><span class='ocrx_word' id='word_1_797' title='bbox 2478 5234 2674 5288; x_wconf 75' lang='grc' dir='ltr'><strong>ΒΑΛΣ.</strong></span> <span class='ocrx_word' id='word_1_798' title='bbox 2711 5234 2769 5287; x_wconf 87' lang='grc'><strong>’0</strong></span> <span class='ocrx_word' id='word_1_799' title='bbox 2810 5232 3002 5301; x_wconf 87' lang='grc' dir='ltr'><strong>παρὼν</strong></span> <span class='ocrx_word' id='word_1_800' title='bbox 3042 5230 3223 5283; x_wconf 84' lang='grc' dir='ltr'><strong>κανὼν</strong></span> <span class='ocrx_word' id='word_1_801' title='bbox 3258 5230 3547 5297; x_wconf 75' lang='grc' dir='ltr'><strong>ἐπιτρέπει</strong></span> <span class='ocrx_word' id='word_1_802' title='bbox 3593 5230 3735 5291; x_wconf 69' lang='grc' dir='ltr'><strong>τοὺς</strong></span> 
     </span>
    </p>
   </div>
   <div class='ocr_carea' id='block_1_113' title="bbox 2408 5320 3993 5397">
    <p class='ocr_par' dir='ltr' id='par_1_113' title="bbox 2408 5320 3993 5397">
     <span class='ocr_line' id='line_1_113' title="bbox 2408 5320 3993 5397; baseline -0.013 -16"><span class='ocrx_word' id='word_1_803' title='bbox 2408 5346 2530 5389; x_wconf 82' lang='grc' dir='ltr'><strong>νους</strong></span> <span class='ocrx_word' id='word_1_804' title='bbox 2565 5328 2772 5397; x_wconf 89' lang='grc' dir='ltr'><strong>μάγους</strong></span> <span class='ocrx_word' id='word_1_805' title='bbox 2805 5322 2965 5388; x_wconf 77' lang='grc' dir='ltr'><strong>εἶναι,</strong></span> <span class='ocrx_word' id='word_1_806' title='bbox 2998 5324 3030 5394; x_wconf 86' lang='grc' dir='ltr'>ἢ</span> <span class='ocrx_word' id='word_1_807' title='bbox 3065 5322 3372 5386; x_wconf 81' lang='grc' dir='ltr'><strong>ὲπαοιδοὺς,</strong></span> <span class='ocrx_word' id='word_1_808' title='bbox 3401 5320 3433 5390; x_wconf 83' lang='grc' dir='ltr'>ἢ</span> <span class='ocrx_word' id='word_1_809' title='bbox 3471 5321 3935 5390; x_wconf 53' lang='grc' dir='ltr'><strong>μαθηματπκεὼἶ⁹</strong></span> <span class='ocrx_word' id='word_1_810' title='bbox 3964 5320 3993 5387; x_wconf 60' lang='grc' dir='ltr'><strong>ᾗ</strong></span> 
     </span>
    </p>
   </div>
   <div class='ocr_carea' id='block_1_114' title="bbox 2407 5415 3993 5490">
    <p class='ocr_par' dir='ltr' id='par_1_114' title="bbox 2407 5415 3993 5490">
     <span class='ocr_line' id='line_1_114' title="bbox 2407 5415 3993 5490; baseline -0.007 -16"><span class='ocrx_word' id='word_1_811' title='bbox 2407 5420 2800 5490; x_wconf 79' lang='grc' dir='ltr'><strong>ἀστρολόγους,</strong></span> <span class='ocrx_word' id='word_1_812' title='bbox 2829 5418 2924 5468; x_wconf 77' lang='grc' dir='ltr'><strong>καὶ</strong></span> <span class='ocrx_word' id='word_1_813' title='bbox 2953 5415 3354 5483; x_wconf 78' lang='grc' dir='ltr'><strong>ἁκοινὶυνησίας</strong></span> <span class='ocrx_word' id='word_1_814' title='bbox 3382 5416 3723 5481; x_wconf 82' lang='grc' dir='ltr'><strong>κατακρίνει</strong></span> <span class='ocrx_word' id='word_1_815' title='bbox 3758 5415 3884 5476; x_wconf 67' lang='grc' dir='ltr'><strong>τοὺς</strong></span> <span class='ocrx_word' id='word_1_816' title='bbox 3914 5431 3993 5479; x_wconf 61' lang='grc' dir='ltr'><strong>ς’.-</strong></span> 
     </span>
    </p>
   </div>
   <div class='ocr_carea' id='block_1_115' title="bbox 2410 5503 3993 5583">
    <p class='ocr_par' dir='ltr' id='par_1_115' title="bbox 2410 5503 3993 5583">
     <span class='ocr_line' id='line_1_115' title="bbox 2410 5503 3993 5583; baseline -0.006 -19"><span class='ocrx_word' id='word_1_817' title='bbox 2410 5511 2635 5583; x_wconf 83' lang='grc' dir='ltr'><strong>ροῦντας</strong></span> <span class='ocrx_word' id='word_1_818' title='bbox 2658 5510 2725 5562; x_wconf 74' lang='grc' dir='ltr'><strong>τὰ</strong></span> <span class='ocrx_word' id='word_1_819' title='bbox 2748 5510 3113 5577; x_wconf 66' lang='grc' dir='ltr'><strong>φυλακτήρια.</strong></span> <span class='ocrx_word' id='word_1_820' title='bbox 3137 5508 3317 5572; x_wconf 79' lang='grc' dir='ltr'><strong>Μάγοι</strong></span> <span class='ocrx_word' id='word_1_821' title='bbox 3343 5505 3445 5574; x_wconf 84' lang='grc' dir='ltr'><strong>μὲν</strong></span> <span class='ocrx_word' id='word_1_822' title='bbox 3466 5503 3565 5557; x_wconf 80' lang='grc' dir='ltr'><strong>οὖν</strong></span> <span class='ocrx_word' id='word_1_823' title='bbox 3590 5510 3741 5558; x_wconf 75' lang='grc' dir='ltr'><strong>εἰσιν</strong></span> <span class='ocrx_word' id='word_1_824' title='bbox 3766 5510 3817 5560; x_wconf 82' lang='grc' dir='ltr'><strong>οἱ</strong></span> <span class='ocrx_word' id='word_1_825' title='bbox 3844 5521 3993 5574; x_wconf 59' lang='grc' dir='ltr'><strong>προςν-</strong></span> 
     </span>
    </p>
   </div>
   <div class='ocr_carea' id='block_1_116' title="bbox 2408 5596 3991 5675">
    <p class='ocr_par' dir='ltr' id='par_1_116' title="bbox 2408 5596 3991 5675">
     <span class='ocr_line' id='line_1_116' title="bbox 2408 5596 3991 5675; baseline -0.008 -18"><span class='ocrx_word' id='word_1_826' title='bbox 2408 5605 2694 5675; x_wconf 78' lang='grc' dir='ltr'><strong>ερχὸμενοι</strong></span> <span class='ocrx_word' id='word_1_827' title='bbox 2727 5600 2805 5671; x_wconf 81' lang='grc' dir='ltr'><strong>τῷ</strong></span> <span class='ocrx_word' id='word_1_828' title='bbox 2846 5600 3062 5670; x_wconf 80' lang='grc' dir='ltr'><strong>Σατανᾷ</strong></span> <span class='ocrx_word' id='word_1_829' title='bbox 3099 5598 3187 5651; x_wconf 83' lang='grc' dir='ltr'><strong>διά</strong></span> <span class='ocrx_word' id='word_1_830' title='bbox 3218 5615 3341 5650; x_wconf 82' lang='grc' dir='ltr'><strong>τινα</strong></span> <span class='ocrx_word' id='word_1_831' title='bbox 3382 5598 3591 5649; x_wconf 74' lang='grc' dir='ltr'><strong>αξτίαν.</strong></span> <span class='ocrx_word' id='word_1_832' title='bbox 3631 5598 3921 5650; x_wconf 70' lang='grc' dir='ltr'><strong>Ἐπαοιδοὶ</strong></span> <span class='ocrx_word' id='word_1_833' title='bbox 3954 5596 3991 5647; x_wconf 61' lang='lat' dir='ltr'><strong>ei</strong></span> 
     </span>
    </p>
   </div>
   <div class='ocr_carea' id='block_1_117' title="bbox 2408 5692 3989 5766">
    <p class='ocr_par' dir='ltr' id='par_1_117' title="bbox 2408 5692 3989 5766">
     <span class='ocr_line' id='line_1_117' title="bbox 2408 5692 3989 5766; baseline -0.006 -18"><span class='ocrx_word' id='word_1_834' title='bbox 2408 5697 2735 5766; x_wconf 71' lang='grc' dir='ltr'><strong>γοητευταὶ,</strong></span> <span class='ocrx_word' id='word_1_835' title='bbox 2768 5697 2816 5748; x_wconf 80' lang='grc' dir='ltr'><strong>οἱ</strong></span> <span class='ocrx_word' id='word_1_836' title='bbox 2845 5696 2942 5755; x_wconf 72' lang='grc' dir='ltr'><strong>τὰς</strong></span> <span class='ocrx_word' id='word_1_837' title='bbox 2976 5693 3186 5761; x_wconf 69' lang='grc' dir='ltr'><strong>ἐπῳδὰς</strong></span> <span class='ocrx_word' id='word_1_838' title='bbox 3221 5693 3507 5758; x_wconf 81' lang='grc' dir='ltr'><strong>λέγοντες,</strong></span> <span class='ocrx_word' id='word_1_839' title='bbox 3545 5694 3645 5745; x_wconf 76' lang='grc' dir='ltr'><strong>καὶ</strong></span> <span class='ocrx_word' id='word_1_840' title='bbox 3677 5694 3772 5745; x_wconf 71' lang='grc' dir='ltr'><strong>διὰ</strong></span> <span class='ocrx_word' id='word_1_841' title='bbox 3804 5692 3989 5743; x_wconf 53' lang='grc' dir='ltr'><strong>τούτων</strong></span> 
     </span>
    </p>
   </div>
   <div class='ocr_carea' id='block_1_118' title="bbox 2409 5786 3988 5868">
    <p class='ocr_par' dir='ltr' id='par_1_118' title="bbox 2409 5786 3988 5868">
     <span class='ocr_line' id='line_1_118' title="bbox 2409 5786 3988 5868; baseline -0.007 -26"><span class='ocrx_word' id='word_1_842' title='bbox 2409 5790 2726 5857; x_wconf 49' lang='grc' dir='ltr'><strong>ἐθρέλκοντες</strong></span> <span class='ocrx_word' id='word_1_843' title='bbox 2775 5788 2898 5847; x_wconf 70' lang='grc' dir='ltr'><strong>τοὺς</strong></span> <span class='ocrx_word' id='word_1_844' title='bbox 2944 5788 3207 5855; x_wconf 78' lang='grc' dir='ltr'><strong>δαίμονας</strong></span> <span class='ocrx_word' id='word_1_845' title='bbox 3252 5789 3341 5868; x_wconf 62' lang='grc' dir='ltr'><strong>εἰςδ</strong></span> <span class='ocrx_word' id='word_1_846' title='bbox 3371 5786 3443 5837; x_wconf 75' lang='grc' dir='ltr'><strong>τά</strong></span> <span class='ocrx_word' id='word_1_847' title='bbox 3482 5786 3671 5839; x_wconf 84' lang='grc' dir='ltr'><strong>οἰκεῖα</strong></span> <span class='ocrx_word' id='word_1_848' title='bbox 3718 5786 3988 5852; x_wconf 56' lang='grc' dir='ltr'><strong>θελήξηυ</strong></span> 
     </span>
    </p>
   </div>
  </div>
