4178 6420
694 403 825 469 5391.

1970 408 2240 469 THEOD.
2290 408 2694 469 BALSAMON

3838 399 3951 463 139!

676 522 817 590 quid
842 519 1123 574 harmonia
1191 534 1313 589 qua:
1345 534 1606 575 sonorum
1647 520 2038 591 appellationes
2066 562 2082 586 ,
2124 519 2252 590 quid

2361 522 2477 594 βίον
2509 521 2657 593 αὐτῷ
2690 517 3078 589 λυμανοῦνται.
3114 516 3173 568 Ei
3209 516 3263 568 δὲ
3296 514 3468 566 ταῦτα
3506 510 3669 574 εἰδὼς
3690 550 3707 573 ,
3746 510 3844 562 καὶ
3878 513 3953 580 dp-

684 622 829 675 nete,
864 615 1084 683 hypate,
1118 612 1523 683 parhypateque
1552 613 1858 683 signiﬁcent
1886 634 1901 669 ;
1956 614 2157 667 nullam
2183 614 2259 667 id-

683 705 835 758 eirco
861 719 925 757 ex
958 718 1019 757 ea
1047 719 1102 757 re
1139 702 1259 757 fidei
1296 715 1388 759 aut
1430 704 1716 775 probitatis
1746 705 2013 775 jacturam
2038 707 2254 760 sentiet.

683 794 881 847 Verum
918 795 962 848 si
993 794 1092 848 hac
1117 798 1422 863 cognitione
1444 797 1705 860 imbutus,
1742 797 2102 851 instrumenta
2122 811 2258 866 quo-

680 899 785 952 que
824 888 1049 937 musica:
1076 886 1209 937 artis
1237 885 1515 947 adbibeth
1579 888 2054 954 cantiunculisqne
2101 886 2259 940 lasci-

681 978 835 1030 viens
862 977 1164 1030 oblectetur
1188 994 1201 1030 :
1229 976 1281 1030 id
1318 980 1533 1033 demum
1560 996 1588 1034 a
1614 997 1859 1050 personae
1884 980 1994 1036 Deo
2029 988 2257 1036 sacrata:

680 1069 946 1135 gravitate
972 1069 1207 1123 alienum
1243 1069 1511 1125 fuerit.ln
1561 1075 1856 1143 geometria
1908 1090 2149 1145 quoque,
2208 1074 2254 1128 si

680 1159 803 1223 quis
834 1159 1024 1215 eodem
1056 1160 1239 1227 modo,
1280 1162 1404 1231 quid
1436 1173 1707 1233 punctum
1742 1165 1815 1220 sit
1844 1206 1858 1230 ,
1903 1165 2033 1234 quid
2069 1166 2208 1219 linea
2237 1204 2251 1227 ,

678 1251 807 1315 quid
842 1253 1178 1321 superﬁcies,
1210 1255 1408 1323 quidve
1431 1256 1558 1309 item
1584 1256 1788 1328 ﬁgura;
1817 1269 1930 1312 tum
1963 1257 2252 1321 linearum,

682 1358 805 1404 utne
832 1354 998 1409 recta,
1035 1361 1155 1415 quae
1184 1361 1350 1400 curva
1377 1387 1391 1411 ,
1420 1362 1539 1416 quas
1568 1350 1789 1403 sinu0sa
1811 1389 1829 1415 ,
1855 1365 1976 1419 quae
2000 1349 2251 1418 obliqua,

678 1451 800 1501 quae
836 1438 1100 1502 rotunda;
1133 1439 1457 1507 angulorum
1494 1451 1752 1509 prazterea
1795 1441 2021 1511 quinam
2053 1443 2254 1497 rectili-

680 1530 789 1592 nei,
820 1529 914 1598 qui
947 1544 1108 1585 secus
1128 1546 1143 1593 ;
1164 1531 1378 1583 initium
1403 1545 1620 1601 quoque
1647 1531 1832 1604 ﬁgurae
1864 1533 2039 1603 plana:
2068 1534 2254 1603 cujus-

680 1635 786 1686 que
801 1635 925 1675 esse
958 1621 1278 1687 trilaterum,
1304 1637 1549 1693 quasque
1584 1622 1637 1677 in
1663 1623 1874 1694 species
1899 1624 1950 1679 id
1979 1625 2252 1680 tribuatur

677 1713 1051 1780 tributumque
1078 1712 1272 1764 iterum
1306 1714 1603 1778 dividatur,
1628 1728 1691 1768 ac
1719 1715 1986 1769 circulum
2022 1715 2249 1787 ﬁguram

676 1818 798 1856 esse
852 1802 1109 1871 planam,
1162 1817 1391 1870 qumque
1448 1822 1569 1857 eum
1630 1806 2095 1861 absolvatliueatn
2125 1823 2250 1862 esse

2370 616 2518 685 γάνῳ
2547 616 2810 685 κέχρηται
2840 608 3111 681 μουσικῷ,
3136 606 3413 662 καὶτοῦτο
3440 603 3954 676 μεταχειριζόμενος

2365 709 2589 782 ᾄσματα
2620 707 2758 779 ᾄδει,
2790 705 2886 757 καὶ
2914 703 3094 775 χαίρει
3123 699 3334 761 τούτοις
3366 701 3655 769 ἡδόμενος,
3691 697 3861 748 τοῦτο
3890 697 3954 747 ἱε-

2367 801 2630 871 ρωμένων
2654 798 2895 866 ἀνάξιον.
2926 798 3037 851 Καὶ
3062 795 3157 848 ἐπὶ
3180 796 3277 864 τῆς
3304 793 3656 862 γεωμετρίας
3682 791 3743 843 εἴ
3765 810 3849 853 τις
3874 787 3955 843 αὖ·

2365 895 2451 957 θις
2478 893 2736 962 γινώσκοι
2764 892 2816 944 τί
2850 890 2951 960 μὲν
2981 888 3205 961 σημεῖόν
3233 890 3373 952 ἐστι,
3401 886 3453 940 τί
3482 885 3538 938 δὲ
3568 884 3845 955 γραμμὴ,
3876 900 3955 946 και

2363 987 2415 1039 τί
2447 985 2739 1055 ἐπιφάνεια
2761 1022 2776 1045 ,
2812 984 2905 1035 καὶ
2941 981 3129 1050 σχῆμα
3161 979 3218 1032 δὲ
3250 979 3304 1031 τί
3326 1019 3337 1040 ,
3378 978 3473 1031 καὶ
3505 977 3593 1039 τίς
3629 975 3749 1027 τῶν
3786 992 3951 1044 791;;-

2367 1077 2482 1148 μῶν
2521 1076 2723 1139 εὐθεῖα,
2765 1076 2896 1128 ποία
2940 1074 2997 1127 δὲ
3044 1072 3334 1142 καμπύλη,
3374 1070 3468 1123 καὶ
3510 1068 3596 1131 τίς
3641 1067 3956 1134 uacuae;

2363 1164 2444 1228 τίς
2493 1164 2551 1217 δὲ
2594 1163 2805 1229 σκολιὰ,
2849 1154 2942 1216 καὶ
2985 1164 3119 1216 ποία
3160 1160 3485 1231 περιφερὴς,
3527 1159 3628 1212 καὶ
3670 1159 3826 1219 τίνες
3869 1158 3960 1209 τῶν

2363 1258 2574 1325 γωνιῶν
2600 1255 3008 1325 εὐθύγραμμοι,
3040 1253 3186 1314 τίνες
3217 1252 3271 1305 δὲ
3303 1253 3363 1303 οὐ
3392 1250 3673 1313 τοιαῦται,
3704 1252 3795 1302 ὅτι
3826 1251 3958 1317 ἀρχὴ

2361 1348 2469 1400 τῶν
2499 1345 2773 1399 ἐπιπέδων
2802 1344 3098 1414 σχημάτων
3124 1342 3185 1394 τὸ
3211 1342 3559 1411 τρίπλευρον,
3590 1342 3692 1392 καὶ
3720 1340 3807 1401 εἰς
3836 1341 3963 1389 πόσα

2361 1437 2520 1492 τοῦτο
2553 1436 2843 1508 διῄρηται,
2882 1435 2979 1488 καὶ
3016 1432 3376 1503 ὑποδιῄρηται
3399 1471 3413 1493 ,
3453 1430 3545 1484 καὶ
3581 1432 3668 1481 ὅτι
3702 1430 3739 1481 ὁ
3774 1428 3963 1489 κύκλος

2363 1530 2548 1600 σχῆμα
2582 1528 2874 1591 ζεπίειιεδον,
2910 1526 3006 1579 καὶ
3038 1525 3073 1595 ἡ
3105 1523 3295 1577 τοῦτον
3342 1520 3698 1577 ἀποτελοῦσα
3736 1521 3963 1589 γραμμὴ

2361 1621 2718 1694 περιφέρεια,
2745 1620 2838 1674 καὶ
2861 1618 2915 1672 τί
2943 1618 3040 1690 μὲν
3066 1617 3313 1687 κέντρον,
3339 1616 3395 1669 τί
3419 1616 3475 1667 δὲ
3509 1614 3851 1684 διάμετρος,
3878 1613 3961 1665 καὶ

2350 1714 2441 1777 τίς
2472 1714 2500 1765 ό
2524 1711 2619 1765 τοῦ
2649 1712 2851 1765 κύκλου
2881 1708 3086 1780 τομεύς
3105 1724 3119 1738 ο
3152 1708 3180 1759 ὁ
3208 1707 3442 1779 γνώμων
3468 1708 3525 1760 δὲ
3548 1706 3663 1768 τίς,
3694 1708 3799 1758 καὶ
3826 1708 3963 1769 ὅπως

2358 1805 2386 1857 ὁ
2422 1803 2616 1866 κύκλος
2653 1803 2948 1872 σχημάτων
2982 1800 3132 1853 ἐστὶν
3168 1801 3425 1853 ἁπάντων
3462 1799 3609 1871 ἁρχὴ
3634 1841 3648 1864 ,
3688 1800 3791 1851 καὶ
3832 1819 3957 1852 πανι-

676 1892 1199 1957 circumt‘erentiain,
1224 1893 1352 1962 quid
1387 1908 1550 1963 porro
1578 1906 1825 1950 centrum
1848 1935 1865 1960 ,
1897 1896 2027 1966 quid
2045 1896 2252 1952 diame-

2358 1897 2579 1969 ταίτιος,
2625 1896 2719 1947 καὶ
2758 1893 2950 1955 τᾶλλα,
2993 1893 3084 1944 ἵνα
3130 1892 3207 1960 μὴ
3250 1893 3483 1944 ἕκαστον
3523 1892 3986 1960 καταλέγωμεν-·

678 1999 781 2046 ter.
811 1986 945 2055 quid
971 1994 1150 2040 sector
1172 1986 1388 2051 circuli,
1421 1988 1551 2056 quid
1576 1988 1861 2054 gnomonis
1911 1988 2129 2044 nomine
2168 1989 2249 2043 in-

676 2077 1059 2145 telligendum;
1117 2087 1392 2147 postremo
1438 2080 1704 2132 circulum
1768 2096 1888 2136 esse
1950 2081 2248 2151 ﬁgurarum

677 2171 920 2221 omnium
946 2169 1158 2221 initium
1188 2208 1203 2232 ,
1237 2178 1290 2222 et
1321 2183 1542 2223 causam
1571 2210 1586 2235 ,
1621 2171 1727 2224 alia
1770 2171 2003 2241 denique
2029 2214 2044 2237 ,
2080 2190 2146 2229 ne
2195 2174 2247 2227 in

675 2261 904 2327 singulis
928 2259 1312 2328 percenseudis
1343 2261 1548 2315 diutius
1581 2261 1933 2317 iuunnremur
1956 2304 1973 2329 ,
2021 2266 2093 2319 sit
2121 2266 2249 2320 edo-

674 2364 817 2406 ctus.
846 2352 983 2406 Tum
1016 2353 1070 2405 in
1104 2352 1439 2406 astronomia
1461 2393 1475 2417 ,
1531 2352 1575 2407 si
1614 2356 1743 2422 quid
1810 2356 2019 2422 sphaera
2043 2397 2058 2422 ,
2119 2356 2247 2426 quid

674 2456 919 2501 centrum
951 2445 1091 2513 ejus.
1130 2460 1193 2497 ac
1221 2460 1341 2499 esse
1367 2455 1611 2499 centrum
1645 2448 1809 2501 veluti
1857 2456 2055 2503 terram
2106 2451 2248 2504 eaalo

674 2546 1084 2606 comparatam;
1119 2537 1160 2590 si
1190 2534 1317 2603 quid
1351 2535 1637 2600 diameter,
1666 2546 1718 2589 et
1750 2540 1972 2607 quando
2022 2541 2141 2594 axis
2166 2541 2247 2593 di-

673 2639 863 2691 catur;
906 2629 947 2682 si
974 2642 1077 2697 qua
1109 2628 1318 2681 ratione
1346 2628 1395 2679 in
1419 2628 1629 2695 spluera
1657 2630 1912 2683 zodiacus
1946 2630 2147 2697 jaceat,
2175 2632 2245 2684 illi

674 2721 1091 2784 eouceutricus;
1124 2719 1169 2773 si
1202 2718 1344 2773 unde
1376 2720 1713 2787 planetarum
1777 2732 1982 2786 motus,
2008 2731 2067 2775 ut
2098 2725 2247 2776 vide-

675 2825 765 2866 tur
803 2812 1080 2879 inaequalis
1111 2818 1168 2865 et
1191 2811 1527 2879 reciprocus,
1558 2820 1863 2880 caeteraque
1922 2812 2006 2866 liis
2058 2827 2247 2865 conse-

673 2906 897 2975 quentia
931 2902 1075 2956 haud
1109 2903 1317 2972 ignoret
1354 2916 1365 2952 :
1402 2902 1569 2957 nihilo
1600 2915 1854 2972 praeterea
1910 2906 2092 2959 minus
2118 2919 2249 2960 con-

673 3006 881 3049 stanter
903 3008 1031 3062 erga
1059 2993 1179 3045 ﬁdci
1211 2994 1467 3062 mysteria
1512 2992 1785 3047 hominem
1832 2992 2083 3049 aﬁ'ectuui
2125 3012 2248 3051 esse

672 3087 974 3153 putandum
1006 3092 1107 3139 est.
1136 3082 1191 3137 Si
1228 3085 1352 3153 quis
1380 3099 1505 3137 vero
1536 3086 1648 3137 luce
1684 3084 1756 3138 ita
1786 3086 1996 3145 didicit.
2025 3096 2082 3139 ut
2108 3089 2161 3140 in
2182 3104 2246 3143 eo

676 3178 980 3246 disciplinae
1012 3192 1208 3243 genere
1234 3176 1396 3229 nimis
1423 3178 1639 3230 curiose
1661 3177 1734 3231 sit
1763 3187 2032 3241 versatus,
2068 3194 2132 3233 ac
2176 3182 2247 3235 si—

2360 1991 2467 2041 Καὶ
2498 1990 2589 2040 ἐπὶ
2627 1991 2725 2057 τῆς
2769 1985 3128 2057 ἀστρονομίας
3170 1984 3343 2049 εἴτις
3386 1985 3550 2053 εἰδείη
3594 1985 3649 2033 τί
3705 1987 3812 2053 μέν
3859 1989 3962 2035 ἐστι

2359 2080 2586 2147 σφαῖρα,
2613 2076 2664 2128 τί
2693 2077 2750 2128 δὲ
2778 2076 3002 2145 κέντρον
3026 2074 3221 2144 αὐτῆς,
3248 2074 3338 2126 καὶ
3367 2077 3450 2126 ὅτι
3480 2075 3749 2143 κέντρον,
3781 2093 3959 2144 ωσπῖρ

2356 2170 2390 2238 ἠ
2433 2170 2501 2237 γῆ
2546 2168 2683 2238 πρὸς
2718 2168 2807 2220 τὸν
2848 2167 3112 2236 οὐρανὸν,
3155 2167 3250 2219 καὶ
3288 2167 3370 2229 τίς
3408 2170 3438 2234 ἡ
3482 2167 3792 2233 διάμετρος
3817 2208 3828 2225 ,
3874 2165 3960 2217 καὶ

2356 2262 2488 2313 πότε
2514 2258 2659 2324 ἄξων
2683 2259 2901 2326 λέγεται
2928 2257 3093 2327 αὕτη,
3119 2259 3213 2310 καὶ
3236 2258 3383 2319 ὅπως
3410 2258 3545 2326 πρὸς
3574 2259 3680 2327 τὴν
3715 2262 3954 2323 σφαῖςαν

2354 2356 2382 2406 ὁ
2422 2352 2683 2417 ζωδιακὸς
2732 2353 2905 2403 κεῖται
2949 2350 3177 2413 κύκλος,
3222 2350 3552 2419 ὁμόκεντρος
3588 2351 3814 2419 ταύτης

2357 2446 2452 2497 καὶ
2482 2444 2603 2497 ὅθεν
2632 2444 2665 2511 ἡ
2692 2441 2925 2494 δοκοῦσα
2950 2442 3061 2493 τῶν
3092 2442 3381 2510 πλανήτων
3408 2439 3711 2509 ἀνώμαλος
3750 2446 3957 2508 γίνεται

2356 2538 2451 2588 καὶ
2498 2534 2904 2602 παλινόρμητος
2949 2533 3185 2602 κίνησις,
3230 2533 3325 2585 καὶ¹
3365 2532 3556 2595 τᾶλλα,
3598 2534 3706 2585 ὅσα
3747 2535 3957 2594 τούτοις

2354 2627 2702 2697 παρέπεται,
2732 2626 2884 2678 οὐδὲν
2917 2626 2985 2678 ἂν
3016 2628 3095 2687 είς
3124 2627 3184 2677 τὸ
3218 2626 3314 2692 τῆς
3352 2626 3594 2687 πίστεως
3628 2626 3957 2695 λυμαιιίῖται

2360 2717 2683 2787 μυστήριον.
2718 2717 2777 2769 Εἰ
2809 2716 2865 2768 δέ
2895 2733 2977 2778 τις
3004 2716 3182 2768 ταῦτα
3214 2716 3368 2778 εἰδὼς
3398 2717 3848 2787 περιεργότερον
3875 2718 3959 2768 κέ-

2356 2822 2557 2875 χρηται
2592 2804 2669 2874 τῷ
2706 2805 3017 2875 μαθήματι,
3052 2806 3148 2858 καὶ
3182 2809 3301 2868 ταῖς
3333 2805 3443 2858 τῶν
3476 2806 3765 2875 οὐρανίων
3804 2810 3956 2874 κινή-

2356 2914 2475 2949 σδσι
2507 2897 3020 2968 συμπεριφέρεσθαι
3053 2898 3327 2951 πιστεύων
3357 2901 3423 2950 τά
3455 2900 3740 2968 ἡμέτερα,
3777 2900 3957 2968 ἵστησί

2354 3006 2412 3041 τε
2449 2990 2517 3041 τά
2557 2992 2777 3060 κέντρα,
2813 2991 2907 3041 καὶ
2941 2991 3039 3050 τάς
3081 2989 3359 3059 άναςροράς
3391 3006 3451 3040 τε
3493 2988 3593 3041 καὶ
3631 2990 3957 3048 άνακλίςει;

2355 3081 2449 3134 τοῦ
2496 3081 2775 3153 ζωοφόρου
2823 3080 3023 3134 κύκλου
3075 3081 3505 3150 καταμανθάνοι,
3552 3083 3957 3142 οἰκοδεσπότη

2352 3190 2413 3225 τε
2443 3175 2537 3226 καὶ
2568 3175 2765 3236 τόπους
2793 3174 3110 3243 σχημάτων,
3139 3191 3231 3225 και
3260 3175 3381 3240 ὅρια
3414 3174 3515 3225 ὅσα
3545 3175 3767 3225 τούτων
3802 3176 3957 3240 ἀμεί-

677 3271 787 3322 mul
824 3284 947 3322 eum
985 3266 1107 3319 caeli
1143 3266 1375 3317 motibus
1419 3274 1602 3317 nostra
1645 3280 1861 3335 quoque
1907 3266 2245 3321 circumferri

2358 3283 2426 3319 νω
2446 3306 2460 3329 ,
2494 3270 2588 3319 καὶ
2619 3268 2720 3319 ὅσα
2754 3267 2973 3335 χείρονα
2998 3306 3013 3330 ,
3046 3268 3135 3317 καί
3168 3282 3289 3318 τινα
3318 3265 3425 3316 τῶν
3458 3267 3749 3334 ἐσομένων
3784 3268 3956 3318 οἴεται

673 3357 1015 3416 existimans,
1052 3368 1162 3406 tum
1188 3363 1370 3406 centra
1408 3352 1657 3418 collocat,
1690 3361 1802 3405 tum
1827 3354 2070 3424 signiferi
2096 3357 2246 3411 orbis

674 3463 956 3511 ascensus,
985 3461 1049 3499 ac
1076 3446 1423 3513 delapsiom-s
1456 3452 1625 3506 notat,
1658 3444 2031 3515 domiciliique
2059 3449 2248 3516 praesi-

673 3543 790 3604 des,
814 3550 867 3592 et
898 3538 1191 3607 ﬁgurarum
1218 3537 1357 3597 loca,
1398 3544 1449 3586 ct
1479 3534 1762 3588 stellarum
1813 3539 2074 3592 terminos
2118 3552 2249 3592 con-

674 3630 837 3692 tituit,
868 3643 1096 3696 quaeque
1122 3644 1185 3680 ex
1222 3629 1304 3680 bis
1326 3626 1477 3687 boni,
1503 3640 1689 3692 qttzeve
1712 3628 1831 3679 mali
1857 3629 2056 3683 ominis
2110 3629 2241 3694 sint,

2358 3359 2762 3429 προγινώσκειν
2792 3360 2855 3410 ἐκ
2882 3357 3086 3410 τούτων
3116 3358 3208 3409 καὶ
3240 3356 3762 3426 προμαντεύεσθαι,
3796 3358 3872 3419 ὠς
3902 3359 3957 3420 ἐξ

2356 3449 2602 3519 ἀνάγκης
2634 3449 3073 3519 συμϐησομένων
3098 3450 3186 3501 διὰ
3216 3449 3311 3517 την
3340 3449 3553 3501 τοιάνδε
3584 3450 3821 3517 κίνησιν
3848 3449 3955 3500 τῶν

2356 3541 2594 3610 ἄστρων,
2624 3540 2783 3593 τοῦτό
2813 3545 2961 3592 ἐστιν
2988 3540 3375 3609 ἀποτρόπαιον,
3403 3541 3501 3592 καὶ
3526 3541 3699 3593 τοῦτο
3726 3545 3799 3611 τῇ
3831 3558 3957 3593 συν,

2354 3632 2459 3700 όδῳ
2488 3630 2669 3693 καλῶς
2702 3631 3101 3700 ἀπηγόρευται.

676 3738 859 3787 nosse,
918 3734 1083 3788 seque
1115 3735 1208 3787 per
1257 3735 1321 3774 ea
1356 3734 1476 3787 quze
1525 3723 1716 3778 didicit
1750 3730 1979 3774 eventus
2011 3721 2247 3790 aliquos.
2284 3730 2543 3792 tauquam
2567 3738 2632 3777 ex
2656 3723 2748 3776 illo
2776 3732 3051 3777 astrorum
3120 3730 3273 3775 motu
3339 3725 3659 3775 necessario
3730 3726 3956 3778 futuros

676 3813 996 3887 praesentire
1021 3827 1084 3865 ac
1137 3812 1381 3867 divinare
1438 3831 1598 3883 posse
1649 3814 1945 3869 arbitretur
1979 3830 1991 3865 :
2024 3813 2077 3867 id
2136 3828 2287 3871 vero.
2323 3814 2717 3870 exsecrandum
2744 3815 2929 3870 scelus
2952 3823 3057 3877 est,
3089 3827 3152 3867 ac
3187 3828 3217 3866 a
3252 3815 3485 3884 synodo,
3510 3831 3581 3868 ne
3608 3818 3746 3885 quis
3809 3820 3952 3887 ejus-

676 3907 822 3960 modi
856 3906 1051 3983 studiis
1081 3917 1253 3971 vacet,
1276 3907 1401 3974 jure
1426 3920 1630 3976 optimo
1656 3908 2045 3963 constitutum.

673 4023 833 4092 [4.71
874 4020 1100 4073 AlilST.
1149 4038 1166 4069 ι
1206 4018 1311 4084 Qui
1355 4022 1726 4075 sacerdotium
1782 4024 2088 4091 proﬁtetur,
2140 4041 2248 4077 non

760 4135 776 4163 ι
814 4117 918 4167 erit
966 4129 1176 4182 magus,
1212 4114 1293 4167 vel
1329 4114 1660 4180 incantatur,
1697 4116 1777 4169 vel
1809 4118 2249 4180 mathematicus,

751 4230 767 4255 ι
810 4210 887 4258 ν‹·1
935 4208 1267 4274 astroIOgus,
1316 4208 1395 4259 vel
1443 4222 1507 4259 ex
1560 4208 1625 4262 iis
1665 4209 1757 4277 qui
1815 4211 2051 4263 amuleta
2093 4212 2252 4264 collis

754 4318 769 4345 ι
808 4302 1146 4365 appendunt.
1188 4316 1205 4347 ι
1291 4312 1296 4316 ‘

752 4412 811 4463 Si
874 4414 1020 4465 enim
1081 4414 1517 4478 deprehendatur
1570 4416 1838 4482 quispiam
1899 4417 2094 4468 tualatu
2151 4418 2251 4468 liti-

673 4503 912 4570 jusrnodi
950 4514 1122 4556 autem
1157 4508 1489 4570 consectari,
1530 4506 1773 4559 Ecclesia
1810 4509 2051 4576 eiicitur.

1182 4721 1413 4775 CANON
1462 4722 1502 4773 X
1518 4722 1704 4775 XXVII

677 4854 694 4884 ι
736 4833 887 4897 Qund
932 4852 1037 4885 non
1091 4844 1329 4902 oportet,
1363 4853 1482 4903 quae
1534 4854 1560 4887 τι
1600 4836 1801 4891 Eudaeis
1853 4838 1931 4890 rei
1968 4839 2241 4891 haereticis

746 4944 763 4975 σ
802 4928 1094 4979 mittuntur
1126 4927 1315 4979 festiva
1350 4931 1618 4998 accipere,
1660 4947 1841 4998 neque
1873 4947 1975 4982 una
2008 4947 2133 4984 eum
2166 4930 2246 4983 eis
2274 4905 2325 4965 Β

748 5035 765 5066 ι
797 5016 999 5070 festum
1028 5033 1209 5085 agere.
1248 5038 1265 5067 ι

1163 5108 1389 5206 eANqN
1446 5111 1734 5165 xxxvuL
2050 5182 2057 5187 _

757 5221 773 5251 ι
809 5199 964 5265 Quod
1009 5217 1119 5255 nou
1167 5199 1387 5272 oportet
1430 5220 1457 5257 a
1489 5204 1695 5258 Judaeis
1736 5220 1923 5274 azyma
1969 5207 2240 5275 accipere,

758 5322 763 5352 ι
815 5316 830 5345 ι
871 5297 954 5349 vel
985 5310 1177 5349 eorum
1204 5296 1573 5365 inipietatibus
1603 5300 2033 5353 communicare.

1199 5387 1427 5442 CANON
1470 5388 1716 5443 XXXIX.

678 5496 694 5528 ι
731 5475 887 5541 Quod
914 5491 1023 5530 non
1051 5488 1269 5548 oportet
1303 5494 1425 5533 cum
1457 5481 1711 5547 gentibus
1742 5481 1941 5535 festum
1980 5495 2162 5550 agere,
2183 5488 2238 5533 et

920 5590 937 5621 ‹
979 5586 1163 5624 eorum
1204 5571 1473 5640 impietati
1513 5573 1941 5627 communicare.
1976 5591 1993 5623 ι

748 5661 938 5717 BALS.
980 5661 1124 5732 Lege
1169 5674 1485 5718 sanctorum
1546 5665 1917 5735 apostolorum
1969 5679 2232 5719 cauonem

669 5756 732 5809 ΤΟ
779 5764 832 5808 et
884 5755 989 5817 7|,
1037 5764 1094 5809 et
1123 5755 1573 5826 Cartliagino-nsis
1623 5760 1813 5827 synodi
1852 5773 2111 5810 cauouem
2140 5758 2228 5811 ϐυ.

738 5846 990 5901 ZONAR.
1035 5845 1111 5901 Ne
1160 5847 1331 5902 festos
1375 5848 1492 5903 dies
1535 5868 1653 5903 cum
1689 5848 1892 5904 iudicis
1930 5849 2227 5910 celebrare,

2352 4022 2572 4075 ΑΡΙΣΤ.
2609 4040 2626 4072 ι
2660 4021 2775 4074 Οὐκ
2801 4021 2954 4075 ἔσται
2989 4022 3184 4091 μάγος,
3216 4023 3248 4091 ἦ
3286 4022 3566 4085 ἐπαοιὸὸς,
3603 4023 3636 4092 ἧ
3667 4028 3947 4096 μαθημαο

2430 4133 2446 4163 ‹
2480 4114 2630 4175 τικὸς
2654 4154 2669 4177 ,
2704 4112 2737 4182 ἣ
2766 4114 3113 4183 ἀστρολόγος,
3142 4114 3175 4183 ἢ
3212 4115 3521 4183 περιάπτης
3551 4154 3566 4178 ,
3600 4118 3629 4168 ὀ
3661 4118 3954 4188 ἱερατείαν

2430 4226 2447 4255 ‹
2485 4204 2976 4274 ἐπαγγειλάμενος.

2428 4410 2488 4461 Εἰ
2520 4413 2626 4478 γὰρ
2656 4411 2853 4479 εὑρεθῇ
2886 4428 2967 4472 τις
3008 4411 3119 4462 τῶν
3167 4412 3482 4481 ἱερωμένων
3513 4413 3801 4483 τοιαύτην
3828 4418 3953 4467 τινά

2355 4504 2711 4571 κακοτεχνίαν
2754 4503 3154 4571 μετερχόμενος
3175 4545 3190 4568 ,
3222 4504 3322 4571 τῆς
3368 4505 3719 4574 Ἐκκλησίας
3751 4508 3953 4561 ἐκϐάλ-

2354 4594 2526 4648 λεται.

2926 4733 3164 4785 ΚΛΝΩΝ
3194 4731 3315 4787 ΛΖ’.

2358 4866 2374 4896 ι
2408 4847 2532 4895 Ὅτι
2564 4847 2622 4895 οὐ
2650 4844 2730 4894 δεῖ
2758 4843 2908 4912 παρὰ
2955 4842 3063 4896 τῶν
3094 4843 3368 4897 Ἰουδαίων
3418 4845 3449 4915 ἦ
3504 4847 3827 4916 αἱρετικῶν
3882 4851 3947 4901 τὲ,

2428 4956 2445 4986 ι
2488 4935 2819 5002 πεμπόμενα.
2864 4935 3189 5003 ἐορταστικέι
3235 4936 3582 5005 λαμϐάνειν,
3643 4941 3789 5010 μηδὲ
3825 4960 3949 4993 ου’.-

2423 5046 2439 5076 ‹
2482 5026 2766 5095 εορτάζειν
2793 5025 3003 5086 αὐτοῖς.
3047 5044 3065 5075 ι

2923 5118 3165 5170 ΚΛΝΩΝ
3196 5119 3330 5172 Aﬂ'.

2348 5227 2365 5257 ι
2404 5209 2529 5260 Ὅτι
2559 5211 2619 5260 οὐ
2649 5210 2727 5259 δεῖ
2759 5210 2908 5282 παρὰ
2932 5210 3042 5262 τῶν
3059 5210 3328 5263 Ἰουδαίων
3360 5211 3556 5281 ἄζυμα
3591 5214 3934 5284 λαμὲάνειν,

2568 5315 2586 5347 ι
2624 5297 2655 5366 ἦ
2690 5301 2967 5351 κοινωνεῖν
2993 5301 3115 5361 ταῖς
3143 5300 3421 5365 ἀσεϐείαις
3447 5304 3663 5359 αὐτῶν.
3698 5328 3719 5359 ι

2916 5391 3154 5443 ΚΑΝΩΝ
3184 5393 3309 5445 AB’.

2351 5499 2369 5532 ι
2406 5481 2530 5533 Ὀτι
2559 5481 2620 5532 uti
2664 5481 2746 5533 δεῖ
2786 5483 2898 5545 τοῖς
2930 5483 3109 5535 ἔθνεσι
3151 5486 3570 5554 συνεορτάζειν,
3615 5494 3717 5544 καὶ
3748 5512 3943 5547 xcura-

2720 5591 2737 5621 ι
2772 5575 2882 5624 νεῖν
2914 5574 2979 5642 τῇ
3008 5574 3257 5641 ἀθεότητι
3284 5577 3491 5628 αὐτῶν.
3534 5596 3553 5628 ι

2414 5662 2618 5717 ΒΑΛΣ.
2662 5662 2999 5730 ’Λνάγνωσον
3047 5665 3156 5717 τῶν
3220 5669 3393 5732 ἁγίων
3448 5672 3786 5728 ἀποστόλων
3841 5696 3939 5729 az:-

2343 5756 2467 5807 νόνα
2493 5753 2532 5806 o'
2564 5758 2657 5807 καὶ
2691 5752 2790 5817 oa’,
2811 5757 2909 5807 καὶ
2939 5756 3037 5824 τῆς
3061 5757 3118 5808 ὲν
3148 5759 3489 5834 Καρθαγένῃ
3521 5768 3740 5819 κανόνα
3772 5768 3831 5833 ε.

2413 5846 2654 5900 ΖΩΝΑΡ.
2702 5850 2761 5898 't)
2798 5847 3196 5918 ἐϐδομηκοστὸς
3246 5851 3435 5905 κανὼν
3481 5858 3584 5909 καὶ
3632 5860 3657 5912 ὀ
3709 5858 3792 5914 oa'
3832 5860 3936 5913 τῶν
