4178 6420
243 420 378 486 1393

1411 423 1493 484 ΙΝ
1528 420 1691 484 CAN.
1736 419 1829 481 XI.
1874 417 2083 483 CO’NC.
2124 421 2338 486 MOD.

3335 412 3462 481 1394

239 534 419 600 ἁγίων
439 534 757 591 ἀποστόλων
795 534 996 596 κωλύει
1033 535 1242 599 πάντας
1289 535 1672 607 συνεορτάζειν
1697 534 1811 596 τοῖς

1920 553 2051 592 neve
2093 537 2254 592 xenia
2303 549 2492 593 eorum
2528 533 2887 596 celebritatis,
2932 546 3117 603 azyma
3166 530 3329 594 forte,
3373 541 3463 583 aut

254 626 551 693 Ἰουδαίοις,
584 631 618 701 ἢ
645 628 794 694 ξένια
833 630 1051 700 ἑορτῆς,
1083 629 1273 699 ἄζυμα
1302 629 1465 698 τυχὸν
1505 628 1539 698 ἢ
1567 627 1810 681 τοιοῦτόν

237 733 314 778 τι,
369 717 627 788 δέχεσθαι
677 723 806 791 παρ’
859 721 1060 780 αὐτῶν.
1113 720 1145 792 ἦ
1191 721 1372 773 ἔλαιον
1428 720 1668 784 ἀπάγειν
1724 721 1808 782 είς

242 809 416 862 ἐθνῶν
443 813 610 882 ἱερὸν,
641 813 675 884 ἢ
709 813 789 876 είς
820 814 1148 884 συναγωγὴν
1162 813 1456 877 Ἰουδαίων,
1490 813 1586 865 καὶ
1611 812 1808 882 λύχνον

242 902 472 956 ἅπτεινο
509 905 635 964 τοὺς
663 905 720 958 δὲ
749 907 991 960 τοιοῦτόν
1033 925 1088 958 τι
1122 906 1432 970 ποιοῦντας,
1467 906 1766 976 κληρικοὺς
1788 943 1805 971 ,

243 995 630 1064 καθαιρεῖσθαι
662 997 898 1061 κελεύει,
935 999 1158 1058 λαῖκοῦς
1192 998 1249 1052 δὲ
1285 997 1665 1069 ἀφορίζεσθαι.
1710 997 1810 1052 Ἐκ

241 1087 454 1142 τούτων
484 1089 577 1144 οὖν
608 1090 716 1143 τῶν
744 1092 985 1145 κανόνων
1021 1093 1115 1145 καὶ
1151 1093 1200 1146 οί
1225 1092 1327 1163 τῆς
1357 1091 1573 1146 συνόδου
1604 1090 1810 1161 ταύτης

243 1180 563 1250 ὁρμώμενοι
617 1183 744 1248 τοὺς
804 1185 1081 1255 παρόντας
1147 1185 1378 1249 κανόνας
1439 1183 1806 1252 ἐξεφώνησαν.

245 1273 407 1343 Ζήτει
433 1278 525 1326 καὶ
555 1277 654 1337 τῆς
684 1278 742 1329 ἐν
766 1278 1099 1350 Καρθαγένῃ
1132 1279 1351 1331 συνόδου
1388 1279 1586 1331 κανόνα
1612 1277 1677 1344 ξ.

246 1542 471 1597 ΑΡΙΣΤ.
505 1565 522 1596 ι
554 1546 630 1599 Οὐ
663 1548 1049 1617 συνεορτάσεις
1084 1548 1384 1618 Ἐὕραίοις,
1416 1540 1808 1618 ἢῖιίρετικοῖς.

324 1653 344 1686 ι
385 1637 519 1690 Οὐδέ
585 1636 709 1710 δέξῃ
772 1640 840 1692 τὰ
905 1639 1215 1710 καλούμενα
1275 1639 1404 1712 παρ’
1459 1641 1638 1692 αὐτῶν
1692 1639 1812 1708 ἐορο

323 1748 343 1779 ι
380 1732 634 1786 ταστικά.
672 1753 689 1784 ι

1910 630 2030 698 eius
2060 629 2282 698 generis
2319 628 2598 698 quidpiam
2622 627 2694 679 ab
2723 629 2804 681 eis
2853 624 3122 693 accipere,
3153 631 3246 675 aut
3283 621 3459 675 oleum

1911 726 1967 777 in
2000 722 2203 791 templa
2234 719 2556 783 Gentilium,
2588 715 2968 771 Judaeormnve
3013 724 3346 784 synagogam
3379 709 3457 762 in-

1911 816 2096 883 ferre,
2151 815 2480 887 :ychnumve
2544 812 2843 864 accendere
2895 810 3090 870 liceat,
3149 813 3463 860 sanctorum

1909 907 2279 977 apostolorum
2322 903 2626 959 canonibus
2656 902 2722 955 70
2763 909 2816 953 et
2843 901 2902 952 Ἠ
2953 898 3307 952 constitutum
3343 904 3465 957 est;

1910 1000 2116 1070 quique
2156 997 2358 1068 aliquid
2386 995 2654 1064 ejusmodi
2691 991 3085 1050 commiserint,
3127 987 3468 1054 depositione

1910 1093 2160 1157 clericos,
2203 1091 2371 1144 laicos
2409 1104 2537 1143 vero
2579 1086 2958 1155 segregatione
3006 1081 3224 1134 multari
3253 1079 3465 1148 iubent.

1909 1187 2006 1241 llla
2065 1186 2235 1255 igitur
2283 1180 2586 1251 apostolica
2639 1181 2857 1232 decreta
2916 1175 3292 1245 respicientes,
3348 1186 3469 1242 qua:

1911 1279 2105 1331 horum
2145 1291 2414 1330 canonum
2460 1270 2943 1344 constitutionibus
2978 1269 3326 1322 continentur
3375 1280 3468 1334 sy-

1910 1375 2041 1431 nodi
2070 1383 2323 1428 auctores
2354 1369 2788 1440 promulgavere.
2815 1365 2950 1420 Vide
2979 1366 3143 1419 etiam
3184 1362 3468 1432 Carthagi-

1912 1470 2097 1524 nensis
2120 1467 2311 1538 synodi
2338 1478 2602 1518 canonem
2630 1459 2719 1516 60.

1911 1561 2145 1618 ARIST.
2196 1579 2216 1613 ι
2253 1559 2410 1615 Festa
2464 1572 2585 1610 eum
2643 1553 2906 1615 llebmis,
2947 1563 3002 1606 et
3035 1550 3310 1606 haereticis
3362 1564 3469 1602 non

1974 1673 2004 1706 ι
2023 1652 2349 1710 celebrabis.
2381 1650 2490 1704 Nec
2524 1649 2717 1704 festiva
2747 1647 2815 1722 ab
2834 1647 2902 1702 iis
2928 1645 3071 1700 dicta
3098 1643 3418 1716 accipiesq

321 1821 565 1892 Οὐδεμία
597 1825 857 1877 κοινωνία
903 1828 1043 1894 φωτὶ
1092 1826 1227 1896 πρὸς
1269 1829 1480 1886 σκότος.
1510 1826 1609 1878 Διά
1651 1825 1808 1878 τοῦτο

1989 1837 2146 1893 Nulla
2180 1843 2278 1911 est_
2293 1830 2611 1889 communio
2644 1829 2784 1882 lucis
2808 1842 2932 1882 cum
2969 1825 3229 1880 tenebris.
3262 1821 3473 1879 Idcirco

248 1914 382 1979 γοῦν
408 1915 530 1968 οὐδὲ
565 1919 677 1977 τοῖς
699 1918 997 1987 αἱρετικοῖς
1028 1918 1060 1988 ἦ
1098 1919 1210 1979 τοῖς
1245 1917 1519 1977 Ἰουδαίοις
1547 1918 1812 1986 Χριστια-

246 2007 340 2069 νὸς
383 2010 755 2079 συνεορτάσει,
794 2009 914 2062 οὐδὲ
948 2011 1011 2062 τὰ
1040 2012 1098 2062 ἐν
1121 2013 1241 2073 ταῖς
1274 2011 1489 2078 ἑορταῖς
1517 2009 1699 2062 αὐτῶν
1723 2027 1815 2061 τε-

247 2101 509 2170 λούμενα,
537 2097 648 2156 οἷον
680 2104 865 2172 ἄζυμα
900 2105 933 2172 ἦ
967 2122 1018 2156 τι
1050 2103 1317 2170 τοιοῦτον,
1339 2103 1690 2174 ὑποδέξηται.

842 2196 1083 2248 ΚΔΝΩΝ
1129 2194 1218 2250 Μ’.

253 2305 273 2338 ι
316 2286 441 2340 Ὀτι
485 2288 548 2340 οὺ
589 2287 671 2339 δεῖ
699 2288 1035 2349 ἐπισκόπους
1079 2287 1451 2356 καλουμένους
1482 2289 1562 2352 είς
1600 2287 1820 2342 σύνοδον

325 2399 343 2429 ‹
385 2383 746 2447 καταφρονεῖν
768 2421 782 2444 ,
827 2379 943 2432 ἀλλ’
978 2381 1196 2433 ἀπιέναι
1231 2383 1324 2434 καὶ
1355 2381 1631 2435 διδάσκειν
1671 2382 1703 2452 ἢ
1735 2382 1817 2434 δι-

326 2491 346 2522 ε
382 2473 705 2535 δάσκεσθαι,
738 2476 818 2536 είς
847 2473 1189 2542 κατόρθωσιν
1217 2476 1314 2542 τῆς
1358 2475 1685 2545 Ἐκκλησίας
1721 2477 1816 2528 καὶ

325 2582 343 2611 ι
386 2564 495 2616 τῶν
523 2564 748 2619 λοιπῶν.
782 2566 843 2618 Εἰ
871 2567 928 2619 δὲ
962 2568 1434 2637 καταφρονήσειεν
1471 2570 1514 2641 .ὀ
1544 2568 1811 2632 τοιοῦτος,

325 2677 344 2706 ι
385 2658 578 2711 ἑαυτὸν
611 2661 918 2712 αἰτιάσεται
940 2675 956 2691 ⁸
991 2663 1261 2728 παρεκτὸς
1302 2662 1351 2713 εί
1386 2661 1460 2731 μὴ
1489 2661 1556 2714 δι’
1593 2663 1816 2732 ἀνωμα-

328 2771 347 2815 ε
385 2750 506 2802 λίαν
529 2751 990 2819 ἀπολιμπάνοιτο.
1033 2771 1052 2804 ›

324 2843 520 2895 ΒΑΛΣ.
577 2817 713 2910 Περί
741 2843 870 2894 Ἴτῶν
899 2844 1134 2909 ἐτησίων
1180 2844 1438 2910 συνόδων,
1471 2846 1617 2914 ὅπως
1667 2817 1827 2914 ὀφείί

247 2933 402 2986 λουσι
458 2934 730 3002 γίνεσθαι,
777 2937 1053 3004 ἀνάγνωθι
1110 2937 1218 2988 τῶν
1264 2938 1437 3003 ἁγίων
1495 2940 1815 2991 ἀποστόλων

251 3027 454 3079 κανόνα
480 3027 581 3092 λζ’,
616 3028 841 3080 συνόδου
870 3029 1108 3090 Νικαίας
1139 3029 1336 3081 κανόνα
1361 3028 1423 3091 ε’,
1457 3031 1557 3100 τῆς
1588 3033 1646 3083 ὲν
1686 3032 1809 3083 Ἀν-

249 3121 460 3190 τιοχείᾳ
486 3118 556 3184 κ’,
586 3121 683 3188 τῆς
715 3121 770 3171 ἐν
805 3120 1108 3188 Χαλκηδόνι
1140 3121 1225 3184 ιθ¹,
1252 3123 1351 3190 τῆς
1376 3124 1435 3175 ἐν
1479 3125 1811 3197 Καρθαγένῃ

256 3210 348 3275 ιζ’,
398 3219 499 3279 ογ’,
533 3212 768 3280 ος¹,ι.,ε’,
816 3215 914 3282 τῆς
961 3217 1018 3266 ἐν
1058 3215 1139 3282 τῷ
1183 3215 1442 3286 Τρούλλῳ
1488 3222 1558 3285 η’,
1607 3220 1704 3286 τῆς
1750 3219 1806 3270 ἐν
1847 3217 1889 3275 C

251 3309 560 3385 NLXC£;'T’J
601 3309 857 3378 δεύτερον
903 3307 977 3374 ς’.
1031 3310 1140 3364 Καὶ
1185 3312 1213 3362 ὀ
1257 3309 1452 3378 παρὼν
1500 3309 1556 3362 δέ
1606 3309 1827 3374 κανὼν,

253 3401 567 3453 κατακαλου
580 3401 777 3470 μένους
805 3403 886 3464 είς
919 3401 1020 3471 τὴν
1053 3402 1276 3455 σύνοδον
1309 3403 1434 3462 τοὺς
1462 3402 1817 3466 ἐπισκόπους,

251 3486 546 3558 διορίζεται
575 3490 649 3560 μὴ
678 3494 1065 3560 καταφρονεῖν,
1097 3491 1212 3544 ἀλλ’
1239 3493 1461 3545 ἀπιέναι
1495 3492 1814 3558 ἐξάπαντος,

252 3578 337 3645 ἐφ’
396 3574 440 3646 ᾧ
493 3582 621 3644 τοὺς
673 3583 773 3651 μὲν
823 3583 1168 3651 σοφωτέρους
1224 3584 1519 3643 διδάσκειν,
1579 3587 1704 3642 τοὺς
1755 3586 1816 3638 δὲ

231 3673 661 3741 ιάπλουστέρους
689 3675 986 3742 μανθάνειν
1015 3677 1082 3728 τὰ
1117 3675 1443 3743 στηρίζοντα
1462 3677 1814 3744 Ἐκκλησίαν,

249 3764 422 3833 ἦγουν
450 3766 544 3817 τδν
574 3766 704 3818 λαὸν
728 3767 822 3819 τοῦ
854 3767 1012 3828 Θεοῦ,
1036 3771 1129 3822 καὶ
1154 3770 1460 3837 μετάγοντα
1486 3770 1624 3837 πρὸς
1657 3767 1816 3833 ὀρθο-

249 3858 432 3922 δοξίαν
478 3861 607 3921 τοὺς
647 3861 905 3924 λοιποὺς,
961 3863 1130 3930 ἤγουν
1179 3863 1306 3922 τοὺς
1350 3861 1630 3922 ἀπίστους.
1677 3859 1816 3923 Τοὺς

253 3952 436 4019 μέντοι
492 3953 985 4020 καταφρονητικῶς
1035 3954 1182 4022 πατρὸς
1227 3953 1386 4005 τοῦτο
1440 3955 1816 4020 διακειμένους

250 4046 388 4113 φησὶ
418 4044 492 4114 μὴ
523 4045 837 4112 γογγύζειν,
896 4046 990 4097 ὲάν
1034 4047 1175 4097 κατά
1229 4046 1328 4114 τὴν
1369 4046 1663 4115 περίληψιν
1708 4048 1816 4101 τῶν

250 4133 452 4202 ἐτέρων
502 4135 746 4185 κανόνων
791 4134 1220 4204 ἐπιτιμηθῶσινο
1266 4135 1384 4188 ἀλλ’
1444 4138 1816 4191 αἰτιάσθωσαν

249 4223 500 4284 ἑαυτοὺς.
534 4227 616 4276 ὅτι
645 4227 1083 4295 κατεφρόνησαν.
1125 4227 1470 4295 Ἀνωμαλίαν
1594 4229 1815 4295 νοητέον

250 4316 313 4367 οὑ
352 4317 516 4382 μόνον
541 4315 640 4386 τὴν
666 4317 987 4385 σωματικὴν
1029 4317 1207 4381 νόσον,
1237 4319 1372 4371 ἀλλά
1415 4321 1508 4372 καὶ
1547 4320 1645 4386 τὴν
1678 4313 1814 4389 πρα-

251 4409 531 4477 γματικὴν
563 4407 843 4477 ἀσχολίαν.
902 4409 963 4461 Εἰ
991 4409 1101 4480 γὰρ
1154 4410 1241 4462 διά
1274 4416 1347 4462 ’τι
1392 4412 1688 4476 ἀναγκαῖον
1721 4414 1813 4465 καὶ

252 4500 474 4567 εὖλογον
517 4503 546 4553 ό
589 4500 890 4564 ἐπίσκοπος
933 4501 1260 4572 ἐμποδισθῇ,
1306 4503 1807 4571 συγγνωσθήσεται.

251 4597 359 4650 Τοῦ
383 4597 438 4649 δὲ
471 4597 696 4658 κανόνος
741 4595 1116 4665 διοριζομένου
1177 4597 1250 4666 μὴ
1290 4599 1649 4668 καταφρονεῖν
1683 4598 1807 4660 τοὺς

255 4688 765 4759 μετακαλουμένους
809 4689 1140 4752 ἐπισκόπους
1170 4690 1249 4750 είς
1275 4686 1520 4753 σύνοδον,
1571 4691 1691 4742 είπὲ
1725 4691 1819 4744 καὶ

252 4784 318 4834 σὺ
377 4781 616 4849 ὀφείλειν
671 4781 730 4845 ἐξ
786 4781 1036 4849 ἀνάγκης
1088 4780 1513 4850 μετακαλεῖσθαι
1571 4782 1816 4838 τούτους.

248 4873 437 4941 Χωρῖς
495 4871 603 4940 γὰρ
649 4872 1035 4941 μετακλήσεως
1098 4871 1193 4924 τοῦ
1261 4873 1659 4940 μητροπολίτου
1715 4878 1817 4928 οὐκ

245 4961 524 5030 ὀφείλουσι
553 4962 909 5034 συνέρχεσθαι
948 4961 1088 5015 κατὰ
1118 4963 1211 5015 τὸν
1246 4969 1294 5016 κ’
1327 4981 1454 5017 καν.
1485 4965 1585 5033 τῆς
1608 4966 1665 5017 ἐν
1703 4967 1812 5020 Ἀν-

247 5055 462 5125 τιοχείᾳ
499 5054 720 5108 συνόδου
753 5054 848 5108 καὶ
879 5055 970 5106 τὸν
1001 5054 1268 5122 παρόντα.
1295 5054 1366 5108 Τὸ
1392 5055 1448 5106 δὲ
1475 5056 1749 5109 διδάσκειν
1781 5058 1814 5128 ἢ

245 5146 597 5199 διδάσκεσθαι
632 5146 960 5217 πρόσκειται
1019 5146 1108 5198 διὰ
1152 5148 1280 5209 τοὺς
1332 5146 1588 5214 λέγοντας
1620 5149 1813 5217 ἀρκεῖν

246 5239 447 5297 αὐτοὺς
474 5240 688 5301 ἑαυτοῖς
727 5240 810 5300 είς
844 5237 1044 5300 παντὸς
1078 5238 1534 5308 ἐκκλησιαστικοῦ
1567 5238 1815 5309 ζητήμα-

245 5346 338 5391 τος
371 5329 727 5382 διευλύτωσιν
747 5348 762 5362 ε
793 5334 885 5382 καὶ
919 5329 993 5398 μὴ
1025 5329 1264 5396 ὀφείλειν
1307 5329 1700 5399 παρουσιάζειν
1732 5333 1812 5394 εἰς

245 5419 346 5490 τὴν
369 5418 604 5472 σύνοδον.
633 5419 756 5471 Κᾶν
791 5420 900 5487 γὰρ
955 5417 1287 5485 ἀμφιϐολίαν
1313 5415 1435 5468 τινὰ
1459 5419 1487 5468 ὀ
1514 5418 1812 5479 ἐπίσκοπος

244 5512 348 5562 οὐκ
382 5510 484 5580 ἔχῃ⁴
529 5513 608 5572 είς
634 5511 755 5582 ’τὴν
808 5509 928 5562 κατ’
957 5509 1120 5561 αὐτὸν
1157 5509 1509 5578 Ἐκκλησίαν,
1570 5510 1663 5560 καὶ
1695 5511 1814 5563 οὐδὲ

244 5600 598 5663 διδασκαλῖας
632 5602 843 5670 δέηται,
877 5600 992 5654 ἀλλ’
1031 5602 1179 5667 ὅμως
1208 5593 1295 5650 δίά
1325 5600 1385 5650 τὸ
1411 5600 1614 5669 ἐτέρων
1645 5599 1813 5670 ξητὴ-

251 5709 394 5761 ματα
443 5692 625 5755 λύσαι,
685 5695 780 5747 καὶ
830 5697 923 5749 ἐπὶ
984 5696 1148 5748 πλέον
1199 5697 1452 5768 στηρίξαι
1504 5699 1564 5752 τὸ
1612 5699 1809 5769 δόγμα,

245 5785 454 5853 ὀφείλει
487 5784 546 5851 ἐξ
571 5785 816 5855 ἀνάγκης
843 5788 1260 5858 παρουσιάζειν.

321 5878 563 5932 ΖΩΝΑΡ.
630 5878 692 5932 ΕΞ
745 5880 838 5931 καὶ
890 5880 985 5931 νῦν
1032 5881 1092 5931 τὸ
1138 5881 1245 5932 τῶν
1288 5881 1518 5950 ἐτησίων
1575 5885 1808 5937 συνόδων

1841 4550 1892 4610 D

1920 1948 2017 1988 nec
2047 1945 2169 1984 cum
2216 1926 2514 1987 haereticis,
2569 1938 2668 1977 nec
2698 1937 2822 1976 cum
2867 1919 3069 1973 Judaeis
3106 1916 3304 1971 festum
3333 1917 3476 1970 cele-

1918 2024 2098 2080 brabit
2122 2021 2490 2082 Christianus,
2523 2031 2625 2070 nec
2657 2029 2778 2083 qua:
2807 2013 2858 2066 iu
2897 2010 3054 2064 festis
3088 2024 3278 2062 eorum
3316 2022 3473 2062 aera-

1917 2125 2140 2189 guntur,
2171 2123 2230 2170 ut
2261 2127 2472 2183 azyma,
2517 2118 2610 2164 aut
2642 2108 2845 2177 aliquid
2874 2106 2982 2160 tale
3013 2103 3261 2172 accipiet.

2501 2200 2731 2257 CANON
2773 2199 2886 2256 XL.

1924 2320 1942 2354 ι
1975 2298 2131 2366 Quod
2177 2311 2286 2352 non
2314 2303 2529 2366 oportet
2564 2293 2871 2362 episcopos,
2915 2289 2993 2344 ad'
3009 2287 3275 2359 synodum
3309 2298 3474 2338 voca-

2003 2411 2022 2445 ι
2059 2401 2167 2454 tos,
2196 2389 2501 2460 negligere;
2531 2386 2624 2439 sed
2650 2385 2824 2445 abire,
2853 2391 2906 2436 et
2929 2381 3124 2434 dooere
3157 2378 3237 2431 vel
3267 2377 3472 2438 doceri.

1999 2472 2120 2537 (ad
2173 2479 2574 2550 correctionem
2609 2475 2865 2530 Ecclesiae
2921 2472 3371 2550 et,reliquorum.
3414 2466 3472 2520 Si

2006 2597 2023 2629 ι
2062 2576 2186 2646 quis
2225 2582 2405 2627 autem
2437 2570 2759 2640 neglexerit,
2791 2567 2838 2621 is
2882 2545 3120 2634 seipsmn
3159 2559 3473 2621 accusabit;

2000 2685 2017 2717 ι
2053 2674 2409 2735 pneterquam
2442 2661 2485 2713 si
2517 2666 2740 2728 propter
2774 2652 3145 2721 intemperiem
3174 2658 3226 2704 et
3253 2649 3475 2717 {egritu-

2001 2778 2018 2809 ι
2057 2759 2235 2812 dinem
2270 2771 2378 2808 non
2411 2753 2611 2806 veniat.
2649 2771 2665 2801 ι

1993 2849 2186 2910 BALS,
2235 2848 2309 2901 De
2363 2847 2558 2899 annuis
2609 2841 2851 2914 synodis,
2911 2837 3186 2906 quomodo
3245 2834 3478 2889 debeant

1919 2943 2060 3004 ﬁeri,
2116 2940 2232 3008 lege
2285 2945 2598 2989 sanctorum
2651 2929 3025 3001 apostolorum
3073 2941 3338 2981 canonem
3387 2924 3477 2984 37,

1916 3031 2355 3103 synodiNiczenze
2386 3042 2648 3087 canonem
2667 3025 2720 3088 5.
2744 3023 3098 3077 Antiochenzc
3130 3018 3221 3079 20,
3251 3016 3480 3103 Chalce-

1919 3097 2178 3180 donensis
2211 3122 2296 3182 ιι),
2335 3119 2784 3189 Cartliaginensis
2808 3116 2897 3183 l7,
2934 3115 3020 3177 75,
3050 3113 3137 3172 ‘76,
3166 3111 3256 3175 95,
3287 3097 3476 3179 synodi

1923 3219 1977 3273 in
2010 3206 2212 3270 ’l‘rullo
2250 3215 2304 3279 8,
2339 3213 2572 3270 Nicaeum
2615 3210 2867 3266 secundae
2908 3208 2961 3262 6.
2996 3209 3243 3262 Prmsens
3264 3217 3482 3273 quoque

1921 3327 2118 3375 canon,
2160 3310 2468 3378 episc0pos,
2523 3306 2615 3373 qui
2659 3305 2724 3356 ad
2786 3303 3053 3372 synodum
3096 3307 3478 3360 accersuntur,

1919 3401 2169 3457 decernit
2207 3414 2313 3453 non
2361 3405 2616 3465 oportere
2657 3395 2952 3462 negligere,
3008 3393 3100 3444 sed
3133 3389 3356 3442 omnino
3388 3404 3480 3441 ac-

1919 3497 2136 3552 cedere,
2167 3502 2224 3545 ut
2262 3490 2535 3558 sapientes
2566 3487 2786 3556 quidem
2823 3487 3077 3543 doceant.
3124 3480 3483 3549 simpliciores
3511 3534 3519 3550 ι

1919 3601 2052 3639 vero
2092 3585 2309 3636 discant
2361 3598 2446 3643 ea,
2477 3597 2595 3648 qua!
2634 3581 2963 3632 conﬁrmant
3009 3575 3332 3635 Ecclesiam,
3366 3572 3481 3624 sive

1921 3679 2175 3749 populum
2217 3675 2331 3738 Dei,
2367 3684 2420 3727 et
2477 3675 2715 3741 reliquos
2763 3669 2974 3723 scilicet
3013 3667 3266 3720 inﬁdeles
3300 3662 3364 3715 ad
3396 3678 3476 3715 rc-

1920 3781 2062 3823 ctam
2118 3770 2183 3822 ile
2234 3767 2337 3820 ﬁde
2384 3767 2712 3820 sententiam
2768 3762 3089 3824 traducunt.-
3135 3757 3242 3811 Eos
3298 3763 3480 3834 autem

1919 3865 2008 3930 qui
2039 3862 2104 3916 ad
2144 3861 2248 3915 hoc
2280 3875 2340 3914 se
2377 3857 2713 3927 negligenter
2741 3855 3032 3924 gesserint,
3067 3847 3202 3904 dicit
3238 3862 3482 3901 murum-

1921 3972 2043 4011 rare
2079 3971 2186 4008 non
2229 3937 2508 4021 oportere,
2545 3951 2682 4004 si'ut
2712 3947 2835 4001 aliis
2880 3945 3188 4001 canonibus
3237 3955 3485 4006 compre-

1920 4047 2199 4108 henditur,
2246 4045 2550 4114 puniantur
2584 4060 2599 4096 :
2628 4041 2722 4095 sed
2752 4039 2964 4108 seipsos
3011 4041 3292 4095 accusent,
3335 4033 3483 4099 quod

1921 4142 2296 4208 neglexerunt.
2361 4137 2462 4190 Per
2529 4134 2911 4200 intemperiem
2940 4122 3104 4182 ’vero
3149 4126 3482 4193 intelligere

1917 4243 2150 4302 oportet,
2185 4247 2292 4283 non
2353 4231 2526 4282 solum
2584 4225 2828 4280 morbum
2880 4221 3243 4289 corporalem,
3284 4218 3377 4271 sed
3421 4223 3474 4267 et

1920 4324 2260 4393 negotiorum
2311 4321 2550 4372 turbam.
2597 4316 2652 4371 Si
2690 4317 2832 4371 enim
2865 4309 3090 4383 propter
3141 4309 3484 4379 aliquidue-

1918 4416 2218 4469 cessarium
2262 4423 2318 4468 et
2362 4413 2573 4482 justum
2623 4410 2917 4478 episcopus
2955 4404 3118 4458 fuerit
3161 4400 3480 4470 impeditus,

1916 4513 1964 4565 ei
1994 4510 2150 4563 venia
2191 4507 2430 4561 dabitur.
2472 4505 2604 4560 Cum
2634 4510 2813 4556 autem
2841 4499 3085 4553 decernit
3134 4509 3333 4557 canon,
3368 4493 3483 4558 epi-

1918 4616 2114 4669 scopos
2179 4599 2246 4652 ad
2317 4596 2609 4651 concilium
2671 4591 2972 4646 accersitos
3036 4588 3308 4655 negligere
3375 4599 3479 4637 non

1916 4703 2211 4761 oportere;
2248 4689 2333 4743 die
2376 4704 2472 4741 eos
2517 4687 2678 4739 etiam
2727 4682 2952 4735 omnino
3012 4679 3219 4732 accersi
3262 4676 3480 4729 debere.

1916 4785 2140 4852 Absque
2175 4783 2320 4837 enim
2368 4779 2688 4833 evocatione
2718 4774 2881 4845 472
2915 4768 3316 4838 metropolitani
3376 4781 3480 4818 non

1917 4880 2117 4935 debent
2143 4875 2457 4934 conve’nire,
2495 4879 2553 4923 ut
2594 4869 2712 4921 vult
2745 4882 2918 4920 canon
2951 4863 3032 4916 20'
3055 4860 3247 4931 synodi
3293 4859 3484 4910 Antiu-

1916 4975 2105 5028 cliena:
2148 4979 2203 5023 et
2246 4969 2337 5020 hic
2383 4978 2622 5035 praesens
2667 4973 2866 5013 canon.
2917 4955 3124 5009 Docere
3170 4962 3350 5005 autem
3399 4950 3486 5033 vel

1916 5064 2099 5120 doceri
2133 5060 2409 5130 adjicitur.
2453 5063 2676 5124 propter
2705 5066 2802 5105 eos
2845 5049 2948 5118 qui
2979 5046 3232 5101 dicebant
3271 5044 3483 5109 seipsos

1916 5159 2022 5212 sibi
2076 5155 2323 5212 suﬁieere
2372 5149 2438 5203 ad
2490 5146 2667 5201 omnis
2719 5140 3108 5198 ecclesiastica:
3163 5134 3482 5204 quaestionis

1916 5249 2336 5304 dissolutionem
2363 5259 2379 5308 ;
2405 5251 2461 5294 et
2493 5254 2600 5292 non
2635 5236 2834 5290 debere
2865 5233 3058 5288 adesse
3089 5229 3154 5284 ad
3186 5226 3477 5297 synodum.

1916 5341 2031 5395 Etsi
2067 5340 2211 5393 enim
2250 5335 2537 5402 episc0pus
2583 5329 2762 5383 nullas
2800 5327 2854 5381 in
2897 5339 2994 5378 sua
3027 5321 3271 5376 Ecclesia
3313 5317 3480 5372 dubi—

1916 5431 2153 5483 tationes
2190 5425 2407 5479 habeat.
2435 5430 2489 5474 et
2525 5432 2625 5472 nec
2651 5415 2902 5469 doctrina
2941 5419 3134 5478 egeat;
3171 5403 3265 5461 sed
3294 5413 3478 5456 tamen

1917 5533 1975 5573 ut
2007 5521 2236 5572 aliorum
2273 5513 2604 5584 quaestiones
2633 5507 2918 5568 dissolvat,
2959 5513 3011 5556 et
3045 5501 3320 5554 decretum
3363 5510 3482 5548 ma-

1915 5613 1998 5683 gis
2027 5610 2334 5670 conﬁrmet,
2365 5604 2524 5659 debet
2551 5598 2863 5656 necessario
2898 5608 3137 5666 praesens
3161 5606 3302 5645 esse.

1991 5881 2238 5937 ZONAB.
2284 5879 2547 5946 Quamvis
2579 5879 2681 5931 hoc
2708 5886 2949 5943 tempore
2983 5877 3261 5924 decretum
3295 5865 3357 5916 de
3390 5879 3488 5917 an-
