4178 6420
758 370 899 436 1395

2005 392 2279 451 THEUD.
2327 397 2722 463 BALSAMON

3858 415 3975 479 1396

755 503 861 541 nua
896 490 1108 560 synodo
1135 490 1207 545 ita
1240 495 1563 567 negligatur,
1596 509 1655 553 ut
1681 500 1934 557 omnibus
1964 505 2099 560 locis
2124 508 2313 578 synodi

2420 512 2598 583 πάντη
2658 519 3153 587 καταπεφρόνηται
3179 558 3195 584 ,
3241 520 3317 584 ὡς
3382 522 3652 591 μηδέποτε
3717 522 3975 591 γίνεσθαι,

752 578 942 635 haberi
990 596 1216 638 omnino
1271 587 1572 653 desierint,
1624 600 1805 648 tamen
1862 606 1921 650 ιιι
1969 614 2031 653 ea
2082 599 2315 669 singulis

753 675 915 728 annis
955 676 1009 728 in
1060 692 1386 747 unaquaque
1412 685 1686 750 provincia
1716 702 1785 743 ne
1831 688 2314 756 intermitteretur,

753 763 805 815 id
838 780 968 819 vero
1018 769 1226 823 sanctis
1268 768 1539 839 Patribus,
1579 792 1817 845 quorum
1853 783 2182 837 auctoritate
2226 798 2314 837 ca-

754 863 926 905 nones
955 851 1089 907 editi
1124 864 1275 919 sunt,
1301 857 1441 913 baud
1477 862 1734 918 mediocri
1762 882 1909 922 cura:
1940 870 2059 925 fuit.
2096 871 2316 940 Episco-

754 955 853 1009 pos
911 942 1117 1013 igitur,
1173 948 1486 1021 quicunque
1542 954 1607 1008 ad
1666 972 1968 1016 conventus
2024 965 2318 1032 synodiros

755 1049 1105 1105 vocarentur,
1163 1057 1272 1097 non
1319 1045 1469 1111 parvi
1521 1047 1699 1104 facere
1753 1052 2061 1123 imperium,
2113 1057 2206 1111 sed
2264 1058 2318 1112 in

756 1126 848 1192 iis,
893 1129 1167 1199 inquiunt,
1218 1142 1277 1189 ut
1328 1135 1650 1205 doceantur,
1692 1154 1785 1196 aut
1816 1144 2075 1208 doceant,
2127 1148 2320 1203 adesse

751 1215 965 1287 iubent.
997 1219 1248 1292 Synodos
1298 1228 1465 1293 enim,
1516 1231 1586 1285 ob
1616 1248 1711 1286 eas
1744 1240 2167 1303 controversias,
2199 1257 2320 1309 qun-

752 1311 838 1364 vel
871 1311 937 1366 de
972 1314 1195 1370 veritate
1231 1318 1566 1388 dogmatum,
1602 1325 1684 1378 vel
1712 1326 1779 1381 de
1823 1330 2116 1384 multarum
2152 1333 2320 1401 aequi-

756 1412 869 1457 tate
900 1417 1264 1475 emergerem,
1294 1420 1383 1464 aut
1416 1412 1481 1466 ad
1514 1414 1652 1470 alias
1676 1420 1971 1474 eanonicas
1991 1423 2321 1491 qumstiones

756 1497 1120 1557 excutiendas
1150 1500 1343 1558 haberi
1382 1505 1660 1566 decretum
1688 1520 1793 1565 est.
1825 1510 1902 1565 Ex
1937 1512 2004 1569 iis
2034 1514 2197 1584 igitur
2224 1516 2318 1584 qui

754 1602 1150 1657 convenerant,
1189 1596 1282 1665 qui
1319 1598 1537 1667 quidem
1569 1610 1802 1660 carteros
1839 1605 2126 1674 prudentia
2168 1619 2321 1664 ante-

754 1683 1049 1750 cellebant,
1082 1699 1136 1741 et
1168 1688 1301 1757 quid
1338 1691 1695 1757 credendum,
1730 1706 1785 1751 et
1814 1713 1936 1764 qua:
1968 1699 2163 1768 cuique
2192 1717 2319 1770 pec-

753 1786 880 1830 cato
911 1788 1071 1847 pretia
1104 1780 1421 1851 irroganda,
1448 1798 1666 1853 qucque
1700 1788 1865 1841 modo
1893 1803 1961 1849 ex
2002 1793 2341 1863 praescripto.

758 1882 971 1922 canone
1026 1871 1236 1938 reliqua
1295 1874 1732 1932 administranda
1786 1890 1972 1939 essent
2003 1856 2313 1940 docebant.
2353 1856 2392 1910 Β

754 1961 859 2014 Alii
910 1976 1038 2015 vero
1079 1964 1351 2028 rudiores,
1402 1968 1690 2038 minusque
1744 1971 1796 2026 in
1845 1973 2077 2027 dicendo
2117 1976 2317 2029 exerci-

755 2051 873 2113 tati,
934 2051 1290 2109 docebantur.
1340 2055 1478 2123 Quae
1516 2073 1643 2114 vero
1696 2070 1808 2115 tum
1861 2062 2155 2128 docebant,
2199 2075 2313 2119 tum

754 2140 1113 2210 ducebantur,
1141 2145 1206 2199 ad
1241 2157 1445 2202 rectam
1473 2148 1730 2206 Ecclesiae
1765 2154 2312 2217 administrationem.

754 2232 1095 2304 aliorumque
1114 2236 1549 2296 emendationem
1575 2244 1941 2312 pertinebant.
1964 2246 2134 2301 Recta
2153 2264 2315 2315 porto

755 2327 1182 2397 administratio,
1234 2342 1399 2403 atque
1443 2338 1775 2403 emendatio,
1832 2340 1897 2392 ad
1954 2338 2075 2394 ﬁdei
2111 2343 2313 2410 purita-

756 2427 891 2479 tem,
945 2436 1269 2491 morumque
1332 2426 1702 2495 integritatem
1743 2428 1933 2484 referri
1976 2431 2153 2486 debet.
2212 2431 2314 2484 Ec.-

754 2510 937 2563 clesiae
992 2528 1120 2566 vero
1174 2516 1395 2570 nomine
1461 2516 1700 2571 ﬁdelium
1758 2529 2125 2585 conventum,
2178 2522 2316 2576 alios

753 2614 907 2663 vero,
960 2602 1251 2660 haereticos
1300 2607 1516 2661 scilicet
1567 2617 1661 2661 aut
1714 2608 1960 2664 infideles
2019 2612 2315 2681 intelligas.

755 2688 889 2743 Nam
935 2692 1019 2746 his
1054 2711 1274 2764 quoque
1327 2698 1575 2753 veritatis
1616 2699 1799 2753 lumen
1846 2702 2107 2768 praeferri.
2161 2714 2323 2772 atque

2380 632 2384 637 ο
2416 605 2551 658 ἀλλά
2578 623 2641 673 γε
2670 610 2782 668 τοῖς
2805 610 2932 671 τοὺς
2982 611 3213 675 κανόνας
3248 614 3562 683 ἑκθεμένοις
3605 615 3791 682 ἁγίοις
3814 615 3955 682 τὺογί

2417 699 2605 752 νεσθαι
2656 702 2911 766 συνόδους
2968 705 3092 757 καθ’
3142 708 3379 775 ἑκάστην
3426 707 3707 778 ἐπαρχίαν
3756 709 3979 776 ὲτησίως

2419 793 2621 861 πολλῆς
2663 796 2940 861 φροντίδος
2972 796 3187 865 ἠξίωτο.
3223 800 3315 851 Διὸ
3344 801 3440 854 καὶ
3480 802 3607 863 τοὺς
3645 801 3978 863 ἐπισκόπους

2421 885 2796 955 καλουμένους
2835 890 2916 951 είς
2959 889 3056 954 τὰς
3100 891 3348 955 συνόδους
3393 892 3609 945 ἀπιέναι
3642 892 3981 947 διακελεύον-

2421 993 2535 1038 ται,
2577 977 2661 1030 ἵνα
2694 978 3021 1034 διδάσκωσιν
3052 981 3085 1052 ἦ
3112 982 3493 1037 διδάσκωνται.
3530 986 3595 1038 Ai
3627 985 3744 1054 γάρ
3776 984 3980 1037 σύνοδοι

2425 1070 2492 1122 δι’
2518 1070 2847 1140 ἀμφιὸολίας
2886 1074 3267 1144 ἁναφυομένας
3321 1077 3449 1148 περὶ
3474 1078 3770 1147 δογμάτων
3805 1078 3840 1145 ἤ
3871 1080 3980 1129 ἑπε-

2421 1162 2620 1229 τιμίων
2670 1164 3034 1234 ἁμαρτήμασι
3096 1168 3511 1235 προσηκόντων,
3586 1169 3619 1238 ἢ
3682 1165 3982 1220 κανονικῶν

2423 1252 2629 1323 ἐτέρων
2664 1252 2947 1323 ζητήσεων
3001 1255 3316 1326 ὼρίσθησαν
3358 1258 3619 1324 γίνεσθαι.
3679 1260 3809 1311 Τῶν
3863 1256 3983 1323 γοῦν

2424 1343 2838 1411 συνερχομένων
2882 1345 2932 1396 oi
2988 1346 3087 1413 μὲν
3134 1346 3303 1414 λόγιοι
3359 1348 3640 1401 ἐδίδασκον
3676 1350 3811 1417 περὶ
3872 1345 3985 1398 τού-

2422 1450 2528 1487 των
2569 1434 2703 1504 (61),
2737 1439 2783 1488 oi
2809 1436 2852 1489 δ’
2886 1437 3245 1509 άπλούστεροι
3294 1442 3390 1494 καὶ
3442 1441 3809 1511 ἀφελέστεροι
3858 1442 3984 1507 πρός

2424 1524 2516 1577 τὸν
2544 1525 2701 1594 λόγον
2733 1528 3073 1584 ἐδιδάσκοντο
3097 1547 3110 1561 ο
3140 1531 3177 1585 ἃ.
3202 1532 3248 1584 δ’
3284 1533 3565 1586 ἐδίδασκόν
3596 1549 3657 1585 τε
3698 1535 3793 1584 καὶ
3819 1530 3983 1583 ἐδιδα-

2427 1632 2622 1670 σκοντο
2667 1618 2747 1681 εἰς
2795 1620 3135 1689 κατόρθωσιν
3168 1618 3309 1691 ἦσαν
3366 1624 3463 1689 τῆς
3507 1624 3853 1687 Ἐκκλησξσς
3902 1623 3985 1673 καὶ

2425 1705 2535 1757 τῶν
2578 1706 2803 1762 λοιπῶν.
2838 1710 3191 1779 Κατόρθωσιν
3224 1712 3280 1765 δὲ
3315 1714 3419 1781 τὴν
3470 1714 3637 1783 ὀρθὴν
3676 1715 3864 1765 πίστιν
3901 1714 3987 1763 καὶ

2426 1795 2704 1863 διαγωγὴν
2751 1799 3005 1868 ὀνομάζει
3025 1816 3040 1831 ο
3088 1802 3416 1873 Ἐκκλησίαν
3460 1805 3517 1857 δὲ
3548 1806 3607 1856 τὸ
3638 1804 3754 1856 τῶν
3786 1804 3986 1854 πιστῶν

2423 1903 2589 1955 φησιν
2618 1887 2915 1958 ἄθροισμα,
2975 1890 3196 1954 λοιποὺς
3233 1893 3287 1945 δὲ
3313 1894 3439 1948 τοὺς
3470 1893 3820 1963 αἱρετικοὺς,
3856 1890 3984 1942 ὣστε

2422 1978 2711 2040 κάκείνους
2744 1979 2860 2049 (65)
2893 1982 2970 2044 είς
2995 1984 3180 2035 πίστιν
3205 1984 3373 2053 ὀρθὴν
3401 1985 3745 2055 όδηγηθῆναι
3773 1984 3864 2034 διὰ
3891 1981 3985 2045 τῆς

2422 2069 2671 2139 διδαχῆς.
2702 2072 2797 2123 κειὶ
2820 2072 2897 2133 εις
2924 2074 3290 2142 εὐαγγελικὴν
3321 2077 3620 2129 πολιτείαν.
3651 2071 3796 2127 Εἶτά
3830 2090 3986 2141 ςησιν

2423 2163 2451 2213 ό
2477 2161 2655 2214 κανὼν
2682 2162 2763 2214 ὄτι
2786 2163 3053 2227 Ἑαυτοὺς
3080 2166 3476 2233 αἰτιάσθωσαν,
3504 2170 3553 2219 εἰ
3585 2164 3988 2235 ὲπιτιμηθῶσιν

2420 2254 2470 2305 οἱ
2503 2258 2577 2322 μὴ
2614 2254 2981 2322 ἀπερχόμενοι
3015 2260 3093 2319 εἰς
3119 2261 3217 2319 τὰς
3250 2260 3523 2323 συνόδους,
3555 2262 3604 2311 εί
3640 2261 3722 2329 μὴ
3751 2258 3828 2311 δι’
3858 2260 3987 2310 ivu-

2426 2345 2622 2413 μαλὶαν
2681 2344 3107 2413 ἀποληφθῶσιν.
3151 2349 3489 2418 Ἀνωμαλίαν
3545 2350 3601 2403 δὲ
3656 2352 3889 2417 νοητέον
3933 2350 3984 2400 οὗ

2428 2437 2587 2503 μόνον
2617 2436 2957 2505 σωματικὴν,
3002 2432 3113 2492 οἷον
3154 2441 3333 2501 νόσον,
3357 2442 3490 2494 ἀλλὰ
3522 2442 3617 2495 καὶ
3665 2458 3986 2511 πραγματι-

2423 2525 2547 2592 κὴν·
2581 2525 2641 2576 Εἰ
2679 2524 2786 2593 γὰρ
2816 2528 2909 2577 καὶ
2941 2527 3016 2596 μὴ
3058 2531 3337 2596 νοσήσειεν
3369 2535 3395 2584 ὸ
3425 2534 3761 2594 ἐπίσκοπος,
3800 2535 3913 2601 ἔχοι
3937 2532 3987 2583 δέ

2422 2632 2474 2666 τι
2506 2615 2691 2684 ἕτερον
2736 2617 2865 2686 περὶ
2895 2617 3329 2687 ἐκκλησιαστικὰ
3375 2624 3685 2692 πράγματα
3732 2624 3980 2691 ἀσχολεί-

2430 2707 2553 2758 σθαι
2584 2706 2748 2759 αὑτὸν
2782 2708 3113 2774 ἀναγκάζον,
3140 2714 3641 2781 συγγνωσθήσεται.

755 2785 825 2840 ad
858 2791 1157 2861 evangelici
1187 2792 1418 2847 instituti
1472 2794 1575 2848 iter
1609 2794 2024 2864 ingrediendum
2071 2800 2319 2853 semitam
2362 2801 2775 2871 prazmonstrari
2810 2803 2985 2858 decet.
3030 2804 3168 2861 Hinc
3195 2810 3370 2863 minas
3430 2810 3496 2864 iis
3532 2810 3626 2880 qui
3660 2810 3719 2863 in
3790 2814 3989 2878 synodo

755 2895 864 2933 non
898 2881 1192 2947 adfuerint,
1231 2901 1409 2942 canon
1453 2889 1706 2943 intentat.
1770 2890 1871 2954 Qui
1929 2891 2147 2958 quidem
2204 2894 2248 2946 si
2315 2898 2645 2949 constitutas
2678 2907 2885 2962 poenas,
2920 2896 3167 2967 aliasque
3194 2900 3331 2955 forte
3361 2901 3639 2970 graviores
3671 2900 3990 2969 dependere

755 2981 1040 3042 cogentur,
1095 2976 1200 3031 nisi
1233 2993 1356 3031 cum
1390 2981 1570 3050 aliqua
1602 2985 2016 3052 perturbatione
2071 2986 2313 3055 impediti
2344 3002 2451 3041 non
2492 2992 2762 3056 venerint,
2824 2995 3013 3063 seipsi,
3066 2994 3268 3063 inquit,
3332 3005 3610 3050 accusent.
3686 2993 3987 3048 Perturba-

754 3066 923 3119 tionis
952 3077 1134 3121 autem
1186 3072 1428 3134 nomine,
1464 3088 1573 3126 non
1612 3074 1859 3142 corporis
1890 3076 2067 3129 solum
2119 3076 2495 3145 intemperies.
2558 3085 2826 3151 aegritudo
2876 3084 3149 3148 videlicet,
3186 3085 3282 3138 sed
3342 3086 3693 3153 negotiorum
3760 3099 3979 3152 quoque

756 3159 985 3214 molesta
1027 3162 1314 3231 occupatio
1351 3164 1576 3234 intelligi
1612 3165 1793 3231 debet,
1822 3167 2157 3236 proindeque
2184 3168 2531 3236 episcopum,
2602 3176 2857 3241 quamvis
2937 3177 3084 3230 nulla
3130 3174 3420 3228 inﬁrmitas
3466 3175 3834 3240 valetudinis,
3896 3175 3985 3229 sed

753 3253 869 3307 sola
907 3251 1270 3309 Ecelesiastici
1304 3259 1503 3327 negotii
1536 3274 1666 3313 cura
1702 3263 2011 3317 necessaria
2039 3263 2314 3317 hominem
2341 3265 2663 3333 detinuerit,
2691 3270 2936 3324 excusari
2970 3271 3166 3340 placet.

754 3346 982 3402 ARIST.
1029 3368 1047 3400 ι
1086 3349 1189 3415 Qui
1234 3351 1299 3405 ad
1353 3353 1622 3423 synodum
1667 3365 1916 3439 vocatur.
1973 3368 2028 3412 et
2081 3358 2313 3426 spernit,

2420 3361 2646 3414 ΑΡΙΣΤ.
2689 3381 2708 3413 ι
2748 3364 2809 3417 Ὀ
2850 3364 3184 3432 καλούμενος
3214 3365 3308 3415 ἐπὶ
3358 3362 3595 3424 σύνοδον,
3630 3364 3736 3416 καὶ
3764 3364 3989 3423 ἀθετῶν,

833 3460 851 3491 σ
893 3452 1253 3511 praeterquam
1311 3445 1380 3497 ob
1437 3446 1937 3515 intemperantiam,
2000 3448 2159 3518 culpa
2210 3464 2317 3503 non

838 3550 859 3583 α
898 3543 1078 3588 vacat.
1120 3554 1139 3586 D

827 3624 1055 3695 Propter
1112 3626 1415 3681 incidentes
1466 3628 1874 3683 controversias
1917 3630 2321 3684 ecclesiasticas

754 3726 810 3770 et
863 3717 1193 3786 quaestiones
1240 3717 1555 3781 canonicas,
1602 3717 1884 3772 decretum
1933 3727 2020 3774 est
2076 3722 2318 3774 omnium

758 3808 1026 3877 cujusque
1076 3808 1369 3877 provinciae
1414 3809 1791 3877 episcoporum
1859 3809 2127 3878 synodum
2178 3826 2318 3879 quo-

754 3902 940 3955 tannis
982 3900 1188 3964 haberi,
1222 3900 1311 3954 ubi
1347 3901 1664 3969 metropolis
1698 3901 1993 3970 episcopus
2035 3906 2313 3955 Statuerit.

759 3993 814 4045 Si
851 3992 1031 4061 itaque
1078 4007 1199 4045 cum
1243 3993 1323 4047 sic
1365 3993 1725 4057 conveniunt,
1771 3993 2066 4059 epi500pus
2112 3993 2319 4059 aliquis

755 4092 983 4136 vocatus
1020 4084 1309 4139 convenire
1343 4099 1449 4136 non
1491 4085 1626 4145 vult,
1663 4099 1721 4138 se
1758 4084 1811 4136 in
1871 4084 2313 4138 criminationem

756 4171 927 4237 ducit,
957 4181 1009 4225 et
1038 4188 1067 4225 a
1098 4176 1304 4243 synodo
1336 4174 1512 4242 pmnis
1543 4174 1902 4243 subjiciatur;
1938 4176 2037 4228 nisi
2078 4173 2311 4229 forsitan

756 4278 865 4317 non
928 4280 1020 4333 per
1062 4274 1457 4334 contemptum,
1506 4266 1599 4321 sed
1661 4276 1883 4337 propter
1922 4267 2169 4322 morbum
2222 4278 2314 4321 aut

757 4354 917 4407 aliam
945 4356 1408 4412 circumstantiam
1448 4358 1514 4411 ad
1552 4358 1719 4412 vitam
1748 4360 2117 4430 pertinentem
2150 4359 2314 4415 adve-

758 4447 879 4501 nire
904 4462 1013 4501 non
1050 4458 1245 4517 potest.

1331 4540 1562 4596 CANON
1603 4541 1741 4598 XLI.

763 4649 781 4682 ι
815 4628 973 4695 Quod
1014 4646 1118 4687 non
1170 4644 1383 4703 oportet
1419 4646 1713 4703 sacratum,
1751 4641 1829 4694 vel
1861 4643 2144 4705 clericum,
2191 4646 2317 4699 sine

1078 4743 1097 4775 ‹
1125 4724 1279 4789 jussu
1312 4727 1551 4798 episcopi
1583 4731 1683 4783 iter
1710 4731 1939 4800 ingredi.
1976 4752 1995 4784 ι

828 4810 1021 4870 BALS.
1076 4814 1388 4877 Declericis
1409 4828 1461 4873 et
1488 4822 1794 4887 monachis,
1824 4826 1917 4891 qui
1952 4834 2146 4893 praeter
2185 4842 2317 4882 suo-

757 4917 880 4956 rum
932 4903 1314 4975 episcoporum
1377 4918 1613 4965 mentem
1686 4915 2139 4983 peregrinantur,
2202 4920 2320 4988 lege

757 5009 879 5065 cap.
921 4997 957 5056 2
998 4997 1158 5066 primi
1204 5000 1347 5054 tituli
1402 5002 1500 5057 lib.
1547 5018 1605 5058 tn
1654 5004 2008 5059 Basilicarum
2052 5008 2197 5076 quod
2248 5010 2320 5062 ita

759 5088 925 5143 dicit:
958 5091 1062 5156 Qui
1106 5090 1301 5145 falsum
1337 5094 1543 5149 crimen
1577 5096 1843 5151 adversus
1882 5100 2201 5168 episcopum
2238 5101 2322 5154 in-

760 5182 955 5249 tendit,
988 5184 1058 5239 50
1096 5183 1267 5242 libras
1319 5186 1439 5241 auri
1477 5188 1608 5243 ﬁsco
1650 5188 1851 5257 pendat
1885 5210 1898 5243 :
1928 5193 2323 5247 conlirmentur

2496 3469 2515 3501 ‹
2550 3453 2598 3503 εί
2632 3453 2707 3522 μὴ
2741 3453 2811 3507 δι’
2832 3454 3173 3537 ἀνωμαλίαν,
3200 3455 3301 3508 οὐκ
3329 3454 3594 3517 ἀναίτιος.

2488 3629 2587 3681 Διὰ
2614 3628 2716 3691 τὰς
2747 3628 3247 3699 παριμπιπτούσας
3290 3630 3775 3699 ὲκκλησιαστικάς
3831 3634 3991 3699 dp;-

2420 3718 2607 3782 δολίοις
2665 3723 2758 3773 καὶ⁵
2787 3721 2853 3774 τὰ
2908 3720 3170 3775 κανονικά
3216 3722 3503 3790 ζητήματα
3528 3722 3751 3791 ὡρίσθη
3786 3723 3991 3774 σύνοδον

2420 3811 2643 3864 πάντων
2700 3811 2808 3865 τῶν
2856 3814 3173 3865 ἐπισκόπων
3235 3813 3475 3881 ἑκάστης
3524 3814 3812 3881 ἐπαρχίας
3885 3812 3990 3865 κατ’

2420 3904 2674 3957 ἐνιαυτόν
2736 3905 3001 3972 γίνεσθαι.
3059 3905 3189 3958 ἔνθα
3240 3906 3305 3959 ἂν
3359 3908 3385 3958 ὁ
3442 3904 3540 3973 τῆς
3597 3908 3990 3975 μητροπόλεως

2419 3995 2578 4065 ὁρίσῃ
2632 3998 2952 4060 ἐπίσκοπος.
2986 3998 3047 4050 Εἰ
3081 3994 3175 4050 οὖν
3218 3998 3280 4049 ἐν
3328 4000 3395 4067 τῇ
3442 3996 3770 4049 συνελεύσει
3829 3998 3989 4065 ταύτῃ

2421 4086 2759 4156 καλούμενός
2781 4104 2863 4150 τις
2886 4087 2994 4143 τῶν
3020 4088 3336 4140 ἐπισκόπων
3358 4086 3636 4139 συνελθεῖν
3671 4088 3738 4139 οὐ
3772 4088 3988 4156 θελήσῃ.

2421 4180 2614 4230 ἑαυτὸν
2672 4179 2777 4231 ὑπὸ
2823 4179 3065 4232 αίτίασιν
3120 4178 3326 4246 τίθησι.
3384 4180 3479 4230 καὶ
3530 4179 3989 4248 ἐπιτιμηθήσετσι

2420 4275 2570 4341 παρὰ
2593 4272 2695 4340 τῆς
2724 4272 2941 4324 συνόδου
2965 4288 2978 4302 '
3012 4271 3065 4323 εί
3101 4272 3171 4339 μή
3205 4289 3308 4324 που
3332 4271 3393 4323 οὗ
3425 4270 3514 4323 διὰ
3546 4274 3987 4339 καταφρόνησιν,

2421 4362 2554 4416 ἀλλὰ
2601 4362 2690 4415 διὰ
2715 4361 2929 4431 νόσονῆ
2967 4361 3134 4429 ἄλλην
3183 4360 3307 4413 τινὰ
3368 4360 3631 4429 βιωτικὴν
3668 4361 3988 4432 περίστασιν
4057 4436 4061 4441 η

2422 4449 2789 4521 παρουσιάσαι
2813 4450 2912 4503 οὐκ
2939 4452 3148 4519 ἴσχυσε.

3003 4541 3239 4594 ΚΑΝΩΝ
3271 4540 3409 4595 MA'.

2428 4651 2445 4683 ι
2479 4632 2601 4686 Ὀτι
2643 4632 2701 4685 οὐ
2733 4632 2812 4684 δεῖ
2840 4630 3113 4702 ἱερατικὸν
3142 4631 3177 4702 ἢ
3221 4632 3482 4701 κληρικδν
3510 4633 3641 4686 ἄνευ
3690 4633 3985 4694 κελεύσεως

2881 4722 3184 4775 ἐπισκόπου
3222 4723 3453 4776 ὁδεύειν.
3486 4743 3505 4775 ι

2500 4818 2695 4869 ΒᾹΛΣ.
2735 4817 2869 4884 Περὶ
2912 4816 3192 4884 κληρικῶν
3226 4815 3321 4869 καὶ
3352 4816 3603 4885 μοναχῶν
3645 4815 3987 4887 ἀποδημῶν-

2427 4926 2537 4960 των
2565 4908 2715 4977 παρὰ
2748 4909 2972 4977 γνώμην
3024 4906 3133 4961 τῶν
3177 4906 3329 4959 ἰδίων
3361 4907 3687 4960 ἐπισκόπων
3731 4907 3987 4975 ἀνάγνωθι

2429 5017 2554 5067 κεφ.
2592 4999 2633 5069 β’
2660 4999 2753 5051 τοῦ
2782 5006 2829 5051 α’
2862 4997 3046 5050 τίτλον
3084 4996 3177 5052 τοῦ
3217 5005 3264 5066 γ’
3296 4998 3440 5068 βιδλ.
3492 5000 3602 5052 τῶν
3665 5000 3985 5063 Βασιλικιῖιν,

2427 5095 2573 5146 οὕτω
2608 5092 2767 5159 λέγον
2790 5106 2804 5120 ⁶
2853 5092 2913 5143 '0
2949 5094 3374 5161 συκοφαντήσας
3404 5092 3852 5161 ἐγκληματικῶς
3883 5092 3977 5145 ἐπί-

2430 5203 2656 5248 σκοπον,
2688 5184 2982 5253 τριάκοντα
3024 5182 3253 5255 χρυσίου
3278 5182 3468 5254 λίτρας
3494 5186 3904 5257 προστιμᾶσθαι
3924 5182 3987 5251 τῷ

1988 5322 2183 5383 Guill.
2230 5292 2552 5400 Beveregii
2596 5332 2783 5385 noue.

834 5443 944 5510 (64)
981 5446 1044 5498 Ol
1071 5443 1188 5514 μὲν
1213 5448 1397 5511 λόγιοι
1431 5445 1755 5500 ἐδίδασκον
1781 5447 1911 5515 περὶ
1938 5449 2177 5501 τούτων.
2216 5447 2329 5503 Hoc

762 5513 986 5567 Zonaras
1016 5513 1081 5585 in
1103 5524 1418 5582 praesentem
1455 5530 1716 5572 canonem
1754 5513 1873 5570 loco
1907 5518 2187 5585 legendum
2221 5530 2327 5584 est,

757 5585 912 5659 juxta
948 5583 1185 5659 codicem
1222 5585 1709 5659 Atnerbncltianutn
1734 5625 1749 5648 ,
1786 5588 1832 5640 οἱ
1878 5583 1976 5651 μὲν
2010 5589 2193 5659 λόγιοιν
2218 5583 2327 5641 ἐδίὲ

759 5655 980 5707 ὃσσκον.
1019 5653 1165 5729 ὅπως
1190 5671 1247 5708 τε
1275 5657 1377 5725 χρὴ
1402 5655 1677 5729 πιστευειν
1695 5696 1708 5715 ,
1738 5659 1831 5729 καὶ
1863 5659 2006 5711 ὅπως
2035 5653 2291 5729 ἐπιτιμᾷν
2309 5700 2325 5721 ,

762 5724 855 5783 καὶ
895 5724 1041 5784 οπως
1088 5722 1129 5773 τ’
1158 5722 1617 5788 ἄλλίκανονικῶς
1652 5726 1831 5793 χρεὼν
1866 5722 2322 5787 διαπράττεσθαι·

762 5798 810 5848 pi
847 5793 890 5855 δ’
927 5793 1189 5852 ἁπλούστε
1201 5812 1300 5869 ροι.

2504 5448 2612 5515 (65)
2644 5446 2788 5513 Τοὺς
2808 5444 3141 5515 αἱρετικοὺς
3155 5443 3308 5515 ὥστε
3332 5443 3671 5511 κάκείνους.
3695 5444 3982 5512 [legendum

2434 5518 2521 5571 hic
2562 5520 2723 5569 etiam
2778 5533 2899 5569 cum
2956 5514 3142 5585 t-odtce
3185 5514 3645 5585 Amerltacbiano,
3699 5516 3983 5585 αίρετικοὺς

2431 5589 2652 5655 νοητέον
2682 5585 2714 5652 ἢ
2750 5588 2843 5639 καὶ
2875 5583 3155 5655 ἀπίστους.
3380 5586 3669 5649 κάκείνους
3714 5583 3795 5647 εἰς
3830 5588 3982 5634 πῖστιν

2431 5653 2597 5733 όρθῂν
2622 5654 3090 5733 δδηγηθῇναι,δι)⁴
3138 5653 3238 5733 τῇς
3261 5653 3632 5733 ’διδαχηςηκαὶ
3674 5658 3763 5733 εἰς
3786 5658 3982 5733 εὐαγγε-

2431 5722 2587 5797 λικῆν
2630 5722 2901 5778 πολιτείαν
2925 5741 2939 5755 ·
2984 5722 3108 5792 ἑξῆς
3145 5724 3463 5797 arcuum
3486 5726 3530 5797 ό
3562 5726 3752 5778 κανὼν
3793 5726 3896 5785 τοῖς
3921 5722 3979 5789 μὴ

2430 5793 2819 5867 ἀπερχομένοις
2858 5798 2935 5858 είς
2967 5798 3064 5856 τὰς
3094 5793 3362 5860 συνόδους,
3402 5796 3493 5851 καί
3544 5813 3719 5864 φησιν
3759 5799 3860 5860 ὅτι,
3893 5803 3977 5847 ac.
