4178 6420
315 372 335 429 ι
350 374 447 434 397

1398 388 1475 446 IN
1513 391 1670 454 C.\.\'.
1723 392 1908 452 XLIII
1950 396 2156 455 CONC.
2201 398 2389 455 LVIII

3363 394 3366 398 ’
3398 397 3532 460 1298

303 484 557 552 δημοσίῳ
579 500 594 516 ο
623 486 962 554 βεὸαιούσθω
990 491 1046 543 δὲ
1083 492 1177 546 καὶ
1204 495 1630 564 ἐκκλησιαστικὰ
1656 501 1871 553 ἅπαντα

1978 517 2150 559 autem
2183 508 2363 559 omnia
2405 506 2777 560 ecclesiastica
2817 509 3128 577 privilegia;
3171 525 3270 564 nec.
3302 511 3528 562 omnino

305 580 610 646 ⁴ττρονόμια·
650 581 741 631 καὶ
773 582 846 649 μὴ
869 583 1172 651 νομιζέσθω
1201 587 1335 648 ὅλως
1361 591 1617 657 κληρικὸς
1641 591 1672 660 ἢ
1703 611 1868 658 μονα·

305 669 405 736 χὺς
429 671 454 720 ό
483 671 763 723 συλλαϐὼν
791 673 920 726 ἄνευ
970 675 1066 728 τοῦ
1104 679 1305 732 οἰκείου
1339 683 1662 747 ἐπισκόπου,
1697 685 1754 736 τὸ
1779 702 1868 736 κο-

307 761 538 824 μιτᾶτον
581 764 941 833 κατειληφώς.
987 767 1258 830 Ὡσαύτως
1285 772 1561 837 ἀνάγνωθι
1590 775 1683 825 καὶ
1715 775 1860 840 θέμα

303 852 620 906 τελευταῖον
673 855 766 907 τοῦ
808 863 846 907 ε’
880 874 1002 925 κεφ.
1036 860 1130 910 τοῦ
1167 860 1248 928 κβ⁹
1279 862 1457 914 τίτλου
1501 865 1591 916 τοῦ
1642 865 1694 929 ς’
1724 867 1866 935 βιὸλ.

304 941 420 992 τῶν
449 942 778 1009 Βασιλικῶν,
814 947 951 1016 ὅπερ
986 950 1102 1000 ἐστὶ
1136 951 1299 1020 μέρος
1325 954 1420 1020 τῆς
1458 961 1510 1016 ς’
1554 956 1871 1009 Ίουστινια-

305 1032 452 1084 νείου
498 1036 725 1102 νεαρᾶς,
771 1037 864 1088 καλ⁵
895 1038 1037 1090 οὕτω
1081 1041 1280 1108 φησίν·
1336 1042 1475 1094 Οὖτε
1505 1045 1561 1096 δέ
1600 1049 1864 1115 μοναχὸν,

302 1123 456 1187 οὔτε,
487 1127 746 1194 κληρικδν
779 1127 902 1180 οὔτε
935 1132 1233 1183 ἐπίσκοπον
1277 1133 1569 1202 κελεύομεν
1613 1135 1871 1205 ἔρχεσθαι

303 1216 542 1270 ἐνταῦθα
604 1219 734 1272 ἄνευ
791 1224 1135 1290 γραμμάτων
1200 1224 1292 1276 τοῦ
1344 1226 1643 1278 όσιωτάτου
1689 1229 1872 1280 αὑτῶν

303 1311 652 1378 πατριάρχου
677 1329 690 1342 ο
724 1313 756 1382 ἢ
790 1316 1083 1368 εῐδέτωσαν
1111 1317 1185 1378 ὡς
1220 1317 1471 1380 ἀναξίους
1522 1319 1749 1381 ἑαυτοὺς
1776 1321 1871 1372 τοῦ

304 1403 588 1468 σχήματος
615 1406 925 1475 ποιήσουσι.

890 1499 1128 1550 ΚΛΝΩΝ
1159 1501 1292 1553 MB‘.

306 1601 330 1632 ε
362 1589 485 1639 Ὀτι
528 1587 589 1639 οὑ
622 1588 705 1640 δεῖ
735 1590 1044 1654 ἱερατικοὺς
1076 1593 1108 1658 ἦ
1145 1593 1440 1660 κληρικοὺς
1490 1594 1621 1648 ἄνευ
1655 1611 1872 1646 κανονι-

662 1696 679 1726 ι
711 1678 822 1728 κῶν
855 1680 1200 1750 γραμμάτων
1229 1683 1456 1734 ὁδεύειν.
1500 1701 1518 1733 ι

375 1769 569 1820 ΒΑΛΣ.
599 1772 709 1822 Καὶ
738 1770 914 1839 ἕτεροι
941 1773 1166 1836 κανόνες
1195 1773 1526 1843 διορίζονται
1559 1777 1632 1844 μὴ
1669 1778 1874 1843 ἀποδη-

1970 596 2199 650 clericus
2242 598 2323 651 vel
2365 599 2670 650 monachus
2703 599 3069 658 exiStimctur.
3117 601 3207 668 qui
3244 601 3362 653 sine
3402 617 3526 668 pro-

1971 688 2090 754 prio
2117 690 2373 759 episcopo
2425 691 2745 743 comitatuin
2795 693 3025 759 accepit.
3077 691 3216 756 Lege
3272 692 3528 744 similiter

1967 788 2022 833 et
2077 781 2330 833 ultimum
2394 797 2719 849 responsum
2777 783 2952 852 quinti
3010 784 3202 852 capitis
3259 785 3397 836 tituli
3461 784 3528 835 ‘22

1969 871 2062 923 lib.
2114 887 2161 924 νι
2213 871 2569 926 Basilicarum
2625 873 2770 941 quod
2809 874 3022 941 quidem
3067 883 3150 926 est
3205 888 3334 941 pars
3378 885 3528 925 sexta

1966 959 2262 1014 Justiniani
2313 964 2558 1026 novellae,
2593 975 2646 1018 et
2685 967 2764 1018 sic
2812 965 2985 1019 dicit:
3034 963 3142 1017 Nec
3174 967 3528 1026 monachum,

1969 1068 2070 1107 nec
2105 1054 2387 1119 clericum,
2425 1070 2524 1110 nec
2553 1057 2868 1125 episcopum
2903 1055 3009 1110 huc
3040 1057 3226 1110 venire
3250 1058 3532 1124 jubetnus,

1971 1145 2090 1200 sine
2150 1146 2343 1200 litteris
2388 1147 2718 1202 sanctissimi
2775 1162 2964 1201 eorum
3021 1148 3350 1216 patriarcha:
3401 1149 3532 1202 ενοι

1973 1237 2170 1299 sciant,
2203 1240 2345 1306 quod
2379 1240 2590 1306 seipsos
2623 1240 2811 1292 habitu
2845 1241 3100 1307 indignos
3141 1241 3386 1295 reddent.

2437 1501 2598 1572 [.73
2631 1501 2858 1556 CANON
2903 1502 3060 1555 XLII.

1979 1609 1996 1640 ι
2036 1590 2188 1656 Quod
2256 1609 2361 1645 non
2422 1601 2641 1661 oportet
2688 1603 2936 1647 sacratos
2987 1596 3072 1648 vel
3129 1597 3364 1650 clericos
3416 1599 3534 1650 sine

2225 1702 2243 1734 ι
2281 1684 2480 1737 litteris
2524 1685 2805 1738 canonicis
2851 1685 2956 1739 iter
2991 1687 3224 1755 ingredi.
3266 1705 3283 1736 ι

2046 1774 2245 1831 BALS.
2289 1776 2394 1828 Alii
2430 1791 2651 1845 quoque
2676 1792 2918 1833 canones
2955 1778 3279 1840 decernunt,
3311 1795 3416 1832 non
3448 1789 3532 1832 de-

305 1863 430 1928 μεῖν
484 1862 780 1930 κληρικοὺς
822 1863 952 1917 ἄνευ
981 1867 1280 1918 κανονικῶν
1313 1869 1684 1936 γραμμάτων,
1717 1886 1872 1922 τουτ-

1978 1865 2104 1920 bere
2162 1867 2393 1922 clericos
2451 1884 2677 1938 peregre
2744 1869 3016 1940 proﬁcisci
3083 1872 3204 1926 sine
3258 1873 3537 1926 canonicis

303 1953 425 2005 ἐστι
453 1954 793 2006 συστατικῶν
825 1955 922 2008 καὶ
949 1958 1296 2013 ἁπολυτικῶν
1321 1961 1622 2014 ἐπιστολῶν
1647 1979 1657 1990 ·
1697 1964 1792 2016 καὶ
1821 1964 1871 2015 οἱ

303 2045 577 2114 παρόντες
605 2047 660 2099 δὲ
693 2049 916 2112 κανόνες
949 2049 1020 2101 τά
1049 2051 1191 2105 αὐτὰ
1223 2053 1566 2120 διορίζονται.
1587 2057 1874 2123 Ἱερατικοὶ

305 2135 492 2202 μέντοι
522 2136 658 2188 εἰσιν
679 2138 726 2188 0i
751 2140 879 2207 περὶ
910 2137 971 2190 τὺ
997 2139 1149 2208 βῆμα
1169 2160 1182 2172 ο
1217 2142 1470 2211 κληρικοὶ
1506 2145 1562 2196 δὲ
1587 2147 1636 2196 οἱ
1670 2145 1871 2197 λοιποί.

318 2224 623 2290 ’Δνάγνωθι
680 2226 771 2278 τὸν
805 2227 837 2279 ι’
863 2230 1066 2282 κανόνα
1094 2231 1194 2298 τῆς
1221 2231 1264 2283 δ’
1293 2233 1534 2296 συνόδου,
1563 2234 1671 2286 τῶν
1704 2236 1875 2301 ἁγίων

308 2316 630 2369 ἀποστόλων
655 2336 778 2372 καν.
819 2319 906 2389 ιβ’,
942 2321 1036 2373 καί
1082 2323 1175 2390 τῆς
1213 2324 1269 2374 ἐν
1321 2324 1620 2394 Ἀντιοχείᾳ
1650 2343 1771 2380 καν.
1806 2326 1871 2390 ξ’,

304 2413 356 2474 η’
390 2409 483 2459 καὶ
512 2415 603 2461 ια’.

380 2589 972 2660 ΖΩΝΑΡ.⁹Ιερατικοὺς
1006 2593 1106 2661 μὲν
1132 2595 1261 2655 τοὺς
1287 2597 1413 2664 περὶ
1446 2597 1506 2646 τὸ
1539 2595 1689 2665 βῆμά
1715 2616 1872 2666 φησι,

309 2681 607 2750 κληρικοὺς
637 2683 693 2735 δὲ
722 2684 846 2745 τοὺς
874 2683 1115 2744 λοιπούς.
1151 2686 1387 2748 Τούτους
1411 2683 1505 2738 οὖν
1538 2690 1759 2742 ἀπιέναι
1785 2708 1874 2743 ποι

313 2773 613 2840 μέλλοντας
638 2817 652 2838 ,
686 2775 779 2827 καλ⁵
811 2775 1162 2845 ἀποδημῆσαι
1193 2778 1292 2846 τῆς
1317 2779 1373 2831 ἐν
1461 2781 1877 2850 κατετάχθησαν

321 2863 672 2930 Ἐκκλησίας,
712 2867 775 2918 ού
807 2871 1083 2938 συγχωρεῖ
1107 2871 1134 2922 ό
1166 2869 1344 2922 κανὼν
1377 2873 1505 2924 ἄνευ
1531 2874 1754 2943 γνώμης
1783 2873 1875 2927 τοῦ

311 2958 614 3010 ἐπισκόπου
637 2959 864 3013 ὁδεύειν.
903 2962 1129 3032 Εἴρηται
1161 2963 1215 3014 δέ
1245 2964 1340 3033 ἤδη
1375 2966 1506 3034 περὶ
1529 2967 1876 3033 γραμμάτων

305 3050 599 3118 εἰρηνικῶν
656 3052 749 3104 καὶ
799 3055 1145 3106 συστατικῶν
1191 3057 1248 3108 ἐν
1295 3056 1371 3125 τῷ
1428 3064 1494 3109 ια’
1545 3059 1730 3112 κανόνι
1776 3061 1877 3130 τῆς

305 3137 349 3192 δ’
387 3143 630 3195 συνόδου.
670 3144 889 3208 Ταύτας
921 3142 1013 3198 οὖν
1043 3147 1140 3208 τὰς
1197 3149 1509 3212 ἐπιστολὰς,
1546 3149 1643 3211 τὰς
1665 3151 1871 3220 εἰρηνι-

306 3235 409 3294 κάς
439 3235 499 3285 τέ
547 3253 690 3302 φημι
736 3237 830 3288 καὶ
879 3239 1233 3303 συστατικὰς,
1271 3243 1532 3294 κανονικά
1571 3241 1879 3314 γράμματα

305 3327 543 3380 ἐνταῦθα
572 3329 888 3397 ὠνόμασαν.

303 3504 522 3556 ΔΡΙΣΤ.
566 3525 583 3555 ι
619 3505 894 3573 Κληρικός
938 3510 1106 3575 χωρὶς
1157 3512 1464 3563 κανονικῶν
1509 3514 1809 3568 ἐπιστολῶν
1845 3515 1876 3584 ἦ

382 3617 399 3645 ι
449 3600 811 3661 ἀνεπίτακτος
839 3600 898 3652 οὖ
927 3605 1164 3668 πρόεισι.
1217 3623 1234 3655 ι

383 3693 455 3742 υὺ
520 3693 930 3761 συγχωροῦνται
981 3696 1129 3763 παρὰ
1173 3696 1282 3748 τῶν
1327 3697 1489 3766 ἱερῶν
1543 3700 1783 3753 κανόνων
1828 3703 1878 3754 οἱ

306 3782 800 3853 ξενοχειροτόνητοι
831 3787 1273 3854 παραδέχεσθαι,
1309 3791 1616 3844 συστατικὰ
1643 3793 1720 3862 μὴ
1749 3797 1874 3847 ἐπι-

306 3879 596 3944 φερόμενοι
627 3879 966 3946 γράμματα·
999 3881 1092 3931 καὶ
1117 3881 1205 3933 διὰ
1221 3882 1377 3935 τοῦτο
1401 3885 1698 3949 ἀναγκαῖόν
1731 3887 1878 3938 ἐστιν

304 3971 512 4022 ὁδεύειν
544 3972 742 4032 αὑτοὺς
781 3973 917 4040 μετὰ
956 3978 1306 4043 γραμμάτων
1338 3978 1661 4040 κανονικῶν,
1688 3977 1878 4048 ὥσπερ

309 4063 372 4131 δὴ
431 4065 524 4114 καὶ
556 4064 681 4124 τοὺς
737 4065 1196 4134 κεκληρωμένους
1232 4070 1290 4120 ἐν
1337 4069 1541 4140 ἑκάστῃ
1582 4070 1878 4138 Ἐκκλησία

313 4152 447 4217 μετὰ
503 4152 727 4220 γνώμης
783 4154 876 4206 καὶ
921 4156 1221 4218 κελεύσεως
1253 4159 1346 4211 τοῦ
1386 4160 1518 4212 ἰδίου
1569 4162 1871 4213 ἐπισκόπου

306 4243 384 4304 εἰς
420 4243 615 4310 ἑτέραν
647 4243 800 4296 πόλιν
835 4247 929 4298 καὶ
954 4248 1226 4317 ἐπαρχίαν
1250 4250 1478 4305 ὁδεύειν.

893 4338 1130 4389 ΚᾹΝΩΝ
1157 4339 1289 4394 Ml".

313 4442 330 4472 ι
367 4425 487 4476 Ὅτι
521 4426 578 4476 οὗ
619 4425 700 4478 δεῖ
722 4427 1022 4496 ὑπηρέτας,
1047 4429 1152 4480 κᾶν
1182 4432 1318 4500 πρὸς
1355 4433 1552 4505 βραχὺ,
1581 4438 1674 4498 τὰς
1705 4436 1878 4507 θύρας

455 4537 471 4562 ι
513 4517 947 4581 ἐγκαταλείπειν,
981 4519 1075 4570 καὶ
1103 4523 1168 4589 τῇ
1193 4524 1325 4592 εὑχῇ
1365 4525 1670 4593 σχολάζειν.
1710 4547 1726 4576 ι

377 4607 564 4658 ΒΛᾹΣ.
627 4610 942 4678 Εἰρήκαμεν
987 4614 1046 4663 ὲν
1093 4615 1169 4682 τῷ
1214 4617 1297 4682 κβ¹
1345 4619 1533 4670 κανόνι
1595 4619 1872 4687 ὑπηρέτας

305 4700 430 4759 τνιὺς
481 4702 867 4768 ὑποδιακόνους
892 4747 904 4765 .
954 4713 1046 4761 καὶ
1081 4710 1224 4776 ἔχειν
1259 4711 1458 4772 αὐτοὺς
1488 4713 1668 4764 πᾶσαν
1701 4713 1873 4779 ἀναγ-

309 4808 410 4858 κην
449 4792 552 4842 τῶν
592 4794 764 4860 ἁγίων
797 4799 1098 4869 ἐκκλησιῶν
1134 4800 1328 4871 Θύραις
1369 4803 1694 4870 ἐφίστασθαι
1734 4805 1875 4856 κατὰ

308 4879 395 4931 τὸν
431 4882 526 4946 τῆς
572 4885 915 4956 λειτουργίας
951 4891 1162 4962 καιρδν,
1210 4894 1368 4963 χάριν
1410 4893 1503 4945 τοῦ
1537 4898 1780 4961 εἰσάγειν
1813 4913 1872 4947 τε

311 4974 406 5023 καὶ
437 4973 657 5041 ἐξάγειν
680 4979 806 5040 τοὺς
838 4984 1303 5050 κατηχουμένους,
1334 4986 1460 5046 τοὺς
1495 4987 1550 5035 ἐν
1587 4988 1868 5056 μετανοίᾳ,

308 5064 402 5114 καὶ
447 5065 576 5127 τοὺς
609 5067 853 5133 λοιπούς.
902 5073 1058 5124 Ἐπεὶ
1108 5071 1201 5127 οὖν
1243 5093 1388 5136 τινες
1434 5078 1495 5127 ἐκ
1533 5078 1740 5129 τούτων
1775 5080 1873 5143 τὴν

307 5155 738 5226 ἀνατεθειμένην
786 5163 966 5225 αὐτοῖς
997 5164 1276 5218 διακονίαν
1333 5167 1737 5230 καταλιπόντες
1768 5171 1875 5238 ἦπ-

307 5261 462 5298 τοντο
509 5249 618 5301 τῶν
652 5251 808 5304 θείων
861 5257 1242 5324 άγιασμάτων,
1291 5257 1500 5326 ῶρισαν
1527 5261 1574 5309 οἱ
1636 5261 1875 5329 Πατέρες

309 5337 460 5404 παρὰ
517 5341 634 5402 ταῖς
692 5341 884 5412 θύραις
929 5347 1035 5398 τῶν
1083 5348 1388 5416 ἐκκλησιῶν
1434 5349 1658 5403 τούτους
1707 5367 1877 5418 7:906-

307 5427 570 5495 εδρεύειν,
596 5433 690 5484 καὶ
725 5434 800 5504 μὴ
821 5439 1298 5508 μεταχειρίζεσθαι
1319 5439 1390 5493 τὰ
1419 5441 1537 5493 θεῖα
1571 5444 1872 5511 μυστήρια,

308 5521 403 5570 καὶ
428 5519 682 5592 εὔχεσθαι
718 5527 857 5597 ὑπὲρ
889 5528 981 5580 τοῦ
1023 5529 1151 5582 λαοῦ
1197 5531 1338 5584 κατὰ
1370 5535 1555 5602 ἱερεῖς.
1576 5535 1876 5599 Ἀνάγνωοι

311 5611 404 5662 καὶ
435 5611 524 5661 τὸν
554 5621 638 5664 κα⁹
669 5617 764 5666 καὶ
792 5619 880 5667 τὸν
917 5617 994 5687 κβ⁹
1032 5617 1254 5680 κανόνα,
1286 5620 1380 5672 καὶ
1409 5619 1477 5671 τά
1509 5623 1566 5672 ἐν
1599 5621 1804 5681 αὐτοῖς.

381 5704 624 5757 ΖΩΝΑΡ.
646 5707 951 5775 ’Υπηρέτας
988 5714 1112 5772 τοὺς
1141 5711 1529 5774 ὑποδιακόνους
1558 5707 1695 5764 εἷναί
1723 5732 1873 5780 φασι.

312 5795 449 5855 Τοὺς
494 5797 550 5848 δὲ
601 5799 984 5862 ὑποδιακόνους
1031 5805 1147 5863 ταῖς
1198 5801 1390 5869 θύραις
1431 5805 1537 5856 τῶν
1587 5807 1757 5872 ἁγίων
1789 5809 1875 5858 ἐκ·

1975 1957 2211 2021 litteris,
2267 1959 2371 2012 hoc
2423 1969 2544 2024 cst,
2589 1961 3059 2016 commendatitiis
3107 1972 3161 2016 et
3205 1961 3538 2016 dimissoriis

1973 2049 2220 2118 epiStolis
2252 2067 2264 2103 :
2298 2061 2354 2104 et
2389 2060 2689 2119 praesentes
2736 2053 2899 2105 etiam
2944 2067 3184 2107 canones
3213 2052 3401 2106 eadem
3441 2055 3537 2106 de-

1975 2150 2222 2193 cernunt.
2281 2139 2419 2194 Sunt
2463 2151 2643 2195 autem
2704 2144 2905 2198 sacrati
2956 2143 3017 2209 ii,
3066 2145 3157 2213 qui
3211 2154 3338 2198 sunt
3392 2145 3536 2199 circa

1974 2246 2189 2285 sacrum
2223 2232 2464 2286 tribunal
2513 2251 2528 2286 :
2571 2234 2754 2288 clerici
2809 2250 2935 2290 vero
2985 2237 3202 2306 reliqui.
3251 2237 3394 2306 Lege
3451 2258 3541 2288 (ἐι-

1975 2338 2171 2377 nonem
2203 2323 2269 2377 10
2301 2331 2509 2391 quartae
2541 2325 2757 2394 synodi,
2805 2335 3120 2381 sanctorum
3164 2330 3538 2397 apostolorum

1975 2429 2242 2468 canonem
2301 2414 2390 2479 12,
2436 2424 2490 2469 et
2549 2417 2908 2474 Antiocheam
2954 2420 3148 2490 synodi
3192 2436 3433 2476 canones
3487 2423 3539 2483 7.

1975 2502 2227 2557 8etll.

2046 2594 2295 2650 ZONAR.
2343 2597 2599 2652 Sacratos
2634 2598 2880 2668 quidem,
2925 2615 3020 2654 eos
3049 2602 3142 2670 qui
3170 2601 3318 2655 circa
3364 2618 3544 2656 sacra-

1977 2687 2116 2740 rium
2170 2698 2482 2754 versantur,
2521 2692 2754 2744 clericos
2793 2708 2924 2748 vero
2968 2695 3107 2748 alios
3141 2710 3332 2749 omnes
3360 2698 3542 2764 appel-

1977 2776 2071 2829 lat.
2130 2776 2234 2833 Eos
2294 2779 2480 2848 igitur,
2534 2781 2578 2834 si
2631 2781 2816 2850 aliquo
2863 2781 3158 2851 profecturi
3209 2785 3343 2846 sint,
3380 2795 3433 2838 et
3477 2787 3544 2837 ab

1976 2868 2209 2923 ecclesia
2277 2870 2366 2922 cui
2434 2871 2693 2939 adscripti
2765 2881 2891 2926 sunt
2932 2873 3264 2942 migraturi,
3336 2874 3545 2943 absque

1978 2960 2213 3034 episcopi
2249 2959 2509 3016 facultate
2553 2963 2761 3032 ingredi
2807 2979 2984 3017 canon
3020 2965 3162 3018 haud
3196 2967 3349 3019 sinit.
3395 2965 3543 3018 Dixi-

1979 3064 2098 3102 mus
2131 3063 2257 3102 vero
2297 3050 2410 3119 jam
2457 3052 2524 3106 de
2556 3052 2822 3121 pacilicis,
2857 3063 2912 3107 et
2954 3055 3424 3108 commendatitiis
3460 3055 3546 3107 lit-

1981 3142 2136 3207 teris,
2167 3153 2376 3211 quarta
2433 3144 2628 3213 synodi
2679 3160 2891 3198 canone
2917 3147 2999 3198 ll.
3032 3148 3145 3200 llas
3178 3163 3307 3214 ergo
3337 3147 3543 3214 episto-

1982 3233 2084 3295 las,
2119 3235 2400 3303 paciﬁcas,
2446 3237 2694 3304 inquam,
2744 3248 2795 3290 et
2844 3240 3347 3299 commendatitias,
3379 3254 3545 3291 cauo-

1981 3327 2136 3381 nicas
2171 3328 2387 3383 litteras
2435 3329 2539 3382 hoc
2585 3331 2727 3391 loco,
2763 3330 2908 3398 quod
2953 3347 3018 3385 ex
3052 3332 3276 3385 decreto
3321 3332 3546 3383 canonis

1982 3416 2350 3486 traderentur,
2388 3420 2714 3475 nominavit.

1981 3507 2207 3563 AIllST.
2283 3511 2579 3567 «Clericus
2646 3514 2767 3567 sine
2827 3513 3028 3568 litteris
3085 3514 3404 3576 canonicis.
3463 3513 3544 3568 vel

2265 3610 2307 3652 'i
2345 3602 2614 3672 injussus,
2649 3605 2751 3658 iter
2783 3620 2891 3658 non
2919 3605 3171 3674 suscipit.
3213 3625 3230 3657 ι

2061 3691 2177 3746 Non
2232 3695 2634 3760 permittuntur
2687 3712 2718 3750 a
2769 3697 2943 3750 sacris
2991 3699 3298 3752 cauonihus
3350 3698 3442 3767 qui
3495 3699 3546 3750 in

1980 3781 2157 3835 aliena
2192 3783 2472 3852 provincia
2506 3785 2740 3839 ordinati
2799 3796 2948 3851 sunt,
2979 3789 3220 3851 admitti,
3269 3805 3551 3842 commen-

1979 3873 2198 3928 datitias
2229 3891 2334 3928 non
2370 3875 2660 3932 afferentes
2699 3879 2931 3934 litteras.
2969 3878 3035 3932 Et
3076 3880 3285 3951 ideirco
3321 3896 3549 3934 necesse

1979 3975 2063 4018 est
2118 3983 2213 4022 eos
2257 3983 2383 4020 cum
2424 3968 2624 4024 litteris
2673 3971 2959 4026 canonicis
3005 3972 3111 4025 iter
3143 3972 3345 4035 facere,
3394 3983 3450 4026 ut
3496 3981 3551 4026 et

1977 4073 2171 4113 omnes
2223 4061 2456 4114 clericos
2513 4063 2566 4114 in
2624 4079 2949 4132 unaquaque
2997 4065 3229 4118 ecclesia
3282 4082 3404 4117 cum
3461 4067 3546 4121 sui

1979 4150 2223 4219 episcopi
2258 4151 2539 4206 voluntate
2581 4161 2635 4207 et
2680 4155 2938 4209 mandato
2968 4156 3033 4208 ad
3069 4156 3232 4209 aliam
3268 4157 3546 4211 civitatem

1977 4247 2031 4290 et
2055 4239 2394 4306 provinciam
2429 4242 2728 4310 proﬁcisci.

2529 4334 2756 4390 CANON
2802 4336 2989 4392 XLIII.

1982 4444 2000 4475 ι
2037 4425 2190 4491 Quod
2228 4443 2333 4478 non
2381 4437 2596 4494 oportet
2636 4430 2935 4494 ministros,
2969 4431 3048 4485 vel
3081 4432 3232 4485 brevi
3279 4442 3546 4500 tempore,

2147 4540 2162 4568 ι
2203 4520 2348 4572 [οι-εις
2383 4522 2711 4590 relinquere,
2752 4532 2805 4576 et
2837 4524 3071 4576 orati0ui
3106 4539 3321 4577 vacare.
3361 4543 3378 4574 ι

2053 4611 2242 4664 BALS.
2295 4613 2538 4667 Diximus
2591 4614 2643 4666 in
2704 4629 2914 4668 canone
2960 4614 3030 4666 ιη
3084 4617 3365 4668 ministros
3420 4631 3543 4669 esse

1977 4707 2371 4767 sulidiaconos,
2429 4718 2478 4758 et
2528 4721 2622 4760 eos
2665 4707 2982 4760 necessario
3019 4717 3275 4775 oportere
3325 4717 3546 4762 sancta-

1979 4809 2096 4846 rum
2141 4795 2499 4847 ecclesiarum
2548 4793 2762 4847 foribus
2795 4795 3062 4848 adsistere
3097 4803 3342 4863 tempore
3383 4813 3543 4851 sacra

1978 4887 2232 4955 mysteria
2263 4886 2577 4956 peragendi,
2615 4899 2670 4940 ut
2709 4887 3064 4940 introducunt
3110 4897 3162 4939 et
3187 4887 3425 4941 educant
3457 4905 3549 4942 ca-

1981 4977 2356 5041 techumenos,
2386 4989 2439 5033 et
2469 4994 2562 5030 eos
2588 4977 2680 5045 qui
2715 4989 2844 5030 sunt
2887 4977 2938 5028 in
2984 4978 3332 5044 posuitentia,
3370 4989 3422 5031 et
3466 4995 3547 5033 re-

1981 5067 2182 5134 liquos.
2233 5069 2370 5133 Quia
2429 5085 2559 5138 ergo
2604 5068 2850 5122 nonnulli
2888 5083 2952 5122 ex
3010 5068 3077 5121 iis
3116 5069 3303 5121 ICIlClt)
3334 5070 3436 5122 SIIII
3471 5082 3550 5122 at-

1980 5160 2182 5212 tributo
2242 5161 2545 5215 ministerio
2602 5171 2944 5213 sacramenta
3006 5161 3382 5228 attingebant,
3434 5173 3547 5215 sta-

1981 5261 2198 5304 tuerunt
2228 5252 2434 5315 Patres,
2476 5253 2591 5306 utii
2630 5251 2875 5305 ecclesia:
2911 5250 3122 5303 foribus
3158 5253 3464 5317 assideant,
3497 5265 3550 5308 ct

1980 5342 2162 5397 divina
2201 5345 2456 5416 mysteria
2507 5360 2614 5398 non
2651 5352 3020 5406 contrecteut,
3071 5362 3170 5397 nec
3206 5362 3302 5414 pro
3349 5350 3554 5416 populo

1981 5447 2276 5507 precentur
2333 5440 2503 5492 instar
2565 5439 2938 5493 sacerdotum.
3002 5435 3143 5508 Lege
3193 5454 3432 5494 canones
3481 5441 3541 5493 ιιι

1981 5539 2032 5581 et
2073 5527 2166 5588 9.2,
2202 5537 2255 5581 et
2283 5544 2407 5598 qua:
2437 5536 2567 5582 sunt
2597 5529 2649 5582 in
2687 5529 2844 5600 ipsis.

2056 5709 2306 5764 ZONAR.
2353 5696 2590 5766 MiniStri
2622 5727 2763 5780 quos
2799 5712 3204 5780 liypodiaconos
3242 5727 3362 5764 esse
3403 5728 3556 5764 asse-

1986 5816 2150 5865 runt,
2213 5816 2525 5859 sanctarum
2584 5808 2943 5859 ecclesiarum
3019 5803 3231 5856 foribus
3294 5805 3554 5857 as~istcre
