4178 6420
280 372 408 436 HO!

1431 380 1511 439 IN
1551 381 1713 442 CAN.
1757 384 1929 443 XLVI
1967 386 2167 447 iiONC.
2211 388 2421 448 LAOD.

3360 389 3496 451 HO?

270 492 634 561 ἑτοιμασθεὶς,
675 493 1127 563 βαπτισοήςεται.
1175 493 1249 548 Τὸ
1275 495 1407 566 γὰρ,
1457 499 1533 552 Οὐ
1562 500 1644 552 δεῖ
1672 501 1824 569 δέχε-

1944 518 2183 561 iara'ns.
2242 505 2630 573 baptizabitnr.
2695 505 2828 558 Illud
2875 509 3061 567 enim,
3108 505 3223 558 Non
3282 517 3496 574 oportet

273 585 423 644 σοαι,
458 586 556 636 οὐκ
585 586 952 649 άδιαστίκτως
986 587 1230 656 νοητέον,
1270 588 1406 644 ἀλλὰ
1432 593 1574 646 κατὰ
1604 594 1664 644 τὸ
1695 594 1836 659 μέγα

263 676 418 730 Σάϐϐ
427 695 573 730 ατον.

345 772 591 826 ΖΩΝΑΡ.
649 772 844 842 Ἐντῷ
911 775 1130 844 μεγάλῳ
1191 775 1454 846 Σαϐϐάτῳ
1507 777 1566 841 ἑξ
1609 776 1827 845 ἔθουςή

278 863 580 930 Ἔκιολησῖα
639 866 812 916 ποιεῖν
869 864 1218 934 βαπτίσματα
1266 867 1605 936 παρέλαϐεν
1656 869 1737 921 ὅτι
1773 870 1834 920 τὸ

268 953 584 1022 βάπτισμα,
617 957 720 1023 τῆς
753 959 931 1025 ταφῆς
957 960 1050 1010 καὶ
1090 959 1186 1026 τῆς
1209 961 1562 1022 ἀναστάσεως
1585 960 1678 1013 τοῦ
1715 964 1830 1015 Κυ-

266 1047 396 1113 ρίου
426 1046 593 1106 τύπος
628 1048 764 1100 ἑστί.
798 1049 871 1100 Τὸ
908 1050 966 1101 δὲ
1001 1051 1282 1103 Σάϐϐατον
1312 1052 1488 1104 ἑκεῖνο
1524 1053 1688 1120 μέσον
1718 1054 1833 1104 ἐστὶ

263 1139 372 1206 τῆς
403 1140 578 1206 ταφῆς
609 1141 704 1193 καὶ
729 1143 826 1210 τῆς
853 1139 1226 1205 ἀναστάσεως.
1252 1144 1390 1205 Τοὺς
1417 1138 1509 1196 οὖν
1541 1143 1833 1214 ἑτοιμάζο-

270 1230 474 1298 μένους
501 1234 841 1302 φωτισϐῆναι
876 1236 933 1286 ἑν
975 1235 1052 1303 τῷ
1081 1235 1300 1305 μεγάλῳ
1331 1237 1593 1305 Σαϐϐάτῳ
1626 1237 1707 1289 δεῖ
1736 1237 1834 1306 τὴν

269 1323 462 1373 πᾶσαν
497 1323 960 1394 Τεσσαρακοστὴν
990 1326 1276 1393 νηστεύειν
1303 1344 1361 1378 τε
1396 1327 1490 1378 καὶ
1524 1325 1828 1396 προκαθαί-

271 1414 468 1483 ρεσθαι
499 1414 570 1466 δι’
594 1415 902 1485 ἀσκήσεως,
970 1417 1062 1470 καὶ
1098 1418 1240 1470 οὕτω
1282 1419 1567 1486 προσιέναι
1598 1418 1674 1486 τῷ
1720 1436 1834 1485 φω-

275 1509 534 1574 τξσματι.
590 1509 654 1561 Et
705 1509 761 1561 δέ
808 1527 893 1571 τις
948 1511 1083 1578 μετὰ
1129 1511 1226 1576 τὴν
1270 1509 1529 1578 δευτέραν
1570 1510 1837 1578 ἑϐδομάδα

271 1600 548 1670 προσέλθῃ
575 1599 1095 1670 βαπτισθησόμενος,
1141 1602 1203 1655 οὑ
1249 1603 1330 1655 δεῖ
1377 1603 1541 1656 αὑτὸν
1592 1601 1830 1671 προσδέ-

270 1690 470 1759 χεσθαι
520 1693 600 1754 εἰς
651 1692 711 1744 τὸ
756 1693 1040 1762 βάπτισμα
1086 1695 1230 1747 κατὰ
1275 1695 1336 1746 τὸ
1372 1695 1586 1764 Πάσχα,
1637 1694 1710 1758 ὡς
1760 1693 1835 1764 μὴ

271 1786 405 1850 ὃλην
437 1785 533 1851 τὴν
567 1786 1032 1854 Τεσσαρακοστὴν
1065 1785 1460 1856 νηστεύσαντα,
1496 1784 1633 1855 μετὰ
1662 1785 1833 1836 ταῦτα

1940 595 2169 657 admitti,
2206 613 2311 648 non
2342 607 2422 649 est
2461 597 2776 651 indistlnme
2807 599 3242 667 intclligvmlnm,
3295 598 3387 651 st-d
3445 601 3499 652 in

1939 703 2131 753 tttagno
2168 689 2432 742 Sabbato.

2002 781 2252 834 ZONAR.
2311 782 2503 851 Magno
2557 782 2801 838 Sabbato
2868 785 3133 852 baptisma
3187 784 3496 846 celebrari,

1937 876 2161 942 antiqua
2197 874 2450 928 Ecclesiae
2491 876 2887 928 consuetudine
2916 886 2996 926 est
3049 889 3322 942 reci-ptum
3366 891 3379 926 :
3414 889 3497 928 est

1937 981 2170 1033 namque
2202 968 2463 1036 baptisma
2497 970 2796 1037 sepulturae
2836 980 2886 1021 et
2929 971 3350 1021 resurrectionis
3387 968 3489 1019 Do-

1939 1057 2148 1110 miniva:
2181 1067 2363 1128 typus.
2394 1058 2629 1112 Medium
2670 1073 2845 1112 autem
2882 1061 3024 1113 inter
3063 1065 3400 1126 sepulturam
3442 1067 3495 1111 et

1937 1152 2389 1202 resurrectionem
2425 1150 2632 1203 Domini
2682 1151 2980 1204 Sabbatum
3017 1154 3144 1205 illud
3177 1152 3489 1204 intercedit.

1937 1240 2258 1310 Quicunque
2307 1243 2470 1311 igitur
2528 1259 2587 1297 se
2627 1252 2839 1312 parant,
2896 1253 2954 1295 ut
3002 1259 3196 1312 magno
3252 1243 3491 1294 Sabbatn

1938 1332 2302 1399 baptizentur,
2346 1343 2516 1387 totum
2569 1335 3059 1404 Quadragesimum
3095 1343 3312 1399 tempus
3351 1332 3491 1400 jeju-

1939 1427 2045 1480 niis
2098 1428 2427 1489 transigere,
2493 1427 3083 1493 exercitationilmsque
3129 1426 3323 1477 divinis
3366 1440 3494 1492 pur-

1935 1523 2110 1584 gatos,
2143 1516 2208 1569 ad
2256 1517 2638 1585 baptizandum
2677 1518 2936 1570 accedere
2985 1524 3219 1584 oportet.
3268 1514 3322 1565 Si
3371 1515 3493 1580 quis

1936 1618 2116 1662 autem
2187 1611 2420 1663 secumla
2494 1611 2827 1663 bebdomada
2893 1612 3076 1675 elapsa
3132 1607 3497 1676 baptizandus

1937 1698 2181 1762 acvedat,
2239 1715 2574 1769 nequaquam
2643 1701 2688 1754 is
2741 1701 2992 1754 Pascbali
3064 1709 3330 1768 tempore,
3393 1698 3494 1750 nisi

1937 1790 2295 1858 quadraginta
2353 1792 2561 1846 dierum
2604 1793 2812 1861 jejunio
2861 1794 3150 1862 expiatus,
3212 1793 3273 1843 ad
3323 1791 3495 1860 bapti-

272 1878 336 1928 δὲ
391 1877 846 1946 βαπτισθήσεται.
902 1878 977 1929 Τὸ
1025 1878 1155 1947 γὰρ,
1199 1877 1275 1930 Οὐ
1318 1877 1397 1928 δεῖ
1435 1875 1708 1945 δέχεσθαι.
1737 1874 1836 1926 οὐκ

1946 1893 2115 1930 snmm
2142 1879 2349 1932 admitti
2374 1882 2571 1946 debet;
2604 1899 2712 1951 quo
2738 1885 2952 1936 demum
2987 1894 3199 1942 exacto,
3229 1880 3492 1949 baptizari

274 1969 639 2031 ἁδιαστίκτως
657 2009 670 2032 ,
699 1969 832 2021 ἀλλὰ
855 1971 997 2021 κατὰ
1028 1970 1089 2020 τὸ
1117 1969 1258 2036 μέγα
1289 1966 1563 2022 Σάϐϐατον
1594 1967 1834 2032 νοητέον.

1945 1967 2138 2021 deinde
2189 1970 2462 2024 hominem
2517 1984 2644 2026 tunc
2692 1975 2908 2042 quidem
2966 1975 3167 2026 licebit.
3220 1971 3352 2025 Nznn
3406 1971 3496 2023 illa

276 2061 464 2122 verba,
499 2059 614 2113 Non
648 2069 864 2128 oportet
912 2060 1147 2122 admitti,
1187 2075 1294 2114 non
1367 2059 1682 2112 indistincte
1745 2057 2082 2128 accipienda,
2152 2063 2243 2116 sed
2308 2067 2524 2134 prepric
2600 2067 2666 2119 de
2727 2083 2922 2138 magno
2980 2067 3219 2120 Sabbato
3299 2065 3502 2118 intellir

276 2157 449 2224 gelida
481 2165 625 2209 sunt.

273 2247 502 2300 ΔΡΙΣΤ.
564 2246 685 2299 «Ob
737 2245 818 2298 δεῖ
879 2247 1016 2314 μετὰ
1080 2244 1172 2298 δύο
1231 2247 1325 2313 τῆς
1380 2244 1838 2312 Τεσσαρακοστῆς

359 2359 377 2389 ι
413 2338 716 2406 ἑϐδομάδας
743 2340 824 2399 εἰς
851 2337 910 2389 τὸ
939 2338 1192 2406 φώτισμα
1222 2337 1496 2406 δέχεσθαι.
1534 2335 1838 2406 Ὀφείλουσι

355 2449 373 2481 ι
415 2430 510 2484 καὶ
538 2431 648 2501 γὰρ
675 2430 773 2483 ἀπ’
801 2431 979 2500 ἀρχῆς
1009 2431 1180 2499 αὐτῆς
1209 2430 1512 2498 νηστεύειν.
1555 2449 1572 2481 ι

359 2522 419 2571 '0
455 2519 634 2574 κανὼν
681 2513 837 2583 οὗτος
885 2520 1074 2581 διττῶς
1109 2521 1332 2575 δύναται
1370 2521 1662 2590 νοηθῆναι·
1695 2519 1731 2590 ἢ
1756 2519 1838 2572 ὃτι

274 2613 328 2663 oi.
361 2611 500 2678 μετὰ
526 2609 886 2680 παραδρομὴν
921 2608 1014 2661 δύο
1046 2609 1359 2678 ἑϐδομάδων
1411 2611 1509 2678 τῆς
1560 2610 1841 2678 Τεσσαρα-

277 2708 481 2773 κοστῆς
514 2703 948 2773 προσερχόμενοι
994 2705 1060 2772 τῇ
1113 2704 1294 2755 πίστει
1324 2743 1338 2764 ,
1397 2704 1491 2756 καὶ
1542 2703 1841 2771 ἀρξάμενοι

274 2795 582 2864 νηστεύειν,
637 2795 736 2848 οὐκ
770 2795 1174 2864 άξιωθήσονται
1227 2795 1322 2848 τοῦ
1371 2793 1750 2864 βαπτίσματος
1786 2795 1842 2845 ἑν

275 2886 356 2954 τῷ
385 2885 606 2956 μεγάλῳ
650 2885 936 2956 Σαϐϐάτῳ.
987 2886 1062 2948 ὡς
1106 2887 1201 2939 καὶ
1231 2887 1288 2952 ἐξ
1334 2887 1509 2956 ἀρχῆς
1541 2888 1710 2954 αὐτῆς
1740 2887 1840 2953 τῆς

277 2980 745 3051 Τεσσαρακοστῆς
789 2980 887 3049 τὴν
941 2979 1178 3048 ἄσκησιν
1208 2977 1592 3048 ἑνδειξάμενοι,
1627 2979 1716 3030 καὶ
1742 2980 1842 3048 ἀρ-

273 3073 520 3133 κούντως
552 3071 988 3142 νηστεύσαντες·
1021 3073 1052 3143 ἢ
1089 3073 1194 3135 ὅτι,
1248 3073 1346 3125 ἐὰν
1378 3072 1484 3142 πρὸ
1509 3075 1607 3142 τῆς
1640 3073 1843 3124 Τεσσα-

277 3167 556 3236 ρακοστῆς
588 3164 896 3234 προσῆλθόν
923 3183 1069 3226 τινες
1109 3168 1174 3234 τῇ
1228 3165 1427 3229 πίστει,
1480 3166 1575 3217 καὶ
1610 3164 1844 3235 ἤρξαντο

1943 2243 2174 2300 ARIST.
2225 2265 2242 2297 ι
2279 2245 2407 2301 Post
2459 2247 2594 2301 duas
2635 2247 3078 2319 Quadragesimm
3128 2246 3499 2300 hebdomadas

2020 2355 2038 2387 ι
2078 2337 2141 2389 ad
2181 2339 2633 2393 illuminationem
2678 2340 2906 2407 quosvis
2941 2339 3150 2391 admitti
3190 2355 3297 2390 non
3336 2351 3500 2403 oporv

2020 2448 2037 2479 ι
2073 2439 2145 2482 tet
2175 2447 2187 2487 ;
2217 2431 2283 2481 ab
2316 2430 2431 2498 ipso
2459 2432 2600 2483 enim
2645 2431 2911 2500 principio
2937 2431 3185 2499 jejunare
3217 2430 3434 2481 deiwnt.
3477 2446 3494 2476 ι

2011 2519 2109 2576 Hic
2131 2522 2620 2591 c:mou'dupliciter
2646 2533 2821 2592 potest
2856 2525 3101 2586 intelligi,
3132 2523 3209 2575 vel
3241 2521 3496 2590 quodqui

1938 2622 2062 2682 post
2115 2614 2249 2669 duas
2301 2613 2743 2685 Quadragesima:
2791 2615 3159 2669 hebdonmdsis
3216 2611 3499 2681 pneicria-

1938 2719 2064 2773 psas
2090 2704 2154 2755 ad
2193 2704 2351 2757 iidem
2393 2685 2678 2769 accedunt,
2732 2714 2784 2758 et
2811 2705 3063 2774 jejunare
3114 2706 3410 2771 incipiunt.
3448 2701 3499 2751 in

1941 2811 2141 2866 magno
2184 2794 2426 2850 Sabbato
2467 2797 2746 2867 baptismo
2788 2797 2936 2865 digni
2976 2812 3082 2849 non
3135 2796 3500 2853 babelmntnr,

1949 2900 2010 2944 ut
2042 2889 2121 2944 illi
2153 2890 2246 2960 qui
2294 2891 2362 2943 ab
2408 2891 2562 2943 initio
2611 2889 2770 2942 istius
2804 2888 3250 2953 Quadragesimu:
3290 2886 3502 2937 exerci-

1949 2983 2202 3037 tationem
2253 2982 2640 3044 ostenderunt,
2671 2991 2723 3034 et
2773 2980 3102 3034 sullicienter
3142 2979 3500 3046 jejunarnnt;

1946 3073 2030 3127 vel
2062 3075 2204 3141 quod
2243 3073 2286 3128 si
2344 3083 2468 3126 ante
2498 3073 2987 3140 Quadragesintatn
3023 3071 3088 3124 ad
3134 3070 3293 3122 ﬁdem
3338 3070 3502 3136 quili-

1948 3163 2038 3219 bet
2092 3175 2461 3228 accesserunt,
2522 3173 2577 3217 et
2633 3163 2885 3232 ieiunare
2943 3172 3251 3232 cmperunt,
3307 3163 3504 3214 deinde

277 3257 587 3326 νηστεύειν,
604 3252 726 3310 εἶτα
748 3256 856 3327 πρὸ
885 3257 978 3309 τοῦ
1008 3256 1308 3326 ἀξιωθῆναι
1337 3256 1435 3310 τοῦ
1468 3255 1841 3326 βαπτίσματος

1945 3257 2263 3326 priusquam
2334 3258 2607 3326 baptismo
2680 3267 3010 3310 censeantur
3075 3257 3218 3325 digni
3285 3254 3506 3307 advenit

279 3350 487 3415 ἑπέστη
518 3350 550 3418 ἠ
588 3349 1046 3419 Τεσσαρακοστὴ,
1097 3349 1198 3401 οὐκ
1233 3348 1565 3418 ἁναμενοῦσι
1605 3348 1666 3401 τὺ
1702 3347 1847 3417 μέγα

279 3441 561 3494 Σάϐϐατον
618 3441 711 3492 tat
741 3440 819 3509 τῷ
866 3439 1224 3508 φωτισθῆναι,
1297 3438 1480 3501 καθὼς
1531 3441 1627 3494 καὶ
1669 3439 1720 3489 ot
1749 3438 1844 3491 ἀπ’

275 3537 453 3604 ἀρχῆς
480 3537 645 3605 αὐτῆς
675 3536 770 3604 τῆς
813 3536 1279 3604 Τεσσαριικοστῆς
1336 3536 1624 3604 νηστεύειν
1667 3535 1846 3604 ἀρξά-

263 3605 470 3696 ’μενοιν
523 3627 638 3680 ἀλλ’
683 3626 810 3697 ἄχρι
867 3629 968 3696 μὲν
1011 3627 1104 3679 δύο
1159 3628 1492 3697 ἑϐδομάδων,
1539 3629 1588 3680 εί
1645 3626 1846 3686 ἱκανῶς

274 3723 638 3790 ἑνήστευσαν,
683 3721 1086 3792 ἀξιωθήσονται
1127 3722 1221 3774 τοῦ
1253 3720 1652 3793 βαπτίσματος.
1687 3719 1750 3771 Εἰ
1798 3715 1842 3769 δ’

274 3815 376 3867 οὐκ
404 3812 589 3876 ἔδοξαν
641 3813 933 3881 αὐτάρκως
961 3811 1255 3883 νηστεῦσαι
1293 3813 1434 3883 μετὰ
1486 3809 1845 3882 παραδρομὴν

275 3903 371 3957 δύο
416 3903 729 3972 ἑϐδομάδων
774 3903 872 3971 τῆς
922 3903 1379 3972 Τεσσαρακοστῆς
1406 3942 1422 3968 ,
1466 3903 1525 3954 οὐ
1573 3901 1848 3970 φωτισθή-

278 4012 484 4058 σονται,
533 3994 648 4049 ἀλλ’
699 3994 1032 4063 άναμενοῦσι
1061 3999 1154 4047 καὶ
1190 3995 1346 4047 αὐτοὶ
1395 3993 1534 4063 μετὰ
1562 3993 1672 4046 τῶν
1711 3993 1844 4060 μελ-

277 4087 480 4139 λόντων
558 4085 636 4156 τῷ
697 4087 917 4157 μεγάλῳ
984 4087 1346 4156 βαπτισθῆναι
1410 4085 1709 4154 Σαϐϐάτῳ·
1770 4082 1845 4146 ὼς

275 4180 501 4231 ἐκείνων
564 4180 742 4248 μόνων
771 4179 940 4232 ϐντων
974 4179 1180 4231 δεκτῶν
1215 4179 1322 4230 τῶν
1376 4177 1435 4242 ἐξ
1468 4178 1641 4249 ἀρχῆς
1674 4177 1845 4245 αὐτῆς

274 4271 376 4340 τῆς
432 4271 895 4341 Τεσσαρακοστῆς
948 4272 1345 4341 νηστευόντων,
1374 4265 1462 4324 οἷα
1509 4271 1609 4340 τῆς
1663 4268 1846 4322 αὐτῶν

277 4365 567 4433 ἀσκήσεως
632 4362 849 4426 τελείας
913 4361 1081 4433 οὔσης
1147 4366 1241 4416 καὶ
1304 4364 1404 4417 οὐκ
1480 4362 1847 4432 ἀπεσχεδιασ-

280 4457 470 4526 μένης.

851 4548 1088 4602 κΑΝοΝ
1125 4549 1276 4617 Μετ’.

1945 3351 2396 3420 Quadragesima.
2445 3366 2551 3403 non
2601 3351 2999 3419 cxspectabnnt
3052 3364 3312 3417 magnum
3367 3347 3507 3400 Sab-

1944 3441 2127 3494 batum
2157 3451 2214 3492 ut
2244 3442 2658 3504 illuminentur;
2703 3439 3168 3508 quemadmodum
3216 3452 3268 3491 et
3300 3440 3391 3505 qui
3438 3438 3505 3490 ab

1944 3534 2104 3587 initio
2135 3535 2296 3587 iStius
2357 3533 2801 3600 Quadragesima:
2855 3532 3106 3600 jejunare
3158 3534 3503 3599 ιιιρυνυιιιιιι,

1945 3621 2038 3677 sed
2069 3637 2242 3691 usque
2277 3623 2344 3675 ad
2377 3622 2517 3676 duas
2541 3624 2874 3689 septimanas
2918 3623 2961 3676 si
2997 3624 3131 3675 satis
3164 3621 3504 3690 jejunarunt,

1945 3715 2215 3784 baptismo
2243 3716 2391 3784 digni
2431 3723 2783 3770 censeantur.
2825 3713 2880 3767 Si
2905 3722 3086 3768 autem
3136 3723 3257 3782 post
3286 3716 3505 3781 etapsas

1945 3810 2082 3864 duas
2125 3808 2572 3878 Quadragesimae
2621 3809 2954 3877 septimanas
3000 3806 3334 3861 suﬁicienn-r
3367 3805 3506 3872 jeju-

1944 3917 2108 3957 nasse
2137 3917 2243 3955 non
2279 3901 2556 3963 videntur,
2601 3915 2706 3953 non
2748 3900 3148 3961 illuminentur,
3183 3899 3276 3952 sed
3311 3913 3506 3966 eitspe-

1944 3995 2171 4048 ctabunt
2201 3992 2362 4064 475
2391 4003 2443 4047 et
2490 3993 2593 4062 ipsi
2629 4008 2752 4046 cum
2789 3993 2853 4045 iis
2893 3993 2983 4060 qui
3031 4006 3226 4060 magno
3269 3973 3508 4044 Sabbato

1945 4088 2208 4156 baptizsti
2241 4095 2403 4139 erunt
2441 4104 2453 4138 :
2487 4086 2623 4140 adeo
2654 4095 2712 4137 ut
2755 4085 2830 4138 illi
2878 4086 2981 4139 soli
3031 4087 3144 4139 sint
3178 4082 3503 4152 recipiendi,

1944 4179 2036 4248 qui
2103 4179 2170 4232 ab
2235 4179 2394 4232 initio
2447 4179 2606 4232 istius
2663 4176 3101 4246 Quadragcsima:
3152 4177 3493 4260 jejuuarpnt,

1948 4273 2148 4341 quippe
2180 4270 2325 4336 quod
2362 4286 2551 4324 eorum
2585 4270 2908 4324 exercitatio
2936 4269 3176 4338 perfecta
3206 4278 3288 4322 est
3313 4276 3366 4323 et
3403 4285 3504 4321 non

1949 4382 2014 4418 ex
2052 4374 2293 4433 tempore
2328 4362 2490 4418 facta.
2515 4393 2521 4397 -

2502 4541 2948 4605 ΟΑΝΟΝΞΧΙΝΙ.

280 4658 300 4692 ι
334 4640 458 4694 Ὅτι
495 4640 574 4693 δεῖ
607 4642 730 4704 τοὺς
770 4641 1173 4710 φωτιζομένους
1345 4642 1528 4694 πίστιν
1566 4642 1843 4712 ἐκμανθά-

1959 4659 1976 4692 ι
2009 4639 2160 4704 Quod
2192 4646 2405 4708 oportet
2429 4653 2522 4691 eos
2548 4637 2637 4706 qui
2667 4636 2974 4705 baptizandi
3012 4647 3161 4699 sunt,
3201 4636 3359 4689 tidem
3389 4636 3508 4688 edi-

356 4751 376 4783 ι
419 4750 530 4785 νειν
565 4733 675 4801 (67)
710 4734 805 4786 καὶ
835 4737 901 4803 τῇ
942 4734 1174 4803 Πέμπτῃ
1212 4732 1310 4801 τῆς
1341 4733 1631 4801 ἑϐδομάδος
1665 4737 1845 4804 άπαγο

353 4845 372 4877 ι
415 4827 625 4894 γέλλειν
656 4826 731 4896 τῷ
763 4826 1046 4894 ἑπισκόπῳ
1077 4827 1109 4896 ἢ
1144 4827 1256 4901 τοῖς
1287 4826 1697 4896 πρεσϐυτέροις.
1749 4848 1766 4880 ι

2030 4753 2047 4786 ι
2083 4747 2252 4793 scere,
2285 4743 2337 4785 et
2363 4731 2549 4800 quinta
2582 4729 2932 4783 hebdomadis
2961 4730 3088 4784 feria
3130 4732 3386 4799 episeopo
3432 4728 3511 4782 vel

2027 4846 2044 4880 ι
2085 4827 2414 4896 presbyteris
2443 4825 2774 4878 renuntiare.
2821 4842 2839 4874 ι

1516 4920 1703 4982 Guill.
1742 4923 2065 4999 Beveregii
2103 4930 2290 4981 nota}.

355 5019 464 5087 (67)
522 5019 650 5072 Ὅτι
696 5017 788 5070 δεῖ
823 5017 963 5082 τοὺς
989 5019 1440 5089 ᾼςρωτιζομένους
1476 5021 1592 5089 τὴν
1634 5026 1846 5078 πίστιν

278 5089 693 5155 ἐκμανθάνειν.
724 5089 958 5143 Isidorus
987 5087 1250 5142 Mercator
1283 5087 1544 5145 rationem
1584 5095 1724 5147 hunc
1764 5095 1844 5148 sic

283 5161 706 5232 interpretatur;
730 5158 1084 5232 Baptizamtos
1108 5172 1306 5226 oportet
1329 5169 1376 5213 et
1400 5163 1520 5230 ﬁdei
1549 5165 1842 5232 symbolum

280 5233 499 5293 discere,
534 5243 587 5302 iet
619 5231 802 5302 quinta
838 5229 971 5298 feria
1010 5231 1212 5302 ultima:
1251 5229 1671 5302 septimanteuel
1703 5240 1842 5302 epis-

280 5317 406 5366 copo
465 5301 542 5354 vel
594 5299 894 5421 presb‘gtero
940 5301 1176 5353 reddere.
1236 5301 1354 5362 Ubi,
1399 5312 1458 5356 ut
1507 5305 1686 5358 videre
1732 5299 1838 5367 est,

281 5373 465 5421 πίστιν
524 5373 680 5421 vertit
780 5372 883 5421 idei
934 5370 1251 5421 sumbolum.
1302 5383 1446 5421 recte
1489 5375 1727 5421 ﬂllitlmn-
1781 5376 1838 5421 Et

281 5373 465 5441 πίστιν
524 5373 680 5425 vertit
730 5370 883 5423 Fidei
934 5370 1251 5439 symbolum,
1302 5383 1446 5427 recte
1489 5375 1727 5441 quidem.
1780 5376 1844 5429 Et

281 5439 387 5495 hoc
420 5440 564 5494 enim
595 5441 931 5513 recitandum
962 5451 1075 5493 erat
1100 5457 1356 5513 episcopo
1388 5452 1480 5496 aut
1510 5439 1840 5513 presbytero,

282 5513 596 5580 priusquam
631 5512 755 5580 quis
792 5511 1114 5578 baptize-tur.
1182 5511 1332 5565 Unde
1375 5524 1432 5564 ut
1462 5511 1838 5569 catecltumeni

281 5581 592 5647 baptizandi
649 5582 775 5634 illud
831 5580 1131 5634 doceantur
1184 5599 1209 5634 a
1249 5582 1476 5636 t-oncilio
1529 5584 1840 5640 Bracarensi

280 5655 443 5704 etiam
498 5653 746 5705 edicitur.
808 5650 1017 5704 Placuit
1076 5653 1314 5705 omnibus
1367 5656 1642 5723 episcopis,
1695 5669 1847 5723 atque

280 5725 538 5784 convenit,
570 5734 624 5774 ut
653 5738 744 5789 per
773 5723 1010 5787 singulas
1044 5723 1288 5776 ecclesias
1313 5725 1537 5790 episcopi
1571 5737 1617 5777 et
1656 5725 1846 5779 dioece-

279 5807 361 5845 ses
399 5793 756 5856 ambulantes,
792 5792 961 5858 primo
995 5796 1279 5845 discutiant
1314 5799 1548 5854 clericos,
1586 5801 1842 5862 quomodo

282 5863 517 5919 ordinem
550 5865 793 5933 baptismi
825 5876 1050 5926 teneant,
1087 5867 1160 5918 vel
1196 5865 1500 5931 Missurum,
1537 5879 1583 5920 ct
1617 5868 1842 5936 qualiter

1954 5039 2270 5094 quaecunque
2311 5021 2490 5090 Oﬁicia
2529 5019 2860 5094 inLecclesia
2875 5030 3148 5090 peragant.
3195 5024 3258 5074 Et
3292 5022 3338 5074 si
3384 5035 3518 5076 m-tn

1951 5091 2155 5162 quidem
2187 5091 2523 5154 'inrenerunt,
2576 5091 2678 5144 Deo
2726 5093 2926 5159 gratias
2979 5105 3136 5161 agant
3166 5107 3182 5143 :
3215 5094 3295 5144 sin
3347 5105 3514 5146 autem

1952 5167 2182 5224 minime.
2215 5165 2396 5216 docere
2435 5163 2618 5216 debent
2655 5163 2901 5230 ignaros,
2942 5172 2987 5214 et
3025 5169 3118 5215 hoc
3149 5163 3316 5215 modis
3351 5166 3518 5216 omni-

1950 5235 2041 5288 bus
2073 5236 2368 5301 prmcipere.
2403 5235 2533 5286 sicut
2568 5233 2771 5294 antiqui
2799 5249 3021 5285 canones
3065 5235 3271 5301 jnbent,
3309 5246 3359 5284 ut
3394 5249 3515 5286 ante

1946 5306 2056 5358 dies
2091 5306 2266 5374 viginti
2300 5304 2566 5371 baptismi.
2605 5303 2672 5374 ad
2704 5315 3059 5374 purgationem
3089 5305 3366 5356 exorcismi
3397 5322 3519 5355 cun—

1947 5373 2163 5428 runant
2193 5374 2562 5427 catechumeni.
2602 5373 2664 5424 In
2692 5373 2877 5439 quibus
2905 5375 3084 5442 viginti
3120 5376 3297 5427 diebus
3333 5392 3508 5427 omnes

1946 5445 2299 5498 catechumeni
2346 5444 2656 5513 symbolum,
2692 5445 2826 5510 quod
2873 5458 2973 5506 est,
3018 5446 3183 5498 (Στεάο
3243 5446 3293 5496 in
3355 5445 3516 5496 Deum

1945 5516 2158 5570 Putrem
2189 5516 2614 5585 omnipotentem,
2639 5514 2935 5581 specialiter
2961 5515 3266 5568 doceantur.
3304 5514 3515 5570 Concil.

1945 5588 2101 5640 Bruc.
2136 5586 2190 5642 2.
2227 5601 2277 5638 c.
2314 5582 2350 5638 ιζ
2401 5585 2542 5636 idem
2592 5582 2704 5636 fere
2763 5597 2811 5635 et
2855 5600 2882 5634 a
2940 5589 3172 5638 enni-ilio
3223 5585 3511 5648 Agutbensi

1945 5657 2276 5720 decernitur,
2314 5655 2621 5723 Symbolum
2642 5655 2797 5706 etiam
2830 5657 3027 5719 placm‘t
3060 5661 3122 5708 ab
3151 5656 3388 5708 omnibus
3420 5660 3521 5707 lac-

1944 5728 2118 5780 clcsiis
2159 5743 2261 5777 una
2297 5727 2411 5787 die,
2449 5725 2500 5776 id
2541 5735 2649 5785 est,
2677 5734 2798 5776 ante
2827 5737 2938 5777 octo
2969 5729 3078 5778 dies
3117 5725 3398 5779 Dominicce
3431 5743 3520 5777 re-

1942 5798 2280 5850 surrectionis
2311 5796 2514 5864 publice
2548 5797 2601 5848 in
2631 5795 2849 5866 ecclesia
2879 5798 3285 5862 competentibus
3314 5799 3512 5866 pretii.

1943 5869 2074 5921 cmi.
2107 5869 2316 5922 Concil.
2359 5867 2552 5937 Agatb.
2589 5882 2712 5921 can.
2761 5865 2842 5922 13.
