  <div class='ocr_page' id='page_1' title='image "/cluster/home/n/w/nwhite01/storage/ocr_20150623/137/nnc1.0046979786/753.png"; bbox 0 0 4178 6420; ppageno 0'>
   <div class='ocr_carea' id='block_1_1' title="bbox 714 370 852 432">
    <p class='ocr_par' dir='ltr' id='par_1_1' title="bbox 714 370 852 432">
     <span class='ocr_line' id='line_1_1' title="bbox 714 370 852 432; baseline -0.007 0"><span class='ocrx_word' id='word_1_1' title='bbox 714 370 852 432; x_wconf 69' lang='grc'><strong>1453</strong></span> 
     </span>
    </p>
   </div>
   <div class='ocr_carea' id='block_1_2' title="bbox 1958 381 2667 445">
    <p class='ocr_par' dir='ltr' id='par_1_2' title="bbox 1958 381 2667 445">
     <span class='ocr_line' id='line_1_2' title="bbox 1958 381 2667 445; baseline 0.008 -6"><span class='ocrx_word' id='word_1_2' title='bbox 1958 381 2231 443; x_wconf 85' lang='grc' dir='ltr'><strong>ΤΗΕΟΙ).</strong></span> <span class='ocrx_word' id='word_1_3' title='bbox 2270 382 2667 445; x_wconf 81' lang='lat' dir='ltr'><strong>BALSAMON</strong></span> 
     </span>
    </p>
   </div>
   <div class='ocr_carea' id='block_1_3' title="bbox 3828 382 3973 446">
    <p class='ocr_par' dir='ltr' id='par_1_3' title="bbox 3828 382 3973 446">
     <span class='ocr_line' id='line_1_3' title="bbox 3828 382 3973 446; baseline -0.007 -1"><span class='ocrx_word' id='word_1_4' title='bbox 3828 382 3973 446; x_wconf 73' lang='lat' dir='ltr'><strong>HM</strong></span> 
     </span>
    </p>
   </div>
   <div class='ocr_carea' id='block_1_4' title="bbox 781 485 2282 570">
    <p class='ocr_par' dir='ltr' id='par_1_4' title="bbox 781 485 2281 550">
     <span class='ocr_line' id='line_1_4' title="bbox 781 485 2281 550; baseline 0.009 -13"><span class='ocrx_word' id='word_1_5' title='bbox 781 485 975 539; x_wconf 69' lang='lat' dir='ltr'><strong>BALS.</strong></span> <span class='ocrx_word' id='word_1_6' title='bbox 1003 496 1109 543; x_wconf 86' lang='lat' dir='ltr'><strong>mc</strong></span> <span class='ocrx_word' id='word_1_7' title='bbox 1140 501 1315 541; x_wconf 88' lang='lat' dir='ltr'><strong>canon</strong></span> <span class='ocrx_word' id='word_1_8' title='bbox 1350 494 1489 541; x_wconf 86' lang='lat' dir='ltr'><strong>idem</strong></span> <span class='ocrx_word' id='word_1_9' title='bbox 1523 499 1605 542; x_wconf 89' lang='lat' dir='ltr'><strong>cst</strong></span> <span class='ocrx_word' id='word_1_10' title='bbox 1653 493 1876 545; x_wconf 87' lang='lat' dir='ltr'><strong>omnino</strong></span> <span class='ocrx_word' id='word_1_11' title='bbox 1918 507 2045 547; x_wconf 88' lang='lat' dir='ltr'><strong>cum</strong></span> <span class='ocrx_word' id='word_1_12' title='bbox 2088 494 2156 550; x_wconf 92' lang='lat'><strong>78</strong></span> <span class='ocrx_word' id='word_1_13' title='bbox 2190 507 2281 549; x_wconf 83' lang='lat' dir='ltr'><strong>ea-</strong></span> 
     </span>
    </p>
   </div>
   <div class='ocr_carea' id='block_1_5' title="bbox 2380 485 3972 570">
    <p class='ocr_par' dir='ltr' id='par_1_5' title="bbox 2452 492 3972 570">
     <span class='ocr_line' id='line_1_5' title="bbox 2452 492 3972 570; baseline -0.001 -20"><span class='ocrx_word' id='word_1_14' title='bbox 2452 499 2646 551; x_wconf 82' lang='grc' dir='ltr'><strong>ΒΑΛΣ.</strong></span> <span class='ocrx_word' id='word_1_15' title='bbox 2690 492 2857 560; x_wconf 72' lang='grc' dir='ltr'>Οὗτος</span> <span class='ocrx_word' id='word_1_16' title='bbox 2890 499 2919 551; x_wconf 88' lang='grc' dir='ltr'><strong>ό</strong></span> <span class='ocrx_word' id='word_1_17' title='bbox 2954 502 3135 553; x_wconf 85' lang='grc' dir='ltr'>κανὼν</span> <span class='ocrx_word' id='word_1_18' title='bbox 3167 499 3586 570; x_wconf 80' lang='grc' dir='ltr'>ἀπαράλλακτός</span> <span class='ocrx_word' id='word_1_19' title='bbox 3616 498 3740 550; x_wconf 87' lang='grc' dir='ltr'>ἐστι</span> <span class='ocrx_word' id='word_1_20' title='bbox 3778 498 3972 549; x_wconf 81' lang='grc' dir='ltr'>κανὼν</span> 
     </span>
    </p>
   </div>
   <div class='ocr_carea' id='block_1_6' title="bbox 713 581 1956 653">
    <p class='ocr_par' dir='ltr' id='par_1_6' title="bbox 713 581 1956 653">
     <span class='ocr_line' id='line_1_6' title="bbox 713 581 1956 653; baseline 0.008 -22"><span class='ocrx_word' id='word_1_21' title='bbox 713 593 856 633; x_wconf 82' lang='lat' dir='ltr'><strong>none</strong></span> <span class='ocrx_word' id='word_1_22' title='bbox 894 590 1057 634; x_wconf 73' lang='lat' dir='ltr'><strong>scxt:c</strong></span> <span class='ocrx_word' id='word_1_23' title='bbox 1095 582 1287 651; x_wconf 81' lang='lat' dir='ltr'><strong>synodi</strong></span> <span class='ocrx_word' id='word_1_24' title='bbox 1323 591 1373 631; x_wconf 84' lang='lat' dir='ltr'><strong>ct</strong></span> <span class='ocrx_word' id='word_1_25' title='bbox 1401 581 1512 635; x_wconf 90' lang='lat' dir='ltr'><strong>illic</strong></span> <span class='ocrx_word' id='word_1_26' title='bbox 1542 592 1625 637; x_wconf 90' lang='lat' dir='ltr'><strong>est</strong></span> <span class='ocrx_word' id='word_1_27' title='bbox 1648 588 1956 653; x_wconf 66' lang='lat' dir='ltr'><strong>expositus.</strong></span> 
     </span>
    </p>
   </div>
   <div class='ocr_carea' id='block_1_7' title="bbox 1260 673 2104 755">
    <p class='ocr_par' dir='ltr' id='par_1_7' title="bbox 1260 673 2104 755">
     <span class='ocr_line' id='line_1_7' title="bbox 1260 673 2104 755; baseline 0.007 -28"><span class='ocrx_word' id='word_1_28' title='bbox 1260 673 1485 727; x_wconf 61' lang='lat' dir='ltr'><strong>canon</strong></span> <span class='ocrx_word' id='word_1_29' title='bbox 1521 674 1725 729; x_wconf 75' lang='lat' dir='ltr'><strong>XLVII.</strong></span> <span class='ocrx_word' id='word_1_30' title='bbox 2096 742 2104 755; x_wconf 21' lang='grc' dir='ltr'><strong>ς</strong></span> 
     </span>
    </p>
   </div>
   <div class='ocr_carea' id='block_1_8' title="bbox 716 754 2274 837">
    <p class='ocr_par' dir='ltr' id='par_1_8' title="bbox 716 754 2274 837">
     <span class='ocr_line' id='line_1_8' title="bbox 716 754 2274 837; baseline 0.003 -20"><span class='ocrx_word' id='word_1_31' title='bbox 716 783 735 817; x_wconf 86' lang='grc' dir='ltr'><strong>ι</strong></span> <span class='ocrx_word' id='word_1_32' title='bbox 766 764 924 830; x_wconf 82' lang='lat' dir='ltr'><strong>Quod</strong></span> <span class='ocrx_word' id='word_1_33' title='bbox 957 774 1173 832; x_wconf 77' lang='lat' dir='ltr'><strong>oportet</strong></span> <span class='ocrx_word' id='word_1_34' title='bbox 1198 780 1312 830; x_wconf 91' lang='lat' dir='ltr'><strong>eos,</strong></span> <span class='ocrx_word' id='word_1_35' title='bbox 1344 767 1437 835; x_wconf 90' lang='lat' dir='ltr'><strong>qui</strong></span> <span class='ocrx_word' id='word_1_36' title='bbox 1465 766 1518 821; x_wconf 94' lang='lat' dir='ltr'><strong>in</strong></span> <span class='ocrx_word' id='word_1_37' title='bbox 1569 768 1759 823; x_wconf 91' lang='lat' dir='ltr'><strong>morbo</strong></span> <span class='ocrx_word' id='word_1_38' title='bbox 1805 754 2152 837; x_wconf 33' lang='lat' dir='ltr'><strong>baptismum.</strong></span> <span class='ocrx_word' id='word_1_39' title='bbox 2185 783 2274 822; x_wconf 63' lang='lat' dir='ltr'><strong>ac.</strong></span> 
     </span>
    </p>
   </div>
   <div class='ocr_carea' id='block_1_9' title="bbox 784 858 2277 926">
    <p class='ocr_par' dir='ltr' id='par_1_9' title="bbox 784 858 2277 926">
     <span class='ocr_line' id='line_1_9' title="bbox 784 858 2277 926; baseline 0.005 -19"><span class='ocrx_word' id='word_1_40' title='bbox 784 875 801 907; x_wconf 85' lang='grc' dir='ltr'><strong>ι</strong></span> <span class='ocrx_word' id='word_1_41' title='bbox 840 858 1087 923; x_wconf 88' lang='lat' dir='ltr'><strong>cipiunt,</strong></span> <span class='ocrx_word' id='word_1_42' title='bbox 1150 866 1203 909; x_wconf 90' lang='lat' dir='ltr'><strong>ct</strong></span> <span class='ocrx_word' id='word_1_43' title='bbox 1256 867 1441 926; x_wconf 89' lang='lat' dir='ltr'><strong>postea</strong></span> <span class='ocrx_word' id='word_1_44' title='bbox 1500 861 1933 926; x_wconf 85' lang='lat' dir='ltr'><strong>convaluerunt,</strong></span> <span class='ocrx_word' id='word_1_45' title='bbox 1971 861 2125 917; x_wconf 90' lang='lat' dir='ltr'><strong>ﬁdem</strong></span> <span class='ocrx_word' id='word_1_46' title='bbox 2164 862 2277 915; x_wconf 88' lang='lat' dir='ltr'><strong>edi-</strong></span> 
     </span>
    </p>
   </div>
   <div class='ocr_carea' id='block_1_10' title="bbox 787 950 2276 1024">
    <p class='ocr_par' dir='ltr' id='par_1_10' title="bbox 787 950 2276 1024">
     <span class='ocr_line' id='line_1_10' title="bbox 787 950 2276 1024; baseline 0.006 -26"><span class='ocrx_word' id='word_1_47' title='bbox 787 967 804 998; x_wconf 85' lang='grc' dir='ltr'><strong>ι</strong></span> <span class='ocrx_word' id='word_1_48' title='bbox 846 965 1017 1011; x_wconf 80' lang='lat' dir='ltr'><strong>scere,</strong></span> <span class='ocrx_word' id='word_1_49' title='bbox 1044 957 1097 1004; x_wconf 89' lang='lat' dir='ltr'><strong>et</strong></span> <span class='ocrx_word' id='word_1_50' title='bbox 1126 965 1287 1006; x_wconf 89' lang='lat' dir='ltr'><strong>nosse</strong></span> <span class='ocrx_word' id='word_1_51' title='bbox 1318 953 1457 1022; x_wconf 86' lang='lat' dir='ltr'><strong>quod</strong></span> <span class='ocrx_word' id='word_1_52' title='bbox 1488 950 1671 1008; x_wconf 73' lang='lat' dir='ltr'><strong>divino</strong></span> <span class='ocrx_word' id='word_1_53' title='bbox 1693 954 1958 1010; x_wconf 88' lang='lat' dir='ltr'><strong>beneﬁcio</strong></span> <span class='ocrx_word' id='word_1_54' title='bbox 1979 955 2126 1024; x_wconf 75' lang='lat' dir='ltr'><strong>digni</strong></span> <span class='ocrx_word' id='word_1_55' title='bbox 2149 963 2276 1009; x_wconf 90' lang='lat' dir='ltr'><strong>sunt</strong></span> 
     </span>
    </p>
   </div>
   <div class='ocr_carea' id='block_1_11' title="bbox 789 1040 1093 1095">
    <p class='ocr_par' dir='ltr' id='par_1_11' title="bbox 789 1040 1093 1095">
     <span class='ocr_line' id='line_1_11' title="bbox 789 1040 1093 1095; baseline 0.013 -5"><span class='ocrx_word' id='word_1_56' title='bbox 789 1059 805 1090; x_wconf 83' lang='grc' dir='ltr'><strong>ι</strong></span> <span class='ocrx_word' id='word_1_57' title='bbox 847 1040 1033 1095; x_wconf 84' lang='lat' dir='ltr'><strong>habiti.</strong></span> <span class='ocrx_word' id='word_1_58' title='bbox 1076 1060 1093 1093; x_wconf 73' lang='grc' dir='ltr'><strong>ι</strong></span> 
     </span>
    </p>
   </div>
   <div class='ocr_carea' id='block_1_12' title="bbox 781 1131 2272 1212">
    <p class='ocr_par' dir='ltr' id='par_1_12' title="bbox 781 1131 2272 1212">
     <span class='ocr_line' id='line_1_12' title="bbox 781 1131 2272 1212; baseline 0.009 -29"><span class='ocrx_word' id='word_1_59' title='bbox 781 1131 975 1188; x_wconf 74' lang='lat' dir='ltr'><strong>BALS.</strong></span> <span class='ocrx_word' id='word_1_60' title='bbox 1006 1134 1251 1191; x_wconf 84' lang='lat' dir='ltr'><strong>inﬁdeles</strong></span> <span class='ocrx_word' id='word_1_61' title='bbox 1269 1138 1513 1192; x_wconf 88' lang='lat' dir='ltr'><strong>nonnulli</strong></span> <span class='ocrx_word' id='word_1_62' title='bbox 1538 1138 1793 1208; x_wconf 87' lang='lat' dir='ltr'><strong>baptizati</strong></span> <span class='ocrx_word' id='word_1_63' title='bbox 1824 1151 1949 1195; x_wconf 89' lang='lat' dir='ltr'><strong>sunt</strong></span> <span class='ocrx_word' id='word_1_64' title='bbox 1981 1151 2272 1212; x_wconf 73' lang='lat' dir='ltr'><strong>antequam</strong></span> 
     </span>
    </p>
   </div>
   <div class='ocr_carea' id='block_1_13' title="bbox 709 1227 2272 1303">
    <p class='ocr_par' dir='ltr' id='par_1_13' title="bbox 709 1227 2272 1303">
     <span class='ocr_line' id='line_1_13' title="bbox 709 1227 2272 1303; baseline 0.009 -28"><span class='ocrx_word' id='word_1_65' title='bbox 709 1236 891 1277; x_wconf 91' lang='lat' dir='ltr'><strong>essent</strong></span> <span class='ocrx_word' id='word_1_66' title='bbox 929 1227 1333 1294; x_wconf 74' lang='lat' dir='ltr'><strong>eatbechizati,</strong></span> <span class='ocrx_word' id='word_1_67' title='bbox 1390 1239 1612 1299; x_wconf 80' lang='lat' dir='ltr'><strong>propter</strong></span> <span class='ocrx_word' id='word_1_68' title='bbox 1659 1232 1907 1285; x_wconf 87' lang='lat' dir='ltr'><strong>morbum</strong></span> <span class='ocrx_word' id='word_1_69' title='bbox 1971 1244 2272 1303; x_wconf 81' lang='lat' dir='ltr'><strong>urgentem.</strong></span> 
     </span>
    </p>
   </div>
   <div class='ocr_carea' id='block_1_14' title="bbox 2373 587 3568 667">
    <p class='ocr_par' dir='ltr' id='par_1_14' title="bbox 2373 587 3568 667">
     <span class='ocr_line' id='line_1_14' title="bbox 2373 587 3568 667; baseline -0.002 -24"><span class='ocrx_word' id='word_1_70' title='bbox 2373 587 2451 660; x_wconf 83' lang='grc' dir='ltr'>οη¹</span> <span class='ocrx_word' id='word_1_71' title='bbox 2476 589 2576 659; x_wconf 86' lang='grc' dir='ltr'><strong>τῆς</strong></span> <span class='ocrx_word' id='word_1_72' title='bbox 2605 596 2659 654; x_wconf 84' lang='grc' dir='ltr'>ς’</span> <span class='ocrx_word' id='word_1_73' title='bbox 2686 590 2929 654; x_wconf 85' lang='grc' dir='ltr'><strong>συνόδου,</strong></span> <span class='ocrx_word' id='word_1_74' title='bbox 2960 590 3053 642; x_wconf 72' lang='grc' dir='ltr'>καὶ</span> <span class='ocrx_word' id='word_1_75' title='bbox 3084 590 3400 667; x_wconf 67' lang='grc' dir='ltr'>ήρμηνεύθη</span> <span class='ocrx_word' id='word_1_76' title='bbox 3432 592 3568 642; x_wconf 76' lang='grc' dir='ltr'>ἐκεῖ.</span> 
     </span>
    </p>
   </div>
   <div class='ocr_carea' id='block_1_15' title="bbox 2952 680 3355 736">
    <p class='ocr_par' dir='ltr' id='par_1_15' title="bbox 2952 680 3355 736">
     <span class='ocr_line' id='line_1_15' title="bbox 2952 680 3355 736; baseline 0 -1"><span class='ocrx_word' id='word_1_77' title='bbox 2952 683 3191 735; x_wconf 78' lang='grc' dir='ltr'><strong>ΚΑΝΩΝ</strong></span> <span class='ocrx_word' id='word_1_78' title='bbox 3230 680 3355 736; x_wconf 86' lang='grc' dir='ltr'><strong>ΜΖ⁹.</strong></span> 
     </span>
    </p>
   </div>
   <div class='ocr_carea' id='block_1_16' title="bbox 2380 771 3978 844">
    <p class='ocr_par' dir='ltr' id='par_1_16' title="bbox 2380 771 3978 844">
     <span class='ocr_line' id='line_1_16' title="bbox 2380 771 3978 844; baseline -0.003 -20"><span class='ocrx_word' id='word_1_79' title='bbox 2380 789 2400 824; x_wconf 81' lang='grc' dir='ltr'><strong>ι</strong></span> <span class='ocrx_word' id='word_1_80' title='bbox 2430 772 2555 825; x_wconf 79' lang='grc' dir='ltr'><strong>Ὀτι</strong></span> <span class='ocrx_word' id='word_1_81' title='bbox 2595 771 2676 827; x_wconf 84' lang='grc' dir='ltr'><strong>δεῖ</strong></span> <span class='ocrx_word' id='word_1_82' title='bbox 2710 772 2839 835; x_wconf 72' lang='grc' dir='ltr'>τοὺς</span> <span class='ocrx_word' id='word_1_83' title='bbox 2877 773 2937 825; x_wconf 88' lang='grc' dir='ltr'><strong>ἐν</strong></span> <span class='ocrx_word' id='word_1_84' title='bbox 2979 774 3121 844; x_wconf 86' lang='grc' dir='ltr'>νόσῳ</span> <span class='ocrx_word' id='word_1_85' title='bbox 3164 774 3277 841; x_wconf 85' lang='grc'><strong>(68)</strong></span> <span class='ocrx_word' id='word_1_86' title='bbox 3317 772 3877 843; x_wconf 74' lang='grc' dir='ltr'>παραλαμϐάνοντας</span> <span class='ocrx_word' id='word_1_87' title='bbox 3920 774 3978 821; x_wconf 57' lang='lat' dir='ltr'><strong>ea</strong></span> 
     </span>
    </p>
   </div>
   <div class='ocr_carea' id='block_1_17' title="bbox 2452 860 3975 934">
    <p class='ocr_par' dir='ltr' id='par_1_17' title="bbox 2452 860 3975 934">
     <span class='ocr_line' id='line_1_17' title="bbox 2452 860 3975 934; baseline -0.002 -19"><span class='ocrx_word' id='word_1_88' title='bbox 2452 881 2471 915; x_wconf 81' lang='grc' dir='ltr'><strong>ι</strong></span> <span class='ocrx_word' id='word_1_89' title='bbox 2518 863 2819 934; x_wconf 77' lang='grc' dir='ltr'>βάπτισμα,</span> <span class='ocrx_word' id='word_1_90' title='bbox 2868 860 2985 918; x_wconf 80' lang='grc' dir='ltr'>εϊτα</span> <span class='ocrx_word' id='word_1_91' title='bbox 3031 866 3389 927; x_wconf 71' lang='grc' dir='ltr'>ἀναστάντας.</span> <span class='ocrx_word' id='word_1_92' title='bbox 3438 864 3823 933; x_wconf 71' lang='grc' dir='ltr'><strong>ἐκμανθάνειν</strong></span> <span class='ocrx_word' id='word_1_93' title='bbox 3878 864 3975 926; x_wconf 72' lang='grc' dir='ltr'>τὴν</span> 
     </span>
    </p>
   </div>
   <div class='ocr_carea' id='block_1_18' title="bbox 2451 956 3973 1026">
    <p class='ocr_par' dir='ltr' id='par_1_18' title="bbox 2451 956 3973 1026">
     <span class='ocr_line' id='line_1_18' title="bbox 2451 956 3973 1026; baseline -0.001 -18"><span class='ocrx_word' id='word_1_94' title='bbox 2451 973 2471 1008; x_wconf 80' lang='grc' dir='ltr'><strong>ι</strong></span> <span class='ocrx_word' id='word_1_95' title='bbox 2516 956 2716 1020; x_wconf 82' lang='grc' dir='ltr'>πίστιν,</span> <span class='ocrx_word' id='word_1_96' title='bbox 2753 956 2848 1009; x_wconf 82' lang='grc' dir='ltr'>καὶ</span> <span class='ocrx_word' id='word_1_97' title='bbox 2888 956 3177 1024; x_wconf 76' lang='grc' dir='ltr'><strong>γινώσκειν</strong></span> <span class='ocrx_word' id='word_1_98' title='bbox 3209 958 3290 1009; x_wconf 83' lang='grc' dir='ltr'>ὅτι</span> <span class='ocrx_word' id='word_1_99' title='bbox 3336 957 3483 1020; x_wconf 80' lang='grc' dir='ltr'>θείας</span> <span class='ocrx_word' id='word_1_100' title='bbox 3524 956 3742 1026; x_wconf 78' lang='grc' dir='ltr'>δωρεᾶς</span> <span class='ocrx_word' id='word_1_101' title='bbox 3792 970 3973 1021; x_wconf 71' lang='grc' dir='ltr'>κατη-</span> 
     </span>
    </p>
   </div>
   <div class='ocr_carea' id='block_1_19' title="bbox 2449 1045 2880 1117">
    <p class='ocr_par' dir='ltr' id='par_1_19' title="bbox 2449 1045 2880 1117">
     <span class='ocr_line' id='line_1_19' title="bbox 2449 1045 2880 1117; baseline 0.007 -20"><span class='ocrx_word' id='word_1_102' title='bbox 2449 1063 2469 1097; x_wconf 83' lang='grc' dir='ltr'><strong>ι</strong></span> <span class='ocrx_word' id='word_1_103' title='bbox 2519 1045 2812 1117; x_wconf 84' lang='grc' dir='ltr'>ξιώθησαν.</span> <span class='ocrx_word' id='word_1_104' title='bbox 2862 1066 2880 1100; x_wconf 76' lang='grc' dir='ltr'><strong>ι</strong></span> 
     </span>
    </p>
   </div>
   <div class='ocr_carea' id='block_1_20' title="bbox 2448 1134 3975 1208">
    <p class='ocr_par' dir='ltr' id='par_1_20' title="bbox 2448 1134 3975 1208">
     <span class='ocr_line' id='line_1_20' title="bbox 2448 1134 3975 1208; baseline -0.004 -19"><span class='ocrx_word' id='word_1_105' title='bbox 2448 1138 2639 1190; x_wconf 78' lang='grc' dir='ltr'><strong>ΒΔΛΣ.</strong></span> <span class='ocrx_word' id='word_1_106' title='bbox 2682 1138 2838 1200; x_wconf 77' lang='grc' dir='ltr'>Τινὲς</span> <span class='ocrx_word' id='word_1_107' title='bbox 2878 1140 3097 1192; x_wconf 82' lang='grc' dir='ltr'>ἄπιστοι</span> <span class='ocrx_word' id='word_1_108' title='bbox 3137 1138 3243 1208; x_wconf 74' lang='grc' dir='ltr'>πρὸ</span> <span class='ocrx_word' id='word_1_109' title='bbox 3278 1136 3371 1189; x_wconf 78' lang='grc' dir='ltr'><strong>τοῦ</strong></span> <span class='ocrx_word' id='word_1_110' title='bbox 3410 1136 3802 1206; x_wconf 57' lang='grc' dir='ltr'>κατηχηθῖψαι</span> <span class='ocrx_word' id='word_1_111' title='bbox 3848 1134 3975 1185; x_wconf 77' lang='grc' dir='ltr'>ἐδα-</span> 
     </span>
    </p>
   </div>
   <div class='ocr_carea' id='block_1_21' title="bbox 2375 1229 3973 1303">
    <p class='ocr_par' dir='ltr' id='par_1_21' title="bbox 2375 1229 3973 1303">
     <span class='ocr_line' id='line_1_21' title="bbox 2375 1229 3973 1303; baseline -0.004 -19"><span class='ocrx_word' id='word_1_112' title='bbox 2375 1231 2677 1301; x_wconf 81' lang='grc' dir='ltr'>πτίσθησαν</span> <span class='ocrx_word' id='word_1_113' title='bbox 2706 1232 2794 1285; x_wconf 77' lang='grc' dir='ltr'><strong>διὰ</strong></span> <span class='ocrx_word' id='word_1_114' title='bbox 2826 1232 3214 1303; x_wconf 79' lang='grc' dir='ltr'>περιστατικὴν</span> <span class='ocrx_word' id='word_1_115' title='bbox 3242 1233 3414 1283; x_wconf 83' lang='grc' dir='ltr'><strong>νόσον.</strong></span> <span class='ocrx_word' id='word_1_116' title='bbox 3435 1232 3661 1296; x_wconf 77' lang='grc' dir='ltr'>Ἔλεγον</span> <span class='ocrx_word' id='word_1_117' title='bbox 3692 1229 3798 1281; x_wconf 78' lang='grc' dir='ltr'>οὖν</span> <span class='ocrx_word' id='word_1_118' title='bbox 3828 1244 3973 1288; x_wconf 76' lang='grc' dir='ltr'>τινες</span> 
     </span>
    </p>
   </div>
   <div class='ocr_carea' id='block_1_22' title="bbox 712 1315 2282 1394">
    <p class='ocr_par' dir='ltr' id='par_1_22' title="bbox 712 1315 2275 1392">
     <span class='ocr_line' id='line_1_22' title="bbox 712 1315 2275 1392; baseline 0.01 -25"><span class='ocrx_word' id='word_1_119' title='bbox 712 1315 975 1369; x_wconf 77' lang='lat' dir='ltr'><strong>Dicebant</strong></span> <span class='ocrx_word' id='word_1_120' title='bbox 1005 1333 1135 1386; x_wconf 82' lang='lat' dir='ltr'><strong>ergo</strong></span> <span class='ocrx_word' id='word_1_121' title='bbox 1159 1320 1426 1385; x_wconf 85' lang='lat' dir='ltr'><strong>nonnulli,</strong></span> <span class='ocrx_word' id='word_1_122' title='bbox 1457 1322 1601 1389; x_wconf 93' lang='lat' dir='ltr'><strong>quod</strong></span> <span class='ocrx_word' id='word_1_123' title='bbox 1631 1325 1888 1392; x_wconf 90' lang='lat' dir='ltr'><strong>quoniam</strong></span> <span class='ocrx_word' id='word_1_124' title='bbox 1917 1341 2023 1380; x_wconf 91' lang='lat' dir='ltr'><strong>non</strong></span> <span class='ocrx_word' id='word_1_125' title='bbox 2054 1327 2275 1383; x_wconf 73' lang='lat' dir='ltr'><strong>{norunt</strong></span> 
     </span>
    </p>
   </div>
   <div class='ocr_carea' id='block_1_23' title="bbox 2380 1315 3973 1394">
    <p class='ocr_par' dir='ltr' id='par_1_23' title="bbox 2380 1322 3973 1394">
     <span class='ocr_line' id='line_1_23' title="bbox 2380 1322 3973 1394; baseline -0.006 -19"><span class='ocrx_word' id='word_1_126' title='bbox 2380 1324 2474 1385; x_wconf 80' lang='grc' dir='ltr'><strong>ὡς,</strong></span> <span class='ocrx_word' id='word_1_127' title='bbox 2504 1326 2626 1376; x_wconf 78' lang='grc' dir='ltr'>ἐπεὶ</span> <span class='ocrx_word' id='word_1_128' title='bbox 2651 1326 2753 1378; x_wconf 84' lang='grc' dir='ltr'>οὐκ</span> <span class='ocrx_word' id='word_1_129' title='bbox 2782 1324 3023 1392; x_wconf 68' lang='grc' dir='ltr'>ἔφθασαν</span> <span class='ocrx_word' id='word_1_130' title='bbox 3054 1322 3418 1394; x_wconf 73' lang='grc' dir='ltr'><strong>βαπτισθῆναι</strong></span> <span class='ocrx_word' id='word_1_131' title='bbox 3454 1322 3591 1391; x_wconf 84' lang='grc' dir='ltr'>μετὰ</span> <span class='ocrx_word' id='word_1_132' title='bbox 3614 1322 3677 1372; x_wconf 76' lang='grc' dir='ltr'>τὸ</span> <span class='ocrx_word' id='word_1_133' title='bbox 3712 1336 3973 1387; x_wconf 66' lang='grc' dir='ltr'>κατηχη-</span> 
     </span>
    </p>
   </div>
   <div class='ocr_carea' id='block_1_24' title="bbox 712 1408 2276 1479">
    <p class='ocr_par' dir='ltr' id='par_1_24' title="bbox 712 1408 2276 1479">
     <span class='ocr_line' id='line_1_24' title="bbox 712 1408 2276 1479; baseline 0.008 -18"><span class='ocrx_word' id='word_1_134' title='bbox 712 1408 989 1477; x_wconf 79' lang='lat' dir='ltr'><strong>baptizati.</strong></span> <span class='ocrx_word' id='word_1_135' title='bbox 1026 1420 1307 1479; x_wconf 75' lang='lat' dir='ltr'><strong>postquam</strong></span> <span class='ocrx_word' id='word_1_136' title='bbox 1334 1422 1519 1467; x_wconf 91' lang='lat' dir='ltr'><strong>essent</strong></span> <span class='ocrx_word' id='word_1_137' title='bbox 1552 1416 1871 1471; x_wconf 87' lang='lat' dir='ltr'><strong>catechizati</strong></span> <span class='ocrx_word' id='word_1_138' title='bbox 1896 1456 1911 1479; x_wconf 93' lang='lat'><strong>,</strong></span> <span class='ocrx_word' id='word_1_139' title='bbox 1946 1426 2005 1471; x_wconf 92' lang='lat' dir='ltr'><strong>ut</strong></span> <span class='ocrx_word' id='word_1_140' title='bbox 2043 1420 2157 1472; x_wconf 80' lang='lat' dir='ltr'><strong>vult</strong></span> <span class='ocrx_word' id='word_1_141' title='bbox 2186 1434 2276 1473; x_wconf 83' lang='lat' dir='ltr'><strong>ca-</strong></span> 
     </span>
    </p>
   </div>
   <div class='ocr_carea' id='block_1_25' title="bbox 712 1502 2273 1578">
    <p class='ocr_par' dir='ltr' id='par_1_25' title="bbox 712 1502 2273 1578">
     <span class='ocr_line' id='line_1_25' title="bbox 712 1502 2273 1578; baseline 0.008 -26"><span class='ocrx_word' id='word_1_142' title='bbox 712 1516 841 1559; x_wconf 90' lang='lat' dir='ltr'><strong>non,</strong></span> <span class='ocrx_word' id='word_1_143' title='bbox 883 1502 1081 1555; x_wconf 69' lang='lat' dir='ltr'><strong>debent</strong></span> <span class='ocrx_word' id='word_1_144' title='bbox 1119 1504 1471 1571; x_wconf 83' lang='lat' dir='ltr'><strong>catechizari,</strong></span> <span class='ocrx_word' id='word_1_145' title='bbox 1503 1514 1557 1560; x_wconf 89' lang='lat' dir='ltr'><strong>et</strong></span> <span class='ocrx_word' id='word_1_146' title='bbox 1586 1523 1781 1561; x_wconf 88' lang='lat' dir='ltr'><strong>rursus</strong></span> <span class='ocrx_word' id='word_1_147' title='bbox 1817 1509 2104 1578; x_wconf 80' lang='lat' dir='ltr'><strong>baptizari.</strong></span> <span class='ocrx_word' id='word_1_148' title='bbox 2146 1510 2273 1566; x_wconf 88' lang='lat' dir='ltr'><strong>Ute-</strong></span> 
     </span>
    </p>
   </div>
   <div class='ocr_carea' id='block_1_26' title="bbox 712 1590 2271 1672">
    <p class='ocr_par' dir='ltr' id='par_1_26' title="bbox 712 1590 2271 1672">
     <span class='ocr_line' id='line_1_26' title="bbox 712 1590 2271 1672; baseline 0.009 -29"><span class='ocrx_word' id='word_1_149' title='bbox 712 1590 910 1643; x_wconf 89' lang='lat' dir='ltr'><strong>bantur</strong></span> <span class='ocrx_word' id='word_1_150' title='bbox 944 1601 1124 1645; x_wconf 92' lang='lat' dir='ltr'><strong>autem</strong></span> <span class='ocrx_word' id='word_1_151' title='bbox 1155 1602 1208 1647; x_wconf 90' lang='lat' dir='ltr'><strong>et</strong></span> <span class='ocrx_word' id='word_1_152' title='bbox 1236 1594 1561 1650; x_wconf 89' lang='lat' dir='ltr'><strong>duodecimo</strong></span> <span class='ocrx_word' id='word_1_153' title='bbox 1589 1613 1799 1653; x_wconf 85' lang='lat' dir='ltr'><strong>canone</strong></span> <span class='ocrx_word' id='word_1_154' title='bbox 1816 1598 2121 1656; x_wconf 65' lang='lat' dir='ltr'><strong>Neocaesar.</strong></span> <span class='ocrx_word' id='word_1_155' title='bbox 2150 1618 2271 1672; x_wconf 84' lang='lat' dir='ltr'><strong>syn.</strong></span> 
     </span>
    </p>
   </div>
   <div class='ocr_carea' id='block_1_27' title="bbox 710 1681 2275 1758">
    <p class='ocr_par' dir='ltr' id='par_1_27' title="bbox 710 1681 2275 1758">
     <span class='ocr_line' id='line_1_27' title="bbox 710 1681 2275 1758; baseline 0.008 -26"><span class='ocrx_word' id='word_1_156' title='bbox 710 1681 803 1749; x_wconf 88' lang='lat' dir='ltr'><strong>qui</strong></span> <span class='ocrx_word' id='word_1_157' title='bbox 843 1698 946 1734; x_wconf 88' lang='lat' dir='ltr'><strong>nou</strong></span> <span class='ocrx_word' id='word_1_158' title='bbox 976 1683 1238 1751; x_wconf 88' lang='lat' dir='ltr'><strong>permittit</strong></span> <span class='ocrx_word' id='word_1_159' title='bbox 1269 1686 1341 1750; x_wconf 89' lang='lat' dir='ltr'><strong>ei,</strong></span> <span class='ocrx_word' id='word_1_160' title='bbox 1370 1688 1462 1755; x_wconf 88' lang='lat' dir='ltr'><strong>qtti</strong></span> <span class='ocrx_word' id='word_1_161' title='bbox 1501 1697 1721 1758; x_wconf 89' lang='lat' dir='ltr'><strong>propter</strong></span> <span class='ocrx_word' id='word_1_162' title='bbox 1750 1691 1999 1746; x_wconf 87' lang='lat' dir='ltr'><strong>morbum</strong></span> <span class='ocrx_word' id='word_1_163' title='bbox 2047 1705 2130 1747; x_wconf 89' lang='lat' dir='ltr'><strong>est</strong></span> <span class='ocrx_word' id='word_1_164' title='bbox 2180 1695 2275 1746; x_wconf 87' lang='lat' dir='ltr'><strong>ba-</strong></span> 
     </span>
    </p>
   </div>
   <div class='ocr_carea' id='block_1_28' title="bbox 714 1774 2274 1853">
    <p class='ocr_par' dir='ltr' id='par_1_28' title="bbox 714 1774 2274 1853">
     <span class='ocr_line' id='line_1_28' title="bbox 714 1774 2274 1853; baseline 0.008 -26"><span class='ocrx_word' id='word_1_165' title='bbox 714 1774 970 1840; x_wconf 89' lang='lat' dir='ltr'><strong>ptizatus,</strong></span> <span class='ocrx_word' id='word_1_166' title='bbox 1008 1786 1213 1831; x_wconf 84' lang='lat' dir='ltr'><strong>temere</strong></span> <span class='ocrx_word' id='word_1_167' title='bbox 1243 1778 1580 1834; x_wconf 78' lang='lat' dir='ltr'><strong>sacerdotem</strong></span> <span class='ocrx_word' id='word_1_168' title='bbox 1610 1782 1747 1837; x_wconf 90' lang='lat' dir='ltr'><strong>ﬁeri.</strong></span> <span class='ocrx_word' id='word_1_169' title='bbox 1783 1782 1979 1837; x_wconf 92' lang='lat' dir='ltr'><strong>Dicunt</strong></span> <span class='ocrx_word' id='word_1_170' title='bbox 2010 1800 2139 1853; x_wconf 75' lang='lat' dir='ltr'><strong>ergo</strong></span> <span class='ocrx_word' id='word_1_171' title='bbox 2173 1784 2274 1839; x_wconf 88' lang='lat' dir='ltr'><strong>Pa-</strong></span> 
     </span>
    </p>
   </div>
   <div class='ocr_carea' id='block_1_29' title="bbox 2374 1406 3969 1486">
    <p class='ocr_par' dir='ltr' id='par_1_29' title="bbox 2374 1406 3969 1486">
     <span class='ocr_line' id='line_1_29' title="bbox 2374 1406 3969 1486; baseline -0.006 -17"><span class='ocrx_word' id='word_1_172' title='bbox 2374 1416 2529 1484; x_wconf 82' lang='grc' dir='ltr'>θῆναι</span> <span class='ocrx_word' id='word_1_173' title='bbox 2557 1418 2697 1470; x_wconf 87' lang='grc' dir='ltr'><strong>κατά</strong></span> <span class='ocrx_word' id='word_1_174' title='bbox 2721 1419 2972 1479; x_wconf 81' lang='grc' dir='ltr'>κανόνας.</span> <span class='ocrx_word' id='word_1_175' title='bbox 3000 1417 3275 1486; x_wconf 79' lang='grc' dir='ltr'><strong>ὀφείλουσι</strong></span> <span class='ocrx_word' id='word_1_176' title='bbox 3300 1415 3707 1485; x_wconf 78' lang='grc' dir='ltr'>κατηχηθῆναι,</span> <span class='ocrx_word' id='word_1_177' title='bbox 3740 1413 3848 1465; x_wconf 84' lang='grc' dir='ltr'>καὶ</span> <span class='ocrx_word' id='word_1_178' title='bbox 3874 1406 3969 1462; x_wconf 66' lang='grc' dir='ltr'><strong>αὖ·</strong></span> 
     </span>
    </p>
   </div>
   <div class='ocr_carea' id='block_1_30' title="bbox 2375 1505 3969 1578">
    <p class='ocr_par' dir='ltr' id='par_1_30' title="bbox 2375 1505 3969 1578">
     <span class='ocr_line' id='line_1_30' title="bbox 2375 1505 3969 1578; baseline -0.004 -17"><span class='ocrx_word' id='word_1_179' title='bbox 2375 1512 2458 1569; x_wconf 76' lang='grc' dir='ltr'><strong>θις</strong></span> <span class='ocrx_word' id='word_1_180' title='bbox 2499 1509 2860 1578; x_wconf 84' lang='grc' dir='ltr'>φωτισθῆναι.</span> <span class='ocrx_word' id='word_1_181' title='bbox 2897 1509 3170 1577; x_wconf 81' lang='grc' dir='ltr'>Ἑχρῶντο</span> <span class='ocrx_word' id='word_1_182' title='bbox 3202 1509 3259 1561; x_wconf 87' lang='grc' dir='ltr'><strong>δέ</strong></span> <span class='ocrx_word' id='word_1_183' title='bbox 3292 1510 3387 1561; x_wconf 75' lang='grc' dir='ltr'>καὶ</span> <span class='ocrx_word' id='word_1_184' title='bbox 3418 1506 3497 1576; x_wconf 81' lang='grc' dir='ltr'>τῷ</span> <span class='ocrx_word' id='word_1_185' title='bbox 3534 1508 3601 1578; x_wconf 80' lang='grc' dir='ltr'><strong>ιβ’</strong></span> <span class='ocrx_word' id='word_1_186' title='bbox 3627 1509 3838 1559; x_wconf 65' lang='grc' dir='ltr'>κανόνι</span> <span class='ocrx_word' id='word_1_187' title='bbox 3870 1505 3969 1571; x_wconf 78' lang='grc' dir='ltr'><strong>τῆς</strong></span> 
     </span>
    </p>
   </div>
   <div class='ocr_carea' id='block_1_31' title="bbox 2375 1595 3973 1671">
    <p class='ocr_par' dir='ltr' id='par_1_31' title="bbox 2375 1595 3973 1671">
     <span class='ocr_line' id='line_1_31' title="bbox 2375 1595 3973 1671; baseline -0.004 -20"><span class='ocrx_word' id='word_1_188' title='bbox 2375 1602 2434 1651; x_wconf 91' lang='grc' dir='ltr'><strong>ἐν</strong></span> <span class='ocrx_word' id='word_1_189' title='bbox 2468 1600 2868 1671; x_wconf 71' lang='grc' dir='ltr'>Νεοκαισαρείᾳ</span> <span class='ocrx_word' id='word_1_190' title='bbox 2905 1601 3123 1654; x_wconf 78' lang='grc' dir='ltr'><strong>συνόδου</strong></span> <span class='ocrx_word' id='word_1_191' title='bbox 3143 1641 3158 1662; x_wconf 85' lang='grc'>,</span> <span class='ocrx_word' id='word_1_192' title='bbox 3190 1600 3267 1668; x_wconf 87' lang='grc' dir='ltr'><strong>τῷ</strong></span> <span class='ocrx_word' id='word_1_193' title='bbox 3305 1599 3379 1669; x_wconf 78' lang='grc' dir='ltr'>μὴ</span> <span class='ocrx_word' id='word_1_194' title='bbox 3413 1595 3855 1668; x_wconf 77' lang='grc' dir='ltr'>παραχωροῦντι</span> <span class='ocrx_word' id='word_1_195' title='bbox 3885 1595 3973 1646; x_wconf 74' lang='grc' dir='ltr'>τὸν</span> 
     </span>
    </p>
   </div>
   <div class='ocr_carea' id='block_1_32' title="bbox 2372 1688 3971 1761">
    <p class='ocr_par' dir='ltr' id='par_1_32' title="bbox 2372 1688 3971 1761">
     <span class='ocr_line' id='line_1_32' title="bbox 2372 1688 3971 1761; baseline -0.004 -17"><span class='ocrx_word' id='word_1_196' title='bbox 2372 1690 2461 1745; x_wconf 80' lang='grc' dir='ltr'><strong>διὰ</strong></span> <span class='ocrx_word' id='word_1_197' title='bbox 2508 1692 2659 1745; x_wconf 87' lang='grc' dir='ltr'>νόσον</span> <span class='ocrx_word' id='word_1_198' title='bbox 2705 1692 3043 1759; x_wconf 78' lang='grc' dir='ltr'>φωτισθέντα</span> <span class='ocrx_word' id='word_1_199' title='bbox 3091 1691 3552 1761; x_wconf 74' lang='grc' dir='ltr'>ἀλογοπραγητως</span> <span class='ocrx_word' id='word_1_200' title='bbox 3603 1689 3768 1757; x_wconf 66' lang='grc' dir='ltr'>ἱερέα</span> <span class='ocrx_word' id='word_1_201' title='bbox 3823 1688 3971 1754; x_wconf 80' lang='grc' dir='ltr'>γενε-</span> 
     </span>
    </p>
   </div>
   <div class='ocr_carea' id='block_1_33' title="bbox 2378 1778 3970 1849">
    <p class='ocr_par' dir='ltr' id='par_1_33' title="bbox 2378 1778 3970 1849">
     <span class='ocr_line' id='line_1_33' title="bbox 2378 1778 3970 1849; baseline -0.001 -16"><span class='ocrx_word' id='word_1_202' title='bbox 2378 1782 2520 1833; x_wconf 90' lang='grc' dir='ltr'>σθαι.</span> <span class='ocrx_word' id='word_1_203' title='bbox 2556 1782 2727 1834; x_wconf 77' lang='grc' dir='ltr'>Φασὶν</span> <span class='ocrx_word' id='word_1_204' title='bbox 2759 1778 2851 1835; x_wconf 82' lang='grc' dir='ltr'>οὖν</span> <span class='ocrx_word' id='word_1_205' title='bbox 2882 1782 2931 1835; x_wconf 88' lang='grc' dir='ltr'>οἱ</span> <span class='ocrx_word' id='word_1_206' title='bbox 2970 1782 3214 1849; x_wconf 78' lang='grc' dir='ltr'>Πατέρες</span> <span class='ocrx_word' id='word_1_207' title='bbox 3249 1780 3321 1843; x_wconf 87' lang='grc' dir='ltr'><strong>ὡς</strong></span> <span class='ocrx_word' id='word_1_208' title='bbox 3363 1784 3427 1834; x_wconf 86' lang='grc' dir='ltr'><strong>ἐκ</strong></span> <span class='ocrx_word' id='word_1_209' title='bbox 3459 1781 3724 1848; x_wconf 79' lang='grc' dir='ltr'><strong>δευτέρου</strong></span> <span class='ocrx_word' id='word_1_210' title='bbox 3773 1779 3880 1845; x_wconf 79' lang='grc' dir='ltr'>μὲν</span> <span class='ocrx_word' id='word_1_211' title='bbox 3913 1781 3970 1831; x_wconf 75' lang='grc' dir='ltr'>οὐ</span> 
     </span>
    </p>
   </div>
   <div class='ocr_carea' id='block_1_34' title="bbox 712 1837 2282 1942">
    <p class='ocr_par' dir='ltr' id='par_1_34' title="bbox 712 1837 2277 1941">
     <span class='ocr_line' id='line_1_34' title="bbox 712 1837 2277 1941; baseline 0.011 -28"><span class='ocrx_word' id='word_1_212' title='bbox 712 1872 842 1929; x_wconf 80' lang='lat' dir='ltr'><strong>tres,</strong></span> <span class='ocrx_word' id='word_1_213' title='bbox 878 1867 1023 1933; x_wconf 89' lang='lat' dir='ltr'><strong>quod</strong></span> <span class='ocrx_word' id='word_1_214' title='bbox 1061 1868 1300 1921; x_wconf 80' lang='lat' dir='ltr'><strong>secundo</strong></span> <span class='ocrx_word' id='word_1_215' title='bbox 1328 1871 1546 1935; x_wconf 79' lang='lat' dir='ltr'><strong>quidem</strong></span> <span class='ocrx_word' id='word_1_216' title='bbox 1592 1888 1696 1924; x_wconf 93' lang='lat' dir='ltr'><strong>non</strong></span> <span class='ocrx_word' id='word_1_217' title='bbox 1738 1837 2102 1941; x_wconf 65' lang='lat' dir='ltr'><strong>baptizabitu:</strong></span> <span class='ocrx_word' id='word_1_218' title='bbox 2134 1896 2147 1930; x_wconf 91' lang='lat'><strong>:</strong></span> <span class='ocrx_word' id='word_1_219' title='bbox 2182 1891 2277 1929; x_wconf 89' lang='lat' dir='ltr'><strong>co-</strong></span> 
     </span>
    </p>
   </div>
   <div class='ocr_carea' id='block_1_35' title="bbox 2380 1837 3971 1942">
    <p class='ocr_par' dir='ltr' id='par_1_35' title="bbox 2382 1837 3971 1942">
     <span class='ocr_line' id='line_1_35' title="bbox 2382 1837 3971 1942; baseline -0.004 -18"><span class='ocrx_word' id='word_1_220' title='bbox 2382 1872 2812 1942; x_wconf 80' lang='grc' dir='ltr'>βαπτισθήσεται</span> <span class='ocrx_word' id='word_1_221' title='bbox 2833 1890 2847 1904; x_wconf 88' lang='grc'><strong>·</strong></span> <span class='ocrx_word' id='word_1_222' title='bbox 2878 1837 3351 1941; x_wconf 68' lang='grc' dir='ltr'>ἀναγκασθήσεται</span> <span class='ocrx_word' id='word_1_223' title='bbox 3381 1871 3435 1923; x_wconf 80' lang='grc' dir='ltr'><strong>δέ</strong></span> <span class='ocrx_word' id='word_1_224' title='bbox 3470 1837 3748 1939; x_wconf 51' lang='grc' dir='ltr'>μετατὴν</span> <span class='ocrx_word' id='word_1_225' title='bbox 3773 1837 3971 1935; x_wconf 56' lang='grc' dir='ltr'>θγεξαν</span> 
     </span>
    </p>
   </div>
   <div class='ocr_carea' id='block_1_36' title="bbox 715 1961 2281 2037">
    <p class='ocr_par' dir='ltr' id='par_1_36' title="bbox 715 1961 2281 2037">
     <span class='ocr_line' id='line_1_36' title="bbox 715 1961 2281 2037; baseline 0.007 -31"><span class='ocrx_word' id='word_1_226' title='bbox 715 1968 871 2021; x_wconf 61' lang='lat' dir='ltr'><strong>petor</strong></span> <span class='ocrx_word' id='word_1_227' title='bbox 905 1969 1082 2011; x_wconf 89' lang='lat' dir='ltr'><strong>autem</strong></span> <span class='ocrx_word' id='word_1_228' title='bbox 1119 1968 1238 2027; x_wconf 90' lang='lat' dir='ltr'><strong>post</strong></span> <span class='ocrx_word' id='word_1_229' title='bbox 1270 1964 1554 2014; x_wconf 81' lang='lat' dir='ltr'><strong>sanitatem</strong></span> <span class='ocrx_word' id='word_1_230' title='bbox 1594 1961 1751 2015; x_wconf 86' lang='lat' dir='ltr'><strong>ﬁdem</strong></span> <span class='ocrx_word' id='word_1_231' title='bbox 1798 1963 2009 2019; x_wconf 82' lang='lat' dir='ltr'><strong>discere</strong></span> <span class='ocrx_word' id='word_1_232' title='bbox 2038 2005 2053 2027; x_wconf 85' lang='lat'><strong>,</strong></span> <span class='ocrx_word' id='word_1_233' title='bbox 2082 1977 2133 2018; x_wconf 91' lang='lat' dir='ltr'><strong>et</strong></span> <span class='ocrx_word' id='word_1_234' title='bbox 2168 1982 2281 2037; x_wconf 82' lang='lat' dir='ltr'><strong>my-</strong></span> 
     </span>
    </p>
   </div>
   <div class='ocr_carea' id='block_1_37' title="bbox 713 2050 2280 2122">
    <p class='ocr_par' dir='ltr' id='par_1_37' title="bbox 713 2050 2280 2122">
     <span class='ocr_line' id='line_1_37' title="bbox 713 2050 2280 2122; baseline 0.004 -19"><span class='ocrx_word' id='word_1_235' title='bbox 713 2050 939 2103; x_wconf 75' lang='lat' dir='ltr'><strong>sterium</strong></span> <span class='ocrx_word' id='word_1_236' title='bbox 975 2051 1341 2117; x_wconf 82' lang='lat' dir='ltr'><strong>baptismatis,</strong></span> <span class='ocrx_word' id='word_1_237' title='bbox 1383 2063 1435 2106; x_wconf 86' lang='lat' dir='ltr'><strong>et</strong></span> <span class='ocrx_word' id='word_1_238' title='bbox 1457 2055 1597 2107; x_wconf 84' lang='lat' dir='ltr'><strong>scire</strong></span> <span class='ocrx_word' id='word_1_239' title='bbox 1619 2057 1761 2122; x_wconf 91' lang='lat' dir='ltr'><strong>quod</strong></span> <span class='ocrx_word' id='word_1_240' title='bbox 1794 2056 1979 2108; x_wconf 80' lang='lat' dir='ltr'><strong>divino</strong></span> <span class='ocrx_word' id='word_1_241' title='bbox 2016 2057 2280 2111; x_wconf 85' lang='lat' dir='ltr'><strong>beneﬁcio</strong></span> 
     </span>
    </p>
   </div>
   <div class='ocr_carea' id='block_1_38' title="bbox 714 2138 2282 2215">
    <p class='ocr_par' dir='ltr' id='par_1_38' title="bbox 714 2138 2282 2215">
     <span class='ocr_line' id='line_1_38' title="bbox 714 2138 2282 2215; baseline 0.01 -28"><span class='ocrx_word' id='word_1_242' title='bbox 714 2138 909 2202; x_wconf 66' lang='lat' dir='ltr'><strong>dignus</strong></span> <span class='ocrx_word' id='word_1_243' title='bbox 935 2148 1017 2193; x_wconf 90' lang='lat' dir='ltr'><strong>est</strong></span> <span class='ocrx_word' id='word_1_244' title='bbox 1053 2140 1295 2205; x_wconf 85' lang='lat' dir='ltr'><strong>habitus,</strong></span> <span class='ocrx_word' id='word_1_245' title='bbox 1323 2142 1535 2197; x_wconf 87' lang='lat' dir='ltr'><strong>scilicet</strong></span> <span class='ocrx_word' id='word_1_246' title='bbox 1571 2146 1849 2212; x_wconf 82' lang='lat' dir='ltr'><strong>agnitione</strong></span> <span class='ocrx_word' id='word_1_247' title='bbox 1884 2145 2005 2212; x_wconf 85' lang='lat' dir='ltr'><strong>ejus</strong></span> <span class='ocrx_word' id='word_1_248' title='bbox 2032 2148 2123 2215; x_wconf 90' lang='lat' dir='ltr'><strong>qui</strong></span> <span class='ocrx_word' id='word_1_249' title='bbox 2158 2164 2282 2203; x_wconf 90' lang='lat' dir='ltr'><strong>vere</strong></span> 
     </span>
    </p>
   </div>
   <div class='ocr_carea' id='block_1_39' title="bbox 712 2230 2280 2308">
    <p class='ocr_par' dir='ltr' id='par_1_39' title="bbox 712 2230 2280 2308">
     <span class='ocr_line' id='line_1_39' title="bbox 712 2230 2280 2308; baseline 0.008 -26"><span class='ocrx_word' id='word_1_250' title='bbox 712 2238 762 2282; x_wconf 88' lang='lat' dir='ltr'><strong>et</strong></span> <span class='ocrx_word' id='word_1_251' title='bbox 792 2230 1009 2299; x_wconf 81' lang='lat' dir='ltr'><strong>proprie</strong></span> <span class='ocrx_word' id='word_1_252' title='bbox 1041 2230 1181 2285; x_wconf 75' lang='lat' dir='ltr'><strong>Deus</strong></span> <span class='ocrx_word' id='word_1_253' title='bbox 1213 2243 1297 2287; x_wconf 89' lang='lat' dir='ltr'><strong>est</strong></span> <span class='ocrx_word' id='word_1_254' title='bbox 1322 2274 1335 2294; x_wconf 90' lang='lat'><strong>.</strong></span> <span class='ocrx_word' id='word_1_255' title='bbox 1390 2245 1445 2288; x_wconf 84' lang='lat' dir='ltr'><strong>et</strong></span> <span class='ocrx_word' id='word_1_256' title='bbox 1504 2237 1833 2293; x_wconf 82' lang='lat' dir='ltr'><strong>remissione</strong></span> <span class='ocrx_word' id='word_1_257' title='bbox 1890 2249 2235 2308; x_wconf 79' lang='lat' dir='ltr'><strong>peccatorum</strong></span> <span class='ocrx_word' id='word_1_258' title='bbox 2264 2280 2280 2306; x_wconf 92' lang='lat'><strong>,</strong></span> 
     </span>
    </p>
   </div>
   <div class='ocr_carea' id='block_1_40' title="bbox 716 2325 2111 2396">
    <p class='ocr_par' dir='ltr' id='par_1_40' title="bbox 716 2325 2111 2396">
     <span class='ocr_line' id='line_1_40' title="bbox 716 2325 2111 2396; baseline 0.01 -25"><span class='ocrx_word' id='word_1_259' title='bbox 716 2337 883 2387; x_wconf 82' lang='lat' dir='ltr'><strong>quam</strong></span> <span class='ocrx_word' id='word_1_260' title='bbox 914 2338 1006 2389; x_wconf 93' lang='lat' dir='ltr'><strong>per</strong></span> <span class='ocrx_word' id='word_1_261' title='bbox 1046 2334 1295 2379; x_wconf 90' lang='lat' dir='ltr'><strong>sanctum</strong></span> <span class='ocrx_word' id='word_1_262' title='bbox 1329 2325 1659 2396; x_wconf 78' lang='lat' dir='ltr'><strong>baptismum</strong></span> <span class='ocrx_word' id='word_1_263' title='bbox 1691 2342 1979 2383; x_wconf 81' lang='lat' dir='ltr'><strong>assecutus</strong></span> <span class='ocrx_word' id='word_1_264' title='bbox 2006 2340 2111 2385; x_wconf 92' lang='lat' dir='ltr'><strong>est.</strong></span> 
     </span>
    </p>
   </div>
   <div class='ocr_carea' id='block_1_41' title="bbox 786 2412 2281 2492">
    <p class='ocr_par' dir='ltr' id='par_1_41' title="bbox 786 2412 2281 2492">
     <span class='ocr_line' id='line_1_41' title="bbox 786 2412 2281 2492; baseline 0.007 -27"><span class='ocrx_word' id='word_1_265' title='bbox 786 2412 1037 2468; x_wconf 63' lang='lat' dir='ltr'><strong>ZONAR.</strong></span> <span class='ocrx_word' id='word_1_266' title='bbox 1069 2415 1128 2470; x_wconf 88' lang='lat' dir='ltr'><strong>In</strong></span> <span class='ocrx_word' id='word_1_267' title='bbox 1163 2419 1467 2475; x_wconf 87' lang='lat' dir='ltr'><strong>canonibus</strong></span> <span class='ocrx_word' id='word_1_268' title='bbox 1498 2420 1565 2474; x_wconf 75' lang='grc'><strong>46</strong></span> <span class='ocrx_word' id='word_1_269' title='bbox 1618 2429 1671 2475; x_wconf 91' lang='lat' dir='ltr'><strong>et</strong></span> <span class='ocrx_word' id='word_1_270' title='bbox 1723 2422 1808 2477; x_wconf 72' lang='grc'><strong>47.</strong></span> <span class='ocrx_word' id='word_1_271' title='bbox 1860 2421 1961 2487; x_wconf 85' lang='lat' dir='ltr'><strong>Qui</strong></span> <span class='ocrx_word' id='word_1_272' title='bbox 2011 2423 2281 2492; x_wconf 88' lang='lat' dir='ltr'><strong>baptismo</strong></span> 
     </span>
    </p>
   </div>
   <div class='ocr_carea' id='block_1_42' title="bbox 716 2503 2282 2580">
    <p class='ocr_par' dir='ltr' id='par_1_42' title="bbox 716 2503 2282 2580">
     <span class='ocr_line' id='line_1_42' title="bbox 716 2503 2282 2580; baseline 0.01 -27"><span class='ocrx_word' id='word_1_273' title='bbox 716 2503 967 2557; x_wconf 80' lang='lat' dir='ltr'><strong>it-itiaudi</strong></span> <span class='ocrx_word' id='word_1_274' title='bbox 1003 2518 1148 2570; x_wconf 81' lang='lat' dir='ltr'><strong>sum,</strong></span> <span class='ocrx_word' id='word_1_275' title='bbox 1181 2523 1283 2562; x_wconf 90' lang='lat' dir='ltr'><strong>non</strong></span> <span class='ocrx_word' id='word_1_276' title='bbox 1318 2510 1422 2563; x_wconf 86' lang='lat' dir='ltr'><strong>nisi</strong></span> <span class='ocrx_word' id='word_1_277' title='bbox 1451 2513 1719 2580; x_wconf 87' lang='lat' dir='ltr'><strong>perccptis</strong></span> <span class='ocrx_word' id='word_1_278' title='bbox 1740 2524 1898 2567; x_wconf 88' lang='lat' dir='ltr'><strong>antea</strong></span> <span class='ocrx_word' id='word_1_279' title='bbox 1932 2512 2053 2568; x_wconf 91' lang='lat' dir='ltr'><strong>ﬁdei</strong></span> <span class='ocrx_word' id='word_1_280' title='bbox 2080 2525 2282 2568; x_wconf 62' lang='lat' dir='ltr'><strong>nostra!</strong></span> 
     </span>
    </p>
   </div>
   <div class='ocr_carea' id='block_1_43' title="bbox 718 2596 2284 2669">
    <p class='ocr_par' dir='ltr' id='par_1_43' title="bbox 718 2596 2284 2669">
     <span class='ocr_line' id='line_1_43' title="bbox 718 2596 2284 2669; baseline 0.01 -25"><span class='ocrx_word' id='word_1_281' title='bbox 718 2596 1018 2663; x_wconf 61' lang='lat' dir='ltr'><strong>mysteriis.</strong></span> <span class='ocrx_word' id='word_1_282' title='bbox 1048 2613 1169 2651; x_wconf 91' lang='lat' dir='ltr'><strong>cau.</strong></span> <span class='ocrx_word' id='word_1_283' title='bbox 1214 2599 1469 2663; x_wconf 90' lang='lat' dir='ltr'><strong>admitti,</strong></span> <span class='ocrx_word' id='word_1_284' title='bbox 1507 2616 1569 2655; x_wconf 88' lang='lat' dir='ltr'><strong>ac</strong></span> <span class='ocrx_word' id='word_1_285' title='bbox 1606 2604 1832 2669; x_wconf 88' lang='lat' dir='ltr'><strong>proinde</strong></span> <span class='ocrx_word' id='word_1_286' title='bbox 1884 2614 2036 2657; x_wconf 86' lang='lat' dir='ltr'><strong>ccrto</strong></span> <span class='ocrx_word' id='word_1_287' title='bbox 2088 2606 2284 2659; x_wconf 81' lang='lat' dir='ltr'><strong>bebdo-</strong></span> 
     </span>
    </p>
   </div>
   <div class='ocr_carea' id='block_1_44' title="bbox 716 2685 2283 2762">
    <p class='ocr_par' dir='ltr' id='par_1_44' title="bbox 716 2685 2283 2762">
     <span class='ocr_line' id='line_1_44' title="bbox 716 2685 2283 2762; baseline 0.009 -27"><span class='ocrx_word' id='word_1_288' title='bbox 716 2685 881 2738; x_wconf 68' lang='lat' dir='ltr'><strong>tuadm</strong></span> <span class='ocrx_word' id='word_1_289' title='bbox 900 2688 985 2740; x_wconf 83' lang='lat' dir='ltr'><strong>die</strong></span> <span class='ocrx_word' id='word_1_290' title='bbox 1010 2691 1445 2752; x_wconf 83' lang='lat' dir='ltr'><strong>catechumenos.</strong></span> <span class='ocrx_word' id='word_1_291' title='bbox 1474 2709 1595 2762; x_wconf 60' lang='lat' dir='ltr'><strong>quas</strong></span> <span class='ocrx_word' id='word_1_292' title='bbox 1621 2710 1710 2761; x_wconf 85' lang='lat' dir='ltr'><strong>per</strong></span> <span class='ocrx_word' id='word_1_293' title='bbox 1730 2694 2116 2749; x_wconf 81' lang='lat' dir='ltr'><strong>hebdomadam</strong></span> <span class='ocrx_word' id='word_1_294' title='bbox 2144 2696 2283 2749; x_wconf 81' lang='lat' dir='ltr'><strong>ditii-</strong></span> 
     </span>
    </p>
   </div>
   <div class='ocr_carea' id='block_1_45' title="bbox 712 2777 2279 2856">
    <p class='ocr_par' dir='ltr' id='par_1_45' title="bbox 712 2777 2279 2856">
     <span class='ocr_line' id='line_1_45' title="bbox 712 2777 2279 2856; baseline 0.008 -27"><span class='ocrx_word' id='word_1_295' title='bbox 712 2790 857 2841; x_wconf 86' lang='lat' dir='ltr'><strong>cere,</strong></span> <span class='ocrx_word' id='word_1_296' title='bbox 884 2777 1025 2845; x_wconf 83' lang='lat' dir='ltr'><strong>apud</strong></span> <span class='ocrx_word' id='word_1_297' title='bbox 1070 2781 1356 2851; x_wconf 86' lang='lat' dir='ltr'><strong>episcopos</strong></span> <span class='ocrx_word' id='word_1_298' title='bbox 1380 2782 1458 2835; x_wconf 87' lang='lat' dir='ltr'><strong>vel</strong></span> <span class='ocrx_word' id='word_1_299' title='bbox 1484 2785 1825 2855; x_wconf 82' lang='lat' dir='ltr'><strong>presbyteros</strong></span> <span class='ocrx_word' id='word_1_300' title='bbox 1849 2787 2088 2855; x_wconf 82' lang='lat' dir='ltr'><strong>proﬁteri</strong></span> <span class='ocrx_word' id='word_1_301' title='bbox 2103 2786 2279 2856; x_wconf 84' lang='lat' dir='ltr'><strong>jubet.</strong></span> 
     </span>
    </p>
   </div>
   <div class='ocr_carea' id='block_1_46' title="bbox 714 2865 2279 2951">
    <p class='ocr_par' dir='ltr' id='par_1_46' title="bbox 714 2865 2279 2951">
     <span class='ocr_line' id='line_1_46' title="bbox 714 2865 2279 2951; baseline 0.011 -32"><span class='ocrx_word' id='word_1_302' title='bbox 714 2865 770 2920; x_wconf 90' lang='lat' dir='ltr'><strong>Si</strong></span> <span class='ocrx_word' id='word_1_303' title='bbox 810 2870 934 2933; x_wconf 79' lang='lat' dir='ltr'><strong>quis</strong></span> <span class='ocrx_word' id='word_1_304' title='bbox 965 2886 1095 2951; x_wconf 84' lang='lat' dir='ltr'><strong>vero</strong></span> <span class='ocrx_word' id='word_1_305' title='bbox 1125 2874 1277 2940; x_wconf 79' lang='lat' dir='ltr'><strong>gravi</strong></span> <span class='ocrx_word' id='word_1_306' title='bbox 1320 2890 1384 2928; x_wconf 92' lang='lat' dir='ltr'><strong>ac</strong></span> <span class='ocrx_word' id='word_1_307' title='bbox 1407 2876 1712 2943; x_wconf 88' lang='lat' dir='ltr'><strong>periculoso</strong></span> <span class='ocrx_word' id='word_1_308' title='bbox 1742 2882 1933 2932; x_wconf 87' lang='lat' dir='ltr'><strong>morbo</strong></span> <span class='ocrx_word' id='word_1_309' title='bbox 1964 2894 2279 2947; x_wconf 89' lang='lat' dir='ltr'><strong>oppressus,</strong></span> 
     </span>
    </p>
   </div>
   <div class='ocr_carea' id='block_1_47' title="bbox 717 2963 2282 3038">
    <p class='ocr_par' dir='ltr' id='par_1_47' title="bbox 717 2963 2282 3038">
     <span class='ocr_line' id='line_1_47' title="bbox 717 2963 2282 3038; baseline 0.01 -26"><span class='ocrx_word' id='word_1_310' title='bbox 717 2968 883 3027; x_wconf 86' lang='lat' dir='ltr'><strong>atque</strong></span> <span class='ocrx_word' id='word_1_311' title='bbox 910 2963 979 3017; x_wconf 93' lang='lat' dir='ltr'><strong>ob</strong></span> <span class='ocrx_word' id='word_1_312' title='bbox 1002 2979 1120 3017; x_wconf 89' lang='lat' dir='ltr'><strong>eam</strong></span> <span class='ocrx_word' id='word_1_313' title='bbox 1151 2982 1372 3021; x_wconf 86' lang='lat' dir='ltr'><strong>causam</strong></span> <span class='ocrx_word' id='word_1_314' title='bbox 1401 2984 1523 3038; x_wconf 69' lang='lat' dir='ltr'><strong>qua:</strong></span> <span class='ocrx_word' id='word_1_315' title='bbox 1556 2970 1675 3023; x_wconf 87' lang='lat' dir='ltr'><strong>ﬁdei</strong></span> <span class='ocrx_word' id='word_1_316' title='bbox 1702 2981 1832 3025; x_wconf 84' lang='lat' dir='ltr'><strong>sunt</strong></span> <span class='ocrx_word' id='word_1_317' title='bbox 1882 2973 2121 3025; x_wconf 88' lang='lat' dir='ltr'><strong>nondum</strong></span> <span class='ocrx_word' id='word_1_318' title='bbox 2181 2975 2282 3027; x_wconf 91' lang='lat' dir='ltr'><strong>rite</strong></span> 
     </span>
    </p>
   </div>
   <div class='ocr_carea' id='block_1_48' title="bbox 715 3050 2282 3129">
    <p class='ocr_par' dir='ltr' id='par_1_48' title="bbox 715 3050 2282 3129">
     <span class='ocr_line' id='line_1_48' title="bbox 715 3050 2282 3129; baseline 0.008 -25"><span class='ocrx_word' id='word_1_319' title='bbox 715 3050 962 3117; x_wconf 79' lang='lat' dir='ltr'><strong>edoctus,</strong></span> <span class='ocrx_word' id='word_1_320' title='bbox 993 3069 1093 3109; x_wconf 81' lang='lat' dir='ltr'><strong>nec</strong></span> <span class='ocrx_word' id='word_1_321' title='bbox 1119 3070 1183 3108; x_wconf 85' lang='lat' dir='ltr'><strong>eo</strong></span> <span class='ocrx_word' id='word_1_322' title='bbox 1215 3057 1379 3111; x_wconf 91' lang='lat' dir='ltr'><strong>modo</strong></span> <span class='ocrx_word' id='word_1_323' title='bbox 1408 3072 1516 3127; x_wconf 94' lang='lat' dir='ltr'><strong>quo</strong></span> <span class='ocrx_word' id='word_1_324' title='bbox 1538 3057 1775 3113; x_wconf 82' lang='lat' dir='ltr'><strong>diximus</strong></span> <span class='ocrx_word' id='word_1_325' title='bbox 1806 3060 2106 3129; x_wconf 80' lang='lat' dir='ltr'><strong>professus.</strong></span> <span class='ocrx_word' id='word_1_326' title='bbox 2142 3063 2282 3116; x_wconf 87' lang='lat' dir='ltr'><strong>salu-</strong></span> 
     </span>
    </p>
   </div>
   <div class='ocr_carea' id='block_1_49' title="bbox 2384 1960 3970 2032">
    <p class='ocr_par' dir='ltr' id='par_1_49' title="bbox 2384 1960 3970 2032">
     <span class='ocr_line' id='line_1_49' title="bbox 2384 1960 3970 2032; baseline -0.003 -19"><span class='ocrx_word' id='word_1_327' title='bbox 2384 1962 2577 2032; x_wconf 84' lang='grc' dir='ltr'>μαθεῖν</span> <span class='ocrx_word' id='word_1_328' title='bbox 2610 1963 2709 2031; x_wconf 82' lang='grc' dir='ltr'>τὴν</span> <span class='ocrx_word' id='word_1_329' title='bbox 2746 1961 2950 2024; x_wconf 82' lang='grc' dir='ltr'>πίστιν,</span> <span class='ocrx_word' id='word_1_330' title='bbox 2985 1962 3080 2013; x_wconf 77' lang='grc' dir='ltr'>καὶ</span> <span class='ocrx_word' id='word_1_331' title='bbox 3111 1962 3171 2014; x_wconf 73' lang='grc' dir='ltr'>τὸ</span> <span class='ocrx_word' id='word_1_332' title='bbox 3209 1962 3511 2030; x_wconf 71' lang='grc' dir='ltr'>μυστήριον</span> <span class='ocrx_word' id='word_1_333' title='bbox 3541 1960 3634 2012; x_wconf 80' lang='grc' dir='ltr'>τοῦ</span> <span class='ocrx_word' id='word_1_334' title='bbox 3673 1960 3970 2027; x_wconf 73' lang='grc' dir='ltr'>φωτίαμα-</span> 
     </span>
    </p>
   </div>
   <div class='ocr_carea' id='block_1_50' title="bbox 2379 2052 3971 2122">
    <p class='ocr_par' dir='ltr' id='par_1_50' title="bbox 2379 2052 3971 2122">
     <span class='ocr_line' id='line_1_50' title="bbox 2379 2052 3971 2122; baseline -0.003 -15"><span class='ocrx_word' id='word_1_335' title='bbox 2379 2071 2502 2120; x_wconf 83' lang='grc' dir='ltr'>τος,</span> <span class='ocrx_word' id='word_1_336' title='bbox 2532 2056 2624 2107; x_wconf 71' lang='grc' dir='ltr'>καὶ</span> <span class='ocrx_word' id='word_1_337' title='bbox 2656 2054 2855 2107; x_wconf 83' lang='grc' dir='ltr'>εἰδέναι</span> <span class='ocrx_word' id='word_1_338' title='bbox 2885 2056 2966 2106; x_wconf 83' lang='grc' dir='ltr'>ὅτι</span> <span class='ocrx_word' id='word_1_339' title='bbox 2995 2053 3142 2116; x_wconf 75' lang='grc' dir='ltr'>θείας</span> <span class='ocrx_word' id='word_1_340' title='bbox 3173 2054 3380 2122; x_wconf 76' lang='grc' dir='ltr'>δωρεᾶς</span> <span class='ocrx_word' id='word_1_341' title='bbox 3411 2052 3729 2121; x_wconf 73' lang='grc' dir='ltr'><strong>κατηξιώθη</strong></span> <span class='ocrx_word' id='word_1_342' title='bbox 3758 2092 3774 2111; x_wconf 80' lang='grc'>,</span> <span class='ocrx_word' id='word_1_343' title='bbox 3806 2052 3971 2120; x_wconf 53' lang='lat' dir='ltr'><strong>ﬂre-sv</strong></span> 
     </span>
    </p>
   </div>
   <div class='ocr_carea' id='block_1_51' title="bbox 2380 2140 3971 2213">
    <p class='ocr_par' dir='ltr' id='par_1_51' title="bbox 2380 2140 3971 2213">
     <span class='ocr_line' id='line_1_51' title="bbox 2380 2140 3971 2213; baseline -0.003 -16"><span class='ocrx_word' id='word_1_344' title='bbox 2380 2145 2480 2213; x_wconf 86' lang='grc' dir='ltr'><strong>τῆς</strong></span> <span class='ocrx_word' id='word_1_345' title='bbox 2519 2144 2868 2211; x_wconf 70' lang='grc' dir='ltr'>ἐπιγνώσεως</span> <span class='ocrx_word' id='word_1_346' title='bbox 2904 2143 2997 2197; x_wconf 80' lang='grc' dir='ltr'>τοῦ</span> <span class='ocrx_word' id='word_1_347' title='bbox 3040 2142 3253 2213; x_wconf 83' lang='grc' dir='ltr'>ἀληθῶς</span> <span class='ocrx_word' id='word_1_348' title='bbox 3294 2146 3388 2197; x_wconf 74' lang='grc' dir='ltr'>καὶ</span> <span class='ocrx_word' id='word_1_349' title='bbox 3426 2146 3631 2212; x_wconf 78' lang='grc' dir='ltr'><strong>κυρίως</strong></span> <span class='ocrx_word' id='word_1_350' title='bbox 3665 2140 3843 2202; x_wconf 80' lang='grc' dir='ltr'>Θεοῦ.</span> <span class='ocrx_word' id='word_1_351' title='bbox 3881 2140 3971 2193; x_wconf 77' lang='grc' dir='ltr'><strong>καὶ</strong></span> 
     </span>
    </p>
   </div>
   <div class='ocr_carea' id='block_1_52' title="bbox 2381 2230 3972 2305">
    <p class='ocr_par' dir='ltr' id='par_1_52' title="bbox 2381 2230 3972 2305">
     <span class='ocr_line' id='line_1_52' title="bbox 2381 2230 3972 2305; baseline -0.001 -19"><span class='ocrx_word' id='word_1_352' title='bbox 2381 2233 2479 2302; x_wconf 83' lang='grc' dir='ltr'><strong>τῆς</strong></span> <span class='ocrx_word' id='word_1_353' title='bbox 2506 2237 2755 2302; x_wconf 79' lang='grc' dir='ltr'>ἀφέσεως</span> <span class='ocrx_word' id='word_1_354' title='bbox 2780 2236 2887 2286; x_wconf 82' lang='grc' dir='ltr'>τῶν</span> <span class='ocrx_word' id='word_1_355' title='bbox 2914 2236 3221 2305; x_wconf 84' lang='grc' dir='ltr'>ἁμαρτιῶν.</span> <span class='ocrx_word' id='word_1_356' title='bbox 3246 2230 3313 2305; x_wconf 82' lang='grc' dir='ltr'>ἧς</span> <span class='ocrx_word' id='word_1_357' title='bbox 3341 2235 3429 2287; x_wconf 71' lang='grc' dir='ltr'><strong>διὰ</strong></span> <span class='ocrx_word' id='word_1_358' title='bbox 3456 2235 3547 2286; x_wconf 81' lang='grc' dir='ltr'>τοῦ</span> <span class='ocrx_word' id='word_1_359' title='bbox 3578 2236 3745 2301; x_wconf 85' lang='grc' dir='ltr'>ἀγίου</span> <span class='ocrx_word' id='word_1_360' title='bbox 3776 2233 3972 2301; x_wconf 82' lang='grc' dir='ltr'>βαπτί-</span> 
     </span>
    </p>
   </div>
   <div class='ocr_carea' id='block_1_53' title="bbox 2382 2326 2833 2395">
    <p class='ocr_par' dir='ltr' id='par_1_53' title="bbox 2382 2326 2833 2395">
     <span class='ocr_line' id='line_1_53' title="bbox 2382 2326 2833 2395; baseline 0.004 -16"><span class='ocrx_word' id='word_1_361' title='bbox 2382 2342 2590 2395; x_wconf 84' lang='grc' dir='ltr'>σματος</span> <span class='ocrx_word' id='word_1_362' title='bbox 2620 2326 2833 2394; x_wconf 77' lang='grc' dir='ltr'>ἔτυχον.</span> 
     </span>
    </p>
   </div>
   <div class='ocr_carea' id='block_1_54' title="bbox 2452 2418 3969 2487">
    <p class='ocr_par' dir='ltr' id='par_1_54' title="bbox 2452 2418 3969 2487">
     <span class='ocr_line' id='line_1_54' title="bbox 2452 2418 3969 2487; baseline -0.003 -16"><span class='ocrx_word' id='word_1_363' title='bbox 2452 2419 2695 2471; x_wconf 75' lang='grc' dir='ltr'><strong>ΖΩΝΑΡ.</strong></span> <span class='ocrx_word' id='word_1_364' title='bbox 2732 2418 2987 2470; x_wconf 74' lang='grc' dir='ltr'>Βούλεται</span> <span class='ocrx_word' id='word_1_365' title='bbox 3016 2420 3043 2469; x_wconf 90' lang='grc' dir='ltr'><strong>ό</strong></span> <span class='ocrx_word' id='word_1_366' title='bbox 3070 2418 3249 2470; x_wconf 85' lang='grc' dir='ltr'>κανὼν</span> <span class='ocrx_word' id='word_1_367' title='bbox 3274 2420 3395 2472; x_wconf 73' lang='grc' dir='ltr'>τοὺς</span> <span class='ocrx_word' id='word_1_368' title='bbox 3429 2418 3808 2487; x_wconf 76' lang='grc' dir='ltr'>βαπτισθῆναι</span> <span class='ocrx_word' id='word_1_369' title='bbox 3843 2418 3969 2485; x_wconf 75' lang='grc' dir='ltr'><strong>μὲλ-</strong></span> 
     </span>
    </p>
   </div>
   <div class='ocr_carea' id='block_1_55' title="bbox 2380 2508 3969 2579">
    <p class='ocr_par' dir='ltr' id='par_1_55' title="bbox 2380 2508 3969 2579">
     <span class='ocr_line' id='line_1_55' title="bbox 2380 2508 3969 2579; baseline -0.003 -18"><span class='ocrx_word' id='word_1_370' title='bbox 2380 2509 2570 2571; x_wconf 87' lang='grc' dir='ltr'>λοντας</span> <span class='ocrx_word' id='word_1_371' title='bbox 2618 2513 2674 2561; x_wconf 78' lang='grc' dir='ltr'><strong>ἐν</strong></span> <span class='ocrx_word' id='word_1_372' title='bbox 2717 2510 2917 2577; x_wconf 77' lang='grc' dir='ltr'>εἰδήσει</span> <span class='ocrx_word' id='word_1_373' title='bbox 2962 2509 3057 2562; x_wconf 76' lang='grc' dir='ltr'>τοῦ</span> <span class='ocrx_word' id='word_1_374' title='bbox 3106 2510 3400 2579; x_wconf 72' lang='grc' dir='ltr'>καθ’ἠμᾶς</span> <span class='ocrx_word' id='word_1_375' title='bbox 3452 2511 3764 2577; x_wconf 70' lang='grc' dir='ltr'>μυστηρίου</span> <span class='ocrx_word' id='word_1_376' title='bbox 3816 2508 3969 2567; x_wconf 72' lang='grc' dir='ltr'>ὄντας</span> 
     </span>
    </p>
   </div>
   <div class='ocr_carea' id='block_1_56' title="bbox 2384 2598 3967 2669">
    <p class='ocr_par' dir='ltr' id='par_1_56' title="bbox 2384 2598 3967 2669">
     <span class='ocr_line' id='line_1_56' title="bbox 2384 2598 3967 2669; baseline -0.003 -17"><span class='ocrx_word' id='word_1_377' title='bbox 2384 2600 2739 2669; x_wconf 77' lang='grc' dir='ltr'>βαπτίζεσθαι</span> <span class='ocrx_word' id='word_1_378' title='bbox 2765 2618 2779 2631; x_wconf 77' lang='grc' dir='ltr'><strong><em>ο</em></strong></span> <span class='ocrx_word' id='word_1_379' title='bbox 2824 2602 2905 2653; x_wconf 78' lang='grc' dir='ltr'>διὸ</span> <span class='ocrx_word' id='word_1_380' title='bbox 2948 2603 3071 2664; x_wconf 69' lang='grc' dir='ltr'>τοὺς</span> <span class='ocrx_word' id='word_1_381' title='bbox 3115 2603 3551 2667; x_wconf 76' lang='grc' dir='ltr'>κατηχουμένους</span> <span class='ocrx_word' id='word_1_382' title='bbox 3596 2598 3967 2664; x_wconf 80' lang='grc' dir='ltr'>ἀπαγγέλλειν</span> 
     </span>
    </p>
   </div>
   <div class='ocr_carea' id='block_1_57' title="bbox 2383 2689 3967 2762">
    <p class='ocr_par' dir='ltr' id='par_1_57' title="bbox 2383 2689 3967 2762">
     <span class='ocr_line' id='line_1_57' title="bbox 2383 2689 3967 2762; baseline -0.001 -19"><span class='ocrx_word' id='word_1_383' title='bbox 2383 2691 2593 2744; x_wconf 75' lang='grc' dir='ltr'>κελεύει</span> <span class='ocrx_word' id='word_1_384' title='bbox 2622 2694 2677 2743; x_wconf 86' lang='grc' dir='ltr'><strong>ἐν</strong></span> <span class='ocrx_word' id='word_1_385' title='bbox 2707 2693 2805 2762; x_wconf 75' lang='grc' dir='ltr'><strong>μιᾷ</strong></span> <span class='ocrx_word' id='word_1_386' title='bbox 2830 2694 3011 2761; x_wconf 68' lang='grc' dir='ltr'>ἡμέρα</span> <span class='ocrx_word' id='word_1_387' title='bbox 3042 2694 3138 2760; x_wconf 86' lang='grc' dir='ltr'><strong>τῆς</strong></span> <span class='ocrx_word' id='word_1_388' title='bbox 3168 2692 3481 2761; x_wconf 73' lang='grc' dir='ltr'>ἐὸδομάὁος.</span> <span class='ocrx_word' id='word_1_389' title='bbox 3510 2691 3544 2744; x_wconf 70' lang='grc' dir='ltr'>ἃ</span> <span class='ocrx_word' id='word_1_390' title='bbox 3573 2691 3664 2743; x_wconf 67' lang='grc' dir='ltr'><strong>διὰ</strong></span> <span class='ocrx_word' id='word_1_391' title='bbox 3692 2691 3800 2759; x_wconf 72' lang='grc' dir='ltr'><strong>τῆς</strong></span> <span class='ocrx_word' id='word_1_392' title='bbox 3825 2689 3967 2741; x_wconf 67' lang='lat'><strong>£660-</strong></span> 
     </span>
    </p>
   </div>
   <div class='ocr_carea' id='block_1_58' title="bbox 2387 2782 3963 2855">
    <p class='ocr_par' dir='ltr' id='par_1_58' title="bbox 2387 2782 3963 2855">
     <span class='ocr_line' id='line_1_58' title="bbox 2387 2782 3963 2855; baseline -0.002 -18"><span class='ocrx_word' id='word_1_393' title='bbox 2387 2785 2549 2851; x_wconf 82' lang='grc' dir='ltr'>μάδος</span> <span class='ocrx_word' id='word_1_394' title='bbox 2580 2785 2802 2853; x_wconf 81' lang='grc' dir='ltr'>ἔμαθον,</span> <span class='ocrx_word' id='word_1_395' title='bbox 2828 2785 2905 2855; x_wconf 86' lang='grc' dir='ltr'>τῷ</span> <span class='ocrx_word' id='word_1_396' title='bbox 2935 2786 3214 2852; x_wconf 83' lang='grc' dir='ltr'>ἐπισκόπῳ</span> <span class='ocrx_word' id='word_1_397' title='bbox 3244 2785 3277 2852; x_wconf 79' lang='grc' dir='ltr'>ἢ</span> <span class='ocrx_word' id='word_1_398' title='bbox 3305 2788 3417 2846; x_wconf 85' lang='grc' dir='ltr'><strong>τοίς</strong></span> <span class='ocrx_word' id='word_1_399' title='bbox 3449 2785 3873 2852; x_wconf 79' lang='grc' dir='ltr'>πρεσϐυτέροις.</span> <span class='ocrx_word' id='word_1_400' title='bbox 3908 2782 3963 2835; x_wconf 81' lang='lat' dir='ltr'><strong>Et</strong></span> 
     </span>
    </p>
   </div>
   <div class='ocr_carea' id='block_1_59' title="bbox 2384 2874 3961 2947">
    <p class='ocr_par' dir='ltr' id='par_1_59' title="bbox 2384 2874 3961 2947">
     <span class='ocr_line' id='line_1_59' title="bbox 2384 2874 3961 2947; baseline -0.004 -20"><span class='ocrx_word' id='word_1_401' title='bbox 2384 2874 2440 2928; x_wconf 76' lang='grc' dir='ltr'>δέ</span> <span class='ocrx_word' id='word_1_402' title='bbox 2476 2892 2558 2935; x_wconf 73' lang='grc' dir='ltr'><strong>τις</strong></span> <span class='ocrx_word' id='word_1_403' title='bbox 2594 2878 2763 2928; x_wconf 80' lang='grc' dir='ltr'>νοσῶν</span> <span class='ocrx_word' id='word_1_404' title='bbox 2798 2878 2893 2930; x_wconf 70' lang='grc' dir='ltr'>καὶ</span> <span class='ocrx_word' id='word_1_405' title='bbox 2925 2881 3053 2945; x_wconf 75' lang='grc' dir='ltr'>περὶ</span> <span class='ocrx_word' id='word_1_406' title='bbox 3083 2876 3183 2947; x_wconf 80' lang='grc' dir='ltr'>τὴν</span> <span class='ocrx_word' id='word_1_407' title='bbox 3217 2875 3361 2945; x_wconf 81' lang='grc' dir='ltr'>ζωὴν</span> <span class='ocrx_word' id='word_1_408' title='bbox 3398 2874 3731 2929; x_wconf 76' lang='grc' dir='ltr'>κινδυνεύων</span> <span class='ocrx_word' id='word_1_409' title='bbox 3771 2874 3961 2943; x_wconf 76' lang='grc' dir='ltr'>βαπτι-</span> 
     </span>
    </p>
   </div>
   <div class='ocr_carea' id='block_1_60' title="bbox 2386 2966 3958 3040">
    <p class='ocr_par' dir='ltr' id='par_1_60' title="bbox 2386 2966 3958 3040">
     <span class='ocr_line' id='line_1_60' title="bbox 2386 2966 3958 3040; baseline -0.004 -19"><span class='ocrx_word' id='word_1_410' title='bbox 2386 2968 2486 3040; x_wconf 80' lang='grc' dir='ltr'><strong>σθῇ</strong></span> <span class='ocrx_word' id='word_1_411' title='bbox 2524 2968 2630 3038; x_wconf 80' lang='grc' dir='ltr'>πρὸ</span> <span class='ocrx_word' id='word_1_412' title='bbox 2660 2967 2755 3021; x_wconf 81' lang='grc' dir='ltr'>τοῦ</span> <span class='ocrx_word' id='word_1_413' title='bbox 2792 2969 2981 3038; x_wconf 82' lang='grc' dir='ltr'>μαθεῖν</span> <span class='ocrx_word' id='word_1_414' title='bbox 3010 2970 3112 3036; x_wconf 79' lang='grc' dir='ltr'>τὴν</span> <span class='ocrx_word' id='word_1_415' title='bbox 3143 2970 3326 3021; x_wconf 82' lang='grc' dir='ltr'>πίστιν</span> <span class='ocrx_word' id='word_1_416' title='bbox 3354 2970 3449 3020; x_wconf 80' lang='grc' dir='ltr'>καὶ</span> <span class='ocrx_word' id='word_1_417' title='bbox 3484 2968 3857 3034; x_wconf 71' lang='grc' dir='ltr'>ἀπαγγεῖλαι,</span> <span class='ocrx_word' id='word_1_418' title='bbox 3890 2966 3958 3025; x_wconf 76' lang='lat' dir='ltr'><strong>t&#39;o;</strong></span> 
     </span>
    </p>
   </div>
   <div class='ocr_carea' id='block_1_61' title="bbox 2386 3058 3966 3133">
    <p class='ocr_par' dir='ltr' id='par_1_61' title="bbox 2386 3058 3966 3133">
     <span class='ocr_line' id='line_1_61' title="bbox 2386 3058 3966 3133; baseline -0.005 -18"><span class='ocrx_word' id='word_1_419' title='bbox 2386 3061 2626 3133; x_wconf 79' lang='grc' dir='ltr'>εἴρηται,</span> <span class='ocrx_word' id='word_1_420' title='bbox 2652 3058 2770 3116; x_wconf 75' lang='grc' dir='ltr'>εἶτα</span> <span class='ocrx_word' id='word_1_421' title='bbox 2792 3063 2891 3132; x_wconf 86' lang='grc' dir='ltr'><strong>τῆς</strong></span> <span class='ocrx_word' id='word_1_422' title='bbox 2920 3064 3074 3115; x_wconf 85' lang='grc' dir='ltr'>νόσου</span> <span class='ocrx_word' id='word_1_423' title='bbox 3103 3062 3412 3130; x_wconf 81' lang='grc' dir='ltr'>ἀπαλλαγῇ,</span> <span class='ocrx_word' id='word_1_424' title='bbox 3439 3060 3532 3112; x_wconf 77' lang='grc' dir='ltr'>καὶ</span> <span class='ocrx_word' id='word_1_425' title='bbox 3558 3059 3742 3121; x_wconf 81' lang='grc' dir='ltr'>οὕτως</span> <span class='ocrx_word' id='word_1_426' title='bbox 3774 3062 3966 3126; x_wconf 78' lang='grc' dir='ltr'>ἑκμαν·</span> 
     </span>
    </p>
   </div>
   <div class='ocr_carea' id='block_1_62' title="bbox 711 3143 2282 3255">
    <p class='ocr_par' dir='ltr' id='par_1_62' title="bbox 711 3143 2279 3219">
     <span class='ocr_line' id='line_1_62' title="bbox 711 3143 2279 3219; baseline 0.008 -22"><span class='ocrx_word' id='word_1_427' title='bbox 711 3143 813 3197; x_wconf 92' lang='lat' dir='ltr'><strong>tari</strong></span> <span class='ocrx_word' id='word_1_428' title='bbox 847 3145 1097 3213; x_wconf 89' lang='lat' dir='ltr'><strong>baptismi</strong></span> <span class='ocrx_word' id='word_1_429' title='bbox 1161 3146 1382 3203; x_wconf 84' lang='lat' dir='ltr'><strong>lavacro</strong></span> <span class='ocrx_word' id='word_1_430' title='bbox 1453 3150 1711 3217; x_wconf 82' lang='lat' dir='ltr'><strong>perfusus</strong></span> <span class='ocrx_word' id='word_1_431' title='bbox 1762 3151 1960 3219; x_wconf 79' lang='lat' dir='ltr'><strong>fuerit,</strong></span> <span class='ocrx_word' id='word_1_432' title='bbox 2015 3153 2102 3208; x_wconf 88' lang='lat' dir='ltr'><strong>hic</strong></span> <span class='ocrx_word' id='word_1_433' title='bbox 2146 3156 2187 3207; x_wconf 91' lang='lat' dir='ltr'><strong>si</strong></span> <span class='ocrx_word' id='word_1_434' title='bbox 2250 3172 2279 3209; x_wconf 93' lang='lat' dir='ltr'><strong>a</strong></span> 
     </span>
    </p>
   </div>
   <div class='ocr_carea' id='block_1_63' title="bbox 2380 3143 3963 3255">
    <p class='ocr_par' dir='ltr' id='par_1_63' title="bbox 2387 3149 3963 3223">
     <span class='ocr_line' id='line_1_63' title="bbox 2387 3149 3963 3223; baseline -0.004 -16"><span class='ocrx_word' id='word_1_435' title='bbox 2387 3154 2569 3208; x_wconf 87' lang='grc' dir='ltr'>θάνειν</span> <span class='ocrx_word' id='word_1_436' title='bbox 2596 3154 2759 3207; x_wconf 80' lang='grc' dir='ltr'>αὐτὸν</span> <span class='ocrx_word' id='word_1_437' title='bbox 2786 3154 2868 3206; x_wconf 81' lang='grc' dir='ltr'><strong>δεῖ</strong></span> <span class='ocrx_word' id='word_1_438' title='bbox 2895 3153 2955 3206; x_wconf 77' lang='grc' dir='ltr'>τὸ</span> <span class='ocrx_word' id='word_1_439' title='bbox 2990 3155 3313 3223; x_wconf 83' lang='grc' dir='ltr'>μυστήριον,</span> <span class='ocrx_word' id='word_1_440' title='bbox 3352 3153 3441 3205; x_wconf 72' lang='grc' dir='ltr'>καὶ</span> <span class='ocrx_word' id='word_1_441' title='bbox 3471 3152 3673 3204; x_wconf 79' lang='grc' dir='ltr'>εἰδέναι</span> <span class='ocrx_word' id='word_1_442' title='bbox 3706 3151 3793 3203; x_wconf 78' lang='grc' dir='ltr'>ὅτι</span> <span class='ocrx_word' id='word_1_443' title='bbox 3824 3149 3963 3210; x_wconf 80' lang='grc' dir='ltr'>θείας</span> 
     </span>
    </p>
   </div>
   <div class='ocr_carea' id='block_1_64' title="bbox 715 3236 2284 3314">
    <p class='ocr_par' dir='ltr' id='par_1_64' title="bbox 715 3236 2284 3314">
     <span class='ocr_line' id='line_1_64' title="bbox 715 3236 2284 3314; baseline 0.007 -27"><span class='ocrx_word' id='word_1_444' title='bbox 715 3236 911 3289; x_wconf 90' lang='lat' dir='ltr'><strong>morbo</strong></span> <span class='ocrx_word' id='word_1_445' title='bbox 949 3246 1135 3306; x_wconf 89' lang='lat' dir='ltr'><strong>postea</strong></span> <span class='ocrx_word' id='word_1_446' title='bbox 1173 3241 1541 3305; x_wconf 82' lang='lat' dir='ltr'><strong>convalescat,</strong></span> <span class='ocrx_word' id='word_1_447' title='bbox 1571 3242 1753 3296; x_wconf 86' lang='lat' dir='ltr'><strong>divina</strong></span> <span class='ocrx_word' id='word_1_448' title='bbox 1791 3245 2048 3314; x_wconf 83' lang='lat' dir='ltr'><strong>mysteria</strong></span> <span class='ocrx_word' id='word_1_449' title='bbox 2083 3246 2284 3300; x_wconf 84' lang='lat' dir='ltr'><strong>niltilo-</strong></span> 
     </span>
    </p>
   </div>
   <div class='ocr_carea' id='block_1_65' title="bbox 711 3328 2280 3402">
    <p class='ocr_par' dir='ltr' id='par_1_65' title="bbox 711 3328 2280 3402">
     <span class='ocr_line' id='line_1_65' title="bbox 711 3328 2280 3402; baseline 0.006 -21"><span class='ocrx_word' id='word_1_450' title='bbox 711 3328 894 3382; x_wconf 85' lang='lat' dir='ltr'><strong>minus</strong></span> <span class='ocrx_word' id='word_1_451' title='bbox 929 3330 1169 3395; x_wconf 90' lang='lat' dir='ltr'><strong>edoceri,</strong></span> <span class='ocrx_word' id='word_1_452' title='bbox 1202 3346 1371 3402; x_wconf 89' lang='lat' dir='ltr'><strong>seque</strong></span> <span class='ocrx_word' id='word_1_453' title='bbox 1406 3334 1609 3389; x_wconf 88' lang='lat' dir='ltr'><strong>divinis</strong></span> <span class='ocrx_word' id='word_1_454' title='bbox 1664 3337 1984 3392; x_wconf 85' lang='lat' dir='ltr'><strong>muneribus</strong></span> <span class='ocrx_word' id='word_1_455' title='bbox 2030 3349 2280 3391; x_wconf 87' lang='lat' dir='ltr'><strong>ornatum</strong></span> 
     </span>
    </p>
   </div>
   <div class='ocr_carea' id='block_1_66' title="bbox 712 3423 2285 3498">
    <p class='ocr_par' dir='ltr' id='par_1_66' title="bbox 712 3423 2285 3498">
     <span class='ocr_line' id='line_1_66' title="bbox 712 3423 2285 3498; baseline 0.009 -28"><span class='ocrx_word' id='word_1_456' title='bbox 712 3435 855 3485; x_wconf 81' lang='lat' dir='ltr'><strong>esse,</strong></span> <span class='ocrx_word' id='word_1_457' title='bbox 894 3423 1223 3490; x_wconf 81' lang='lat' dir='ltr'><strong>agnitionem</strong></span> <span class='ocrx_word' id='word_1_458' title='bbox 1251 3425 1454 3480; x_wconf 88' lang='lat' dir='ltr'><strong>scilicet</strong></span> <span class='ocrx_word' id='word_1_459' title='bbox 1492 3426 1604 3481; x_wconf 80' lang='lat' dir='ltr'><strong>veri</strong></span> <span class='ocrx_word' id='word_1_460' title='bbox 1638 3436 1692 3483; x_wconf 89' lang='lat' dir='ltr'><strong>et</strong></span> <span class='ocrx_word' id='word_1_461' title='bbox 1720 3431 1920 3483; x_wconf 88' lang='lat' dir='ltr'><strong>summi</strong></span> <span class='ocrx_word' id='word_1_462' title='bbox 1949 3428 2040 3483; x_wconf 85' lang='lat' dir='ltr'><strong>Dei</strong></span> <span class='ocrx_word' id='word_1_463' title='bbox 2074 3441 2129 3483; x_wconf 89' lang='lat' dir='ltr'><strong>et</strong></span> <span class='ocrx_word' id='word_1_464' title='bbox 2160 3445 2285 3498; x_wconf 88' lang='lat' dir='ltr'><strong>pec-</strong></span> 
     </span>
    </p>
   </div>
   <div class='ocr_carea' id='block_1_67' title="bbox 710 3516 2285 3585">
    <p class='ocr_par' dir='ltr' id='par_1_67' title="bbox 710 3516 2285 3585">
     <span class='ocr_line' id='line_1_67' title="bbox 710 3516 2285 3585; baseline 0.006 -20"><span class='ocrx_word' id='word_1_465' title='bbox 710 3521 961 3566; x_wconf 89' lang='lat' dir='ltr'><strong>catorum</strong></span> <span class='ocrx_word' id='word_1_466' title='bbox 995 3528 1094 3583; x_wconf 85' lang='lat' dir='ltr'><strong>per</strong></span> <span class='ocrx_word' id='word_1_467' title='bbox 1124 3524 1375 3569; x_wconf 88' lang='lat' dir='ltr'><strong>sanctqu</strong></span> <span class='ocrx_word' id='word_1_468' title='bbox 1412 3516 1680 3585; x_wconf 85' lang='lat' dir='ltr'><strong>baptisma</strong></span> <span class='ocrx_word' id='word_1_469' title='bbox 1729 3520 2111 3574; x_wconf 87' lang='lat' dir='ltr'><strong>remissionem</strong></span> <span class='ocrx_word' id='word_1_470' title='bbox 2142 3522 2285 3575; x_wconf 83' lang='grc' dir='ltr'>οιιιί-</span> 
     </span>
    </p>
   </div>
   <div class='ocr_carea' id='block_1_68' title="bbox 713 3604 2282 3680">
    <p class='ocr_par' dir='ltr' id='par_1_68' title="bbox 713 3604 2282 3680">
     <span class='ocr_line' id='line_1_68' title="bbox 713 3604 2282 3680; baseline 0.008 -26"><span class='ocrx_word' id='word_1_471' title='bbox 713 3604 903 3659; x_wconf 90' lang='lat' dir='ltr'><strong>nuisse</strong></span> <span class='ocrx_word' id='word_1_472' title='bbox 935 3606 1239 3676; x_wconf 77' lang='lat' dir='ltr'><strong>intelligere</strong></span> <span class='ocrx_word' id='word_1_473' title='bbox 1267 3608 1444 3663; x_wconf 90' lang='lat' dir='ltr'><strong>debet.</strong></span> <span class='ocrx_word' id='word_1_474' title='bbox 1478 3608 1631 3674; x_wconf 91' lang='lat' dir='ltr'><strong>Quod</strong></span> <span class='ocrx_word' id='word_1_475' title='bbox 1659 3610 1804 3664; x_wconf 91' lang='lat' dir='ltr'><strong>enim</strong></span> <span class='ocrx_word' id='word_1_476' title='bbox 1853 3611 2126 3680; x_wconf 89' lang='lat' dir='ltr'><strong>baptismo</strong></span> <span class='ocrx_word' id='word_1_477' title='bbox 2172 3613 2282 3667; x_wconf 89' lang='lat' dir='ltr'><strong>ini-</strong></span> 
     </span>
    </p>
   </div>
   <div class='ocr_carea' id='block_1_69' title="bbox 2388 3242 3965 3317">
    <p class='ocr_par' dir='ltr' id='par_1_69' title="bbox 2388 3242 3965 3317">
     <span class='ocr_line' id='line_1_69' title="bbox 2388 3242 3965 3317; baseline -0.005 -16"><span class='ocrx_word' id='word_1_478' title='bbox 2388 3246 2598 3317; x_wconf 79' lang='grc' dir='ltr'>δωρεᾶς</span> <span class='ocrx_word' id='word_1_479' title='bbox 2626 3246 2972 3317; x_wconf 81' lang='grc' dir='ltr'>κατηξιώθη,</span> <span class='ocrx_word' id='word_1_480' title='bbox 3004 3248 3172 3317; x_wconf 78' lang='grc' dir='ltr'>ῆγουν</span> <span class='ocrx_word' id='word_1_481' title='bbox 3198 3246 3298 3314; x_wconf 84' lang='grc' dir='ltr'><strong>τῆς</strong></span> <span class='ocrx_word' id='word_1_482' title='bbox 3327 3244 3679 3312; x_wconf 76' lang='grc' dir='ltr'>ἐπιγνώσεως</span> <span class='ocrx_word' id='word_1_483' title='bbox 3709 3242 3808 3295; x_wconf 75' lang='grc' dir='ltr'>τοῦ</span> <span class='ocrx_word' id='word_1_484' title='bbox 3840 3242 3965 3309; x_wconf 80' lang='grc' dir='ltr'>ἀλη-</span> 
     </span>
    </p>
   </div>
   <div class='ocr_carea' id='block_1_70' title="bbox 2390 3335 3956 3407">
    <p class='ocr_par' dir='ltr' id='par_1_70' title="bbox 2390 3335 3956 3407">
     <span class='ocr_line' id='line_1_70' title="bbox 2390 3335 3956 3407; baseline -0.003 -16"><span class='ocrx_word' id='word_1_485' title='bbox 2390 3338 2497 3401; x_wconf 84' lang='grc' dir='ltr'>θῶς</span> <span class='ocrx_word' id='word_1_486' title='bbox 2530 3339 2624 3391; x_wconf 81' lang='grc' dir='ltr'>καὶ</span> <span class='ocrx_word' id='word_1_487' title='bbox 2658 3340 2861 3407; x_wconf 81' lang='grc' dir='ltr'>κυρίως</span> <span class='ocrx_word' id='word_1_488' title='bbox 2892 3339 3026 3390; x_wconf 77' lang='grc' dir='ltr'>Θεοῦ</span> <span class='ocrx_word' id='word_1_489' title='bbox 3048 3379 3063 3399; x_wconf 84' lang='grc'>,</span> <span class='ocrx_word' id='word_1_490' title='bbox 3101 3340 3195 3389; x_wconf 71' lang='grc' dir='ltr'>καὶ</span> <span class='ocrx_word' id='word_1_491' title='bbox 3229 3338 3327 3406; x_wconf 87' lang='grc' dir='ltr'><strong>τῆς</strong></span> <span class='ocrx_word' id='word_1_492' title='bbox 3360 3338 3608 3405; x_wconf 81' lang='grc' dir='ltr'>ἀφέσεως</span> <span class='ocrx_word' id='word_1_493' title='bbox 3641 3335 3753 3387; x_wconf 82' lang='grc' dir='ltr'><strong>τῶν</strong></span> <span class='ocrx_word' id='word_1_494' title='bbox 3785 3336 3956 3403; x_wconf 75' lang='grc' dir='ltr'>ἁμαρ·</span> 
     </span>
    </p>
   </div>
   <div class='ocr_carea' id='block_1_71' title="bbox 2388 3424 3957 3499">
    <p class='ocr_par' dir='ltr' id='par_1_71' title="bbox 2388 3424 3957 3499">
     <span class='ocr_line' id='line_1_71' title="bbox 2388 3424 3957 3499; baseline -0.005 -17"><span class='ocrx_word' id='word_1_495' title='bbox 2388 3430 2519 3482; x_wconf 84' lang='grc' dir='ltr'>τιῶν</span> <span class='ocrx_word' id='word_1_496' title='bbox 2545 3431 2632 3483; x_wconf 81' lang='grc' dir='ltr'><strong>διὰ</strong></span> <span class='ocrx_word' id='word_1_497' title='bbox 2660 3430 2755 3483; x_wconf 79' lang='grc' dir='ltr'><strong>τοῦ</strong></span> <span class='ocrx_word' id='word_1_498' title='bbox 2788 3431 2945 3497; x_wconf 80' lang='grc' dir='ltr'>ἁγίου</span> <span class='ocrx_word' id='word_1_499' title='bbox 2979 3429 3354 3499; x_wconf 74' lang='grc' dir='ltr'>βαπτίσματος</span> <span class='ocrx_word' id='word_1_500' title='bbox 3385 3424 3591 3498; x_wconf 61' lang='grc' dir='ltr'>ἔτυχέι.</span> <span class='ocrx_word' id='word_1_501' title='bbox 3630 3429 3708 3480; x_wconf 81' lang='grc' dir='ltr'><strong>Οὐ</strong></span> <span class='ocrx_word' id='word_1_502' title='bbox 3740 3427 3851 3497; x_wconf 83' lang='grc' dir='ltr'><strong>γάρ</strong></span> <span class='ocrx_word' id='word_1_503' title='bbox 3878 3426 3957 3477; x_wconf 62' lang='grc' dir='ltr'>διὰ</span> 
     </span>
    </p>
   </div>
   <div class='ocr_carea' id='block_1_72' title="bbox 2391 3517 3957 3591">
    <p class='ocr_par' dir='ltr' id='par_1_72' title="bbox 2391 3517 3957 3591">
     <span class='ocr_line' id='line_1_72' title="bbox 2391 3517 3957 3591; baseline -0.004 -16"><span class='ocrx_word' id='word_1_504' title='bbox 2391 3524 2627 3591; x_wconf 80' lang='grc' dir='ltr'>σπουδῆς</span> <span class='ocrx_word' id='word_1_505' title='bbox 2658 3524 2862 3584; x_wconf 74' lang='grc' dir='ltr'>οἰκείας</span> <span class='ocrx_word' id='word_1_506' title='bbox 2888 3524 2996 3573; x_wconf 87' lang='grc' dir='ltr'>τῶν</span> <span class='ocrx_word' id='word_1_507' title='bbox 3030 3523 3390 3590; x_wconf 74' lang='grc' dir='ltr'>πταισμάτων</span> <span class='ocrx_word' id='word_1_508' title='bbox 3417 3519 3766 3590; x_wconf 72' lang='grc' dir='ltr'>λυτρούμεοα</span> <span class='ocrx_word' id='word_1_509' title='bbox 3792 3560 3805 3582; x_wconf 89' lang='grc'><em>,</em></span> <span class='ocrx_word' id='word_1_510' title='bbox 3835 3517 3957 3570; x_wconf 79' lang='grc' dir='ltr'>ἀλλὰ</span> 
     </span>
    </p>
   </div>
   <div class='ocr_carea' id='block_1_73' title="bbox 2387 3613 3084 3684">
    <p class='ocr_par' dir='ltr' id='par_1_73' title="bbox 2387 3613 3084 3684">
     <span class='ocr_line' id='line_1_73' title="bbox 2387 3613 3084 3684; baseline 0 -17"><span class='ocrx_word' id='word_1_511' title='bbox 2387 3613 2567 3683; x_wconf 74' lang='grc' dir='ltr'>δωρεᾷ</span> <span class='ocrx_word' id='word_1_512' title='bbox 2597 3617 2690 3666; x_wconf 72' lang='grc' dir='ltr'>καὶ</span> <span class='ocrx_word' id='word_1_513' title='bbox 2719 3615 2897 3684; x_wconf 77' lang='grc' dir='ltr'>χάριτι</span> <span class='ocrx_word' id='word_1_514' title='bbox 2926 3614 3084 3667; x_wconf 76' lang='grc' dir='ltr'>Θεοῦ.</span> 
     </span>
    </p>
   </div>
   <div class='ocr_carea' id='block_1_74' title="bbox 711 3700 3957 3783">
    <p class='ocr_par' dir='ltr' id='par_1_74' title="bbox 711 3700 3957 3783">
     <span class='ocr_line' id='line_1_74' title="bbox 711 3700 3957 3783; baseline 0.004 -34"><span class='ocrx_word' id='word_1_515' title='bbox 711 3700 825 3751; x_wconf 77' lang='lat' dir='ltr'><strong>tiati</strong></span> <span class='ocrx_word' id='word_1_516' title='bbox 848 3700 1128 3771; x_wconf 88' lang='lat' dir='ltr'><strong>culparum</strong></span> <span class='ocrx_word' id='word_1_517' title='bbox 1162 3703 1370 3773; x_wconf 87' lang='lat' dir='ltr'><strong>laqueis</strong></span> <span class='ocrx_word' id='word_1_518' title='bbox 1402 3705 1746 3773; x_wconf 78' lang='lat' dir='ltr'><strong>esimamur,</strong></span> <span class='ocrx_word' id='word_1_519' title='bbox 1790 3707 1841 3762; x_wconf 94' lang='lat' dir='ltr'><strong>id</strong></span> <span class='ocrx_word' id='word_1_520' title='bbox 1903 3724 2012 3763; x_wconf 92' lang='lat' dir='ltr'><strong>non</strong></span> <span class='ocrx_word' id='word_1_521' title='bbox 2063 3721 2267 3766; x_wconf 76' lang='lat' dir='ltr'><strong>nostrae</strong></span> <span class='ocrx_word' id='word_1_522' title='bbox 2298 3709 2617 3783; x_wconf 67' lang='lat' dir='ltr'><strong>diligentiae,</strong></span> <span class='ocrx_word' id='word_1_523' title='bbox 2652 3713 2745 3766; x_wconf 81' lang='lat' dir='ltr'><strong>sed</strong></span> <span class='ocrx_word' id='word_1_524' title='bbox 2780 3712 2869 3765; x_wconf 85' lang='lat' dir='ltr'><strong>Dei</strong></span> <span class='ocrx_word' id='word_1_525' title='bbox 2905 3712 3321 3781; x_wconf 69' lang='lat' dir='ltr'><strong>magniﬁcentia:</strong></span> <span class='ocrx_word' id='word_1_526' title='bbox 3375 3726 3437 3764; x_wconf 89' lang='lat' dir='ltr'><strong>ac</strong></span> <span class='ocrx_word' id='word_1_527' title='bbox 3496 3710 3813 3763; x_wconf 70' lang='lat' dir='ltr'><strong>liberalitati</strong></span> <span class='ocrx_word' id='word_1_528' title='bbox 3878 3722 3957 3761; x_wconf 79' lang='lat' dir='ltr'><strong>ac-</strong></span> 
     </span>
    </p>
   </div>
   <div class='ocr_carea' id='block_1_75' title="bbox 711 3792 1375 3861">
    <p class='ocr_par' dir='ltr' id='par_1_75' title="bbox 711 3792 1375 3861">
     <span class='ocr_line' id='line_1_75' title="bbox 711 3792 1375 3861; baseline 0.008 -17"><span class='ocrx_word' id='word_1_529' title='bbox 711 3801 930 3861; x_wconf 72' lang='lat' dir='ltr'><strong>Ccptum</strong></span> <span class='ocrx_word' id='word_1_530' title='bbox 970 3792 1159 3848; x_wconf 83' lang='lat' dir='ltr'><strong>referri</strong></span> <span class='ocrx_word' id='word_1_531' title='bbox 1191 3794 1375 3849; x_wconf 85' lang='lat' dir='ltr'><strong>debet.</strong></span> 
     </span>
    </p>
   </div>
   <div class='ocr_carea' id='block_1_76' title="bbox 713 3883 2286 3964">
    <p class='ocr_par' dir='ltr' id='par_1_76' title="bbox 713 3883 2286 3964">
     <span class='ocr_line' id='line_1_76' title="bbox 713 3883 2286 3964; baseline 0.009 -29"><span class='ocrx_word' id='word_1_532' title='bbox 713 3883 943 3938; x_wconf 72' lang='lat' dir='ltr'><strong>Al&#39;tlST.</strong></span> <span class='ocrx_word' id='word_1_533' title='bbox 981 3888 1034 3939; x_wconf 88' lang='lat' dir='ltr'><strong>in</strong></span> <span class='ocrx_word' id='word_1_534' title='bbox 1073 3901 1285 3943; x_wconf 87' lang='lat' dir='ltr'><strong>canone</strong></span> <span class='ocrx_word' id='word_1_535' title='bbox 1316 3888 1384 3943; x_wconf 71' lang='grc'><strong>46</strong></span> <span class='ocrx_word' id='word_1_536' title='bbox 1412 3900 1462 3943; x_wconf 92' lang='lat' dir='ltr'><strong>et</strong></span> <span class='ocrx_word' id='word_1_537' title='bbox 1498 3890 1586 3943; x_wconf 73' lang='grc' dir='ltr'><strong>Π.</strong></span> <span class='ocrx_word' id='word_1_538' title='bbox 1625 3909 1641 3941; x_wconf 77' lang='grc' dir='ltr'><strong>ι</strong></span> <span class='ocrx_word' id='word_1_539' title='bbox 1683 3890 1992 3961; x_wconf 86' lang='lat' dir='ltr'><strong>Baptizatus</strong></span> <span class='ocrx_word' id='word_1_540' title='bbox 2030 3894 2286 3964; x_wconf 90' lang='lat' dir='ltr'><strong>episcopo</strong></span> 
     </span>
    </p>
   </div>
   <div class='ocr_carea' id='block_1_77' title="bbox 790 3978 2284 4048">
    <p class='ocr_par' dir='ltr' id='par_1_77' title="bbox 790 3978 2284 4048">
     <span class='ocr_line' id='line_1_77' title="bbox 790 3978 2284 4048; baseline 0.01 -22"><span class='ocrx_word' id='word_1_541' title='bbox 790 3994 807 4026; x_wconf 83' lang='grc' dir='ltr'><strong>ι</strong></span> <span class='ocrx_word' id='word_1_542' title='bbox 847 3978 927 4030; x_wconf 84' lang='lat' dir='ltr'><strong>vel</strong></span> <span class='ocrx_word' id='word_1_543' title='bbox 964 3980 1281 4047; x_wconf 76' lang='lat' dir='ltr'><strong>presbytero</strong></span> <span class='ocrx_word' id='word_1_544' title='bbox 1316 3984 1507 4048; x_wconf 90' lang='lat' dir='ltr'><strong>quinta</strong></span> <span class='ocrx_word' id='word_1_545' title='bbox 1542 3984 1896 4037; x_wconf 86' lang='lat' dir='ltr'><strong>hebdomadis</strong></span> <span class='ocrx_word' id='word_1_546' title='bbox 1944 3985 2077 4039; x_wconf 79' lang='lat' dir='ltr'><strong>feria</strong></span> <span class='ocrx_word' id='word_1_547' title='bbox 2128 3986 2284 4043; x_wconf 84' lang='lat' dir='ltr'><strong>ﬁdem</strong></span> 
     </span>
    </p>
   </div>
   <div class='ocr_carea' id='block_1_78' title="bbox 795 4070 1997 4144">
    <p class='ocr_par' dir='ltr' id='par_1_78' title="bbox 795 4070 1997 4144">
     <span class='ocr_line' id='line_1_78' title="bbox 795 4070 1997 4144; baseline 0.007 -25"><span class='ocrx_word' id='word_1_548' title='bbox 795 4088 813 4119; x_wconf 79' lang='grc' dir='ltr'><strong>ι</strong></span> <span class='ocrx_word' id='word_1_549' title='bbox 856 4071 1023 4123; x_wconf 81' lang='lat' dir='ltr'><strong>dicat.</strong></span> <span class='ocrx_word' id='word_1_550' title='bbox 1063 4070 1215 4125; x_wconf 89' lang='lat' dir='ltr'><strong>Dicat</strong></span> <span class='ocrx_word' id='word_1_551' title='bbox 1251 4083 1303 4125; x_wconf 78' lang='lat' dir='ltr'><strong>ct</strong></span> <span class='ocrx_word' id='word_1_552' title='bbox 1336 4084 1572 4141; x_wconf 68' lang='lat' dir='ltr'><strong>aegrotus</strong></span> <span class='ocrx_word' id='word_1_553' title='bbox 1604 4074 1763 4142; x_wconf 86' lang='lat' dir='ltr'><strong>paulo</strong></span> <span class='ocrx_word' id='word_1_554' title='bbox 1804 4086 1945 4144; x_wconf 83' lang='lat' dir='ltr'><strong>post.</strong></span> <span class='ocrx_word' id='word_1_555' title='bbox 1978 4094 1997 4127; x_wconf 83' lang='lat' dir='ltr'><strong>s</strong></span> 
     </span>
    </p>
   </div>
   <div class='ocr_carea' id='block_1_79' title="bbox 786 4162 2278 4235">
    <p class='ocr_par' dir='ltr' id='par_1_79' title="bbox 786 4162 2278 4235">
     <span class='ocr_line' id='line_1_79' title="bbox 786 4162 2278 4235; baseline 0.009 -23"><span class='ocrx_word' id='word_1_556' title='bbox 786 4162 887 4226; x_wconf 88' lang='lat' dir='ltr'><strong>Qui</strong></span> <span class='ocrx_word' id='word_1_557' title='bbox 922 4163 987 4215; x_wconf 89' lang='lat' dir='ltr'><strong>ad</strong></span> <span class='ocrx_word' id='word_1_558' title='bbox 1028 4164 1311 4217; x_wconf 84' lang='lat' dir='ltr'><strong>ecclesiam</strong></span> <span class='ocrx_word' id='word_1_559' title='bbox 1338 4164 1545 4219; x_wconf 88' lang='lat' dir='ltr'><strong>accedit</strong></span> <span class='ocrx_word' id='word_1_560' title='bbox 1589 4178 1647 4218; x_wconf 93' lang='lat' dir='ltr'><strong>ut</strong></span> <span class='ocrx_word' id='word_1_561' title='bbox 1705 4168 2050 4235; x_wconf 89' lang='lat' dir='ltr'><strong>baptizetur,</strong></span> <span class='ocrx_word' id='word_1_562' title='bbox 2114 4169 2278 4225; x_wconf 90' lang='lat' dir='ltr'><strong>ﬁdem</strong></span> 
     </span>
    </p>
   </div>
   <div class='ocr_carea' id='block_1_80' title="bbox 715 4253 2283 4331">
    <p class='ocr_par' dir='ltr' id='par_1_80' title="bbox 715 4253 2283 4331">
     <span class='ocr_line' id='line_1_80' title="bbox 715 4253 2283 4331; baseline 0.007 -28"><span class='ocrx_word' id='word_1_563' title='bbox 715 4253 932 4319; x_wconf 87' lang='lat' dir='ltr'><strong>discat,</strong></span> <span class='ocrx_word' id='word_1_564' title='bbox 976 4264 1029 4309; x_wconf 91' lang='lat' dir='ltr'><strong>et</strong></span> <span class='ocrx_word' id='word_1_565' title='bbox 1072 4256 1264 4323; x_wconf 86' lang='lat' dir='ltr'><strong>quinta</strong></span> <span class='ocrx_word' id='word_1_566' title='bbox 1311 4255 1667 4311; x_wconf 85' lang='lat' dir='ltr'><strong>hebdomadis</strong></span> <span class='ocrx_word' id='word_1_567' title='bbox 1712 4256 1843 4312; x_wconf 81' lang='lat' dir='ltr'><strong>feria</strong></span> <span class='ocrx_word' id='word_1_568' title='bbox 1875 4273 1996 4313; x_wconf 90' lang='lat' dir='ltr'><strong>eam</strong></span> <span class='ocrx_word' id='word_1_569' title='bbox 2026 4261 2283 4331; x_wconf 91' lang='lat' dir='ltr'><strong>episcopo</strong></span> 
     </span>
    </p>
   </div>
   <div class='ocr_carea' id='block_1_81' title="bbox 2389 3886 3951 3960">
    <p class='ocr_par' dir='ltr' id='par_1_81' title="bbox 2389 3886 3951 3960">
     <span class='ocr_line' id='line_1_81' title="bbox 2389 3886 3951 3960; baseline -0.008 -13"><span class='ocrx_word' id='word_1_570' title='bbox 2389 3892 2609 3947; x_wconf 81' lang='grc' dir='ltr'><strong>ΑΡΙΣΤ.</strong></span> <span class='ocrx_word' id='word_1_571' title='bbox 2655 3910 2673 3942; x_wconf 89' lang='grc' dir='ltr'><strong>ι</strong></span> <span class='ocrx_word' id='word_1_572' title='bbox 2715 3892 2870 3944; x_wconf 72' lang='grc' dir='ltr'>Εἴποι</span> <span class='ocrx_word' id='word_1_573' title='bbox 2931 3890 3028 3960; x_wconf 82' lang='grc' dir='ltr'>τὴν</span> <span class='ocrx_word' id='word_1_574' title='bbox 3064 3890 3246 3943; x_wconf 90' lang='grc' dir='ltr'>πίστιν</span> <span class='ocrx_word' id='word_1_575' title='bbox 3279 3888 3356 3955; x_wconf 87' lang='grc' dir='ltr'>τῷ</span> <span class='ocrx_word' id='word_1_576' title='bbox 3398 3888 3718 3955; x_wconf 80' lang='grc' dir='ltr'>ὲπισκόπῳ,</span> <span class='ocrx_word' id='word_1_577' title='bbox 3753 3886 3785 3955; x_wconf 80' lang='grc' dir='ltr'>ἧ</span> <span class='ocrx_word' id='word_1_578' title='bbox 3834 3903 3951 3953; x_wconf 82' lang='grc' dir='ltr'>πρε-</span> 
     </span>
    </p>
   </div>
   <div class='ocr_carea' id='block_1_82' title="bbox 2461 3980 3950 4054">
    <p class='ocr_par' dir='ltr' id='par_1_82' title="bbox 2461 3980 3950 4054">
     <span class='ocr_line' id='line_1_82' title="bbox 2461 3980 3950 4054; baseline -0.007 -17"><span class='ocrx_word' id='word_1_579' title='bbox 2461 4003 2479 4036; x_wconf 86' lang='grc' dir='ltr'><strong>ι</strong></span> <span class='ocrx_word' id='word_1_580' title='bbox 2529 3986 2808 4054; x_wconf 75' lang='grc' dir='ltr'>σϐυτέρῳ,</span> <span class='ocrx_word' id='word_1_581' title='bbox 2837 3987 2902 4052; x_wconf 79' lang='grc' dir='ltr'>τῇ</span> <span class='ocrx_word' id='word_1_582' title='bbox 2938 3983 3170 4051; x_wconf 71' lang='grc' dir='ltr'>Πέμππῃ</span> <span class='ocrx_word' id='word_1_583' title='bbox 3196 3981 3289 4049; x_wconf 75' lang='grc' dir='ltr'><strong>τῆς</strong></span> <span class='ocrx_word' id='word_1_584' title='bbox 3323 3980 3613 4046; x_wconf 72' lang='grc' dir='ltr'>ἐὸδομάδος</span> <span class='ocrx_word' id='word_1_585' title='bbox 3646 3982 3673 4029; x_wconf 84' lang='grc' dir='ltr'><strong>ό</strong></span> <span class='ocrx_word' id='word_1_586' title='bbox 3706 3980 3950 4047; x_wconf 72' lang='grc' dir='ltr'>βαπτιζό-</span> 
     </span>
    </p>
   </div>
   <div class='ocr_carea' id='block_1_83' title="bbox 2454 4066 3802 4146">
    <p class='ocr_par' dir='ltr' id='par_1_83' title="bbox 2454 4066 3802 4146">
     <span class='ocr_line' id='line_1_83' title="bbox 2454 4066 3802 4146; baseline -0.007 -18"><span class='ocrx_word' id='word_1_587' title='bbox 2454 4096 2474 4128; x_wconf 81' lang='grc' dir='ltr'><strong>ι</strong></span> <span class='ocrx_word' id='word_1_588' title='bbox 2524 4093 2705 4146; x_wconf 87' lang='grc' dir='ltr'>μενος.</span> <span class='ocrx_word' id='word_1_589' title='bbox 2738 4074 2894 4127; x_wconf 80' lang='grc' dir='ltr'>Εἴποι</span> <span class='ocrx_word' id='word_1_590' title='bbox 2925 4073 3019 4126; x_wconf 74' lang='grc' dir='ltr'>καὶ</span> <span class='ocrx_word' id='word_1_591' title='bbox 3048 4075 3075 4125; x_wconf 77' lang='grc' dir='ltr'><strong>ὁ</strong></span> <span class='ocrx_word' id='word_1_592' title='bbox 3101 4074 3161 4124; x_wconf 87' lang='grc' dir='ltr'><strong>ἐν</strong></span> <span class='ocrx_word' id='word_1_593' title='bbox 3191 4071 3331 4138; x_wconf 84' lang='grc' dir='ltr'>νόσῳ</span> <span class='ocrx_word' id='word_1_594' title='bbox 3362 4070 3498 4137; x_wconf 84' lang='grc' dir='ltr'><strong>μετά</strong></span> <span class='ocrx_word' id='word_1_595' title='bbox 3529 4066 3733 4136; x_wconf 73' lang='grc' dir='ltr'>βραχύ.</span> <span class='ocrx_word' id='word_1_596' title='bbox 3783 4088 3802 4118; x_wconf 76' lang='grc' dir='ltr'><strong>ι</strong></span> 
     </span>
    </p>
   </div>
   <div class='ocr_carea' id='block_1_84' title="bbox 2463 4161 3947 4238">
    <p class='ocr_par' dir='ltr' id='par_1_84' title="bbox 2463 4161 3947 4238">
     <span class='ocr_line' id='line_1_84' title="bbox 2463 4161 3947 4238; baseline -0.015 -16"><span class='ocrx_word' id='word_1_597' title='bbox 2463 4170 2523 4222; x_wconf 81' lang='grc' dir='ltr'><strong>ὐ</strong></span> <span class='ocrx_word' id='word_1_598' title='bbox 2557 4166 2996 4238; x_wconf 83' lang='grc' dir='ltr'>προσερχόμενος</span> <span class='ocrx_word' id='word_1_599' title='bbox 3026 4168 3091 4235; x_wconf 79' lang='grc' dir='ltr'>τῇ</span> <span class='ocrx_word' id='word_1_600' title='bbox 3123 4164 3390 4234; x_wconf 75' lang='grc' dir='ltr'>ἐκκλησίᾳ</span> <span class='ocrx_word' id='word_1_601' title='bbox 3422 4166 3514 4217; x_wconf 76' lang='grc' dir='ltr'>ἐπὶ</span> <span class='ocrx_word' id='word_1_602' title='bbox 3543 4164 3623 4232; x_wconf 80' lang='grc' dir='ltr'>τῷ</span> <span class='ocrx_word' id='word_1_603' title='bbox 3657 4161 3947 4232; x_wconf 71' lang='grc' dir='ltr'>βαπτισθῆ-</span> 
     </span>
    </p>
   </div>
   <div class='ocr_carea' id='block_1_85' title="bbox 2379 4256 3947 4331">
    <p class='ocr_par' dir='ltr' id='par_1_85' title="bbox 2379 4256 3947 4331">
     <span class='ocr_line' id='line_1_85' title="bbox 2379 4256 3947 4331; baseline -0.006 -15"><span class='ocrx_word' id='word_1_604' title='bbox 2379 4280 2467 4317; x_wconf 88' lang='grc' dir='ltr'><strong>ναι</strong></span> <span class='ocrx_word' id='word_1_605' title='bbox 2503 4262 2605 4331; x_wconf 85' lang='grc' dir='ltr'>τὴν</span> <span class='ocrx_word' id='word_1_606' title='bbox 2645 4262 2830 4313; x_wconf 88' lang='grc' dir='ltr'>πίστιν</span> <span class='ocrx_word' id='word_1_607' title='bbox 2864 4258 3254 4327; x_wconf 82' lang='grc' dir='ltr'>ἐκμανθανέτω</span> <span class='ocrx_word' id='word_1_608' title='bbox 3280 4273 3293 4286; x_wconf 74' lang='grc'><strong><em>⁸</em></strong></span> <span class='ocrx_word' id='word_1_609' title='bbox 3337 4256 3432 4309; x_wconf 76' lang='grc' dir='ltr'>καὶ</span> <span class='ocrx_word' id='word_1_610' title='bbox 3468 4260 3537 4325; x_wconf 83' lang='grc' dir='ltr'>τῇ</span> <span class='ocrx_word' id='word_1_611' title='bbox 3586 4257 3821 4325; x_wconf 84' lang='grc' dir='ltr'>[Ιέμπτῃ</span> <span class='ocrx_word' id='word_1_612' title='bbox 3862 4256 3947 4320; x_wconf 78' lang='grc' dir='ltr'><strong>τῆς</strong></span> 
     </span>
    </p>
   </div>
   <div class='ocr_carea' id='block_1_86' title="bbox 715 4347 2282 4425">
    <p class='ocr_par' dir='ltr' id='par_1_86' title="bbox 715 4347 2277 4423">
     <span class='ocr_line' id='line_1_86' title="bbox 715 4347 2277 4423; baseline 0.009 -26"><span class='ocrx_word' id='word_1_613' title='bbox 715 4347 1032 4413; x_wconf 84' lang='lat' dir='ltr'><strong>proﬁteatur</strong></span> <span class='ocrx_word' id='word_1_614' title='bbox 1072 4348 1151 4402; x_wconf 75' lang='lat' dir='ltr'><strong>vel</strong></span> <span class='ocrx_word' id='word_1_615' title='bbox 1186 4350 1521 4421; x_wconf 82' lang='lat' dir='ltr'><strong>presbytero.</strong></span> <span class='ocrx_word' id='word_1_616' title='bbox 1575 4349 1689 4404; x_wconf 87' lang='lat' dir='ltr'><strong>Non</strong></span> <span class='ocrx_word' id='word_1_617' title='bbox 1739 4352 1885 4406; x_wconf 90' lang='lat' dir='ltr'><strong>enim</strong></span> <span class='ocrx_word' id='word_1_618' title='bbox 1931 4364 2149 4423; x_wconf 90' lang='lat' dir='ltr'><strong>oportet</strong></span> <span class='ocrx_word' id='word_1_619' title='bbox 2182 4371 2277 4410; x_wconf 87' lang='lat' dir='ltr'><strong>eos</strong></span> 
     </span>
    </p>
   </div>
   <div class='ocr_carea' id='block_1_87' title="bbox 2380 4347 3946 4425">
    <p class='ocr_par' dir='ltr' id='par_1_87' title="bbox 2380 4349 3946 4425">
     <span class='ocr_line' id='line_1_87' title="bbox 2380 4349 3946 4425; baseline -0.008 -16"><span class='ocrx_word' id='word_1_620' title='bbox 2380 4356 2674 4425; x_wconf 72' lang='grc' dir='ltr'>ἑϐδομάδος</span> <span class='ocrx_word' id='word_1_621' title='bbox 2700 4352 3091 4421; x_wconf 86' lang='grc' dir='ltr'>ἀπαγγελλέτω</span> <span class='ocrx_word' id='word_1_622' title='bbox 3116 4349 3321 4416; x_wconf 82' lang='grc' dir='ltr'>ταύτην</span> <span class='ocrx_word' id='word_1_623' title='bbox 3351 4350 3429 4420; x_wconf 79' lang='grc' dir='ltr'>τῷ</span> <span class='ocrx_word' id='word_1_624' title='bbox 3459 4350 3745 4416; x_wconf 84' lang='grc' dir='ltr'>ἐπισκόπῳ</span> <span class='ocrx_word' id='word_1_625' title='bbox 3773 4349 3805 4417; x_wconf 81' lang='grc' dir='ltr'><strong>ῆ</strong></span> <span class='ocrx_word' id='word_1_626' title='bbox 3834 4363 3946 4414; x_wconf 77' lang='grc' dir='ltr'>πρε-</span> 
     </span>
    </p>
   </div>
   <div class='ocr_carea' id='block_1_88' title="bbox 713 4440 2279 4511">
    <p class='ocr_par' dir='ltr' id='par_1_88' title="bbox 713 4440 2279 4511">
     <span class='ocr_line' id='line_1_88' title="bbox 713 4440 2279 4511; baseline 0.006 -19"><span class='ocrx_word' id='word_1_627' title='bbox 713 4447 916 4493; x_wconf 82' lang='lat' dir='ltr'><strong>tctnere</strong></span> <span class='ocrx_word' id='word_1_628' title='bbox 946 4440 1221 4507; x_wconf 81' lang='lat' dir='ltr'><strong>baptizare</strong></span> <span class='ocrx_word' id='word_1_629' title='bbox 1244 4479 1259 4503; x_wconf 92' lang='lat'><strong>,</strong></span> <span class='ocrx_word' id='word_1_630' title='bbox 1288 4448 1342 4494; x_wconf 92' lang='lat' dir='ltr'><strong>et</strong></span> <span class='ocrx_word' id='word_1_631' title='bbox 1376 4442 1691 4511; x_wconf 69' lang='lat' dir='ltr'><strong>priusquam</strong></span> <span class='ocrx_word' id='word_1_632' title='bbox 1726 4443 1777 4495; x_wconf 90' lang='lat' dir='ltr'><strong>in</strong></span> <span class='ocrx_word' id='word_1_633' title='bbox 1816 4444 1919 4500; x_wconf 87' lang='lat' dir='ltr'><strong>tlde</strong></span> <span class='ocrx_word' id='word_1_634' title='bbox 1940 4445 2132 4499; x_wconf 79' lang='lat' dir='ltr'><strong>initiati</strong></span> <span class='ocrx_word' id='word_1_635' title='bbox 2165 4446 2279 4501; x_wconf 76' lang='lat' dir='ltr'><strong>l‘ue-</strong></span> 
     </span>
    </p>
   </div>
   <div class='ocr_carea' id='block_1_89' title="bbox 713 4533 2278 4608">
    <p class='ocr_par' dir='ltr' id='par_1_89' title="bbox 713 4533 2278 4608">
     <span class='ocr_line' id='line_1_89' title="bbox 713 4533 2278 4608; baseline 0.001 -17"><span class='ocrx_word' id='word_1_636' title='bbox 713 4544 860 4591; x_wconf 81' lang='lat' dir='ltr'><strong>runt.</strong></span> <span class='ocrx_word' id='word_1_637' title='bbox 915 4534 1015 4600; x_wconf 90' lang='lat' dir='ltr'><strong>Qui</strong></span> <span class='ocrx_word' id='word_1_638' title='bbox 1075 4534 1264 4587; x_wconf 88' lang='lat' dir='ltr'><strong>morbo</strong></span> <span class='ocrx_word' id='word_1_639' title='bbox 1314 4533 1544 4593; x_wconf 88' lang='lat' dir='ltr'><strong>laborat.</strong></span> <span class='ocrx_word' id='word_1_640' title='bbox 1597 4541 1652 4588; x_wconf 91' lang='lat' dir='ltr'><strong>et</strong></span> <span class='ocrx_word' id='word_1_641' title='bbox 1716 4534 1980 4604; x_wconf 88' lang='lat' dir='ltr'><strong>baptizari</strong></span> <span class='ocrx_word' id='word_1_642' title='bbox 2038 4541 2278 4608; x_wconf 67' lang='lat' dir='ltr'><strong>qumrit,</strong></span> 
     </span>
    </p>
   </div>
   <div class='ocr_carea' id='block_1_90' title="bbox 719 4627 2274 4697">
    <p class='ocr_par' dir='ltr' id='par_1_90' title="bbox 719 4627 2274 4697">
     <span class='ocr_line' id='line_1_90' title="bbox 719 4627 2274 4697; baseline 0.004 -18"><span class='ocrx_word' id='word_1_643' title='bbox 719 4628 1042 4697; x_wconf 71' lang='lat' dir='ltr'><strong>bznptizetur.</strong></span> <span class='ocrx_word' id='word_1_644' title='bbox 1069 4628 1270 4682; x_wconf 87' lang='lat' dir='ltr'><strong>Deinde</strong></span> <span class='ocrx_word' id='word_1_645' title='bbox 1302 4627 1492 4681; x_wconf 89' lang='lat' dir='ltr'><strong>morbo</strong></span> <span class='ocrx_word' id='word_1_646' title='bbox 1530 4628 1814 4689; x_wconf 87' lang='lat' dir='ltr'><strong>liberatus.</strong></span> <span class='ocrx_word' id='word_1_647' title='bbox 1844 4630 2003 4685; x_wconf 90' lang='lat' dir='ltr'><strong>ﬁdem</strong></span> <span class='ocrx_word' id='word_1_648' title='bbox 2040 4632 2274 4696; x_wconf 86' lang='lat' dir='ltr'><strong>ediscat,</strong></span> 
     </span>
    </p>
   </div>
   <div class='ocr_carea' id='block_1_91' title="bbox 712 4718 2278 4790">
    <p class='ocr_par' dir='ltr' id='par_1_91' title="bbox 712 4718 2278 4790">
     <span class='ocr_line' id='line_1_91' title="bbox 712 4718 2278 4790; baseline 0.003 -17"><span class='ocrx_word' id='word_1_649' title='bbox 712 4729 769 4773; x_wconf 89' lang='lat' dir='ltr'><strong>et</strong></span> <span class='ocrx_word' id='word_1_650' title='bbox 807 4729 1087 4789; x_wconf 81' lang='lat' dir='ltr'><strong>agnoscat,</strong></span> <span class='ocrx_word' id='word_1_651' title='bbox 1128 4718 1273 4787; x_wconf 89' lang='lat' dir='ltr'><strong>quod</strong></span> <span class='ocrx_word' id='word_1_652' title='bbox 1318 4718 1501 4773; x_wconf 89' lang='lat' dir='ltr'><strong>divina</strong></span> <span class='ocrx_word' id='word_1_653' title='bbox 1549 4720 1722 4789; x_wconf 80' lang='lat' dir='ltr'><strong>gratia</strong></span> <span class='ocrx_word' id='word_1_654' title='bbox 1769 4720 1968 4790; x_wconf 79' lang='lat' dir='ltr'><strong>dignus</strong></span> <span class='ocrx_word' id='word_1_655' title='bbox 2032 4720 2278 4778; x_wconf 80' lang='lat' dir='ltr'><strong>habeba-</strong></span> 
     </span>
    </p>
   </div>
   <div class='ocr_carea' id='block_1_92' title="bbox 716 4822 826 4867">
    <p class='ocr_par' dir='ltr' id='par_1_92' title="bbox 716 4822 826 4867">
     <span class='ocr_line' id='line_1_92' title="bbox 716 4822 826 4867; baseline 0.009 -1"><span class='ocrx_word' id='word_1_656' title='bbox 716 4822 826 4867; x_wconf 92' lang='lat' dir='ltr'><strong>tur.</strong></span> 
     </span>
    </p>
   </div>
   <div class='ocr_carea' id='block_1_93' title="bbox 2302 4397 2357 4457">
    <p class='ocr_par' dir='ltr' id='par_1_93' title="bbox 2302 4397 2357 4457">
     <span class='ocr_line' id='line_1_93' title="bbox 2302 4397 2357 4457; baseline 0 0"><span class='ocrx_word' id='word_1_657' title='bbox 2302 4397 2357 4457; x_wconf 83' lang='grc' dir='ltr'><strong>Ι)</strong></span> 
     </span>
    </p>
   </div>
   <div class='ocr_carea' id='block_1_94' title="bbox 2384 4442 3943 4519">
    <p class='ocr_par' dir='ltr' id='par_1_94' title="bbox 2384 4442 3943 4519">
     <span class='ocr_line' id='line_1_94' title="bbox 2384 4442 3943 4519; baseline -0.008 -17"><span class='ocrx_word' id='word_1_658' title='bbox 2384 4448 2651 4519; x_wconf 78' lang='grc' dir='ltr'>σὸυτέρῳ.</span> <span class='ocrx_word' id='word_1_659' title='bbox 2692 4447 2765 4500; x_wconf 84' lang='grc' dir='ltr'><strong>Οὐ</strong></span> <span class='ocrx_word' id='word_1_660' title='bbox 2810 4445 2920 4516; x_wconf 80' lang='grc' dir='ltr'><strong>γὰρ</strong></span> <span class='ocrx_word' id='word_1_661' title='bbox 2960 4445 3042 4497; x_wconf 76' lang='grc' dir='ltr'><strong>δεὶ⁹</strong></span> <span class='ocrx_word' id='word_1_662' title='bbox 3085 4444 3392 4513; x_wconf 83' lang='grc' dir='ltr'>προχείρως</span> <span class='ocrx_word' id='word_1_663' title='bbox 3432 4442 3635 4503; x_wconf 75' lang='grc' dir='ltr'>αὐτοὺς</span> <span class='ocrx_word' id='word_1_664' title='bbox 3681 4442 3943 4511; x_wconf 71' lang='grc' dir='ltr'>βαπτίζειν</span> 
     </span>
    </p>
   </div>
   <div class='ocr_carea' id='block_1_95' title="bbox 2380 4533 3937 4611">
    <p class='ocr_par' dir='ltr' id='par_1_95' title="bbox 2380 4533 3937 4611">
     <span class='ocr_line' id='line_1_95' title="bbox 2380 4533 3937 4611; baseline -0.008 -17"><span class='ocrx_word' id='word_1_665' title='bbox 2380 4541 2477 4594; x_wconf 84' lang='grc' dir='ltr'>καὶ</span> <span class='ocrx_word' id='word_1_666' title='bbox 2510 4540 2614 4611; x_wconf 73' lang='grc' dir='ltr'><strong>πρὸ</strong></span> <span class='ocrx_word' id='word_1_667' title='bbox 2643 4538 2737 4591; x_wconf 74' lang='grc' dir='ltr'>τοῦ</span> <span class='ocrx_word' id='word_1_668' title='bbox 2772 4537 3042 4607; x_wconf 87' lang='grc' dir='ltr'>μυηθῆναι</span> <span class='ocrx_word' id='word_1_669' title='bbox 3070 4536 3171 4606; x_wconf 86' lang='grc' dir='ltr'>τὴν</span> <span class='ocrx_word' id='word_1_670' title='bbox 3200 4536 3401 4589; x_wconf 88' lang='grc' dir='ltr'>πίστιν.</span> <span class='ocrx_word' id='word_1_671' title='bbox 3436 4534 3492 4585; x_wconf 87' lang='grc' dir='ltr'><strong>Ὀ</strong></span> <span class='ocrx_word' id='word_1_672' title='bbox 3525 4535 3704 4586; x_wconf 86' lang='grc' dir='ltr'>νοσῶν</span> <span class='ocrx_word' id='word_1_673' title='bbox 3734 4534 3824 4585; x_wconf 74' lang='grc' dir='ltr'><strong>καί</strong></span> <span class='ocrx_word' id='word_1_674' title='bbox 3854 4533 3937 4597; x_wconf 58' lang='lat' dir='ltr'><strong>Cr;</strong></span> 
     </span>
    </p>
   </div>
   <div class='ocr_carea' id='block_1_96' title="bbox 2377 4625 3937 4704">
    <p class='ocr_par' dir='ltr' id='par_1_96' title="bbox 2377 4625 3937 4704">
     <span class='ocr_line' id='line_1_96' title="bbox 2377 4625 3937 4704; baseline -0.009 -17"><span class='ocrx_word' id='word_1_675' title='bbox 2377 4634 2485 4687; x_wconf 86' lang='grc' dir='ltr'><strong>τῶν</strong></span> <span class='ocrx_word' id='word_1_676' title='bbox 2521 4632 2887 4704; x_wconf 82' lang='grc' dir='ltr'>βαπτισθῆναι</span> <span class='ocrx_word' id='word_1_677' title='bbox 2921 4629 3285 4702; x_wconf 78' lang='grc' dir='ltr'>βαπτιζέσθω.</span> <span class='ocrx_word' id='word_1_678' title='bbox 3324 4625 3459 4682; x_wconf 75' lang='grc' dir='ltr'>Εἶτα</span> <span class='ocrx_word' id='word_1_679' title='bbox 3495 4631 3595 4697; x_wconf 81' lang='grc' dir='ltr'><strong>τῆς</strong></span> <span class='ocrx_word' id='word_1_680' title='bbox 3631 4628 3793 4679; x_wconf 82' lang='grc' dir='ltr'>νόσου</span> <span class='ocrx_word' id='word_1_681' title='bbox 3825 4627 3937 4675; x_wconf 83' lang='grc' dir='ltr'>ἀνα-</span> 
     </span>
    </p>
   </div>
   <div class='ocr_carea' id='block_1_97' title="bbox 2380 4720 3934 4794">
    <p class='ocr_par' dir='ltr' id='par_1_97' title="bbox 2380 4720 3934 4794">
     <span class='ocr_line' id='line_1_97' title="bbox 2380 4720 3934 4794; baseline -0.006 -17"><span class='ocrx_word' id='word_1_682' title='bbox 2380 4724 2533 4790; x_wconf 70' lang='grc' dir='ltr'>στὰς,</span> <span class='ocrx_word' id='word_1_683' title='bbox 2576 4724 2965 4794; x_wconf 83' lang='grc' dir='ltr'>ἐκμανθανέτω</span> <span class='ocrx_word' id='word_1_684' title='bbox 3002 4723 3102 4794; x_wconf 82' lang='grc' dir='ltr'>τὴν</span> <span class='ocrx_word' id='word_1_685' title='bbox 3142 4724 3349 4787; x_wconf 78' lang='grc' dir='ltr'>πίστιν,</span> <span class='ocrx_word' id='word_1_686' title='bbox 3390 4724 3485 4774; x_wconf 77' lang='grc' dir='ltr'>καὶ</span> <span class='ocrx_word' id='word_1_687' title='bbox 3523 4721 3839 4788; x_wconf 82' lang='grc' dir='ltr'>γινωσκέτω</span> <span class='ocrx_word' id='word_1_688' title='bbox 3869 4720 3934 4769; x_wconf 77' lang='grc' dir='ltr'>ὅτι</span> 
     </span>
    </p>
   </div>
   <div class='ocr_carea' id='block_1_98' title="bbox 2378 4814 3137 4885">
    <p class='ocr_par' dir='ltr' id='par_1_98' title="bbox 2378 4814 3137 4885">
     <span class='ocr_line' id='line_1_98' title="bbox 2378 4814 3137 4885; baseline -0.001 -17"><span class='ocrx_word' id='word_1_689' title='bbox 2378 4817 2527 4879; x_wconf 89' lang='grc' dir='ltr'>θείας</span> <span class='ocrx_word' id='word_1_690' title='bbox 2557 4814 2867 4885; x_wconf 79' lang='grc' dir='ltr'>κατηξιώθη</span> <span class='ocrx_word' id='word_1_691' title='bbox 2898 4820 3137 4885; x_wconf 83' lang='grc' dir='ltr'>χάριτος.</span> 
     </span>
    </p>
   </div>
   <div class='ocr_carea' id='block_1_99' title="bbox 1944 4928 2706 5007">
    <p class='ocr_par' dir='ltr' id='par_1_99' title="bbox 1944 4928 2706 5007">
     <span class='ocr_line' id='line_1_99' title="bbox 1944 4928 2706 5007; baseline -0.001 -17"><span class='ocrx_word' id='word_1_692' title='bbox 1944 4928 2131 4990; x_wconf 87' lang='lat' dir='ltr'><strong>Guill.</strong></span> <span class='ocrx_word' id='word_1_693' title='bbox 2168 4929 2486 5007; x_wconf 85' lang='lat' dir='ltr'><strong>Beveregii</strong></span> <span class='ocrx_word' id='word_1_694' title='bbox 2522 4939 2706 4989; x_wconf 70' lang='lat' dir='ltr'><strong>notua.</strong></span> 
     </span>
    </p>
   </div>
   <div class='ocr_carea' id='block_1_100' title="bbox 786 5054 2279 5125">
    <p class='ocr_par' dir='ltr' id='par_1_100' title="bbox 786 5054 2279 5125">
     <span class='ocr_line' id='line_1_100' title="bbox 786 5054 2279 5125; baseline 0 -15"><span class='ocrx_word' id='word_1_695' title='bbox 786 5056 896 5125; x_wconf 83' lang='lat'><strong>(68)</strong></span> <span class='ocrx_word' id='word_1_696' title='bbox 952 5057 1081 5108; x_wconf 84' lang='grc' dir='ltr'>Ὅτι</span> <span class='ocrx_word' id='word_1_697' title='bbox 1130 5054 1224 5108; x_wconf 83' lang='grc' dir='ltr'>δεῖ</span> <span class='ocrx_word' id='word_1_698' title='bbox 1262 5055 1401 5122; x_wconf 81' lang='grc' dir='ltr'>τοὺς</span> <span class='ocrx_word' id='word_1_699' title='bbox 1452 5056 1521 5110; x_wconf 78' lang='grc' dir='ltr'>ἐν</span> <span class='ocrx_word' id='word_1_700' title='bbox 1571 5057 1754 5122; x_wconf 81' lang='grc' dir='ltr'>νόσῳ.</span> <span class='ocrx_word' id='word_1_701' title='bbox 1822 5056 1922 5123; x_wconf 82' lang='lat' dir='ltr'><strong>Qui</strong></span> <span class='ocrx_word' id='word_1_702' title='bbox 1982 5057 2033 5110; x_wconf 91' lang='lat' dir='ltr'><strong>iu</strong></span> <span class='ocrx_word' id='word_1_703' title='bbox 2092 5059 2279 5111; x_wconf 87' lang='lat' dir='ltr'><strong>morbo</strong></span> 
     </span>
    </p>
   </div>
   <div class='ocr_carea' id='block_1_101' title="bbox 716 5128 2277 5198">
    <p class='ocr_par' dir='ltr' id='par_1_101' title="bbox 716 5128 2277 5198">
     <span class='ocr_line' id='line_1_101' title="bbox 716 5128 2277 5198; baseline -0.001 -15"><span class='ocrx_word' id='word_1_704' title='bbox 716 5129 1020 5198; x_wconf 75' lang='lat' dir='ltr'><strong>baptizatus</strong></span> <span class='ocrx_word' id='word_1_705' title='bbox 1062 5136 1243 5194; x_wconf 89' lang='lat' dir='ltr'><strong>postea</strong></span> <span class='ocrx_word' id='word_1_706' title='bbox 1280 5128 1640 5190; x_wconf 80' lang='lat' dir='ltr'><strong>convalescit,</strong></span> <span class='ocrx_word' id='word_1_707' title='bbox 1680 5128 1799 5181; x_wconf 85' lang='lat' dir='ltr'><strong>ﬁdei</strong></span> <span class='ocrx_word' id='word_1_708' title='bbox 1846 5130 2155 5198; x_wconf 85' lang='lat' dir='ltr'><strong>symbolum</strong></span> <span class='ocrx_word' id='word_1_709' title='bbox 2203 5129 2277 5182; x_wconf 84' lang='lat' dir='ltr'><strong>ita</strong></span> 
     </span>
    </p>
   </div>
   <div class='ocr_carea' id='block_1_102' title="bbox 715 5197 2277 5266">
    <p class='ocr_par' dir='ltr' id='par_1_102' title="bbox 715 5197 2277 5266">
     <span class='ocr_line' id='line_1_102' title="bbox 715 5197 2277 5266; baseline -0.001 -11"><span class='ocrx_word' id='word_1_710' title='bbox 715 5201 960 5255; x_wconf 64' lang='lat' dir='ltr'><strong>ediscere</strong></span> <span class='ocrx_word' id='word_1_711' title='bbox 990 5197 1189 5263; x_wconf 88' lang='lat' dir='ltr'><strong>debet,</strong></span> <span class='ocrx_word' id='word_1_712' title='bbox 1229 5208 1285 5252; x_wconf 93' lang='lat' dir='ltr'><strong>nt</strong></span> <span class='ocrx_word' id='word_1_713' title='bbox 1318 5198 1576 5266; x_wconf 90' lang='lat' dir='ltr'><strong>episc0po</strong></span> <span class='ocrx_word' id='word_1_714' title='bbox 1608 5198 1735 5252; x_wconf 90' lang='lat' dir='ltr'><strong>illud</strong></span> <span class='ocrx_word' id='word_1_715' title='bbox 1775 5197 1963 5252; x_wconf 85' lang='lat' dir='ltr'><strong>reddat</strong></span> <span class='ocrx_word' id='word_1_716' title='bbox 1985 5239 1999 5258; x_wconf 89' lang='lat'><strong>.</strong></span> <span class='ocrx_word' id='word_1_717' title='bbox 2029 5206 2081 5251; x_wconf 90' lang='lat' dir='ltr'><strong>et</strong></span> <span class='ocrx_word' id='word_1_718' title='bbox 2110 5197 2179 5250; x_wconf 92' lang='lat' dir='ltr'><strong>ab</strong></span> <span class='ocrx_word' id='word_1_719' title='bbox 2212 5213 2277 5253; x_wconf 89' lang='lat' dir='ltr'><strong>eo</strong></span> 
     </span>
    </p>
   </div>
   <div class='ocr_carea' id='block_1_103' title="bbox 718 5267 2275 5336">
    <p class='ocr_par' dir='ltr' id='par_1_103' title="bbox 718 5267 2275 5336">
     <span class='ocr_line' id='line_1_103' title="bbox 718 5267 2275 5336; baseline -0.001 -13"><span class='ocrx_word' id='word_1_720' title='bbox 718 5285 975 5323; x_wconf 89' lang='lat' dir='ltr'><strong>manuum</strong></span> <span class='ocrx_word' id='word_1_721' title='bbox 1014 5270 1413 5333; x_wconf 87' lang='lat' dir='ltr'><strong>impositionem</strong></span> <span class='ocrx_word' id='word_1_722' title='bbox 1453 5269 1698 5336; x_wconf 88' lang='lat' dir='ltr'><strong>recipiat.</strong></span> <span class='ocrx_word' id='word_1_723' title='bbox 1738 5267 1947 5324; x_wconf 90' lang='lat' dir='ltr'><strong>Concil.</strong></span> <span class='ocrx_word' id='word_1_724' title='bbox 1986 5268 2275 5323; x_wconf 88' lang='lat' dir='ltr'><strong>Eliberita-</strong></span> 
     </span>
    </p>
   </div>
   <div class='ocr_carea' id='block_1_104' title="bbox 718 5338 2275 5408">
    <p class='ocr_par' dir='ltr' id='par_1_104' title="bbox 718 5338 2275 5408">
     <span class='ocr_line' id='line_1_104' title="bbox 718 5338 2275 5408; baseline -0.001 -14"><span class='ocrx_word' id='word_1_725' title='bbox 718 5356 880 5394; x_wconf 87' lang='lat' dir='ltr'><strong>nutu:</strong></span> <span class='ocrx_word' id='word_1_726' title='bbox 917 5338 1135 5408; x_wconf 77' lang='lat' dir='ltr'><strong>Peregre</strong></span> <span class='ocrx_word' id='word_1_727' title='bbox 1160 5339 1482 5407; x_wconf 82' lang='lat' dir='ltr'><strong>navigantes,</strong></span> <span class='ocrx_word' id='word_1_728' title='bbox 1508 5349 1601 5391; x_wconf 86' lang='lat' dir='ltr'><strong>aut</strong></span> <span class='ocrx_word' id='word_1_729' title='bbox 1622 5339 1667 5392; x_wconf 83' lang='lat' dir='ltr'><strong>si</strong></span> <span class='ocrx_word' id='word_1_730' title='bbox 1697 5340 1916 5393; x_wconf 81' lang='lat' dir='ltr'><strong>ecclesia</strong></span> <span class='ocrx_word' id='word_1_731' title='bbox 1950 5340 2002 5392; x_wconf 84' lang='lat' dir='ltr'><strong>in</strong></span> <span class='ocrx_word' id='word_1_732' title='bbox 2037 5340 2275 5407; x_wconf 72' lang='lat' dir='ltr'><strong>proximo</strong></span> 
     </span>
    </p>
   </div>
   <div class='ocr_carea' id='block_1_105' title="bbox 719 5409 2279 5478">
    <p class='ocr_par' dir='ltr' id='par_1_105' title="bbox 719 5409 2279 5478">
     <span class='ocr_line' id='line_1_105' title="bbox 719 5409 2279 5478; baseline 0.001 -17"><span class='ocrx_word' id='word_1_733' title='bbox 719 5427 817 5462; x_wconf 89' lang='lat' dir='ltr'><strong>nou</strong></span> <span class='ocrx_word' id='word_1_734' title='bbox 853 5409 1008 5477; x_wconf 78' lang='lat' dir='ltr'><strong>fuerit</strong></span> <span class='ocrx_word' id='word_1_735' title='bbox 1037 5449 1049 5469; x_wconf 86' lang='lat'><strong>,</strong></span> <span class='ocrx_word' id='word_1_736' title='bbox 1092 5425 1240 5475; x_wconf 81' lang='lat' dir='ltr'><strong>posse</strong></span> <span class='ocrx_word' id='word_1_737' title='bbox 1275 5410 1483 5478; x_wconf 80' lang='lat' dir='ltr'><strong>ﬁdelem</strong></span> <span class='ocrx_word' id='word_1_738' title='bbox 1518 5409 1626 5478; x_wconf 81' lang='lat' dir='ltr'><strong>(qui</strong></span> <span class='ocrx_word' id='word_1_739' title='bbox 1660 5409 1927 5462; x_wconf 83' lang='lat' dir='ltr'><strong>lavacrum</strong></span> <span class='ocrx_word' id='word_1_740' title='bbox 1957 5426 2117 5463; x_wconf 86' lang='lat' dir='ltr'><strong>suum</strong></span> <span class='ocrx_word' id='word_1_741' title='bbox 2142 5411 2279 5463; x_wconf 77' lang='lat' dir='ltr'><strong>inte-</strong></span> 
     </span>
    </p>
   </div>
   <div class='ocr_carea' id='block_1_106' title="bbox 720 5426 2281 5547">
    <p class='ocr_par' dir='ltr' id='par_1_106' title="bbox 720 5426 2281 5547">
     <span class='ocr_line' id='line_1_106' title="bbox 720 5426 2279 5478; baseline 0.001 -17"><span class='ocrx_word' id='word_1_742' title='bbox 720 5427 817 5462; x_wconf 88' lang='lat' dir='ltr'><strong>nou</strong></span> <span class='ocrx_word' id='word_1_743' title='bbox 853 5426 1008 5477; x_wconf 61' lang='lat' dir='ltr'><strong>ruerit</strong></span> <span class='ocrx_word' id='word_1_744' title='bbox 1037 5449 1049 5469; x_wconf 86' lang='lat'><strong>,</strong></span> <span class='ocrx_word' id='word_1_745' title='bbox 1092 5426 1240 5475; x_wconf 80' lang='lat' dir='ltr'><strong>posse</strong></span> <span class='ocrx_word' id='word_1_746' title='bbox 1275 5426 1483 5478; x_wconf 70' lang='lat' dir='ltr'><strong>[tactam</strong></span> <span class='ocrx_word' id='word_1_747' title='bbox 1518 5426 1533 5475; x_wconf 67' lang='grc' dir='ltr'><strong>ι</strong></span> <span class='ocrx_word' id='word_1_748' title='bbox 1573 5427 1625 5462; x_wconf 81' lang='grc' dir='ltr'><strong>ιιι</strong></span> <span class='ocrx_word' id='word_1_749' title='bbox 1660 5426 1927 5462; x_wconf 70' lang='lat' dir='ltr'><strong>lavacrum</strong></span> <span class='ocrx_word' id='word_1_750' title='bbox 1957 5426 2117 5463; x_wconf 86' lang='lat' dir='ltr'><strong>suum</strong></span> <span class='ocrx_word' id='word_1_751' title='bbox 2142 5426 2279 5463; x_wconf 58' lang='lat' dir='ltr'><strong>ante.</strong></span> 
     </span>
     <span class='ocr_line' id='line_1_107' title="bbox 720 5426 2281 5547; baseline 0.005 -20"><span class='ocrx_word' id='word_1_752' title='bbox 720 5498 868 5547; x_wconf 67' lang='lat' dir='ltr'><strong>gnam</strong></span> <span class='ocrx_word' id='word_1_753' title='bbox 906 5479 1054 5533; x_wconf 76' lang='lat' dir='ltr'><strong>habet</strong></span> <span class='ocrx_word' id='word_1_754' title='bbox 1090 5496 1179 5532; x_wconf 83' lang='lat' dir='ltr'><strong>nec</strong></span> <span class='ocrx_word' id='word_1_755' title='bbox 1207 5481 1271 5532; x_wconf 87' lang='lat' dir='ltr'><strong>sit</strong></span> <span class='ocrx_word' id='word_1_756' title='bbox 1308 5426 1568 5547; x_wconf 54' lang='lat' dir='ltr'><strong>bigamus’;</strong></span> <span class='ocrx_word' id='word_1_757' title='bbox 1595 5480 1862 5547; x_wconf 80' lang='lat' dir='ltr'><strong>baptizare</strong></span> <span class='ocrx_word' id='word_1_758' title='bbox 1894 5481 1949 5533; x_wconf 84' lang='lat' dir='ltr'><strong>in</strong></span> <span class='ocrx_word' id='word_1_759' title='bbox 1979 5482 2281 5535; x_wconf 82' lang='lat' dir='ltr'><strong>necessitate</strong></span> 
     </span>
    </p>
   </div>
   <div class='ocr_carea' id='block_1_107' title="bbox 720 5551 2283 5615">
    <p class='ocr_par' dir='ltr' id='par_1_107' title="bbox 720 5551 2283 5615">
     <span class='ocr_line' id='line_1_108' title="bbox 720 5551 2283 5615; baseline 0.001 -12"><span class='ocrx_word' id='word_1_760' title='bbox 720 5552 1045 5615; x_wconf 80' lang='lat' dir='ltr'><strong>inﬁrmitatis</strong></span> <span class='ocrx_word' id='word_1_761' title='bbox 1082 5552 1307 5615; x_wconf 83' lang='lat' dir='ltr'><strong>positum</strong></span> <span class='ocrx_word' id='word_1_762' title='bbox 1355 5551 1795 5611; x_wconf 77' lang='lat' dir='ltr'><strong>catechumenum,</strong></span> <span class='ocrx_word' id='word_1_763' title='bbox 1838 5551 1912 5603; x_wconf 83' lang='lat' dir='ltr'><strong>ita</strong></span> <span class='ocrx_word' id='word_1_764' title='bbox 1943 5561 1996 5602; x_wconf 84' lang='lat' dir='ltr'><strong>ut</strong></span> <span class='ocrx_word' id='word_1_765' title='bbox 2045 5553 2091 5603; x_wconf 84' lang='lat' dir='ltr'><strong>si</strong></span> <span class='ocrx_word' id='word_1_766' title='bbox 2131 5568 2283 5615; x_wconf 80' lang='lat' dir='ltr'><strong>super</strong></span> 
     </span>
    </p>
   </div>
   <div class='ocr_carea' id='block_1_108' title="bbox 722 5620 2281 5689">
    <p class='ocr_par' dir='ltr' id='par_1_108' title="bbox 722 5620 2281 5689">
     <span class='ocr_line' id='line_1_109' title="bbox 722 5620 2281 5689; baseline 0.001 -16"><span class='ocrx_word' id='word_1_767' title='bbox 722 5624 929 5681; x_wconf 67' lang='lat' dir='ltr'><strong>vixerit,</strong></span> <span class='ocrx_word' id='word_1_768' title='bbox 972 5623 1043 5673; x_wconf 77' lang='lat' dir='ltr'><strong>ad</strong></span> <span class='ocrx_word' id='word_1_769' title='bbox 1086 5624 1379 5688; x_wconf 81' lang='lat' dir='ltr'><strong>episcopum</strong></span> <span class='ocrx_word' id='word_1_770' title='bbox 1410 5637 1525 5673; x_wconf 86' lang='lat' dir='ltr'><strong>eum</strong></span> <span class='ocrx_word' id='word_1_771' title='bbox 1569 5620 1854 5686; x_wconf 85' lang='lat' dir='ltr'><strong>perducat,</strong></span> <span class='ocrx_word' id='word_1_772' title='bbox 1883 5630 1939 5673; x_wconf 82' lang='lat' dir='ltr'><strong>ut</strong></span> <span class='ocrx_word' id='word_1_773' title='bbox 1974 5636 2065 5689; x_wconf 89' lang='lat' dir='ltr'><strong>per</strong></span> <span class='ocrx_word' id='word_1_774' title='bbox 2096 5638 2281 5675; x_wconf 86' lang='lat' dir='ltr'><strong>manus</strong></span> 
     </span>
    </p>
   </div>
   <div class='ocr_carea' id='block_1_109' title="bbox 722 5691 2274 5761">
    <p class='ocr_par' dir='ltr' id='par_1_109' title="bbox 722 5691 2274 5761">
     <span class='ocr_line' id='line_1_110' title="bbox 722 5691 2274 5761; baseline 0.003 -20"><span class='ocrx_word' id='word_1_775' title='bbox 722 5692 1109 5754; x_wconf 74' lang='lat' dir='ltr'><strong>impositionem</strong></span> <span class='ocrx_word' id='word_1_776' title='bbox 1146 5691 1325 5761; x_wconf 81' lang='lat' dir='ltr'><strong>perﬁci</strong></span> <span class='ocrx_word' id='word_1_777' title='bbox 1353 5692 1538 5758; x_wconf 84' lang='lat' dir='ltr'><strong>possit.</strong></span> <span class='ocrx_word' id='word_1_778' title='bbox 1583 5692 1789 5745; x_wconf 87' lang='lat' dir='ltr'><strong>Concil.</strong></span> <span class='ocrx_word' id='word_1_779' title='bbox 1835 5691 1973 5746; x_wconf 83' lang='lat' dir='ltr'><strong>Elib.</strong></span> <span class='ocrx_word' id='word_1_780' title='bbox 2024 5707 2146 5745; x_wconf 89' lang='lat' dir='ltr'><strong>can.</strong></span> <span class='ocrx_word' id='word_1_781' title='bbox 2186 5692 2274 5746; x_wconf 81' lang='grc'><strong>59.</strong></span> 
     </span>
    </p>
   </div>
   <div class='ocr_carea' id='block_1_110' title="bbox 724 5761 2279 5831">
    <p class='ocr_par' dir='ltr' id='par_1_110' title="bbox 724 5761 2279 5831">
     <span class='ocr_line' id='line_1_111' title="bbox 724 5761 2279 5831; baseline -0.001 -16"><span class='ocrx_word' id='word_1_782' title='bbox 724 5762 828 5817; x_wconf 90' lang='lat' dir='ltr'><strong>Sed</strong></span> <span class='ocrx_word' id='word_1_783' title='bbox 858 5770 908 5815; x_wconf 73' lang='lat' dir='ltr'><strong>et</strong></span> <span class='ocrx_word' id='word_1_784' title='bbox 938 5762 1095 5831; x_wconf 77' lang='lat' dir='ltr'><strong>longe</strong></span> <span class='ocrx_word' id='word_1_785' title='bbox 1124 5762 1482 5831; x_wconf 82' lang='lat' dir='ltr'><strong>antiquiorem</strong></span> <span class='ocrx_word' id='word_1_786' title='bbox 1518 5765 1621 5815; x_wconf 87' lang='lat' dir='ltr'><strong>hac</strong></span> <span class='ocrx_word' id='word_1_787' title='bbox 1642 5761 1709 5815; x_wconf 88' lang='lat' dir='ltr'><strong>de</strong></span> <span class='ocrx_word' id='word_1_788' title='bbox 1736 5777 1792 5817; x_wconf 85' lang='lat' dir='ltr'><strong>re</strong></span> <span class='ocrx_word' id='word_1_789' title='bbox 1816 5762 2085 5817; x_wconf 45' lang='lat' dir='ltr'><strong>exstitisse</strong></span> <span class='ocrx_word' id='word_1_790' title='bbox 2114 5777 2279 5815; x_wconf 78' lang='lat' dir='ltr'><strong>cano-</strong></span> 
     </span>
    </p>
   </div>
   <div class='ocr_carea' id='block_1_111' title="bbox 724 5830 2275 5903">
    <p class='ocr_par' dir='ltr' id='par_1_111' title="bbox 724 5830 2275 5903">
     <span class='ocr_line' id='line_1_112' title="bbox 724 5830 2275 5903; baseline 0.002 -19"><span class='ocrx_word' id='word_1_791' title='bbox 724 5850 866 5899; x_wconf 79' lang='lat' dir='ltr'><strong>Item,</strong></span> <span class='ocrx_word' id='word_1_792' title='bbox 908 5849 971 5887; x_wconf 81' lang='lat' dir='ltr'><strong>cx</strong></span> <span class='ocrx_word' id='word_1_793' title='bbox 1007 5830 1072 5889; x_wconf 77' lang='lat' dir='ltr'><strong>eo</strong></span> <span class='ocrx_word' id='word_1_794' title='bbox 1104 5844 1247 5903; x_wconf 87' lang='lat' dir='ltr'><strong>patet</strong></span> <span class='ocrx_word' id='word_1_795' title='bbox 1272 5835 1413 5902; x_wconf 86' lang='lat' dir='ltr'><strong>quod</strong></span> <span class='ocrx_word' id='word_1_796' title='bbox 1440 5830 1727 5887; x_wconf 89' lang='lat' dir='ltr'><strong>Cornelius</strong></span> <span class='ocrx_word' id='word_1_797' title='bbox 1753 5832 2042 5903; x_wconf 76' lang='lat' dir='ltr'><strong>episc0pus</strong></span> <span class='ocrx_word' id='word_1_798' title='bbox 2076 5834 2275 5888; x_wconf 80' lang='lat' dir='ltr'><strong>lloma-</strong></span> 
     </span>
    </p>
   </div>
   <div class='ocr_carea' id='block_1_112' title="bbox 2388 5050 3929 5124">
    <p class='ocr_par' dir='ltr' id='par_1_112' title="bbox 2388 5050 3929 5124">
     <span class='ocr_line' id='line_1_113' title="bbox 2388 5050 3929 5124; baseline -0.007 -10"><span class='ocrx_word' id='word_1_799' title='bbox 2388 5074 2491 5115; x_wconf 88' lang='lat' dir='ltr'><strong>nus</strong></span> <span class='ocrx_word' id='word_1_800' title='bbox 2517 5058 2871 5111; x_wconf 80' lang='lat' dir='ltr'><strong>Novatiauum</strong></span> <span class='ocrx_word' id='word_1_801' title='bbox 2906 5058 3281 5124; x_wconf 83' lang='lat' dir='ltr'><strong>reprehendat,</strong></span> <span class='ocrx_word' id='word_1_802' title='bbox 3308 5056 3454 5123; x_wconf 87' lang='lat' dir='ltr'><strong>quod</strong></span> <span class='ocrx_word' id='word_1_803' title='bbox 3486 5071 3613 5109; x_wconf 87' lang='lat' dir='ltr'><strong>cum</strong></span> <span class='ocrx_word' id='word_1_804' title='bbox 3643 5055 3701 5108; x_wconf 91' lang='lat' dir='ltr'><strong>in</strong></span> <span class='ocrx_word' id='word_1_805' title='bbox 3727 5055 3855 5106; x_wconf 77' lang='lat' dir='ltr'><strong>lecto</strong></span> <span class='ocrx_word' id='word_1_806' title='bbox 3875 5050 3929 5103; x_wconf 86' lang='lat' dir='ltr'><strong>ab</strong></span> 
     </span>
    </p>
   </div>
   <div class='ocr_carea' id='block_1_113' title="bbox 2384 5126 3925 5197">
    <p class='ocr_par' dir='ltr' id='par_1_113' title="bbox 2384 5126 3925 5197">
     <span class='ocr_line' id='line_1_114' title="bbox 2384 5126 3925 5197; baseline -0.009 -11"><span class='ocrx_word' id='word_1_807' title='bbox 2384 5130 2671 5186; x_wconf 83' lang='lat' dir='ltr'><strong>exorcistis</strong></span> <span class='ocrx_word' id='word_1_808' title='bbox 2710 5128 3014 5197; x_wconf 88' lang='lat' dir='ltr'><strong>baptizatus</strong></span> <span class='ocrx_word' id='word_1_809' title='bbox 3047 5126 3237 5182; x_wconf 80' lang='lat' dir='ltr'><strong>fuisset</strong></span> <span class='ocrx_word' id='word_1_810' title='bbox 3261 5166 3275 5187; x_wconf 85' lang='lat'><strong>,</strong></span> <span class='ocrx_word' id='word_1_811' title='bbox 3310 5126 3377 5179; x_wconf 85' lang='lat' dir='ltr'><strong>ad</strong></span> <span class='ocrx_word' id='word_1_812' title='bbox 3411 5127 3734 5196; x_wconf 78' lang='lat' dir='ltr'><strong>episcopum</strong></span> <span class='ocrx_word' id='word_1_813' title='bbox 3771 5132 3925 5191; x_wconf 78' lang='lat' dir='ltr'><strong>postea</strong></span> 
     </span>
    </p>
   </div>
   <div class='ocr_carea' id='block_1_114' title="bbox 2385 5197 3926 5272">
    <p class='ocr_par' dir='ltr' id='par_1_114' title="bbox 2385 5197 3926 5272">
     <span class='ocr_line' id='line_1_115' title="bbox 2385 5197 3926 5272; baseline -0.008 -17"><span class='ocrx_word' id='word_1_814' title='bbox 2385 5216 2576 5272; x_wconf 81' lang='lat' dir='ltr'><strong>senon</strong></span> <span class='ocrx_word' id='word_1_815' title='bbox 2600 5201 2925 5261; x_wconf 89' lang='lat' dir='ltr'><strong>contulerat,</strong></span> <span class='ocrx_word' id='word_1_816' title='bbox 2949 5207 3007 5251; x_wconf 90' lang='lat' dir='ltr'><strong>ut</strong></span> <span class='ocrx_word' id='word_1_817' title='bbox 3035 5198 3183 5263; x_wconf 80' lang='lat' dir='ltr'><strong>iuxta</strong></span> <span class='ocrx_word' id='word_1_818' title='bbox 3203 5197 3656 5272; x_wconf 38' lang='lat' dir='ltr'><strong>ecclesiasticae:</strong></span> <span class='ocrx_word' id='word_1_819' title='bbox 3671 5208 3926 5272; x_wconf 70' lang='lat' dir='ltr'><strong>eanonetn,</strong></span> 
     </span>
    </p>
   </div>
   <div class='ocr_carea' id='block_1_115' title="bbox 2383 5264 3924 5339">
    <p class='ocr_par' dir='ltr' id='par_1_115' title="bbox 2383 5264 3924 5339">
     <span class='ocr_line' id='line_1_116' title="bbox 2383 5264 3924 5339; baseline -0.008 -14"><span class='ocrx_word' id='word_1_820' title='bbox 2383 5270 2589 5339; x_wconf 88' lang='lat' dir='ltr'><strong>reliqua</strong></span> <span class='ocrx_word' id='word_1_821' title='bbox 2624 5284 2690 5323; x_wconf 91' lang='lat' dir='ltr'><strong>eo</strong></span> <span class='ocrx_word' id='word_1_822' title='bbox 2717 5284 2848 5323; x_wconf 88' lang='lat' dir='ltr'><strong>casu</strong></span> <span class='ocrx_word' id='word_1_823' title='bbox 2897 5276 3165 5338; x_wconf 65' lang='lat' dir='ltr'><strong>praecepta</strong></span> <span class='ocrx_word' id='word_1_824' title='bbox 3187 5308 3200 5330; x_wconf 92' lang='lat'><strong>,</strong></span> <span class='ocrx_word' id='word_1_825' title='bbox 3232 5268 3551 5339; x_wconf 83' lang='lat' dir='ltr'><strong>perciperet.</strong></span> <span class='ocrx_word' id='word_1_826' title='bbox 3596 5267 3701 5339; x_wconf 73' lang='grc' dir='ltr'>Ὦς</span> <span class='ocrx_word' id='word_1_827' title='bbox 3732 5264 3924 5339; x_wconf 45' lang='lat' dir='ltr'><strong>ganeo-5.</strong></span> 
     </span>
    </p>
   </div>
   <div class='ocr_carea' id='block_1_116' title="bbox 2388 5335 3923 5411">
    <p class='ocr_par' dir='ltr' id='par_1_116' title="bbox 2388 5335 3923 5411">
     <span class='ocr_line' id='line_1_117' title="bbox 2388 5335 3923 5411; baseline -0.003 -19"><span class='ocrx_word' id='word_1_828' title='bbox 2388 5335 2546 5411; x_wconf 76' lang='grc' dir='ltr'>μενος</span> <span class='ocrx_word' id='word_1_829' title='bbox 2697 5339 2806 5393; x_wconf 85' lang='grc' dir='ltr'><strong>τῶν</strong></span> <span class='ocrx_word' id='word_1_830' title='bbox 2827 5335 3201 5411; x_wconf 26' lang='grc' dir='ltr'>,ἐπορκιστῶνε</span> <span class='ocrx_word' id='word_1_831' title='bbox 3218 5338 3355 5408; x_wconf 84' lang='grc' dir='ltr'>νόσῳ</span> <span class='ocrx_word' id='word_1_832' title='bbox 3381 5335 3700 5411; x_wconf 75' lang='grc' dir='ltr'>περιπεσὼν</span> 
     </span>
    </p>
   </div>
   <div class='ocr_carea' id='block_1_117' title="bbox 2384 5404 3919 5476">
    <p class='ocr_par' dir='ltr' id='par_1_117' title="bbox 2384 5404 3919 5476">
     <span class='ocr_line' id='line_1_118' title="bbox 2384 5404 3919 5476; baseline -0.005 -11"><span class='ocrx_word' id='word_1_833' title='bbox 2384 5404 2484 5465; x_wconf 66' lang='grc' dir='ltr'>καὶ</span> <span class='ocrx_word' id='word_1_834' title='bbox 2521 5409 2909 5476; x_wconf 68' lang='grc' dir='ltr'>ἀποθανεῖσθαι</span> <span class='ocrx_word' id='word_1_835' title='bbox 2937 5404 3063 5463; x_wconf 74' lang='grc' dir='ltr'>ὅσον</span> <span class='ocrx_word' id='word_1_836' title='bbox 3087 5409 3295 5462; x_wconf 79' lang='grc' dir='ltr'>οὐδέπω</span> <span class='ocrx_word' id='word_1_837' title='bbox 3324 5404 3710 5476; x_wconf 72' lang='grc' dir='ltr'>νομιζόμενος,</span> <span class='ocrx_word' id='word_1_838' title='bbox 3732 5404 3792 5458; x_wconf 59' lang='grc' dir='ltr'>’ἐν</span> <span class='ocrx_word' id='word_1_839' title='bbox 3812 5404 3919 5471; x_wconf 79' lang='grc' dir='ltr'>αὐτῇ</span> 
     </span>
    </p>
   </div>
   <div class='ocr_carea' id='block_1_118' title="bbox 2383 5474 3923 5554">
    <p class='ocr_par' dir='ltr' id='par_1_118' title="bbox 2383 5474 3923 5554">
     <span class='ocr_line' id='line_1_119' title="bbox 2383 5474 3923 5554; baseline -0.006 -21"><span class='ocrx_word' id='word_1_840' title='bbox 2383 5484 2451 5551; x_wconf 79' lang='grc' dir='ltr'>τῇ</span> <span class='ocrx_word' id='word_1_841' title='bbox 2493 5481 2645 5554; x_wconf 78' lang='grc' dir='ltr'>κλίνῃ</span> <span class='ocrx_word' id='word_1_842' title='bbox 2747 5479 2923 5554; x_wconf 53' lang='lat' dir='ltr'><strong>{xeno</strong></span> <span class='ocrx_word' id='word_1_843' title='bbox 2947 5480 3264 5554; x_wconf 72' lang='grc' dir='ltr'>περιχυθεὶς</span> <span class='ocrx_word' id='word_1_844' title='bbox 3288 5474 3611 5554; x_wconf 40' lang='grc' dir='ltr'><strong>⁸ελαξϐενξ-εῐ</strong></span> <span class='ocrx_word' id='word_1_845' title='bbox 3642 5494 3710 5554; x_wconf 66' lang='grc' dir='ltr'><strong>γε</strong></span> <span class='ocrx_word' id='word_1_846' title='bbox 3739 5478 3831 5554; x_wconf 76' lang='grc' dir='ltr'><strong>χρῆ</strong></span> <span class='ocrx_word' id='word_1_847' title='bbox 3854 5475 3923 5554; x_wconf 54' lang='grc' dir='ltr'><strong>λέ-</strong></span> 
     </span>
    </p>
   </div>
   <div class='ocr_carea' id='block_1_119' title="bbox 2385 5548 3921 5619">
    <p class='ocr_par' dir='ltr' id='par_1_119' title="bbox 2385 5548 3921 5619">
     <span class='ocr_line' id='line_1_120' title="bbox 2385 5548 3921 5619; baseline -0.003 -16"><span class='ocrx_word' id='word_1_848' title='bbox 2385 5548 2503 5619; x_wconf 72' lang='grc' dir='ltr'>γξιν</span> <span class='ocrx_word' id='word_1_849' title='bbox 2528 5548 2883 5605; x_wconf 70' lang='grc' dir='ltr'>τδντοιοῦτον</span> <span class='ocrx_word' id='word_1_850' title='bbox 2913 5548 3191 5618; x_wconf 66' lang='grc' dir='ltr'>εἰληφέναι</span> <span class='ocrx_word' id='word_1_851' title='bbox 3216 5567 3227 5579; x_wconf 90' lang='grc'><strong>·</strong></span> <span class='ocrx_word' id='word_1_852' title='bbox 3248 5550 3307 5619; x_wconf 61' lang='grc' dir='ltr'>ορ</span> <span class='ocrx_word' id='word_1_853' title='bbox 3334 5550 3442 5618; x_wconf 83' lang='grc' dir='ltr'>μὴν</span> <span class='ocrx_word' id='word_1_854' title='bbox 3468 5548 3593 5601; x_wconf 77' lang='grc' dir='ltr'>οὐδὲ</span> <span class='ocrx_word' id='word_1_855' title='bbox 3614 5550 3728 5600; x_wconf 75' lang='grc' dir='ltr'>τῶν</span> <span class='ocrx_word' id='word_1_856' title='bbox 3758 5548 3921 5619; x_wconf 74' lang='grc' dir='ltr'>λοιπῶν</span> 
     </span>
    </p>
   </div>
   <div class='ocr_carea' id='block_1_120' title="bbox 2389 5613 3919 5691">
    <p class='ocr_par' dir='ltr' id='par_1_120' title="bbox 2389 5613 3919 5691">
     <span class='ocr_line' id='line_1_121' title="bbox 2389 5613 3919 5691; baseline -0.007 -16"><span class='ocrx_word' id='word_1_857' title='bbox 2389 5613 2545 5691; x_wconf 73' lang='grc' dir='ltr'>ἔτυχε</span> <span class='ocrx_word' id='word_1_858' title='bbox 2564 5664 2580 5688; x_wconf 89' lang='lat'><strong>,</strong></span> <span class='ocrx_word' id='word_1_859' title='bbox 2612 5622 2889 5690; x_wconf 84' lang='grc' dir='ltr'>διαφυγὼν</span> <span class='ocrx_word' id='word_1_860' title='bbox 2920 5613 3028 5691; x_wconf 74' lang='grc' dir='ltr'>τὴν</span> <span class='ocrx_word' id='word_1_861' title='bbox 3045 5613 3228 5685; x_wconf 78' lang='grc' dir='ltr'>νόσον,</span> <span class='ocrx_word' id='word_1_862' title='bbox 3269 5613 3345 5673; x_wconf 82' lang='grc' dir='ltr'>ὧν</span> <span class='ocrx_word' id='word_1_863' title='bbox 3373 5613 3479 5689; x_wconf 81' lang='grc' dir='ltr'>χρὴ</span> <span class='ocrx_word' id='word_1_864' title='bbox 3502 5616 3919 5691; x_wconf 24' lang='grc' dir='ltr'>Ῠμεταλαμσὰνειν</span> 
     </span>
    </p>
   </div>
   <div class='ocr_carea' id='block_1_121' title="bbox 2385 5689 3919 5762">
    <p class='ocr_par' dir='ltr' id='par_1_121' title="bbox 2385 5689 3919 5762">
     <span class='ocr_line' id='line_1_122' title="bbox 2385 5689 3919 5762; baseline 0.012 -17"><span class='ocrx_word' id='word_1_865' title='bbox 2385 5689 2525 5745; x_wconf 81' lang='grc' dir='ltr'><strong>κατά</strong></span> <span class='ocrx_word' id='word_1_866' title='bbox 2572 5693 2665 5747; x_wconf 80' lang='grc' dir='ltr'>τὸν</span> <span class='ocrx_word' id='word_1_867' title='bbox 2704 5695 2802 5762; x_wconf 82' lang='grc' dir='ltr'><strong>τῆς</strong></span> <span class='ocrx_word' id='word_1_868' title='bbox 2855 5689 3179 5758; x_wconf 77' lang='grc' dir='ltr'>Ἐκκλησίας</span> <span class='ocrx_word' id='word_1_869' title='bbox 3224 5690 3448 5762; x_wconf 62' lang='grc' dir='ltr'><strong>κανόνα·</strong></span> <span class='ocrx_word' id='word_1_870' title='bbox 3486 5689 3661 5762; x_wconf 56' lang='grc' dir='ltr'><strong>Τοὲτο</strong></span> <span class='ocrx_word' id='word_1_871' title='bbox 3696 5689 3749 5741; x_wconf 62' lang='grc' dir='ltr'><strong>δὲ</strong></span> <span class='ocrx_word' id='word_1_872' title='bbox 3783 5702 3919 5762; x_wconf 58' lang='lat'><strong>‘2?&quot;</strong></span> 
     </span>
    </p>
   </div>
   <div class='ocr_carea' id='block_1_122' title="bbox 2383 5755 3915 5831">
    <p class='ocr_par' dir='ltr' id='par_1_122' title="bbox 2383 5755 3915 5831">
     <span class='ocr_line' id='line_1_123' title="bbox 2383 5755 3915 5831; baseline -0.004 -14"><span class='ocrx_word' id='word_1_873' title='bbox 2383 5762 2639 5831; x_wconf 83' lang='grc' dir='ltr'>γισθῆναι</span> <span class='ocrx_word' id='word_1_874' title='bbox 2688 5755 2793 5817; x_wconf 74' lang='grc' dir='ltr'><strong>ὑπὸ</strong></span> <span class='ocrx_word' id='word_1_875' title='bbox 2840 5762 2931 5816; x_wconf 80' lang='grc' dir='ltr'>τοῦ</span> <span class='ocrx_word' id='word_1_876' title='bbox 2980 5755 3299 5817; x_wconf 81' lang='grc' dir='ltr'>ἐπισκόπου.</span> <span class='ocrx_word' id='word_1_877' title='bbox 3349 5760 3505 5831; x_wconf 81' lang='lat' dir='ltr'><strong>Apud</strong></span> <span class='ocrx_word' id='word_1_878' title='bbox 3562 5760 3765 5817; x_wconf 82' lang='lat' dir='ltr'><strong>Euseb.</strong></span> <span class='ocrx_word' id='word_1_879' title='bbox 3801 5755 3915 5811; x_wconf 76' lang='lat' dir='ltr'><strong>Hist.</strong></span> 
     </span>
    </p>
   </div>
   <div class='ocr_carea' id='block_1_123' title="bbox 2386 5833 3035 5892">
    <p class='ocr_par' dir='ltr' id='par_1_123' title="bbox 2386 5833 3035 5892">
     <span class='ocr_line' id='line_1_124' title="bbox 2386 5833 3035 5892; baseline -0.002 -4"><span class='ocrx_word' id='word_1_880' title='bbox 2386 5833 2585 5889; x_wconf 78' lang='lat' dir='ltr'><strong>Eccles.</strong></span> <span class='ocrx_word' id='word_1_881' title='bbox 2621 5834 2653 5890; x_wconf 90' lang='grc'><strong>1.</strong></span> <span class='ocrx_word' id='word_1_882' title='bbox 2694 5851 2765 5892; x_wconf 83' lang='lat' dir='ltr'><strong>vt.</strong></span> <span class='ocrx_word' id='word_1_883' title='bbox 2800 5848 2902 5891; x_wconf 81' lang='lat' dir='ltr'><strong>can</strong></span> <span class='ocrx_word' id='word_1_884' title='bbox 2947 5834 3035 5889; x_wconf 73' lang='grc'><strong>475.</strong></span> 
     </span>
    </p>
   </div>
  </div>
