4178 6420
324 375 465 440 1413

1463 369 1542 429 ΙΝ
1577 366 1742 430 CAN.
1785 365 1908 427 LVI
1951 365 2156 424 CONC.
2189 363 2406 423 LAOD.

3419 356 3475 430 lvi
3491 352 3552 416 ll

443 487 592 539 ΔΛΣ.
628 485 716 536 Ἐν
756 483 834 552 τῷ
879 481 953 536 κδ’
983 484 1074 535 καὶ
1118 486 1197 534 va.’
1226 480 1410 532 κανόνι
1449 479 1549 548 τῆς
1594 483 1648 541 ς’
1676 477 1890 528 συνόδου
1921 483 1966 538 Α
2065 475 2093 528 Ε

1921 483 1966 538 Α
2065 473 2254 528 BALS.
2312 473 2368 525 In
2428 470 2680 523 vicesimo
2747 479 2941 536 quarto
2994 479 3046 521 et
3103 467 3551 537 qttinquagesimo

318 576 644 645 διελάϐομεν
676 578 768 628 καὶ
799 576 926 644 περὶ
957 575 1064 626 τῶν
1098 576 1156 627 ἐν
1188 571 1264 642 τῷ
1299 572 1528 640 παρόντι
1561 569 1744 622 κανόνι
1773 567 1897 620 διει-

320 669 390 736 λη
402 670 640 736 μμένων.
672 669 782 720 Καὶ
811 665 1085 733 ἀνάγνωθι
1112 663 1284 717 ταῦτα
1310 680 1325 696 ο
1363 663 1636 733 μέμνηται
1667 659 1773 728 γὰρ
1805 660 1898 711 κα)⁵

316 761 540 814 τούτου.

398 853 640 906 ΖΩΝΑΡ.
683 854 792 905 Καὶ
836 853 864 906 ό
904 851 980 905 κδ’
1014 851 1194 906 κανὼν
1231 853 1330 921 τῆς
1368 853 1535 922 ἕκτης
1576 854 1792 906 συνόδου
1830 853 1898 906 τὰ

319 947 466 997 αὐτὰ
503 947 872 997 διατάττεται.
907 944 1121 996 Κωλύει
1158 945 1266 1014 γὰρ
1305 946 1554 1006 κάκεῖνος
1580 945 1705 1006 τοὺς
1743 947 1898 1015 ἱερω-

323 1039 524 1105 μένους
561 1041 652 1088 καὶ
683 1038 807 1097 τοὺς
845 1036 1112 1105 μοναχοὺς
1149 1037 1206 1088 ὲν
1239 1035 1620 1105 ἱπποδρομίαις
1655 1037 1895 1088 ἀπιέναι.

321 1124 492 1190 Οὗτος
523 1130 578 1179 δὲ
609 1127 966 1196 γενικώτερον
996 1127 1119 1179 οὐδέ
1153 1143 1302 1188 τινας
1334 1127 1565 1195 θεωρίας
1593 1125 1896 1176 διακελεύε-

319 1240 414 1274 ται
460 1223 716 1290 θεωρεῖν,
757 1220 880 1272 οὔτε
928 1223 985 1272 ὲν
1023 1221 1240 1288 γάμοις,
1268 1218 1389 1272 οὔτε
1436 1222 1491 1272 ὲν
1529 1219 1780 1279 δείπνοις.
1825 1220 1897 1271 (νο

319 1319 434 1382 γαρ
466 1317 520 1365 ἐν
550 1317 745 1383 γάμοις
778 1315 937 1382 μόνον
962 1314 1204 1380 γίνονται
1239 1313 1537 1381 συμπόσια,
1565 1311 1697 1363 ἀλλὰ
1726 1316 1816 1362 καὶ
1844 1315 1900 1362 ὲν

322 1410 560 1476 ἑορταῖς,
595 1411 686 1458 καὶ
716 1411 772 1459 ὲν
801 1407 1112 1473 γενεθλίοις,
1146 1407 1240 1457 καὶ
1268 1406 1445 1463 ἄλλοις
1474 1404 1700 1472 ὁμοίοις,
1734 1403 1767 1455 ἃ
1797 1404 1902 1455 δεί-

324 1516 494 1560 πνους
523 1499 834 1566 ὠνόμασαν.
857 1499 1025 1549 Ὀταν
1049 1492 1159 1560 οὖν,
1192 1496 1344 1563 φησὶ,
1375 1495 1650 1563 κληθῶσιν
1677 1499 1756 1556 εἰς
1783 1512 1902 1544 τοσ-

313 1588 464 1640 ἀὖτα
511 1592 787 1657 συμπόσια
833 1589 1096 1657 ίερατικοὶ
1143 1591 1235 1638 καὶ
1281 1587 1550 1656 κληρικοὶ,
1589 1589 1682 1640 καὶ
1723 1588 1900 1639 ίδωσιν
1945 1610 1949 1614 ’

323 1683 410 1732 ὅτι
460 1681 744 1749 θυμελικοὶ
797 1680 1082 1750 μέλλουσιν
1128 1679 1420 1743 εἰσελθεῖν,
1469 1679 1894 1750 ἐγειρέσθωσαν,
1941 1710 1949 1716 -

324 1772 423 1820 καὶ
462 1773 914 1838 ἁναχωρείτωσαν
950 1771 1053 1840 πρὸ
1089 1769 1180 1820 τοῦ
1223 1771 1462 1832 ἐκείνους
1495 1770 1602 1821 τῶν
1631 1771 1898 1837 παιγνίων

324 1867 423 1915 καὶ
452 1863 823 1930 γελωτοποιῶν
855 1862 1224 1932 ἀπάρξασθαι.

329 2128 552 2179 ΛΡΙΣΤ.
620 2144 638 2178 ι
673 2127 776 2178 Τὸν
806 2127 986 2196 μέντοι
1020 2128 1314 2196 ἱερατικὸν,
1345 2128 1379 2198 ἢ
1410 2129 1668 2199 κληρικὸν
1697 2129 1778 2180 δεῖ
1803 2129 1900 2182 καὶ

669 2217 777 2287 πρὸ
804 2219 903 2286 τῆς
936 2219 1174 2288 θυμέλης
1206 2221 1560 2291 ἀπέρχεσθαι.
1608 2240 1627 2273 ι

430 2311 798 2364 Δπαιτοῦνται
822 2313 869 2364 οἱ
895 2312 1214 2380 Χριστιανοὶ
1239 2313 1317 2375 είς
1343 2315 1518 2381 γάμον
1538 2315 1899 2384 ἀπερχόμενοι

331 2404 546 2471 σεμνῶς
572 2403 807 2455 δειπνεῖν
836 2405 892 2455 ὲν
920 2404 1122 2466 αὐτοῖς,
1152 2403 1247 2456 καὶ
1279 2405 1352 2473 μὴ
1384 2405 1682 2474 ὀρχεῖσθαι,
1711 2406 1744 2476 ἢ
1778 2407 1902 2475 βαλ-

328 2496 531 2561 λίζειν,
560 2495 705 2547 τοῦτ’
731 2496 846 2547 ἐστι
878 2496 976 2558 τὰς
1012 2500 1199 2565 χεῖρας
1236 2500 1474 2564 κροτεῖν,
1507 2500 1598 2548 καὶ
1620 2496 1686 2548 δι’
1723 2498 1900 2550 αὐτῶν

332 2590 539 2640 κτύπον
573 2589 854 2640 ἀποτελεῖν
875 2605 889 2620 ·
924 2588 1080 2640 τοῦτο
1118 2589 1226 2658 γὰρ
1260 2588 1476 2653 ἀνάξιον
1512 2590 1901 2660 Χριστιανικῆς

334 2680 718 2742 καταστάσεως
744 2696 756 2709 °
788 2681 914 2741 τοὺς
948 2681 1132 2748 μέντοι
1165 2681 1472 2750 ίερατικοὺς
1506 2682 1638 2750 μηδὲ
1670 2683 1901 2752 θεωρίας

331 2772 483 2833 τινάς
511 2774 568 2821 ὲν
594 2773 791 2838 γάμοις
818 2770 1061 2839 θεωρεῖν,
1087 2771 1220 2822 ἀλλὰ
1245 2772 1351 2840 πρὸ
1377 2771 1469 2824 τοῦ
1496 2773 1754 2827 εἰσελθεῖν
1780 2776 1904 2838 τοὺς

336 2864 658 2931 θυμελικοὺς
685 2863 897 2916 ἐκεῖθεν
924 2866 1252 2933 ἀναχωρεῖν.

921 2956 1154 3007 ΚΑΝΩΝ
1193 2955 1320 3011 NE'.

340 3065 359 3100 ι
384 3050 504 3099 Ὀτι
544 3048 603 3099 οὐ
649 3047 729 3098 δεῖ
769 3049 1076 3117 ίερατικοὺς
1116 3047 1149 3116 ἢ
1193 3049 1488 3118 κληρικοὺς
1527 3051 1591 3102 ὲκ
1630 3053 1904 3125 συμϐολῆς

471 3157 488 3188 ι
537 3140 813 3207 συμπόσια
844 3137 1142 3205 ἐπιτελεῖν,
1174 3138 1289 3191 ἀλλ’
1313 3140 1433 3192 οὐδὲ
1462 3141 1705 3204 λαῖκούς.
1750 3161 1770 3196 t

409 3227 598 3278 ΒΛΛΣ.
633 3227 706 3276 Τὸ
735 3227 1127 3294 συμποσιάζειν
1154 3228 1437 3296 παραίτιόν
1465 3231 1580 3283 ἐστι
1609 3233 1797 3304 μέθης.
1827 3235 1904 3304 Τῇ

334 3319 388 3369 δὲ
439 3318 577 3388 μέθῃ
621 3319 963 3388 παρέπονται
1002 3319 1222 3383 άταξίαι
1265 3324 1357 3372 καὶ
1396 3324 1772 3395 ἀσχημοσύνη,
1812 3330 1907 3380 καὶ

337 3410 561 3470 ταύταις
603 3409 778 3480 ἔριδες
814 3412 907 3464 καὶ
942 3411 1073 3462 Θεοῦ
1107 3413 1535 3483 καταφρόνησις.
1569 3417 1908 3486 Διορίζονται

339 3498 430 3554 οὖν
468 3505 514 3553 οξ
557 3502 795 3569 Πατέρες
837 3504 971 3571 μήτε
1012 3503 1365 3572 ίερωμένους,
1409 3507 1546 3576 μήτε
1586 3509 1905 3579 κληρικοὺς,

342 3593 478 3659 μήτε
510 3592 726 3652 λαῐκοὺς
755 3590 866 3642 ἀπὸ
898 3590 1173 3653 συνδοσίας
1202 3594 1376 3644 ποιεῖν
1411 3593 1708 3659 συμπόσια.
1741 3596 1908 3648 Τοῦτο

338 3685 444 3752 γάρ
475 3685 619 3735 ἐστιν
654 3685 686 3750 η
716 3682 980 3753 συμϐολὴ,
1011 3682 1119 3736 ἀπὸ
1147 3684 1240 3736 τοῦ
1275 3684 1591 3754 συμϐάλλω,
1621 3687 1739 3756 ἦτοι
1773 3705 1909 3758 συμ-

340 3779 506 3830 πονῶ.
1776 3772 1780 3775 ξ

411 3871 653 3925 ΖΩΝΑΡ.
680 3872 818 3934 Τοὺς
847 3872 1208 3942 ἱερωμένους,
1237 3873 1331 3925 καὶ
1358 3875 1535 3927 πάντα
1562 3873 1619 3926 δὲ
1647 3874 1908 3944 Χριστια-

341 3966 429 4018 νὸν
473 3967 683 4032 σεμνῶς
726 3964 832 4035 χρὴ
872 3965 1042 4032 βιοῦν.
1089 3965 1162 4016 Τὸ
1203 3966 1259 4019 δὲ
1305 3969 1371 4022 ὲκ
1415 3968 1690 4038 συμϐολῆς
1735 3971 1906 4022 ποιεῖν

344 4061 618 4126 συμπόσια
636 4099 650 4121 ,
681 4059 848 4127 ἤγουν
880 4061 1086 4115 πολλῶν
1114 4063 1363 4115 διδόντων
1391 4060 1734 4130 νομίσματα,
1766 4062 1904 4114 ὥστε

342 4152 411 4202 δι’
436 4152 614 4204 αὐτῶν
639 4153 888 4218 γενέσθαι
913 4155 1187 4223 τραπέζας
1215 4154 1408 4223 ἁϐρὰς,
1436 4154 1678 4224 κουλύειξό
1705 4153 1904 4217 κανὼν,

341 4243 414 4305 ὡς
455 4244 621 4312 μέθης
666 4245 757 4296 καὶ⁸
794 4241 1129 4311 ἁδδηφαγίας
1169 4245 1264 4298 καὶ⁸
1303 4243 1479 4298 ἄλλων
1514 4243 1906 4314 ἁσχημοσυνῶν

343 4336 531 4385 οίτιον.

344 4603 563 4655 ΛΡΙΣΤ.
631 4621 649 4652 ι
703 4602 958 4673 Ἐράνους
1018 4601 1141 4655 οὔτε
1203 4603 1384 4664 λαῖκδς
1443 4602 1563 4653 οὒτε
1647 4602 1902 4672 κληρικδς

907 4711 922 4743 ι
964 4695 1252 4745 ὲκτελέσει.
1295 4713 1312 4744 ι

415 4785 587 4852 Χάριν
617 4783 916 4852 συμποσίου
962 4782 1084 4836 οὔτε
1126 4785 1380 4854 κληρικὸς
1412 4783 1534 4837 οὔτε
1562 4784 1744 4839 λαῖκδς
1788 4802 1904 4838 ποι-

345 4879 565 4945 ήσονται
601 4874 810 4945 ἔρανον.

920 4968 1154 5020 ΚΑΝΩΝ
1186 4969 1326 5035 Nq'.

354 5081 370 5109 ι
410 5063 530 5112 Ὀτι
561 5062 619 5113 οὺ
652 5060 731 5112 δεῖ
761 5062 1154 5129 πρεσϐυτέρους
1175 5062 1277 5130 πρὸ
1303 5061 1399 5130 τῆς
1431 5060 1632 5114 εἰσόδου
1660 5062 1750 5113 τοῦ
1782 5063 1904 5114 ἐπι-

424 5175 441 5203 ι
479 5155 680 5205 σκόπου
713 5153 938 5204 εἰσιέναι
971 5154 1062 5204 καὶ
1117 5152 1436 5215 καθέζεσθαι
1482 5155 1538 5206 ἐν
1576 5153 1652 5222 τῷ
1682 5153 1909 5223 βήματι,

422 5263 442 5296 ι
481 5246 612 5297 ἀλλὰ
641 5246 778 5313 μετὰ
824 5246 915 5297 τοῦ
947 5246 1242 5298 ἐπισκόπου
1297 5247 1517 5298 εἰσιέναι
1539 5267 1551 5278 ·
1598 5247 1735 5317 πλὴν
1760 5251 1805 5300 εἰ
1837 5248 1911 5319 μὴ

427 5358 443 5385 ι
483 5336 848 5406 ανωμαλοίηῆ
880 5338 1146 5406 ἁποδημοί
1193 5340 1218 5390 ὁ
1250 5337 1562 5401 ἐπίσκοπος.
1604 5359 1621 5390 ι

422 5431 618 5483 ΒΑΛΣ.
651 5430 755 5481 Καὶ
780 5430 1051 5499 πανταχοῦ
1084 5431 1260 5498 τὸτῆς
1285 5431 1531 5494 εὐταξίας
1563 5431 1722 5483 καλῖν
1757 5433 1908 5484 πολι-

347 5521 601 5572 τεύεσθαι
631 5519 781 5584 ἄξιον
803 5537 819 5554 ο
853 5520 1030 5590 πολλῷ
1061 5522 1115 5572 δὲ
1162 5522 1320 5574 πλέον
1367 5525 1423 5574 ἐν
1456 5523 1787 5592 ίερωμένοις.
1817 5525 1907 5577 Διὸ

349 5613 442 5664 καὶ
475 5610 771 5664 κωλύουσιν
803 5613 851 5665 οἱ
879 5613 1115 5681 Πατέρες
1139 5616 1262 5674 τοὺς
1312 5613 1707 5683 πρεσϐυτέρους
1741 5632 1906 5666 κατα-

351 5705 565 5771 φρονεῖν
587 5702 678 5754 τοῦ
707 5705 1026 5768 ἐπισκόπου,
1065 5706 1154 5755 καὶ
1188 5704 1291 5772 πρὸ
1312 5702 1406 5767 τῆς
1436 5702 1638 5754 εἰσόδου
1665 5703 1907 5771 εἰσέρχε-

353 5793 471 5846 σθαι
499 5796 555 5846 ἐν
585 5795 660 5864 τῷ
690 5795 917 5864 βήματι,
948 5799 1037 5850 καὶ
1061 5795 1378 5860 καθέζεσθαι
1405 5813 1415 5826 ·
1453 5786 1587 5848 ἀλλὰ
1622 5795 1909 5848 εἱσοδεύειν

1998 567 2169 637 primo
2200 579 2405 618 canone
2430 571 2595 616 sexta:
2624 561 2813 630 synodi
2843 559 2906 612 de
2939 561 3004 613 iis
3037 576 3248 627 quoque
3294 555 3550 610 tractavi-

1996 675 2134 722 mus,
2165 672 2285 726 qute
2321 657 2373 710 in
2402 654 2652 724 praesenti
2684 667 2888 706 canone
2911 660 3138 706 tractata
3171 657 3315 704 sunt.
3345 649 3411 702 Et
3439 649 3553 715 lege

1995 767 2054 804 ea
2083 765 2096 800 :
2131 749 2288 816 hujus
2315 750 2457 800 enim
2487 746 2868 798 meminerunt.

2065 839 2312 894 ZONAR.
2345 837 2542 891 Eadem
2569 844 2734 888 sexta:
2760 849 2973 902 quoque
3026 831 3212 901 synodi
3267 831 3524 884 vicesimo

1998 947 2188 1002 quarto
2220 947 2421 984 canone
2447 929 2847 998 przecipiuntur.
2883 925 3090 993 Quippe
3117 923 3284 977 sacris
3310 923 3554 974 initiatos

2001 1026 2242 1079 homines
2268 1039 2329 1076 ac
2369 1022 2657 1075 monachos
2689 1023 2738 1074 in
2768 1021 3175 1088 hippodromum
3203 1018 3488 1068 convenire
3510 1016 3552 1065 is

1999 1136 2168 1172 canon
2201 1125 2363 1171 vetat.
2384 1117 2630 1181 Hic_vero
2661 1114 2829 1180 magis
2858 1112 3105 1163 universe
3141 1124 3231 1161 eos
3257 1108 3414 1159 nullis
3439 1123 3543 1158 0m-

2000 1210 2124 1263 nino
2152 1207 2496 1279 spectaculis,
2532 1223 2628 1261 nec
2659 1208 2709 1259 in
2756 1204 2955 1272 nuptiis
2989 1217 3089 1255 nec
3124 1203 3174 1253 in
3227 1201 3417 1256 (-aznis.
3477 1202 3554 1249 iu-

2001 1312 2199 1355 teresse
2226 1302 2387 1354 licere
2417 1299 2678 1353 decernit.
2707 1297 2812 1350 Nec
2840 1296 2981 1350 enim
3011 1294 3064 1346 in
3094 1293 3291 1360 nuptiis
3323 1302 3550 1342 tantum-

2001 1395 2185 1459 modo,
2221 1395 2314 1448 sed
2348 1395 2399 1446 in
2434 1393 2588 1446 festis
2619 1404 2828 1458 quoque
2855 1387 3258 1442 celebritatibus
3287 1395 3337 1436 et
3365 1383 3526 1435 Italult

2003 1486 2090 1538 tiis
2123 1494 2175 1538 et
2205 1486 2323 1537 aliis
2355 1483 2680 1552 huiusmodi,
2711 1496 2829 1549 quae
2871 1494 3038 1533 cinna:
3070 1475 3332 1529 vocabulo
3359 1474 3557 1540 signiti-

1999 1590 2191 1628 cavere
2215 1576 2462 1628 convivia
2507 1574 2881 1626 instituuntur.
2927 1570 3004 1622 Ad
3056 1566 3361 1636 hujusntodi
3397 1567 3554 1630 igitur

2002 1669 2265 1730 convivia,
2299 1669 2492 1736 inquit,
2519 1667 2945 1736 quandocunque
2975 1664 3112 1715 sacri
3141 1660 3343 1713 ordinis
3375 1659 3550 1709 homi-

2001 1780 2096 1818 nes
2128 1775 2180 1817 et
2205 1765 2384 1816 clerici
2413 1762 2657 1816 advocati
2689 1760 2910 1819 l'uerint,
2945 1757 3031 1810 tibi
3067 1757 3296 1826 primum
3334 1757 3545 1820 thyme-

1998 1856 2129 1910 licos
2179 1857 2515 1923 ingressuros
2551 1851 3044 1915 animadverterint,
3077 1849 3174 1916 ipsi
3203 1854 3554 1913 consurgunt,

1997 1959 2161 2010 seque
2213 1945 2378 2010 illico,
2439 1944 2750 2012 priusquam
2812 1940 3015 1993 ludicra
3075 1937 3162 1990 illa
3204 1944 3257 1988 et
3311 1936 3554 1989 scurrilia

2000 2037 2339 2102 inchoentur,
2373 2038 2494 2090 inde
2521 2039 2843 2090 Subducant.

1996 2124 2224 2178 ARlS'l‘.
2274 2144 2291 2176 ι
2345 2124 2623 2178 Sacratunt
2649 2121 2867 2192 quidem
2918 2127 2972 2172 et
3026 2115 3286 2172 clericum
3345 2124 3558 2183 oportet

2073 2232 2092 2266 ι
2128 2215 2290 2268 etiam
2321 2225 2447 2270 ante
2477 2230 2695 2270 scenam
2721 2215 2890 2267 exire.
2930 2231 2948 2264 ι

2067 2305 2360 2361 Christiani
2410 2308 2474 2360 ad
2525 2309 2740 2377 nuptias
2787 2308 3060 2363 venientes
3091 2306 3331 2361 modeste
3367 2321 3417 2356 tn
3455 2302 3559 2354 illis

2001 2410 2214 2451 cceuare
2251 2408 2556 2463 monentur,
2592 2409 2774 2452 etnon
2827 2400 3023 2453 saltare
3064 2409 3154 2452 aut
3199 2399 3424 2458 ballare,
3461 2400 3558 2447 hoc

2000 2499 2104 2553 est,
2129 2504 2319 2544 manus
2349 2491 2600 2559 plaudere
2649 2503 2701 2544 et
2749 2509 2841 2562 per
2882 2509 2974 2547 eas
3025 2493 3304 2561 strepitum
3359 2492 3556 2542 facere.

2003 2581 2114 2636 Hoc
2166 2585 2308 2636 enim
2341 2582 2646 2637 Christiana
2703 2586 3085 2639 constitutione
3131 2595 3210 2638 est
3259 2582 3558 2651 indignum.

2004 2674 2072 2726 At
2101 2683 2337 2727 sacratos
2360 2690 2530 2742 neque
2555 2677 2860 2744 spectacula
2891 2677 2994 2729 ulla
3030 2677 3080 2735 in
3115 2676 3316 2744 nuptiis
3341 2675 3550 2736 videre,

2002 2764 2094 2816 sed
2121 2765 2428 2832 priusquam
2465 2766 2832 2835 ingrediantur
2863 2765 3173 2837 thymelici,
3221 2765 3369 2819 illinc
3402 2779 3553 2818 rece-

2002 2852 2131 2906 dere
2159 2863 2390 2922 oportet.

2590 2947 2820 3001 CANON
2854 2945 2963 3002 LV.

2009 3035 2189 3103 «Quou
2217 3055 2320 3093 non
2347 3049 2592 3108 oporteat
2615 3051 2852 3095 sacratos
2872 3050 2925 3095 et
2945 3041 3172 3096 clericos
3194 3056 3257 3095 ex
3281 3041 3562 3096 collatione

2082 3149 2099 3181 ι
2136 3131 2380 3183 convivia
2417 3146 2692 3201 peragere,
2721 3133 2816 3188 sed
2850 3149 3020 3204 neque
3043 3135 3227 3189 laicos.
3257 3152 3275 3184 ι

2075 3219 2270 3274 BALS.
2302 3220 2572 3276 Convivar
2632 3226 2906 3278 ebrietatis
2947 3241 3106 3280 causa
3153 3237 3252 3280 est.
3287 3224 3416 3278 Eam
3465 3241 3561 3279 au-

2007 3324 2111 3367 tem
2136 3326 2532 3383 consequuntur
2556 3317 2846 3385 petulantia
2873 3327 2925 3371 et
2945 3319 3228 3372 insolentia
3258 3335 3270 3372 :
3296 3334 3387 3373 eas
3413 3335 3560 3383 vero,

2006 3406 2124 3460 lites
2153 3415 2208 3461 et
2249 3406 2340 3461 Dei
2390 3417 2747 3477 contemptus.
2781 3408 3035 3464 Statuunt
3080 3428 3205 3476 ergo
3251 3411 3454 3478 Patres,
3496 3425 3554 3464 ut

2008 3517 2182 3570 neque
2212 3503 2434 3569 sacrati,
2471 3517 2643 3573 neque
2671 3505 2849 3557 clerici
2891 3519 3068 3574 neque
3103 3505 3257 3568 laici,
3301 3521 3363 3558 ex
3403 3505 3563 3558 colla-

2009 3595 2149 3649 tione
2176 3596 2416 3649 couvivia
2467 3596 2685 3648 faciant.
2721 3594 2971 3665 Συμϐολὴ
3003 3598 3148 3650 enim
3193 3606 3273 3650 est
3319 3598 3554 3661 collatio,

2007 3700 2036 3738 a
2068 3685 2232 3739 verbo
2274 3685 2586 3754 συμϐάλλω,
2614 3688 2753 3756 quod
2783 3685 3051 3756 signiﬁcat
3079 3687 3317 3742 confero.

2075 3864 2321 3921 ZONAR.
2351 3865 2416 3918 Et
2446 3881 2539 3920 eos
2566 3867 2656 3936 qui
2685 3867 2737 3921 in
2767 3881 2980 3922 sacrum
3027 3869 3270 3924 ordinem
3325 3875 3559 3940 coeptati

2005 3968 2153 4022 sunt,
2202 3971 2257 4012 et
2296 3957 2629 4013 Christianos
2678 3974 2883 4022 omnes,
2939 3960 3168 4015 honeste
3221 3962 3564 4032 graviterque

2006 4052 2167 4105 vitam
2201 4051 2479 4104 instituere
2510 4066 2604 4119 par
2642 4061 2745 4104 est.
2783 4047 2950 4120 Igitur
2982 4067 3048 4104 ex
3092 4053 3353 4121 symbols:
3393 4055 3564 4109 colla-

2008 4143 2172 4206 tione,
2198 4143 2300 4196 hoc
2323 4151 2424 4205 est,
2449 4159 2475 4194 a
2502 4143 2766 4210 pluribus,
2797 4153 2852 4196 ut
2877 4158 3074 4199 mensae
3100 4146 3378 4213 exquisitis
3395 4148 3565 4216 epulis

2005 4234 2361 4298 instruantur,
2405 4232 2569 4304 479
2620 4234 2843 4302 pecunia
2893 4234 3086 4289 collata
3127 4239 3366 4290 coovivia
3398 4254 3562 4308 appa-

2006 4325 2151 4389 rari;
2189 4328 2331 4393 quod
2363 4341 2424 4380 ea
2459 4341 2546 4380 res
2578 4325 2856 4380 ebrietatis
2892 4328 3311 4398 voracitatisque
3339 4345 3403 4384 ac
3440 4335 3565 4384 alio-

2008 4430 2123 4466 rum
2169 4414 2452 4467 criminum
2490 4429 2709 4470 causam
2760 4417 3030 4485 przebeat;
3079 4419 3224 4473 nullo
3275 4422 3432 4474 modo
3480 4425 3564 4476 hic

1939 4499 1981 4554 D
2010 4521 2183 4560 canon
2215 4507 2372 4558 licere
2401 4507 2659 4560 decernit.

2013 4597 2236 4652 ARIST.
2265 4617 2284 4651 ι
2314 4599 2565 4654 Convivia
2595 4615 2658 4654 ex
2690 4601 2898 4657 collatis
2922 4605 3174 4675 symbolis
3201 4623 3372 4678 neque
3399 4610 3567 4665 laicus

2089 4709 2104 4740 ι
2148 4705 2321 4758 neque
2353 4691 2576 4743 clericus
2612 4694 2920 4749 celebrabit.
2970 4715 2988 4746 ι

2079 4781 2502 4848 Cumpolaliunis
2530 4783 2698 4850 gratia
2730 4800 2827 4838 nec
2852 4786 3078 4842 clericus
3121 4804 3217 4844 nec
3258 4790 3425 4846 laicus
3456 4795 3565 4847 col-

2009 4872 2260 4929 latioaem
2294 4874 2472 4928 faciat.

2592 4967 2819 5024 CANON
2857 4971 2984 5027 LVI.

2018 5058 2225 5123 (Quod
2263 5074 2363 5111 nou
2394 5069 2603 5127 oportet
2648 5063 2984 5132 presbyteros
3036 5073 3157 5117 ante
3204 5066 3438 5134 episc0pi
3487 5067 3566 5120 in-

2086 5170 2103 5201 t
2148 5153 2364 5205 troitum
2394 5152 2596 5220 ingredi
2625 5161 2677 5205 et
2706 5155 2890 5206 sedere
2926 5155 2974 5207 in
3012 5157 3285 5222 sacrario,
3320 5160 3412 5213 sed
3449 5179 3566 5216 cum

2087 5265 2105 5296 ι
2146 5247 2398 5314 episcopo
2451 5246 2690 5313 ingredi;
2757 5247 2856 5298 nisi
2917 5246 3050 5302 forte
3102 5250 3413 5305 inﬁrmitate
3439 5254 3559 5306 deti-

2089 5356 2106 5387 ι
2153 5349 2363 5401 ueatur,
2397 5338 2479 5390 vel
2513 5353 2732 5407 peregre
2771 5341 3043 5406 prolectus
3092 5342 3161 5396 sit
3203 5344 3503 5412 cpiscopus.
3545 5365 3563 5396 ι

2079 5431 2271 5483 BALS.
2305 5429 2506 5483 Bonum
2537 5433 2748 5498 quidem
2779 5433 3019 5485 ordinem
3062 5434 3253 5502 ubique
3283 5451 3402 5490 esse
3457 5440 3555 5506 pul-

2012 5519 2200 5572 chrum
2227 5526 2308 5572 est
2344 5535 2358 5572 :
2389 5519 2482 5572 sed
2511 5517 2682 5572 multo
2719 5521 2886 5589 magis
2913 5522 2964 5574 in
2994 5522 3058 5577 iis
3081 5526 3168 5592 qui
3195 5536 3316 5579 sunt
3352 5530 3549 5581 sacrati

2018 5609 2083 5662 Et
2110 5609 2225 5664 ideo
2257 5608 2442 5664 Patres
2471 5611 2755 5678 prohibent
2790 5614 3150 5682 presbyteros,
3183 5631 3246 5668 ne
3268 5617 3563 5686 episcopum

2017 5712 2389 5765 contemnant,
2420 5711 2470 5754 et
2495 5713 2617 5754 ante
2644 5703 2759 5772 ejus
2820 5705 3094 5757 introitum
3153 5712 3445 5761 sacrarium
3497 5712 3577 5763 in-

2018 5794 2324 5862 grediantur
2353 5804 2403 5848 et
2449 5797 2665 5849 sedeant
2699 5814 2712 5861 ;
2745 5798 2836 5851 sed
2896 5813 2996 5850 una
3036 5815 3152 5851 cum
3208 5803 3452 5868 episcopo
3500 5806 3578 5855 iu-
