4178 6420
664 391 797 451 ltili:

1934 393 2024 446 l'l’i
2039 392 2201 448 Ιειυυ.
2237 391 2631 449 BALSAMUN

3774 385 3913 451 1410

654 512 887 555 troeant.
923 500 1075 566 Quod
1111 500 1156 554 si
1215 497 1337 567 quis
1400 498 1767 553 inﬁrmitatem
1824 502 2085 555 obtendat
2138 501 2218 553 vel

2330 503 2466 571 μετά
2491 503 2588 557 τοῦ
2617 506 2942 559 ἐπισκύπου.
3002 505 3093 566 Ὠς
3122 505 3181 557 δέ
3234 521 3375 566 τινος
3408 501 3727 575 ἀρρωστίαν
3773 518 3916 566 προ-

653 593 890 662 episcopi
929 590 1411 660 peregrinationem
1453 604 1467 642 :
1501 588 1750 643 dixerunt
1797 588 2063 657 ejusmodi
2092 603 2223 642 can-

655 704 743 738 sas
770 700 888 739 esse
903 684 1100 750 justas,
1128 689 1181 735 et
1232 680 1529 735 sacerdotis
1587 681 1640 733 in
1696 681 1922 735 chorum
1984 680 2219 751 priorem

654 782 943 829 adventum
980 789 1083 827 non
1122 773 1442 839 impediunt.
1520 762 1532 776 ’

722 865 981 921 ΖΟΝΑΒ.
1022 865 1301 918 Summam
1361 879 1391 917 a
1448 862 1586 916 sacri
1646 862 1855 917 ordinis
1912 862 2224 917 hominibus

656 963 930 1014 modestia:
962 959 1230 1012 rationem
1264 956 1449 1010 haberi
1484 955 1715 1008 maxime
1763 956 1937 1009 decet.
1988 953 2220 1025 Presby-

657 1074 799 1113 ιρι-οδ
833 1073 1015 1127 porro,
1042 1072 1150 1126 quo
1183 1067 1421 1122 tempore
1471 1055 1756 1121 episcopus
1803 1056 1866 1105 ad
1924 1051 2095 1105 altare
2133 1069 2222 1106 ac-

654 1170 905 1209 Cessurus
941 1164 1021 1206 est
1050 1192 1065 1211 .
1111 1160 1235 1203 ante
1266 1149 1409 1202 illum
1442 1149 1648 1216 ingredi
1688 1147 1867 1216 ibique
1911 1146 2098 1200 sedere
2124 1186 2139 1211 ,
2172 1155 2226 1197 ιιι

656 1252 805 1303 illum
830 1248 1001 1300 solum
1036 1244 1373 1309 relinquere,
1430 1254 1513 1293 aut
1569 1245 1724 1309 paulo
1777 1249 1896 1305 post
1944 1239 2222 1292 introitum

657 1342 834 1392 facere
863 1380 877 1400 ,
919 1335 1232 1402 petulantiae
1268 1332 1525 1401 quiddam
1580 1332 1889 1400 summique
1939 1328 2219 1382 sacerdotii

658 1438 1025 1496 contemptum
1060 1425 1318 1481 ostendit.
1360 1424 1414 1477 ld
1441 1440 1569 1493 ergo
1620 1436 1794 1477 canOu
1864 1421 1976 1474 lieri
2032 1430 2172 1474 vetat
2206 1438 2218 1472 :

656 1540 775 1576 cum
806 1523 1059 1590 episcopo
1090 1534 1218 1572 vero
1248 1515 1412 1571 simul
1453 1516 1657 1585 ingredi
1713 1516 2021 1568 sacerdotes
2048 1557 2061 1573 ,
2118 1512 2222 1566 nisi

656 1618 775 1684 quis
804 1615 943 1670 forte
977 1611 1293 1679 intemperie
1332 1649 1345 1670 .
1380 1608 1481 1661 hoc
1539 1617 1643 1671 est,
1682 1606 1997 1675 argriludinc
2045 1604 2221 1672 aliqua

657 1723 928 1770 teneatur,
986 1719 1159 1772 neque
1220 1702 1519 1768 longiorem
1581 1698 1759 1751 standi
1813 1712 2018 1750 moram
2084 1696 2223 1749 l'erre

655 1810 835 1870 qut-at,
873 1801 1133 1854 decernit.
1188 1794 1338 1860 Quod
1374 1792 1419 1845 si
1453 1792 1615 1845 etiam
1681 1804 1902 1859 peregre
1952 1788 2223 1857 profectus

656 1897 817 1947 fuerit
852 1894 1098 1954 antistes,
1143 1888 1389 1958 quamvis
1418 1884 1502 1937 alii
1562 1883 1694 1936 alios
1721 1922 1737 1946 ,
1776 1880 1902 1934 dum
1945 1882 2010 1933 ad
2058 1878 2225 1933 altare

658 1986 1055 2054 ingrediuntur,
1093 1987 1453 2038 antevertant,
1487 1973 1631 2027 nulla
1671 1986 1737 2026 ex
1764 1987 1828 2024 eo
1863 1985 2075 2025 summo
2135 1984 2221 2023 sa-

661 2081 868 2134 cerdoti
907 2080 1141 2143 irrogata
1180 2071 1373 2141 injuria
1400 2065 1819 2121 existimabitur.

662 2172 883 2227 ARIST.
924 2190 942 2221 ι
988 2169 1276 2236 Presbyter
1329 2160 1564 2215 tribunal
1618 2166 1744 2211 ante
1800 2156 2105 2225 episcopum
2159 2170 2226 2207 ne

745 2287 760 2316 ι
807 2263 1158 2333 ingrediatur,
1192 2271 1366 2322 neque
1391 2254 1599 2307 sedeat.
1641 2271 1657 2299 ι

739 2360 1005 2426 Episcopo
1036 2360 1304 2421 pnesente
1335 2356 1388 2400 et.
1419 2346 1759 2399 ministrante
1815 2348 1939 2394 ante
1985 2338 2101 2408 ejus
2144 2336 2229 2389 in-

666 2456 881 2503 iroitnm
918 2448 1199 2515 presbyter
1235 2440 1468 2494 tribunal
1508 2453 1611 2491 non
1645 2435 2011 2505 ingredietur,
2039 2439 2094 2483 et
2137 2444 2225 2482 sc-

663 2546 826 2599 tleltit.
866 2541 978 2594 lloc
1030 2540 1172 2593 enim
1223 2544 1304 2588 est
1355 2532 1561 2587 ordinis
1611 2524 1954 2584 conturbatio
2003 2535 2058 2578 et
2098 2536 2229 2576 con-

664 2641 821 2693 fusio.

1219 2713 1447 2770 CANON
1509 2710 1665 2765 LVII.

668 2840 685 2870 ι
729 2816 879 2883 Quod
912 2827 1017 2866 non
1050 2817 1264 2877 oportet
1295 2808 1344 2857 in
1374 2805 1505 2856 vicis
1559 2813 1613 2855 et
1664 2797 1974 2868 regionibus
2022 2796 2230 2865 episco-

740 2930 758 2961 ι
795 2924 889 2978 pos
937 2902 1210 2965 constitui,
1245 2902 1336 2953 sed
1371 2896 1688 2951 circuitores
1722 2912 1733 2946 :
1764 2906 1860 2946 eos
1882 2902 2061 2943 autem
2094 2929 2109 2953 ,
2133 2889 2226 2957 qui

743 3024 760 3054 ι
804 3002 954 3070 prius
977 2995 1251 3051 constituti
1285 2991 1521 3051 fuerunt,
1552 2986 1683 3040 nihil
1719 3000 1880 3052 agere
1936 2983 2053 3036 sine
2102 2997 2233 3036 con-

746 3114 764 3144 ι
800 3105 957 3145 sensu
1011 3083 1249 3153 episcopi
1311 3079 1569 3136 civitatis.
1628 3074 1891 3130 Similiter
1954 3082 2132 3126 autem
2177 3085 2231 3125 et

740 3198 758 3229 ι
802 3176 1144 3245 presbyteros
1216 3169 1346 3223 nihil
1398 3181 1558 3236 agere
1630 3165 1745 3217 sine
1801 3177 2061 3216 consensu
2117 3162 2299 3244 epi-c

741 3286 759 3317 ι
801 3280 974 3333 seupt.
1011 3280 1027 3312 ι

738 3358 933 3413 BALS.
961 3355 1064 3410 Alii
1103 3352 1320 3423 quidem
1356 3364 1592 3403 canones
1646 3350 1696 3402 in
1731 3350 1865 3404 vicis
1914 3358 1969 3403 et
1999 3343 2229 3413 regioni-

670 3458 768 3508 bus
826 3449 1242 3516 chorepiscnpos
1319 3454 1371 3496 et
1423 3442 1765 3513 presbyteros
1821 3437 2230 3496 constituendos

666 3546 991 3599 deﬁnierunt
1028 3559 1041 3594 :
1077 3552 1309 3608 prasens
1336 3550 1513 3588 autem
1546 3550 1715 3588 canon
1735 3535 1883 3603 jubet
1914 3533 2231 3588 circuitores

669 3636 805 3694 lict-1,
828 3643 880 3684 et
914 3644 1019 3682 non
1051 3628 1372 3697 episcopos;
1402 3642 1468 3678 ne
1503 3625 1732 3693 dignitas
1752 3623 2071 3692 episcopalis
2108 3621 2227 3673 νιΙὶς

666 3740 718 3779 et
752 3731 1059 3790 contempta
1096 3721 1306 3784 evadat,
1343 3726 1525 3785 utpote
1557 3732 1675 3768 cum
1709 3732 1812 3769 non
1849 3717 2040 3770 habeat
2061 3717 2228 3784 regio,

668 3820 718 3868 in
757 3832 857 3882 qua
886 3814 1163 3865 ordinatus
1189 3821 1271 3862 est
1319 3809 1621 3876 cpiscopus,
1656 3807 1933 3859 hominum
1990 3805 2231 3859 Inultitn-

665 3909 848 3961 dinem
879 3908 944 3957 ad
987 3903 1076 3956 Dei
1102 3912 1155 3953 et
1180 3902 1520 3970 episcopatus
1550 3901 1829 3953 honorem.
1875 3897 1930 3951 Si
1985 3899 2075 3967 qui
2133 3914 2228 3950 att-

670 4012 796 4060 tetn,
833 3996 1024 4065 inquit,
1060 4005 1182 4047 ante
1216 4008 1475 4045 cntionem
1510 4001 1634 4044 sunt
1665 3992 1716 4043 itt
1746 3992 1826 4043 bis
1860 3990 1993 4045 locis
2024 3989 2228 4044 consti-

670 4090 767 4140 tuti
804 4086 1060 4154 cpiscupi,
1096 4098 1164 4136 ne
1197 4084 1511 4151 ejiciantur;
1570 4082 1663 4134 sed
1711 4082 1889 4135 omnia
1943 4092 2229 4135 exerceant

667 4194 790 4232 rum
826 4177 1049 4229 scicntia
1083 4174 1504 4240 metrOpnlitani,
1535 4173 1623 4240 qui
1654 4188 1747 4225 eos
1782 4172 2065 4225 ordinavit.
2123 4172 2225 4225 Sed

667 4283 722 4323 et
746 4267 1065 4337 presbyteri,
1100 4265 1298 4333 inquit,
1326 4265 1458 4317 nihil
1485 4272 1645 4334 agant
1669 4263 1786 4317 sine
1818 4278 2079 4317 consensu
2112 4262 2228 4332 epi-

668 4363 835 4431 seopi.
866 4359 984 4412 llaec
1016 4360 1335 4411 decernente
1368 4372 1592 4420 canone,
1627 4355 1824 4410 dixerit
1862 4356 2127 4424 quispiam
2158 4371 2223 4408 ex

667 4456 785 4521 ejus
820 4452 1164 4520 intelligentia
1196 4450 1559 4516 conjecturam
1613 4447 1853 4513 faciens,
1904 4448 2041 4516 quod
2095 4462 2228 4512 quo-

2325 592 2651 660 ὁαλλομὲνου
2696 596 2729 663 ἢ
2778 597 3091 666 ἀποδημίαν
3117 596 3214 649 τοῦ
3258 597 3579 657 ἐπισκόπου,
3628 590 3793 644 εἷπον
3845 591 3916 643 τὰ

2321 686 2544 739 τοιαῦτα
2564 690 2711 741 αἴτια
2758 688 2954 756 εὔλογα
2984 679 3143 752 εἶναι,
3189 688 3282 740 καὶ
3310 691 3411 756 τὴν
3439 685 3671 755 πρόοδον
3700 684 3805 753 τὴν
3832 686 3915 743 εἰς

2323 778 2385 830 τὸ
2410 777 2559 848 βῆμα
2584 779 2680 831 τοῦ
2728 782 2915 850 ἱερέως
2954 782 3055 834 οὐκ
3084 779 3482 849 ἐμποδίζουσιν.

2395 872 2637 929 ΖΩΝΑΡ.
2672 876 2861 927 Ila.“
2903 873 3157 937 εὐταξίαν
3212 875 3271 925 ἐν
3324 876 3432 934 τοῖς
3467 869 3794 940 ίερωμένοις
3832 869 3917 919 δεῖ

2325 964 2723 1018 πολιτεύεσθαι,
2765 966 2839 1017 Τὸ
2864 966 2944 1025 δὲ,
2978 965 3074 1018 τοῦ
3104 964 3406 1018 ἐπισκόπου
3442 963 3735 1031 μέλλοντος
3762 962 3915 1011 εἰσο-

2324 1056 2499 1109 δεύειν
2564 1059 2642 1120 εἰς
2687 1058 2746 1110 τι
2810 1057 3237 1127 θυσιαστήριον,
3298 1058 3425 1117 τους
3489 1052 3914 1125 πρεσϐυτέρους

2325 1151 2776 1220 προεισέρχεσθαι
2832 1150 2927 1202 καὶ
2962 1148 3231 1218 καθῆσθαι
3277 1149 3411 1209 ἐκεῖ,
3456 1146 3715 1198 κάκεῖνον
3744 1142 3913 1212 μόνον

2324 1243 2495 1314 ὲᾴν,ἢ
2535 1242 2655 1311 μετ’
2681 1242 2860 1309 ὀλίγον
2888 1240 2987 1307 τὴν
3017 1240 3221 1292 εἴσοδον
3254 1242 3430 1290 ποιεῖν
3452 1280 3465 1296 ,
3496 1235 3731 1298 ἀταξίας
3760 1231 3908 1294 ἐστὶ,

2324 1337 2417 1390 καὶ
2450 1338 2529 1399 εἰς
2587 1336 2993 1403 καταφρόνησιν
3027 1332 3122 1385 τοῦ
3177 1331 3504 1403 ἀρχιερέως.
3542 1331 3632 1379 Διὸ
3697 1324 3911 1378 κωλύει

2321 1429 2481 1481 τοῦτο
2532 1431 2559 1481 ὁ
2588 1427 2806 1479 κανών⁶
2862 1426 3191 1480 συηισιὲναι
3223 1426 3281 1479 δὲ
3332 1426 3411 1492 τῷ
3455 1422 3747 1488 ἐπισκὸπῳ
3778 1421 3915 1480 τους

2326 1520 2489 1586 ἱερεῖς
2508 1519 2821 1588 διορίζεται,
2846 1520 2892 1570 εί
2925 1519 2998 1589 μή
3025 1518 3128 1571 πού
3149 1534 3233 1579 τις
3256 1515 3551 1585 ἀνωμάλως
3571 1515 3714 1583 ἔχει,
3738 1514 3917 1581 {nvo-av

2324 1609 2691 1681 νοσηλεύεται,
2718 1611 2812 1663 καὶ
2835 1610 2895 1662 ού
2923 1609 3148 1661 δύναται
3182 1608 3275 1661 ἐπὶ
3306 1608 3442 1660 πολὺ
3475 1604 3758 1659 ἵστασθαι.
3796 1602 3915 1655 Καὶ

2322 1703 2410 1756 ὅτε
2440 1702 2495 1768 δὲ
2532 1702 2802 1773 ἀποδημεῖ
2845 1705 2873 1754 ὁ
2895 1702 3207 1773 ἀρχιερεὺς,
3235 1701 3334 1753 οὐκ
3372 1701 3451 1761 εἰς
3486 1695 3919 1765 καταφρόνησιν

2324 1793 2489 1848 αὐτοῦ
2526 1795 2736 1863 γίνεται
2764 1795 2825 1846 τό
2853 1810 3007 1857 τινας
3036 1793 3146 1845 τῶν
3181 1792 3481 1863 ἀρχιερέων
3507 1792 3640 1852 ῐσως
3678 1802 3919 1859 προεισ-

2325 1886 2502 1940 ελθεῖν
2529 1888 2636 1940 τῶν
2658 1886 2836 1941 ἄλλων
2864 1887 2943 1949 είς
2969 1886 3027 1940 τὸ
3056 1885 3469 1953 θυσιαστήριον.

2325 2154 2549 2207 ΑΡΙΣΤ.
2596 2171 2615 2203 ι
2648 2152 3022 2223 Πρεσϐύτερος
3048 2155 3131 2215 εἰς
3166 2152 3315 2221 βῆμα
3346 2151 3451 2222 πρὸ
3474 2149 3568 2203 τοῦ
3599 2149 3917 2202 ἐπισκόπου

2651 2266 2669 2297 ι
2707 2247 2809 2298 οὐκ
2838 2247 3086 2306 εἴσεισιν,
3121 2246 3241 2296 οὐδὲ
3273 2244 3527 2313 κάθηται.
3561 2261 3581 2293 ι

2403 2339 2675 2407 Παρόντος
2704 2337 2800 2389 τοῦ
2835 2338 3135 2390 ἐπισκόπου
3162 2339 3255 2389 καὶ
3293 2334 3747 2405 λειτουργοῦντος
3800 2333 3915 2402 πρὸ

2328 2434 2424 2502 τῆς
2446 2432 2651 2484 εἰσόδου
2703 2431 2869 2484 αὐτοῦ
2913 2432 3013 2484 ούκ
3056 2431 3276 2502 εἰσέλθῃ
3320 2431 3694 2497 πρεσϐύτερος
3730 2432 3790 2480 ἐν
3832 2426 3915 2494 τῷ

2331 2526 2554 2596 βήματι,
2600 2525 2693 2578 καὶ
2722 2523 2957 2577 καθίσει.
3008 2523 3181 2577 Τοῦτο
3230 2524 3338 2593 γάρ
3389 2521 3590 2586 ἀταξία
3632 2523 3758 2574 ἐπὶ
3820 2522 3915 2571 καὶ

2331 2620 2616 2690 σύγχυσις.

2912 2709 3152 2763 ΚᾹΝΩΝ
3186 2710 3310 2761 NZ'.

2335 2825 2354 2857 ι
2397 2805 2521 2859 Ὀτι
2550 2807 2612 2859 οὐ
2666 2805 2747 2859 δεῖ
2792 2806 2850 2859 ἐν
2879 2805 2997 2865 ταῖς
3044 2801 3258 2870 κώμαις
3294 2800 3386 2852 καὶ
3438 2799 3495 2849 ἐν
3520 2800 3639 2861 ταῖς
3698 2797 3912 2864 χώραις

2403 2919 2422 2952 ι
2456 2898 2813 2953 καθίστασθαι
2871 2896 3251 2956 ἐπισκόπους,
3309 2892 3445 2947 ἀλλά
3510 2889 3908 2959 περιοδευτὰς’

2405 3012 2424 3045 ι
2457 2996 2581 3057 τοὺς
2613 2995 2793 3064 μέντοι
2827 2992 2925 3063 ἤδη
2952 2989 3501 3060 προκατασταθέντας
3524 2988 3699 3055 μηδὲν
3734 2986 3910 3051 πράτ-

2402 3104 2421 3135 σ
2460 3103 2575 3139 τειν
2601 3086 2728 3139 ἄνευ
2766 3085 2988 3155 γνώμης
3022 3083 3113 3135 τοῦ
3161 3083 3461 3134 ἐπισκόπου
3490 3079 3585 3131 τού
3622 3082 3682 3130 ἐν
3718 3082 3783 3146 τῇ
3814 3078 3913 3129 πό-

2405 3195 2425 3225 ι
2458 3176 2559 3228 λει.
2628 3174 2900 3235 Ὡσαύτως
2927 3174 2984 3225 δὲ
3025 3175 3115 3225 καὶ
3145 3173 3271 3233 τοὺς
3305 3170 3714 3239 πρεσϐυτέρους
3744 3169 3916 3237 μηδὲν

2407 3288 2425 3319 ι
2466 3268 2730 3332 πράττειν
2754 3267 2883 3319 ἄνευ
2913 3266 3013 3333 τῆς
3041 3266 3268 3333 γνώμης
3294 3263 3385 3315 τοῦ
3415 3263 3747 3314 ἐπισκόπου.
3793 3280 3811 3311 ι

2399 3360 2591 3412 ΒΔΛΣ.
2633 3358 2814 3411 ’Ἄλλοι
2845 3357 2943 3427 μὲν
2984 3357 3203 3417 κανόνες
3246 3357 3306 3407 ἐν
3333 3356 3451 3415 ταῖς
3478 3352 3699 3416 κώμαις
3734 3352 3832 3404 καὶ
3857 3353 3916 3403 ἐν

2326 3450 2437 3510 τοῖς
2475 3448 2692 3518 χωρίοις
2734 3447 3186 3517 χωρεπισκόπους
3219 3446 3315 3498 καὶ⁵
3368 3444 3785 3513 πρεσϐυτέρους
3814 3461 3917 3493 κα-

2330 3539 2611 3591 θίστασθαι
2660 3539 3018 3607 διωρίσαντοο
3049 3540 3078 3589 ὁ
3103 3537 3158 3589 δὲ
3188 3534 3376 3601 παρὼν
3410 3534 3598 3586 κανὼν
3625 3534 3919 3601 περιοδεύ-

2328 3633 2425 3693 τὰς
2451 3631 2896 3698 παρακελεύεται
2916 3629 3186 3694 γίνεσθαι,
3208 3630 3299 3679 καὶ
3335 3626 3407 3695 μὴ
3434 3626 3797 3686 ἐπισκόπους,
3831 3626 3920 3675 ἵνα

2330 3722 2403 3791 μὴ
2432 3723 2653 3790 γένηται
2687 3719 3158 3788 εὐκαταφρόνητος
3266 3714 3674 3785 ἀρχιερωσύνη,
3708 3715 3789 3776 ὡς
3842 3714 3920 3782 μὴ

2327 3813 2555 3882 ἐχούσης
2581 3814 2678 3881 τῆς
2714 3818 2898 3881 χώρας
2922 3813 2980 3863 ἐν
3080 3808 3463 3879 ἐχειροτονήθη
3515 3809 3542 3859 ὁ
3590 3808 3917 3867 ἐπίσκοπος.

2330 3904 2532 3973 πλῆθος
2584 3902 2887 3973 ἀνθρώπων
2935 3903 3015 3965 είς
3050 3902 3213 3970 τιμὴν
3261 3901 3360 3950 τοῦ
3392 3899 3527 3949 Θεοῦ
3564 3898 3785 3965 καὶτῆς
3814 3901 3920 3967 ἀρ-

2328 3991 2683 4062 χιερωσύνης.
2715 3992 2773 4044 El
2798 3992 2854 4043 δέ
2878 4007 3046 4054 τινες,
3083 3992 3251 4061 φησὶ,
3306 3989 3411 4057 πρὸ
3436 3988 3531 4039 τοῦ
3564 3990 3796 4051 κανόνος
3819 4008 3922 4040 κα-

2326 4084 2668 4154 τεστάθησαν
2694 4086 2752 4135 ἐν
2798 4088 2910 4146 τοῖς
2943 4084 3207 4145 τοιούτοις
3255 4083 3564 4143 ἐπίσκοποι,
3602 4083 3679 4152 μὴ
3713 4083 3923 4151 E2611;-

2328 4175 2577 4246 θήτωσαν
2600 4196 2612 4207 ·
2648 4176 2765 4231 ἀλλ’
2803 4176 3044 4227 ἔστωσαν
3077 4173 3430 4245 ἐνεργοῦντες
3461 4174 3530 4225 τὰ
3559 4175 3747 4225 πάντα
3780 4174 3922 4242 μετά

2328 4270 2585 4336 εἰδησεως
2614 4266 2705 4319 τοῦ
2754 4267 3231 4337 χειροτονήσαντος
3256 4264 3453 4327 αὐτοὺς
3480 4264 3920 4336 μητροπολίτου.

2340 4361 2502 4414 Ἀλλά
2547 4364 2641 4413 καὶ
2672 4359 2722 4411 oi
2766 4359 3153 4429 πρεσϐύτεροι,
3189 4362 3359 4428 φησὶ,
3402 4359 3570 4426 μηδὲν
3604 4358 3741 4411 ἄνευ
3772 4359 3919 4425 γνώο

2335 4469 2441 4521 μης
2471 4450 2564 4503 τοῦ
2606 4452 2908 4502 ἐπισκόπου
2940 4448 3547 4519 πραττέτωσαν.Ταύτα
3570 4449 3665 4500 τοῦ
3688 4451 3921 4513 κανόνος

670 4551 811 4601 niam
849 4547 913 4599 ad
947 4545 1036 4597 Dei
1066 4553 1120 4596 et
1146 4544 1485 4611 episcopatus
1518 4540 1685 4608 vergit
1709 4540 1963 4607 dedecus,
2013 4539 2057 4594 si
2109 4542 2226 4608 epi-

2332 4543 2717 4613 διοριζομένου,
2757 4540 2902 4593 εἴποι
2931 4557 3034 4604 τις,
3058 4544 3155 4608 τῆς
3178 4541 3384 4603 ἐννοίας
3418 4542 3610 4592 τούτου
3643 4559 3922 4595 καταστο-

668 4654 864 4706 sropns
895 4639 1084 4705 exiguo
1116 4635 1307 4703 populo
1333 4634 1533 4700 praesit.
1558 4643 1612 4687 et
1650 4632 1770 4686 ideo
1801 4643 2174 4686 contemnatur
2209 4650 2224 4687 :

672 4732 835 4782 multo
888 4729 1057 4797 magis
1110 4743 1212 4779 non
1252 4733 1333 4779 est
1368 4728 1431 4777 ad
1470 4725 1562 4778 Dei
1598 4725 1873 4788 honorem,
1910 4723 1953 4778 si
2004 4726 2229 4779 antis'tes

670 4831 884 4891 propter
908 4826 1270 4888 paupertatem
1300 4827 1388 4869 eat
1422 4818 1601 4885 pedes,
1632 4826 1685 4868 et
1715 4817 1951 4884 privetur
1979 4830 2227 4870 neerssa-

673 4913 783 4964 riis.
821 4910 1075 4973 Quocirca
1114 4906 1165 4959 in
1211 4905 1464 4969 Ecclesiis
1493 4901 1857 4958 Orientalibus
1884 4943 1899 4967 ,
1953 4906 2005 4958 in
2037 4903 2231 4975 Quintis

669 5019 773 5057 non
808 5000 1093 5053 admodum
1131 4997 1282 5051 multi
1340 4995 1685 5051 inveniuntur
1739 4995 2026 5050 Cbristiani
2057 5038 2072 5061 ,
2117 5001 2232 5066 epi-

669 5108 861 5161 scopos
895 5091 1015 5159 eligi
1042 5101 1212 5142 tntum
1244 5103 1346 5141 non
1381 5098 1484 5141 est.
1525 5088 1656 5141 Sunt
1680 5096 1858 5141 autem
1886 5089 2229 5155 circuitores,

670 5187 755 5253 qui
794 5184 954 5239 hodie
992 5187 1056 5234 ah
1087 5181 1352 5251 episcopis
1380 5192 1763 5250 promoventur
1788 5178 1953 5250 480
1991 5182 2232 5235 exarchi.

671 5275 731 5327 Hi
765 5275 907 5328 enim
932 5274 1381 5336 circumcursant,
1402 5281 1457 5325 et
1484 5270 1675 5325 delicta
1698 5276 1891 5326 animae
1925 5275 2232 5340 observant,

668 5382 718 5419 et
737 5367 918 5419 ﬁdeles
940 5367 1238 5433 pertiriunt.
1258 5365 1394 5432 Lege
1413 5365 1571 5417 etiam
1593 5373 1804 5418 sextum
1829 5381 2086 5421 canonent
2111 5368 2237 5422 Sar-

670 5460 900 5514 dicensis
920 5457 1129 5525 synodi.

2336 4634 2653 4704 χαζόμενος,
2681 4632 2777 4696 ώς,
2809 4633 2929 4684 ἐπεὶ
2959 4634 3152 4699 ἀτιμία
3181 4630 3273 4683 τοῦ
3305 4630 3439 4683 Θεοῦ
3478 4635 3570 4684 καὶ
3597 4632 3697 4700 τῆς
3734 4633 3925 4702 ἀρχιε-

2338 4725 2583 4797 ρωσύνης
2622 4725 2740 4777 ἐστὶ
2785 4726 2846 4776 τὸ
2879 4723 3240 4793 προΐστασθαι
3302 4724 3393 4775 τὸν
3424 4725 3737 4775 ἐπίσκοπον
3789 4726 3923 4777 λαοῦ

2335 4815 2535 4884 ὀλίγον,
2603 4814 2894 4869 κάντεῦθεν
2938 4811 3097 4866 ἐἷναι
3144 4814 3667 4883 εὐκαταφρόνητον·
3740 4816 3925 4885 πολλῷ

2332 4908 2497 4960 πλέον
2525 4908 2626 4959 ούκ
2676 4906 2830 4959 ἔσται
2857 4884 2995 4974 πρὶς
3024 4904 3188 4975 τιμὴν
3214 4906 3309 4957 τοῦ
3337 4904 3471 4956 Θεοῦ
3503 4906 3563 4956 τὸ
3600 4907 3742 4975 πεζῇ
3776 4884 3927 4975 βαδί-

2329 4999 2444 5063 ζειν
2466 4999 2730 5069 ἀρχιερέα
2773 4997 2860 5051 διὰ
2892 4999 3084 5049 πενίαν
3118 4998 3211 5049 καὶ
3244 4996 3557 5063 στερεῖσθαι
3597 4997 3713 5049 τῶν
3746 5002 3914 5064 ἀναγ-

2330 5092 2520 5145 καίων.
2548 5091 2708 5144 Ὅθεν
2738 5091 2797 5142 τὸ
2834 5090 3171 5159 ψηφίζεσθαι
3206 5089 3538 5148 ἐπισκόπους
3596 5090 3677 5150 είς
3710 5091 3921 5159 ἐκκλη-

2340 5185 2459 5246 σίας
2487 5184 2830 5246 ἀνατολικάς,
2874 5187 2954 5247 εἰς
3008 5183 3077 5247 ἃς
3127 5183 3337 5253 μέτριοι
3393 5185 3535 5236 πάνυ
3565 5187 3926 5254 εὑρίσκονται

2340 5276 2680 5348 Χριστιανοὶ,
2724 5277 2824 5329 οὐκ
2855 5275 3116 5343 ἀσφαλές.
3165 5275 3518 5346 Περιοδευταὶ
3576 5277 3636 5329 δέ
3682 5281 3832 5330 είσιν
3877 5282 3924 5331 οξ

2345 5372 2582 5441 σήμερον
2609 5366 3038 5439 προϐαλλόμενοι
3089 5370 3240 5439 παρὰ
3268 5369 3376 5421 τῶν
3408 5372 3730 5423 ἐπισκόπων
3768 5374 3929 5442 ἔξαρ-

2345 5481 2452 5533 χοι.
2484 5458 2641 5518 υῦτοι
2671 5464 2778 5533 γὰρ
2807 5463 3181 5533 περιοδεύουσι
3218 5465 3313 5516 καὶ
3359 5468 3685 5536 ἐπιτηροῦσι
3720 5472 3789 5522 τὰ
3822 5470 3927 5539 ψυ-

670 5554 799 5621 χιχᾶ
851 5552 1162 5618 σφάλματα,
1220 5550 1311 5601 καὶ
1362 5552 1743 5622 καταρτίςουσι
1778 5554 1905 5617 τοὺς
1960 5555 2223 5619 πιστούς·
2274 5557 2549 5625 ἀνάγνωθι
2603 5558 2814 5610 καὶτὸν
2868 5556 2920 5620 ς’
2968 5558 3169 5611 κανόνα
3222 5561 3322 5629 τῆς
3356 5562 3415 5612 ἐν
3481 5562 3729 5636 Σαρδικῇ
3800 5584 3926 5621 συν*

669 5646 810 5697 ὁδου.
1283 5638 1299 5663 ⁶

744 5733 992 5791 ZONAR.
1024 5736 1230 5791 Eximia
1257 5747 1339 5791 est
1366 5739 1563 5792 summi
1612 5739 1907 5795 sacerdotis
1959 5741 2187 5813 dignitas
2216 5762 2233 5802 :

671 5840 717 5881 at
757 5830 797 5881 si
827 5829 882 5880 in
918 5828 1064 5888 vico.
1099 5839 1186 5880 aut
1240 5829 1289 5882 in
1325 5828 1538 5898 regione
1565 5868 1579 5895 ,
1624 5828 1674 5882 iu
1708 5842 1811 5899 qua
1863 5845 2033 5900 neque
2076 5835 2237 5891 urbes

2417 5738 2664 5793 ΖΩΝΔΡ.
2701 5739 2774 5791 Τὸ
2801 5739 3182 5809 ἀρχιερατικδν
3233 5741 3453 5811 ἀξίωμα
3508 5745 3738 5815 ἔντιμόν
3772 5756 3887 5807 ἐπι
3912 5772 3925 5784 ο

2342 5831 2401 5885 τὸ
2420 5831 2475 5884 δὲ
2499 5833 2558 5884 ὲν
2604 5831 2763 5903 κώμῃ
2790 5830 2822 5902 ἢ
2851 5832 2909 5883 ἐν
2940 5831 3114 5902 χώρα,
3155 5831 3282 5886 ἔνθα
3335 5837 3413 5906 μὴ
3451 5838 3610 5902 πόλις
3646 5843 3765 5895 ἐστὶ
3799 5848 3927 5915 μηδὲ
