4178 6420
221 392 368 458 1417

1387 399 1466 458 ΙΝ
1507 400 1668 459 CAN.
1703 401 1828 464 LIX
1868 403 2075 463 CONC.
2107 407 2317 469 [ΑΘΒ.

3320 424 3454 488 1418

218 510 428 577 πλῆθος
456 508 778 579 ἀνθρώπων,
812 510 1052 578 γίνεσθαι
1096 510 1430 573 ἐπισκόπους
1457 514 1779 580 καταφρόνη-

1909 530 2079 584 neque
2113 517 2215 571 ulla
2244 519 2516 576 hominum
2538 523 2836 594 frequentia
2864 541 2968 595 est,
2995 534 3227 605 episc0pi
3257 544 3458 594 consti-

215 620 315 654 τον
346 603 442 670 τὴν
467 601 880 672 ἀρχιερωσύνην
915 605 1071 655 ποιεῖ.
1113 603 1200 654 Δι’)
1231 605 1322 654 καὶ
1363 605 1390 653 ό
1421 604 1603 655 κανὼν
1632 599 1786 665 οὗτος

215 693 418 743 κωλύει
449 696 628 754 τοῦτο,
672 694 697 745 ὃ
729 696 817 744 καὶ
858 695 886 745 6
917 694 1073 752 ἕκτος
1103 693 1283 745 κανὼν
1334 697 1433 762 τῆς
1467 695 1525 745 ἐν
1548 695 1782 762 Σαρδικῇ

219 785 446 836 συνόδου
477 785 786 846 διετάξατφ
837 785 1082 850 γίνεσθαι
1135 785 1190 837 δὲ
1219 785 1570 852 περιοδευτὰς
1601 787 1657 835 ἐν
1681 787 1788 836 κώ-

217 893 356 946 μαις
391 879 482 929 καὶ
528 877 733 946 χώραις
761 877 1152 931 διακελεύεται.
1205 878 1555 946 Περιοδευταὶ
1610 877 1663 929 δὲ
1697 878 1784 930 λέ·

216 955 552 1034 γονται,’διὰ
580 968 639 1019 τὸ
694 970 1079 1038 περιέρχεσθαι
1133 972 1224 1021 καὶ
1274 970 1626 1038 καταρτίζειν
1659 971 1785 1032 τοὺς

215 1059 465 1119 πιστοὺς,
501 1058 572 1124 μὴ
603 1057 814 1125 ἔχοντες
868 1057 1137 1128 καθέδραν
1165 1060 1390 1113 οἰκείαν.
1439 1060 1501 1111 Εἰ
1531 1060 1588 1112 δέ
1620 1077 1781 1122 τινες,

214 1150 374 1215 φησὶ,
410 1148 518 1217 πρὸ
549 1151 641 1199 τοῦ
676 1148 894 1212 κανόνος
945 1150 1353 1219 κατεστάθησαν
1381 1151 1436 1201 ἐν
1470 1153 1581 1207 τοῖς
1607 1149 1784 1201 τοιού-

214 1255 336 1298 τοις
391 1241 576 1301 τόποις
634 1240 946 1304 ἐπίσκοποι,
1005 1242 1170 1310 μηδὲν
1215 1241 1601 1310 πραττέτωσαν
1655 1241 1782 1294 ἄνευ

215 1329 442 1400 γνώμης
473 1331 567 1383 τοῦ
598 1333 895 1384 ἐπισκόπου
925 1334 1021 1399 τῆς
1047 1334 1270 1396 πόλεως,
1314 1332 1380 1384 δι’
1410 1325 1470 1384 οὗ
1514 1335 1784 1401 ἐχειροτο-

214 1421 482 1490 νήθησαν.
520 1422 625 1472 Καὶ
673 1424 719 1472 οἱ
754 1422 1110 1490 πρεσϐύτεροι
1159 1423 1214 1474 δέ
1254 1424 1407 1490 φησὶ,
1464 1423 1626 1492 μηδὲν
1654 1425 1781 1475 ἄνευ

214 1510 440 1582 γνώμης
465 1511 557 1564 τοῦ
589 1514 886 1565 ἐπισκόπου
919 1515 1327 1583 πραττέτωσαν.

207 1771 439 1826 ΑΡιΣΤ.
488 1790 505 1820 ι
533 1772 626 1833 Εἰς
651 1770 896 1842 κώμηνῆ
931 1773 1009 1833 εἰς
1043 1772 1238 1844 χωρίον
1276 1772 1570 1837 ἐπίσκοπος
1599 1775 1659 1825 οὐ
1685 1791 1781 1825 κα-

293 1884 313 1913 σ
345 1865 614 1941 θξσταται,
648 1865 781 1917 ἀλλὰ
805 1866 1151 1935 περιοδευτής
1175 1885 1188 1897 ο
1219 1869 1266 1919 εἰ
1296 1867 1352 1919 δέ
1395 1885 1476 1931 τις
1519 1870 1778 1936 κατέστη,
1813 1902 1854 1958 υ

293 1980 314 2007 ι
356 1960 427 2026 μή
471 1975 519 2009 τι
570 1957 838 2010 διοικείτω
888 1959 982 2014 τοῦ
1033 1960 1331 2022 ἐπισκόπου
1370 1959 1492 2031 δίχα
1543 1961 1637 2028 τῆς
1689 1960 1782 2012 πό-

289 2065 310 2096 ι
346 2048 497 2107 λεως.
521 2066 539 2096 ι

300 2139 389 2190 Ἐν
432 2140 595 2214 κώμῃ
623 2142 726 2193 τινὶ
764 2142 798 2212 ἢ
829 2144 921 2194 καὶ
973 2143 1201 2215 βραχεῖα
1229 2145 1402 2211 πόλει,
1435 2148 1493 2198 ἐν
1571 2147 1671 2226 ’καὶ
1700 2143 1779 2207 εἷς

206 2231 587 2301 πρεσϐύτερος
653 2235 918 2302 ἐπαρκεῖ,
966 2235 1065 2287 οὐκ
1126 2237 1422 2303 ἀναγκαῖον
1481 2238 1779 2292 ἐπίσκοπον

205 2322 482 2389 γίνεσθαι,
517 2322 606 2375 ἵνα
650 2324 724 2393 μὴ
760 2324 820 2376 τὸ
849 2324 944 2377 τοῦ
984 2326 1283 2380 ἐπισκόπου
1330 2329 1778 2396 κατευτελίζηται

203 2413 403 2480 ὄνομα,
424 2412 559 2465 ἀλλὰ
590 2413 958 2484 περιοδευτὰς,
1001 2415 1093 2476 οὓς
1123 2420 1216 2470 καὶ
1242 2415 1504 2489 ἐξάρχους
1539 2424 1778 2490 σήμερον

203 2504 594 2572 ὀνομάζουσιν,
641 2508 722 2569 είς
772 2507 1057 2578 διόρθωσιν
1090 2509 1199 2565 τῶν
1224 2510 1470 2581 ψυχικῶν
1527 2513 1778 2580 σφαλμά-

206 2614 323 2650 των
349 2597 664 2652 στέλλεσθαι
720 2599 777 2652 ἐν
798 2599 1008 2662 αὐταῖς.
1049 2599 1107 2653 El
1141 2601 1196 2653 δέ.
1229 2619 1371 2664 τινες
1402 2605 1775 2675 προεγένοντο.

204 2690 316 2758 τῆς
340 2690 504 2759 τιμῆς
547 2690 643 2760 μὲν
680 2692 1196 2760 μετακινείσθωσαν,
1248 2694 1412 2764 μηδὲν
1457 2694 1514 2748 δέ
1560 2713 1611 2747 τι
1660 2697 1780 2747 ἐπι-

207 2783 476 2835 σκοπικὸν
505 2782 877 2837 διοικείτωσαν
906 2784 1028 2855 δίχα
1078 2803 1144 2853 γν
1166 2788 1306 2857 ῖιμης
1333 2786 1426 2838 τοῦ
1475 2788 1777 2840 ἐπισκόπου

205 2874 316 2944 τῆς
349 2875 558 2939 πόλεως
590 2868 624 2948 ᾖ
650 2877 969 2930 ὑπόκεινται
1001 2872 1186 2934 αὗται.

793 2969 1031 3021 ΚΑΝΩΝ
1067 2971 1199 3024 Nll'.
1257 3032 1273 3044 _

208 3075 236 3112 ι
282 3058 402 3110 Ὀτι
422 3058 484 3110 οὐ
508 3057 590 3111 δεῖ
619 3060 674 3110 ἐν
701 3061 811 3122 τοῖς
833 3061 1000 3124 οἴκοις
1027 3061 1340 3133 προσφορὰν
1362 3063 1605 3132 γίνεσθαι
1626 3067 1779 3134 παρὰ

410 3136 416 3141 ’
528 3165 546 3198 ι
578 3149 890 3202 ἐπισκόπων
921 3149 954 3220 ἢ
991 3152 1399 3222 πρεσϐυτέρων.
1440 3172 1462 3207 ι

1895 614 2131 672 tuantur,
2162 626 2226 663 ex
2271 627 2334 664 eo
2375 617 2568 668 summi
2624 623 2908 676 sacerdotii
2961 627 3274 694 dignitatem
3323 635 3456 683 vile-

1891 710 2041 752 scere
2074 716 2291 758 necesse
2315 702 2493 758 fuerit.
2522 705 2750 764 Proinde
2783 713 2831 764 id
2873 730 2936 767 ne
2969 717 3056 768 ﬁat
3087 757 3101 779 ,
3140 730 3247 772 ltllll
3299 723 3457 790 hujus

1889 792 2114 844 canonis
2172 793 2429 859 decreto,
2499 808 2609 851 tnnt
2657 813 2810 856 sexto
2851 823 3062 876 quoque
3125 810 3459 867 Sardiccnsis

1890 883 2080 947 synodi
2111 898 2318 936 canone
2342 887 2690 942 Constitutum
2741 907 2824 947 cst
2858 914 2871 949 :
2909 898 3223 955 circnitnres
3248 920 3373 958 vero
3405 909 3455 960 in

1891 972 2040 1040 pagis
2085 985 2140 1028 et
2192 978 2503 1046 regionibus
2556 985 2818 1052 designari
2867 988 3064 1056 placet.
3126 993 3458 1050 Circuitores

1889 1075 2069 1119 autem
2097 1082 2157 1122 ex
2188 1084 2252 1124 eo
2278 1071 2404 1123 dicti
2438 1112 2453 1136 ,
2483 1076 2621 1140 quod
2656 1078 2836 1131 nullihi
2863 1085 3128 1149 [imprium
3157 1092 3338 1143 sedem
3372 1109 3457 1144 ca-

1890 1156 2238 1228 thedramqne
2261 1160 2536 1226 habentes,
2576 1165 2680 1220 huc
2704 1169 2900 1223 etilluc
2930 1172 3174 1228 ﬁdelibus
3205 1179 3254 1230 in
3282 1181 3456 1234 ollicio

1887 1248 2224 1305 continendis
2255 1265 2529 1320 vagentur.
2561 1256 2712 1321 Quod
2751 1261 2794 1313 si
2828 1271 2952 1316 ante
2988 1264 3127 1319 hunc
3169 1284 3454 1335 canouent,

1889 1336 2102 1404 inquit,
2162 1342 2212 1392 in
2259 1341 2523 1410 ejusmodi
2550 1348 2680 1402 locis
2707 1352 2942 1421 episcopi
2989 1355 3150 1425 aliqui
3177 1363 3455 1416 constituti

1885 1437 2045 1490 sunt,
2081 1429 2211 1483 nihil
2236 1433 2313 1486 eis
2337 1438 2581 1504 exsequi,
2614 1440 2820 1510 absque
2869 1445 2983 1512 ejus
3010 1485 3023 1507 ,
3058 1463 3086 1498 a
3145 1466 3251 1517 quo
3286 1456 3454 1507 creati

1884 1528 2029 1583 sunt,
2056 1522 2242 1575 urbani
2271 1526 2504 1593 episc0pi
2535 1522 2791 1586 facultate
2829 1551 3147 1591 concessum
3185 1541 3272 1595 sit.
3300 1542 3455 1607 Quod

1885 1609 2024 1661 idem
2050 1651 2065 1672 ,
2106 1622 2167 1664 ut
2217 1629 2283 1668 ne
2333 1617 2460 1684 quid
2515 1621 2720 1674 scilicet
2749 1625 3052 1680 inconsulto
3085 1634 3338 1702 episcopo
3376 1635 3457 1688 fa-

1883 1700 2050 1763 ciant,
2077 1719 2103 1754 a
2137 1709 2510 1764 sacerdotibus
2549 1727 2760 1783 quoque
2796 1719 3000 1771 servari
3033 1722 3228 1788 placet.

1884 1788 2106 1848 ARIST.
2137 1814 2156 1847 ι
2196 1797 2247 1850 In
2285 1800 2404 1852 vico
2436 1803 2516 1855 Vel
2554 1820 2685 1870 pago
2720 1811 3005 1878 cpiscopus
3034 1828 3139 1865 non
3173 1816 3455 1871 constitui-

1965 1902 1983 1934 ι
2023 1896 2109 1940 tur
2136 1929 2151 1954 ,
2178 1892 2270 1944 sed
2312 1893 2589 1950 circuitor.
2627 1897 2681 1951 Si
2713 1901 2832 1967 quis
2864 1915 3038 1956 autem
3065 1909 3416 1961 constituitur
3437 1948 3452 1971 ,

1963 1995 1981 2026 ι
2019 1979 2136 2032 sine
2167 1985 2418 2053 episcopo
2449 1989 2679 2043 civitatis
2711 1993 2843 2045 nihil
2890 1997 3248 2052 adtuinislret.
3286 2020 3304 2050 ι

1963 2161 2021 2218 In
2058 2164 2173 2217 vico
2203 2176 2256 2218 et
2285 2168 2411 2221 urbe
2433 2172 2625 2237 exigua
2668 2175 2716 2226 in
2750 2191 2850 2243 qua
2902 2189 2954 2228 et
2988 2194 3124 2232 unus
3173 2183 3451 2252 presbyter

1887 2253 2134 2319 suﬂiciat,
2165 2271 2271 2313 non
2300 2273 2520 2318 necesse
2540 2269 2622 2314 cst
2662 2262 2965 2332 episcopum
3016 2268 3126 2319 lieri
3161 2308 3174 2331 ,
3220 2283 3286 2321 ne
3335 2269 3452 2337 epi-

1802 2392 1810 2399 .
1888 2347 2036 2414 scopi
2091 2361 2284 2400 nomen
2339 2349 2614 2414 elevetur,
2669 2355 2762 2406 sed
2805 2355 3142 2424 periodeutas
3189 2360 3301 2413 sive
3345 2361 3449 2414 cir-

1886 2439 2140 2502 cuitorcs,
2177 2454 2310 2507 quos
2333 2449 2386 2494 et
2416 2444 2679 2499 exarchos
2706 2445 2866 2498 hodie
2896 2449 3194 2512 nominaut,
3229 2452 3290 2504 ad
3339 2453 3449 2520 spi-

1890 2527 2155 2580 ritualium
2187 2540 2533 2596 peccatorum
2565 2534 2954 2588 correctionem
2986 2537 3036 2622 i.n
3065 2553 3157 2592 cas
3184 2540 3343 2596 mitti.
3390 2541 3446 2595 Si

1886 2619 1975 2688 qui
2009 2630 2185 2672 autem
2216 2630 2372 2673 antea
2408 2621 2532 2675 lacti
2563 2622 2793 2689 fuerant,
2825 2619 3026 2681 honore
3053 2630 3263 2697 quidem
3301 2648 3451 2687 amo-

1888 2721 2133 2774 veantnr,
2166 2727 2262 2765 nec
2304 2711 2502 2779 aliquid
2548 2715 2854 2785 episcopale
2907 2721 3286 2777 administrent
3334 2726 3450 2780 sine

1885 2803 2144 2872 episcopi,
2171 2803 2260 2870 qui
2294 2804 2495 2858 civitati
2524 2805 2608 2859 cui
2635 2806 2750 2863 ista:
2776 2809 3061 2878 subjacent
3116 2826 3325 2882 przcest,
3360 2834 3450 2873 vo-

1886 2894 2111 2951 Inutate.

2432 2996 2659 3054 CANON
2709 3000 2893 3057 LVIII.

1893 3095 1912 3129 ι
1943 3076 2094 3144 Quod
2123 3097 2225 3136 non
2261 3099 2470 3154 oportet
2499 3091 2549 3143 in
2587 3092 2833 3148 domibus
2862 3094 2974 3149 licri
3025 3097 3348 3155 oblationem
3379 3101 3447 3152 ab

2239 3195 2257 3227 ι
2295 3180 2560 3248 episcopis
2583 3185 2662 3238 vel
2691 3187 3034 3257 presbyteris.
3077 3209 3094 3241 ι

273 3239 472 3292 ΒΔΛΣ.
513 3240 682 3292 Τοῦτο
733 3240 1048 3311 ἐξεχωρήθη
1103 3243 1210 3295 ἀπὺ
1260 3245 1480 3315 Νεαρᾶς
1512 3246 1607 3301 τοῦ
1631 3248 1779 3320 βασι-

1955 3261 2150 3319 BALS.
2182 3266 2294 3322 IIoc
2326 3272 2649 3338 permissum
2684 3239 2766 3331 est
2794 3293 2821 3331 a
2851 3239 2976 3332 Iiov.
3001 3283 3063 3333 lla
3107 3285 3448 3352 imperatoris

205 3330 350 3394 λὲως
405 3329 574 3398 κυροῦ
605 3331 829 3393 Λέοντος
852 3331 948 3385 τοῦ
977 3331 1170 3402 Σοφοῦ.
1213 3335 1512 3404 Ἀνὰγνωθι
1539 3339 1630 3390 καὶ
1661 3357 1784 3394 σνν-

205 3421 334 3472 ὀδου
364 3425 416 3482 ς’
439 3420 636 3473 κανόνα
655 3419 734 3472 λα’
765 3423 859 3476 καὶ
897 3422 996 3477 VG’.

285 3508 525 3565 ΖΩΝΑΡ.
551 3511 818 3581 Εὗχεσϐαι
853 3516 951 3584 μὲν
981 3519 1258 3590 πανταχοῦ
1289 3521 1416 3586 τοὺς
1461 3528 1685 3590 πιστοὺς
1717 3529 1778 3581 οὐ

205 3602 540 3670 κεκώλυται,
591 3607 685 3657 καὶ
736 3607 793 3658 ἐν
843 3609 1029 3674 οἷκοις,
1077 3612 1172 3664 καὶ
1223 3614 1282 3664 ἐν
1334 3615 1545 3685 ἀγροῖς,
1597 3619 1692 3673 καὶ
1720 3621 1779 3672 ἐν

207 3694 379 3747 παντὶ
411 3694 558 3764 τόπῳ
613 3695 711 3764 τῆς
741 3696 1060 3764 δεσποτείας
1092 3701 1256 3754 αὑτοῦ
1277 3718 1291 3732 ο
1325 3705 1658 3776 προσφέρειν
1690 3709 1769 3774 δέ,

203 3787 378 3855 ἤγουν
412 3788 779 3858 προσκομιδὴν
813 3793 1006 3857 ποιεῖν,
1036 3794 1085 3862 ει
1137 3795 1211 3865 μὴ
1236 3795 1294 3847 ἐν
1326 3796 1439 3866 ναῷ
1469 3800 1562 3851 καὶ
1594 3803 1778 3856 θυσια-

205 3877 420 3946 στηρίῳ
467 3878 526 3929 οὑ
555 3877 652 3930 δεῖ.
695 3877 831 3933 Οὔτε
862 3879 955 3935 οὖν
1005 3883 1328 3951 ἐπισκόποις
1371 3887 1498 3942 οὔτε
1530 3892 1777 3959 πρεσϐυ-

203 3969 391 4037 τέροις
425 3973 746 4040 παραχωρεῖ
777 3971 938 4025 τοῦτο
966 3977 1164 4029 ποιεῖν.

200 4148 426 4203 ΑΡΙΣΤ.
473 4167 492 4200 ι
549 4150 871 4216 Ἐπίσκοπος
920 4154 952 4223 ἦ
994 4156 1363 4229 πρεσϐύτερος
1389 4163 1468 4224 είς
1511 4167 1658 4215 οἰκον
1697 4166 1772 4233 μὴ

739 4263 757 4296 ι
800 4248 1177 4317 προσφερέτω.
1215 4269 1234 4302 ι

282 4333 372 4394 Εἰς
407 4328 615 4406 οἷκονὴ
664 4337 1002 4405 ἀναίμακτος
1054 4340 1116 4392 οὐ
1163 4341 1400 4395 τελεῖται
1434 4345 1594 4398 ουσία
1649 4347 1770 4401 οὕτε

198 4427 334 4494 παρ’
362 4428 660 4478 ἐπισκόπου
696 4429 727 4498 ἦ
758 4430 1129 4502 πρεσϐυτέρου
1153 4449 1166 4462 ·
1197 4434 1313 4486 ἀλλ’
1338 4437 1395 4489 ἐν
1416 4440 1479 4507 τῇ
1509 4437 1769 4511 καθολικῇ

196 4515 467 4588 ἐκκλησίᾳ
520 4520 851 4589 προσφέρειν
884 4521 984 4576 δεῖ.
1023 4523 1164 4594 Πλὴν
1195 4527 1222 4576 6
1272 4528 1586 4594 τριακοστὸς
1621 4532 1770 4601 πρώ-

196 4623 294 4668 τος
326 4609 505 4658 κανὼν
529 4610 625 4677 τῆς
675 4610 732 4660 ἐν
783 4609 858 4680 τῷ
881 4593 1136 4682 Τρούλλω
1188 4593 1352 4684 ἕκτης
1390 4617 1608 4669 συνόδου
1643 4593 1773 4686 σύγ-
1803 4593 1846 4648 D

196 4698 370 4766 χωρεῖ
421 4697 559 4749 κατᾶ
613 4697 839 4767 γνώμην
890 4699 982 4763 τοῦ
1021 4701 1322 4758 ἐπισκόπου
1401 4707 1496 4759 καὶ
1545 4709 1603 4760 ἐν
1660 4712 1774 4772 τοῖς

194 4790 510 4860 εὐκτηρίοις
539 4791 709 4854 οἴκοις
737 4795 852 4856 τοῖς
883 4794 1032 4850 ἔνδον
1081 4799 1262 4861 οἰκίας
1312 4802 1641 4871 τυγχάνουσι
1667 4804 1776 4861 λει-

193 4882 454 4950 τουργίας
479 4881 750 4936 τελεῖσθαι
774 4895 788 4910 ⁸
828 4883 1111 4957 βάπτισμα
1133 4887 1193 4941 δέ
1226 4889 1352 4957 μηδ’
1375 4891 1510 4955 ὅλως
1533 4911 1546 4924 ·
1570 4893 1686 4946 ἀλλ’
1716 4897 1773 4948 ἐν

191 4975 314 5034 ταῖς
349 4974 664 5036 καθολικαῖς
685 4977 778 5027 καὶ
809 4977 997 5045 μόναις
1031 4979 1350 5050 ἐκκλησίαις
1381 4984 1476 5036 τοῦ
1502 4986 1770 5056 ἀχράντου

193 5059 585 5122 καταξιοῦσθαι
618 5064 963 5133 φωτίσματος
980 5068 1106 5132 τοὺς
1144 5070 1435 5140 μέλλοντας
1468 5072 1768 5146 βαπτισθῆ-

192 5167 317 5203 ναι·
350 5151 423 5215 ὡς
478 5155 506 5206 ὁ
537 5159 899 5223 πεντηκοστὸς
945 5159 1165 5226 ἕννατος
1217 5168 1397 5246 κατιὼν
1447 5167 1543 5238 τῆς
1593 5169 1764 5239 αὐτῆς

195 5243 417 5295 συνόδου
443 5243 820 5314 διαλαμϐάνει.

770 5341 1008 5393 ΚΑΝΩΝ
1063 5343 1191 5400 ΝΘ’.

199 5445 218 5480 ι
260 5427 381 5480 Ὀτι
433 5428 492 5480 οὐ
525 5427 605 5483 δεῖ
644 5430 942 5497 ἰδιωτικοὺς
988 5435 1235 5506 ψαλμοὺς
1272 5442 1386 5513 (74)
1419 5445 1668 5516 λέγεσθαι
1705 5456 1762 5504 ἐν

1886 3356 2085 3412 domini
2119 3359 2316 3416 Leonis
2346 3361 2638 3434 Sapientis.
2662 3366 2802 3438 Lege
2830 3381 2883 3426 et
2906 3375 3092 3444 synodi
3123 3392 3353 3433 canones
3381 3380 3440 3432 3t

1883 3457 1938 3502 et
1971 3450 2061 3506 59.

1955 3541 2206 3597 ZONAR.
2237 3545 2345 3598 Deo
2382 3548 2710 3619 supplicare,
2740 3556 3250 3627 precationibusque
3275 3561 3448 3615 inlen-

1885 3642 1967 3694 tos
1996 3651 2133 3703 esse,
2167 3636 2469 3708 ubicunque
2496 3649 2606 3695 tum
2643 3643 2694 3697 in
2727 3645 2972 3705 domibus
2998 3688 3012 3711 ,
3049 3660 3157 3702 tum
3196 3652 3248 3704 in
3282 3669 3444 3724 agro,

1883 3732 1992 3778 tum
2022 3725 2073 3781 iu
2106 3728 2253 3782 omni
2285 3727 2402 3783 loco
2429 3731 2807 3791 dominationis
2850 3739 2966 3805 ejus
2993 3779 3006 3801 ,
3045 3740 3285 3796 lidelibns
3315 3759 3445 3798 cou-

1881 3830 2091 3871 cessum
2141 3829 2222 3872 est
2251 3836 2266 3876 :
2300 3819 2494 3877 offerre
2524 3836 2701 3880 autem
2754 3827 2866 3882 sive
2908 3829 3273 3899 oblationem,
3313 3849 3449 3902 pra--

1883 3915 2120 3976 tet-quam
2157 3914 2207 3963 in
2238 3914 2434 3982 templo
2460 3925 2513 3968 et
2550 3916 2703 3972 altari
2733 3956 2747 3979 ,
2787 3933 3048 3989 peragere
3106 3939 3444 3994 nequaquam

1879 4009 2111 4067 oportet.
2146 4000 2377 4057 Proinde
2427 4020 2490 4059 ea
2545 4006 2799 4064 facultate
2849 4013 3053 4079 pariter
3097 4015 3360 4086 episcopis
3392 4030 3447 4073 et

1880 4091 2210 4162 presbyteris
2234 4094 2581 4151 interdictum
2617 4114 2738 4154 esse
2770 4117 2939 4160 canon
2969 4105 3230 4161 decernit.

1879 4181 2101 4238 ARIST.
2131 4204 2148 4236 ι
2190 4188 2484 4258 Episcopus
2512 4193 2588 4244 vel
2616 4197 2896 4264 presbyter
2924 4197 2974 4251 in
2995 4201 3217 4268 privatis
3239 4205 3442 4259 aedibus

2459 4301 2477 4334 ι
2517 4300 2581 4338 ne
2609 4284 2820 4340 olIetat.
2855 4309 2873 4340 ι

1951 4371 2010 4422 In
2044 4371 2202 4425 domo
2236 4371 2578 4430 incruentum
2606 4394 2710 4432 non
2744 4383 3022 4448 peragitur
3074 4387 3400 4442 sacriﬁcium
3427 4431 3443 4454 ,

1878 4475 1976 4514 nec
2007 4464 2075 4515 ab
2104 4465 2356 4534 episc0po
2386 4483 2483 4521 nec
2536 4472 2852 4542 presbytero
2879 4512 2896 4537 ,
2933 4479 3025 4529 sed
3081 4480 3132 4530 in
3182 4481 3443 4535 catholica

1875 4552 2091 4607 ecclesia
2126 4555 2321 4614 θεῖοι-το
2351 4571 2582 4627 oportet.
2611 4563 2715 4618 Sed
2743 4567 3044 4622 tricesimus
3076 4573 3280 4638 primus
3316 4591 3444 4627 Sex-

1878 4653 1944 4696 ta:
1992 4644 2043 4696 in
2088 4643 2270 4699 Trullo
2300 4650 2488 4718 synodi
2519 4664 2691 4706 canon
2728 4658 3021 4724 permittit,
3065 4662 3317 4730 episcopo
3355 4680 3443 4717 ιο-

1874 4736 2040 4800 lente,
2073 4747 2123 4788 et
2153 4738 2204 4791 in
2235 4741 2441 4794 mdibus
2474 4746 2718 4800 oratoriis
2760 4762 2880 4815 qua:
2914 4762 3038 4804 sunt
3069 4753 3207 4807 intra
3233 4758 3442 4820 domos.

1871 4844 2026 4883 sacra
2055 4831 2355 4885 ministeria
2389 4821 2670 4904 peragere,
2714 4840 3040 4909 baptismum
3103 4862 3282 4902 ament
3340 4869 3442 4904 non

1869 4923 2126 4988 omnino;
2160 4925 2252 4978 sed
2282 4941 2374 4980 eos
2403 4929 2492 4996 qui
2525 4931 2827 4999 baptizandi
2879 4950 3041 5004 sunt,
3078 4942 3128 4994 in
3163 4945 3443 5000 catholicis

1870 5021 1924 5066 et
1954 5014 2084 5068 solis
2117 5017 2362 5072 ecclesiis
2396 5020 2669 5089 impolluta
2699 5027 3091 5085 illnminatione
3130 5035 3320 5104 dignos
3352 5040 3440 5091 ha-

1869 5103 2024 5168 beri,
2078 5114 2132 5158 et
2183 5107 2663 5178 quinquagesimus
2734 5133 2907 5172 ttontts
2957 5103 3209 5186 ejusdem
3250 5128 3440 5194 synodi

1869 5197 2075 5250 statuit.

2448 5383 2675 5438 CANON
2711 5386 2838 5439 LI.\'.

1877 5480 1894 5512 ι
1933 5463 2084 5529 Quod
2139 5482 2244 5522 non
2279 5483 2492 5540 oportet
2532 5478 2770 5543 privatos
2817 5482 3053 5549 psalmos
3102 5486 3154 5539 in
3202 5487 3438 5544 Ecclesia

1412 5583 1600 5648 Guill.
1635 5591 1958 5675 Beveregii
2004 5609 2190 5664 notae.

263 5666 374 5755 (ΞΔ)
407 5669 532 5722 Ὀτι
556 5674 627 5755 οὐ
656 5673 751 5739 δεῖ
775 5676 1101 5755 ἰδιωτικοὺς
1127 5684 1426 5752 ψωμούς.
1464 5686 1749 5755 ΒοΙεειιηοη

189 5736 526 5828 εξῌΖυιιαηιε
561 5736 673 5825 haec
709 5748 867 5828 verba
892 5748 984 5828 ,ἀοι
1023 5736 1207 5806 nescio
1245 5736 1442 5822 quibus
1477 5736 1752 5828 Solomoni

189 5811 420 5877 aliisque
442 5814 691 5881 ascriptis
715 5811 934 5884 psalmis
973 5811 1435 5893 interpretantur;
1474 5811 1762 5902 sed

513 5913 770 5971 ΡΑτιιυις
811 5917 924 5974 iis.
961 5917 1063 5977 CX
1079 5920 1124 5977 Χ
1141 5919 1317 5979 XVII.

1856 5699 2142 5794 (ll-equidem
2172 5705 2434 5794 trimi-cnes].
2470 5718 2964 5794 v.0centur,lp_salmi
2997 5721 3174 5789 potius
3199 5738 3229 5778 a
3259 5727 3438 5794 priva-

1861 5771 1932 5831 tis
1967 5774 2249 5858 personis,
2285 5781 2581 5858 veluipsius
2612 5771 2850 5858 concilii
2886 5771 3130 5858 tempore
3167 5771 3436 5853 vel'antca

1871 5845 2180 5910 compositi,
2234 5845 2565 5921 intelligendi
2613 5869 2756 5911 sunt.
2794 5845 3084 5916 Ρῑίιιιίιῖναε
3115 5845 3291 5918 mihi

2937 5953 3012 6014 45
