4178 6420
181 377 319 442 Τ429
491 433 499 456 ,

253 604 272 637 t
319 588 699 658 ἀκοινώνητος.
747 611 766 643 ι

275 682 317 730 0
357 679 547 748 παρὼν
579 682 760 735 κανὼν
792 687 890 747 τὰς
932 688 1249 755 μεταθέσεις
1284 692 1391 743 τῶν
1426 695 1742 749 ἐπισκόπων

173 767 309 828 ὁλως
341 770 400 820 οὐ
438 775 708 836 συγχωρεῖ
739 773 1021 841 γίνεσθαι·
1062 779 1197 831 ἀλλὰ
1234 783 1328 832 καὶ
1361 784 1408 834 εί
1441 784 1741 850 γένωνται,

173 858 462 926 αὐστηρῶς
488 863 613 922 τοὺς
643 865 1098 930 μετατιθεμένους
1129 870 1365 932 κολάζει.
1399 875 1746 928 Καταλαϐόνο

173 967 264 1004 τες
296 953 402 1017 γὰρ
433 953 482 1002 οί
518 954 755 1024 Πατὲρες
785 957 843 1020 ἐξ
872 959 1035 1011 αὑτοῦ
1065 961 1159 1012 τοῦ
1193 965 1517 1031 πράγματος
1549 967 1620 1027 ὡς
1655 968 1746 1019 ού-

202 1043 284 1102 εἳς
311 1043 419 1092 τῶν
450 1045 764 1099 ἐπισκόπων
793 1047 898 1099 ἀπὸ
933 1051 1136 1113 πόλεως
1175 1053 1420 1120 μείζονος
1454 1058 1531 1116 είς
1563 1056 1742 1125 ἐλαχι-

174 1133 440 1198 στοτέραν
486 1135 640 1186 πόλιν
686 1139 1048 1208 μετατεθῆναι
1091 1144 1414 1208 σπουδάζει,
1458 1146 1593 1197 ἀλλὰ
1638 1147 1746 1199 ἀπὸ

177 1225 381 1290 μικρᾶς
421 1227 628 1287 πόλεως
663 1229 756 1279 ἐπὶ
797 1229 1135 1300 ὑψηλοτέραν
1175 1235 1326 1288 πόλιν
1365 1237 1537 1288 ἐθέλει
1578 1254 1744 1306 μγεταο

174 1315 348 1384 τηδᾷν
391 1315 477 1368 διὰ
525 1319 843 1382 ἀλαζονείαν
888 1325 980 1375 καὶ
1030 1325 1360 1394 πλεονεξίαν,
1408 1329 1613 1397 ὥρισαν
1655 1329 1746 1380 τὸν

171 1407 414 1459 τοιοῦτον
449 1410 582 1477 μηδὲ
617 1411 804 1464 λαῖκοῦ
837 1417 1127 1469 κοινωνίαν
1160 1419 1303 1488 ἔχειν
1324 1459 1340 1483 ,
1374 1421 1508 1492 ἀλλὰ
1542 1421 1640 1472 σὺν
1670 1422 1747 1490 τῷ

173 1499 554 1570 καθαιρεῖσθαι
583 1504 674 1555 καὶ
704 1505 1090 1573 ἀφωρισμένον
1119 1506 1279 1562 εἶναι.

786 1598 1022 1649 ΚΑΝΩΝ
1059 1600 1130 1654 B’.

178 1699 197 1730 ‹
247 1677 308 1733 Ei
343 1682 399 1734 δέ
432 1701 516 1745 τις
547 1686 785 1750 τοιοῦτος
820 1690 1127 1758 εὑρίσκοιτο
1166 1693 1437 1766 μανιώδης
1471 1697 1502 1765 ἢ
1540 1699 1743 1766 τολμη-

247 1794 266 1824 t
315 1776 425 1844 ρὺς,
472 1778 546 1840 ὡς
589 1782 714 1846 περὶ
758 1781 864 1832 τῶν
904 1783 1163 1838 τοιούτων
1204 1786 1352 1848 δόξαι
1394 1790 1515 1841 τινὰ
1561 1792 1745 1859 φέρειν

249 1884 268 1916 ε
316 1870 678 1938 παραίτησιν,
718 1873 1198 1943 διαϐεϐαιούμενος
1236 1880 1342 1933 ἀπὸ
1377 1882 1468 1934 τοῦ
1509 1884 1744 1953 πλήθους
1778 1893 1819 1946 Β

253 1975 271 2006 ι
320 1959 453 2026 πρὸς
481 1953 673 2013 ἑαυτὸν
700 1965 1022 2033 κεκομίσθαι
1049 1971 1354 2038 γράμματα
1374 1991 1386 2002 ·
1416 1972 1574 2043 δῆλόν
1599 1978 1748 2028 ἐστιν

249 2064 269 2096 ‹
316 2048 524 2116 ὀλίγους
563 2058 713 2114 τινας
751 2054 1092 2125 δεδυνῆσθαι,
1133 2062 1307 2131 μισθῷ
1347 2064 1442 2116 καὶ
1479 2067 1748 2135 τιμήματι

247 2156 266 2189 ι
313 2139 705 2211 διαφθαρέντας
753 2148 809 2198 ἐν
852 2151 917 2217 τῇ
967 2150 1231 2222 ἐκκλησίᾳ
1281 2155 1629 2220 στασιάζειν,
1674 2158 1748 2221 ὡς

255 2248 273 2280 ι
319 2230 478 2298 δῆθεν
529 2234 812 2299 ἀξιοῦντας
861 2239 950 2291 τὸν
1000 2243 1163 2294 αὑτὸν
1213 2243 1355 2314 ἔχειν
1405 2247 1702 2301 ἐπίσκοπον
1731 2265 1745 2279 ο

251 2338 270 2370 t
319 2322 572 2387 καθάπαξ
605 2323 696 2378 οῦν
726 2329 824 2392 τὰς
861 2332 1211 2402 ῥᾳδιουργίας
1240 2338 1341 2398 τὰς
1372 2339 1624 2402 τοιαύτας
1657 2343 1750 2394 καὶ

251 2433 268 2462 ι
315 2415 506 2483 τέχνας
548 2419 844 2484 κολαστέας
890 2419 1029 2476 εἶναι
1075 2428 1311 2495 νομίζω,
1360 2430 1499 2484 ὥστε
1547 2435 1749 2502 μηδένα

250 2525 268 2555 ι
320 2508 558 2560 τοιοῦτον
585 2512 719 2579 μηδὲ
745 2514 800 2564 ἐν
833 2513 902 2582 τῷ
927 2517 1068 2568 τέλει
1093 2518 1288 2588 λαῖκῆς
1315 2521 1445 2588 γοῦν
1468 2525 1748 2588 ἀξιοῦσθαι

255 2615 274 2646 ι
324 2602 624 2664 κοινωνίας.
648 2603 708 2654 Εἰ
726 2605 898 2658 τοίνυν
915 2609 1138 2677 ἀρέσκει
1162 2613 1194 2680 ή
1219 2611 1410 2682 γνώμη
1435 2614 1595 2682 αῦτη,
1616 2618 1749 2670 ἀπ)-

249 2709 268 2740 ‹
317 2691 591 2759 κρίνασθε.
626 2695 1035 2768 ’Λπεκρίναντον
1065 2703 1146 2753 Τὰ
1173 2705 1428 2772 λεχθέντα
1458 2708 1675 2777 ἤρεσεν.
1724 2731 1744 2760 ι

242 2784 441 2839 ΒΑΛΣ.
488 2789 597 2839 Καὶ
642 2783 794 2852 οὗτος
840 2793 868 2844 ὁ
914 2792 1093 2848 κανὼν
1131 2797 1224 2848 τοῦ
1273 2796 1322 2850 α’
1345 2799 1610 2869 ἐξέχεται.
1653 2803 1750 2855 Τι-

171 2875 279 2927 νῶν
318 2877 426 2946 γὰρ
469 2879 782 2934 ἐπισκόπων
815 2885 1153 2956 αἰτιωμένων
1187 2888 1273 2940 διὰ
1307 2890 1405 2958 τὴν
1441 2893 1504 2943 ὲκ
1545 2892 1750 2956 πόλεως

173 2969 251 3028 είς
281 2970 434 3021 πόλιν
460 2974 666 3026 τούτων
694 2978 1045 3043 μετάστασιν,
1063 2982 1154 3034 καὶ
1178 2985 1596 3052 ἐπιχειρούντων
1613 3003 1750 3056 παρ-

171 3062 462 3124 αιτεῖσθαι,
512 3065 678 3134 ήγουν
730 3069 1125 3135 ἁποσκευάζειν
1154 3073 1214 3138 ἐξ
1243 3077 1421 3128 αὐτῶν
1451 3076 1546 3146 τὴν
1576 3079 1753 3130 αίτία-

174 3169 279 3215 σιν,
315 3156 377 3205 ἐκ
411 3156 504 3207 τοῦ
540 3157 719 3224 λέγειν
752 3160 840 3212 διὰ
876 3166 1221 3232 γραμμάτων
1252 3164 1346 3219 τοῦ
1383 3169 1614 3237 πλήθους
1650 3170 1748 3238 τῆς

174 3244 383 3307 πόλεως
420 3253 745 3315 μεταπεσεῖν
774 3254 838 3304 ἐκ
867 3253 966 3323 τῆς
997 3255 1266 3327 λαχούσης
1295 3261 1514 3326 αὐτοὺς,
1543 3261 1746 3327 ὥρισαν
1774 3237 1816 3294 C

172 3336 220 3387 οἱ
271 3339 511 3407 Πατέρες
558 3341 693 3411 μηδὲ
735 3343 892 3398 τοῦτο
937 3337 1017 3410 είς
1066 3349 1362 3418 ἀπολογίαν
1403 3354 1624 3420 ἀρκεῖν·
1670 3356 1752 3407 ὃτι

171 3425 282 3475 τῶν
314 3430 539 3480 εἰκότων
570 3432 685 3484 ἐστὶ
719 3435 903 3503 ρᾳδιου
917 3437 1180 3507 ργηθῆναι
1211 3443 1437 3495 τοιαῦτα
1471 3445 1560 3496 διὰ
1588 3463 1750 3498 τινων

171 3515 368 3582 ὀλίγων
397 3521 632 3574 ἐποίκων
657 3524 755 3594 τῆς
781 3527 987 3592 πόλεως
1016 3530 1424 3600 διαφθαρέντων
1449 3538 1752 3606 νομίσμασι

171 3610 266 3660 καὶ
291 3608 398 3661 οἷον
425 3616 809 3680 μισθωθέντων
828 3634 842 3648 ·
867 3619 988 3673 ὅθεν
1013 3623 1107 3674 καὶ
1133 3625 1412 3678 ἐκώλυσαν
1435 3630 1558 3690 τοὺς
1580 3631 1756 3685 ταῦτα

170 3703 599 3770 τεχναζομένους
639 3707 972 3773 ἐπισκόπους
1011 3714 1100 3765 διὰ
1141 3718 1435 3781 παντελοῦς
1477 3721 1754 3792 ἀποκηρύ-

175 3791 340 3857 ξεως,
386 3794 526 3848 ὥστε
575 3799 709 3867 μηδὲ
755 3802 1085 3868 θνήσκοντας
1132 3809 1362 3874 αὐτοὺς,
1410 3812 1484 3874 ὠς
1532 3813 1752 3876 ).αῖκοί›;

173 3887 455 3951 ἀξιοῦσθαι
491 3892 796 3954 κοινωνίας.
835 3895 1052 3948 Τούτων
1085 3897 1139 3949 δὲ
1177 3898 1347 3963 οῦτως
1383 3903 1636 3970 ἐχόντων,
1678 3907 1751 3976 μὴ

174 3978 332 4048 εῐπῃς
363 3979 491 4042 τοὺς
525 3982 662 4049 μετὰ
693 3983 956 4051 ἀληθείας
993 3990 1434 4060 μετακληθέντας
1469 3997 1618 4066 παρὰ
1650 4015 1750 4049 πο-

173 4067 335 4120 λιτῶν
367 4071 858 4137 συγγινώσκεσθαι,
892 4075 924 4144 ἢ
964 4077 1036 4145 μὴ
1073 4085 1634 4152 συγγινωσκομένους,
1668 4105 1751 4138 τι-

179 4161 479 4226 μωρεῖσθαι
509 4164 649 4216 κατὰ
674 4165 798 4225 τοὺς
827 4167 1327 4238 ρᾳδιουργήσαντας
1351 4176 1450 4243 τὴν
1479 4177 1750 4246 μετάκλη-

176 4267 290 4302 σιν·
316 4252 430 4303 rex
449 4254 568 4304 εἰπὲ
595 4255 791 4318 αὐτοὺς
815 4257 1214 4326 καθαιρεῖσθαι,
1239 4262 1312 4325 ώς
1340 4264 1413 4333 μὴ
1437 4265 1750 4334 ὀφείλοντας

177 4343 474 4395 ὑπακούειν
507 4346 785 4416 ἀμετόχων
815 4349 1137 4417 ἀνθρώπων.

247 4438 491 4490 ΖΩΝΑΡ.
531 4439 590 4490 Εἰ
627 4439 679 4489 δὲ
715 4441 964 4494 τοσοῦτόν
999 4446 1132 4505 ἐστι,
1173 4448 1326 4514 φησι,
1367 4450 1638 4519 μανιώδης
1670 4472 1752 4516 τις

177 4526 207 4595 ἢ
254 4528 558 4598 τολμηρὸς,
605 4528 649 4581 ὦ

180 4625 506 4684 μεταπεσεῖν
546 4624 608 4674 ἐκ
657 4624 878 4687 πόλεως
908 4628 986 4688 εἰς
1035 4629 1207 4691 πόλιν,
1251 4632 1344 4683 καὶ
1394 4636 1516 4699 περὶ
1563 4637 1752 4692 τούτου

175 4709 350 4763 δοκεῖν
387 4713 570 4780 φέρειν
605 4715 966 4785 παραίτησιν,
1004 4719 1169 4788 ήγουν
1203 4723 1620 4791 ἀπολογεῖσθαι,
1659 4731 1754 4782 καὶ

177 4807 562 4872 παραιτεῖσθαι
591 4811 688 4877 τὴν
722 4810 954 4878 μέμψιν,
985 4813 1102 4864 ἀντὶ
1134 4815 1226 4866 τοῦ
1257 4817 1751 4887 ἀποσκευάζεσθαι,

175 4896 652 4966 διαϐεϐαιούμενος
690 4902 808 4970 ἦτοι
844 4905 1192 4973 ἐνιστάμενος
1229 4909 1554 4977 κεκομίσθαι
1593 4915 1754 4966 αὐτὸν

176 4991 480 5060 γράμματα
511 4995 619 5047 ἀπὸ
649 4995 742 5047 τοῦ
779 4998 1014 5067 πλήθους
1043 5000 1140 5068 τῆς
1172 5002 1376 5065 πόλεως
1412 5009 1752 5073 μετακαλού-

181 5100 320 5148 μενα
366 5085 528 5138 αὐτὸν
573 5088 652 5149 εἰς
697 5090 794 5156 τὴν
841 5092 1177 5160 ἐπισκοπὴν·
1217 5095 1373 5164 δῆλον
1416 5097 1495 5149 ὅτι
1541 5099 1752 5166 ὀλίγους

177 5174 330 5235 τινὰς
371 5175 610 5247 ἠδυνήθη
657 5183 840 5233 πεῖσαι
893 5185 1202 5248 στασιάζειν
1245 5187 1300 5238 ὲν
1362 5191 1427 5257 τῇ
1485 5191 1752 5263 ἐκκλησίᾳ

178 5266 462 5330 ἀξιοῦντας
507 5268 651 5339 ἔχειν
694 5274 854 5326 αὐτὸν
900 5275 1218 5331 ἐπίσκοπον.
1266 5279 1375 5332 Καὶ
1419 5282 1658 5346 ἐκείνους
1697 5287 1754 5338 δέ

183 5360 524 5428 ἐμισθώσατο
554 5367 647 5418 καὶ
672 5366 913 5437 ἠγόρασε
939 5369 997 5421 τὸ
1029 5371 1262 5441 ζητῆσαι
1293 5375 1476 5438 αὐτὸν,
1506 5376 1630 5441 δοὺς
1660 5379 1753 5429 αὑ-

180 5457 293 5515 τοῖς
321 5457 602 5524 χρήματα,
633 5459 790 5512 ἆτινα
823 5461 916 5513 καὶ
946 5465 1138 5531 μισθὸν
1169 5467 1262 5518 καὶ
1293 5467 1511 5537 τίμημα
1541 5469 1756 5537 ὠνόμα-

183 5560 276 5597 σεν
304 5551 331 5598 ό
365 5547 564 5602 κανών.
594 5549 866 5614 Καθόλου,
901 5557 1057 5622 φησὶ,
1089 5559 1185 5621 τὰς
1213 5558 1468 5621 τοιαύτας
1505 5562 1755 5631 ῥᾳδιουρ-

182 5638 310 5705 γίας
350 5641 468 5711 ήτοι
512 5642 825 5714 δολιότητας
873 5649 967 5700 καὶ
1009 5648 1204 5718 τέχνας
1252 5651 1396 5720 παρὰ
1440 5653 1753 5708 ἐπισκόπων

184 5732 430 5798 γίνεσθαι
459 5736 734 5801 κολάσεώς
762 5740 906 5792 ἐστιν
934 5741 1105 5807 ἄξιον.
1136 5743 1198 5796 'H
1227 5744 1284 5796 δὲ
1314 5745 1531 5807 κόλασις
1562 5747 1620 5797 τὸ
1653 5764 1755 5813 μη-

184 5819 310 5877 δένα
340 5827 561 5882 τοιαῦτα
595 5831 848 5885 ποιοῦντα
872 5873 887 5900 ,
926 5834 1062 5903 μηδὲ
1096 5834 1395 5908 θνήσκοντα
1415 5876 1431 5905 ,
1459 5835 1537 5900 ὡς
1569 5838 1756 5894 λαῖκὸν

1337 396 1419 456 ΙΝ
1448 399 1608 460 CAN.
1646 401 1704 458 II
1743 402 1946 466 CONC.
2017 411 2308 470 SARDIC.

254 516 272 546 ι
320 498 408 547 καὶ
439 496 766 568 πλεονέκτης
795 501 1247 574 ὑποϐλεπόμενος,
1276 508 1362 562 διὰ
1395 511 1509 578 βίου
1540 514 1738 574 παντὸς
1769 525 1813 579 Α

3276 414 3292 474 1
3311 414 3416 478 430

1923 540 1940 571 ι
1980 523 2094 587 ibit,
2149 535 2402 589 tanquam
2451 541 2712 593 arrogans
2763 539 2816 580 et
2866 542 3082 594 avarus,
3117 541 3404 596 pertotam

1922 631 1940 662 ι
1981 615 2141 666 vitam
2169 619 2740 672 excommunicabitnr.
2783 639 2798 668 ι

1915 704 2158 759 Praesens
2205 722 2374 759 canon
2423 710 2793 776 episcoporum
2847 711 3229 765 translationes
3281 715 3396 767 fieri

1847 811 1951 846 non
1985 799 2202 849 omnino
2244 800 2530 865 permittit,
2565 803 2717 853 antsi
2756 802 2902 866 liant,
2941 818 3131 870 poenas
3163 821 3189 855 a
3221 813 3405 859 trans—

1847 888 1965 940 latis
2029 904 2214 942 severe
2255 892 2402 958 petit.
2435 892 2904 957 Deprehendentes
2935 895 3076 946 enim
3109 895 3294 949 Patres
3340 913 3404 950 ex

1845 995 1907 1032 eo
1938 980 2076 1047 quod
2125 981 2303 1032 nullus
2344 983 2712 1049 episcoporum
2763 999 2788 1034 a
2837 985 3052 1036 civitate
3103 986 3285 1051 majori
3341 989 3404 1038 ad

1847 1071 2104 1122 minorem
2140 1070 2415 1123 transferri
2448 1072 2715 1123 civitatem
2753 1074 2949 1136 studet,
2982 1076 3070 1125 sed
3113 1091 3138 1124 a
3192 1077 3407 1128 civitate

1847 1177 2006 1225 parva
2042 1163 2105 1214 ad
2135 1162 2498 1216 sublimiorem
2532 1166 2762 1232 migrare
2800 1168 2947 1230 cupit
2986 1168 3279 1224 civitatem,
3306 1184 3401 1235 per

1845 1254 2202 1320 arrogantiam
2239 1264 2289 1306 et
2324 1256 2470 1322 plura
2505 1255 2730 1308 habendi
2778 1257 3119 1323 cupiditatem
3157 1259 3407 1312 \idelicet

1849 1346 1981 1404 ﬁeri.
2017 1349 2367 1400 decreverunt
2415 1348 2573 1397 talem
2629 1363 2727 1398 nec
2777 1347 2895 1400 laici
2933 1350 3127 1401 habere
3158 1365 3406 1401 cominu-

1849 1439 2080 1498 nionem,
2115 1439 2205 1490 sed
2238 1453 2358 1490 cum
2389 1438 2722 1506 depositione
2753 1440 2913 1490 etiam
2951 1443 3406 1493 excommunica—

1849 1539 1957 1580 (11211
1990 1545 2131 1584 085οο

2438 1620 2665 1676 CANON
2713 1623 2776 1676 ll.

1854 1730 1872 1762 ι
1916 1712 1969 1766 Si
2006 1716 2124 1781 quis
2166 1728 2345 1767 autem
2383 1717 2516 1768 adeo
2569 1718 2789 1771 insanus
2822 1718 2903 1770 vel
2957 1719 3124 1769 audax
3167 1718 3410 1771 invenio.

1926 1823 1944 1854 ι
1991 1817 2095 1866 tur,
2129 1816 2183 1858 ιιι
2215 1806 2282 1859 de
2310 1807 2374 1860 iis
2408 1808 2651 1859 videatur
2687 1809 2917 1875 aliquam
2964 1807 3153 1861 all'erre
3183 1825 3410 1862 excusa-

1925 1917 1942 1948 ι
1980 1899 2196 1961 tionem,
2240 1914 2509 1961 asserens,
2561 1901 2660 1951 sibi
2716 1916 2742 1950 a
2803 1901 2997 1966 popqu
3060 1901 3249 1951 allatas
3293 1916 3411 1953 eSse

1926 2007 1945 2040 ι
1985 1993 2221 2043 litteras:
2254 1990 2455 2043 clarum
2508 2002 2607 2049 est,
2661 1991 2897 2056 potuisse
2946 2005 3146 2056 paucos
3200 1991 3412 2056 aliquos

1929 2101 1948 2133 ι
1990 2085 2232 2136 mercede
2261 2093 2312 2136 et
2340 2083 2511 2150 pretio
2540 2092 2820 2146 corruptos
2861 2082 2912 2132 in
2945 2083 3169 2134 ecclesia
3199 2083 3414 2136 seditio-

1928 2193 1946 2225 ι
1984 2189 2102 2228 nem
2139 2190 2373 2236 movere,
2402 2187 2458 2227 ιιι
2503 2176 2746 2226 eumdem
2784 2175 2966 2240 utique
3014 2174 3175 2227 velint
3213 2175 3412 2227 habere

1927 2285 1946 2316 ι
1989 2267 2316 2334 episcopum.
2366 2267 2595 2320 Omnino
2625 2282 2752 2333 ergo
2785 2269 2880 2320 has
2915 2268 3132 2320 fraudes
3164 2275 3217 2319 et
3264 2279 3409 2319 artes

1931 2376 1948 2408 ι
1985 2357 2279 2426 pnniendas
2307 2359 2710 2421 esseexistitno,
2739 2367 2795 2411 ιιι
2816 2374 2973 2412 nemo
3008 2361 3303 2426 possit,qni
3333 2370 3414 2409 est

1928 2473 1946 2504 t
1983 2453 2264 2520 ejusmodi,
2295 2467 2361 2506 ne
2396 2455 2447 2504 in
2489 2453 2591 2505 line
2634 2455 2845 2521 quidem
2882 2454 3010 2508 la‘ca
3040 2455 3416 2508 communione

1927 2564 1945 2594 ι
1986 2545 2177 2612 dignus
2212 2543 2422 2597 haberi.
2457 2545 2534 2597 Αιι
2567 2559 2695 2611 ergo
2749 2545 2860 2595 luce
2910 2544 3079 2610 placet
3122 2547 3411 2607 sententia,

1926 2656 1945 2689 ι
1982 2637 2317 2704 respondete.
2349 2635 2760 2705 ReSpondernnt
2802 2656 2814 2691 :
2853 2639 3063 2691 Placent
3117 2653 3232 2704 qua:
3272 2639 3415 2693 dicta

1932 2749 1950 2781 ι
1995 2739 2139 2782 sunt.
2177 2748 2194 2780 ι

1922 2820 2118 2875 BALS.
2151 2819 2245 2873 Hic
2278 2835 2487 2887 quoque
2515 2834 2684 2873 canon
2719 2835 2746 2871 a
2785 2819 2956 2885 primo
2982 2819 3260 2884 dependet.
3281 2819 3412 2872 Cum

1850 2915 1992 2968 enim
2028 2914 2241 2981 quidam
2272 2912 2505 2978 episcopi
2533 2922 2918 2964 accnsarentur
2949 2919 3164 2978 propter
3203 2926 3353 2963 suam
3385 2926 3413 2963 a

1851 3008 2066 3062 civitate
2099 3007 2150 3059 in
2186 3006 2454 3058 civitatem
2490 3005 3039 3067 trans-migrationem,
3066 3014 3118 3056 et
3151 3020 3415 3056 conaren-

1854 3110 1941 3154 tur
1979 3115 2035 3154 se
2063 3113 2341 3162 excusare,
2378 3113 2470 3150 seu
2501 3111 2564 3150 ex
2594 3112 2651 3150 se
2680 3096 3106 3148 criminationem
3163 3096 3369 3148 amoliri
3397 3135 3412 3159 ,

1850 3209 1914 3248 eo
1939 3193 2077 3261 quod
2107 3193 2343 3245 dicerent
2374 3205 2468 3256 per
2496 3189 2672 3257 populi
2707 3187 2939 3240 civitatis
2987 3189 3195 3240 litteras
3222 3203 3279 3240 se
3326 3203 3413 3240 re-

1853 3283 2081 3336 cessisse
2111 3283 2178 3335 ab
2204 3296 2265 3334 ea
2295 3281 2510 3334 civitate
2540 3296 2659 3348 quae
2706 3279 2823 3333 illos
2855 3280 3042 3332 sortita
3077 3289 3155 3332 est
3182 3295 3196 3343 ;
3225 3280 3418 3333 decre-

1853 3383 2047 3427 verunt
2075 3373 2280 3438 Patres,
2308 3388 2376 3425 ne
2410 3375 2507 3424 hoe
2532 3373 2748 3440 quidem
2783 3372 2847 3424 ad
2873 3371 3236 3424 defensionem
3272 3370 3419 3425 suill-

1852 3479 1996 3523 eere.
2051 3465 2175 3530 quia
2232 3463 2523 3517 verisimile
2557 3472 2641 3516 est
2688 3463 2800 3514 lucc
2835 3461 3027 3515 callide
3077 3460 3213 3514 facta
3253 3460 3418 3518 fuisse

1853 3571 1950 3623 per
1986 3570 2183 3620 paucos
2214 3555 2447 3607 civitatis
2480 3554 2810 3607 habitatores
2839 3552 3076 3619 pecuniis
3107 3564 3417 3620 corruptos,

1853 3657 1905 3700 et
1938 3647 2097 3699 veluti
2128 3647 2370 3699 mercede
2399 3646 2712 3698 conductos.
2751 3645 2900 3698 Unde
2927 3653 2978 3697 et
2999 3645 3298 3711 episcopos,
3325 3644 3416 3712 qui

1854 3739 1965 3791 ha'c
1994 3739 2390 3800 machinantttr,
2423 3753 2514 3804 per
2551 3737 2845 3802 perlectam
2878 3737 3270 3789 abdicationem
3318 3751 3417 3805 pu-

1853 3831 2086 3890 niernnt,
2120 3841 2170 3879 ut
2211 3845 2275 3883 ne
2320 3829 2608 3883 morientes
2641 3831 2854 3897 quidem
2915 3839 2972 3882 ιιι
3014 3829 3134 3881 laici
3173 3843 3416 3881 commu-

1856 3918 2013 3966 nione
2067 3915 2209 3984 digni
2266 3917 2583 3970 habeantur.
2627 3918 2718 3968 llis
2747 3928 2928 3969 autem
2967 3919 3034 3970 ita
3067 3934 3124 3971 se
3167 3918 3417 3972 habenti-

1853 4010 1972 4072 bus,
2045 4025 2108 4061 ne
2191 4009 2394 4062 dixeris
2425 4009 2503 4063 eis
2538 4025 2656 4063 esse
2685 4012 3065 4079 ignorendum,
3100 4012 3186 4076 qni
3219 4003 3256 4063 a~
3283 4012 3385 4064 civi
3416 4046 3420 4051 ›

1854 4099 1952 4150 bus
1989 4115 2108 4151 vere
2137 4102 2340 4153 evocati
2376 4110 2537 4164 sunt;
2571 4100 2648 4152 vel
2678 4103 2721 4154 si
2776 4117 2879 4155 non
2936 4101 3266 4170 ignoscatur,
3301 4120 3418 4160 esse

1853 4192 2171 4258 puniendos.
2209 4200 2266 4242 ut
2313 4207 2405 4243 eos
2441 4193 2528 4258 qui
2579 4194 2945 4245 evocationem
2993 4194 3177 4246 fraude
3211 4197 3417 4249 machi-

1856 4291 2052 4332 nantur
2086 4298 2097 4331 :
2126 4285 2215 4332 sed
2265 4283 2347 4334 dic
2398 4298 2488 4334 eos
2519 4283 2859 4349 deponendos
2906 4299 3049 4346 esse,
3103 4294 3160 4337 ut
3191 4286 3278 4350 qui
3315 4301 3417 4339 non

1854 4374 2083 4424 debeant
2119 4375 2305 4425 audire
2343 4374 2588 4426 homines
2622 4375 2686 4426 ad
2720 4376 2862 4441 ips-ts
2920 4393 3022 4426 non
3063 4378 3414 4443 pertinentes.

1923 4464 2174 4518 ΖΟΝιιιι.
2209 4466 2324 4530 Quo
2348 4466 2359 4516 l
2387 4466 2428 4516 si
2459 4465 2599 4531 quis,
2634 4466 2829 4529 inquit,
2866 4470 2998 4519 adeo
3030 4468 3255 4521 insanus
3296 4480 3410 4520 tan-

658 4546 744 4583 ατε
793 4533 885 4583 καὶ
931 4536 1070 4601 μετὰ
1109 4538 1203 4588 τὸν
1247 4540 1442 4592 κανόνα
1485 4544 1751 4612 τολμῆσαι

1861 4567 2018 4624 taque
2038 4559 2358 4611 ιουιιίὶιιιιιιιίτι
2382 4559 2636 4623 praeditus
2663 4560 2976 4625 reperiatur,
2999 4561 3087 4627 qtti
3115 4562 3272 4612 etiam
3302 4572 3421 4629 post

1860 4652 1999 4703 hunc
2035 4667 2293 4703 canonem
2325 4652 2524 4703 editum
2555 4651 2824 4702 civitatem
2861 4663 3067 4704 mutare
3095 4668 3258 4705 ausus
3310 4653 3424 4704 l'ue-

1857 4743 1945 4804 rit,
1973 4757 2143 4808 eoque
2175 4757 2230 4794 se
2260 4757 2540 4806 excusare,
2571 4743 2670 4795 hoc
2700 4752 2812 4806 est,
2864 4744 2997 4795 tueri
3053 4743 3253 4796 factum
3310 4746 3385 4796 cri
3406 4774 3422 4784 ο

1858 4851 2088 4905 menque
2122 4836 2364 4888 refellere
2408 4836 2540 4888 velle
2566 4836 2833 4894 videatur,
2865 4838 3002 4903 qttod
3043 4837 3269 4900 litteras,
3300 4839 3421 4904 qni—

1857 4926 1955 4976 ltus
1992 4926 2054 4977 ad
2104 4925 2457 4991 episconalettt
2517 4942 2697 4978 curam
2741 4938 3099 4989 evocat'etttr,
3149 4942 3176 4979 τι
3232 4927 3423 4993 populo

1857 5017 2062 5072 urbano
2108 5033 2165 5070 se
2202 5019 2409 5078 tulisse,
2451 5019 2498 5070 id
2551 5028 2667 5082 est,
2702 5021 2974 5084 accepisse
3006 5029 3211 5072 asserat
3246 5036 3308 5070 ac
3335 5021 3426 5071 de-

1859 5110 2072 5169 fendat;
2123 5109 2281 5163 facile
2327 5120 2569 5178 apparet,
2620 5111 2808 5178 paucis
2867 5109 3200 5176 hominibus,
3261 5120 3319 5163 ιιι
3372 5112 3422 5166 in

1855 5201 2080 5255 ecclesia
2133 5201 2469 5255 seditionem-
2497 5202 2813 5264 excitarent,
2851 5203 3130 5271 ipsumque
3173 5203 3271 5254 sibi
3307 5205 3425 5270 epi-

1855 5309 2075 5360 scopum
2106 5293 2480 5357 deposcerent,
2510 5293 2576 5346 ab
2603 5308 2665 5346 eo
2697 5295 3005 5360 persuaderi
3033 5295 3287 5361 potuisse.
3319 5295 3424 5348 Sed

1856 5402 2040 5436 eorum
2077 5384 2325 5453 sullragia
2377 5385 2477 5437 sibi
2528 5384 2616 5437 ille
2663 5385 2909 5439 videlicet
2965 5397 3270 5439 emercatus
3320 5395 3423 5448 cst,

1857 5477 2160 5545 pecuniam,
2189 5492 2349 5544 quam
2381 5477 2682 5530 mercedem
2733 5493 2796 5529 ac.
2847 5481 3078 5546 pretium
3114 5494 3286 5532 eanon
3326 5494 3425 5546 ap-

1857 5567 2041 5636 pellat.
2077 5570 2382 5622 hominibus
2408 5569 2712 5634 dilargitus.
2750 5569 2983 5623 Omnino
3020 5571 3200 5637 igitur,
3230 5573 3423 5636 inquit,

1856 5657 2190 5724 episcopum,
2223 5657 2286 5708 ad
2314 5657 2539 5712 callidas
2572 5657 2672 5711 has
2696 5671 2839 5712 artes
2871 5661 2986 5712 sive
3014 5661 3249 5713 fallacias
3279 5660 3426 5713 frau-

1858 5747 2058 5816 desque
2112 5748 2536 5820 conl‘ugientetn,
2597 5752 2813 5818 impune
2860 5751 3010 5806 abire
3065 5755 3201 5806 haud
3250 5758 3427 5807 dect-t.

1858 5839 1977 5894 Erit
2005 5857 2132 5912 ergo
2171 5841 2281 5898 lucc
2312 5842 2731 5910 animadversio,
2759 5854 2816 5900 ιιι
2843 5846 2934 5916 qui
2967 5845 3168 5916 aliquid
3207 5847 3308 5901 tale
3335 5850 3429 5902 ad.
