4178 6420
278 429 412 493 ί-ί33
1429 431 1510 490 IN
1545 429 1710 489 CAN.
1741 427 1826 485 [ΙΙ
1856 426 1928 485 Ci

1856 426 2063 490 C'JNC.
2105 433 2397 494 sanmc.
3367 405 3491 494 143i

263 553 352 608 εἰς
381 547 530 598 πόλιν
557 547 659 599 ὑπὸ
695 547 791 614 τὴν
826 547 996 616 αὐτὴν
1028 549 1292 618 ἐπαρχίαν
1322 547 1484 600 οὖσαν
1514 544 1826 609 πλεονεξίαν
1859 546 1897 597 Α

1859 546 1897 597 Α
1929 547 2046 598 dem
2101 566 2126 599 ιι
2176 552 2391 604 civitate
2438 554 2487 604 in
2520 555 2814 617 civitatem,
2867 571 2982 623 qua:
3039 563 3118 608 est
3166 554 3261 605 sub
3311 553 3493 605 eadem

262 639 303 706 ἢ
337 639 654 702 ἀλαζονείαν
684 638 780 690 τοῦ
819 640 1118 691 ἐπισκόπου
1171 641 1485 708 κατηγορεῖ,
1537 636 1828 691 κάντεῦθεν

1935 642 2227 708 provincia,
2257 647 2535 698 avaritiam
2570 648 2647 700 vel
2674 651 2840 701 etiam
2872 648 3231 712 arrogantiam
3259 643 3491 708 epismpi

263 731 365 783 καὶ
397 732 732 800 τιμωρητέον
767 716 910 783 ἐστί’
945 731 1004 784 τὸ
1036 731 1090 783 δὲ
1128 731 1481 799 μεθίστασθαι
1515 730 1622 784 ἀπὸ
1654 730 1827 798 ἐπαρ-

1933 731 2127 798 arguit,
2163 744 2216 786 et
2260 735 2378 788 ideo
2408 739 2737 804 puniendum
2773 749 2856 792 est
2893 755 2907 792 :
2945 753 2971 790 τι
3006 738 3276 804 provincia
3310 745 3487 787 autem

264 825 395 892 χίας
441 823 518 886 είς
564 823 829 892 ἐπαρχίαν
878 823 1226 892 περιελείφθη
1272 822 1589 882 ἀκόλαστον,
1621 820 1696 883 ὡς
1739 822 1828 873 ἐν-

1935 823 1986 875 in
2034 824 2360 892 provinciam
2417 831 2648 881 transire
2690 829 3009 898 impunitum
3070 826 3312 878 velit-tum
3370 835 3492 885 cal;

264 913 463 966 τεῦθεν
492 914 564 982 μὴ
612 915 1042 984 ἀναφαινομένου
1075 915 1279 980 φαύλου
1313 915 1474 978 τινὸς,
1502 913 1592 965 διὰ
1631 914 1690 965 τὸ
1731 913 1830 975 τὰς

1935 923 2117 982 utpote
2151 917 2291 983 quod
2324 917 2455 970 nihil
2491 920 2613 972 mali
2642 936 2705 971 ex
2740 935 2803 972 eo
2833 919 3060 979 oriatur,
3104 935 3166 971 eo
3199 919 3336 972 numl
3368 933 3492 982 Dro-

270 1007 544 1073 ἐπαρχίας
577 1007 634 1071 ἐξ
668 1008 914 1074 ἅλλήλων
939 1006 1128 1077 πόρρω
1159 1007 1590 1071 ἀποδιίστασθαι,
1620 1007 1714 1059 καὶ
1749 1007 1824 1075 μὴ

1931 1005 2121 1061 vincia:
2150 1009 2259 1061 sint
2285 1008 2440 1078 longe
2470 1026 2498 1063 a
2535 1026 2592 1065 se
2626 1014 2850 1066 invicem
2886 1015 3185 1077 disjuncne,
3221 1027 3317 1065 nec
3364 1011 3493 1074 cpi—

264 1098 467 1149 διδόναι
495 1098 725 1167 πάροδον
748 1101 860 1160 τοῖς
887 1100 945 1149 ἐν
969 1099 1162 1160 αὐταῖς
1193 1098 1510 1160 ἐπισκόποις
1533 1098 1827 1164 γινώσκειν

1932 1100 2129 1167 scopis,
2157 1102 2246 1167 qui
2279 1109 2402 1154 sunt
2439 1101 2488 1152 in
2514 1101 2616 1163 eis,
2661 1103 2862 1155 aditum
2923 1105 3222 1168 pri-beant,
3270 1114 3325 1154 ιιι
3367 1118 3493 1169 pus-

190 1219 194 1222 -
263 1187 368 1246 τὰς
389 1187 498 1238 τῶν
529 1187 802 1254 ἑκατέρων
827 1187 1131 1257 ἐκκλησιῶν
1154 1188 1408 1250 εἰσόδους,
1430 1190 1522 1240 καὶ
1549 1188 1620 1239 τὰ
1650 1187 1827 1255 πλήθη

1932 1191 2040 1245 sint
2070 1198 2422 1259 utrarumque
2463 1193 2824 1246 Ecclesiaruln
2881 1197 3084 1247 reditus
3146 1209 3493 1261 cognoscere,

194 1305 205 1313 -
265 1278 365 1330 τοῦ
399 1280 456 1328 ἐν
483 1277 704 1339 ταύταις
733 1277 883 1331 λαοῦ.
911 1277 1094 1331 Ταῦτα
1133 1278 1264 1346 γοῦν
1298 1278 1375 1349 μὴ
1411 1277 1826 1348 παραδεξαμένη

1930 1289 1984 1336 et
2016 1281 2409 1334 multitudinem
2461 1284 2672 1350 papnli,
2713 1283 2804 1353 qui
2855 1285 2907 1337 in
2954 1287 3032 1338 eis
3064 1295 3163 1338 est.
3205 1286 3324 1338 ll:ec
3379 1300 3482 1334 non

265 1372 304 1438 ἠ
335 1372 573 1432 σύνοδος,
600 1373 923 1445 *παρομοίως
950 1373 1046 1425 καὶ
1079 1373 1302 1434 τούτους
1336 1371 1659 1435 κολάζεσθαι
1703 1371 1828 1423 διω-

1931 1371 2222 1427 admittens
2260 1375 2521 1442 synodus,
2568 1390 2660 1430 eos
2703 1391 2914 1445 quoque
2964 1378 3212 1430 similiter
3267 1377 3491 1442 punien-

272 1463 482 1529 ρὶσατο.
525 1440 782 1523 Ἀκούων,
812 1464 869 1515 δὲ
903 1462 996 1514 τοῦ
1052 1462 1278 1526 κανόνος
1330 1463 1700 1534 διοριζομένου
1744 1482 1829 1516 τιν

1932 1461 2026 1515 dos
2067 1477 2187 1516 esse
2221 1463 2478 1518 decrevit.
2515 1466 2644 1518 Cum
2678 1477 2854 1519 autem
2896 1446 3048 1518 audis
3086 1481 3347 1517 rationem
3408 1481 3491 1515 ue-

275 1554 573 1621 μωρείσθαι
603 1556 730 1618 τοὺς
777 1555 1202 1624 μεταϐαίνοντας
1247 1557 1444 1625 ἀκλητὶ
1495 1555 1829 1618 ἐπισκόπους

1934 1554 2206 1609 ﬁnientem
2259 1559 2435 1623 puniri
2471 1559 2773 1627 episcOpos.
2812 1560 2900 1627 qui
2935 1576 3038 1612 non
3075 1558 3246 1610 Vocati
3298 1559 3362 1610 ab
3393 1572 3494 1608 una

271 1645 381 1696 ἀπὸ
409 1647 676 1715 ἐπαρχίας
706 1647 786 1709 είς
818 1646 1012 1716 ἑτέραν
1044 1649 1315 1719 ἐπαρχίαν
1341 1648 1571 1718 ἔχουσαν
1603 1649 1830 1704 ἐπίσκο-

1930 1648 2200 1714 provincia
2235 1648 2283 1701 in
2316 1649 2471 1701 aliam
2519 1659 2796 1704 transeunt
2829 1652 3107 1704 habentem
3143 1651 3450 1718 episcopum
3479 1666 3492 1712 ;

268 1738 390 1798 πον,
428 1739 502 1807 μὴ
544 1740 703 1808 εἴπῃς
727 1738 1052 1802 ἀνευθύνους
1080 1737 1217 1792 εἶναι
1251 1741 1375 1803 τοὺς
1410 1741 1556 1810 ἱερου
1570 1740 1830 1809 ργοῦντας

1933 1756 1996 1793 ne
2030 1740 2178 1794 dicas
2205 1757 2298 1794 eos
2328 1743 2545 1810 impune
2575 1744 2773 1796 laturos
2796 1786 2808 1806 ,
2837 1746 2925 1812 qui
2960 1746 3009 1795 in
3045 1744 3334 1808 provinciis
3385 1760 3485 1794 non

269 1830 351 1890 εἰς
382 1829 575 1898 ἐτέρας
626 1830 894 1899 ἐπαρχίας
939 1830 1013 1900 μὴ
1063 1830 1290 1901 ἐχούσας
1341 1832 1687 1893 ἐπισκόπους.
1723 1833 1828 1884 Καὶ
1866 1883 1904 1903 ἢ

1866 1883 1904 1903 ἢ
1938 1831 2255 1886 habentibus
2320 1835 2599 1902 episeorios
2655 1851 2803 1889 sacra
2851 1845 3128 1903 peragunt.
3180 1834 3310 1886 Nam
3365 1845 3415 1885 et
3463 1834 3495 1884 ii

331 1883 347 1890 -
478 1883 571 1898 ,-
738 1883 1122 1901 ,Α,,,,,
1270 1883 1286 1893 ,
1448 1883 1498 1884 κν

266 1913 414 1970 οὗτοι
472 1920 580 1987 γὰρ
638 1921 837 1988 ὁμοίιος
893 1921 997 1973 ὑπὸ
1047 1921 1153 1974 τῶν
1199 1922 1438 1973 κανόνων
1491 1922 1830 1974 εὐθύνονται.
1865 1883 1906 1938 Β

1943 1883 1965 1884 η
2052 1883 2250 1886 ,φάη
2325 1883 2597 1902 Tr-.."
2655 1883 2803 1889 ---νη
2852 1883 3081 1903 rufum
3117 1883 3128 1888 _
3383 1883 3412 1885 η
3466 1883 3471 1884 ,

1865 1883 1906 1938 Β
1935 1925 2178 1979 similiter
2206 1941 2233 1978 a
2265 1929 2558 1980 canonibus
2591 1929 2952 1996 corriguntur.
2994 1927 3240 1978 All-litum
3282 1934 3364 1977 est
3401 1941 3494 1975 au-

271 2011 580 2080 Προσετέθη
613 2012 665 2063 δὲ
697 2013 782 2074 τὸ,
816 2015 903 2064 Ἐν
1011 2015 1371 2081 τυγχάνουσιν
1410 2018 1720 2074 ἐπίσκοποι,
1746 2015 1833 2068 διὰ

1937 2027 2037 2069 tem
2070 2017 2216 2079 illud,
2245 2008 2299 2072 in
2332 2035 2432 2086 qua
2467 2028 2593 2072 sunt
2623 2019 2879 2086 episcopi,
2925 2031 3142 2086 prOpter
3189 2019 3493 2082 episeopus,

264 2105 394 2165 τοὺς
422 2105 754 2167 ἐπισκόπους
788 2107 912 2169 τοὺς
946 2108 1166 2175 ἔχοντας
1194 2110 1410 2176 ἐνορίας
1445 2110 1522 2169 εἷς
1548 2109 1638 2160 δύο
1669 2108 1700 2179 ἦ
1737 2113 1832 2160 καὶ

1935 2111 2022 2176 qui
2057 2111 2300 2178 regiones
2332 2113 2522 2164 habent
2564 2112 2614 2163 in
2649 2113 2853 2164 duabus
2881 2113 2959 2162 vel
2996 2110 3167 2162 tribus
3195 2124 3334 2176 saepe
3373 2125 3496 2175 pro-

267 2197 418 2263 τρεῖς
466 2197 723 2259 πολλάκις
769 2199 1056 2267 ἐπαρχίας.
1100 2199 1221 2252 Ἔτι
1271 2201 1552 2269 ἐπήγαγεν
1593 2203 1620 2252 ὁ
1654 2200 1832 2253 κανὼν

1935 2203 2143 2257 vinciis.
2179 2203 2439 2257 Prarterea
2474 2203 2748 2271 subiunxit
2787 2219 2954 2256 canon
2997 2203 3138 2255 aliud
3169 2217 3380 2270 quoque
3413 2216 3494 2252 ca-

267 2290 362 2339 καὶ
407 2288 591 2356 ἓτερον
638 2289 954 2355 κεφάλαιον,
1001 2294 1092 2344 καὶ
1136 2289 1321 2344 εἶπεν·
1377 2295 1437 2345 Εἰ
1479 2294 1536 2345 δέ
1572 2295 1828 2363 πρᾶγμα,

1937 2298 2047 2354 put,
2080 2299 2131 2342 et
2161 2292 2310 2344 dixit:
2353 2291 2406 2344 Si
2444 2304 2618 2345 autem
2649 2294 2930 2361 episc0pns
2964 2295 3121 2347 habet
3151 2293 3370 2359 aliquod
3405 2309 3495 2342 no-

265 2379 432 2448 ἤγουν
459 2381 731 2442 ὑπόθεσιν,
755 2382 866 2451 ἔχει
895 2383 1191 2448 ἐπίσκοπος
1241 2385 1378 2453 μετὰ
1428 2387 1828 2438 συνεπισκόπου

1936 2381 2162 2448 gotium,
2197 2398 2291 2436 seu
2322 2399 2539 2437 causam
2571 2385 2828 2454 aliquam,
2867 2402 2984 2438 cum
3027 2401 3124 2439 suo
3157 2386 3494 2452 COOpiSOttpu,

265 2469 456 2534 αὑτοῦ,
487 2473 570 2535 τίς
597 2473 800 2540 ὀφείλει
846 2474 945 2544 τὴν
996 2476 1253 2528 ὑπόθεσιν
1295 2476 1573 2543 δικάζεινς
1611 2479 1831 2545 Ὤρισεν

1936 2477 2056 2544 quis
2115 2477 2275 2531 debet
2323 2494 2540 2533 causam
2586 2481 2864 2549 judicare?
2912 2481 3109 2535 Statuit
3156 2498 3282 2549 ergo
3329 2497 3420 2533 eos
3468 2498 3495 2533 a

264 2562 361 2615 οὖν
386 2564 487 2616 ὑπὸ
527 2565 636 2616 τῶν
681 2567 1036 2635 ἐπαρχιωτῶν
1067 2570 1380 2620 ἐπισκῦπων
1411 2569 1636 2631 τούτους
1678 2569 1831 2622 δικά-

1937 2573 2352 2637 provtncialibus
2427 2575 2691 2645 episcopis
2747 2575 3092 2642 jndicandos.
3162 2593 3256 2631 nec
3335 2578 3495 2629 ullum

265 2654 479 2719 ζεσθαι,
529 2660 622 2709 καὶ
681 2660 752 2727 μή
805 2677 923 2712 τινα
982 2660 1088 2710 τῶν
1142 2660 1512 2729 δικαζομένων
1558 2663 1615 2726 ἐξ
1663 2659 1831 2730 ἄλλης

1934 2678 2144 2730 eorum,
2175 2667 2264 2733 qni
2304 2664 2507 2732 judicio
2555 2671 2903 2734 contendunt,
2953 2687 3016 2723 ex
3068 2673 3168 2722 alia
3226 2669 3495 2736 pr0\‘ittt'i:t

265 2749 541 2817 ἐπαρχίας
577 2751 1000 2819 μετακαλεῖσθαι
1036 2752 1475 2820 συνδιαγνώμονα
1508 2755 1824 2806 ἐπίσκοπον*

1934 2764 2210 2811 accersere
2236 2759 2564 2824 cegnitorem
2599 2762 2904 2830 episcopum
2937 2779 2949 2816 ι
2978 2762 3329 2832 provinciales
3358 2761 3496 2815 enim

263 2840 670 2905 Δκαταγινώσκει
708 2841 815 2908 γὰρ
843 2842 1084 2910 ἀμαθίας
1115 2844 1147 2912 ἢ
1175 2843 1388 2904 ἀδικίας
1415 2844 1522 2895 τῶν
1556 2846 1831 2912 ἐπαρχιω‹

1937 2849 2252 2915 ignorantiae
2281 2852 2360 2903 vel
2396 2852 2674 2918 injustitize
2702 2867 2766 2907 co
2797 2855 2912 2922 ipso
2956 2857 3299 2910 cendemnat.
3353 2855 3498 2908 Tan-

265 2932 396 2984 τῶν.
441 2932 524 2993 Ὠς
549 2933 604 2984 δέ
638 2950 777 2993 τινος
810 2933 1074 2998 εἰπόντος,
1105 2935 1163 2986 Εί
1210 2933 1265 2986 δέ.
1296 2953 1375 2997 τις
1401 2937 1463 2987 ἐκ
1489 2935 1691 2987 τούτων
1737 2953 1833 2988 κα-

1934 2952 2093 3003 quatn
2127 2948 2302 2992 autem
2337 2935 2559 2996 dixisset
2584 2944 2868 3009 quispiam,
2902 2945 2956 2998 Si
2993 2946 3111 3012 quis
3151 2961 3332 2998 eorum
3367 2960 3496 2996 con-

265 3025 658 3093 τακρινόμενος
689 3025 900 3090 νομίσει
935 3025 1284 3095 βαρύνεσθαι,
1323 3026 1416 3077 καὶ
1447 3027 1826 3087 ἐκκαλέσεται.

1934 3027 2218 3084 damnatus
2261 3047 2320 3085 se
2369 3034 2579 3100 gravari
2634 3036 2923 3098 existimet,
2987 3047 3038 3089 et
3085 3037 3332 3105 appellet,
3383 3038 3498 3100 ejus

268 3118 351 3176 ei;
412 3116 560 3168 οὐδὲν
624 3116 772 3184 αὐτῷ
840 3117 907 3169 τὰ
965 3117 1062 3183 τῆς
1132 3105 1396 3186 ἐκκλήτου
1464 3119 1828 3180 συντελοῦσιν,

1936 3114 2320 3187 ιιιιρθιιιιιίοειι
2355 3124 2486 3177 nihil
2520 3126 2733 3189 redibit,
2765 3125 2929 3196 486
2973 3143 3092 3179 cum
3143 3144 3244 3179 non
3292 3129 3497 3194 possint

267 3207 346 3268 ὡς
400 3208 473 3275 μὴ
508 3207 820 3277 δυναμένων
857 3199 1060 3278 ἐτέρων
1112 3210 1430 3262 ἐπισκόπων
1474 3211 1829 3279 ἐπαρχιωτῶν
1858 3216 1900 3273 C

1858 3216 1900 3273 C
1942 3214 2029 3265 alii
2064 3217 2418 3282 provinciales
2467 3217 2702 3286 episcopi
2757 3221 3115 3288 cognitionem
3162 3235 3410 3280 evocare.
3444 3235 3497 3272 ut.

267 3299 655 3352 ἀνακαλεῖσθαι
683 3301 972 3367 διάγνωσιν
1003 3301 1141 3353 κατὰ
1186 3301 1283 3370 τὴν
1338 3302 1595 3371 ῥηθεῖσαν
1625 3302 1834 3355 διὰστι-

1936 3304 2052 3358 Vult
2074 3306 2184 3374 jam
2216 3308 2356 3360 dicta
2390 3309 2660 3362 distinctio
2689 3327 2700 3362 :
2736 3312 2929 3378 adjecit
2959 3328 3060 3364 non
3095 3327 3213 3365 esse
3243 3313 3497 3378 repellen-

265 3394 374 3457 ειν·
414 3392 707 3462 προσέθετο
739 3392 813 3463 μὴ
851 3389 992 3446 εἶναι
1033 3393 1414 3463 ἀπαρέιδεκτον
1443 3394 1533 3446 τὸν
1568 3395 1833 3449 ἐκκαλούο

1936 3399 2081 3458 du:n,
2116 3399 2206 3464 qui
2243 3417 2268 3448 ιι
2299 3401 2704 3466 provincialium
2729 3402 2932 3469 judicio
2962 3415 3248 3471 provocat;
3284 3409 3374 3458 sed
3409 3406 3497 3456 de-

181 3507 192 3515 -
272 3502 434 3554 μενον
488 3486 626 3537 κατὰ
682 3485 782 3553 τῆς
833 3486 1068 3553 κρίσεως
1122 3485 1227 3538 τῶν
1287 3487 1669 3556 ἐπαρχιωτῶν,
1717 3488 1831 3540 ἀλλ’

1937 3487 2068 3540 bere
2096 3488 2479 3554 provinciales,
2514 3499 2735 3560 propter
2769 3492 3025 3545 honorem
3060 3494 3204 3547 sedis
3235 3495 3496 3562 apostoli-

268 3577 504 3642 ὀφείλειν
532 3577 657 3638 τοὺς
689 3564 1033 3647 ἐπαρχιώτας
1065 3571 1154 3631 διὰ
1197 3582 1364 3648 τιμὴν
1410 3579 1504 3631 τοῦ
1541 3581 1835 3632 ἀποστολι-

1936 3588 2033 3638 ca),
2064 3591 2181 3643 quae
2215 3587 2359 3645 gesta
2395 3590 2517 3630 sunt
2551 3595 2698 3648 papa:
2729 3580 2967 3634 Romano
3021 3583 3326 3636 describere
3361 3586 3498 3646 (erat

265 3667 368 3721 ’κοῦ
424 3669 614 3736 θρόνου
686 3671 918 3739 γράφειν
971 3671 1039 3724 τὰ
1101 3671 1437 3739 συναχθέντα
1489 3672 1569 3742 τῷ
1625 3673 1829 3744 πάππα

1937 3675 2110 3719 autem
2143 3683 2204 3721 eo
2236 3678 2467 3737 tempore
2495 3671 2708 3739 quidam
2740 3661 3056 3742 Juliusejus
3086 3674 3413 3740 episcopus),
3444 3686 3498 3726 et

281 3762 497 3832 Ῥώμης
531 3759 618 3833 (ἦν
641 3763 696 3815 δὲ
734 3763 854 3816 τότε
891 3763 1106 3824 Ἰούλιός
1135 3781 1216 3825 τις
1249 3764 1549 3826 ἐπίσκοπος
1575 3766 1830 3833 ταύτης),

1936 3758 1989 3811 in
2026 3758 2142 3824 ejus
2209 3770 2481 3837 potestate
2529 3764 2755 3829 positam
2802 3779 2921 3819 esse
2966 3765 3395 3833 appellationem,
3441 3778 3498 3818 nt

267 3854 365 3906 καὶ
397 3855 544 3923 παρὰ
589 3859 654 3924 τῇ
701 3855 926 3925 ἐξουσίᾳ
974 3856 1184 3909 ἐκείνου
1226 3857 1567 3926 ἀνηρτῆσθαι
1617 3857 1689 3910 τὰ
1736 3859 1832 3926 τῆς

1936 3845 1978 3896 si
2015 3860 2123 3899 rem
2145 3849 2360 3914 quidem
2388 3864 2506 3904 esse
2532 3852 2746 3920 dignam
2781 3865 3089 3924 cognoscat,
3116 3871 3236 3924 quae
3264 3858 3497 3910 secundo

271 3949 534 4016 ἐκκλήτου
564 3964 579 3978 ο
613 3948 698 4016 ἐφ’
745 3942 808 4015 ᾧ,
835 3939 902 4000 εἶ’
930 3949 1029 4018 μὲν
1073 3949 1319 4018 διαγνοίη
1370 3950 1524 4014 ἄξιον
1576 3948 1717 4007 εἶναι
1772 3952 1834 4004 τὸ

1939 3937 2295 4002 examinetnr,
2332 3951 2534 3995 statuat
2583 3959 2611 3996 a
2663 3947 2986 4014 propinquis
3020 3949 3288 4016 episcopis
3329 3965 3487 4002 reno-

268 4043 504 4110 πρᾶγμα
547 4041 807 4111 δευτέρας
841 4039 1270 4107 κατεξετὰσεως,
1300 4043 1482 4112 ὁρίσαι
1515 4045 1670 4111 παρὰ
1719 4044 1831 4096 τῶν

1938 4029 2047 4080 vari
2070 4027 2354 4097 judicium,
2379 4043 2434 4086 et
2461 4035 2525 4087 de
2553 4039 2887 4102 praecedente
2909 4043 3176 4093 sententia
3202 4042 3452 4109 cognosci
3479 4057 3493 4092 :

268 4133 687 4202 γειτνιαζὸντων
719 4134 1037 4187 ἐπισκόπων
1069 4135 1447 4203 ἁνανεωθῆναι
1476 4137 1536 4189 τὸ
1576 4137 1834 4206 δικαστή-

1937 4122 2019 4174 sin
2053 4132 2226 4175 autem
2260 4126 2762 4184 inveneritcausam
2799 4141 2944 4186 recte
2978 4131 3144 4186 fuisse
3173 4133 3491 4201 judicatam.

265 4242 408 4295 ριον,
439 4228 530 4279 καὶ
557 4225 895 4297 σκοπηθῆναι
927 4229 1022 4296 τὴν
1073 4228 1481 4296 προγενομένην
1511 4229 1787 4296 ἀπόφασιν
1813 4247 1827 4260 ·

1937 4221 1990 4265 et
2016 4216 2254 4269 secunda
2285 4217 2627 4284 inquisitione.
2658 4236 2794 4290 opus
2823 4238 2924 4277 non
2956 4225 3172 4285 habere,
3221 4227 3495 4292 decernat,

271 4319 320 4368 εί
350 4317 406 4369 δὲ
437 4316 711 4385 καταλάϐῃ
746 4317 928 4379 καλῶς
976 4318 1074 4385 τὴν
1122 4304 1381 4370 ὑπόθεσιν
1429 4320 1705 4388 κριθῆναι,
1739 4322 1836 4373 καὶ

1937 4319 1998 4358 ca
2032 4320 2150 4374 qua:
2185 4308 2588 4375 priusjudicata
2640 4321 2784 4372 sunt,
2841 4314 2990 4366 tirma
3043 4323 3096 4367 et
3137 4316 3497 4370 initnutabilia

274 4411 350 4480 μὴ
379 4410 586 4462 δεῖσθαι
607 4409 810 4474 ταύτην
839 4410 1095 4481 δευτέρας
1125 4399 1497 4480 συζητήσεως,
1528 4413 1709 4484 ὁρίσαι
1743 4415 1836 4482 μέ-

1939 4411 2271 4463 permanere.
2310 4400 2379 4454 Et
2419 4402 2469 4453 in
2525 4402 2606 4456 his
2641 4403 2858 4471 quidem
2883 4407 3128 4460 consistit
3167 4423 3359 4462 canon.
3413 4410 3499 4461 In-

269 4519 382 4554 νειν
435 4503 501 4556 τὰ
549 4501 692 4566 ἅπαξ
746 4503 1156 4574 προκεκριμένα
1211 4503 1548 4557 ἀναλλοίωτα
1623 4523 1682 4558 τε
1739 4507 1910 4574 xui.“

1861 4551 1910 4574 ἢ
1941 4492 2289 4560 terrogaverit
2317 4501 2493 4548 autem
2522 4496 2782 4563 quispiam
2813 4514 2827 4550 :
2865 4496 2996 4549 Cum
3025 4514 3193 4551 canon
3223 4500 3288 4552 15
3317 4503 3498 4553 Antio-

275 4551 624 4663 Καὶ
658 4551 725 4643 τὰ
775 4551 872 4662 μὲν
901 4551 995 4644 τοὲ
1021 4551 1252 4655 ικανόνος
1287 4595 1344 4644 ἐν
1385 4593 1616 4656 τούτοις.
1655 4594 1829 4666 Ἐρω-
1861 4551 1910 4609 D

1861 4551 1910 4609 Β
1940 4583 2126 4637 chena:
2151 4585 2340 4655 synodi
2373 4593 2594 4651 statuat,
2628 4603 2713 4652 ea,
2753 4605 2871 4657 quae
2900 4597 2968 4644 ob
2998 4592 3248 4646 munibus
3280 4596 3499 4660 provin-

271 4688 424 4756 τήσει
467 4685 525 4738 δέ
573 4703 676 4750 τις,
714 4685 788 4747 ώς
814 4684 906 4738 τοῦ
955 4690 1016 4737 ιε’
1060 4685 1282 4748 κανόνος
1312 4685 1414 4756 τῆς
1443 4687 1499 4738 ἐν
1530 4687 1834 4759 Ἀντιοχείᾳ

1942 4674 2170 4730 cialibus
2205 4679 2473 4746 episc0pis
2503 4681 3216 4748 consentientibusjudicata
3253 4695 3394 4747 sunt,
3437 4687 3499 4738 ab

272 4778 493 4830 συνόδου
544 4775 918 4845 διοριζομένου
977 4767 1052 4828 τὶ
1091 4778 1394 4844 κεκριμένα
1456 4777 1562 4830 ὑπὸ
1613 4779 1834 4832 πάντων

1938 4765 2210 4836 aiiquibus
2244 4771 2364 4825 aliis
2399 4772 2589 4824 iterum
2627 4790 2732 4827 non
2764 4774 3016 4840 indicari,
3052 4792 3292 4844 prazsens
3323 4791 3497 4830 autem

275 4870 377 4922 τῶν
408 4868 765 4938 ἐπιρχιωτῶν
794 4869 1111 4921 ἐπισκόπων
1143 4871 1724 4939 ὁμογνωμονησάντων
1759 4873 1832 4940 μὴ

1937 4874 2108 4915 canon
2135 4861 2320 4930 jubcat
2351 4864 2506 4916 talem
2541 4866 2864 4917 sententiam
2914 4867 3256 4934 appellationi
3287 4867 3497 4933 subjici,

271 4960 657 5030 ἀνακρίνεσθαι
691 4959 820 5028 παρ’
847 4959 1048 5029 ἐτέρων
1073 4959 1256 5023 τινῶν,
1291 4962 1386 5012 καὶ⁵
1416 4960 1508 5012 τοῦ
1559 4962 1831 5030 παρόντος

1939 4954 2192 5021 quidnam
2221 4957 2374 5024 sequi
2403 4959 2693 5012 debemus?
2736 4961 2968 5014 Salutio.
3021 4960 3198 5029 Aliqui
3251 4960 3493 5013 dicebant

274 5053 494 5116 κανόνος
517 5052 766 5122 ἐκκλήτῳ
800 5051 1119 5104 ὑποκεῖσθαι
1150 5053 1250 5123 τὴν
1272 5053 1534 5121 τοιαύτην
1559 5055 1833 5123 ἀπόφασιν

1937 5049 2176 5114 quidem,
2206 5064 2309 5102 non
2346 5050 2510 5104 fuisse
2541 5052 2628 5106 hic
2668 5057 2964 5108 concordes
2997 5054 3350 5121 provinciales
3381 5053 3499 5120 epi-

273 5147 662 5216 διοριζομένου,
723 5144 828 5197 τίνι
896 5145 1184 5213 προσέχειν
1259 5144 1579 5213 ὀφείλομενς
1616 5143 1830 5209 Λύσις.

1939 5153 2151 5204 seopos,
2196 5141 2289 5194 sed
2331 5141 2382 5196 in
2415 5145 2594 5200 varias
2650 5147 2946 5200 sententias
3009 5147 3224 5208 divisos,
3277 5156 3329 5196 et
3381 5146 3499 5197 ideo

273 5234 429 5296 Τινές
454 5234 549 5304 μὲν
573 5232 724 5286 εἶπον
757 5233 832 5302 μὴ
861 5233 1214 5300 ὁμοφωνῆσαι
1245 5234 1480 5288 ἐνταῦθα
1507 5237 1632 5297 τοὺς
1668 5238 1838 5306 ἐπαρο

1940 5231 2113 5283 locum
2144 5231 2342 5286 habere
2376 5237 2788 5302 appellationem
2836 5255 2848 5289 :
2886 5239 2972 5291 alii
3010 5249 3184 5291 autem
3228 5239 3499 5297 dicebant,

275 5328 472 5398 χιὼτας
500 5327 851 5388 ἐπισκόπους,
879 5326 1013 5377 ἀλλὰ
1051 5325 1392 5395 διαιρεθῆναι
1423 5328 1505 5389 είς
1541 5327 1832 5395 διαφόρους

1939 5324 2079 5390 quod
2118 5326 2244 5392 quia
2291 5340 2527 5395 praesens
2571 5344 2742 5383 canon
2789 5340 2874 5385 est
2929 5333 3215 5390 recentior,
3261 5332 3495 5394 debent,

277 5422 520 5491 γνώμας,
554 5421 648 5473 καὶ
691 5419 778 5472 διὰ
821 5418 981 5471 τοῦτο
1010 5420 1154 5489 ἔχειν
1190 5419 1374 5490 χώραν
1403 5422 1468 5473 τὰ
1499 5422 1600 5490 τῆς
1631 5422 1832 5492 ἐκκλή-

1939 5423 2059 5482 quae
2105 5415 2156 5468 in
2200 5430 2266 5470 eo
2311 5419 2672 5483 continentur,
2729 5423 2896 5492 magis
2942 5424 3165 5476 servari.
3217 5421 3326 5475 lloc
3373 5439 3499 5489 ergo

278 5527 370 5565 του
391 5525 406 5542 ⁸
438 5511 586 5564 ἄλλοι
611 5510 666 5562 δέ
693 5506 846 5562 εἷπον
881 5509 977 5571 ώς,
1011 5510 1133 5562 ἐπεὶ
1174 5511 1636 5582 μεταγενέστερός
1687 5514 1835 5564 ἐστιν

1943 5508 2073 5560 mihi
2110 5524 2319 5578 quoque
2344 5511 2535 5579 placet,
2567 5522 2624 5565 ut
2653 5517 2796 5582 quod
2823 5517 2891 5568 sit
2918 5516 2998 5568 vel
3035 5516 3085 5568 in
3137 5516 3323 5583 primis
3364 5516 3497 5584 legi-

279 5607 306 5657 ὀ
333 5604 518 5672 παρὼν
563 5599 764 5666 κανὼν,
813 5600 1086 5669 ὀφείλουσι
1134 5603 1204 5654 τὰ
1241 5604 1413 5672 τούτῳ
1470 5605 1836 5674 περιεχόμενα

1940 5599 2156 5652 timum.
2194 5599 2334 5670 Lege
2363 5605 2505 5656 enim
2547 5617 2763 5658 cautum
2795 5616 2896 5666 est.
2939 5616 2995 5659 ut
3039 5624 3141 5659 non
3181 5607 3371 5667 semel.
3403 5607 3497 5659 sed

285 5697 484 5767 μᾶλλον
527 5697 764 5764 κρατεῖν.
806 5694 1056 5763 Ἀρέσκει
1088 5694 1180 5747 οὖν
1209 5696 1368 5747 τοῦτο
1412 5697 1603 5764 κάμοὶ,
1634 5697 1710 5758 ὠς
1742 5697 1839 5747 καὶ

1944 5690 2024 5743 bis
2056 5704 2313 5757 provocet
2353 5696 2418 5759 is,
2462 5697 2552 5763 qui
2599 5699 2698 5751 sibi
2734 5699 2982 5765 iniuriam
3019 5700 3130 5752 ﬁeri
3166 5708 3333 5767 putat.
3369 5700 3500 5752 Esse

278 5790 513 5859 νομίμου
559 5787 844 5858 ἀκριϐείας
892 5787 1174 5855 ἐχόμενον.
1218 5788 1657 5855 Νενομοθέτηται
1703 5788 1833 5855 γὰρ,

1942 5793 2118 5833 autem
2149 5783 2199 5835 in
2231 5796 2493 5850 potestate
2529 5803 2677 5857 papa:
2703 5830 2717 5850 ,
2753 5801 2808 5841 ut
2835 5799 3079 5843 servetur
3111 5792 3192 5842 vel
3236 5807 3340 5842 non
3377 5804 3497 5843 ser-

275 5883 354 5940 tr‘n
384 5883 550 5947 ἆπαξτ,
586 5883 718 5938 ἀλλὰ
749 5881 830 5944 δὶς
864 5880 1234 5949 ἐκκαλεῖσθαι,
1266 5882 1355 5935 τὸν
1387 5883 1675 5948 νομίζοντα
1719 5883 1827 5934 ἀδι-

1940 5885 2092 5928 vetur
2121 5877 2431 5947 appellatio,
2458 5890 2541 5935 est
2576 5883 2848 5952 proprium
2887 5884 2936 5936 in
2969 5882 3364 5938 ecclesiasticis.
3397 5881 3496 5937 Lc-
