4178 6420
218 359 388 424 ,1141

1411 365 1490 424 ΙΝ
1529 365 1693 422 CAN.
1735 364 1780 420 V
1822 361 2025 423 CO‘NC.
2059 365 2354 425 SARDlC.

3342 366 3478 433 1442

224 475 584 543 κιμσισθῆναι
622 472 690 526 τὰ
739 476 1169 545 προκεκριμένα,
1217 477 1291 545 μὴ
1348 475 1746 543 ἀναγκαζὲσθω
1789 477 1814 525 ό

1923 474 2069 538 su'nt,
2102 492 2290 530 rursus
2330 477 2629 532 examinari
2659 496 2672 540 ;
2701 495 2764 530 ne
2789 490 3014 547 cogatur
3040 481 3104 539 is.
3137 481 3225 547 qui
3271 479 3477 547 judicio

224 568 616 628 καταδικάσας
641 567 976 634 εἰςξΡιῖδμην
999 567 1270 632 ἀπελθεῖν,
1299 567 1414 620 ἀλλ’
1432 569 1816 620 ἀπελθέτωσαν

225 658 326 719 εἷς
355 661 452 728 τὴν
481 659 744 727 ἐπαρχίαν
781 659 919 710 κατά
955 659 1198 711 κέλευσιν
1236 659 1329 711 τοῦ
1358 660 1555 712 πάππα
1584 656 1819 727 πρεσϐύ-

233 764 299 801 te
313 768 399 818 ροι
438 750 497 813 ἐξ
527 749 692 802 αὑτοῦ
731 749 968 818 πλευροῦ
999 751 1188 817 αὐτοῦ,
1219 751 1336 820 ἦτοι
1364 753 1426 802 ἐκ
1454 753 1552 820 τῆς
1595 750 1820 816 Ἐκκλη-

222 843 377 902 ,σίας
403 841 613 904 τούτου,
645 841 739 898 καὶ
781 841 1305 911 ᾠκειωμένοι⁶αὐτῷ,
1339 840 1641 909 ὀφείλοντες
1673 840 1819 909 ἐχειν

230 935 353 1002 τὴν
379 932 661 985 αὑθεντίαν
686 933 868 997 αὑτοῦ,
891 935 1010 999 ἦτοι
1038 933 1136 1003 τὴν
1158 933 1420 999 ἐξουσίαν,
1453 933 1535 999 ἐφ’
1564 928 1606 1000 ᾧ
1639 937 1819 1002 κρῖναι

232 1025 354 1091 τὴν
397 1022 652 1074 ὑπόθεσιν
699 1024 835 1092 μετά
869 1025 976 1076 τῶν
1021 1025 1299 1094 ἐγχωρίων
1343 1025 1674 1087 ἐπισκόπων,
1727 1025 1819 1077 καὶ

233 1112 610 1165 διευλυτῶσαι
631 1115 818 1182 αὐτήν.
852 1115 910 1166 Εἰ
935 1115 991 1166 δέ
1017 1116 1045 1167 ό
1066 1116 1358 1177 ἐπίσκοπος
1384 1116 1481 1182 τῆς
1519 1113 1736 1184 Ῥώμης
1758 1116 1817 1167 οὐ

238 1203 440 1276 συνίδῃ
462 1189 664 1256 δίκαιον
680 1200 817 1261 εἷναι
833 1205 1134 1274 τηρηθῆναι
1149 1206 1214 1256 τά
1235 1206 1595 1273 προκριθέντα
1612 1209 1694 1271 (τῇ
1713 1206 1820 1273 γὰρ

225 1296 546 1366 δοκιμασίᾳ
569 1297 731 1349 αὑτοῦ
759 1298 786 1348 ό
810 1299 987 1350 κανὼν
1007 1305 1067 1348 τὸ
1091 1299 1200 1348 πᾶν
1218 1298 1576 1368 ἀνατίθησιν),
1604 1300 1820 1364 ποιήσει

235 1387 388 1456 ὅπερ
417 1388 485 1440 ἂν
508 1387 630 1457 δόξῃ
661 1387 808 1456 αὐτῷ
840 1389 1046 1440 δίκαιον
1072 1383 1232 1442 εἶναι.
1259 1387 1444 1441 Ταῦτα
1476 1388 1568 1440 τοῦ
1598 1389 1820 1451 κανόνος

239 1473 641 1547 διοριζομένου,
678 1477 751 1547 μὴ
781 1479 1075 1549 ἐναντιωθῇ
1105 1497 1186 1531 σοι
1207 1480 1266 1532 τὸ
1294 1497 1417 1548 κεφ.
1449 1482 1540 1532 τοῦ
1566 1479 1613 1531 α’
1637 1481 1817 1532 τίτλου

233 1568 349 1621 τοῦ
394 1567 436 1619 θ’
464 1568 823 1636 βιϐλίουλτῶν
876 1569 1199 1632 Βασιλικῶν,
1249 1570 1404 1636 λέγον
1442 1573 1512 1638 μὴ
1560 1569 1818 1623 δύνασθαι

245 1659 348 1710 τὸν
372 1659 728 1728 ἐκκλητάριον
751 1659 1141 1731 παραπέμπειν
1159 1660 1295 1728 πρὸς
1319 1659 1500 1736 ἕτερον
1530 1660 1627 1730 τὴν
1653 1664 1821 1731 τήρη-

239 1769 341 1807 σιν
360 1751 455 1818 τῆς
477 1753 763 1821 ἐκκλήτου,
789 1753 922 1806 ἀλλά
941 1752 1008 1804 δι’
1033 1752 1228 1804 ἐαυτοῦ
1253 1754 1456 1820 ταύτης
1480 1754 1813 1821 ἀκροᾶσθαι·

246 1846 371 1900 ἀλλ’
404 1845 524 1897 εἰπέ
548 1847 726 1906 ,ἰδικὸν
760 1843 900 1898 εἶναι
930 1846 1022 1903 τὸν
1059 1847 1304 1916 παρόντα
1339 1848 1561 1909 κανόνα,
1599 1849 1692 1898 καὶ
1720 1847 1813 1899 οῦ-

244 1953 360 1998 τως
388 1936 766 2007 ἐκφωνηθῆναι
790 1936 879 1993 δ,ιά
908 1936 969 1988 τὸ
1002 1936 1176 2005 μῆκος
1201 1939 1301 2004 τῆς
1329 1935 1473 1996 ὀδοῦ,
1508 1939 1600 1988 καὶ
1627 1937 1717 1988 ’ίνα
1741 1936 1815 2007 μὴ

253 2029 595 2085 σκύλλωνται
635 2030 682 2081 οἰ
715 2029 1001 2081 ἐπίσκοποι
1031 2028 1124 2080 ἐπὶ
1159 2030 1396 2097 μακρὰν,
1426 2028 1568 2081 οὕτω
1601 2032 1692 2082 καὶ
1726 2031 1817 2080 άλ-

248 2122 492 2190 λοδαπὴν
521 2123 706 2191 χώραν
746 2121 1024 2190 γινόμενοι
1051 2119 1307 2189 διάξιμοι.
1341 2122 1412 2172 Τὸ
1440 2121 1494 2173 δὲ
1540 2123 1676 2190 μετὰ
1708 2122 1816 2174 τῶν

250 2215 646 2283 πρεσϐυτέρων
676 2214 772 2265 τοῦ
804 2214 1002 2266 πάππα
1031 2213 1272 2275 δικάζειν
1305 2217 1400 2282 τὴν
1432 2215 1689 2284 δευτέραν
1723 2216 1814 2268 ἐκ·

247 2305 451 2374 κλητον
496 2305 621 2360 τοὺς
671 2303 1016 2372 ἐπαρχιὼτας
1067 2305 1396 2366 ἐπισκόπους
1431 2306 1555 2367 τοὺς
1600 2306 1817 2359 καταδι-

256 2392 654 2456 κάσαντας’τδν
685 2395 1002 2461 ἐπίσκοπον,
1037 2395 1111 2464 μὴ
1141 2397 1302 2464 εἴπῃς
1333 2396 1707 2449 ἐναντιοῦσθαι
1739 2397 1817 2467 τῷ

249 2490 425 2558 νόμῳ,
459 2488 534 2559 τῷ
561 2488 793 2554 λέγοντι·
833 2488 890 2539 '0
928 2487 1186 2556 δικαστὴς
1217 2487 1364 2551 ἅπαξ
1400 2489 1816 2559 ἀποφηνάμενος

252 2583 552 2644 πέπαυται,
593 2582 686 2633 καὶ
717 2580 778 2632 οὐ
815 2579 1034 2636 δύναται
1073 2583 1259 2648 τηρεῖν
1289 2575 1444 2642 αὖθις
1470 2581 1568 2649 τὴν
1610 2582 1816 2633 οἰκείαν

253 2674 561 2741 ἀπόφασινο
593 2672 909 2741 ἐξεφωνήθη
940 2674 1050 2740 γὰρ
1079 2675 1169 2724 καὶ
1200 2672 1357 2725 τοῦτο
1386 2673 1716 2742 ἰδικώτερον,
1744 2674 1817 2735 ὼς

252 2767 382 2833 ἐμοὶ
422 2766 587 2820 δοκεῖ.
633 2766 728 2817 Διά
756 2767 864 2833 γὰρ
899 2765 1055 2817 τοῦτο
1099 2766 1190 2816 καὶ
1234 2765 1311 2827 εἰς
1350 2765 1676 2834 δοκιμασίαν
1726 2766 1816 2818 τοῦ

253 2859 455 2912 πάππα
501 2857 726 2926 ἀνετέθη
771 2858 830 2909 τὸ
881 2853 1018 2918 εἶδος
1063 2858 1159 2924 τῆς
1205 2857 1462 2926 κρίσεως.
1514 2858 1676 2917 Ὅσον
1713 2861 1819 2926 γάρ

255 2953 365 3004 ἀπὸ
391 2951 484 3003 τοῦ
515 2949 680 3017 νόμου
711 2950 761 3000 οἱ
791 2949 938 3012 ἀπαξ
969 2950 1380 3016 ἀποφηνάμενοι
1413 2949 1512 3000 οὐκ
1554 2949 1819 3018 ἠδύναντο

258 3040 598 3103 συνδικάζειν
641 3040 791 3110 -μετά
820 3040 926 3092 τῶν
962 3040 1343 3108 πρεσϐυτέρων
1371 3039 1464 3092 τοῦ
1502 3041 1718 3094 πάππα.
1757 3042 1818 3093 Εἰ

1920 566 2130 630 vicerit,
2169 567 2392 620 Ruinam
2451 572 2666 631 venire;
2712 571 2802 622 sed
2831 570 2881 622 iu
2938 572 3272 638 provinciam
3321 573 3478 638 jussu

1920 667 2070 725 papas
2096 660 2308 711 veniant
2338 661 2634 728 presbyteri
2688 674 2753 713 ex
2823 661 2939 726 ejus
3000 662 3188 724 latere,
3247 662 3361 715 sive
3409 662 3478 720 ab

1918 748 2035 814 ejus
2079 750 2327 811 ecclesia,
2391 761 2443 803 ct
2501 751 2861 805 familiaritate
2915 752 2988 804 'lli
3042 753 3338 821 conjuncti,
3385 754 3480 822 qui

1921 842 2293 893 auctoritatem
2330 841 2440 892 sive
2472 850 2789 907 potestatem
2843 840 2959 908 ejus
3018 843 3217 894 habere
3253 844 3472 906 dein-nt,

1922 941 1981 983 ut
2016 945 2133 984 cmn
2172 932 2408 997 regionis
2454 933 2594 983 illius
2637 932 2904 998 episcopis
2936 933 2999 983 de
3034 933 3330 998 qna'stione
3386 934 3475 998 jn-

1919 1023 2118 1084 dicent,
2149 1023 2399 1090 illamque
2430 1024 2702 1075 decidant.
2738 1023 2793 1075 Si
2829 1035 3006 1075 autem
3037 1022 3315 1077 Romanus
3367 1028 3480 1093 epi-

1920 1128 2112 1182 sc0pus
2141 1129 2242 1165 non
2266 1129 2385 1168 esse
2407 1113 2607 1179 justum
2644 1117 2994 1180 perspexerit.
3035 1126 3088 1168 nt
3123 1132 3312 1170 rursus
3347 1133 3478 1170 exa-

1923 1203 2195 1256 minentur
2226 1220 2283 1256 ea
2315 1219 2431 1273 qua:
2468 1205 2616 1269 prius
2659 1205 2893 1269 judiCata
2936 1206 3132 1258 [uelint
3171 1208 3306 1274 (ejus
3337 1210 3477 1260 enim

1917 1294 2117 1363 judicio
2141 1309 2312 1346 canon
2343 1298 2522 1347 omnia
2561 1298 2870 1365 relinquit),
2907 1298 3064 1350 faciet
3092 1302 3230 1365 quod
3255 1302 3354 1352 sibi
3390 1302 3478 1366 ju-

1920 1393 2059 1434 stum
2097 1397 2219 1436 esse
2256 1383 2542 1438 videbitur.
2587 1385 2719 1440 Cum
2763 1389 3078 1456 lueet-anon
3126 1392 3366 1453 detiniat,
3415 1406 3480 1443 ne

1924 1473 2016 1526 tibi
2042 1477 2372 1530 contrarium
2422 1491 2542 1530 csse
2576 1477 2821 1531 videatur
2864 1491 3024 1545 caput
3069 1482 3225 1547 primi
3262 1484 3342 1534 tit.
3387 1483 3477 1533 lib.

1922 1578 1976 1615 ιχ
2008 1561 2361 1616 Basilicorum
2396 1566 2600 1629 dicens,
2659 1583 2763 1620 non
2832 1584 2986 1636 posse
3047 1569 3281 1637 jlltllt'elll
3313 1569 3482 1641 489

1921 1654 2242 1722 appellatum
2269 1659 2335 1710 ad
2354 1658 2516 1709 alium
2560 1661 2930 1714 transmittere
2984 1664 3344 1731 cognitionvm
3381 1677 3480 1732 ap—

1923 1745 2248 1814 pellationis,
2272 1749 2366 1802 sed
2398 1764 2516 1802 eam
2547 1765 2640 1816 per
2669 1766 2724 1804 se
2747 1753 2936 1804 audire
2966 1754 3160 1807 tit-bere
3187 1773 3199 1806 :
3263 1757 3352 1809 sed
3393 1757 3480 1810 dic

1921 1849 2239 1904 praesentem
2274 1855 2537 1895 canonem
2563 1858 2682 1897 esse
2728 1846 3040 1911 specialem,
3085 1857 3140 1902 et
3173 1849 3244 1901 ita
3276 1850 3477 1902 editum

1916 1944 2038 1983 esse
2065 1940 2279 1998 propter
2307 1933 2404 1985 vite
2427 1932 2845 2001 longitudinem,
2870 1948 2923 1990 et
2969 1953 3034 1992 ne
3063 1952 3324 1994 vexentur
3366 1945 3478 2008 epi-

1919 2021 2067 2083 scOpi
2103 2024 2153 2073 in
2191 2023 2324 2075 adeo
2378 2024 2721 2094 longinquam
2778 2029 3008 2082 alienam
3044 2033 3316 2100 regionem
3369 2044 3480 2087 tra-

1920 2112 2099 2165 bendi.
2158 2112 2294 2167 Cum
2357 2115 2687 2184 presbyteris
2742 2131 2917 2171 autem
2980 2137 3127 2189 papae
3184 2125 3474 2178 Secundam

1917 2205 2332 2271 appellationem
2356 2207 2603 2274 judicare
2633 2212 2990 2277 provinciales
3047 2215 3348 2283 episcopos,
3388 2220 3478 2285 qui

1918 2296 2345 2349 condemnarunt
2379 2301 2714 2368 episcopum,
2755 2318 2818 2353 tte
2875 2307 3026 2356 dicas
3087 2320 3204 2358 esse
3259 2316 3479 2359 contra-

1919 2387 2056 2439 rium
2087 2389 2210 2454 legi,
2236 2405 2362 2456 qua;
2388 2391 2538 2453 dicit,
2573 2396 2766 2455 .Ιιι‹.Ιθχ,
2815 2396 2906 2461 qui
2959 2401 3124 2449 semel
3166 2401 3478 2464 pronuntia-

1920 2481 2014 2542 vit,
2045 2480 2220 2534 olIicio
2260 2480 2475 2536 functus
2506 2499 2608 2548 εει,
2649 2497 2702 2537 et
2734 2503 2838 2538 non
2901 2496 3077 2553 potest
3120 2505 3305 2545 rursus
3356 2509 3479 2560 pro-

1920 2574 2090 2639 priatn
2118 2577 2441 2628 sententiam
2489 2580 2835 2631 examinare:
2899 2597 3020 2632 nam
3054 2589 3108 2634 et
3167 2583 3267 2636 hoc
3319 2586 3480 2637 etiam

1925 2665 2218 2732 specialius
2247 2668 2452 2721 editum
2485 2680 2592 2732 est,
2641 2682 2697 2722 ιιι
2736 2672 2864 2724 mihi
2927 2673 3157 2726 videtur.
3191 2673 3479 2741 Propterea

1919 2756 2134 2810 enimet
2173 2760 2555 2826 papaejud'cio
2617 2761 2858 2813 relictum
2910 2773 2990 2815 est
3048 2779 3216 2832 genus
3271 2757 3480 2832 jinlicii.

1919 2844 2074 2909 Quod
2131 2849 2271 2900 enim
2329 2852 2393 2901 ad
2448 2851 2590 2918 leges
2647 2855 2862 2914 attinet,
2917 2870 3020 2906 non
3077 2867 3325 2922 poterant
3379 2874 3481 2910 una

1919 2952 2041 2990 cum
2075 2953 2224 3006 papae
2254 2941 2587 3012 presbyteris
2634 2943 2880 3011 judicare
2919 2946 2975 3012 ii,
3024 2947 3110 3014 qni
3161 2950 3480 3002 sententiam

1923 3030 2072 3096 prius
2125 3031 2375 3094 tulerant,
2415 3035 2506 3086 Sin
2548 3046 2722 3088 autem
2767 3036 2968 3090 dixeris
3043 3038 3176 3092 alios
3222 3055 3341 3094 esst:
3371 3048 3480 3106 epi-

255 3131 311 3182 δὲ
335 3131 493 3200 εἴπῃς
518 3130 734 3199 ἐτέρους
756 3131 1085 3191 ἐπισκόπους
1109 3127 1248 3183 εἶναι
1277 3130 1498 3191 τούτους
1527 3131 1676 3206 παρὰ
1695 3132 1818 3193 τοὺς

1925 3135 2155 3196 scopos,
2201 3123 2290 3190 qui
2359 3127 2676 3178 sententiam
2732 3128 2979 3192 tulerint,
3049 3132 3180 3183 nihil
3242 3133 3480 3188 invenio:

253 3222 853 3291 προαποφηναμένους,
913 3222 1070 3274 οὐδέν
1128 3239 1180 3275 τι
1241 3223 1493 3291 εὑρήσεις
1550 3223 1817 3290 ἀντίξουν.

269 3313 422 3366 Ἐπεὶ
453 3313 508 3365 δὲ
565 3314 622 3364 ἐν
659 3314 771 3375 τοῖς
817 3312 1150 3380 προλαϐοῦσι
1203 3315 1422 3368 κανόσιν
1467 3317 1692 3384 εἴπομεν
1745 3316 1819 3386 μὴ

249 3401 394 3457 Δεἶναι
423 3402 488 3458 τά
512 3405 639 3472 περὶ
665 3402 756 3454 τοῦ
789 3403 988 3455 πάππα
1021 3402 1305 3473 ὁρισθέντα
1339 3405 1478 3462 ἰδικᾶ
1508 3407 1695 3457 τούτου
1727 3407 1820 3458 καὶ

258 3495 418 3563 μόνου
479 3495 782 3565 προνόμια,
837 3495 977 3548 ὥστε
1037 3496 1181 3565 ἔχειν
1229 3497 1285 3560 ἐξ
1345 3497 1591 3570 ἀνάγκης
1643 3501 1819 3552 πάντα

259 3588 554 3641 ἐπίσκοπον
583 3586 1080 3656 καταδικαζόμενον
1119 3588 1197 3656 τῷ
1239 3587 1411 3664 θρόνῳ
1450 3589 1548 3659 τῆς
1605 3590 1819 3659 Ῥώμης

254 3680 672 3750 προσέρχεσθαι,
711 3681 846 3734 ἀλλά
887 3680 1238 3746 ἐξακούεσθαι
1285 3683 1377 3733 καὶ
1416 3685 1494 3743 εἰς
1533 3683 1625 3736 τὸν
1665 3685 1820 3737 Κων-

256 3773 777 3835 σταντινουπόλεως.
820 3773 888 3826 τά
924 3774 1062 3826 αὺτά
1094 3774 1186 3826 καὶ
1220 3773 1380 3832 πάλιν
1414 3776 1612 3844 φαμέν.

322 3864 565 3919 ΖΩΝΑΡ.
605 3867 729 3918 Ἐάν
750 3866 1067 3929 ἐπίσκοπος,
1100 3865 1254 3934 φησί,
1275 3867 1672 3936 καταγγελθείη
1703 3869 1818 3938 ἦτοι

253 3957 607 4029 κατηγορηθῇ
639 3958 728 4010 ἐπί
756 3975 899 4008 τισιν
923 3958 1254 4026 ἐγκλήμασι.
1283 3958 1377 4010 καὶ
1407 3959 1750 4024 συνελθόντες
1770 3965 1817 4015 οἱ

250 4050 542 4101 ἐπίσκοποι
576 4048 675 4117 τῆς
720 4048 932 4118 ἐνορίας
971 4049 1184 4116 ἐκείνης
1215 4051 1659 4120 ἀποκινήσωσιν,
1700 4054 1819 4105 ἀντὶ

251 4143 345 4196 τοῦ
371 4141 692 4206 ἐκϐάλωσιν,
716 4141 879 4194 αὑτὸν
902 4141 996 4193 τοῦ
1025 4139 1252 4210 βαθμοῦ,
1279 4141 1448 4210 ἡγουν
1475 4143 1571 4212 τῆς
1599 4145 1821 4197 ἐπισκο-

253 4235 422 4306 πικῆς
453 4232 628 4297 ἀξίας,
660 4233 867 4294 ἐκεῖνος
897 4231 951 4284 δέ
983 4231 1247 4300 ἔκκλητον
1277 4233 1520 4302 ζητήσας
1549 4235 1692 4288 κατά
1718 4236 1815 4306 τῆς

256 4321 725 4391 καταδικαζούσης
790 4321 952 4375 αὑτὸν
1016 4320 1340 4386 ἀποφάσεως
1407 4321 1676 4393 προσέλθῃ
1740 4325 1817 4394 τῷ

255 4415 496 4483 πάππα,
550 4416 643 4467 καὶ
702 4414 730 4464 ό
791 4413 1021 4474 πάππας
1085 4411 1286 4483 θελήσῃ
1337 4413 1568 4466 ἀκοῦσαι
1625 4414 1811 4477 αὑτοῦ,

249 4507 459 4559 δίκαιον
515 4505 742 4575 νομίσας
801 4503 1362 4572 ἀνανεώσασθαι,τὴν
1420 4503 1665 4568 ἐξέτασιν
1722 4507 1813 4558 τοῦ

255 4599 602 4667 πράγματος,
633 4595 880 4648 τουτέστι
910 4594 1006 4652 καὶ
1038 4595 1196 4650 πάλιν
1222 4581 1477 4664 κριθῆναι
1507 4595 1604 4663 τὴν
1627 4597 1820 4649 ὑπόθε-

253 4707 359 4758 σιν,
386 4691 642 4760 γραφέτω
665 4692 774 4751 τοῖς
801 4688 1119 4751 ἐπισκόποις
1140 4691 1250 4750 τοῖς
1273 4689 1679 4758 ἀγχιστεύουσι,
1706 4694 1819 4752 τοῖς

251 4783 418 4852 ἀγχοῦ
449 4801 546 4834 που
574 4785 666 4835 καί
695 4782 920 4850 πλησίον
945 4777 1063 4835 οὖσι
1088 4784 1186 4850 τῆς
1212 4781 1482 4852 ἐπαρχίας
1512 4784 1570 4834 ἐν
1599 4783 1631 4853 ᾗ
1664 4783 1691 4834 ό
1721 4799 1818 4834 κα-

253 4873 591 4936 ταδικασθεὶς
632 4872 926 4935 ἐπίσκοπός
966 4874 1151 4936 ἐστιν,
1188 4871 1275 4923 ἵνα
1313 4871 1468 4924 αὐτοὶ
1497 4869 1817 4934 ἐξετάσωσιν

251 4966 524 5034 ἐπιμελῶς
562 4964 657 5036 τὴν
689 4966 966 5029 ὑπόθεσιν,
1004 4967 1098 5017 καὶ
1140 4964 1321 5032 ψῆφον
1347 4967 1513 5034 ἡγουν
1543 4964 1818 5033 ἀπόφασιν

251 5059 625 5126 ἐξενέγκωσιν.
677 5057 942 5110 Ἐνταῦθα
972 5058 1221 5124 φαίνεται
1253 5057 1282 5108 ό
1311 5057 1489 5108 κανὼν
1520 5051 1672 5118 οὗτος
1701 5056 1814 5107 δευ-

249 5154 414 5220 τέραν
445 5151 706 5221 ἔκκλητον
734 5150 902 5212 διδοὺς
931 5149 1007 5218 τῷ
1040 5149 1487 5202 καταδικασθέντι
1510 5148 1815 5216 ἐπισκόπῳ.

252 5245 417 5311 Λέγει
461 5242 604 5311 γάρ·
658 5241 718 5293 Ei
750 5242 804 5293 δέ
856 5257 938 5303 τις
986 5240 1153 5304 ἀξιῶν
1200 5241 1295 5292 καὶ
1344 5239 1506 5293 πάλιν
1547 5239 1710 5292 αὐτοῦ
1759 5243 1818 5292 τὸ

254 5338 489 5406 πρᾶγμα
520 5333 873 5401 ἀκουσθῆναι,
900 5319 948 5383 εἰ
988 5331 1096 5401 γὰρ
1118 5333 1212 5384 καὶ
1239 5330 1387 5402 παρά
1415 5331 1520 5383 τῶν
1547 5331 1714 5400 ἀγχοῦ
1752 5333 1814 5400 τῇ

250 5430 490 5500 ἐπαρχίᾳ
535 5427 702 5481 όντων
752 5425 1066 5479 ἐπισκόπων
1113 5427 1440 5494 κατακριθῇ,
1491 5427 1646 5494 φησι,
1717 5428 1814 5478 καὶ

249 5525 391 5588 ἀξιοῖ
445 5523 608 5577 πάλιν
663 5520 1021 5589 ἀκουσθῆναι,
1078 5522 1172 5574 καὶ
1217 5519 1376 5570 τοῦτο
1419 5517 1544 5588 δόξῃ
1597 5518 1691 5570 καὶ
1739 5517 1817 5586 τῷ

261 5613 546 5681 Ῥωμαίων
593 5609 874 5679 ἐπισκόπῳ
916 5612 1022 5682 (τῇ
1071 5611 1180 5678 γὰρ
1223 5608 1521 5678 δοκιμασίᾳ
1559 5607 1722 5662 αὑτοῦ
1755 5609 1816 5660 τὸ

249 5704 356 5756 πᾶν
382 5702 747 5772 ἀνατίθησιν),
783 5702 865 5754 ἵνα
897 5701 1102 5753 στέλλοι
1137 5698 1541 5770 πρεσϐυτέρους
1579 5700 1686 5754 ἀπὸ
1720 5698 1814 5751 τοῦ

256 5797 386 5849 ἰδίου
434 5794 668 5861 πλευροῦ
696 5835 710 5861 ,
750 5798 1037 5848 τουτέστιν
1069 5793 1356 5866 ἐκκρίτους
1393 5793 1620 5861 πλησίον
1661 5794 1823 5854 αὑτοῦ

1923 3225 2246 3278 repugnans.
2270 3215 2401 3278 Quia
2436 3225 2616 3268 autem
2673 3215 2724 3268 iu
2769 3219 3037 3284 prioribus
3068 3225 3365 3276 eanonibtzs
3398 3225 3480 3276 di-
3525 3233 3527 3235 ’

1924 3302 2120 3363 ximus,
2157 3318 2262 3354 non
2292 3318 2412 3357 esse
2448 3322 2564 3372 qua:
2595 3308 2660 3360 de
2691 3324 2824 3375 papa
2878 3313 3174 3365 constituta
3197 3327 3321 3366 sunt
3352 3330 3477 3382 spe-

1922 3393 2080 3445 cialia
2117 3396 2233 3460 ejus
2260 3407 2312 3448 et
2354 3397 2523 3450 solius
2578 3401 2876 3468 privilegia,
2915 3414 2964 3454 ut
3017 3420 3234 3458 necesse
3285 3409 3482 3460 habeat

1921 3485 2096 3550 quivis
2121 3488 2516 3541 condemnatus
2547 3493 2836 3560 episcopus
2878 3495 2941 3545 ad
2962 3496 3144 3548 sedem
3187 3496 3479 3552 Romanam

1922 3576 2200 3640 aecedere,
2234 3580 2325 3632 sed
2349 3582 2519 3634 etiam
2547 3584 2684 3650 apud
2711 3584 2894 3637 sedem
2933 3587 3480 3659 ConSIantinopolita-

1922 3682 2043 3720 nam
2079 3670 2350 3737 exaudiri;
2379 3674 2567 3726 eadem
2606 3690 2820 3743 quoque
2851 3693 3040 3733 rursus
3092 3681 3338 3735 dicimus.

1993 3850 2241 3906 ZONAR.
2277 3853 2332 3906 Si
2386 3856 2549 3922 quis,
2613 3857 2808 3925 inquit,
2865 3860 3150 3929 episcopus
3206 3863 3276 3918 ob
3304 3864 3478 3933 aliqua

1922 3944 2147 3997 crimina
2183 3947 2409 4013 delatus,
2442 3948 2543 4002 hoc
2575 3961 2676 4015 est,
2707 3965 2991 4008 accusatus
3022 3956 3206 4021 fuerit,
3249 3975 3481 4028 euntque

1921 4040 2226 4108 congregati
2266 4040 2384 4108 ejus
2423 4044 2657 4110 regionis
2689 4047 3121 4116 episcopigradu
3189 4055 3479 4120 moverint,

1921 4130 2023 4184 hoc
2053 4141 2156 4193 est,
2194 4133 2481 4198 episeopali
2506 4137 2768 4204 dtgnitale
2796 4142 3102 4205 spoliat'ittt,
3155 4159 3385 4212 moxque
3415 4149 3480 4198 ab

1922 4224 2297 4294 iisjndicibus,
2333 4243 2359 4280 a
2407 4229 2604 4301 quibus
2658 4233 2946 4286 damnatus
2981 4234 3100 4300 fuit,
3162 4236 3227 4289 ad
3287 4253 3479 4306 papam

1921 4319 2248 4383 provocarit,
2305 4321 2392 4386 qui
2427 4320 2516 4373 tllo
2549 4322 2732 4374 audito
2786 4327 2979 4377 iterum
3026 4330 3318 4381 examinari
3349 4345 3480 4381 can-

1920 4427 2055 4476 sam,
2092 4428 2396 4480 novunique
2451 4413 2516 4467 de
2557 4431 2617 4466 ea
2660 4416 2919 4483 judicium
2975 4419 3223 4483 institui,
3270 4437 3477 4487 atquum

1921 4505 2346 4571 existimaverit;
2402 4505 2608 4560 litteras
2661 4509 2726 4559 ad
2783 4509 3065 4576 episcopos
3089 4509 3136 4564 ei
3187 4513 3479 4576 provinciae

1922 4599 2100 4666 inqua
2137 4599 2427 4652 dnmnatus
2453 4599 2741 4667 cpisc0pus
2769 4603 2932 4668 degit,
2981 4607 3255 4670 proximos
3279 4609 3477 4668 titillat,

1919 4703 1976 4743 ιιι
2013 4692 2136 4759 ipsi,
2168 4692 2456 4759 diligenter
2521 4693 2793 4760 explorata
2838 4702 3236 4758 controversia,
3278 4709 3384 4750 tota
3416 4700 3481 4752 de

1920 4797 1975 4836 re
1999 4781 2468 4850 pusteajudicenl.
2533 4781 2756 4836 Videtur
2811 4799 2970 4851 porro
3032 4787 3119 4839 hic
3184 4804 3353 4841 canon
3384 4790 3482 4843 hoc

1919 4873 2038 4925 loco
2097 4873 2387 4926 secundam
2454 4889 2670 4942 quoque
2731 4877 3175 4943 provocationem
3229 4882 3481 4932 damnato

1919 4967 2172 5035 episeopo
2216 4966 2366 5019 dare.
2399 4966 2452 5019 Si
2502 4968 2624 5035 quis
2677 4970 2843 5030 enim,
2895 4970 3008 5034 ait,
3042 4975 3291 5038 quamvis
3342 4990 3369 5026 a
3405 4975 3484 5025 vi-

1920 5060 2054 5112 cina:
2087 5061 2378 5126 provincia:
2409 5059 2678 5127 episc0pis
2710 5063 3126 5125 condemnatus,
3167 5064 3361 5118 iterum
3385 5081 3480 5118 au-

1920 5151 2017 5202 diri
2055 5151 2202 5210 velut.
2258 5167 2354 5202 nec
2404 5150 2451 5202 id
2507 5148 2778 5202 Rullianus
2826 5152 3110 5220 episcOpns
3151 5155 3349 5207 abnuat
3405 5157 3478 5223 (id

1921 5256 2149 5309 uainqnc
2195 5250 2361 5293 totum
2395 5241 2461 5290 ad
2515 5239 2657 5291 illius
2696 5239 2978 5291 arbitrium
3024 5241 3214 5294 referri
3263 5241 3481 5310 placet),

1921 5335 2320 5402 prcsbyterosa
2376 5346 2475 5386 suo
2529 5332 2696 5384 latere
2747 5331 2972 5400 ipsemet
3031 5333 3228 5395 tnittat,
3279 5332 3481 5385 electos

1923 5423 2262 5479 uimirumex
2289 5423 2375 5486 iis,
2410 5438 2548 5489 quos
2590 5423 2751 5476 habet
2805 5425 2903 5481 sibi
2943 5427 3146 5480 honore
3207 5427 3483 5494 proximos

1922 5510 2398 5581 iamiiiaritateqne
2427 5513 2765 5580 conjuuctos,
2804 5515 3146 5569 auctoritatis
3171 5517 3482 5584 potestatis-

1921 5619 2032 5674 qne
2073 5620 2181 5658 su.e
2218 5606 2466 5669 vicarius,
2499 5607 2590 5674 qui
2622 5606 2884 5675 episc0pis
2947 5606 3206 5660 adhibitis
3263 5621 3479 5660 causam

1922 5699 2068 5753 illam
2101 5699 2640 5766 cantroversianiquc
2689 5699 2963 5753 deliniant.
3002 5697 3056 5752 Si
3087 5713 3213 5751 vero
3250 5700 3334 5760 iis,
3363 5714 3482 5767 quae

1936 5794 1988 5848 in
2018 5790 2304 5861 episcopali
2344 5791 2711 5847 controversia
2763 5791 3064 5847 deﬁnienda
3091 5790 3200 5859 jam
3253 5801 3371 5846 acta
3421 5805 3481 5844 ac
