4178 6420
210 419 356 481 1415

296 557 314 586 ι
354 534 571 586 πόλεσιν
610 519 875 601 καθιστᾷν
911 529 1242 589 ἐπισκόπους
1282 524 1616 594 ὀφείλουσιν,
1654 520 1781 571 ἔνθα
1812 522 1859 575 Α

295 647 312 679 ι
351 627 444 678 καὶ
490 625 752 694 πρότερον
795 623 1089 689 ἐτύγχανον
1133 618 1416 684 γεγονότες
1465 616 1777 666 ἐπίσκοποι.

298 737 316 769 ι
357 719 418 769 Et
443 717 494 768 δὲ
523 716 832 783 εὑρίσκοιτο
861 713 1026 772 οὕτως
1045 707 1389 778 πληθύνουσά
1410 723 1492 764 τις
1515 708 1570 757 ἐν
1603 702 1779 769 πολλοξ)

294 828 312 860 ι
358 809 576 877 ἀριθμῷ
599 806 727 859 λαοῦ
756 806 929 867 πόλις,
957 803 1030 863 ὼς
1061 801 1216 863 ἀξίαν
1239 798 1404 867 αὐτὴν
1432 797 1528 865 τῆς
1557 798 1783 865 ἐπισκο-

293 920 311 952 ι
351 901 457 968 πῆς
490 898 842 967 νομίζεσθαι,
874 894 1214 964 λαμὸανέτω.
1257 890 1318 943 Εἰ
1359 890 1522 941 πᾶσιν
1561 889 1783 956 ἀρέσκει.

295 1011 312 1042 ι
354 993 546 1055 τοῦτο;
599 989 984 1057 ’Λπεκρέναυτο
1022 985 1220 1046 πάντες
1246 998 1258 1011 ’
1306 977 1572 1048 ’Δρέσκει.
1615 997 1633 1029 ›

289 1084 482 1137 ΒΔΛΣ.
527 1081 629 1132 Τοῦ
668 1080 732 1146 ιβ’
766 1079 984 1138 κανόνος
1019 1077 1114 1144 τῆς
1149 1077 1206 1126 ἐν
1237 1071 1521 1141 Λαοδικείᾳ
1568 1069 1783 1122 συνόδου

209 1175 311 1228 καὶ
360 1174 558 1241 ἑτέρων
601 1170 992 1238 διορισαμένων
1029 1167 1127 1226 τὰς
1169 1163 1379 1231 ψήφους
1411 1162 1518 1212 τῶν
1563 1159 1785 1210 ἐπισκό-

208 1269 336 1315 πων
385 1261 664 1330 γίνεσθαι,
710 1261 784 1329 μὴ
824 1259 972 1327 παρά
1008 1257 1100 1310 τοῦ
1134 1255 1368 1323 πλήθους
1399 1255 1507 1303 τῶν
1539 1252 1745 1302 πόλεων
1767 1287 1781 1310 ,

209 1357 354 1410 ἀλλά
382 1357 533 1424 παρὰ
550 1350 872 1422 ἀρχιερέων,
896 1353 922 1402 ό
951 1347 1137 1416 παρὼν
1162 1346 1340 1404 κανὼν
1359 1343 1650 1413 διορίζεται
1677 1343 1781 1405 ὅτι,

207 1450 314 1500 ὲάν
346 1447 524 1516 συμϐῇ
550 1444 657 1497 ἀπὸ
682 1444 786 1496 τῶν
809 1434 1117 1496 ἐπισκόπων
1139 1440 1236 1508 τῆς
1259 1438 1522 1508 ἐπαρχίας
1553 1435 1644 1487 ἕνα
1664 1433 1786 1486 τινὰ

210 1543 538 1608 ἀποδημεῖν,
581 1539 672 1592 καὶ
729 1539 801 1606 μὴ
844 1536 1015 1589 θέλειν
1066 1531 1202 1603 μείτά
1247 1531 1338 1584 τοῦ
1392 1529 1627 1600 πλήθους
1677 1527 1784 1580 τῶν

215 1630 431 1682 πολλῶν
482 1629 774 1691 συνελθεῖν,
822 1627 904 1696 ἐφ’
947 1619 989 1692 ᾧ
1022 1626 1118 1695 τὴν
1161 1624 1342 1692 ψῆφον
1385 1621 1637 1691 γενέσθαι
1687 1619 1785 1685 τῆς

211 1724 562 1798 χηρευούσης
593 1723 901 1792 ἐκκλησίας,
935 1722 1003 1774 τὰ
1032 1721 1085 1772 δὲ
1119 1717 1294 1788 πλήθη
1329 1715 1425 1782 τῆς
1456 1715 1662 1774 πόλεως
1693 1712 1788 1780 ζη-

211 1817 384 1871 τῶσιν
431 1816 709 1887 ἀρχιερέα,
757 1814 958 1883 ὀφείλει
1008 1816 1035 1864 ό
1088 1811 1312 1879 ἔξαρχος
1359 1808 1459 1875 τῆς
1497 1804 1785 1874 ἐπαρχίας,

211 1909 387 1976 ἡγουν
410 1907 437 1958 ό
468 1905 885 1975 μητροπολίτης,
918 1898 1333 1970 μετακαλεῐσθαι
1354 1898 1445 1948 καὶ
1467 1894 1556 1947 τὸν
1583 1895 1790 1946 ἀπόντα

211 2002 509 2050 ἐπίσκοπον
547 1998 631 2049 διὰ
659 1994 1020 2064 γραμμάτων,
1046 1992 1117 2052 ὡς
1140 1991 1204 2044 ἂν
1227 1990 1440 2059 γίνηται
1464 1989 1496 2056 ἡ
1519 1986 1792 2039 κατάστα-

215 2107 305 2152 σις
360 2091 450 2140 τοῦ
501 2087 796 2139 ἐπισκόπου
833 2084 984 2152 παρά
1027 2083 1242 2134 πάντων
1276 2081 1384 2132 τῶν
1433 2077 1789 2147 ἐπαρχιωτῶν

213 2183 358 2235 κατά
402 2182 492 2233 τὸν
523 2180 561 2231 δ’
595 2178 794 2230 κανόνα
831 2177 928 2244 τῆς
968 2172 1015 2225 α’
1065 2173 1302 2230 συνόδου.
1338 2173 1399 2223 Et
1428 2171 1486 2223 δὲ
1530 2165 1687 2231 οὗτος
1728 2167 1787 2220 οὐ

215 2273 437 2338 θελήσει
478 2271 860 2340 παρουσιάσαι,
890 2266 1010 2319 οὑδέ
1046 2266 1284 2316 συναινΞῖ
1314 2263 1380 2315 δι’
1414 2262 1785 2331 ἀντιγραφῆς»

212 2365 465 2431 γίνεσθαι
511 2366 607 2431 τὴν
650 2363 826 2430 ψῆφον
879 2361 1018 2412 κατὰ
1050 2361 1108 2410 τὸ
1154 2355 1309 2418 δόξαν
1340 2355 1417 2426 τῷ
1458 2353 1650 2423 πλήθει
1680 2353 1788 2404 τῶν

216 2437 573 2523 ἐπαρχιωτὼν
595 2454 923 2506 ἐπισκόπων.
952 2450 1082 2502 Οὐδέ
1099 2449 1206 2518 γὰρ
1233 2447 1576 2518 προϐαλεῖται
1601 2447 1630 2497 ὁ
1652 2448 1786 2497 ἀπο-

212 2549 405 2616 δημῶν
453 2548 674 2614 ἄγνοιαν
726 2545 759 2616 ἦ
814 2544 1250 2611 καταφρόνησιν,
1307 2539 1380 2602 ὡς
1432 2537 1788 2606 μετακληθεὶς

219 2639 373 2710 παρά
406 2642 502 2707 τῇς
555 2639 770 2690 συνόδου
803 2638 894 2690 καὶ
941 2637 1015 2706 μή
1051 2637 1444 2704 παρουσιάσας.
1479 2632 1664 2687 Ταῦτα
1696 2630 1786 2683 τοῦ

219 2734 443 2793 κανόνος
468 2732 834 2800 διοριζομένου
861 2733 987 2794 περὶ
1009 2728 1186 2796 ψήφου
1207 2723 1545 2795 χηρευούσης
1569 2727 1790 2777 ἐπισκοο

219 2824 355 2892 πῆς,
389 2825 506 2875 ἐπεὶ
529 2823 632 2890 πρὸ
653 2821 740 2871 τοῦ
764 2817 844 2889 κη’
878 2822 1094 2878 κανόνος
1123 2817 1218 2884 τῆς
1245 2819 1302 2866 ἐν
1319 2815 1622 2883 Χαλκηδόνι
1658 2832 1783 2866 συν-

217 2915 346 2966 όδου
376 2917 422 2965 oi
470 2912 859 2984 μητροπολῖται
891 2911 1035 2977 παρᾶι
1073 2906 1384 2958 ἐπισκόπων
1408 2904 1665 2970 ἐγίνοντο,
1695 2907 1788 2960 καὶ

221 3004 344 3072 οὐχὶ
381 3004 533 3071 παρὰ
570 3002 664 3053 τοῦ
699 3000 837 3052 κατά
873 2999 1094 3066 καιροὺς
1132 2995 1469 3064 πατριάρχου
1506 2997 1789 3046 Κωνστανο

220 3095 554 3148 τινουπόλεω
591 3133 605 3155 ,
628 3090 806 3151 καθὼς
837 3090 1041 3156 γίνεται
1069 3090 1326 3156 σήμερον,
1352 3087 1514 3155 φησὶν
1553 3088 1580 3137 ὁ
1611 3085 1789 3137 κανὼν

1320 409 1402 472 IN
1439 409 1603 470 CAN.
1646 407 1720 467 VI
1751 404 1959 464 CONC.
1995 403 2307 464 SARDIC.

3308 402 3443 467 1446

1968 533 1985 566 ι
2019 526 2142 581 patu
2181 518 2337 582 digna
2361 514 2645 582 iudicetur,
2681 515 2932 584 accipiat.
2957 517 3037 567 An
3066 516 3164 567 hoc
3195 517 3442 570 onmibus

1981 626 1996 655 ι
2027 607 2241 674 placet?
2272 605 2686 680 ltespondcrunt
2709 621 2893 660 munes
2915 648 2930 672 ,
2969 605 3171 659 Placet.
3197 625 3214 657 ι

1959 1062 2148 1122 BALS,
2179 1065 2308 1118 Cum
2346 1082 2518 1118 canon
2548 1066 2611 1118 l9.
2661 1066 2976 1120 Laodicente
3039 1068 3228 1138 synodi
3269 1078 3320 1122 et
3353 1071 3442 1123 alii

1889 1158 2187 1211 decernant
2213 1160 2326 1212 ﬁeri
2355 1160 2724 1226 epiSttoporum
2758 1161 3069 1225 electiones,
3109 1176 3211 1213 non
3244 1178 3270 1212 a
3314 1163 3448 1212 llllll—

1889 1250 2115 1303 titudine
2157 1251 2457 1313 civitatum,
2486 1252 2577 1303 sed
2599 1255 2663 1304 ab
2696 1253 3059 1314 antistitibus,
3095 1268 3327 1316 przeseus
3359 1269 3450 1305 Ca-

1889 1357 1990 1395 non
2020 1342 2225 1406 statuit,
2263 1343 2402 1409 quod
2430 1342 2472 1395 si
2506 1343 2793 1411 contigerit
2822 1359 2883 1396 ex
2918 1343 3187 1411 episcopis
3232 1347 3450 1411 provin-

1889 1431 1984 1484 ciae
2007 1431 2235 1498 aliquem
2289 1449 2452 1484 unum
2507 1433 2722 1497 abesse,
2775 1442 2828 1486 et
2891 1434 3030 1488 nolle
3087 1450 3207 1487 cum
3273 1435 3448 1502 populi

1892 1523 2236 1575 multitudine
2264 1525 2576 1589 cmtvenire,
2611 1534 2665 1576 ιιι
2701 1525 2787 1577 ﬁat
2817 1525 3007 1577 electio
3064 1528 3306 1579 vacantis
3353 1543 3450 1580 ec-

1890 1614 2065 1668 clesia:
2090 1656 2104 1679 ,
2133 1615 2368 1669 civitatis
2395 1629 2573 1668 autem
2608 1617 2836 1684 populus
2872 1627 3077 1681 ψιαιιοι
3115 1616 3448 1672 antistitem:

1890 1705 2052 1758 debet
2099 1707 2364 1758 exarcltus
2439 1706 2752 1773 provincizc,
2803 1707 2916 1756 sive.
2980 1706 3451 1773 tnetrOpolitanus.

1892 1797 2051 1850 etiam
2098 1797 2368 1849 absentem
2427 1799 2735 1865 episrolium
2779 1797 2977 1850 litteris
3035 1813 3339 1860 accersere,
3393 1807 3454 1849 ut

1825 1858 1864 1912 Β
1898 1888 1991 1942 ﬁat
2014 1888 2247 1956 episc0pi
2279 1888 2596 1941 constitutio
2627 1888 2693 1940 ab
2715 1889 2962 1940 omnibus
3015 1888 3451 1954 provincialibus,

1895 1977 2563 2045 ntvultcanon4prima:
2588 1977 2806 2046 synodi.
2868 1976 2921 2030 Si
2977 1977 3022 2031 is
3082 1989 3259 2030 autem
3320 1980 3455 2030 nolit

1893 2068 2102 2135 adesse,
2136 2083 2235 2120 nec
2255 2081 2345 2135 per
2372 2068 2694 2132 rescriptum
2725 2069 3073 2130 assentiatur,
3105 2068 3196 2118 ﬁat
3240 2069 3452 2128 electio,

1894 2169 1949 2212 ut
1981 2161 2171 2226 populo
2229 2159 2403 2211 visunt
2455 2157 2638 2220 fuerit,
2698 2157 3113 2223 provincialium
3169 2159 3454 2227 episc0po-

1890 2267 2046 2306 rum:
2086 2265 2262 2318 neque
2301 2250 2466 2314 enim,
2511 2251 2598 2318 qui
2638 2251 2810 2312 abest,
2847 2253 3206 2321 ignorantiam
3254 2253 3454 2319 allega-

1890 2342 1969 2397 bit
2003 2342 2081 2394 vel
2111 2344 2191 2394 sui
2243 2350 2638 2408 contemptmn,
2696 2343 2835 2409 quod
2899 2343 3109 2396 scilicet
3166 2358 3193 2395 a
3249 2347 3455 2412 synodo

1896 2443 2116 2486 voratus
2173 2447 2274 2483 non
2335 2432 2586 2486 adfuerit.
2641 2432 2783 2485 Cum.
2823 2435 2940 2487 haec
3001 2448 3172 2487 canon
3235 2436 3454 2488 statuis-

1890 2535 1971 2580 set
1992 2526 2055 2577 de
2084 2525 2348 2578 electione
2402 2528 2644 2578 vacantis
2671 2526 2932 2591 ecclesize,
2968 2527 3089 2593 quia
3126 2535 3252 2578 ante
3312 2529 3455 2580 vice-

1890 2617 2083 2670 simum
2148 2623 2392 2667 octavum
2435 2630 2696 2668 cauonem
2753 2616 3216 2670 Chalcedonensis
3259 2618 3448 2685 synodi

1892 2705 2292 2771 metropolitani
2329 2706 2532 2757 fiebant
2566 2708 2631 2756 ab
2662 2706 2944 2774 episcopis,
2995 2718 3048 2758 et
3105 2723 3207 2758 non
3240 2723 3266 2756 a
3305 2707 3449 2761 Con-

1889 2796 2366 2864 stantinopolitano
2428 2811 2524 2861 pro
2562 2807 2802 2862 tempore
2835 2797 3164 2864 patriarcha,
3225 2809 3280 2851 ut
3311 2814 3456 2852 nunc

1892 2888 1949 2942 lit
1977 2907 1990 2953 ;
2024 2889 2149 2958 dicit
2175 2906 2368 2953 canon,
2399 2891 2541 2954 quod
2577 2889 2619 2940 si
2651 2891 2718 2941 sit
2759 2904 3072 2954 processura
3103 2891 3295 2942 electio
3342 2907 3456 2943 tuc-

1891 2982 2227 3050 tropolitani,
2262 2997 2366 3033 non
2402 2984 2493 3032 liat
2527 2996 2554 3032 a
2597 2982 2727 3034 solis
2765 2982 3189 3046 provincialibus
3242 2985 3456 3046 episco-

1892 3075 2011 3142 pis;
2051 3076 2144 3127 sed
2177 3075 2339 3126 etiam
2383 3072 2608 3125 munitm
2644 3073 2845 3124 accersi
2903 3082 3116 3138 oportet
3171 3075 3456 3139 episcopus

224 3187 342 3249 ὅτι,
382 3187 474 3238 ὲάν
513 3164 679 3252 μὲλλῂ
714 3169 983 3251 προϐῆναι
1033 3179 1210 3250 ψῆφος
1242 3177 1678 3248 μητροπολίτου,
1727 3178 1786 3228 οὐ

1891 3165 2192 3217 vicinarum
2221 3164 2520 3232 regionmn,
2560 3174 2779 3232 propter
2816 3163 3216 3230 metropolitani
3252 3167 3455 3231 magni-

220 3281 509 3346 γενήσεται
543 3275 690 3342 παρὰ
725 3272 900 3340 μόνων
927 3271 1035 3323 τῶν
1063 3270 1418 3340 ἐπαρχιωτῶν
1445 3268 1788 3320 ἐπισκόπων*

217 3369 361 3424 ἀλλά
415 3368 518 3439 χρὴ
577 3363 995 3436 μετακαλεῖσθαι
1048 3365 1140 3416 καὶ
1189 3363 1405 3432 ἐτέρους
1459 3361 1789 3422 ἐπισκόπους

221 3464 654 3534 πλησιοχώρους,
688 3461 903 3522 πάντως
933 3460 1018 3511 διὰ
1048 3458 1108 3512 τὸ
1150 3458 1434 3526 μεγαλεῖον
1465 3455 1557 3506 τοῦ
1592 3471 1792 3524 μητρο-

219 3555 462 3616 πολίτου,
509 3554 566 3619 ὃν
609 3554 700 3605 καὶ
746 3551 971 3621 ἔξαρχον
1016 3548 1277 3618 ἐπαρχίας
1319 3548 1592 3616 ὀνομάζει.
1636 3545 1791 3598 Οὕτω

218 3650 334 3720 γὰρ
381 3648 552 3716 πάντη
593 3644 900 3705 ἀνύποπτος
935 3642 1088 3694 ἔσται
1136 3641 1168 3710 ἢ
1221 3639 1413 3728 τούτουΙ
1457 3640 1652 3707 ψῆφος,
1713 3639 1789 3701 ὡς

221 3741 377 3811 παρὰ
422 3739 683 3791 πλειόνων
720 3736 1017 3806 ἀρχιερέων
1049 3731 1336 3800 γενομένη.
1382 3731 1503 3782 Ὅτι
1533 3731 1588 3785 δὲ
1616 3729 1790 3798 ψηφι-

219 3832 468 3900 ζομένων
505 3830 817 3882 ἐπισκόπων
859 3824 1129 3878 ταπεινῶν
1180 3825 1256 3884 εἰς
1299 3839 1450 3883 τινας
1501 3821 1788 3891 παροικίας

220 3923 479 3986 εὐτελεῖς,
513 3923 568 3972 ἐν
604 3915 688 3980 αἷς
729 3917 987 3977 πολλάκις
1020 3915 1140 3967 οὑδέ
1176 3909 1314 3984 ἦσαν
1343 3913 1662 3976 ἐπίσκοποι,
1697 3915 1789 3964 καὶ

220 4014 364 4082 πεζῇ
398 4010 744 4080 βαδιζόντων,
774 4009 866 4058 καὶ
897 4005 1069 4066 ἄλλως
1095 4003 1262 4083 ὄντων
1295 4001 1788 4073 καταπεφρονημέο

222 4123 352 4168 νων,
397 4105 458 4156 τὺ
503 4104 597 4169 τῆς
641 4099 1046 4170 ἀρχιερωσύνης
1104 4097 1320 4164 ἀξίωμα
1368 4093 1784 4165 περιυϐρίζετο·

214 4189 430 4266 ὶῗιρισαν
483 4196 529 4245 οἱ
573 4194 810 4261 Πατέρες
868 4189 939 4260 μὴ
979 4186 1340 4244 καθίστασθαι
1387 4187 1681 4240 ἐπίσκοπον
1732 4186 1790 4238 ἐν

222 4291 389 4358 κώμῃ
431 4287 555 4358 ἢέν
613 4283 795 4354 χωρίῳ
835 4282 958 4351 ἢέν
1011 4280 1167 4335 πόλει
1220 4277 1467 4347 βραχείᾳ,
1525 4269 1647 4347 ἐνῇ
1692 4276 1790 4326 καὶ

223 4375 305 4444 εἷς
356 4380 530 4449 ἱερεὺς
584 4376 835 4445 ἐπαρκεῖ,
900 4372 987 4429 ἵνα
1044 4369 1119 4440 μὴ
1170 4368 1569 4436 ἐξευτελίζηται
1617 4369 1650 4436 ή
1695 4368 1790 4418 αὖ·

223 4474 408 4526 θεντία
441 4473 540 4538 τῆς
580 4467 1015 4538 ἀρχιερωσύνης·
1057 4461 1172 4514 ἀλλ’
1206 4464 1285 4524 είς
1315 4460 1524 4519 ἐκείνας
1558 4459 1655 4521 τὰς
1690 4465 1789 4511 πό-

1896 3256 2153 3317 tudinem,
2187 3268 2343 3322 quem
2373 3254 2535 3307 etiam
2583 3252 2874 3305 exarchum
2930 3255 3221 3321 provinciae
3279 3256 3454 3307 nomi-

1896 3357 2005 3404 nat.
2038 3345 2128 3400 Sic
2160 3348 2306 3400 enim
2334 3347 2401 3398 ab
2427 3347 2571 3398 omni
2601 3346 2738 3397 mala
2769 3347 3078 3411 suspicione
3132 3346 3295 3397 libi-ra
3354 3348 3458 3398 erit

1885 3437 2109 3499 electio,
2141 3437 2337 3504 uthuze
2360 3451 2388 3487 a
2417 3436 2657 3504 pluribus
2681 3436 3010 3488 antistitibus
3037 3434 3174 3488 facta
3199 3436 3288 3490 sit.
3320 3437 3455 3500 Quia

1894 3538 2073 3580 autem
2112 3529 2305 3580 vilibus
2333 3527 2519 3582 electis
2549 3527 2816 3596 episcopis
2853 3527 2903 3579 in
2933 3528 3113 3596 parvis
3142 3528 3452 3596 vilibusqne

1894 3620 2166 3688 parmciis,
2191 3620 2240 3672 in
2274 3608 2637 3688 quibus'szepe
2668 3635 2734 3673 ne
2770 3631 2925 3672 erant
2954 3621 3165 3688 quidem
3197 3621 3455 3689 episcopi,

1892 3711 1982 3781 qtti
2017 3722 2071 3763 et
2095 3710 2319 3777 pedibus
2355 3712 2698 3773 incedebant,
2764 3722 2817 3766 et
2877 3721 3033 3766 erant
3072 3713 3271 3780 alioqui
3320 3729 3454 3764 con-

1892 3804 2107 3873 tempti,
2140 3803 2464 3871 episcopalis
2531 3804 2768 3871 dignitas
2827 3805 3152 3857 contumelia
3191 3801 3458 3858 allicieba-

1894 3906 2022 3962 tur;
2057 3906 2366 3952 statuerunt
2395 3893 2603 3958 Patres,
2645 3912 2710 3947 ne
2757 3897 3122 3949 constituatur
3169 3898 3458 3965 episcopus

1895 3991 1948 4042 in
1979 3991 2258 4054 vico,sive
2289 3991 2340 4041 in
2397 4002 2552 4057 pago,
2593 3989 2672 4041 vel
2726 3987 2777 4040 itt
2816 3988 3007 4055 exiguo
3062 3988 3340 4056 oppidulo,
3402 3989 3454 4040 it.

1895 4098 1999 4149 quo
2037 4083 2115 4134 vel
2149 4098 2283 4135 unus
2315 4081 2574 4135 Sacerdos
2607 4079 2832 4143 snilicit;
2898 4097 2962 4133 ne
3005 4081 3329 4148 episc0palis
3378 4081 3458 4132 di-

1894 4174 2070 4240 gnitas
2098 4172 2494 4242 vilipendatur:
2528 4173 2619 4225 sed
2651 4173 2701 4224 in
2737 4171 3084 4224 illisurbibus
3116 4172 3466 4225 constituam

1896 4278 1982 4326 tur
2013 4266 2273 4334 episcopi,
2335 4280 2453 4334 qua
2515 4265 2823 4318 hominibus
2873 4263 3170 4328 abundant,
3229 4276 3283 4315 et
3337 4279 3462 4332 qua:

1890 4358 2000 4427 jam
2028 4359 2153 4410 olim
2190 4358 2388 4410 habent.
2429 4358 2732 4426 episeopos.
2763 4355 3038 4421 Tanquam
3075 4364 3248 4407 autem
3280 4355 3456 4406 «Ιίχίες

1895 4449 2542 4520 setquispiant,iniquum
2576 4463 2699 4502 esse
2747 4447 2936 4501 urbem
2981 4448 3179 4514 populo
3214 4447 3456 4512 frequen—

222 4566 337 4628 λεις
382 4564 712 4622 ἐπισκέπους
768 4555 1127 4611 καθίστασθαι
1169 4556 1262 4615 τὰς
1307 4549 1785 4620 πολυανθρώπους,

1896 4558 1999 4597 tem
2033 4557 2134 4595 non
2169 4541 2366 4594 habere
2398 4541 2719 4603 antistitem,
2757 4555 2822 4592 eo
2857 4535 2998 4606 Quod
3036 4539 3145 4605 jam
3187 4537 3311 4588 olim
3340 4536 3456 4605 epi-

224 4657 323 4717 τάς
351 4655 457 4707 ἀπὸ
489 4652 718 4703 παλαιοῦ
748 4649 978 4718 ἐχούσας
1002 4647 1295 4716 ἀρχιερεῖς.
1337 4644 1424 4704 Ὠς
1454 4642 1509 4694 δέ
1538 4659 1680 4703 τινος
1713 4645 1791 4694 εξ-

223 4748 420 4807 πόντος
470 4743 650 4796 ἄδικον
683 4736 820 4791 εἶναι
850 4740 909 4789 τὸ
953 4735 1025 4807 μὴ
1061 4737 1203 4805 ἔχειν
1244 4735 1341 4803 τήν
1373 4734 1792 4803 πολυάνθρωπον

226 4833 381 4884 πόλιν
416 4829 676 4900 ἀρχιερέα
699 4869 712 4891 ,
745 4827 832 4878 διὰ
866 4827 921 4877 τὸ
957 4829 1030 4895 μὴ
1060 4826 1123 4876 ἐκ
1156 4823 1386 4877 παλαιοῦ
1431 4821 1790 4874 καθίστασθαι

225 4923 522 4981 ἐπίσκοπον
553 4922 610 4972 ἐν
637 4920 799 4987 αὐτῇ,
833 4913 984 4969 εἷπον
1013 4918 1061 4971 oi
1099 4905 1336 4984 Πατέρες
1363 4917 1419 4966 ἐν
1444 4913 1668 4985 τοιαύτῃ
1698 4917 1794 4966 πό-

223 5021 308 5073 λει
351 5020 442 5073 καὶ
495 5015 559 5068 ἐκ
589 5013 707 5065 νέου
727 5008 1110 5081 ,καθίστασθαι
1138 5007 1454 5060 ἐπίσκοπον.
1487 5004 1586 5059 Καὶ
1622 5005 1792 5058 ταῦτα

227 5112 327 5185 μὲν
370 5111 531 5166 οὕτω.
560 5109 630 5160 Συ
661 5103 715 5158 δὲ
745 5103 1046 5173 σημείωσαι
1091 5099 1186 5153 καὶ
1222 5099 1327 5150 ἀπὸ
1385 5098 1649 5166 παρόντος
1697 5096 1792 5148 ’τοῦ

226 5203 471 5268 κανόνς,
507 5201 586 5253 ὅτι
610 5199 819 5267 ,ἀκυρός
857 5199 1005 5248 ἐστιν
1038 5193 1072 5260 ή
1102 5192 1277 5260 ψῆφος
1309 5187 1399 5242 τοῦ
1429 5190 1727 5251 ἐπισκόπου
1757 5188 1790 5257 ή

225 5297 489 5368 γινομένη
526 5294 693 5364 χωρὶς
743 5287 1044 5358 παρουσίας
1087 5284 1122 5356 ἢ
1170 5282 1525 5342 συναινέσεως
1578 5281 1792 5332 πάντων

222 5391 334 5443 τῶν
379 5385 755 5456 ἐπαρχιωτῶν.
805 5382 910 5434 Καὶ
937 5379 1032 5432 ἕνα
1059 5379 1167 5448 γάρ
1198 5378 1260 5430 ἐκ
1286 5373 1490 5428 τούτων
1515 5373 1793 5446 ἀπόδημον

225 5481 355 5536 ὄντα
391 5477 812 5550 μετακαλεῖσθαι
844 5475 873 5525 ό
907 5471 1089 5525 κανὼν
1121 5469 1438 5540 διωρίσατο.
1474 5467 1584 5518 Καὶ
1612 5467 1673 5518 οὐ
1704 5464 1794 5516 δύ-

229 5572 384 5627 ναταί
416 5589 496 5633 τις
523 5571 698 5637 λέγειν
727 5567 822 5630 ὡς,
849 5568 970 5619 ἐπεὶ
1000 5565 1033 5633 ἡ
1058 5562 1167 5615 τῶν
1196 5562 1456 5615 πλειόνων
1484 5559 1661 5628 ψῆφος
1695 5558 1795 5623 ἁρ-

230 5667 346 5729 κεῖ,
375 5667 409 5734 ή
441 5661 536 5716 τοῦ
567 5661 683 5722 ἐνδς
713 5657 950 5713 ἀπουσία
978 5657 1036 5708 οὺ
1072 5653 1498 5724 προκριματίσει
1519 5691 1534 5715 ,
1567 5648 1670 5702 κᾶν
1702 5651 1795 5701 καὶ

229 5757 441 5809 ἐναντία
485 5737 962 5825 ήγνὼμητούτου
1012 5747 1147 5800 ἐστί.
1197 5745 1295 5797 Διὰ
1348 5743 1454 5811 γὰρ
1497 5741 1673 5802 τοῦτο,
1721 5739 1796 5800 ὡς

231 5849 394 5912 ἔοικε,
440 5843 865 5909 μετακαλοῦνται
917 5841 1115 5902 πάντες
1168 5839 1216 5890 οἱ
1262 5834 1616 5902 ἐνδημοῦντες
1656 5831 1795 5886 κατὰ

1896 4646 2088 4700 smptts
2114 4632 2165 4682 in
2191 4647 2251 4683 ea
2285 4646 2390 4684 non
2428 4630 2830 4692 constituatur;
2874 4625 3192 4694 adjetct-unt
3240 4625 3456 4690 Patres,

1897 4724 1950 4777 in
1983 4723 2287 4792 bujusntodi
2313 4721 2530 4774 civitate
2560 4721 2722 4778 etiam
2756 4718 2820 4782 de
2855 4733 2993 4776 novo
3020 4717 3272 4776 constitui
3302 4733 3460 4784 posse

1897 4818 2234 4886 episcopum.
2263 4809 2423 4886 491
2462 4813 2526 4867 Et
2552 4814 2666 4867 haec
2699 4812 2918 4882 quidem
2976 4810 3075 4873 sic.
3139 4808 3215 4862 Τιι
3279 4819 3456 4863 autem

1897 4921 2022 4967 nota
2054 4913 2218 4966 etiam
2267 4896 2334 4963 ex
2397 4893 2496 4963 line
2549 4907 2800 4976 prtcsenti
2857 4922 3085 4972 canone,
3117 4909 3257 4971 quod
3307 4903 3458 4956 irrita

1895 5014 1975 5086 est
1997 5003 2188 5058 electio
2217 5002 2478 5071 episc0pi,
2511 5015 2629 5070 quae
2657 4999 2714 5068 tit
2744 4999 2864 5055 sine
2895 4998 3180 5067 pit-asentia
3218 4997 3299 5048 vel
3334 5009 3461 5048 c0n-

1895 5085 2059 5149 sensu
2087 5092 2325 5146 omnium
2354 5090 2796 5159 provincialium.
2855 5086 2986 5139 Nam
3025 5085 3107 5138 vel
3164 5101 3326 5137 unum
3392 5099 3460 5136 ex

1897 5185 1983 5249 iis,
2014 5184 2103 5252 qui
2126 5187 2337 5245 aberat,
2372 5184 2578 5253 accersi
2615 5179 2997 5247 jubet'canon.
3044 5178 3106 5229 Et
3133 5191 3235 5229 non
3280 5185 3456 5244 potest

1895 5276 2162 5346 quiSpiam
2213 5275 2395 5330 dicere
2439 5274 2606 5342 quod,
2662 5271 2918 5343 quoniam
2980 5270 3213 5339 plurium
3282 5267 3457 5320 valent

1897 5369 2174 5437 sull't'agia,
2205 5368 2366 5425 unius
2409 5366 2654 5430 absentia
2682 5382 2790 5418 non
2841 5367 2995 5416 atlert
3048 5361 3447 5430 pratjudiciunt,

1897 5459 2108 5516 etiarnsi
2166 5457 2441 5512 contraria
2510 5467 2592 5512 est
2652 5457 2765 5522 ejus
2829 5455 3119 5509 sententia.
3169 5453 3459 5519 Propterea

1897 5553 2062 5618 enim,
2119 5559 2178 5606 ut
2225 5558 2310 5611 est
2357 5560 2806 5609 consentaneum,
2862 5557 3220 5600 accersuntur
3273 5559 3460 5593 omnes

1897 5647 1989 5714 qui
2032 5645 2084 5696 in
2120 5644 2340 5710 regione
2372 5640 2567 5694 adsunt
2633 5642 2685 5696 in
2751 5642 2887 5695 hanc
2944 5637 3162 5691 urbium
3219 5635 3457 5703 reginam

1899 5734 2192 5796 antistites,
2221 5733 2433 5808 quando
2463 5730 2621 5796 debet
2657 5720 2885 5796 alicujus
2928 5728 3167 5782 ecclesiae
3197 5725 3309 5778 ﬁeri
3357 5723 3460 5777 ele—

1901 5829 2030 5892 ctio,
2069 5836 2122 5880 et
2154 5841 2273 5879 eam
2299 5823 2459 5882 unius
2515 5824 2755 5876 absentia
2809 5821 3054 5878 imocdit.
3109 5820 3244 5873 Cum
3281 5827 3457 5870 autem
