4178 6420
222 441 372 506 1449

1353 443 1433 502 1N
1465 443 1628 502 CAN.
1676 440 1786 502 VII
1847 439 2052 502 CONC.
2110 441 2403 502 SARDIC.

3352 445 3372 505 l
3392 445 3484 505 ιδο

215 559 468 626 γίνεται,
498 557 610 610 ἀλλ’
639 549 720 618 οἷς
751 556 784 624 ὴ
830 557 1134 627 χειροτονία
1180 555 1289 608 τῶν
1324 556 1640 608 ἐπισκόπων
1672 557 1790 608 ἀπο·

1912 554 2051 606 ratio
2087 558 2189 618 est,
2219 562 2277 607 et
2317 553 2388 606 ab
2423 552 2509 617 iis,
2555 551 2754 622 quibus
2801 552 3088 622 episcopos
3129 553 3347 606 creandi
3398 555 3483 619 jus

208 651 544 719 νενέμηται,
574 650 775 700 ἐκείνοι
801 648 888 700 διὰ
920 647 1027 699 τῶν
1063 647 1377 700 ἐπισκόπων
1405 648 1503 716 τῆς
1533 646 1802 716 ἐπαρχίας

214 741 558 810 ψηφίζονται
610 742 740 803 τοὺς
771 740 1072 810 ἀρχιερεῖς.
1125 738 1282 808 Ἑξῆς
1323 738 1380 792 δὲ
1410 739 1438 790 ὁ
1484 737 1662 790 κανὼν
1689 738 1806 792 δια-

205 835 480 886 τάττεται
531 831 605 902 μὴ
657 830 906 899 γίνεσθαι
965 830 1265 882 ἐπίσκοπον
1312 829 1372 881 ἐν
1407 827 1569 898 κώμῃ
1619 827 1726 880 τινὶ
1768 827 1800 896 ἢ

208 925 376 977 πόλει
419 924 612 994 μικρᾷ,
654 917 816 996 ᾖκαλ⁹
870 915 952 983 εἷς
1007 921 1381 991 πρεσϐύτερος
1427 920 1614 990 ἀρκεῖ·
1648 919 1676 972 ὃ
1707 919 1804 972 καὶ

206 1016 242 1069 ὁ
287 1014 364 1080 νζ*
391 1014 573 1069 κανὼν
621 1015 724 1085 τῆς
779 1015 838 1068 ἐν
881 1013 1175 1085 Λαοδικείᾳ
1221 1012 1440 1066 συνόδου
1485 1011 1799 1081 διωρίσατο.

215 1109 562 1180 Προστίθησι
617 1108 675 1162 δέ
726 1109 756 1160 ὁ
813 1106 993 1161 κανὼν
1043 1101 1198 1171 οὗτος
1236 1107 1318 1159 ὅτι
1370 1107 1470 1159 οὐκ
1503 1105 1802 1173 ἀναγκαῖόν

212 1204 375 1254 ἐστιν
408 1201 708 1254 ἐπίσκοπον
739 1199 858 1252 ἐκεῖ
884 1199 1267 1261 καθίστασθαι,
1292 1198 1368 1261 ὡς
1396 1198 1463 1252 ἂν
1498 1199 1573 1267 μὴ
1605 1214 1803 1250 κατευ-

204 1294 502 1362 τελίξηται
533 1293 594 1345 τὸ
620 1292 791 1361 δνομα
826 1291 921 1344 καὶ
953 1292 989 1358 ἡ
1023 1290 1287 1345 αὒθεντία
1325 1290 1421 1343 τοῦ
1449 1289 1754 1343 ἐπισκόπου
1775 1303 1792 1320 ⁸

208 1387 338 1439 ἀλλ’
367 1386 417 1438 οί
445 1385 544 1455 τῆς
573 1384 848 1456 ἐπαρχίας
889 1383 1096 1453 πρῶτοι
1131 1383 1446 1445 ἐπίσκοποι,
1481 1382 1532 1434 oi
1586 1397 1793 1451 μητρο·

210 1481 438 1532 πολῖται
461 1478 685 1548 δηλαδὴ,
707 1480 905 1530 ἐκεῖνοι
933 1476 1208 1545 ὀφείλουσι
1232 1478 1406 1528 ποιεῖν
1436 1474 1794 1539 ἐπισκόπους,

207 1574 356 1626 ὅπου
399 1573 497 1626 καὶ
536 1570 823 1641 πρότερον,
861 1569 1030 1640 ἢγουν
1079 1570 1144 1621 ἐκ
1189 1567 1452 1631 παλαιοῦ,
1494 1562 1636 1638 ἦσαν
1673 1567 1796 1619 ἐπί-

211 1681 438 1718 σκοποι.
473 1663 536 1716 Εἰ
563 1663 618 1716 δέ
653 1679 759 1725 τις,
805 1663 960 1731 φησὶ,
1008 1660 1164 1725 πόλις
1191 1661 1457 1731 πρότερον
1493 1660 1567 1731 μὴ
1595 1659 1796 1730 ἔχουσα

212 1758 428 1827 πλῆθος
478 1756 614 1809 πολὺ
647 1756 909 1819 πολιτῶν,
945 1756 1258 1827 εὑρίσκοιτο
1308 1752 1449 1824 μετά
1481 1753 1657 1807 ταῦτα
1697 1769 1794 1823 γε-

209 1849 421 1920 νομένη
473 1847 860 1918 πολυπληοὴς,
903 1846 978 1910 ὡς
1041 1847 1200 1913 ἀξίαν
1254 1844 1424 1916 αὐτὴν
1464 1844 1793 1916 νομισθῆναι

1908 656 2012 706 est,
2044 646 2237 699 stnnmi
2273 660 2490 713 quoque
2539 645 2851 700 sacerdotes
2899 661 2995 713 per
3041 647 3322 714 episcopos
3358 662 3478 713 pro.

1908 737 2097 792 vincite
2121 737 2451 806 deliguntur.
2488 737 2542 790 In
2568 737 2636 790 iis
2670 752 2831 806 porro
2852 753 2972 807 qum
2999 747 3319 808 sequuntur,
3351 754 3480 792 con-

1907 830 2056 883 stitui
2097 831 2408 897 episcopum
2445 830 2496 881 in
2525 831 2719 900 Oppido
2747 832 2998 900 quopiam
3026 870 3041 894 ,
3070 831 3267 885 exilive
3321 833 3480 894 urbe,

1905 920 1994 975 cui
2023 921 2106 974 vel
2134 935 2275 975 unus
2309 918 2588 988 presbyter
2624 919 2952 975 suffecturus
2987 923 3076 986 sit,
3109 937 3280 975 canon
3314 932 3480 974 vetat.

1903 1012 2067 1085 492
2100 1012 2256 1078 Quod
2288 1012 2508 1082 quidem
2547 1011 2860 1066 Laodicenze
2898 1027 3111 1082 quaque
3162 1013 3354 1070 svnodi
3379 1013 3480 1078 ἷξε.

1904 1108 2076 1176 ptimo
2099 1114 2152 1159 et
2180 1105 2629 1176 quinquagesimo
2653 1121 2860 1161 canone
2883 1105 3160 1160 definitum
3183 1106 3298 1158 fuit.
3318 1105 3479 1158 Addit

1903 1214 2034 1254 vero
2066 1199 2153 1252 hic
2185 1214 2358 1253 canon
2403 1208 2686 1266 praeterea,
2741 1215 2848 1254 non
2901 1214 3022 1252 esse
3074 1214 3294 1252 necesse
3325 1200 3378 1252 in
3415 1200 3479 1254 iis

1902 1290 2040 1346 locis
2069 1292 2382 1360 episcopum
2428 1291 2684 1346 constitui
2708 1331 2723 1354 ,
2757 1307 2823 1346 ne
2854 1293 3063 1346 scilicet
3092 1293 3330 1361 episcopi
3381 1308 3479 1346 no-

1902 1398 2027 1438 men
2071 1398 2135 1437 ac
2165 1385 2459 1438 auctoritas
2508 1383 2666 1438 facile
2700 1384 2962 1438 vilescat:
2994 1399 3178 1437 verum
3230 1401 3257 1436 a
3290 1385 3478 1453 primis

1901 1476 2197 1546 provinciae
2226 1477 2520 1546 episcopis,
2558 1477 2807 1531 videlicet
2842 1493 2870 1530 a
2924 1479 3370 1545 metmpolitanis,
3423 1478 3475 1532 in

1900 1567 1970 1622 iis
2001 1575 2211 1622 tantum
2245 1569 2402 1634 locis,
2444 1571 2534 1624 ubi
2567 1570 2734 1624 etiam
2765 1570 2938 1638 prius,
2973 1571 3074 1625 hoc
3102 1581 3206 1634 est,
3239 1573 3306 1626 ab
3340 1573 3477 1626 anti-

1899 1675 2008 1730 quo
2033 1670 2276 1732 tempore
2302 1661 2542 1728 fuerant,
2587 1664 2826 1733 episcOpi
2874 1663 3131 1719 collocari
3163 1665 3383 1721 debent.
3413 1668 3473 1722 Si

1899 1761 2077 1808 tamen
2110 1756 2324 1820 urbem,
2354 1757 2549 1823 inquit,
2583 1772 2689 1810 non
2727 1757 2797 1810 ita
2839 1756 3131 1822 celebrem,
3163 1772 3286 1812 mox
3322 1758 3476 1812 inco-

1897 1845 2069 1900 larum
2132 1862 2361 1901 numero
2421 1846 2749 1915 frequentari
2799 1851 3098 1920 contingat,
3131 1850 3322 1914 utinm
3352 1866 3475 1904 am-

211 1940 527 2010 ἐπισκοπῆς
577 1939 667 1992 διὰ
721 1939 783 1992 τὸ
836 1937 1036 2009 πλῆθος
1096 1935 1192 1988 τοῦ
1251 1935 1406 2000 λαοῦ,
1457 1933 1790 2006 λαμϐανέτω

1895 1936 2125 2006 plilicata
2165 1937 2463 2007 frequentia
2492 1938 2744 2008 episcopo
2795 1940 2953 2008 digna
3002 1942 3155 1996 sedes
3178 1942 3469 2011 jud'cctnr;

208 2034 539 2099 ἐπίσκοπον,
572 2033 675 2086 κᾶν
705 2031 783 2104 μὴ
819 2034 883 2085 ἐκ
912 2029 1145 2086 παλαιοῦ
1175 2024 1342 2100 εἶχεν.

208 2221 438 2274 ΛΡΙΣΤ.
475 2240 493 2272 ι
530 2221 615 2286 Ei,
651 2219 758 2274 τῶν
784 2218 930 2271 λαῶν
974 2216 1407 2287 ἐπικομιζόντων
1464 2214 1785 2279 ἐπίσκοπον,

294 2334 312 2366 ι
351 2315 400 2365 οἱ
429 2315 720 2366 ἐπίσκοποι
767 2312 1253 2378 παρουσιάσονσιν,
1283 2301 1362 2369 εἷς
1397 2305 1455 2358 δέ
1487 2323 1571 2368 τις
1596 2304 1784 2375 λείπῃ,

288 2422 310 2456 α
357 2404 770 2472 προσκαλείσθω
799 2404 1070 2464 κάκεῖνος.
1100 2402 1160 2453 El
1192 2401 1249 2451 δὲ
1277 2398 1787 2468 προσκαλούμενος,

298 2513 316 2546 ι
355 2494 476 2545 οὔτε
515 2494 768 2562 γράφειν,
800 2491 923 2543 οὔτε
953 2491 1204 2561 ἐνδημεῖν
1232 2490 1494 2560 βούλοιτο,
1530 2491 1558 2542 ὁ
1591 2490 1790 2559 ζητού-

297 2606 316 2637 (
360 2602 518 2655 μενος
553 2585 992 2654 χειροτονείσθω.
1031 2602 1050 2634 ι

294 2677 465 2730 Τοῦτο
493 2677 589 2730 νῦν
615 2679 716 2729 οὑκ
747 2679 1075 2748 ἐνεργεῖται,
1111 2677 1170 2729 τὸ
1199 2677 1346 2746 παρά
1375 2678 1483 2729 τῶν
1510 2675 1790 2746 κληρικῶν

211 2772 310 2824 καὶ
341 2770 450 2824 τῶν
474 2770 710 2840 πρώτων
753 2769 854 2838 τῆς
907 2768 1119 2830 πόλεως
1149 2770 1246 2832 τὰς
1270 2769 1488 2838 ψήφους
1521 2769 1627 2820 τῶν
1670 2771 1788 2820 ἐπι-

210 2867 435 2917 σκόπων
499 2862 768 2930 γίνεσθαι,
822 2861 960 2914 ἀλλὰ
1017 2863 1168 2931 παρὰ
1225 2860 1642 2931 μητροπολιτῶν
1693 2861 1790 2912 καὶ

212 2958 530 3010 ἐπισκόπων
583 2949 744 3007 αὗται
794 2954 1220 3023 προὸαίνουσινο
1272 2954 1348 3017 ὡς
1403 2956 1432 3007 ό
1480 2953 1786 3015 δωδέκατος

209 3049 394 3102 κανὼν
426 3050 523 3118 τῆς
552 3049 609 3099 ἐν
635 3048 927 3118 Λαοδικείᾳ
975 3047 1197 3100 συνόδου
1231 3047 1601 3111 διατάττεται,
1637 3048 1732 3098 καὶ
1759 3046 1788 3097 ό

213 3143 696 3203 ἐννεακαιδέκατος
717 3142 813 3210 τῆς
845 3141 903 3192 ἐν
933 3139 1371 3209 ³Αντιοχείᾳ,καὶ
1402 3139 1550 3190 ἄλλοι
1578 3138 1786 3192 πολλοί.

212 3235 306 3284 Δεῖ
330 3233 459 3298 γοῦν
494 3233 524 3300 ἢ
554 3232 759 3288 πάντας
791 3232 1048 3301 παρεῖναι
1078 3231 1205 3292 τοὺς
1236 3229 1572 3292 ἐπισκόπους
1594 3229 1690 3282 ἐτι)⁵
1719 3230 1783 3298 τῇ

210 3323 400 3394 ψήφῳ,
437 3323 471 3393 ἢ
513 3327 607 3376 καὶ
638 3325 765 3385 τοὺς
802 3323 1045 3385 ἀπόντας
1071 3320 1160 3374 διὰ
1186 3322 1535 3392 γραμμάτων
1571 3321 1789 3391 συμψή-

213 3436 347 3486 φους
378 3419 626 3485 γίνεσθαι
662 3421 770 3479 τοῖς
803 3417 1060 3486 παροῦσι.

211 3511 436 3566 ΛΙῚΣΤ.
472 3529 489 3561 ι
533 3509 950 3580 Μητροπολίτου
979 3510 1404 3578 καθισταμενου,
1441 3506 1535 3559 καὶ
1557 3505 1605 3558 οἱ
1652 3505 1789 3575 πλη-

432 3622 449 3654 ι
493 3604 746 3670 σιόχωροι
798 3601 1185 3670 μετάπεμπτοι
1231 3601 1500 3652 ἔστωσαν.
1545 3617 1562 3648 ι

283 3695 706 3765 Μητροπολίτου
737 3694 1027 3762 μέλλοντος
1069 3693 1435 3762 ψηφισθῆναι,
1469 3693 1531 3742 οὐ
1579 3691 1784 3751 πάντες

209 3791 309 3858 τῆς
357 3790 645 3858 ἁπανταχῇ
693 3787 1015 3856 διοικῄσεως
1054 3788 1101 3837 oi
1156 3783 1550 3854 μητροπολίται
1583 3785 1660 3845 είς
1689 3784 1786 3851 τὴν

209 3881 393 3948 ψῆφον
442 3878 610 3932 αὑτοῦ
661 3877 844 3949 κληθῂ·
937 3896 1049 3941 ται,
1104 3875 1220 3928 ἀλλ’
1271 3875 1319 3926 οί
1378 3874 1783 3942 πλησιόχωροι·

211 3974 389 4024 ἐκεῖνο
431 3972 539 4041 γὰρ
573 3970 664 4022 καὶ
692 3970 955 4022 ἀδύνατον
990 3967 1268 4035 γενέσθαι,
1302 3966 1482 4036 εἴπερ,
1525 3969 1665 4017 κατά
1693 3965 1786 4016 τὸν

211 4066 459 4114 εἰκοστὸν
488 4063 740 4131 πέμπτον
793 4059 998 4112 κανόνα
1040 4058 1139 4128 τῆς
1190 4060 1247 4109 ἐν
1292 4057 1598 4126 Χαλκηδόνι
1633 4056 1787 4108 συνό-

211 4155 328 4217 δου,
359 4155 510 4216 ἐντὸς
563 4154 733 4222 τριῶν
785 4151 973 4220 μηνῶν
1025 4152 1080 4202 αί
1125 4148 1450 4218 χειροτονίαι
1505 4149 1782 4216 ὀφείλουσι

211 4246 463 4315 γίνεσθαι
490 4244 599 4296 τῶν
624 4244 976 4314 χηρευουσῶν
1009 4241 1345 4295 ἐπισκοπῶν.

212 4337 434 4393 ΛΡΙΣΤ.
460 4359 476 4389 ι
501 4339 590 4399 Εἰς
614 4339 801 4406 ὀλίγην
821 4338 973 4388 πόλιν
988 4340 1081 4389 καὶ
1109 4338 1324 4406 κώμην,
1352 4330 1496 4410 ᾖκαὶ
1515 4331 1590 4395 εἷς
1619 4335 1787 4387 αὐτὰ·

289 4449 310 4482 ι
355 4448 490 4500 ρκης
520 4431 913 4501 πρεσϐύτερος,
943 4429 1244 4492 ἐπίσκοπος
1275 4428 1334 4480 οὐ
1361 4427 1706 4480 καθίσταται·
1737 4429 1784 4479 εί

292 4538 309 4570 ι
355 4520 408 4570 δὲ
429 4519 959 4588 πολυανθρωποτάτη
973 4518 1184 4584 γένοιτο
1201 4517 1371 4578 πόλις,
1396 4518 1493 4568 οὐκ
1509 4516 1745 4578 ἀνάξιον.
1762 4534 1778 4566 ι

1889 2027 2034 2082 inea
2069 2044 2280 2098 quoque
2334 2031 2676 2100 episcopum,
2733 2032 2978 2100 quamvis
3040 2041 3195 2088 antea
3268 2034 3470 2087 nullum

1890 2120 2160 2187 habuerit,
2189 2123 2441 2176 constitui
2478 2123 2638 2176 licere
2667 2125 2928 2179 decernit.

1889 2213 2119 2268 ARIST.
2164 2233 2180 2264 ι
2222 2215 2278 2268 Si
2311 2216 2509 2283 populo
2540 2215 2855 2285 episcopum
2899 2199 3184 2285 appetente
3229 2218 3470 2286 episcopi

1967 2323 1986 2357 ι
2025 2317 2321 2376 prtesentes
2352 2305 2574 2370 fuerint,
2609 2323 2746 2362 unus
2775 2321 2904 2362 vero
2937 2308 3197 2372 abfuerit,
3235 2310 3278 2362 is
3303 2310 3466 2364 etiam

1967 2415 1986 2447 ι
2030 2409 2270 2451 vocetur.
2303 2399 2359 2453 Si
2397 2408 2614 2452 vocatus
2661 2411 2836 2453 autem
2869 2415 3045 2468 neque
3074 2402 3333 2463 scribere,
3360 2418 3471 2468 nec

1967 2508 1987 2540 ι
2031 2505 2134 2559 que
2165 2492 2424 2546 accedere
2454 2493 2613 2551 velit,
2651 2495 2691 2547 is
2734 2492 2824 2562 qni
2876 2494 3075 2562 petitur
3104 2494 3404 2547 ordinetur.
3442 2514 3462 2547 ι

1962 2672 2108 2726 lstud
2145 2671 2307 2725 hodie
2334 2688 2437 2725 non
2467 2682 2549 2726 est
2586 2673 2638 2726 in
2679 2688 2776 2727 usu
2806 2714 2820 2738 ,
2852 2681 2908 2726 ut
2942 2690 2969 2727 a
3007 2675 3217 2729 clericis
3248 2684 3300 2729 et
3329 2677 3465 2729 civi-

1893 2763 2016 2817 tatis
2047 2763 2377 2832 primoribus
2406 2765 2778 2833 episcoporum
2809 2765 3101 2819 electiones
3134 2768 3344 2831 fierent,
3371 2768 3467 2822 scd

1892 2855 2008 2910 istae
2045 2872 2188 2910 nunc
2216 2873 2242 2909 a
2280 2858 2711 2920 metropolitanis
2742 2867 2794 2912 et
2838 2859 3107 2926 episcopis
3140 2864 3464 2928 procedunt.

1895 2948 1963 3003 Ut
1993 2950 2343 3005 duodecimus
2374 2952 2564 3021 synodi
2603 2951 2950 3006 Laodicensis
2977 2967 3148 3007 eanon
3173 2959 3380 3017 statuit,
3411 2968 3466 3009 et

1894 3043 2323 3098 undevicesimus
2370 3044 2740 3106 Antiochense.
2776 3057 2828 3099 et
2863 3047 2954 3100 alii
3001 3049 3174 3101 multi.
3220 3049 3298 3102 Ad
3337 3066 3463 3103 seu»

1893 3140 2115 3190 tentiam
2149 3138 2329 3206 itaque
2357 3138 2635 3192 ferendam
2665 3139 2748 3192 vol
2799 3154 2986 3194 omnes
3013 3142 3297 3211 episcopos
3327 3160 3464 3209 prm-

1891 3240 2073 3284 sentes
2105 3246 2246 3294 esse,
2284 3232 2364 3284 vel
2405 3243 2455 3282 et
2485 3233 2735 3285 absentes
2778 3249 2871 3300 per
2922 3235 3132 3287 litteras
3185 3241 3466 3303 pra-senti-

1889 3325 1990 3379 bus
2022 3326 2329 3380 consentire
2358 3345 2407 3393 o;
2433 3340 2589 3378 orn-z.

1889 3505 2110 3561 ARIST.
2151 3523 2169 3555 ι
2209 3504 2344 3556 Cum
2392 3503 2840 3568 metrOpolitanus
2871 3505 3238 3564 constituitur,
3280 3508 3444 3554 etiam

2149 3613 2164 3644 ι
2207 3593 2365 3645 vicini
2394 3589 2629 3660 episcopi
2668 3600 2794 3642 sunt
2823 3590 3156 3643 accersendi.
3190 3608 3210 3641 ι

1958 3689 2091 3742 Cum
2148 3685 2593 3753 tnetropolitanus
2634 3693 2716 3734 cst
2767 3683 3066 3750 eligendus,
3124 3700 3226 3736 non
3272 3699 3432 3737 omne

1890 3783 2201 3847 ubicunque
2249 3778 2378 3841 sint,
2427 3777 2675 3831 dioecesis
2709 3777 3068 3844 tnetropolitte
3117 3780 3184 3828 ad
3237 3778 3460 3829 electio-

1889 3888 2010 3926 nem
2046 3872 2163 3939 ejus
2196 3871 2554 3930 voeabuntur,
2587 3869 2679 3921 sed
2719 3868 2900 3922 vicini.
2936 3867 3070 3920 lllud
3103 3867 3250 3920 enim
3279 3879 3331 3920 et
3361 3869 3461 3919 im-

1891 3960 2146 4029 possibile
2169 3967 2252 4011 cst
2284 3959 2421 4018 tieri,
2463 3958 2508 4009 si
2545 3957 2844 4008 secundum
2881 3955 3178 4007 vicesinum
3213 3956 3458 4022 quintum

1890 4049 2081 4119 synodi
2109 4048 2563 4102 Chalcedonensis
2595 4062 2858 4100 canoncm
2905 4047 3208 4098 vacantium
3244 4047 3459 4113 episco-

1889 4154 2105 4208 patuum
2138 4139 2506 4192 ordinationes
2543 4139 2679 4190 intra
2715 4149 2822 4190 tres
2859 4151 3070 4189 menses
3099 4137 3208 4187 lieri
3242 4137 3460 4188 debent.

1888 4319 2214 4375 ARIST.clti
2250 4334 2414 4387 parva
2444 4318 2575 4371 urbe
2606 4326 2658 4369 et
2685 4317 2818 4380 vico,
2847 4316 2929 4367 cui
2966 4316 3292 4367 ctiamnnus
3318 4315 3464 4365 S‘;"i-

1966 4434 1984 4464 ι
2023 4414 2129 4468 ciat
2169 4414 2470 4481 presbyter,
2509 4412 2790 4479 episcopus
2821 4423 2926 4462 non
2964 4407 3325 4460 constituitur.
3364 4407 3461 4458 Sn

1965 4508 2218 4576 «populo
2250 4503 2679 4574 frequentissima
2706 4503 2775 4555 sit
2802 4501 2949 4562 urbs,
2985 4516 3088 4553 non
3123 4499 3454 4565 indignum.)

282 4613 395 4664 Οὐκ
418 4613 736 4677 ἀναγκαῖον,
775 4611 1036 4679 βραχείας
1069 4607 1237 4677 οὔσης
1261 4611 1361 4678 τῆς
1392 4608 1598 4670 πόλεως
1623 4607 1655 4676 ἦ
1682 4609 1780 4676 τῆς

1960 4601 2074 4655 Non
2110 4615 2329 4654 necesse
2356 4607 2460 4660 est,
2493 4599 2536 4652 si
2567 4598 2758 4666 exigua
2797 4597 2869 4648 sit
2909 4593 3100 4646 civitas
3139 4601 3233 4646 aut
3267 4608 3455 4658 pagus,

214 4705 431 4773 κώμης,
449 4705 504 4755 ἐν
586 4702 678 4754 xui.
699 4695 779 4764 εἷς
809 4699 1183 4768 πρεσϐύτερος
1203 4701 1460 4768 ἐπαρκεῖ,
1484 4701 1782 4750 ἐπίσκοπον

213 4797 482 4865 γίνεσθαι.
516 4796 603 4846 ἵνα
645 4795 720 4864 μὴ
751 4792 1203 4860 κατευτελίξηται
1233 4791 1293 4842 τὸ
1334 4790 1429 4842 τοῦ
1475 4791 1783 4842 ἐπισκόπου

212 4889 405 4957 ὄνομα.
432 4889 491 4940 Εἰ
516 4888 570 4939 δὲ
617 4888 711 4938 καὶ
754 4885 982 4953 βραχεῖα
1039 4883 1191 4944 πόλις
1245 4881 1782 4950 πολυανθρωποτάτη

216 4985 446 5050 γένοιτο,
482 4981 582 5031 οὐκ
629 4979 857 5039 ἀπεικὸς
905 4977 1000 5030 καὶ
1047 4979 1104 5027 ἐν
1153 4973 1291 5042 αὐτῇ
1330 4971 1783 5042 χειροτονηθῆναι

213 5077 530 5127 ἐπίσκοπον.

830 5157 1068 5211 ΚΑΝΩΝ
1104 5156 1178 5209 Z'.

226 5279 244 5310 ι
291 5259 478 5319 "Octo;
511 5255 808 5315 ἐπίσκοπος
858 5248 1050 5302 εἶπεν·
1100 5249 1165 5300 'll
1212 5248 1442 5317 ἀκαιρία
1485 5246 1659 5315 ἡμῶν,
1694 5245 1786 5297 καὶ

290 5372 308 5402 ι
354 5354 386 5420 ἡ
446 5349 615 5420 πολλὴ
671 5345 946 5414 συνέχεια,
999 5344 1092 5394 καὶ
1162 5343 1218 5394 αἱ
1292 5340 1468 5394 ἄδικοι
1531 5339 1785 5402 ἀξιώσεις

293 5467 310 5498 ι
356 5445 728 5514 πεποιήκασιν
779 5440 927 5509 ἡμᾶς
973 5435 1247 5503 τοσαύτην
1304 5434 1377 5504 μὴ
1419 5433 1565 5502 ἔχειν
1621 5433 1783 5501 χάριν

293 5563 308 5587 ο
358 5539 452 5590 καὶ
498 5535 832 5606 παρρησίαν,
903 5532 1033 5600 ὅσην
1100 5527 1388 5595 ὀφείλομεν
1451 5524 1778 5593 κεκτῆσθαι.

288 5650 304 5680 ι
355 5629 546 5682 Πολλοὶ
586 5629 694 5696 γὰρ
723 5625 830 5677 τῶν
864 5623 1180 5674 ἐπισκόπων
1209 5620 1269 5670 οὺ
1294 5616 1665 5670 διαλείπουσιν
1699 5617 1780 5677 εἰς

289 5743 306 5774 ι
354 5723 412 5774 τὸ
471 5718 831 5789 στρατόπεδον
881 5712 1340 5783 παραγενόμενοι,
1391 5710 1484 5760 καὶ
1543 5707 1780 5776 μάλιστα

294 5839 308 5866 ι
353 5817 401 5868 οἱ
438 5817 672 5882 ’Λφροιο
723 5810 944 5870 οἵτινες,
999 5805 1180 5866 καθὼς
1219 5803 1466 5870 ἔγνωμεν
1500 5799 1651 5868 παρὰ
1686 5797 1779 5850 τοῦ

296 5934 312 5963 ι
359 5907 643 5978 ἀγαπητοῦ
693 5901 922 5970 ἀδελφοῦ
985 5899 1141 5968 ἡμῶν
1212 5897 1307 5948 καὶ
1375 5891 1779 5946 συνεπισκὸπου

541 6009 806 6064 ιἰιτιιυι..
853 6002 968 6057 ιὶιι.
1011 5996 1109 6055 CX
1129 5989 1365 6052 XXVII.

1890 4699 1977 4752 ubi
2008 4705 2062 4749 et
2095 4709 2234 4746 unus
2269 4691 2546 4761 presbyter
2577 4689 2828 4751 sullicial,
2861 4687 3174 4755 episcopum
3217 4685 3356 4745 fieri,
3393 4701 3458 4734 ιω

1883 4787 2122 4857 episcopi
2154 4800 2350 4837 noiucn
2383 4782 2530 4851 parvi
2562 4781 2731 4832 ﬁeret.
2765 4777 2821 4831 Si
2846 4778 3037 4845 exigua
3061 4785 3237 4828 autem
3264 4774 3460 4829 civrtas

1888 4877 2302 4950 quamplurimis
2356 4875 2556 4942 repleta
2609 4875 2681 4926 sit
2733 4871 3066 4932 hominibus,
3119 4885 3222 4922 non
3270 4869 3460 4922 incon-

1889 4987 2080 5040 gruum
2111 4984 2194 5023 est
2223 4979 2276 5022 et
2308 4968 2359 5020 in
2393 4981 2456 5020 ea
2488 4964 2729 5020 ordinari
2765 4962 3100 5031 episcopum.

2465 5140 2696 5198 CANON
2754 5139 2866 5192 Vll.

1893 5262 1912 5295 ι
1949 5242 2112 5295 Osius
2147 5239 2434 5307 episcopus
2487 5235 2668 5288 dixit:
2717 5230 3106 5300 lmportunitas
3150 5237 3356 5291 nostra,
3405 5234 3460 5278 et

1967 5356 1984 5388 ‹
2022 5334 2184 5389 multa
2221 5332 2531 5389 assiduitas,
2566 5337 2618 5380 et
2661 5325 2876 5392 injusta:
2903 5321 3291 5391 postulationes
3323 5320 3455 5372 elle-

1969 5446 1986 5477 ι
2029 5433 2238 5487 cerunt,
2269 5433 2325 5474 ut
2356 5435 2452 5473 nos
2477 5434 2582 5471 non
2615 5415 2875 5468 habemus
2901 5421 3103 5463 tantam
3141 5411 3367 5478 gratiam
3399 5418 3455 5460 et

1966 5539 1982 5571 ι
2027 5518 2328 5571 libertatem
2363 5511 2594 5575 dicendi,
2645 5518 2900 5577 quantam
2935 5507 3132 5558 habere
3177 5505 3452 5554 debemus.

1963 5630 1982 5663 ι
2021 5611 2171 5664 Multi
2195 5609 2340 5662 cnim
2369 5603 2606 5673 episcopi
2652 5617 2758 5654 non
2792 5594 3242 5651 intertnittuntad
3280 5603 3455 5644 castra

1968 5721 1984 5751 ι
2020 5701 2296 5761 accedere,
2335 5708 2388 5748 et
2445 5693 2676 5746 maxime
2711 5690 2869 5752 Afri;
2928 5687 3037 5754 qui,
3100 5685 3455 5752 quemadmo-

1965 5816 1981 5846 ι
2025 5794 2150 5846 dum
2186 5789 2532 5860 cngnovimus
2563 5801 2590 5838 τι
2622 5785 2818 5838 dilecto
2873 5783 3033 5834 fratre
3070 5787 3253 5830 nostro
3284 5783 3338 5827 et
3368 5788 3458 5826 co-

1965 5909 1981 5940 ι
2022 5889 2273 5957 episrolm
2311 5883 2498 5947 Grato,
2541 5880 2794 5933 salutaria
2844 5874 3070 5930 consilia
3104 5887 3207 5923 noti
3255 5868 3449 5922 admit-

2997 5969 3066 6026 Lib
