4178 6420
216 378 240 438 1
256 379 285 436 -Ξ
295 379 358 437 53

1365 380 1440 438 1N
1469 379 1628 436 CAN.
1671 378 1778 439 Vi]
1823 375 2029 436 CONC.
2075 375 2373 438 SARDIC.

3335 371 3470 431 1453

216 489 486 557 βασιλέως
515 488 949 558 ἀνακρινομένην
979 493 1106 559 περὶ
1144 491 1288 552 τίνος
1317 492 1512 552 αὐτοὺς
1548 507 1790 560 μετακα-

1912 499 2171 553 tCrersat;
2207 504 2305 542 nec
2335 487 2369 541 ii
2407 489 2481 542 rei
2510 486 2676 540 futuri
2718 487 2844 548 sint,
2889 495 2946 540 ut
2988 482 3308 553 qnijubenti
3365 485 3466 535 im-

215 580 416 643 ὶεῖται,
450 582 589 649 μήτε
641 582 853 633 τούτων
911 577 1292 652 εύθυνομὲνων
1327 582 1399 645 ὡς
1452 583 1789 634 ὑπεικόντων

217 670 615 739 προστάττοντι
640 670 872 738 βασιλεῖ.
918 671 1215 740 ’Ᾱνάγνωθι
1251 675 1346 742 τῆς
1397 676 1453 725 ἐν
1494 671 1793 741 Ἀντιοχείᾳ.

216 764 441 814 συνόδου
475 763 675 815 κανόνα
710 769 799 827 ια’,
836 763 925 832 ιβ’,
958 766 1050 817 καὶ
1085 766 1183 835 τῆς
1233 766 1514 836 παρούσης
1568 767 1791 818 συνόδου

214 858 418 908 κανόνα
445 865 513 925 η’,
555 858 599 909 θ’
627 859 720 911 καὶ
752 866 855 913 κα’.

293 951 534 1006 ΖΩΝΛΡ.
588 953 746 1014 Τινὲς
798 954 906 1006 τῶν
941 955 1258 1008 ἐπισκόπων
1313 957 1406 1006 καὶ
1453 954 1686 1024 μάλιστα
1743 953 1796 1006 οί

219 1044 446 1110 ’Λςροῃ
478 1044 527 1094 οί
565 1045 622 1096 ἐν
662 1043 893 1114 Ἀφρικῇ
931 1044 1192 1114 δηλονότι,
1217 1047 1455 1116 συνεχῶς
1487 1045 1796 1117 προσῄεσαν

214 1135 334 1194 τοῖς
388 1132 724 1200 βασιλεῦσιν,
779 1137 1035 1204 αἰτήσεις
1105 1136 1313 1200 οἰκείας
1375 1138 1470 1191 καὶ
1541 1137 1797 1204 ἀξιώσεις

214 1225 455 1293 ἔχοντες,
486 1225 606 1277 οὐδὲ
649 1226 865 1292 δικαίας
900 1229 1052 1292 ἴσως.
1085 1231 1255 1283 Τοῦτο
1304 1227 1397 1285 οὖν
1435 1231 1796 1302 διορθουμένη

214 1319 494 1388 ἠδσύνοδος
523 1320 688 1389 αῦτη,
712 1325 898 1391 φησιν,
924 1325 1004 1376 ὅτι
1041 1323 1102 1377 Ἦ
1133 1325 1360 1396 ἀκαιρία
1387 1325 1564 1396 ἡμῶν,
1593 1326 1711 1396 ἦτοι
1739 1326 1799 1378 τὸ

222 1411 302 1482 μὴ
329 1412 604 1480 εὐκαίρως
639 1415 923 1481 προσιέναι
954 1418 1065 1479 τοῖς
1090 1417 1396 1485 βασιλεῦσι,
1443 1418 1681 1488 συνεχῶς
1737 1417 1798 1472 δὲ

217 1506 317 1557 καὶ
353 1506 408 1556 αἱ
434 1506 610 1558 ἄδικοι
646 1507 903 1570 ἀξιώσεις
928 1514 1296 1577 πεποιήκασιν
1322 1510 1466 1579 ἡμᾶς
1501 1509 1576 1580 μὴ
1603 1511 1799 1563 τοσαύ-

218 1616 324 1669 την
355 1599 505 1668 ἔχειν
535 1599 716 1671 χάριν,
746 1601 916 1671 ἤγουν
955 1601 1029 1672 μὴ
1061 1601 1235 1666 οὓτως
1287 1597 1425 1654 εἶναι
1464 1600 1800 1671 κεχαρισμέ-

220 1708 346 1752 νους
377 1691 471 1745 καὶ
500 1692 681 1754 αἰδοῦς
710 1693 893 1756 ἀξίους
928 1695 1265 1764 νομίζεσθαι,
1314 1693 1453 1764 μηδὲ
1488 1694 1802 1764 παρρησιά-

219 1783 409 1844 ζεσθαι
451 1783 734 1848 δύνασθαι,
768 1785 909 1854 ὅσονι
936 1786 1250 1853 ὀφείλομεν.
1304 1787 1494 1837 Πολλοὶ
1557 1788 1663 1854 γὰρ
1694 1785 1801 1836 τῶν

1895 582 2132 650 peratori
2162 583 2551 649 obsequantur.
2593 579 2726 632 Vide
2778 577 3231 646 Cartltaginensis
3269 574 3465 645 synodi

1896 688 2132 728 canones
2154 673 2241 737 ll,
2274 673 2361 738 12,
2385 683 2438 728 et
2461 672 2744 742 praesentis
2778 672 2971 740 synodi
3007 671 3061 733 8,
3107 671 3139 724 9
3175 680 3229 722 et
3261 668 3350 721 ει.

1973 941 2225 997 ZONAR.
2289 941 2536 1011 Episcopi
2564 940 2807 1010 quidam,
2877 955 2941 993 ac
2968 939 3082 992 Afri
3147 939 3468 1008 praesertim,

1901 1035 2002 1090 hoc
2034 1043 2137 1100 est,
2182 1035 2272 1104 qui
2306 1036 2356 1088 in
2394 1033 2576 1087 Africa
2597 1034 2874 1103 degerent,
2903 1031 3131 1101 privatis
3188 1033 3253 1085 de
3311 1030 3472 1086 rebus

1861 1186 1864 1191 ,
1899 1128 2166 1198 postulata
2201 1138 2253 1180 et
2282 1142 2491 1196 preces,
2523 1142 2640 1197 qua)
2663 1140 2853 1193 parum
2886 1123 3051 1178 etiam
3108 1121 3249 1175 forte
3299 1123 3471 1191 :cqtti-

1903 1220 2026 1271 tatis
2061 1219 2343 1282 haberent,
2373 1217 2438 1269 ad
2468 1218 2848 1283 imperatorem
2887 1215 3103 1267 assidue
3130 1213 3470 1268 deferebant.

1906 1310 2003 1364 Cui
2032 1310 2253 1377 quidem
2291 1309 2432 1362 malo
2467 1310 2704 1377 synodus
2765 1309 2878 1362 hare
2942 1308 3164 1370 mederi,
3199 1305 3424 1375 cupiens
3458 1322 3472 1358 :

1903 1402 2123 1467 Nostra,
2162 1401 2358 1471 inquit,
2405 1401 2812 1467 importunitas,
2853 1402 2951 1454 hoc
2983 1408 3087 1462 est,
3133 1409 3314 1452 nostra
3347 1413 3480 1452 con-

1903 1495 2134 1551 suetudo
2165 1495 2229 1547 ad
2261 1495 2646 1563 imperatorem
2671 1493 2886 1547 assidue
2956 1503 3198 1560 tempore
3255 1490 3476 1543 minime

1903 1595 2207 1653 opportuno
2228 1583 2483 1648 adeundi,
2513 1583 2832 1652 injustarque
2864 1580 3242 1650 ﬂagitationes,
3262 1592 3470 1646 netan-

1907 1685 2018 1729 tum
2050 1677 2235 1746 gratia:
2267 1676 2588 1739 habeamus,
2622 1675 2727 1728 hoc
2764 1685 2868 1737 est,
2898 1682 2956 1727 ut
2997 1673 3176 1727 minus
3230 1672 3368 1742 grati
3400 1673 3477 1725 si-

1908 1784 2046 1834 mus,
2086 1783 2185 1821 nec
2219 1769 2289 1820 ita
2319 1767 2669 1821 veneratione
2725 1766 2870 1836 dTgni
2905 1766 3306 1831 existimemur,
3350 1765 3480 1820 elle-

221 1874 542 1927 ὲτιισκὸπων
565 1875 625 1927 οὐ
652 1876 1023 1930 διαλείπουσιν
1063 1879 1144 1938 είς
1180 1878 1239 1929 τὸ
1295 1878 1655 1947 στρατόπεδον
1691 1893 1799 1929 πα-

1912 1870 2122 1925 cerunt,
2158 1873 2331 1927 neque
2367 1873 2558 1928 parum
2594 1858 2661 1911 de
2701 1872 2788 1925 ea,
2821 1873 2983 1925 quam
3013 1859 3264 1911 obtinere
3291 1857 3480 1911 debui-

225 1965 602 2033 ραγινὸμενοι,
639 1966 733 2018 καὶ
785 1967 1020 2036 μάλιστα
1059 1969 1106 2019 οἱ
1145 1969 1365 2035 Ἀφροι.
1425 1967 1798 2035 Στρατοπέδου

223 2057 282 2109 δὲ
314 2057 585 2126 ἐμνήσθη,
618 2059 699 2110 ὅτι
727 2059 802 2120 ὡς
837 2059 928 2110 ἐπὶ
954 2059 1013 2111 τὸ
1037 2060 1172 2112 πολὺ
1200 2060 1249 2111 οί
1283 2059 1519 2128 βασιλεῖς
1543 2059 1801 2127 στρατείᾳ.

225 2150 542 2219 ἐσχόλαζον.
576 2150 791 2213 Οἵτινες
832 2151 1240 2214 ὲπίσκοποιτέις
1269 2149 1637 2221 σωτηριώδεις
1661 2167 1801 2219 συμ-

227 2242 433 2305 ϐουλὰς
489 2245 551 2295 οὐ
588 2244 1015 2313 παραδέχονται,
1073 2245 1210 2297 ἀλλὰ
1251 2244 1657 2313 καταφρονοῦσι
1695 2245 1804 2295 τῶν

231 2335 530 2387 συναδικῶν
558 2335 934 2404 παραινέσεων
963 2335 1156 2400 οὕτως,
1185 2337 1325 2388 ὥστε
1353 2335 1639 2405 ἄνθρωπον
1663 2337 1806 2406 (ἤτοι

228 2427 555 2497 ἐπίσκοπον)
592 2429 689 2480 ἕνα
720 2429 923 2492 πολλὰς
960 2431 1052 2481 καὶ
1110 2430 1401 2498 διαφόρους
1433 2433 1676 2499 αἰτήσεις
1711 2446 1805 2481 κοι

231 2523 414 2586 νίζειν
453 2522 531 2583 εἰς
565 2521 624 2572 τ),
658 2521 1052 2589 στρατόπεδον,
1084 2522 1174 2573 καὶ
1209 2522 1283 2590 μὴ
1317 2521 1626 2590 δυναμένας
1659 2521 1806 2590 ὠφε-

229 2617 396 2683 λῆσαι
429 2617 527 2677 τὰς
555 2613 876 2684 ἐκκλησίας,
922 2613 1014 2664 καὶ
1048 2614 1123 2682 μὴ
1159 2613 1407 2679 γίνεσθαι
1433 2612 1617 2673 καθὼς
1648 2613 1806 2680 χρέος

230 2709 356 2758 ἐστὶ
392 2710 568 2759 ποιεῖν
596 2707 724 2767 τοὺς
754 2706 1116 2770 ἐπισκόπους,
1147 2708 1238 2757 καὶ
1292 2705 1475 2766 καθὼς
1509 2705 1804 2775 ἐνδέχεται.

236 2800 304 2852 Τί
339 2801 395 2854 δὲ
425 2801 584 2852 τοῦτό
612 2803 770 2866 seu;
805 2800 878 2852 Τὸ
916 2800 992 2870 μὴ
1028 2801 1386 2869 συναίρεσθαι
1423 2799 1517 2852 καὶ
1548 2799 1811 2867 ἀντιλαμ-

237 2890 502 2944 ϐάνεσθαι
538 2891 633 2943 καὶ
663 2890 882 2959 βοηθεῖν
932 2892 1044 2953 τοῖς
1071 2891 1267 2959 πένησι
1301 2891 1394 2942 καὶ
1454 2892 1573 2951 ταῖς
1611 2890 1809 2958 χήραις

233 2983 268 3052 ἣ
308 2985 421 3045 τοῖς
459 2984 691 3047 ).αῖκοῖς,
730 2981 868 3035 ἀλλὰ
897 2983 1138 3050 κοσμικᾶ
1170 2981 1462 3050 ἀξιώματα
1509 2982 1604 3034 καὶ
1656 2988 1808 3050 ἐνερο

235 3076 394 3141 γείας
447 3076 541 3126 καὶ
589 3074 850 3136 τοιαύτας
900 3074 1165 3137 ἐπινοεῖν,
1218 3073 1342 3126 ἀντὶ
1406 3073 1500 3126 τοῦ
1560 3075 1653 3126 ἐπὶ
1688 3075 1810 3126 νοῦν

237 3167 499 3236 ἔρχεσθαι
535 3166 743 3230 αὐτοῖς,
777 3166 874 3218 καὶ
903 3165 1132 3218 τοιαῦτα
1173 3166 1367 3218 αἰτεῖν.
1406 3165 1553 3235 Αὕτη
1606 3167 1807 3234 τρίνυν,

239 3258 430 3324 φησιν,
469 3256 502 3324 ἡ
547 3257 828 3324 σκαιότης,
863 3257 896 3322 ἠ
957 3257 1147 3320 κακία,
1183 3257 1216 3324 ἡ
1258 3243 1518 3326 πούῆρία,
1562 3256 1812 3325 προξενεῖ

239 3354 372 3419 ἡμῖν
407 3350 500 3402 τδιν
553 3348 858 3418 θραυσμὺν,
895 3347 1140 3400 τουτέστι
1188 3348 1380 3418 θραύει
1446 3349 1616 3417 ἡμᾶς,
1670 3347 1811 3401 ὥστε

243 3445 380 3511 μήτε
441 3442 758 3511 παρρησίαν
788 3440 1048 3493 δύνασθαι
1103 3441 1267 3511 ἔχειν,
1306 3441 1811 3510 σκανδαλιςομένων

242 3534 326 3602 ἐφ.
345 3536 476 3604 ἡμῖν
493 3533 600 3585 τῶν
630 3532 933 3602 ἀνθρώπων
963 3535 1054 3584 καὶ
1078 3534 1605 3600 καταγινωσκόντων
1631 3533 1808 3603 ἡμῶν.

243 3627 482 3693 ΙΙρὲπειν
514 3625 570 3677 δὲ
606 3608 834 3693 μᾶλλον,
873 3625 1026 3693 φησι,
1059 3624 1345 3692 λογίζομαι
1383 3625 1472 3676 τὸν
1511 3625 1813 3680 ἐπίσκοπον

245 3718 462 3786 βοηθεῖν
527 3717 719 3786 ἐκείνῳ
775 3717 852 3786 τῷ
887 3716 1010 3785 βίαν
1048 3717 1152 3768 ὑπό
1191 3734 1337 3778 τινος
1392 3717 1679 3786 πάσχοντι,
1719 3719 1814 3770 καὶ

247 3811 361 3870 ταῖς
417 3808 805 3877 ἀδικουμέναις
867 3871 870 3874 γ
907 3809 1077 3877 εραις,
1122 3808 1213 3859 καὶ
1251 3811 1363 3870 τοῖς
1413 3809 1692 3878 ὀρφανοῖς,
1721 3810 1815 3874 οὓς

246 3899 615 3968 ἁποστεροῦσί
663 3915 807 3960 τινες
852 3899 966 3950 τών
1018 3899 1200 3961 αὐτοῖς
1258 3900 1620 3970 διαφερόντων
1650 3918 1663 3932 ·
1721 3905 1816 3956 καὶ

248 3991 460 4054 τούτοις
494 3991 549 4042 δὲ
579 3993 693 4052 τοῖς
724 3991 1006 4060 ὀρφανοῖς,
1049 3992 1140 4044 καὶ
1174 3993 1292 4054 ταῖς
1324 3994 1542 4065 χήραις,
1583 3995 1678 4046 καὶ
1706 3997 1819 4058 τοῖς

251 4082 877 4150 καταδυναστευομένοις
902 4082 1022 4133 τότε
1050 4081 1283 4151 βοηθεῖν,
1311 4084 1401 4135 ὅτε
1431 4083 1612 4137 δίκαια
1639 4083 1822 4149 ἀξιοῦ-

253 4193 358 4226 σιν.
393 4175 454 4226 EE
483 4175 592 4242 γὰρ
621 4172 806 4226 ἄδικόν
835 4191 886 4224 τι
917 4174 1181 4236 αἰτοῦσιν,
1211 4175 1330 4227 οὐδὲ
1360 4176 1585 4228 ἐκείνων
1619 4179 1675 4228 ἐν
1702 4178 1818 4230 ἁδί-

248 4281 367 4326 κοις
398 4263 792 4316 ἀντιποιεῖσθαι
829 4263 936 4333 χρὴ
965 4266 1090 4326 τοὺς
1147 4264 1506 4325 ἐπισκόπους.
1545 4266 1604 4316 Εἰ
1639 4267 1822 4319 τοίνυν

248 4357 411 4409 τοῦτο
439 4356 589 4409 δοκεῖ
616 4359 775 4422 πᾶσι,
811 4357 978 4425 φησὶν
1025 4357 1052 4408 ὁ
1081 4356 1288 4419 Ὀσιος,
1328 4355 1669 4425 ἐπικρίνατε,
1701 4358 1822 4411 ἀντὶ

249 4451 374 4510 τοῦ,
419 4448 710 4519 κυρώσατε
758 4449 859 4515 τὴν
907 4449 1134 4517 γνώμην
1163 4449 1388 4516 ταύτην,
1421 4447 1575 4499 ὥστε
1617 4448 1822 4517 μηδένα

1908 1970 2049 2017 mus,
2078 1953 2332 2020 loquendi
2402 1951 2655 2006 libertate
2710 1950 3086 2005 detraxerunt.
3129 1950 3280 2005 Multi
3332 1952 3478 2007 enim

1905 2047 2168 2117 episcopi,
2198 2061 2261 2099 ac
2300 2045 2413 2099 Afri
2489 2045 2746 2108 maxime,
2786 2043 2849 2097 ad
2903 2055 3084 2098 castra
3137 2049 3475 2100 commeandi

1905 2136 2065 2189 finem
2115 2137 2319 2189 nullum
2369 2134 2598 2190 faciunt.
2641 2135 2954 2188 Castrorum
3012 2152 3142 2190 vero
3200 2139 3471 2203 meminit,

1905 2229 2047 2298 quod
2068 2228 2274 2282 militiae
2332 2236 2389 2280 ιιι
2423 2228 2715 2295 plurimum
2778 2227 3136 2296 imperatores
3192 2242 3472 2284 vacarent.

1906 2324 2008 2388 Qui
2039 2324 2254 2391 quidem
2291 2321 2525 2390 episcopi
2552 2320 2808 2374 salutaria
2867 2321 3093 2376 consilia
3139 2335 3476 2392 nequaquam

1909 2417 2152 2475 audiunt,
2211 2432 2397 2469 verum
2452 2417 2738 2485 synodicas
2791 2417 3191 2470 admonitiones
3240 2433 3483 2486 eousque

1911 2519 2286 2570 contemnunt,
2361 2515 2420 2558 ιιι
2481 2520 2618 2559 unus
2687 2506 2846 2558 homo
2897 2503 3207 2574 (episcopus
3265 2517 3482 2576 nempe)

1911 2600 2108 2652 nmltas
2137 2607 2191 2651 et
2225 2597 2468 2651 diversas
2502 2595 2890 2664 postulationes
2923 2597 2974 2649 in
3011 2607 3190 2650 castra
3245 2599 3482 2666 deferat,

1909 2707 2031 2759 qua:
2060 2704 2234 2761 neque
2258 2688 2515 2742 Ecclesive
2541 2688 2786 2742 utilitatis
2815 2688 3016 2757 aliquid
3069 2687 3214 2743 ferre
3249 2692 3480 2758 possint,

1912 2799 2089 2853 neque
2124 2783 2260 2837 tales
2303 2781 2432 2847 sint,
2487 2781 2676 2850 quales
2725 2781 3263 2850 episcopalis‘oﬂieii
3323 2786 3482 2847 ratio,

1911 2879 2134 2946 ipsaque
2165 2889 2342 2927 rermn
2377 2885 2569 2927 natura
2604 2872 2932 2941 przescribit.
2961 2872 3096 2938 Quid
3129 2889 3256 2927 vero
3289 2873 3339 2928 id
3368 2876 3487 2929 est?

1917 2969 2193 3042 Utneque
2220 2966 2429 3020 scilicet
2473 2967 2803 3036 pauperibus
2841 2976 2896 3018 et
2954 2967 3131 3020 viduis
3183 2979 3273 3021 aut
3335 2967 3487 3022 laicis

1914 3062 2344 3129 patrocinentur,
2387 3073 2678 3127 operamve
2731 3059 2798 3112 iis
2854 3059 3202 3113 sublevandis
3258 3071 3351 3112 aut
3392 3062 3484 3129 ju-

1913 3152 2461 3220 vandisimpendant,
2513 3150 2608 3204 sed
2640 3148 2898 3220 profanas
2930 3151 3221 3219 dignitates
3266 3168 3330 3206 ac
3365 3169 3483 3206 mu-

1915 3264 2104 3301 nerum
2138 3246 2400 3313 ejusmodi
2443 3245 2754 3300 functiones
2782 3222 3039 3313 cogitent,
3084 3246 3184 3299 ltoc
3218 3257 3322 3310 est,
3359 3248 3481 3299 ani-

1917 3354 2005 3391 mo
2064 3346 2303 3400 versent,
2369 3337 2544 3405 deque
2603 3336 2667 3388 iis
2728 3336 3100 3389 tantummodo
3178 3337 3486 3390 obtinendis

1915 3428 2187 3481 laborent.
2241 3426 2363 3480 llaec
2419 3427 2584 3491 igitur
2640 3426 2818 3491 nobis,
2849 3425 3066 3494 inquit,
3127 3430 3479 3495 perversitas,

1918 3522 2254 3588 improbitas,
2287 3520 2528 3588 nequitia
2556 3520 2937 3573 detrimentum
2958 3520 3230 3585 conciliat,
3254 3523 3350 3575 hoc
3373 3532 3481 3586 est,

1915 3611 1990 3666 ita
2027 3621 2238 3666 nostras
2264 3613 2402 3664 vires
2429 3610 2670 3677 frangit,
2716 3611 2961 3663 utetiam
2999 3611 3166 3664 libere
3226 3613 3476 3679 loquendi

1863 3718 1870 3726 '
1917 3703 2330 3767 facultatem,ob
2359 3717 2420 3758 ea
2450 3717 2571 3773 quae
2602 3701 3330 3771 agimusotfensishominum
3367 3703 3486 3756 ani-

1919 3797 2041 3862 mis,
2077 3811 2280 3863 nosque
2313 3812 2408 3851 sua
2436 3797 2843 3850 existimatione
2873 3796 3363 3850 coademnantibns
3393 3811 3493 3849 no-

1919 3894 2003 3949 bis
2022 3893 2238 3961 eripiat.
2271 3891 2442 3961 Magis
2476 3907 2602 3943 vero
2631 3891 2834 3953 dicere,
2902 3891 3080 3955 inquit
3127 3891 3400 3952 existimo,
3437 3899 3496 3943 ut

1921 3987 2022 4052 eis,
2070 3987 2163 4055 qui
2194 3985 2431 4053 potentia
2458 3985 2755 4053 cuiuspiam
2785 3985 3182 4051 opprimuntur,
3211 3999 3273 4036 ac
3299 3983 3494 4046 viduis,

1923 4095 2039 4146 qua:
2069 4094 2160 4147 per
2191 4079 2441 4146 injuriam
2463 4088 2750 4140 vexantur,
2785 4086 2893 4128 tum
2925 4076 3162 4145 pupillis,
3196 4091 3329 4143 quos
3357 4091 3494 4128 non-

1929 4174 2064 4228 nulli
2098 4173 2330 4226 fortunis
2358 4180 2631 4232 evertunt,
2677 4171 2964 4239 cpisc0pus
3012 4186 3168 4239 opem
3200 4171 3367 4224 ferat:
3412 4182 3494 4222 at-

1923 4282 2027 4335 que
2063 4266 2144 4318 his
2177 4279 2391 4333 quoque
2423 4263 2638 4330 pupillis
2674 4274 2726 4317 et
2756 4263 2958 4325 viduis,
3008 4279 3072 4317 ac
3126 4263 3210 4327 iis,
3261 4265 3352 4331 qui
3389 4280 3490 4333 pu-

1925 4358 2214 4410 tentiorum
2259 4355 2428 4427 494
2452 4356 2729 4409 dominatu
2765 4363 3106 4422 premuntur,
3163 4357 3233 4408 ita
3274 4355 3494 4409 demum

1925 4461 2122 4520 ιπιιιειο
2146 4450 2235 4515 sit,
2259 4453 2302 4503 si
2341 4450 2470 4501 nihil
2501 4450 2568 4503 ab
2620 4449 2726 4504 illis
2805 4449 3052 4518 iniquum
3105 4449 3364 4517 postulari
3402 4463 3498 4502 co-

250 4544 554 4595 ὲπίσκοπον
587 4541 668 4603 είς
696 4541 757 4594 τὸ
782 4541 1167 4608 στρατόπεδον,
1191 4541 1309 4610 ἦτοι
1341 4543 1416 4602 είς
1446 4540 1691 4610 βασιλέα,
1723 4558 1809 4593 πα-

1927 4540 2194 4608 gnoverit.
2239 4539 2371 4593 Nam
2406 4541 2450 4594 si
2489 4540 2688 4607 aliquid
2720 4540 2953 4594 alienum
2982 4541 3050 4593 ab
3105 4542 3358 4607 aequitate
3424 4541 3499 4594 illi
3569 4533 3572 4535 ἀ

254 4632 578 4703 ραγίνεσθαι
607 4632 736 4684 ἄνευ
772 4630 880 4682 τῶν
908 4631 1200 4700 γράμμασι
1235 4630 1536 4699 βασιλικοῖς
1576 4647 1820 4698 μετακα-

252 4726 553 4794 λουμένων.
624 4723 778 4777 Ἐπεὶ
808 4723 865 4775 δὲ
912 4723 1098 4775 πολλοὶ
1161 4724 1564 4793 προσφεύγουσι
1609 4728 1674 4795 τῇ
1735 4727 1824 4778 ἐκ·

255 4818 467 4887 κλησῐᾳ
503 4815 687 4876 ἐλέους
725 4815 993 4882 δεόμενοι,
1035 4813 1130 4868 καὶ
1160 4814 1245 4866 διὰ
1286 4818 1606 4885 πταίσματα
1637 4834 1826 4885 περιο-

257 4907 566 4978 ρισθῆναιῆ
605 4909 683 4967 εἰς
713 4907 874 4975 νῆσον
911 4904 1229 4974 πεμφθῆναι
1256 4906 1766 4969 καταδικασθέντες,
1793 4906 1826 4972 ἢ

257 5001 472 5052 ἔκδοτοι
499 4999 787 5067 γενόμενοι
838 4999 1111 5063 ἀποφάσει
1169 4997 1363 5066 ἑτέρας
1391 4997 1687 5063 κολάσεως,
1721 5001 1833 5059 τοῖς

259 5088 549 5150 τοιούτοις,
594 5087 784 5157 φησὶν,
814 5087 874 5138 οὐ
911 5087 1017 5155 χρὴ
1052 5087 1126 5156 μὴ
1158 5087 1392 5156 βοηθεῖν,
1431 5087 1567 5140 ἀλλὰ
1627 5089 1831 5158 μελληο

262 5180 428 5248 σμοῦ,
464 5180 583 5249 ἦτοι
614 5178 967 5249 βραδυτῆτος,
995 5180 1166 5248 χωρὶς
1211 5181 1301 5231 καὶ
1325 5179 1628 5248 δισταγμοῦ
1663 5180 1835 5233 αίτεῖο

269 5270 397 5322 σθαι
427 5273 608 5332 αὐτοῖς
645 5269 1020 5338 συγχώρησιν.

1931 4647 2144 4701 quoque
2183 4631 2444 4700 flagitent,
2474 4645 2537 4686 ne
2566 4632 2629 4684 iis
2662 4634 2875 4700 quidem
2905 4635 3187 4700 ep'sc0pos
3237 4632 3287 4684 in
3340 4648 3401 4684 ea
3445 4650 3501 4686 re
3570 4671 3572 4673 ›

1934 4725 2261 4792 patrocinari
2298 4724 2379 4776 fas
2412 4733 2513 4778 est.
2546 4723 2599 4777 Si
2641 4739 2771 4790 ergo
2796 4725 3050 4778 omnibus
3095 4725 3234 4778 idem
3266 4726 3498 4788 videtur,

1935 4817 2312 4886 inquitOsius,
2347 4817 2790 4885 bocapprobale,
2847 4816 2899 4871 id
2953 4828 3056 4879 est,
3104 4816 3241 4869 hanc
3289 4825 3504 4869 senten-

1937 4910 2062 4963 tiam
2101 4918 2276 4963 vestro
2309 4907 2529 4963 decreto
2586 4909 2933 4973 confirmato,
2963 4925 3027 4961 ne
3061 4911 3184 4976 quis
3227 4910 3296 4962 ad
3345 4924 3502 4962 exer-

1934 5001 2126 5064 citum,
2175 5002 2275 5054 hoc
2302 5011 2406 5064 est,
2438 5002 2505 5053 ad
2531 5002 2939 5068 imperatorem,
2994 5014 3192 5068 pra-ter
3256 5018 3351 5055 eos
3413 5002 3503 5067 qui

1931 5088 2172 5157 ejusdem
2202 5088 2546 5156 imperatoris
2571 5088 2765 5142 litteris
2791 5088 2999 5141 evocati
3033 5088 3256 5151 fuerint,
3289 5088 3504 5156 episco-

1930 5195 2030 5249 pus
2073 5189 2336 5234 transeat.
2372 5181 2635 5246 Quoniam
2693 5195 2822 5234 vero
2879 5180 3028 5233 multi
3078 5181 3503 5233 misericordiam

1933 5274 2285 5341 implorantes
2306 5273 2368 5325 ad
2389 5274 2672 5327 ecclesiam
2703 5273 3041 5342 confugiunt,
3064 5275 3130 5324 ob
3154 5274 3379 5325 crimina
3409 5288 3506 5324 ex-

260 5368 385 5423 silio
418 5369 498 5421 vel
530 5368 582 5418 in
620 5368 844 5419 insulam
881 5366 1265 5436 deportationi,
1287 5366 1368 5419 vel
1395 5366 1547 5420 alteri
1586 5367 1822 5436 cuipiam
1852 5371 2112 5438 supplicio
2139 5371 2374 5436 addicti;
2406 5372 2544 5437 ﬁcos,
2611 5371 2805 5440 inquit,
2857 5373 2925 5426 ab
2976 5372 3244 5440 episc0pis
3298 5372 3505 5438 ι-νμριιι,

259 5477 485 5531 0pcmve
521 5462 879 5528 flagitantibus
909 5462 1160 5531 denegari
1199 5467 1584 5527 non-0portet;
1624 5478 1810 5516 verum
1850 5464 2052 5530 absque
2117 5467 2625 5534 procrastinatione,
2686 5470 2786 5524 hoc
2819 5481 2920 5533 est,
2984 5486 3328 5529 cunctatione
3384 5489 3509 5527 om-

265 5559 319 5609 ni
349 5555 787 5623 dubitationeque
845 5555 1078 5619 sublata,
1147 5571 1240 5622 pro
1289 5556 1528 5622 ipsorum
1579 5555 1833 5623 periculis
1861 5558 2164 5627 deprecari.

270 5649 496 5704 ΛΡΙΣΤ.
542 5666 560 5698 ι
608 5647 901 5718 Ὀρφανοῦ,
958 5648 1052 5699 καὶ
1086 5649 1283 5716 χήρας,
1316 5648 1410 5698 καὶ
1441 5646 1831 5716 ἀπεριστάτου,

343 5761 361 5793 ι
409 5741 773 5812 βιαζομένων,
843 5743 920 5802 είς
967 5740 1221 5809 βοήθειαν
1279 5739 1683 5808 κατατολμήσει
1736 5739 1832 5790 καὶ

348 5854 366 5888 ι
411 5835 832 5907 προσελεύσεται
886 5834 963 5903 τῷ
1002 5833 1210 5903 βασιλεῖ
1261 5833 1286 5884 ὁ
1347 5832 1685 5894 ἐπίσκοποςο
1715 5829 1830 5886 ἀλλ’

1935 5649 2161 5704 ARIST.
2201 5670 2218 5702 ι
2258 5650 2532 5720 Orpliano,
2568 5653 2750 5716 vidua,
2781 5664 2836 5708 et
2897 5656 2964 5709 ab
3015 5655 3132 5709 aliis
3172 5657 3410 5719 deserto,
3459 5660 3506 5712 vi

2016 5758 2034 5790 ι
2066 5743 2365 5810 oppressis,
2399 5745 2674 5813 snppetias
2713 5746 2776 5801 iis
2841 5745 2996 5809 feret,
3044 5759 3097 5800 et
3125 5749 3502 5817 imperatorem

2014 5850 2033 5882 ι
2072 5832 2237 5888 adibit
2273 5837 2596 5904 episcopus;
2647 5847 3013 5894 verumtamen
3067 5837 3334 5906 cjnsmodi
3367 5856 3506 5907 [trib-
