4178 6420
668 476 807 541 1455

740 609 759 640 ι
796 595 941 640 textu
986 582 1038 635 in
1072 573 1267 631 castris
1294 586 1401 627 non
1432 574 1704 628 versetur,
1738 562 1833 619 sed
1875 562 2079 633 potius,
2109 559 2227 611 dia-
2260 569 2300 619 Α

748 701 766 733 ι
798 691 989 734 conum
1025 672 1225 725 mittat.
1260 686 1280 719 ι

662 770 895 835 Αῐιιετ.
944 786 962 818 t
996 764 1109 819 Illis
1154 761 1247 831 qui
1300 759 1364 811 ad
1410 751 1702 808 Ecclesium
1755 745 2069 814 confugient
2107 757 2234 797 suc-

1160 874 1179 907 ‹
1213 849 1543 908 currendum
1579 854 1683 899 est.
1725 862 1741 893 ›

738 958 1058 1028 Episcopum
1090 946 1308 1018 quidem
1361 957 1516 1012 opem
1570 938 1714 991 ferre
1772 930 2033 1001 orphanis
2066 937 2121 981 et
2159 927 2236 978 vi-

667 1056 789 1106 duis
823 1060 875 1102 et
909 1041 1184 1115 Oppressis
1214 1038 1303 1107 qui
1331 1037 1397 1087 ab
1428 1031 1547 1086 aliis
1577 1037 1704 1081 sunt
1739 1022 1958 1085 deserti,
1992 1029 2049 1072 ut
2083 1033 2139 1072 et
2175 1017 2242 1070 iis

668 1146 758 1209 qui
793 1144 857 1193 ad
884 1135 1169 1191 ecclesiam
1201 1125 1522 1193 confugiunt
1545 1120 1614 1174 ob
1675 1125 1895 1185 peccata
1956 1125 2167 1173 eorum,
2191 1116 2247 1160 et

673 1221 1047 1281 misericotdia
1083 1218 1344 1283 indigent,
1383 1220 1437 1264 et
1469 1220 1647 1277 regem
1680 1217 1778 1275 pro
1809 1201 1932 1255 istis
1981 1197 2154 1259 adire,
2191 1205 2246 1249 et

673 1333 859 1391 petere
893 1313 1088 1384 injuria
1121 1308 1338 1379 quidem
1364 1301 1573 1355 affectis
1599 1298 1880 1357 ultionem,
1909 1291 2003 1345 sed
2045 1288 2116 1342 ob
2137 1289 2245 1341 cri-

675 1384 797 1468 men
842 1404 1057 1476 aliquod
1110 1396 1486 1456 condemnatis
1540 1384 1955 1458 indulgentiam,
2006 1393 2245 1455 pra-sena

674 1521 845 1561 canon
902 1474 1077 1569 jubet.
1127 1496 1197 1549 At
1254 1490 1538 1559 episcopos
1588 1482 1658 1535 ob
1706 1474 2011 1533 istiusmodi
2054 1487 2246 1527 causas

674 1613 802 1652 snas
828 1592 1135 1660 relinquere
1162 1582 1443 1640 ecclesias,
1472 1588 1524 1629 et
1555 1575 1622 1627 ad
1649 1582 1826 1625 castra
1862 1568 1959 1631 ire,
2008 1563 2089 1618 vel
2121 1562 2243 1616 alibi

676 1689 765 1744 ubi
793 1656 1089 1754 imperator
1113 1684 1284 1740 est,et
1304 1672 1370 1726 de
1401 1666 1595 1723 talibns
1624 1662 1909 1716 tumultum
1942 1656 2139 1714 facere.
2161 1663 2247 1705 ut-

677 1793 803 1851 pote
832 1776 972 1846 quod
1010 1791 1039 1827 a
1077 1767 1263 1825 multis
1306 1757 1786 1831 reprehensionem
1842 1760 1897 1804 et
1948 1746 2245 1801 comitium

678 1837 830 1928 affert
852 1837 1156 1938 episcopis,
1183 1875 1285 1913 non
1315 1852 1580 1926 permittit
1610 1847 1749 1902 fieri.
1782 1842 1890 1898 Sed
1942 1855 2035 1909 per
2065 1837 2246 1893 diaco-

682 1983 780 2020 nos
821 1977 948 2016 suos
967 1953 1239 2013 desideria
1268 1954 1334 2003 ad
1373 1959 1552 2013 regem
1579 1938 1719 1995 mitti
1760 1934 1974 1991 statuit.

682 2058 776 2110 xui.
806 2050 1099 2121 λοιδορίαν,

682 2148 979 2203 ἐπιτάττει.

1270 2215 1498 2277 CANON
1526 2212 1661 2270 VIII.

688 2352 707 2385 ι
738 2320 1187 2395 Quandoquidem
1221 2316 1398 2369 visum
1434 2319 1539 2370 est,
1605 2320 1670 2358 ne
1730 2300 1927 2369 aliquis
1975 2295 2262 2366 episcopus

761 2442 780 2474 ι
820 2421 873 2474 itt
915 2409 1421 2470 condemnationem
1467 2398 1664 2454 incidat
1700 2396 1765 2447 ad
1784 2402 1958 2446 castra
2016 2385 2261 2447 veniens,

772 2533 790 2565 ι
825 2512 867 2565 si
898 2511 989 2578 qui
1021 2517 1212 2558 eorum
1258 2497 1391 2553 tales
1420 2491 1652 2548 habeant
1686 2484 2093 2557 postulationes,
2129 2492 2265 2547 qua-

765 2626 782 2655 t
827 2605 957 2655 lium
1004 2593 1259 2664 superius
1296 2583 1662 2643 meminimus,
1698 2592 1791 2644 per
1823 2571 2100 2643 proprium
2156 2567 2259 2621 titi-

767 2717 783 2747 ι
818 2694 1044 2747 nistrmn
1074 2690 1355 2755 peragant.
1414 2671 1644 2728 Ministri
1689 2668 1833 2720 enim
1875 2674 2106 2733 persona
2148 2672 2258 2712 non

769 2808 785 2837 ι
823 2796 907 2838 est
945 2750 1233 2833 invidiosa,
1286 2779 1341 2823 et
1366 2783 1485 2837 qua:
1518 2763 1773 2816 mandata
1841 2755 2054 2809 fuerint
2110 2750 2273 2806 citius

769 2901 787 2930 ι
823 2881 964 2930 ferre
1020 2867 1240 2940 poterit.
1298 2857 1719 2927 Responderunt
1765 2861 2005 2905 omnes:
2052 2844 2117 2898 Et
2172 2843 2273 2897 hoc

770 2993 785 3018 ι
820 2978 1034 3035 quoque
1067 2957 1452 3013 constituatur.
1502 2964 1520 2997 ι

768 3033 960 3113 IsaLS.
999 3053 1246 3105 thseus
1277 3054 1491 3113 quoque
1511 3051 1686 3091 canon
1740 3033 1928 3088 eadem
1965 3041 2088 3083 cum
2140 3038 2277 3094 pra:-

697 3159 923 3207 Leilettle
957 3142 1171 3206 statuit,
1206 3136 1491 3204 adjtciens,
1533 3144 1636 3182 non
1702 3138 1798 3196 per
1847 3122 2148 3192 episcopos.
2180 3115 2279 3171 sed

698 3237 1086 3297 i-mnniacouis
1129 3245 1314 3285 eorum
1365 3224 1506 3292 apmt
1565 3221 1924 3288 imperatores
1984 3211 2279 3282 petitiones

704 3339 887 3409 peragi
909 3335 1123 3387 debere.
1146 3328 1411 3381 Diaconos
1434 3328 1609 3372 autem
1646 3314 1732 3369 bic
1758 3327 1824 3365 ne
1843 3310 1992 3364 dicas
2012 3320 2131 3360 esse
2166 3318 2282 3367 eos,

705 3432 797 3500 qui
818 3424 1048 3481 ordinati
1087 3428 1231 3483 sunt,
1259 3416 1351 3470 scd
1374 3407 1691 3480 simpliciter
1722 3416 1909 3459 servos
1934 3410 2007 3455 tet
2022 3395 2290 3467 quoslibet

705 3521 1006 3575 ministros.
1516 3566 1523 3579 ι

773 3606 1026 3664 ΖΟᾸΑΒ.
1058 3602 1114 3656 Si
1147 3598 1268 3670 quis
1300 3608 1449 3656 vero,
1494 3588 1689 3658 tnqttit,
1726 3601 1791 3639 ex
1822 3579 2089 3653 episcopis
2136 3592 2270 3632 cau-

706 3720 795 3758 sas
851 3693 1175 3767 deprecandi
1230 3688 1460 3742 habeant
1526 3678 1845 3751 ejusmodi,
1907 3671 2096 3742 quales
2155 3676 2283 3722 ante

709 3788 1297 3850 commemoravimus;
1361 3785 1419 3829 ut
1447 3775 1514 3828 iis
1569 3770 1798 3832 scilicet,
1852 3765 1942 3834 qui
1997 3776 2091 3831 per
2141 3759 2285 3826 inju-

713 3888 848 3938 riant
890 3880 1026 3933 ltedu
1073 3889 1158 3937 ur,
1214 3869 1378 3940 quive
1429 3861 1793 3934 potentiorum
1846 3855 2041 3925 opibus
2098 3848 2287 3919 oppri-

716 3984 956 4034 muntur,
1011 3966 1093 4021 vel
1129 3963 1220 4033 qui
1274 3959 1344 4014 ob
1391 3957 1634 4026 aliquem
1679 3948 1883 4021 peccati
1930 3946 2137 4013 lapsum
2190 3942 2290 3996 da-

717 4068 883 4125 mnati
919 4073 1063 4127 sunt,
1097 4056 1463 4127 upitulentur;
1497 4059 1669 4117 neque
1701 4055 1827 4096 vero
1856 4034 2291 4109 reprehensionis

722 4158 955 4214 vitanda:
998 4168 1160 4207 causa
1187 4146 1287 4217 ipsi
1319 4146 1373 4199 in
1397 4151 1576 4197 castra
1611 4134 1882 4208 proficisci
1930 4131 2133 4189 velint;
2164 4138 2293 4179 suos

722 4253 998 4307 ministros
1028 4245 1264 4298 mittant.
1296 4233 1529 4291 llinistri
1593 4242 1827 4295 namque
1869 4237 2100 4292 persona
2153 4218 2294 4271 invi-

723 4346 873 4399 diosa
906 4353 1017 4393 non
1051 4344 1159 4389 est.
1194 4330 1305 4385 Nec
1343 4326 1490 4381 enim
1554 4321 1871 4390 quisquam,
1896 4314 2130 4381 «inquit,
2188 4308 2296 4362 mi-

724 4437 896 4492 nistro
928 4430 1008 4484 vel
1057 4426 1282 4481 diacono
1319 4422 1370 4474 in
1399 4417 1597 4471 castris
1635 4407 1896 4472 moranti,
1936 4401 2298 4475 quemadmo-

725 4529 854 4582 dum
884 4523 1134 4592 episcopo
1165 4516 1292 4569 illuc
1318 4508 1561 4570 abeunti,
1623 4498 1999 4559 succensebit:
2040 4504 2149 4548 tum
2198 4493 2303 4546 im-

729 4616 998 4689 peratoris
1025 4584 1219 4665 littera:
1251 4618 1444 4659 noxam
1501 4598 1890 4654 condonantes,
1947 4598 2042 4642 aut
2101 4584 2301 4653 aliquid

729 4708 995 4781 ejusmodi
1022 4702 1387 4760 continentes,
1417 4692 1615 4749 deferri
1651 4702 1745 4758 per
1800 4686 2088 4739 diaconum
2141 4690 2301 4747 quam

731 4801 1013 4859 celerrime
1043 4802 1321 4866 poterunt.
2124 4810 2159 4831 ..ρ
2222 4803 2243 4864 1.

1336 4872 1564 4933 CANON
1607 4870 1701 4926 lx.
2144 4876 2145 4881 η
2208 4845 2237 4867 ί¹

740 5010 757 5040 ι
800 4989 855 5043 Si
881 4993 1250 5052 ctquscunque
1277 4972 1569 5045 provinciae
1599 4962 1839 5035 episcopi
1875 4960 1941 5013 ad
1984 4957 2217 5011 fratrem
2253 4959 2308 5007 et

815 5101 833 5131 ι
864 5080 1243 5146 coepiscopum
1276 5079 1457 5129 suum,
1484 5067 1574 5130 qui
1606 5067 1687 5113 est
1729 5057 1781 5109 in
1815 5051 2006 5120 majori
2065 5047 2307 5107 civitate,

816 5193 834 5224 ι
876 5140 980 5224 hoc
1004 5178 1106 5227 est,
1139 5167 1190 5217 in
1249 5155 1560 5225 metropoli,
1602 5150 1822 5203 mittant
1871 5140 2309 5223 supplicationes,

816 5282 835 5312 ι
874 5266 917 5313 is
947 5270 999 5311 et
1022 5256 1329 5310 ministrum
1361 5261 1517 5302 suum
1550 5253 1605 5296 et
1648 5236 2080 5307 supplicationes
2111 5231 2311 5291 mittat,
2393 5252 2411 5264 κ

822 5373 839 5401 ιι
876 5353 1009 5404 dans
1036 5349 1085 5401 ei
1122 5336 1599 5398 commendatitias
1632 5343 1851 5400 quoque
1887 5325 2114 5384 litteras,
2175 5321 2315 5373 scri-

825 5464 843 5497 ι
878 5447 1009 5497 bens
1047 5438 1252 5493 scilicet
1284 5447 1377 5501 per
1407 5423 1851 5493 Conseqnetttiatn
1887 5419 2049 5470 etiam
2102 5412 2169 5464 ad
2210 5409 2319 5463 Ira-

826 5558 846 5591 ι
886 5548 997 5590 tres
1030 5531 1375 5598 coepiscopos
1405 5527 1643 5581 nostros,
1678 5517 1769 5583 qui
1831 5510 1921 5564 illo
1970 5519 2207 5573 tempore
2262 5501 2315 5554 in

827 5650 845 5683 t
888 5629 1017 5682 locis
1044 5622 1127 5677 vel
1178 5620 1399 5672 urbibus
1426 5620 1607 5681 agant,
1630 5608 1683 5659 in
1710 5604 1905 5673 quibus
1931 5601 2225 5665 imperator
2258 5594 2309 5644 in

830 5680 851 5776 ζ
877 5680 1064 5791 primis
1089 5699 1896 5785 pius'rempnblicatngubernat.
1917 5690 1972 5743 Si
2012 5687 2134 5756 quis
2157 5680 2319 5753 495

831 5836 852 5870 ι
883 5825 1059 5870 autem
1085 5809 1374 5881 episcopus
1407 5801 1570 5854 habet
1601 5793 1805 5847 amicos
1846 5787 1899 5840 in
1932 5782 2052 5837 aula
2113 5784 2318 5846 palatn,

834 5927 855 5961 ι
877 5915 931 5963 et
967 5905 1092 5960 velit
1120 5872 1323 5970 aliquid
1355 5891 1495 5964 quod
1529 5889 1599 5943 sit
1645 5888 1933 5941 honestum
1984 5883 2041 5931 et
2099 5872 2314 5942 justum

1920 445 2197 507 THEOD.
2241 438 2636 500 BALSMION

2334 4830 2377 4885 ι)

3785 421 3921 484 H55

2408 576 2425 605 ε
2473 554 2594 623 οὐχὶ
2643 554 2712 620 τῇ
2766 546 2996 630 mima
3050 544 3324 613 προτάσει
3384 539 3665 610 διατρίψει
3731 540 3812 597 είέ
3868 542 3928 589 τὸ

2422 666 2439 693 σ
2492 641 2882 711 στρατόπεδον,
2905 638 3040 690 ἀλλὰ
3062 636 3265 706 μᾶλλον
3293 633 3545 687 διάκονον
3568 630 3874 682 στέλλοιτο.
3903 646 3925 678 ι

2342 735 2566 790 ΑΡΙΣΤ.
2624 751 2643 784 ι
2689 733 2815 794 Τοῖς
2846 730 2938 782 ἐπὶ
2983 729 3083 798 τὴν
3120 725 3450 795 Ἐκκλησίαν
3508 722 3933 793 προσφεύγουσι

2914 840 2931 871 ι
2967 820 3285 892 βοηθητέον.
3322 837 3340 869 ι

2417 921 2493 975 Τὸ
2530 919 2629 990 μὲν
2671 913 3168 985 ἀντιλαμϐάνεσθαι
3202 912 3294 964 τὸν
3324 909 3628 961 ἐπίσκοπον
3667 906 3935 974 ὀρθρινῶν

2345 1013 2443 1064 καὶ
2469 1009 2677 1082 χηρῶν,
2711 1007 2804 1060 καὶ
2830 1003 3217 1075 ἀπεριστάτων
3252 1000 3615 1071 βιαζομένων,
3650 997 3933 1058 ὡσαύτως

2344 1103 2399 1156 δὲ
2436 1104 2533 1156 καὶ
2562 1099 2673 1153 τῶν
2731 1099 2812 1160 είς
2862 1095 2962 1164 τὴν
3002 1093 3301 1159 ἐκκλησίαν
3346 1090 3821 1157 καταφευγόντων
3849 1085 3939 1136 δια

2345 1196 2416 1249 τὰ
2446 1193 2630 1248 αὐτῶν
2659 1188 3064 1261 ἁμαρτήματα,
3098 1184 3189 1236 καὶ
3222 1183 3494 1250 δεομένων
3544 1177 3936 1248 συμπαθείας,

2345 1289 2441 1340 καὶ
2464 1280 2873 1355 προσέρχεσθαι
2904 1278 3033 1348 περὶ
3053 1276 3234 1330 αὑτῶν
3259 1275 3335 1344 τῷ
3359 1274 3599 1343 βασιλεῖ,
3628 1272 3731 1324 καὶ
3762 1272 3940 1324 αἰτεῖν

2346 1381 2461 1441 τοῖς
2500 1377 2602 1448 μὲν
2637 1372 3019 1441 ἀδικουμένοις
3049 1368 3352 1436 ἐκδίκησιν,
3382 1368 3497 1426 τοῖς
3544 1364 3606 1415 δὲ
3659 1377 3939 1429 κατακρι-

2349 1470 2488 1522 θεϊσι
2511 1467 2601 1521 διά
2626 1483 2679 1518 τι
2713 1465 2963 1531 πταῖσμα
2986 1462 3366 1531 συγχώρησιν,
3381 1459 3407 1509 ό
3428 1455 3628 1526 παρὼν
3650 1455 3942 1524 προστάτ-

2345 1578 2428 1613 τει
2456 1558 2662 1612 κανών.
2701 1559 2775 1611 Τὸ
2804 1556 2862 1610 δὲ
2890 1555 2980 1608 διὰ
3006 1555 3105 1617 τάς
3136 1551 3393 1614 τοιαύτας
3423 1550 3609 1611 αἰτίας
3643 1548 3784 1608 τοὺς
3814 1548 3942 1597 27::-

2349 1654 2589 1713 σκόπους
2621 1652 2721 1715 τὰς
2756 1649 2973 1703 ἑαυτῶν
3003 1646 3446 1714 καταλιμπάνειν
3479 1640 3821 1711 ἐκκλησίας,
3854 1636 3952 1689 καὶ
3985 1666 3988 1667 ν

2348 1742 2695 1813 ἀπέρχεσθαι
2721 1743 2801 1805 εἰς
2829 1740 2891 1792 τὸ
2916 1737 3308 1802 στρατόπεδον,
3355 1735 3389 1806 ἢ
3442 1730 3712 1802 ἀλλαχοῦ,
3745 1728 3885 1781 ἔνθα
3919 1729 3948 1777 ὁ

2358 1833 2617 1906 βασιλεύς
2654 1835 2795 1897 ἐστι,
2829 1831 2927 1885 καὶ
2979 1829 3158 1899 ὀχλεῖν
3222 1827 3356 1897 περὶ
3386 1825 3496 1879 τῶν
3528 1822 3831 1883 τοιούτοιν,
3872 1818 3948 1880 ὡς

2289 1928 2330 1982 Β
2360 1930 2568 2010 ἐπάγον
2598 1930 2748 1991 παρά
2777 1926 2888 1979 τῶν
2931 1922 3145 1977 πολλῶν
3178 1923 3293 1983 τοῖς
3334 1918 3665 1977 ἐπισκόποις
3733 1912 3951 1982 μέμψιν

1134 2045 1195 2098 οὑ
1226 2003 1506 2109 συγχωρεῖ
1532 2030 1803 2104 γίνεσθαι.
1841 2023 2001 2080 Ἀλλὰ
2018 2022 2106 2075 διὰ
2132 2020 2239 2073 τῶν
2279 2005 2428 2073 ἰδίων
2457 2021 2728 2074 διακόνων
2790 2018 2889 2081 τὰς
2949 2016 3165 2086 δεήσεις
3228 2009 3541 2065 στέλλεσθαι
3599 2005 3682 2075 τῷ
3739 2003 3956 2073 βασιλεῖ

2956 2112 2966 2138 l

2966 2189 3212 2245 ΚΑΝΩΝ
3272 2186 3353 2243 Il'.

2372 2309 2390 2341 ι
2448 2285 2673 2355 Ἐπειδὴ
2699 2281 2849 2348 εδοξε
2883 2281 2975 2335 διά
2996 2281 3057 2333 τὸ
3089 2282 3165 2349 μὴ
3200 2278 3420 2330 πίπτειν
3450 2274 3557 2327 ὑπὸ
3594 2272 3963 2336 κατάγνωσξν

2445 2399 2463 2432 ι
2506 2396 2629 2432 τινα
2659 2376 2774 2430 τῶν
2796 2374 3116 2429 ἐπισκόπων
3140 2368 3543 2439 ἀφικνούμενον
3573 2366 3661 2427 είς
3700 2364 3769 2416 τὸ
3797 2380 3965 2431 στρα-

2442 2491 2461 2525 ι
2507 2469 2755 2530 τόπεδον,
2771 2467 2825 2520 εί
2843 2482 2990 2529 τινες
3012 2462 3195 2518 αὐτῶν
3225 2460 3483 2522 τοιαύτας
3506 2457 3694 2526 ἔχοιεν
3716 2455 3964 2523 δεήσεις,

2444 2581 2463 2614 ι
2520 2561 2651 2615 οἴων
2678 2560 2867 2615 ἐπάνω
2894 2553 3345 2625 ἐπεμνήσθημεν,
3397 2548 3485 2601 διὰ
3513 2548 3655 2600 ἰδίου
3704 2544 3965 2596 διικόνσυ

2446 2674 2465 2709 ι
2512 2654 2909 2709 ὲπιστέλλοιεν.
2932 2648 3108 2704 Τοῦτο
3156 2648 3266 2715 γὰρ
3328 2643 3610 2711 ὑπηρέτου
3669 2638 3738 2689 τὸ
3796 2636 3968 2705 πρόσ-

2448 2766 2468 2801 ι
2513 2764 2663 2802 ωπον
2685 2747 2786 2800 οὑκ
2818 2743 3108 2810 ἐπίφθονον
3134 2737 3422 2805 τυγχάνει,
3453 2731 3547 2784 καὶ
3582 2731 3654 2781 τὰ
3679 2743 3972 2795 παρασχε-

2453 2856 2472 2890 t
2516 2836 2801 2906 θησόμενα
2861 2832 3056 2886 θᾶττον
3131 2821 3555 2891 διακομισθῆναι
3642 2820 3966 2885 δυνήσεται.

2455 2949 2475 2983 ι
2530 2927 2927 2998 ’Λπεκρίναντο
2976 2922 3179 2983 πάντες
3202 2937 3217 2953 -
3254 2918 3364 2970 Καὶ
3392 2913 3553 2966 τοῦτο
3603 2910 3911 2981 όριξέσθω.
3948 2927 3965 2957 ο

2452 3022 2649 3076 ΒΑΛΣ.
2692 3019 2805 3073 Καὶ
2840 3020 2868 3072 ό
2897 3014 3090 3085 παρὼν
3121 3008 3304 3065 κανὼν
3346 3008 3413 3061 τὰ
3437 3004 3583 3059 αὑτὰ
3606 3003 3689 3072 τῷ
3733 3002 3849 3070 πρὸ
3876 3000 3974 3052 αὑ-

2381 3115 2480 3169 τοῦ
2510 3113 2781 3177 θεσπίζει,
2833 3106 3260 3178 προστιθέμενος
3300 3101 3375 3171 μὴ
3420 3098 3508 3151 διὰ
3554 3096 3673 3149 τῶν
3747 3093 3973 3145 ἐπισιῶ

2386 3218 2535 3270 πων,
2563 3205 2702 3260 ἀλλά
2735 3204 2872 3273 μετὰ
2901 3199 3166 3252 διακόνων
3197 3196 3297 3257 τὰς
3347 3191 3489 3260 πρὸς
3542 3191 3677 3248 τορς
3723 3186 3969 3254 βασιλείῑ

2388 3298 2657 3362 ιντεύξεις
2688 3294 2868 3350 αὐτῶν
2906 3291 3179 3361 γίνεσθαι.
3205 3285 3502 3344 Διακόνους
3532 3280 3593 3331 δὲ
3623 3277 3874 3331 ἐνταῦθα
3904 3274 3977 3341 μὴ

2388 3394 2516 3455 τοὺς
2580 3384 3135 3459 κεχειροτονημένους
3186 3382 3369 3448 εῐπῃς,
3425 3373 3565 3428 ἀλλὰ
3612 3371 3752 3431 τοὺς
3790 3367 3977 3426 ἁπλῶς

2312 3478 2357 3538 C
2389 3482 2688 3543 ὼυλευτάς
2714 3482 2811 3532 καὶ
2854 3476 3235 3543 οἱουσδήτινας
3266 3468 3573 3538 ὑπηρέτας.

2459 3570 2707 3627 ΖΩΝΔΡ.
2740 3568 2801 3620 EI
2828 3567 2884 3619 δέ
2918 3580 3088 3627 τινες,
3112 3561 3273 3630 φησὶ,
3303 3557 3409 3610 τῶν
3436 3553 3774 3607 ἐπισκόπων
3796 3549 3983 3602 τοιαύ-

2390 3681 2489 3728 τας
2548 3663 2727 3731 ἔχοιεν
2783 3658 3023 3727 δεήσεις,
3086 3654 3214 3705 οἴων
3275 3648 3535 3715 ἀνωτέρω
3590 3642 3980 3711 ἐμνήσθημεν,

2391 3758 2565 3827 ἡγουν
2588 3753 2681 3806 ἐπὶ
2707 3747 2933 3820 βοηθείᾳ.
2952 3744 3347 3813 ἀδικουμένων,
3375 3740 3469 3790 καὶ
3494 3733 3985 3787 καταδυναστευο-

2396 3821 2595 3919 μένων,
2626 3844 2660 3914 ἢ
2690 3842 2779 3894 διὰ
2802 3840 3123 3906 πταίσματα
3149 3830 3624 3889 καταγοιθέντων,
3654 3826 3761 3878 καὶ
3792 3822 3881 3875 ἶνα
3910 3821 3981 3890 μὴ

2396 3933 2941 4002 καταγινώσκωνται,
2984 3929 3046 3980 οὑ
3080 3926 3365 3996 βούλονται
3427 3919 3790 3989 ἀπέρχεσθαι
3822 3919 3903 3977 εἰς
3931 3917 3987 3965 τὸ

2399 4028 2785 4101 στρατόπεδον,
2827 4022 3113 4081 διακόνους
3147 4017 3384 4076 οἰκείους
3439 4013 3853 4080 πεμπέτωσαν.
3886 4006 3987 4058 Τοῦ

2399 4124 2510 4190 γὰρ
2540 4117 2818 4186 ὑπηρέτου
2854 4113 2913 4165 τὸ
2942 4112 3233 4181 πρόσωπον
3252 4108 3354 4159 οὑκ
3369 4103 3667 4171 ἐπίφθονον
3699 4100 3989 4168 τυγχάνει.

2400 4186 2536 4265 ὸὺδὲ
2563 4209 2672 4279 γὰρ
2715 4204 3013 4276 μέμψεται,
3041 4200 3199 4268 φησι,
3235 4199 3321 4258 τίς
3346 4194 3422 4263 τῷ
3458 4192 3721 4261 ὑπηρέτῃ
3760 4192 3885 4259 ἢτοι
3917 4186 3989 4255 τιξ-

2400 4302 2634 4371 διακόνῳ
2679 4297 3010 4367 διατρίϐοντι
3077 4294 3135 4344 ἐν
3174 4286 3548 4357 στρατοπέδῳ,
3584 4283 3663 4344 ὡς
3715 4280 3993 4349 μέμψεται

2401 4394 2481 4465 τῷ
2515 4392 2804 4459 ὲπισκόπῳ
2834 4390 2952 4440 ἐκεῖ
2982 4383 3292 4442 ἀπελθόντι,
3330 4379 3424 4430 καὶ
3472 4377 3538 4428 τά
3575 4378 3739 4442 παρὰ
3768 4374 3867 4424 τοῦ
3904 4355 3994 4439 βαι

2408 4464 2602 4548 σιλέως
2630 4482 2974 4551 δοθησόμενα
2995 4476 3304 4545 γράμματα
3355 4471 3435 4532 είς
3465 4468 3841 4534 συγχώρησιν
3872 4464 3993 4519 ῐσως

2407 4580 2519 4634 τῶν
2543 4575 2912 4635 πταισάντων,
2945 4571 2979 4637 ἢ
3011 4569 3177 4637 ’έτερα
3215 4563 3522 4631 οίαδήτινα,
3564 4559 3867 4625 συντόμως
3909 4568 3995 4603 κο-

2413 4670 2673 4743 μισθῆναι
2702 4667 2793 4721 διὰ
2825 4663 2919 4718 τοῦ
2948 4663 3199 4715 διακόνου
3232 4656 3548 4725 δινήσεται.

3022 4840 3259 4898 ΚΑΝΩΝ
3291 4839 3368 4891 8'.

2418 4967 2438 5002 ι
2496 4945 2625 5001 Ἐὰν
2654 4935 3042 5010 οίασδηποτοῦν
3065 4931 3336 5003 ἐπαρχίας
3361 4927 3655 4980 ἐπίσκοποι
3673 4921 3827 4990 πρὸς
3849 4913 3999 4969 e551-

2493 5057 2512 5091 ι
2556 5036 2656 5106 φὺν
2701 5034 2798 5090 καὶ
2869 5026 3267 5082 συνεπίσκοπον
3329 5017 3537 5071 ἑαυτῶν
3607 5006 3999 5064 ἀποστέλλοιεν

2497 5149 2516 5183 ι
2561 5094 2802 5199 δεήσεις,
2837 5126 2865 5176 ὁ
2900 5123 2957 5173 ὲν
2984 5122 3050 5190 τῇ
3083 5116 3290 5187 μείζονι
3316 5107 3608 5178 τυγχάνων
3641 5104 3833 5164 πόλει,
3858 5094 3995 5151 τοῦτ’

2464 5260 2467 5263 η
2495 5240 2513 5274 ι
2555 5189 2674 5272 έστί
2702 5219 2768 5286 τῇ
2803 5211 3163 5285 μητροπόλει,
3191 5203 3351 5265 αὐτὸς
3377 5202 3470 5253 καὶ
3494 5198 3591 5250 τὸν
3617 5195 3883 5248 διάκονον
3909 5189 4003 5241 aii-

2494 5331 2513 5365 ι
2555 5311 2651 5365 τοῦ
2681 5309 2775 5362 καὶ
2800 5306 2899 5367 τὰς
2928 5303 3143 5367 δεήσεις
3174 5293 3517 5354 ἀποστέλλοι,
3556 5288 3836 5357 παρέχων
3860 5281 3999 5349 αὑτῷ

2496 5423 2514 5456 ι
2558 5404 2654 5456 καὶ
2703 5394 3037 5455 συστατικὰς
3087 5387 3401 5450 ἐπιστολὰς,
3463 5382 3701 5451 γράφων
3762 5377 4000 5446 δηλονότι

2500 5515 2519 5547 ι
2565 5495 2708 5549 κατὰ
2739 5487 3069 5545 ἀκολουθίαν
3104 5486 3199 5537 καὶ
3233 5480 3372 5551 πρὸς
3422 5479 3550 5538 τοὺς
3602 5472 3884 5541 ἀδελφοὺς
3918 5468 4004 5520 καὶ

2503 5607 2521 5639 ι
2573 5582 3006 5641 συνεπισκὸπους
3066 5575 3243 5646 ἡμῶν,
3294 5571 3495 5630 οἵτινες
3553 5569 3616 5619 ὲν
3685 5565 3893 5630 ἐκείνῳ
3936 5556 4003 5625 τῷ

2507 5698 2526 5730 ι
2585 5674 2765 5748 καιρῷ
2791 5676 2847 5726 ὲν
2873 5674 2985 5733 τοῖς
3015 5672 3198 5729 τόποις
3224 5667 3257 5735 ἢ
3289 5668 3346 5717 ὲν
3375 5666 3497 5723 ταῖς
3524 5661 3725 5713 πόλεσι
3753 5659 4003 5721 διάγοιεν.

2512 5790 2531 5821 ι
2576 5770 2632 5820 ἐν
2677 5762 2763 5827 αἷς
2816 5765 2844 5816 ὁ
2909 5761 3298 5818 εὐσεϐέστατος
3344 5753 3603 5824 βασιλεὺς
3663 5751 3739 5803 τὰ.
3784 5747 4003 5818 δημόσια

2513 5880 2532 5913 ι
2582 5858 2881 5930 πράγματα
2907 5851 3297 5919 διαγ.κ,6ερνᾷ.
3329 5849 3389 5901 Εἰ
3416 5848 3471 5899 δὲ
3494 5846 3611 5914 ἔχοι
3637 5860 3725 5905 τις
3758 5841 3869 5893 τῶν
3898 5840 4004 5890 ἑπι-
