4178 6420
245 335 376 399 11.57

319 565 336 587 ι
380 539 525 589 λοιτο
589 537 717 607 περί
773 554 938 598 τινος,
998 537 1136 605 ὅπερ
1199 537 1658 606 πρεπωδέστερον
1701 540 1810 607 εἴη,

328 651 344 679 ι
405 630 659 695 ἀξιῶσαι,
697 630 772 699 μὴ
798 629 1062 682 κωλύοιτο
1091 629 1177 682 διὰ
1205 629 1298 682 τοῦ
1336 631 1532 683 ἐαυτοῦ
1562 633 1813 685 διακόνου

329 740 349 771 r
405 721 500 773 καὶ
533 721 768 784 ἀξιῶσαι
803 722 899 774 καὶ
924 722 1267 775 ἐντείλασθαι
1290 722 1522 786 τούτοις,
1546 724 1686 776 ὥστε
1715 725 1814 795 τὴν

331 839 349 864 σ
390 815 570 868 αὐτῶν
631 815 845 884 ἀγαθὴν
898 815 1151 885 βοήθειαν
1215 815 1454 883 ἀξιοῦντι
1509 815 1660 887 αὑτῷ
1712 834 1817 869 πα.

320 928 339 960 ι
397 909 757 978 ρέχειν..οίδέ
789 910 868 972 εἰς
908 909 1129 979 Ῥώμην
1153 910 1599 979 παραγινόμενοι,
1631 910 1814 975 καθὼς

329 1023 346 1051 α
405 1002 731 1071 προείρηκα,
749 1000 826 1069 τῷ
844 1002 1114 1072 ἀγαπητῷ
1134 1003 1291 1072 ἡμῶν
1320 1002 1534 1073 ἀδελφῷ
1558 1005 1653 1056 καὶ
1686 1022 1812 1056 συν-

321 1111 340 1143 (
393 1093 680 1161 επισκόπῳ
711 1091 919 1162 Ἰουλίῳ
968 1094 1065 1155 τὰς
1095 1093 1329 1162 δεήσεις,
1364 1094 1430 1156 ἂς
1462 1094 1635 1164 ἔχοιεν
1672 1095 1814 1147 διδόο

325 1205 344 1236 ι
393 1203 504 1248 ναι,
549 1185 828 1252 ὀφείλουσι
889 1185 1172 1257 παρέχειν,
1202 1189 1289 1241 ἶνα
1330 1189 1594 1258 πρότερον
1653 1189 1816 1249 αὐτὸς

339 1297 356 1321 σ
410 1277 731 1346 δοκιμάζοι·
781 1278 829 1329 εί
869 1278 942 1348 μή
973 1294 1118 1339 τινες
1174 1275 1234 1341 ἐξ
1279 1279 1456 1332 αὐτῶν
1529 1278 1817 1348 ἀναισχυν-

332 1387 349 1416 ‹
406 1368 591 1420 τοῖεν⁸
629 1367 720 1419 καὶ
774 1365 918 1420 οὕτω
953 1367 1054 1437 τὴν
1111 1368 1308 1421 ἐαυτοῦ
1360 1368 1697 1438 προστασίαν
1723 1368 1819 1421 καὶ

337 1481 353 1508 1
415 1459 675 1531 φροντίδα
705 1461 962 1531 παρέχων
1007 1461 1088 1522 είς
1116 1460 1178 1513 τὺ
1209 1460 1573 1532 στρατόπεδον
1619 1457 1818 1521 αὐτοὺς

345 1575 362 1604 ι
409 1554 754 1609 ἀποστέλλοι.
815 1557 1091 1618 Ἅπαντες
1136 1555 1188 1607 οί
1237 1555 1528 1607 ἐπίσκοποι
1583 1553 1820 1624 ἀπεκρί-

345 1668 361 1698 ι
421 1665 582 1701 ναντο
630 1647 892 1716 ἀρέσκειν
938 1649 1146 1710 αὐτοῖς,
1201 1647 1297 1700 καὶ
1354 1646 1819 1716 πρεπωδεστάτην

338 1759 355 1788 ι
397 1734 535 1792 εἶναι
567 1738 665 1809 τὴν
693 1738 1008 1808 συμϐουλὴν
1032 1738 1263 1808 ταύτην.
1305 1757 1324 1790 ι

1356 336 1430 393 ιΝ
1469 340 1630 400 (LXV.
1681 339 1757 397 ΙΧ
1803 341 2007 400 (IUNC.
2055 343 2326 400 SAliDlC

319 470 334 495 ι
378 444 561 497 κόπων
592 444 774 512 φίλους
803 444 857 496 ἐν
881 445 948 512 τῇ
974 445 1111 513 αὐλῇ
1141 443 1232 495 τοῦ
1267 445 1550 509 παλατίου,
1574 449 1661 498 καὶ
1687 449 1811 516 {30$-
1847 471 1886 521 Α

1995 471 2012 501 ‹
2050 450 2374 520 impetrare;
2405 466 2471 505 ne
2495 453 2847 519 prohibeatur
2870 469 2965 524 per
2990 469 3149 509 suum
3175 456 3481 512 ministrum

1992 559 2008 589 ι
2048 551 2102 594 et
2133 557 2323 608 rogare
2344 550 2398 595 et
2431 543 2494 596 iis
2525 544 2801 608 mandare,
2829 555 2886 597 ut
2919 545 3116 599 bonum
3141 564 3294 600 suum
3323 552 3481 602 auxi-

1991 650 2009 681 ‹
2051 631 2177 684 lium
2195 633 2242 684 ei
2264 632 2464 701 petenti
2477 634 2912 700 velintpratberc.
2931 634 3028 696 Qui
3053 646 3229 690 autem
3250 639 3474 692 Romam

1991 741 2010 774 ι
2043 727 2328 786 accedunt,
2354 726 2807 791 quemadmodum
2835 728 3089 795 superius
3113 729 3315 782 dictum
3379 743 3483 795 est,

1993 834 2012 866 ι
2048 815 2244 870 dilecto
2277 816 2430 870 fratri
2461 827 2649 870 nostro
2673 827 2728 872 et
2749 821 3072 888 coepiscopo
3099 819 3242 874 Julio
3273 837 3482 888 preces,

1995 926 2012 960 t
2047 923 2182 976 quas
2218 909 2418 964 habent
2441 912 2665 974 dandas,
2722 911 2964 979 praebere
2997 914 3212 975 debent,
3257 926 3314 968 ut
3373 916 3486 984 ipsc

1991 1017 2011 1051 ι
2041 1001 2190 1068 prius
2220 1002 2525 1067 examinet;
2552 1003 2652 1056 nisi
2687 1002 2884 1073 aliqua!
2932 1018 3115 1059 earum
3168 1006 3276 1059 sint
3311 1007 3488 1074 impu—

1992 1113 2010 1144 (
2042 1091 2233 1146 dentes
2279 1111 2291 1145 ζ
2332 1101 2386 1145 (δι
2427 1094 2508 1146 sic
2553 1108 2702 1146 suam
2760 1097 3137 1151 auctoritatem
3199 1107 3254 1150 ει
3295 1112 3480 1152 curam

1995 1205 2013 1236 r
2052 1186 2332 1253 prmbens,
2365 1199 2461 1240 eos
2507 1186 2573 1239 ad
2631 1196 2824 1249 castra,
2855 1189 3052 1243 mittat.
3114 1187 3319 1244 Omnes
3371 1193 3486 1256 epi-

1990 1296 2009 1328 ι
2048 1278 2196 1346 scopi
2248 1277 2538 1342 dixerunt,
2573 1279 2649 1331 eis
2681 1279 2894 1347 placere
2916 1287 2970 1333 et
2999 1294 3118 1336 esse
3160 1282 3489 1337 convenien-

1993 1387 2011 1421 ι
2055 1370 2322 1425 tissimum
2349 1371 2451 1424 hoc
2489 1372 2800 1426 consilium.
2831 1389 2851 1423 ι

323 1831 518 1884 ΒΑΛΣ.
548 1833 671 1884 Ὀτι
702 1833 802 1884 οὐκ
832 1832 1074 1902 ἀνῃρέθη
1104 1833 1132 1885 ό
1165 1838 1233 1883 ια’
1261 1833 1442 1885 κανὼν
1475 1832 1570 1901 τῆς
1601 1832 1659 1883 ἐν
1703 1831 1819 1884 Ἀν-

1995 1839 2186 1895 BALS.
2232 1839 2384 1906 Quod
2419 1854 2522 1893 non
2559 1840 2803 1894 sublatus
2837 1841 2907 1893 sit
2949 1853 3118 1893 canon
3163 1835 3482 1890 undecimus

247 1921 456 1991 ttoxsi;
488 1923 734 1985 συνόδου,
765 1922 924 1991 δῆλον
961 1925 1055 1976 καὶ
1086 1921 1194 1975 ἀπὸ
1226 1922 1319 1975 τοῦ
1353 1922 1622 1988 παρόντος
1654 1923 1817 1975 κανό-

250 2029 365 2070 νος.
404 2013 541 2080 Φησὶ
563 2013 670 2081 γάρ
698 2013 801 2076 ὅτι,
824 2013 918 2064 ἐὰν
942 2013 1238 2074 ἐπίσκοπος
1271 2013 1470 2086 θελήσῃ
1501 2012 1820 2065 ἀποστεῖλαι

248 2104 466 2172 δεήσεις
497 2104 576 2165 εἰς
613 2104 704 2155 τὸν
755 2103 977 2172 βασιλέα
1002 2104 1086 2156 διὰ
1123 2104 1449 2173 συναδέλφου
1475 2105 1569 2156 καὶ
1606 2121 1822 2157 συνεπι-

251 2197 460 2249 σκόπου
495 2196 661 2249 αὑτοῦ
703 2198 1188 2268 ἀρχιερατεύοντος
1222 2199 1302 2260 είς
1335 2198 1624 2268 ἐπαρχίαν,
1653 2200 1731 2260 εἰς
1753 2201 1821 2269 ἣν

246 2290 429 2355 διάγει
464 2293 491 2342 ό
527 2290 805 2359 βασιλεὺς.
837 2291 1039 2357 ὀφείλει
1090 2290 1495 2360 προσέρχεσθαι
1541 2292 1618 2362 τῷ
1646 2311 1822 2361 7:903-

247 2383 404 2451 φόρῳ
463 2383 878 2455 μητροπολίτῃ,
936 2383 1029 2435 καὶ
1109 2383 1485 2436 ἀναδιδάσκειν
1539 2385 1700 2437 αὑτὸν
1763 2385 1825 2437 τὸ

245 2475 452 2525 οίκείον
485 2473 754 2543 βούλημαθ
788 2476 884 2527 καὶ
914 2476 940 2526 ό
974 2474 1379 2545 μητροπολίτης
1407 2476 1545 2544 μετὰ
1574 2475 1823 2530 διακόνου

247 2566 442 2629 αὐτοῦ,
464 2566 772 2632 ὀφείλοντος
804 2566 1169 2636 ἐπιφέρεσθαι
1202 2567 1494 2626 κανονικὰς
1515 2567 1824 2632 ἐπιστολὰς,

250 2659 426 2726 ἤγουν
478 2657 768 2726 εἰρηνικὰς
822 2657 915 2710 καὶ
983 2658 1335 2722 συστατικὰς,
1378 2659 1694 2724 ἁναδιδάξαι
1735 2661 1826 2712 τὸν

251 2749 592 2816 ἐνδημοῦντα
634 2750 950 2814 ἐπίσκοπον,
986 2750 1060 2812 ώς
1097 2752 1336 2821 εἴρηται,
1375 2754 1454 2812 εἰς
1484 2753 1573 2803 τὸν
1598 2751 1824 2821 βασιλέα

248 2842 356 2909 τὴν
403 2843 497 2894 τοῦ
556 2841 787 2911 ἀδελφοῦ
853 2843 947 2894 καὶ
1008 2844 1407 2896 συνεπισκόπου
1454 2844 1822 2914 παράκλησιν.

251 2936 432 2990 Τοῦτο
459 2937 516 2989 δὲ
563 2937 808 3005 γίνεσθαι
851 2936 1026 3000 οὕτως
1059 2937 1292 3006 ὡρίσθη,
1328 2939 1415 2992 ἵνα
1459 2939 1487 2991 ὁ
1548 2956 1826 3009 μητροπο-

252 3029 410 3096 λίτης
444 3029 654 3097 ἐπιγνῷ
668 3030 768 3098 τὴν
791 3030 1072 3096 ὑπόθεσιν,
1100 3031 1197 3084 καὶ
1230 3032 1434 3099 διαγνῴ
1470 3033 1518 3084 εί
1544 3033 1818 3102 ἐνδέχεται

1921 1932 2270 1987 Antiocheam
2324 1931 2536 2003 synodi,
2593 1947 2656 1985 ex
2707 1929 2958 2000 praesenti
3024 1941 3236 1995 quoque
3285 1939 3494 1976 canone

1923 2025 2126 2078 clarum
2167 2033 2271 2079 est.
2307 2025 2443 2078 Dicit
2478 2025 2654 2086 enim,
2688 2023 2827 2091 quod
2871 2023 2913 2077 si
2951 2022 3238 2090 episcopus
3265 2017 3495 2070 voluerit

1925 2113 2141 2166 mittere
2177 2128 2370 2182 preces
2423 2114 2490 2167 ad
2538 2113 2894 2180 imperatores
2929 2125 3023 2179 per
3061 2109 3388 2162 contratrcm
3438 2114 3489 2154 «ιι

1926 2206 2298 2275 οορῃίεοοῃιιηι
2321 2223 2499 2271 suum,
2531 2205 2723 2276 quiest
2757 2205 2808 2258 in
2838 2220 2898 2259 ea
2934 2202 3205 2271 provincia
3240 2201 3494 2258 antistes.

1929 2301 1980 2352 in
2013 2315 2115 2367 qua
2147 2300 2438 2367 imperator
2475 2299 2606 2366 agit,
2641 2297 2800 2352 debet
2845 2297 2910 2351 ad
2942 2303 3331 2363 competentiam
3381 2307 3492 2342 uie-

1930 2392 2311 2460 tropolilanttnt
2365 2391 2647 2455 accedere,
2701 2400 2755 2444 et
2799 2403 2948 2442 suam
2995 2388 3322 2440 voluntatem
3370 2400 3490 2437 eu-u

1928 2484 2164 2537 docere:
2197 2482 2646 2551 metropolitanus
2681 2495 2811 2533 vero
2857 2493 2980 2532 cum
3018 2477 3215 2531 famulo
3248 2492 3367 2535 suo,
3400 2475 3491 2542 qui

1928 2576 2085 2630 debet
2117 2575 2374 2644 epistolas
2404 2574 2698 2628 canonicos
2751 2571 2962 2633 afferre,
2999 2569 3207 2622 scilicet
3242 2565 3498 2633 paciﬁcus

1929 2677 1982 2721 et
2037 2666 2531 2728 commendatitias,
2583 2664 2797 2719 docebit
2843 2663 3177 2730 episc0pum,
3221 2660 3310 2725 qui
3359 2659 3498 2725 apud

1932 2765 2333 2829 imperatorem,
2384 2769 2438 2812 ut
2471 2759 2669 2812 dictum
2716 2766 2821 2819 est,
2878 2762 3148 2815 versatur,
3202 2750 3384 2803 fratris
3439 2759 3495 2802 et

1931 2852 2230 2920 coepisropi
2269 2849 2708 2920 postulationem.
2761 2846 2871 2900 lloc
2907 2856 3084 2899 autem
3117 2844 3198 2897 sic
3227 2842 3337 2895 ﬂeri
3391 2851 3501 2892 sta-

1931 2955 2104 2998 tutum
2138 2955 2220 2996 est
2243 2981 2258 3006 ,
2291 2952 2348 2995 ut
2377 2941 2827 3010 metropolitanns
2860 2951 3076 2991 causam
3114 2945 3402 3004 cognoscat
3447 2943 3502 2985 rt

1932 3039 2224 3097 discernat,
2255 3051 2321 3087 an
2350 3048 2470 3087 eam
2490 3040 2734 3102 oporteat
2764 3033 2830 3082 ad
2857 3029 3237 3096 imperatorem
3266 3015 3524 3077 referre.-

252 3122 613 3191 ἀνενεχθῆναι
643 3122 848 3192 ταύτην
907 3123 984 3193 τῷ
1020 3124 1256 3202 βασιλεῖ,
1282 3125 1392 3177 εἴτε
1428 3125 1523 3178 καὶ
1567 3128 1664 3197 μή.
1740 3128 1828 3190 Ὠς

1934 3147 1996 3183 an
2030 3146 2158 3182 non.
2195 3128 2478 3195 Tanquam
2504 3133 2683 3179 autem
2714 3121 2938 3176 dixisset
2961 3119 3248 3189 quispiam,
3282 3132 3375 3184 per
3397 3117 3498 3168 hoc

249 3215 316 3266 δέ
355 3231 497 3277 τινος
539 3214 810 3278 είπόντος,
841 3217 906 3268 ἐκ
973 3217 1164 3269 τούτου
1200 3218 1546 3287 ἀναιρεῖσθαι
1599 3219 1691 3272 τὸν
1730 3221 1829 3288 τῆς

255 3305 544 3376 παρούσης
581 3306 800 3359 συνόδου
833 3305 882 3376 η’
923 3308 1147 3372 κανόνα,
1173 3309 1262 3360 τὸν
1282 3310 1651 3379 διοριζόμενον
1692 3313 1832 3378 μετά

249 3400 523 3452 διακόνων
557 3400 778 3453 οίκείων
830 3402 955 3462 τοὺς
994 3403 1334 3464 ἐπισκόπους
1389 3405 1831 3475 ὑπομιμνήσκειν

249 3492 352 3544 τὸν
382 3492 691 3561 βασιλέατά
735 3494 862 3562 περὶ
887 3493 995 3546 τῶν
1023 3495 1363 3564 ψυχωφελῶν
1391 3498 1602 3562 αίτιῶν,
1661 3515 1832 3568 προσ-

254 3584 445 3638 έθεντο
475 3586 525 3637 οἱ
573 3585 835 3655 Πατέρες,
885 3587 1019 3655 πρὸς
1054 3586 1152 3656 μὲν
1189 3587 1406 3656 βασιλέα
1446 3589 1521 3660 μὴ
1572 3590 1834 3642 ἀποστέλ-

254 3675 452 3728 λεσθαι
479 3677 726 3730 διάκονον
773 3678 927 3746 παρὰ
979 3679 1282 3732 ἐπισκόπου
1326 3680 1496 3749 χωρὶς
1553 3682 1832 3752 συνοδικῆς

253 3768 587 3838 ἐπιτροπῆςο
623 3771 760 3840 πρὸς
777 3771 834 3822 δέ
857 3788 926 3822 τι;
967 3787 1011 3831 ,ς
1042 3771 1278 3833 οἰκείους
1305 3772 1381 3841 τῷ
1420 3771 1631 3841 βασιλεῖ
1657 3775 1832 3826 ποιεῖν

259 3861 405 3930 μετά
443 3861 699 3914 διακόνου
739 3860 1012 3926 ἀξιώσεις.
1047 3863 1193 3932 Πλὴν
1221 3866 1316 3917 καὶ
1356 3867 1533 3931 τοῦτο,
1581 3867 1656 3930 ώς
1706 3868 1832 3936 ἐμοὶ

253 3953 434 4021 δοκεῖ,
465 3953 607 4023 μετὰ
657 3955 916 4021 εἱδήσεως
945 3953 1040 4007 τοῦ
1076 3956 1473 4026 μητροπολίτου
1515 3961 1831 4028 γενήσεται.

255 4046 405 4107 Τοὺς
468 4046 651 4112 μέντοι
683 4048 1162 4116 παραγινομένους
1196 4051 1271 4111 εἰς
1320 4050 1419 4118 τὴν
1463 4050 1682 4121 Ῥώμην
1713 4054 1834 4105 ἐπι-

255 4137 501 4201 σκόπους
544 4139 617 4207 μὴ
653 4137 826 4201 ἄλλως
848 4139 925 4208 τῷ
976 4139 1188 4207 βασιλεί
1218 4140 1636 4211 προσέρχεσθαι,
1679 4146 1728 4196 εί
1756 4147 1832 4215 μὴ

252 4236 288 4285 ὁ
313 4233 542 4295 πάππας
589 4232 729 4303 λάϐῃ
759 4234 857 4302 τὴν
887 4235 1015 4303 περὶ
1050 4234 1244 4287 τούτου
1277 4236 1507 4305 εἴδησιν’
1544 4239 1637 4290 καὶ
1667 4240 1834 4303 αὐτὸς

251 4326 567 4394 δοκιμάσας
607 4327 677 4376 τὰ
700 4325 829 4393 περὶ
870 4324 976 4378 τῶν
1007 4327 1269 4396 δεήσεων,
1306 4329 1338 4397 ἢ
1393 4331 1678 4400 ἐπιτρέψει
1731 4333 1831 4402 τὴν

255 4416 568 4485 ἀναφοράν,
601 4418 696 4468 καλ⁵
747 4417 1048 4487 ἀποστείλῃ
1085 4418 1283 4481 αὐτοὺς
1324 4421 1405 4481 εἰς
1439 4421 1532 4472 τὸν
1581 4419 1829 4488 βασιλέα,

1935 3221 2044 3276 ιυΙΙί
2093 3220 2373 3290 ῃταιεοηιίε
2415 3217 2606 3286 synodi
2659 3229 2918 3269 ranouem
2954 3213 2988 3267 8
3037 3212 3126 3281 qui
3175 3210 3398 3270 statuit,
3447 3219 3508 3260 ut

1934 3313 2171 3384 episcopi
2203 3328 2326 3367 cum
2356 3310 2589 3380 propriis
2616 3308 2876 3362 ministris
2898 3307 3278 3374 imperatorem
3312 3304 3498 3356 admo-

1935 3417 2100 3461 neant
2129 3407 2196 3460 de
2225 3407 2410 3460 causis
2445 3402 2640 3456 anima:
2667 3398 3104 3454 conducibilibus
3134 3413 3149 3461 ;
3192 3396 3506 3464 adjecerunt

1935 3498 2164 3560 Patres,
2221 3499 2286 3549 ad
2337 3498 2717 3564 imperatorem
2772 3493 2987 3560 quidem
3038 3505 3144 3543 non
3187 3487 3504 3540 mittendum

1936 3592 2242 3644 ministrum
2278 3590 2343 3642 ab
2373 3589 2625 3656 episc0po
2649 3587 2763 3638 sine
2789 3582 3034 3654 synodali
3073 3579 3367 3633 mandato:
3411 3578 3501 3629 sed

1936 3685 2206 3754 aliquibus
2232 3683 2575 3751 imperatoris
2611 3678 2965 3733 fatniliarihns
3014 3689 3202 3743 preces
3248 3689 3368 3726 cum
3403 3672 3502 3722 mi-

1937 3779 2111 3832 nistro
2141 3790 2261 3830 esse
2303 3774 2657 3829 exhibendas.
2701 3773 2805 3827 Sed
2839 3771 2938 3824 hoc
2974 3782 3209 3838 quoque,
3263 3775 3323 3819 ut
3370 3765 3498 3816 mihi

1935 3869 2168 3932 videtur,
2207 3867 2297 3921 ﬁet
2324 3882 2444 3919 cum
2477 3866 2700 3919 scientia
2750 3860 3169 3931 metropolitani.
3211 3859 3506 3928 Episcopus

1936 3976 2089 4024 vero,
2121 3960 2210 4029 qui
2265 3959 2490 4015 Romam
2521 3957 2804 4021 accedunt,
2849 3972 2950 4009 nou
2983 3954 3141 4006 aliter
3179 3952 3244 4004 ad
3275 3951 3507 4018 impera-

1942 4066 2110 4109 torem
2140 4054 2424 4115 accedere,
2459 4050 2558 4104 nisi
2587 4064 2722 4118 papa
2745 4047 2861 4115 ejus
2893 4047 2966 4100 rei
2998 4044 3280 4098 scientiam
3305 4041 3504 4094 hab-te-

1938 4152 2051 4202 rit:
2092 4156 2144 4200 et
2173 4147 2311 4213 ipse,
2357 4142 2609 4213 precibus
2658 4138 2980 4194 examinatis
3007 4175 3021 4200 ,
3072 4136 3153 4190 vel
3189 4135 3502 4187 relationem

1937 4239 2264 4310 permiserit,
2320 4245 2374 4291 et
2417 4237 2560 4305 ipsos
2611 4235 2676 4287 ad
2727 4235 3106 4302 imperatorem
3152 4228 3382 4290 miserit,
3421 4225 3503 4278 vel

1937 4334 2283 4403 denegaverit
2325 4339 2426 4394 ;ut
2467 4329 2556 4396 qui
2604 4329 2765 4381 etiam
2804 4326 2997 4380 debeat
3037 4324 3318 4391 episcopos
3349 4337 3505 4374 eom-

1937 4425 2116 4493 plecti,
2159 4430 2213 4474 et
2257 4421 2323 4474 iis
2361 4421 2412 4472 in
2471 4418 2722 4471 omnibus
2761 4415 2901 4469 ferre
2946 4428 3122 4481 opem.
3171 4411 3347 4476 Quare
3380 4422 3508 4463 nota

257 4512 299 4578 ἢ
328 4511 558 4582 ἀπείπῃ·
605 4511 679 4572 ὼς
713 4512 806 4562 καὶ
838 4510 1070 4579 ὀφείλων
1101 4513 1424 4581 ἀντέχεσθαι
1459 4514 1565 4566 τῶν
1602 4516 1827 4568 ἐπισκό-

1937 4533 2000 4572 ex
2035 4516 2101 4570 iis
2146 4527 2263 4581 qua:
2305 4511 2359 4564 in
2389 4511 2492 4564 hoc
2517 4524 2722 4563 canone
2754 4506 3122 4568 continentur,
3156 4504 3298 4573 quod
3336 4517 3398 4554 ne
3415 4518 3510 4571 ‘ue

260 4620 406 4664 πων,
434 4602 527 4653 καὶ
568 4601 784 4670 βοηθεῖν
816 4601 910 4654 ἐπὶ
941 4604 1112 4654 πᾶσιν
1155 4603 1360 4664 αὐτοῖς.
1398 4605 1561 4657 Ὥστε
1589 4606 1832 4675 σημείω-

257 4711 357 4746 σαι
391 4693 499 4746 ἀπὸ
535 4692 642 4744 τῶν
675 4694 732 4745 ἐν
765 4691 843 4761 τῷ
891 4694 1075 4745 κανόνι
1109 4693 1281 4764 τούτῳ
1306 4699 1714 4766 περιεχομένων
1751 4699 1832 4751 ὅτι

257 4785 390 4838 οὔτε
423 4784 829 4854 μητροπολίτης
865 4782 989 4836 οὔτε
1015 4784 1313 4848 ἐπίσκοπος
1343 4787 1515 4856 χωρὶς
1547 4788 1830 4857 συνοδικῆς

255 4876 610 4946 διαγνώσεως
645 4876 870 4928 δύναται
897 4876 1110 4945 δεήσεις
1143 4878 1458 4944 ἀνενεγκεῖν
1508 4879 1586 4947 τῷ
1622 4879 1835 4949 βαᾶιλεί

259 4970 299 5040 ἦ
349 4969 416 5022 δι’
451 4965 645 5022 ἑαυτοῦ
697 4969 730 5036 ἢ
778 4968 866 5020 διὰ
925 4968 1175 5021 διακόνου
1249 4970 1436 5025 αὑτοῦ.
1490 4971 1731 5023 Ἀκούων
1773 4971 1832 5023 δὲ

263 5057 443 5111 ταῦτα
493 5057 739 5123 γίνεσθαι
792 5059 928 5127 μετά
971 5059 1230 5128 εἰδήσεως
1291 5060 1386 5111 τοῦ
1429 5059 1830 5130 μητροπολίτου

265 5151 484 5204 καὶτοῦ
514 5151 735 5213 πάππα,
795 5152 1080 5222 προστίθει
1129 5155 1224 5206 καὶ
1282 5152 1568 5223 συνοδικὴν
1626 5155 1831 5207 ἐπακο-

265 5243 480 5296 λουθεῖν
538 5243 833 5309 διάγνωσιν
897 5242 1038 5296 κατὰ
1081 5243 1174 5296 τὸν
1248 5243 1317 5296 ια’
1364 5245 1566 5298 κανόνα
1621 5247 1720 5313 τῆς
1777 5247 1836 5298 ἐν

281 5337 583 5404 Ἀντιοχείᾳ
619 5336 860 5388 συνόδου.
881 5337 962 5386 Τά
984 5335 1041 5388 δὲ
1071 5339 1195 5406 περὶ
1222 5337 1317 5390 τοῦ
1370 5338 1569 5389 πάππα
1601 5339 1836 5392 ἐνταῦθα

264 5430 632 5497 γεγραμμένα
661 5427 890 5479 ἕλκυσον
918 5429 1010 5479 καὶ
1046 5429 1124 5489 εἰς
1161 5429 1252 5480 τὸν
1288 5431 1639 5500 πατριάρχην
1666 5431 1836 5482 ⁸Κων-

269 5520 793 5582 σταντινουπόιεως,
829 5521 894 5572 δι’
919 5519 1009 5581 οὓς
1045 5521 1238 5586 λόγους
1267 5522 1526 5584 πολλάκις
1584 5524 1833 5591 εἴπομεν.

283 5612 622 5677 Ἀνάγνωσον
642 5616 731 5664 καὶ
764 5614 953 5679 κεφάλ,
992 5615 1034 5680 β’
1064 5611 1156 5664 τοῦ
1185 5613 1230 5680 η’
1250 5614 1428 5666 τὶτλου
1455 5615 1547 5666 τοῦ
1571 5616 1837 5686 παρόντος

277 5704 685 5773 συντάγματος,
727 5707 820 5756 καὶ
858 5706 923 5757 τά
959 5708 1016 5757 ἐν
1051 5706 1198 5774 αὖτῷ
1261 5707 1455 5759 πάντα.
1511 5709 1728 5759 Τούτων
1761 5709 1835 5762 -δὲ

277 5795 423 5849 οὑτω
454 5797 857 5868 διορισθέντων,
898 5795 1049 5851 εἷπον
1080 5818 1218 5863 τιν;;
1258 5802 1330 5869 μὴ
1365 5803 1602 5869 οφιίλιιν
1628 5805 1834 5866 oin/6i;-

1940 4607 2389 4675 metropolitanus
2438 4618 2616 4666 neque
2659 4601 2948 4670 episcopus
2983 4599 3102 4652 sine
3131 4599 3369 4668 synodat.
3416 4612 3510 4649 ro-

1938 4701 2178 4772 gnitione
2214 4707 2387 4765 potest
2427 4695 2494 4750 ad
2531 4695 2914 4762 imperatorem
2961 4690 3042 4745 vel
3078 4707 3174 4760 per
3199 4705 3257 4746 se
3289 4689 3369 4742 vel
3412 4705 3507 4757 per

1938 4810 2094 4849 ευιιπι
2124 4793 2433 4847 ministrum
2502 4786 2923 4856 supplicationes
2987 4782 3214 4838 referre.
3274 4782 3510 4835 Audiens

1939 4897 2118 4940 autem
2149 4883 2262 4938 haec
2295 4881 2409 4936 ﬁeri
2433 4896 2553 4934 cum
2583 4880 2809 4934 scientia
2834 4877 3224 4946 metropolitani
3253 4887 3308 4930 et
3340 4891 3506 4944 papa»,

1939 4978 2112 5046 adjice
2151 4977 2314 5031 etiam
2344 4975 2658 5045 synodaletn
2693 4972 2955 5040 consequi
2987 4970 3371 5039 cognitionem,
3423 4983 3514 5020 se-

1939 5072 2172 5125 cundum
2212 5082 2472 5122 canonem
2506 5067 2566 5120 ii
2605 5065 2956 5119 Antiochea-az
3000 5062 3217 5133 synodi.
3254 5061 3381 5126 Ome
3413 5075 3512 5113 au-

1939 5176 2044 5221 tem
2099 5165 2165 5216 de
2226 5178 2359 5231 papa
2417 5161 2503 5214 hic
2558 5160 2756 5226 scripta
2809 5165 2974 5218 sunt,
3033 5156 3099 5208 ad
3146 5155 3509 5224 patriam-ham

1940 5257 2100 5310 etiam
2131 5250 2786 5318 Constantinopolitanum
2824 5246 3140 5315 applicanda
3175 5253 3392 5312 propter
3422 5261 3511 5296 ra-

1943 5343 2116 5396 tiones
2157 5355 2292 5409 quas
2327 5355 2465 5407 stcpe
2495 5336 2754 5389 diximus.
2805 5332 2945 5404 Lege
2974 5343 3028 5385 et
3073 5343 3236 5400 caput
3264 5334 3298 5384 ‘2.
3340 5335 3425 5383 tit.
3475 5331 3508 5384 8

1941 5437 2224 5505 praesentis
2257 5432 2453 5501 operis,
2487 5441 2540 5482 et
2569 5430 2746 5481 omnia
2779 5442 2897 5496 quae
2931 5429 2980 5478 in
3004 5442 3069 5480 eo
3102 5435 3245 5478 sunt.
3293 5423 3385 5475 llis
3413 5439 3509 5473 au-

1943 5539 2048 5582 tem
2074 5528 2154 5579 sic
2176 5524 2434 5584 deﬁnitis,
2468 5522 2719 5576 dixerunt
2757 5520 2944 5584 aliqui,
2981 5535 3084 5571 non
3117 5519 3312 5569 deluere
3339 5515 3506 5568 ullum

1944 5618 2411 5686 metropolitanum
2453 5616 2570 5666 sine
2603 5610 2948 5681 patriarcltali
2984 5612 3238 5662 mandato
3270 5606 3352 5658 \‘tsl
3391 5622 3500 5673 pcr-

1945 5713 2107 5763 tnissu
2142 5710 2205 5760 ad
2239 5711 2622 5776 imperatorem
2659 5717 2897 5772 unquam
2919 5700 3213 5770 prolicisci.
3251 5699 3378 5750 Mihi
3418 5715 3484 5749 an

1946 5813 2054 5856 tem
2084 5800 2312 5860 videtur,
2348 5798 2490 5862 quod
2521 5795 2738 5863 quando
2787 5793 3018 5862 primum
3058 5787 3512 5859 metropolitanul
