4178 6420
703 389 842 457 1459

1964 387 2236 450 ΤΗΕΟΙ).
2272 391 2501 451 BALSA
2511 392 2669 453 ΜοΝ

3836 394 3977 458 1:260

698 511 785 558 est
816 503 1196 572 imperatorem
1226 501 1587 564 salutaturus.
1615 514 1678 555 ex
1718 514 1800 564 ea,
1835 514 1955 568 quae
1981 500 2128 553 illum
2158 516 2277 554 sor-

2404 521 2499 555 τινα
2531 506 2940 577 μητροπολίτην
2972 507 3141 577 χωρὶς
3196 508 3620 579 πατριαρχικῆς
3657 508 3981 579 ἐπιτροπῆς

698 600 831 654 titus
875 605 976 663 est,
1018 598 1086 651 ad
1112 596 1328 651 urbium
1364 596 1602 665 reginam
1630 592 1915 656 accedens,
1950 594 2280 646 necesselia—

703 695 791 746 bet
842 691 943 743 lioc
1007 687 1186 745 facere
1238 705 1362 743 cum
1430 684 1782 754 patriarcliali
1857 684 2217 754 permissione
2264 706 2276 741 :

702 791 886 850 postea
917 778 1101 837 autem
1148 783 1265 836 sine
1298 780 1707 850 impedimento,
1748 776 1966 845 quando
2008 776 2159 838 vult,
2213 780 2280 830 ad

701 878 1082 944 imperatorem
1114 875 1331 928 accedet
1362 873 1483 940 ejus
1518 869 1787 926 salutandi
1839 867 2033 935 gratia,
2065 877 2119 921 et
2157 886 2278 924 enni

699 965 1219 1020 t-oinmouefaciendi
1265 980 1510 1034 precum,
1572 976 1705 1025 quas
1750 973 1871 1013 cum
1920 959 2269 1025 patriarchali

702 1073 967 1111 consensu
990 1059 1139 1126 prius
1170 1059 1236 1111 ad
1263 1074 1383 1111 eum
1412 1057 1615 1110 retulit.

2378 596 2674 665 ὁτεδήποτε
2707 599 2786 661 εἰς
2827 597 3053 668 βασιλέα
3091 600 3457 671 ἀπέρχεσθαι.
3512 601 3679 670 Ἐμοὶ
3739 602 3797 654 δὲ
3831 603 3984 653 δοκεῖ

2377 686 2476 749 ὡς.
2501 689 2587 739 ὅτε
2618 690 2853 753 πρώτως
2886 691 3073 760 μέλλει
3095 693 3123 745 6
3156 692 3570 763 μητροπολίτης
3607 692 3706 745 τὸν
3743 692 3976 761 βασιλέα

2380 781 2773 849 προσκυνῆσαι
2812 782 2875 835 ὲκ
2911 783 3011 851 τῆς
3065 784 3342 854 λαχούσης
3388 784 3554 837 αὑτὸν
3614 783 3868 836 ἀνελθὼν
3907 784 3983 842 εἰς

2379 874 2479 940 τὴν
2502 873 2920 943 βασιλεύουσαν,
2956 878 3206 947 ἀνάγκην
3240 881 3355 949 ἔχει
3389 878 3552 932 τοῦτο
3585 875 3820 944 ποιῆσαι
3846 875 3985 941 μετά

2385 968 2800 1037 πατριαρχικῆς
2837 969 3167 1039 ἐπιτροπῆς
3219 970 3362 1038 μετά
3386 969 3563 1023 ταῦτα
3588 967 3647 1020 δέ
3674 966 3981 1027 ἀκολὺτως,

2384 1058 2475 1109 ὅτε
2510 1061 2602 1112 καὶ
2638 1059 2915 1129 βούλεται,
2940 1062 3307 1115 ἀπελεύσεται
3331 1065 3412 1126 είς
3438 1064 3531 1115 τὸν
3560 1060 3802 1131 βασιλέα
3822 1059 3985 1127 χάριν

699 1156 794 1207 τοῦ
834 1157 1213 1223 προσκυνῆσαι
1248 1152 1433 1217 αὑτὸν,
1486 1153 1583 1207 καὶ
1618 1153 2078 1224 παρακ).ητεῦσαι
2106 1154 2240 1221 περὶ
2306 1146 2383 1207 ὧν
2454 1157 2834 1225 προανήνεγκε
2881 1158 3121 1229 δεήσεων
3176 1160 3315 1230 μετὰ
3382 1159 3809 1230 πατριαρχικῆς
3842 1157 3986 1223 εἰδή-

701 1265 861 1309 σεως.

772 1340 1029 1395 ZthAR.
1089 1339 1144 1393 In
1194 1340 1385 1393 eodem
1440 1350 1764 1407 argumento
1800 1357 2037 1397 canones
2096 1343 2275 1396 adhuc

702 1442 1009 1487 versantur.
1047 1431 1180 1485 Cum
1228 1432 1371 1486 enim
1427 1432 1480 1485 in
1527 1432 1781 1488 omnibus
1824 1435 2119 1504 provinciis
2160 1436 2277 1504 epi-

702 1525 848 1593 scOpi
876 1535 1221 1589 crearentur,
1245 1526 1559 1593 ubicunque
1584 1525 1801 1580 demum
1834 1528 2128 1597 imperator
2155 1541 2279 1596 age-

704 1630 807 1684 ret,
836 1620 905 1673 ibi
958 1622 1242 1687 episc0pos
1282 1634 1498 1688 quoque
1558 1620 1749 1675 adesse
1792 1635 2013 1675 necesse
2064 1619 2187 1675 fuit.
2221 1620 2279 1675 Si

700 1714 823 1782 quis
877 1713 1038 1783 igitur
1098 1712 1410 1780 episcopus,
1480 1712 1656 1781 inquit
1691 1727 1889 1774 canon,
1953 1712 2021 1766 ad
2066 1715 2281 1781 episco-

705 1820 831 1872 pum
899 1804 1133 1867 regionis
1167 1804 1218 1856 in
1254 1820 1358 1873 qua
1406 1804 1700 1871 imperator
1742 1804 1917 1870 degil',
1971 1806 2034 1857 de
2074 1820 2131 1860 re
2178 1805 2281 1860 ali-

702 1915 810 1967 qua
880 1898 1133 1962 scribat,
1216 1899 1335 1966 ejus
1394 1898 1503 1951 loci
1573 1898 1994 1965 metropolitano
2048 1899 2279 1965 primum

2450 1339 2697 1396 ΖΩΝᾹΡ.
2740 1342 2863 1394 Ἔτι
2914 1342 3015 1409 τῆς
3062 1339 3236 1407 αὐτῆς
3298 1336 3618 1398 ὑποθέσεως
3674 1334 3901 1403 ἔχονται
3938 1331 3984 1381 οἱ

2386 1436 2630 1496 κανόνες.
2712 1434 3065 1487 Ἐπισκόπων
3114 1432 3223 1502 γάρ
3277 1430 3419 1484 κατά
3473 1431 3666 1482 πᾶσαν
3711 1424 3986 1495 ἐπαρχίαν

2386 1527 2580 1590 ὄντων,
2620 1528 2838 1597 ἀνάγκη
2879 1527 3099 1590 πάντως
3130 1526 3226 1580 καὶ
3262 1524 3393 1578 ἔνθα
3428 1525 3458 1577 6
3485 1521 3765 1592 βασιλεὺς
3791 1518 3989 1585 διέτριο

2390 1621 2506 1683 ὗεν,
2544 1620 2885 1685 ἐπισκόπους
2922 1616 3084 1674 εἶναι.
3122 1620 3293 1688 Φησὶν
3327 1614 3422 1672 οὖν
3472 1617 3503 1669 6
3539 1613 3752 1687 παρὼν
3809 1610 3989 1667 κανὼν

2390 1716 2493 1772 ὅτι.
2557 1714 2655 1766 ἐὰν
2714 1714 3023 1775 ἐπίσκοπος
3082 1712 3220 1779 πρὸς
3276 1713 3586 1764 ἐπίσκοπον
3646 1708 3760 1774 τῆς
3787 1705 3987 1775 χώρας,

2390 1805 2449 1857 ἐν
2539 1804 2717 1873 διάγει
2735 1806 2764 1857 6
2790 1804 3065 1874 βασιλεὺς,
3090 1804 3281 1878 γράφῃ
3308 1806 3438 1875 περί
3460 1822 3609 1869 τινος
3645 1801 3992 1866 ὑποθέσεω·,

2390 1899 2497 1967 χρὴ
2521 1900 2619 1969 τὴν
2656 1899 2951 1968 ἐπιστολὴν
2984 1901 3080 1954 καὶ
3103 1899 3201 1961 τὰς
3233 1900 3451 1969 δεήσεις
3482 1898 3563 1970 τῷ
3596 1894 3997 1969 μητροπολίτῃ

706 2009 801 2046 eas
832 1993 1041 2045 litteras
1095 1992 1630 2060 supplicationesque
1678 1990 1815 2043 tradi
1858 2000 2097 2057 oportet,
2146 2004 2282 2059 quas

2404 1993 2483 2061 τῆς
2520 1996 2704 2063 χώρας
2754 1994 2970 2064 ἐκείνης
3004 1994 3433 2066 ἐγχειρίζεσθαι,
3466 1995 3557 2047 ἵνα
3596 1994 3775 2055 αὑτὸς
3804 1989 3996 2057 στέλλῃ

706 2087 753 2139 is
802 2095 1029 2152 postea,
1088 2100 1182 2152 per
1248 2084 1558 2137 ministrum
1615 2098 1770 2136 suum
1829 2083 1892 2135 ad
1961 2098 2122 2143 cum.
2198 2083 2285 2136 cui

705 2176 921 2241 scripta:
987 2183 1145 2239 sunt,
1226 2174 1535 2243 episcqium
1609 2172 1961 2239 perferendas
2032 2173 2287 2239 curabit,

708 2267 921 2335 ipsique
988 2266 1464 2319 coinmenilatitias
1540 2280 1763 2333 quoque
1835 2264 2044 2319 litteras
2111 2265 2286 2329 dabit,

707 2374 827 2429 quqe
862 2357 1112 2412 videlicet
1141 2371 1285 2418 eum,
1331 2357 1421 2425 qui
1470 2356 1720 2420 mittitur,
1759 2356 1831 2408 illi
1882 2356 1947 2408 ad
2003 2371 2160 2424 quem
2218 2358 2291 2410 le-

709 2466 866 2521 gains
920 2465 1004 2508 est
1047 2453 1302 2523 episcopo
1338 2452 1721 2507 commendent
1774 2462 1936 2521 atque
1974 2451 2288 2507 concilient.

712 2548 878 2618 $96
939 2546 1074 2599 Tum
1108 2546 1243 2599 alias
1272 2561 1490 2613 quoque
1530 2546 1765 2609 litteras,
1805 2561 1926 2599 cum
1960 2545 2106 2599 illius
2139 2544 2292 2610 cujus

711 2655 802 2693 res
866 2640 1043 2706 agitur
1105 2637 1344 2704 episcopi
1413 2636 1613 2689 litteris
1666 2652 1729 2689 ac
1798 2636 2293 2705 supplicationibus

712 2750 989 2799 congruen
1024 2747 1104 2794 es,
1138 2733 1417 2801 adjuugat.
1452 2731 1626 2799 llujiis
1654 2747 1784 2785 vero
1815 2733 2019 2786 decreti
2057 2747 2121 2786 ea
2154 2731 2294 2783 ratio

715 2830 837 2891 fuit,
870 2840 925 2879 ut
954 2842 1194 2893 causam,
1225 2829 1292 2879 de
1320 2842 1423 2893 qua
1471 2825 1667 2879 litterm
1698 2826 1765 2878 ab
1796 2825 2048 2894 episcopo
2078 2824 2145 2879 ad
2199 2839 2294 2879 co-

718 2921 1033 2986 episcopum
1068 2919 1205 2971 data:
1236 2925 1380 2983 sunt,
1400 2915 1845 2982 metropolitanus
1875 2923 2199 2985 cognoscat;
2234 2929 2297 2970 ac

714 3012 978 3078 siquidem
1009 3008 1297 3077 postulatio
1330 3008 1652 3077 importuna
1687 3008 1778 3071 sit,
1808 3020 1907 3061 nec
1934 3021 1995 3061 ea
2020 3007 2084 3060 de
2114 3020 2171 3061 re
2198 3006 2298 3059 im-

717 3102 984 3169 peratoris
1022 3100 1251 3154 auribus
1279 3107 1502 3153 censeat
1527 3098 1975 3167 obstrepentium,
2029 3097 2299 3167 supplica—

721 3196 894 3246 tiones
932 3207 1025 3246 eas
1058 3192 1287 3261 rejiciat,
1325 3199 1589 3260 curetque
1630 3191 1695 3244 ad
1738 3190 1987 3244 eumdem
2026 3190 2175 3243 illum
2206 3190 2295 3257 qui

726 3287 947 3339 miserat
990 3284 1322 3340 referendas.
1375 3284 1527 3349 Quod
1559 3285 1603 3337 si
1640 3297 1777 3352 quos
1814 3284 1980 3336 etiam
2012 3284 2298 3351 episc0piis

2394 2087 2603 2155 ταύτην
2642 2088 2779 2158 πρὸς
2824 2088 2883 2139 ὃν
2920 2089 3149 2159 ἐστάλη,
3200 2089 3269 2141 δι’
3308 2087 3515 2141 οἰκείου
3550 2085 3841 2148 διακόνου,
3878 2082 3998 2143 δοὺς

2395 2179 2545 2246 αὑτῷ
2575 2179 2671 2231 καὶ
2732 2180 3071 2244 συστατικὰς
3120 2179 3436 2244 ἐπιστολὰς,
3483 2178 3850 2237 συνιστώσας
3905 2175 3999 2239 δη-

2396 2271 2531 2344 λαδὴ
2586 2272 2678 2325 τὸν
2713 2270 3060 2342 πεμφθέντα,
3116 2274 3214 2324 καὶ
3252 2268 3642 2341 γνωριζούσας
3696 2267 3878 2321 αὑτὸν
3927 2265 4001 2334 τῷ

2396 2364 2704 2432 ἐπισκὸπῳ,
2762 2362 2898 2431 πρὸς
2956 2360 3015 2413 ὃν
3079 2360 3360 2430 ἐπέμφθη,
3413 2360 3510 2413 καὶ
3552 2359 3807 2429 γράφων
3864 2356 4004 2410 κατὰ

2398 2455 2744 2519 ἀκολουθίαν,
2787 2456 2957 2523 ἤγουν
3008 2454 3345 2519 ἀκολούθως,
3381 2448 3465 2517 οἷς
3519 2454 3786 2524 ἔγραψεν
3824 2455 3855 2506 6
3910 2450 4003 2521 τὴν

2400 2549 2660 2601 ὑπόθεσιν
2684 2547 2825 2619 ἔχων
2856 2548 3158 2611 ἐπίσκοπος
3193 2549 3291 2601 καὶ
3345 2547 3445 2610 τάς
3466 2547 3700 2618 δεήσεις
3750 2546 3997 2607 στείλας.

2402 2640 2575 2693 Τοῦτο
2622 2641 2678 2693 δὲ
2738 2638 2987 2707 γίνεσθαι
3033 2639 3271 2711 ὡρίσθη,
3347 2639 3437 2692 ἶνα
3483 2640 3511 2691 6
3573 2638 4007 2708 μητροπολίτης

2402 2731 2611 2801 ἐπιγνῷ
2636 2732 2736 2799 τὴν
2783 2731 3043 2785 ὑπόθεσιν
3081 2732 3216 2803 περὶ
3238 2725 3307 2802 ἧς
3346 2731 3559 2801 ἔγραψε
3613 2730 3700 2801 τῷ
3777 2746 4003 2781 σονεπι-

2404 2827 2592 2896 σκόπῳ
2626 2828 2653 2880 6
2685 2826 3011 2890 ἐπίσκοπος,
3039 2828 3134 2878 καὶ
3199 2829 3252 2878 εί
3290 2826 3529 2895 φορτική
3597 2841 3689 2886 τις
3740 2822 3860 2892 εἴη,
3916 2820 4006 2873 καὶ

2403 2923 2505 2975 οὐκ
2562 2920 2851 2990 ἐνδέχηται
2902 2917 3270 2989 ἐνοχληθῆναι
3332 2916 3434 2981 τὰς
3476 2915 3807 2985 βασιλικὰς,
3837 2913 4005 2971 ἀκοὰς

2406 3013 2539 3085 περὶ
2602 3012 2795 3083 αὐτῆς,
2859 3010 3263 3082 ἀποπέμψηται
3301 3011 3401 3074 τὰς
3452 3010 3676 3079 δεήσεις
3712 3008 3819 3060 καὶ.
3854 3008 4004 3060 ἀντι-

2408 3103 2619 3177 στρέψῃ
2646 3103 2725 3173 τῷ
2776 3102 3059 3173 πέμψαντι
3114 3101 3312 3165 αὑτάς.
3352 3100 3415 3154 El
3446 3101 3503 3153 δὲ
3562 3100 3661 3152 καί
3704 3115 3871 3159 τινας
3901 3095 4005 3149 τῶν

2407 3201 2464 3251 ἐν
2492 3198 2572 3267 τῷ
2600 3196 2855 3265 παλατίῳ
2887 3195 3003 3265 ἔχοι
3033 3194 3225 3262 φίλους
3255 3193 3582 3255 ἐπίσκοπος,
3608 3190 3743 3243 οὑδὲ
3780 3189 4006 3251 «cum;

2408 3289 2649 3356 ἀξιῶσαι
2699 3288 2969 3342 κωλύεται
3007 3288 3099 3340 διὶι
3140 3285 3233 3338 τοῦ
3267 3284 3469 3337 οἰκείου
3504 3284 3775 3335 διακόνου
3809 3280 4005 3350 βοηθῆ-

726 3398 775 3430 in
824 3378 1019 3446 palatio
1063 3378 1267 3432 amicos
1296 3376 1513 3442 habeat,
1556 3391 1677 3430 cum
1724 3376 1805 3430 eis
1849 3390 1945 3443 per
1993 3376 2298 3429 ministrum

2410 3398 2502 3433 σαι
2534 3378 2687 3449 αὑτῷ
2747 3380 2837 3432 ἐπὶ
2905 3378 3162 3432 ὑποθέσει
3222 3376 3452 3444 εὐλόγῳ,
3512 3376 3612 3427 καὶ
3680 3373 4007 3442 πρέπουσαν

725 3487 880 3523 suum
938 3469 1191 3539 precibus
1238 3483 1439 3539 agere,
1497 3468 1865 3537 auxiliumque
1898 3467 1999 3522 sibi
2052 3468 2104 3521 in
2143 3482 2305 3522 eiusa

722 3565 890 3631 jzista.
922 3576 1149 3630 qumque
1186 3564 1401 3631 dignam
1454 3560 1697 3616 antistite
1745 3576 2028 3615 sacrorum
2063 3561 2305 3631 postula-

726 3658 929 3709 tionem
960 3656 1259 3718 contineat,
1290 3657 1583 3722 deposcere
1611 3656 1814 3710 licebit.
1852 3654 1906 3709 Si
1932 3671 2061 3711 vero
2098 3654 2163 3710 ad
2203 3657 2309 3709 itii-

728 3759 1029 3814 pnratoi-em
1077 3746 1265 3802 Roma:
1298 3749 1578 3816 degentem
1615 3750 2047 3818 supplicationes
2098 3750 2309 3821 aliquas

726 3842 962 3909 episcopi
1019 3843 1254 3904 mittant,
1312 3842 1380 3895 ab
1422 3842 1488 3897 iis
1532 3843 1623 3908 qui
1670 3842 1922 3897 deferunt
1990 3860 2142 3914 papae
2192 3845 2312 3900 illas

730 3934 891 3997 trarii,
924 3948 984 3987 ac
1014 3935 1163 3985 abeo
1190 3934 1354 4003 justas
1394 3951 1565 3989 necne
1607 3936 1718 3989 sint
1742 3938 2043 3991 examinari
2074 3949 2311 4007 Oportet.

730 4025 886 4090 Quod
938 4027 979 4079 si
1040 4026 1169 4078 niliil
1204 4027 1572 4082 inverecunde
1618 4028 1686 4080 ab
1737 4029 2066 4097 imperatore
2104 4041 2310 4099 petant,

734 4134 826 4168 t-as
860 4118 1088 4186 ipsemet
1136 4118 1336 4184 mittat,
1401 4120 1891 4191 aneioritatemqiie
1944 4122 2007 4177 iis
2056 4138 2210 4177 suam
2261 4134 2316 4178 et

735 4226 921 4262 curam
972 4212 1312 4273 commodet,
1363 4212 1465 4265 hoc
1513 4216 1635 4275 est‘,
1677 4214 1890 4269 illorum
1950 4217 2313 4285 patrocinium

735 4302 1281 4369 proci:rationemque
1308 4302 1421 4368 ipse
1461 4302 1741 4372 suscipiat.

736 4393 966 4448 ABIST.
1011 4412 1031 4445 ι
1069 4394 1123 4447 Si
1154 4394 1319 4447 frater
1350 4395 1414 4447 ad
1445 4394 1668 4448 fratrem
1698 4398 1899 4462 mittat,
1939 4396 2316 4467 metrOpolita-

817 4507 835 4535 ι
877 4501 978 4541 nus
1010 4488 1259 4539 nuntium
1309 4487 1504 4541 litteris
1542 4487 1782 4551 muniat,
1814 4499 1869 4542 et
1896 4489 1962 4541 ad
1995 4488 2280 4557 episcopos
2301 4528 2317 4553 ,

819 4601 836 4629 ε
876 4581 965 4647 qui
999 4581 1381 4634 auctoritatem
1418 4580 1655 4644 habent,
1698 4580 1922 4645 scribat,
1974 4591 2033 4634 ut
2068 4580 2316 4634 nuntium

818 4694 835 4720 ι
875 4682 1179 4742 protegant.
1210 4691 1228 4725 ι

812 4768 1113 4835 Episcopus
1157 4767 1246 4833 qui
1296 4782 1487 4837 preces
1514 4767 1777 4835 quasdam
1834 4770 1898 4819 ad
1932 4765 2317 4835 imperatorem

744 4856 933 4920 mittit,
982 4866 1037 4911 et
1079 4856 1144 4909 de
1172 4856 1241 4909 iis
1286 4857 1351 4907 ad
1399 4854 1624 4910 fratrem
1660 4872 1819 4911 suum
1863 4857 1918 4909 in
1966 4857 2164 4911 castris
2196 4870 2317 4910 cum

746 4964 871 5015 rege
908 4951 1213 5019 degentem,
1260 4957 1317 5001 ut
1351 4949 1418 5000 ab
1458 4948 1575 5017 ipso
1613 4964 1740 5018 rege
1779 4956 1837 5002 ut
1882 4964 2006 5003 cum
2051 4964 2118 5004 eo
2160 4948 2320 5015 dege-

742 5055 824 5098 ret
877 5054 1193 5107 evocatum,
1242 5042 1453 5107 scribit,
1516 5058 1672 5098 suum
1727 5041 2124 5111 metropolitam
2171 5040 2324 5097 adire

742 5138 923 5199 debet.
960 5148 1014 5190 et
1042 5152 1231 5207 preces
1258 5137 1571 5199 ostendere,
1607 5144 1660 5189 et
1685 5135 1972 5190 diaconum
1999 5147 2159 5203 quem
2194 5135 2321 5187 mit-

741 5238 857 5283 tere
889 5229 1073 5291 vellet,
1108 5239 1165 5281 iit
1200 5229 1267 5281 ab
1296 5229 1415 5298 ipso
1453 5227 1873 5297 metropolitano
1916 5240 2105 5294 preces
2139 5225 2316 5295 primo

745 5322 1151 5385 examinentur,
1184 5339 1247 5377 uc
1288 5323 1424 5375 forte
1466 5322 1668 5389 justam
1697 5320 2008 5388 petitionem
2040 5334 2146 5373 non
2179 5334 2315 5372 cou-

746 5413 971 5465 tiucaut.
1000 5410 1061 5463 Et
1095 5413 1173 5463 sic
1208 5420 1495 5481 postquam
1522 5412 1642 5466 illas
1666 5411 2081 5471 etaminaverit,
2122 5410 2322 5463 litteris

747 5504 861 5556 suis
896 5512 949 5556 et
998 5504 1247 5571 epistolis
1285 5504 1744 5559 commcndatitiis
1795 5502 2020 5557 missum
2068 5501 2323 5555 corrobo-

750 5595 887 5648 rnbit
911 5607 964 5649 et
981 5596 1267 5665 episcopos
1295 5596 1385 5667 qui
1404 5612 1526 5653 cum
1556 5611 1679 5666 rege
1703 5594 2153 5664 deguut'diarouo
2174 5606 2327 5661 opem

759 5686 901 5741 ferre
936 5687 1248 5756 postulabit.

2409 3475 2666 3542 ἀρχιερεῖ
2690 3472 2912 3541 αἴτησιν
2946 3470 3171 3540 ἐχούσῃ.
3211 3469 3274 3521 Εἰ
3320 3467 3400 3531 δὲ,
3447 3467 3529 3527 είς
3574 3464 3817 3533 Ῥώμην
3858 3462 4007 3525 ἐνδη-

2415 3567 2647 3637 μοῦντος
2685 3564 2778 3618 τοῦ
2810 3564 3095 3634 βασιλέως,
3142 3562 3389 3615 σταλεῖεν
3428 3560 3557 3629 παρ’
3592 3558 3933 3611 ἐπισκόπων
3958 3557 4008 3607 ἑν

2412 3660 2550 3729 αὐτῇ
2582 3676 2726 3721 τινες
2753 3658 2969 3727 δεήσεις
3009 3658 3351 3721 κομίζοντες,
3408 3652 3485 3721 τῷ
3530 3650 3751 3721 πάππᾳ
3813 3650 4010 3707 tiri-.3;

2412 3750 2690 3819 ὀφείλουσι
2722 3751 3007 3820 παρέχειν,
3038 3749 3126 3800 ἵνα
3168 3747 3329 3800 αὑτὸς
3366 3745 3641 3808 ἐξετάζοι,
3677 3744 3735 3794 εί
3799 3742 4012 3807 εὑλογοι

2414 3846 2471 3897 αἱ
2501 3845 2718 3915 δεήσεις
2755 3843 2881 3896 είσί·
2912 3843 3005 3895 καὶ
3030 3842 3079 3893 εί
3111 3841 3184 3911 μή
3231 3857 3356 3893 τιπ.α
3388 3838 3617 3908 ῥήματα
3667 3834 4013 3901 ἀναίσχυντα

2414 3939 2600 4006 έχουσι
2641 3936 2779 4008 πρὸς
2802 3937 2894 3989 τὸν
2935 3934 3186 4005 βασιλέα,
3217 3930 3541 3987 ἀποστέλλοι
3589 3920 3817 3989 ταῦτας
3834 3927 4012 3986 αὐτὸς,

2417 4029 2761 4100 προστασίας
2813 4028 2909 4081 καὶ
2964 4028 3225 4099 φροντίδα
3275 4020 3792 4093 παρέχωνάὑτοίς,
3849 4020 4013 4089 ἤγουν

2420 4123 2823 4194 προϊστάμενος
2852 4121 2947 4174 καὶ
2978 4120 3261 4189 συνεργῶν
3296 4118 3505 4179 αὑτοῖς.

2421 4380 2651 4434 ΔΙῚΣΤ.
2693 4398 2714 4430 t
2758 4376 3021 4454 Ἀδελφοῦ
3070 4376 3207 4448 πρὸς
3246 4374 3477 4442 ἀδελφὸν
3509 4372 4012 4451 ἐπιστέλλοντος,ὀ

2501 4492 2518 4523 i
2563 4469 2966 4541 μητροπολίτης
3026 4471 3121 4521 τὸν
3174 4466 3477 4522 ἀπόστολον
3524 4463 3871 4533 ἐνισχυέτω,
3928 4463 4015 4515 καὶ

2501 4585 2519 4616 i
2562 4565 2819 4633 γραφέτω
2834 4563 2970 4633 πρὸς
2998 4562 3124 4625 τοὺς
3141 4562 3199 4613 ἐν
3222 4554 3304 4621 οἷς
3332 4559 3366 4629 ή
3393 4558 3623 4622 ἀξίωσις
3650 4558 4011 4618 ἐπισκόπους.

2503 4678 2522 4712 ι
2560 4658 2656 4709 τοῦ
2688 4654 2989 4709 ἀποστόλου
3013 4650 3534 4720 ἀντιλαμϐάνεσθαι.
3589 4667 3609 4699 ι

2348 4706 2399 4773 D
2498 4706 3126 4808 έτέλλιονδέπίσκοπος
3161 4706 3300 4812 πρὸς
3329 4742 3556 4811 βασιλέα
3581 4742 3815 4811 δεήσεις
3847 4740 4011 4801 τινάς.

2421 4840 2673 4911 καὶπερὶ
2701 4838 2883 4893 αὐτῶν
2937 4838 3075 4909 πρὸς
3101 4835 3429 4904 συνάδελφον
3453 4832 3630 4888 αὐτοῦ
3662 4836 3929 4904 γράφων,
3964 4831 4015 4881 ὲν

2420 4937 2499 5006 τῷ
2555 4932 2910 5005 στρατοπέδῳ
2968 4932 3107 5001 μετά
3141 4930 3242 4983 τοῦ
3299 4927 3563 4998 βασιλέως
3610 4926 3908 4994 διάγοντα,
3948 4926 4015 4986 ὡς

2424 5026 2556 5097 παρ’
2587 5024 2754 5079 αὑτοῦ
2786 5024 2882 5077 τοῦ
2914 5021 3184 5092 βασιλέως
3210 5015 3637 5089 μετακληθέντα
3668 5017 3773 5070 ἐπὶ
3805 5017 3886 5087 τῷ
3907 5016 4014 5086 μετ’

2427 5118 2593 5174 αὐτοῦ
2651 5118 2981 5185 συνδιάγειν,
3035 5112 3242 5182 ὀφείλει
3312 5110 3389 5181 τῷ
3451 5110 3569 5180 ἰδίῳ
3632 5110 4019 5178 μητροπολίτη

2432 5211 2857 5285 προσέρχεσθαι,
2881 5210 2977 5262 καὶ
3002 5208 3102 5270 τὰς
3133 5208 3351 5277 δεήσεις
3374 5203 3795 5265 ὑποδεικνύειν,
3826 5204 3921 5255 καὶ
3934 5202 4017 5252 τὴν

2430 5306 2678 5364 διάκονον
2724 5302 2786 5355 ὃν
2826 5300 3147 5354 ἀποστεῖλαι
3202 5294 3473 5366 βούλεται,
3531 5292 3626 5345 ἵνα
3668 5293 3814 5361 παρ’
3862 5285 4017 5343 αὑτοῦ

2429 5398 2523 5451 τοῦ
2560 5392 2959 5467 μητροπολίτου
2996 5390 3260 5461 πρότερον
3304 5388 3359 5439 αί
3388 5386 3605 5453 δεήσεις
3651 5382 4015 5448 ἐξετασθῶσι,

2436 5489 2646 5559 μήποτε
2686 5487 2747 5539 οὐ
2794 5482 3012 5537 δικαίαν
3049 5481 3147 5550 τὴν
3201 5480 3421 5548 σίτησιν
3454 5476 3652 5545 ἔχωσι*
3709 5476 3817 5528 καὶ
3864 5474 4018 5530 οὕτω,

2436 5580 2574 5648 μετά
2606 5578 2667 5631 τὸ
2709 5575 3003 5645 δοκιμάσαι
3043 5574 3269 5634 ταύτας.
3314 5570 3650 5641 γράμμασιν
3708 5566 3883 5621 αὑτοῦ
3936 5565 4019 5617 καὶ

2435 5672 2792 5731 συστατικαῖς
2840 5667 3153 5729 ἐπιστολαῖς
3247 5665 3340 5717 τὸν
3394 5661 3883 5731 ἀποστελλόμενον
3944 5660 4018 5709 ἐν·

2442 5765 2652 5833 ισχύσει
2692 5779 2705 5792 ·
2768 5762 2860 5814 καί⁵
2908 5758 3130 5824 ἀξιώσει
3179 5757 3303 5811 τοὺς
3376 5754 3515 5825 μετά
3590 5753 3692 5806 τοῦ
3757 5752 4007 5822 βασιλέως

2442 5861 2725 5925 διάγοντας
2787 5854 3125 5916 ἐπισκόπους
3181 5848 3570 5905 ἀντιλαϐέσθαι
3616 5848 3716 5902 τοῦ
3754 5848 4011 5903 διακόνου.
