4178 6420
706 428 842 492 1463

701 546 768 597 iis
823 543 1024 597 dictmn
1073 556 1148 595 ρει
1206 584 1211 592 .

696 635 1056 698 scholasticis,
1081 638 1126 683 ξεῖ
1150 646 1251 696 est,
1276 634 1343 688 de
1360 634 1424 687 iis
1449 635 1537 703 qui
1564 634 1845 690 rhetoricae
1861 643 1913 689 et
1932 633 2031 687 arti
2059 631 2275 686 dicendi

697 737 913 779 vaenut.
964 724 1118 790 Quod
1166 739 1296 795 ergo
1347 725 1457 779 illic
1505 725 1852 793 quaasivimus
1894 728 1959 778 de
2004 723 2272 792 praeﬁnito

697 827 945 886 tempore
975 832 1185 872 canone
1212 817 1489 872 declarato
1510 856 1524 879 ,
1562 816 1663 871 hoc
1689 818 1739 871 in
1767 819 2019 886 praaseuti
2058 804 2274 886 quoque

696 924 903 964 canone
949 909 1300 980 quaerendum
1350 919 1455 964 est.
1510 907 1821 980 NeOphytus
1873 918 2075 974 autem,
2132 909 2271 978 apud

695 1002 1010 1071 Apostolum
1035 1002 1274 1070 quidam,
1291 1011 1373 1056 est
1395 1003 1460 1068 is,
1482 1001 1573 1071 qui
1592 1017 1780 1056 recens
1798 1001 2133 1056 illuminatus
2154 1008 2237 1055 est
2258 1018 2272 1067 ;

698 1094 838 1162 apud
896 1109 1156 1149 eanonem
1205 1105 1421 1159 autem,
1494 1094 1583 1163 qui
1657 1110 1722 1149 ex
1778 1096 1943 1149 divite
1994 1094 2077 1149 vel
2113 1093 2274 1147 scho-

700 1187 888 1241 lastice
968 1186 1035 1241 ad
1105 1187 1465 1255 episcopalem
1546 1187 1859 1257 dignitatem
1932 1185 2270 1256 provehitur.

692 1279 890 1345 Quaere
912 1288 1264 1353 et'cauonem
1296 1279 1331 1332 9..
1362 1278 1591 1333 Nicmnm
1631 1279 1817 1347 primae
1849 1278 2063 1349 synodi.

770 1462 931 1533 497
964 1459 1217 1515 ZONAR.
1251 1460 1530 1513 Neminem
1553 1474 1582 1511 e
1609 1458 1746 1523 foro,
1785 1457 1885 1512 hoc
1914 1465 2014 1517 est,
2042 1470 2071 1509 e
2096 1454 2275 1524 populi

700 1556 879 1615 turba,
924 1554 1168 1623 quamvis
1210 1552 1411 1605 divitiis
1452 1549 1653 1613 aﬂluat,
1690 1547 1942 1618 quamvis
1987 1546 2274 1602 scholasti-

699 1662 797 1701 cus
830 1647 922 1709 sit,
972 1645 1075 1699 hoc
1108 1655 1214 1707 est,
1261 1643 1470 1699 dicendi
1505 1640 1683 1697 studio
1733 1654 1953 1709 operam
1981 1638 2273 1708 impendat,

701 1741 1035 1809 episcopum,
1078 1739 1121 1793 si
1155 1754 1219 1792 eo
1250 1752 1470 1791 munere
1518 1737 1714 1807 dignus
1751 1734 2054 1800 iudicetur,
2092 1733 2276 1787 subito

700 1834 909 1896 creari,
973 1831 1065 1885 sed
1110 1845 1204 1885 eos
1245 1831 1490 1885 homines
1538 1844 1635 1898 per
1684 1842 1963 1883 sacrorum
2015 1825 2268 1879 ordinum

1957 432 2057 491 Tll
2070 433 2233 494 EOD.
2274 434 2361 490 BA
2374 434 2508 492 LSA
2522 436 2675 497 NON

1275 543 1561 595 Licautem
1623 542 1689 597 de
1738 540 1869 597 solis
1919 542 2175 595 divitibus
2219 548 2272 592 et

2411 543 2440 595 ὰ
2476 545 2607 614 περὶ
2659 546 2865 599 τούτων
2914 544 3357 615 ἐξεφωνήθησαν·
3419 538 3657 591 ἐνταῦθα
3716 534 3776 586 δὲ
3836 542 3959 604 :3?"

3830 427 3963 491 litii

2386 635 2563 705 μόνων
2598 636 2871 689 πλουσίων
2908 636 3009 689 καὶ
3072 632 3464 704 σχολαστικὼν.
3524 629 3785 684 τουτέστι
3837 632 3961 696 περ’ι

2383 727 2578 794 λόγους
2620 726 3015 795 σχολαζόντων.
3082 727 3147 779 ’0
3198 725 3331 793 γοῦν
3362 726 3541 777 ἐκεῖσε
3611 724 3964 789 ἐζητήσαμεν

2383 817 2545 884 χάριν
2569 814 2664 867 τοῦ
2693 814 3033 885 δηλουμένου
3082 814 3160 884 τῷ
3183 815 3371 867 κανόνι
3400 812 3806 881 νενομισμένου
3846 828 3949 861 και

2385 906 2504 976 ροῦ,
2543 907 2703 961 τοῦτο
2734 907 2832 961 καὶ
2865 909 2946 970 εἰς
2999 908 3088 960 τὸν
3133 907 3378 975 παρόντα
3418 906 3626 958 κανόνα
3672 903 3965 971 ζητητέον.

2381 1000 2659 1068 Νεόφυτος
2683 1000 2760 1063 δὲ,
2786 1000 2936 1068 παρὰ
2970 1000 3069 1069 μὲν
3097 998 3175 1069 τῷ
3199 997 3509 1068 Ἀποστόλῳ
3534 998 3561 1050 ὁ
3595 995 3966 1063 νεοφὼτιστος

2383 1092 2624 1159 λέγεται*
2663 1092 2815 1162 παρά
2845 1091 2903 1145 δὲ
2938 1092 3015 1161 τῷ
3048 1092 3237 1145 κανόνι
3262 1091 3291 1143 ὁ
3321 1090 3429 1143 ἀπὸ
3456 1090 3722 1141 πλουσίου
3761 1088 3795 1156 ἢ
3838 1104 3967 1155 σχο-

2383 1185 2643 1248 λάζοντος
2679 1185 2758 1241 εἰς
2802 1185 3163 1237 ὲπισκοπικὸν
3196 1181 3413 1249 ἀξίωμα
3461 1180 3966 1251 προϐιϐαζόμενος.

2383 1279 2544 1343 Ζήτει
2577 1277 2671 1329 καὶ
2697 1276 2784 1330 τὸν
2816 1273 2857 1344 β’
2893 1275 3094 1330 κανόνα
3133 1276 3233 1345 τῆς
3258 1275 3317 1327 tv
3337 1274 3546 1343 Νικαία
3576 1272 3817 1344 πρώτης
3841 1287 3968 1321 συν⁹

2388 1368 2532 1421 όδου.

2456 1459 2701 1515 ΖΩΝΔΡ.
2743 1458 2945 1514 Οὐδένα
2991 1457 3100 1511 τῶν
3146 1455 3204 1522 ἐξ
3248 1459 3455 1527 ἀγορᾶς
3484 1457 3661 1511 ὅντων
3712 1457 3842 1525 ἦτοι
3876 1455 3971 1520 τῆς

2383 1550 2668 1622 δημώδους
2687 1552 3025 1620 συγχύσεως,
3044 1549 3148 1604 κᾶν
3169 1549 3443 1613 πλούσιος,
3462 1548 3566 1602 κᾶν
3584 1547 3973 1619 σχολαστικὸς,

2384 1645 2633 1698 τουτέστι
2668 1645 2799 1713 περὶ
2844 1644 3038 1710 λόγους
3067 1639 3371 1712 σχολάζων,
3405 1639 3661 1707 βούλεται
3689 1641 3720 1692 6
3772 1637 3974 1699 κανὼν,

2388 1736 2436 1788 εί
2471 1735 2618 1799 ἀξιος
2646 1733 2884 1805 κρίνοιτο
2908 1733 3240 1803 ἐπισκοπῆς,
3286 1732 3483 1802 ἀθρόον
3537 1728 3976 1801 χειροτονεῖσθαι

2387 1827 2710 1890 ἐπίσκοπον,
2738 1826 2875 1880 ἀλλά
2907 1826 3204 1897 διορίζεται
3240 1826 3368 1889 τοὺς
3391 1826 3682 1885 τοιούτους
3712 1824 3803 1886 εἰς
3848 1823 3977 1874 ἔκα-

702 1926 899 1996 gradus
949 1924 1225 1993 sigillatim
1264 1896 1601 1991 promoveri,
1642 1934 1706 1973 ae
1754 1918 1807 1972 in
1852 1916 2082 1985 singulis
2132 1914 2277 1969 haud

2397 1935 2521 1972 στον
2560 1919 2770 1989 βαθμὸν
2803 1896 3079 1988 ἱερατικὸν
3113 1916 3569 1986 προϐιϐάζεσθαι,
3606 1916 3706 1969 καὶ
3728 1915 3826 1982 ἐφ’
3853 1915 3978 1966 txi-

704 2017 927 2071 minimo
970 2015 1228 2083 temporis
1273 2014 1447 2083 spatio
1489 2011 1822 2075 ministrare,
1869 2008 1962 2062 hic
1993 2021 2169 2062 canon
2197 2003 2286 2073 ju-

703 2111 794 2166 bet
827 2128 839 2163 :
873 2118 930 2161 ut
960 2122 1025 2162 eo
1060 2107 1269 2160 scilicet
1302 2104 1561 2173 temporis
1602 2099 1886 2156 intervallo
1931 2107 1985 2155 et
2024 2098 2193 2168 ipsius
2222 2097 2290 2152 ti-

705 2204 851 2265 dem,
908 2212 1129 2256 rectane
1175 2200 1265 2263 sit,
1317 2208 1371 2252 et
1425 2211 1632 2251 morum
1666 2194 1964 2248 bonitatem
2011 2191 2287 2260 animique

705 2294 1065 2350 constantiam
1094 2333 1109 2357 ,
1156 2306 1220 2346 ac
1262 2290 1685 2344 moderationem
1744 2286 1908 2339 liceat
1960 2283 2279 2351 explorari;

706 2388 890 2453 itaque
934 2386 1154 2440 demum
1201 2383 1268 2437 ad
1319 2382 1663 2451 episcopatus
1694 2378 1998 2444 fastigium,
2035 2376 2137 2430 hoc
2180 2384 2284 2440 est,

708 2478 906 2533 summi
944 2474 1239 2531 sacerdotii
1270 2473 1480 2528 culmen
1510 2486 1605 2541 per
1648 2469 2059 2540 progressiones
2099 2477 2284 2522 trans-

707 2578 815 2625 eat.
886 2568 1068 2638 Neque
1114 2567 1292 2628 enim,
1340 2565 1535 2634 inquit,
1608 2562 1808 2617 rationi
1860 2567 2285 2616 consentaneum

706 2671 814 2725 est,
838 2674 1015 2729 neque
1053 2659 1103 2713 id
1136 2667 1227 2711 aut
1258 2656 1505 2719 scientia,
1536 2656 1637 2709 hoc
1658 2664 1761 2718 est,
1790 2654 2092 2708 divinarum
2120 2649 2290 2704 Litte-

712 2770 893 2809 rarum
928 2752 1185 2823 coguitio,
1226 2760 1321 2804 aut
1359 2756 1508 2804 recta
1548 2745 1760 2801 vivendi
1788 2760 2002 2810 norma,
2048 2744 2154 2798 hoc
2180 2750 2283 2808 est,

709 2846 973 2914 temporis
1006 2844 1361 2898 diuturnitate
1412 2841 1619 2895 ﬁrmata
1674 2853 1738 2894 ac
1779 2838 2005 2908 probata
2054 2850 2287 2891 consue-

711 2940 842 2993 tudo
879 2939 1105 3011 patimr.
1158 2944 1217 2991 ut
1245 2947 1451 2991 temere
1495 2948 1559 2989 ac
1591 2932 1804 2999 leviter,
1850 2933 1954 2986 hoc
2001 2937 2106 2995 est,
2143 2926 2289 2982 nullo

710 3031 945 3096 delectu,
990 3030 1317 3098 episcopus,
1351 3037 1445 3081 aut
1493 3025 1798 3096 presbyter,
1850 3033 1944 3076 aut
2005 3022 2287 3084 diaconus,

712 3125 805 3179 ubi
857 3124 1088 3192 primum
1139 3137 1199 3176 se
1249 3119 1479 3190 quisque
1528 3116 1849 3180 ostenderit,
1899 3114 2287 3169 constituatur.

711 3217 969 3286 Quisquis
992 3215 1137 3270 enim
1165 3214 1229 3268 ad
1252 3214 1595 3282 episcopatus
1614 3210 1925 3277 dignitatem
1956 3210 2055 3263 hac
2074 3205 2289 3261 ratione
2318 3238 2364 3297 ο

714 3309 1079 3380 progreditur,
1108 3306 1427 3377 neophytus,
1464 3304 1659 3373 inquit,
1696 3303 1767 3356 ab
1793 3299 2073 3369 Apostolo,
2107 3298 2293 3366 prazci-

714 3403 855 3473 pites
904 3398 1171 3467 ejusmodi
1204 3395 1510 3450 creationes
1548 3393 1908 3463 improbante.
1952 3390 2294 3445 existimatus

714 3505 818 3548 est.
859 3493 935 3547 Ac
984 3489 1235 3561 neophyti
1266 3487 1483 3557 quidem
1523 3500 1710 3540 vocem
1763 3486 1835 3539 ita
1891 3482 2048 3550 hujus
2100 3479 2292 3553 synodi

717 3586 905 3640 Patres
958 3581 1299 3651 interpretati
1335 3587 1463 3634 sunt
1501 3595 1515 3633 :
1556 3576 1832 3648 aposmlus
1882 3589 2015 3629 vero
2059 3573 2295 3643 inclytus

717 3679 915 3733 Paulus
939 3679 1084 3739 eum,
1116 3678 1208 3745 qui
1236 3689 1407 3743 nuper
1444 3687 1511 3726 ex
1543 3672 1803 3733 oleastro,
1844 3668 2185 3723 inﬁdelitatis
2212 3667 2293 3717 vi-

717 3772 936 3832 delicet,
971 3771 1202 3832 recisus,
1247 3778 1412 3837 atque
1451 3765 1503 3819 in
1548 3762 1851 3833 speciosam
1885 3759 2058 3815 oleam
2086 3798 2100 3815 .
2134 3757 2294 3811 ﬁdem

719 3866 929 3919 scilicet
969 3863 1353 3923 orthodoxam,
1396 3859 1747 3927 implantatus
1778 3855 1873 3919 sit,
1902 3853 2160 3923 neOphyti
2198 3866 2298 3920 ap-

720 3957 1009 4026 pellatione
1040 3951 1387 4022 signiﬁcavit.
1416 3948 1482 4001 Et
1510 3949 1697 4002 eodem
1742 3946 1903 4000 modo
1938 3943 2149 3998 Nicaana
2186 3943 2300 4013 pri-

722 4066 806 4100 mn
857 4047 1134 4116 synodus,
1185 4051 1246 4096 ut
1297 4043 1350 4096 in
1401 4042 1541 4095 illius
1588 4039 1825 4095 secundo
1868 4051 2080 4091 canone
2114 4035 2299 4089 videre

723 4148 844 4202 est,
881 4139 1207 4206 necphytum
1254 4132 1560 4192 intellexit:
1604 4141 1659 4186 et
1687 4126 2301 4197 Constantinopolitante

724 4231 913 4300 primm
956 4238 1009 4283 et
1053 4227 1302 4281 secundae
1353 4224 1543 4295 synodi
1570 4222 1779 4277 decimo
1816 4222 2046 4291 septimo
2094 4231 2300 4273 canone

723 4323 913 4379 eadem
943 4320 1232 4376 constituta
1266 4318 1523 4386 reperias.

725 4414 957 4472 ARIST.
1021 4433 1039 4467 ι
1075 4411 1358 4477 Forensis,
1405 4409 1767 4464 scholasticus
1814 4419 1904 4461 aut
1955 4406 2144 4469 dives,
2201 4403 2305 4459 nisi

808 4529 827 4561 ε
873 4523 969 4576 per
1021 4520 1209 4561 saeros
1268 4501 1545 4557 transierit
1584 4498 1808 4569 gradus,
1860 4498 2147 4567 episcopus
2200 4510 2305 4550 non

806 4622 824 4653 ε
870 4609 1115 4655 creatur.
1150 4595 1429 4651 Graduum
1463 4603 1642 4646 autem
1701 4588 2055 4645 interstitiqu
2107 4602 2174 4643 ne
2214 4587 2309 4641 ad-
2340 4576 2385 4633 D

804 4713 823 4744 ε
870 4691 1089 4746 modum
1136 4688 1302 4743 breve
1346 4686 1437 4751 sit,
1499 4698 1608 4753 quo
1654 4682 1828 4751 major
1875 4680 1996 4736 ﬁdei
2047 4681 2308 4748 bonaeque

810 4806 829 4838 ε
866 4781 1299 4839 conversationis
1343 4777 1595 4848 probatio
1648 4775 1932 4829 habeatur.
1981 4772 2083 4839 Qui
2149 4771 2310 4826 aliter

807 4896 825 4928 ε
866 4876 1011 4931 enim
1039 4871 1409 4931 constituitur,
1455 4864 1754 4936 neOphytus
1780 4874 1883 4919 est.
1912 4883 1930 4915 ι

805 4970 905 5024 llic
937 4981 1111 5022 canon
1150 4964 1316 5018 laieos
1346 4958 1561 5030 quidem
1607 4959 1658 5010 in
1692 4957 1809 5012 foro
1847 4957 2127 5025 degentes,
2169 4964 2222 5008 et
2256 4954 2308 5007 in

730 5080 796 5121 eo
823 5077 1045 5133 Operam
1072 5059 1286 5119 dantes,
1309 5055 1395 5109 vel
1429 5061 1483 5107 et
1515 5052 1727 5121 aliquos
1755 5050 1951 5105 divites
1979 5058 2034 5103 et
2068 5047 2312 5102 forenses

733 5163 1088 5216 mercatores,
1114 5150 1182 5204 ad
1222 5148 1568 5219 episcopatus
1600 5144 1919 5213 dignitatem
1961 5139 2184 5210 provehi
2219 5155 2314 5191 vo-

733 5251 929 5308 lentes,
987 5260 1093 5299 non
1138 5242 1299 5297 aliter
1330 5238 1587 5296 constitui
1630 5235 1804 5303 jubet,
1844 5234 1947 5289 nisi
1992 5233 2209 5287 lectoris
2260 5242 2316 5286 et

734 5338 1040 5414 presbyteri
1071 5348 1126 5393 et
1158 5334 1373 5390 diaconi
1408 5332 1773 5387 ministerium
1804 5336 2149 5396 peregerunt.
2180 5326 2316 5397 Spa-

736 5436 869 5489 tium
925 5442 1105 5486 autem
1153 5429 1418 5497 cujusque
1452 5425 1651 5491 gradus
1694 5438 1817 5477 esse
1861 5422 2200 5475 diuturnum.
2250 5418 2317 5474 Ut

736 5531 844 5581 vita
873 5540 1061 5581 eorum
1109 5533 1163 5577 et
1209 5522 1340 5576 ﬁdes
1374 5520 1425 5573 in
1458 5533 1523 5572 eo
1554 5517 1913 5571 examinetur.
1968 5515 2034 5569 At
2075 5513 2317 5567 decimus

737 5620 1000 5689 septimus
1044 5619 1230 5687 prima!
1276 5623 1328 5669 et
1365 5612 1615 5669 secunda:
1668 5610 1857 5681 synodi
1902 5610 1951 5660 iu
1988 5606 2312 5661 Sanctorum

738 5714 1119 5783 Apostolorum
1154 5708 1353 5778 templo
1383 5721 1585 5763 coacue
1613 5719 1805 5767 canon,
1844 5702 2113 5755 neminem
2153 5700 2318 5754 laico-

747 5826 893 5872 rutu,
946 5807 1071 5860 licet
1114 5803 1269 5857 malae
1331 5797 1763 5855 conversationis
1813 5811 1914 5847 non
1971 5792 2040 5846 sit
2106 5802 2161 5845 ιιι
2221 5806 2319 5845 nec

744 5901 1137 5957 monachorum
1177 5895 1490 5966 quempiam
1535 5892 1599 5948 ad
1634 5889 1972 5960 ερίςςοῃιιιιιδ
2011 5883 2317 5941 sublimita-

2394 2027 2505 2081 στῳ
2543 2010 2639 2063 ἐπὶ
2667 2009 2860 2079 καιρὸν
2890 2010 3190 2080 ὑπηρετεῖν
3235 2009 3335 2061 οὐκ
3380 2007 3695 2077 ἐλάχιστον,
3762 2006 3858 2059 ἵνα
3899 2006 3980 2058 διὶ

2390 2102 2488 2155 τοῦ
2519 2100 2721 2173 καιροῦ
2751 2102 2966 2157 ἐκείνου
2994 2100 3267 2170 γνωσθείη
3309 2101 3344 2171 ἦ
3374 2116 3434 2152 τε
3485 2098 3681 2161 πίστις
3710 2096 3909 2159 αὑτοῦ,
3938 2098 3983 2147 εξ

2389 2193 2524 2265 ὀρθή
2556 2196 2696 2259 ἐστι,
2729 2194 2824 2247 καὶ
2854 2194 2886 2262 ὴ
2921 2192 3201 2261 ἀγαθότης
3228 2191 3336 2244 τῶν
3354 2190 3597 2260 τρόπων,
3626 2188 3729 2241 καὶ
3755 2189 3793 2257 ἠ
3828 2188 3983 2257 στερο

2394 2289 2561 2360 ρότης
2594 2287 2690 2340 τοῦ
2713 2287 3089 2358 φρονήματος,
3124 2285 3222 2339 καὶ
3248 2285 3283 2353 ἡ
3341 2282 3641 2344 ἐπιείκεια,
3682 2280 3787 2333 καὶ
3814 2278 3984 2335 οὕτως

2390 2381 2472 2444 είς
2504 2379 2604 2447 τὴν
2626 2379 2792 2448 ἀψίδα
2820 2379 2925 2449 τῆς
2956 2377 3287 2446 ἐπισκοπῆς,
3340 2377 3510 2447 ῆγουν
3540 2375 3646 2442 τὴν
3700 2372 3988 2439 ἀκρότητα

2391 2471 2487 2526 τοῦ
2520 2471 2689 2540 ὕψους
2724 2472 2823 2538 τῆς
2845 2469 3267 2540 ἀρχιερωσύνης
3296 2466 3458 2535 διαϐῇ
3486 2464 3635 2519 κατά
3666 2463 3987 2533 προκοπήν.

2392 2562 2529 2615 Οὐδὲ
2562 2562 2672 2633 γὰρ
2703 2562 2936 2632 πρέπει,
2967 2559 3159 2631 φησὶν,
3202 2558 3324 2612 οὗτε
3360 2559 3389 2627 ἡ
3443 2557 3766 2625 ἐπιστήμη,
3804 2554 3987 2606 τουτέ-

2393 2670 2511 2706 στιν
2572 2653 2605 2721 ἠ
2638 2650 2749 2703 τῶν
2808 2650 2970 2703 θείων
3014 2649 3208 2716 Λόγων
3261 2646 3486 2716 γνῶσις,
3533 2644 3662 2698 οὕτε
3719 2645 3759 2713 ἡ
3812 2642 3990 2710 ἁγαθῆ

2390 2743 2732 2814 ἀναστροφὴ,
2757 2743 2930 2812 ἧγουν
2964 2744 2997 2811 ή
3041 2741 3303 2810 συνήθεια
3353 2741 3386 2810 ἡ
3436 2736 3860 2807 δοκιμασθεῖσα
3915 2734 3989 2801 τῷ

2393 2837 2598 2908 χρόνῳ,
2647 2835 2961 2905 ἐπιδέχεται
3020 2832 3304 2903 τολμερῶς
3363 2830 3457 2883 καὶ
3509 2828 3765 2895 κούφως,
3823 2828 3991 2895 ἤγουν

2392 2928 2655 2993 εὐκόλως,
2683 2925 3058 2998 πρεσϐύτερον
3099 2924 3133 2996 ἦ
3157 2924 3408 2978 διάκονον
3440 2922 3474 2992 ἦ
3511 2921 3832 2973 ἐπίσκοπον
3858 2936 3989 2988 προσ

2393 3022 2599 3093 χείρως
2635 3019 3093 3092 χειροτονεῖσθαι.
3148 3017 3208 3070 Ὀ
3238 3014 3413 3077 οὓτως
3467 3014 3603 3082 γὰρ,
3659 3012 3861 3080 φησὶν,
3913 3011 3993 3070 είς

2393 3113 2710 3182 ιπισκοπῆς
2764 3111 2923 3175 ἀξίαν
2990 3107 3302 3179 προϐαίνων
3373 3105 3634 3172 νεόφυτος
3716 3102 3991 3169 ἐνομίσθη

2394 3202 2475 3273 τῷ
2538 3199 2870 3270 Ἀποστόλῳ,
2928 3199 3240 3254 κωλύσαντι
3294 3196 3517 3265 ταχείας
3567 3192 3837 3261 γίνεσθαι
3894 3193 3989 3251 τὰς

2398 3297 2787 3359 καταστάσεις.
2805 3295 2871 3348 Oi
2893 3294 2993 3364 μὲν
3009 3288 3105 3347 οὖν
3120 3294 3220 3361 τῆς
3248 3290 3466 3343 συνόδου
3493 3287 3709 3355 ταύτης
3737 3288 3990 3355 ηατὲρες

2398 3389 2574 3454 οὕτως
2601 3387 2923 3453 ὲξελάϐοντο
2971 3385 3065 3438 τὸν
3115 3383 3392 3451 νεόφυτον·
3427 3381 3454 3433 6
3504 3380 3559 3431 δὲ
3594 3377 3822 3440 κλεινὸς
3854 3376 3992 3429 ἁπό-

2400 3482 2587 3545 στολος
2642 3480 2854 3541 Παῦλος
2887 3477 3151 3545 νεόφυτον
3196 3474 3291 3528 τὸν
3326 3472 3453 3543 ἄρτι
3515 3470 3575 3535 ἐξ
3637 3469 3991 3539 ἀγριελαίου,

2396 3577 2499 3645 τῆς
2525 3573 2788 3636 ἀπιστίας
2826 3570 2993 3641 φημὶ,
3027 3566 3165 3637 πρὸς
3196 3564 3548 3619 καλλιέλαιον
3580 3578 3993 3631 μετεγκεντρι-

2401 3669 2620 3731 σθέντα,
2649 3666 2751 3737 τὴν
2783 3664 2966 3717 πίστιν
2985 3659 3190 3731 δηλαδὴ
3217 3658 3317 3727 τὴν
3340 3656 3649 3727 ὀρθόδοξον,
3681 3654 3862 3717 λέγει.
3886 3655 3994 3705 Καὶ

2400 3763 2432 3830 ή
2490 3761 2549 3812 ὲν
2604 3756 2812 3827 Νικαίᾳ
2866 3754 3060 3825 πρώτη
3121 3750 3341 3812 σύνοδος
3402 3748 3578 3809 οὕτως
3633 3747 3837 3816 ἐνόησε
3905 3746 3995 3797 τὸν

2400 3854 2684 3919 νεόφυτον,
2719 3850 2796 3913 ὡς
2861 3847 3012 3900 ἐστιν
3059 3844 3247 3915 εὑρεῖν
3298 3843 3355 3895 tv
3387 3841 3465 3912 τῷ
3513 3838 3767 3910 δευτέρῳ
3810 3840 3995 3891 κανόνι

2401 3946 2595 4015 αὑτῆςο
2620 3944 2717 3997 καὶ
2747 3944 2776 3996 6
2800 3940 2865 4006 ιζ’
2896 3939 2957 3994 δὲ
3009 3937 3191 3992 κανὼν
3221 3936 3319 4005 τῆς
3370 3935 3430 3988 ὲν
3463 3933 3997 3988 Κωνσταντινουπό-

2403 4038 2488 4090 λει
2528 4034 2806 4101 συστάσης
2846 4030 3072 4101 πρώτης
3119 4026 3218 4082 καὶ
3257 4025 3519 4096 δευτέρας
3551 4025 3788 4079 συνόδου
3832 4024 3998 4091 διορὶο

2406 4129 2578 4194 ζεται.

2408 4401 2633 4459 ΑΡΙΣΤ.
2675 4419 2694 4453 t
2723 4399 3032 4470 Ἀγοραῖος,
3074 4392 3470 4465 σχολαστικὸς,
3531 4390 3565 4460 ἢ
3616 4388 3911 4453 πλούσιος,
3954 4387 3998 4438 εί

2491 4514 2509 4546 t
2548 4491 2624 4564 μὴ
2670 4493 2797 4555 τοὺς
2833 4489 3017 4561 ἱεροὺς
3053 4485 3256 4540 διέλθοι
3292 4480 3563 4554 βαθμοὺς,
3588 4480 3908 4541 ἐπίσκοπος
3942 4480 3999 4531 ού

2489 4604 2510 4638 ε
2552 4584 2897 4639 καθίσταται.
2945 4580 3022 4633 Τὸ
3064 4579 3121 4631 δὲ
3174 4576 3285 4629 τῶν
3327 4572 3556 4645 βαθμῶν
3606 4571 3901 4641 διάστημα
3946 4570 4000 4621 οὗ

2492 4695 2512 4731 ε
2545 4676 2667 4730 λίαν
2690 4672 2995 4741 ὀλιγοστὸν,
3010 4669 3080 4723 δι’
3103 4661 3165 4723 οὗ
3184 4667 3246 4721 τὸ
3257 4666 3502 4737 δοκίμιον
3520 4663 3624 4733 τῆς
3648 4664 3901 4722 πίστεως
3917 4665 4003 4714 καὶ

2492 4797 2511 4824 ο
2546 4764 2958 4834 καλοκαγαθίας
2976 4760 3145 4817 αὐτοῦ
3171 4755 3625 4829 δοκιμάζοιτο.⁹0
3643 4756 3761 4825 γὰρ
3778 4756 3998 4825 ἑτέρως.

2494 4885 2513 4918 ‹
2545 4865 2823 4932 νεόφυτος.
2870 4877 2889 4911 ι

2531 4952 2657 5019 ὗτος
2689 4956 2717 5008 6
2736 4949 2926 5007 ’κανὼν
2950 4950 3079 5011 τοὺς
3115 4947 3215 5017 μὲν
3237 4945 3461 5007 λαῖκοῦς
3494 4944 3630 5004 τοὺς
3655 4943 3717 4994 έν
3746 4944 3818 5011 τῇ
3836 4942 4000 5010 ἀγορᾷ

2414 5049 2812 5122 διατρίϐοντας,
2848 5044 2942 5097 καὶ
2974 5040 3350 5111 σχολάζοντας
3384 5040 3442 5089 ὲν
3470 5036 3639 5106 αὐτῇ,
3675 5036 3709 5106 ἦ
3738 5040 4003 5097 καξτινας

2418 5143 2711 5203 πλουσίους
2760 5138 2857 5192 καὶ
2907 5133 3202 5205 ἀγοραίους
3257 5129 3721 5203 πραγματευτὰς,
3762 5131 3850 5193 είς
3900 5132 4005 5180 ἐτει-

2421 5237 2633 5304 σκοπῆς
2686 5231 2907 5300 ἀξίωμα
2982 5225 3352 5298 βουληθέντας
3420 5220 3828 5290 ἀνενεχθῆναι.
3919 5223 4005 5273 οὑκ

2420 5328 2597 5388 ἄλλως
2627 5322 2963 5394 προστάττει
2990 5313 3386 5378 καθίστασθαι,
3420 5313 3469 5364 εί
3511 5310 3587 5382 μὴ
3617 5313 4003 5379 ἀναγνώστου,

2420 5421 2517 5474 καὶ
2565 5413 2972 5488 πρεσϐυτέρου,
3009 5409 3105 5463 καὶ
3134 5408 3386 5461 διακόνου
3416 5406 3737 5475 ὑπηρεσίαν
3798 5408 4004 5461 ἐκτελέ-

2421 5525 2599 5563 σουσι·
2634 5506 2696 5560 τὸ
2742 5505 2800 5558 δὲ
2844 5503 3122 5570 διάστημα
3177 5497 3413 5550 ἑκάστου
3463 5493 3685 5565 βαθμοῦ
3738 5499 4005 5565 χρουιαίον

2422 5600 2586 5656 εἶναι’
2649 5597 2783 5653 ῖν⁹“ό
2840 5595 2955 5665 βίος
3001 5591 3184 5647 αὐτῶν
3237 5591 3385 5659 καὶὴ
3422 5589 3612 5651 πίστις
3667 5589 3727 5641 έν
3778 5590 4006 5658 τοσούτῳ

2421 5691 2753 5764 δοκιμασθῇ.
2784 5689 2846 5743 ’0
2873 5687 2929 5740 δὲ
2960 5684 3429 5745 ἑπτακαιδέκατος
3449 5680 3640 5734 κανὼν
3662 5682 3769 5751 τῆς
3800 5682 4005 5754 πρώτης

2425 5790 2519 5842 καὶ
2550 5786 2810 5855 δευτέρας
2851 5780 3099 5843 συνόδου,
3136 5778 3235 5846 τῆς
3259 5774 3419 5845 ἐντῷ
3475 5774 3594 5843 ναῷ
3636 5774 3756 5827 τῶν
3826 5773 4006 5842 ’Δγίων

2439 5875 2782 5934 ’Λποττόλων
2817 5873 3118 5938 συστάσης,
3159 5868 3354 5924 οὐδένα
3399 5866 3512 5921 τῶν
3531 5866 3780 5934 λαῖκῶν,
3812 5866 3915 5921 κᾶν
3945 5866 4004 5936 pi;
