4178 6420
248 414 384 473 1165

1376 418 1454 473 I\'
1496 418 1656 475 (IAN.
1707 419 1782 474 XI
1818 412 2024 471 CONC.
2068 411 2360 470 Ξειιιῡια.

3341 408 3473 471 lilili

241 528 308 576 ἐκ
333 528 546 595 φαύλης
577 527 695 578 ἐστὶ
724 529 1024 598 διαγωγῆς.
1077 532 1192 584 ἀλλ’
1231 532 1351 584 ούδέ
1380 533 1489 584 τῶν
1539 535 1809 603 μοναχῶν,
1844 574 1850 585 .

1953 538 2022 576 3m
2082 524 2361 577 confestim
2409 523 2714 590 promoveri
2758 523 3046 591 permittit.
3112 522 3217 576 Sed
3278 523 3475 590 gradus

244 624 327 685 είς
357 622 417 674 τὸ
447 623 546 690 τῆς
571 624 879 692 ἐπισκοπῆς
908 624 1041 692 ὕψος
1073 625 1286 694 ἀθρόως
1339 626 1638 692 ἀνάγεσθαι
1676 644 1812 692 συγ-

246 716 438 785 χωρεῖ·
499 715 635 767 ἀλλά
688 715 818 777 τοὺς
877 718 1183 785 ίερατικοῦς
1239 718 1503 788 πρότερον
1571 718 1812 787 βαθμοὺς

246 808 558 875 προελθεῖν,
596 812 653 860 ἐν
711 808 929 878 ἑκάστῳ
988 811 1231 877 τάγματι
1287 810 1378 860 τὸν
1426 811 1813 878 νενομισμένον

247 901 566 972 πληροῦντα
594 902 805 972 χρόνον,
839 902 933 955 καὶ
963 903 1084 954 τότε
1109 902 1208 972 τῆς
1226 901 1534 970 ἐπισκοπῆς
1565 903 1664 967 τὴν
1699 918 1813 971 χει-

251 998 502 1065 ροτονίαν
535 995 808 1065 δέχεσθαι.

813 1088 1054 1141 ΚΑΝΩΝ
1084 1089 1152 1143 ῙΑ
1171 1129 1187 1144 .

257 1203 276 1234 ι
317 1184 676 1249 Ἐπίσκοπος,
707 1186 836 1239 ὅταν
867 1186 925 1252 ἐξ
950 1185 1147 1255 ἐτέρας
1177 1185 1386 1249 πόλεως
1441 1182 1813 1256 παραγίνηταὶ

321 1297 340 1329 ι
381 1279 460 1338 είς
492 1278 688 1348 ἑτέραν
739 1278 916 1344 πόλιν,
949 1279 982 1350 ἢ
1016 1279 1124 1332 ἀπὸ
1183 1279 1381 1349 ἐτέρας
1430 1278 1700 1349 ἐπαρχίας
1734 1280 1815 1339 είς

328 1388 347 1419 ι
391 1371 587 1440 ἑτέραν
641 1370 936 1441 ἐπαρχίαν,
1005 1372 1220 1442 κόμπου
1283 1372 1442 1440 χάριν
1519 1370 1816 1440 ἐγκωμίοις

327 1481 346 1513 ι
383 1463 608 1523 οίκείοις
636 1462 1105 1534 ύπηρετούμενος,
1137 1463 1169 1528 ἢ
1210 1463 1508 1532 θρησκείας
1540 1461 1816 1516 καθοσιώ-

333 1573 352 1604 ι
396 1570 500 1615 σει,
532 1554 627 1607 καὶ
663 1555 885 1607 πλείονα
913 1554 1107 1624 χρόνον
1140 1553 1381 1623 βούλοιτο
1434 1553 1664 1621 διάγειν,
1725 1553 1818 1606 καὶ

334 1666 352 1698 ι
397 1647 472 1716 μὴ
498 1648 526 1698 ὁ
552 1647 652 1714 τῆς
685 1648 891 1710 πόλεως
927 1647 1144 1716 ἐκείνης
1190 1647 1492 1710 ἐπίσκοπος
1555 1647 1818 1716 ἔμπειρος

334 1760 353 1791 ι
395 1735 830 1814 ᾗδιδασκαλίας,
890 1741 964 1810 μὴ
1032 1743 1350 1812 καταφρονῇ
1416 1741 1649 1801 ἐκείνου,
1725 1740 1822 1793 καὶ

1915 616 2062 686 prius
2127 616 2417 684 pervadere
2469 616 2846 677 sacerdotalcs,
2905 617 2958 669 in
3013 629 3226 684 quoque
3283 613 3472 667 ordine

1916 711 2124 778 legibus
2157 709 2420 762 sancitum
2459 717 2666 776 tempus
2703 710 3036 778 explentcm,
3082 718 3136 762 et
3189 717 3313 762 tunc
3360 708 3477 775 cpi—

1912 810 2168 869 scopatus
2193 798 2593 855 ordinationem
2624 801 2892 869 accipere.

2509 1098 2736 1155 CANON
2790 1099 2881 1156 XI.

1924 1212 1943 1246 ι
1969 1194 2194 1260 Quando
2223 1194 2507 1262 episcopus
2534 1209 2596 1248 ex
2624 1193 2724 1244 alia
2756 1192 2972 1246 civitate
3005 1193 3058 1244 in
3091 1191 3249 1245 aliam
3284 1191 3479 1245 civita-

1995 1306 2012 1337 ι
2051 1296 2182 1351 tem,
2208 1287 2290 1338 vel
2325 1301 2390 1340 ex
2421 1286 2522 1338 alia
2567 1283 2841 1353 provincia
2876 1285 2926 1335 in
2957 1283 3114 1336 aliam
3151 1285 3479 1349 provinciam

1995 1397 2014 1429 ι
2052 1379 2366 1440 accesserit,
2407 1377 2719 1442 iactationis
2754 1376 2926 1445 gratia
2971 1375 3201 1443 propriis
3235 1375 3485 1426 laudibus

2000 1492 2017 1522 ι
2056 1473 2319 1532 serviens.
2347 1471 2427 1524 vel
2461 1470 2737 1537 religionis
2765 1467 3178 1522 sanctiﬁcationi
3206 1484 3220 1532 ;
3266 1478 3318 1520 et
3358 1468 3486 1521 velit

1997 1581 2015 1613 ι
2055 1563 2282 1634 longiori
2313 1572 2557 1632 tempore
2589 1560 2697 1614 illic
2725 1575 2884 1627 agere
2913 1599 2928 1623 ,
2964 1560 3108 1613 illius
3139 1571 3320 1614 autem
3349 1561 3484 1613 civi-

1998 1673 2016 1706 t
2055 1655 2180 1708 tatis
2213 1653 2496 1724 episcopus
2532 1651 2790 1707 doctrinae
2814 1667 2916 1705 non
2961 1652 3121 1706 fuerit
3153 1654 3387 1721 peritus:
3424 1667 3490 1706 ne

1998 1765 2015 1798 ι
2062 1746 2212 1800 illum
2271 1745 2555 1814 despiciat,
2605 1752 2659 1799 et
2720 1745 3055 1813 frequentius
3118 1747 3487 1810 concionetur,

333 1850 352 1882 ι
387 1832 775 1903 συνεχέστερον
807 1833 996 1903 ὁμιλῇ,
1052 1833 1442 1902 καταισχύνειν
1492 1833 1586 1886 καὶ
1617 1830 1850 1885 εὐτελί-‹

1999 1858 2016 1891 ι
2055 1839 2273 1894 studens
2309 1841 2572 1894 dedecore
2616 1837 2829 1893 allicere
2864 1848 2918 1892 et
2942 1838 3277 1906 vilipendere
3313 1853 3493 1904 perso-

341 1942 358 1974 ι
393 1923 509 1987 ζειν
548 1924 610 1977 τὸ
643 1924 936 1993 πρόσωπον
963 1923 1056 1978 τοῦ
1089 1925 1278 1978 αὐτόθι
1307 1925 1608 1977 ἐπισκόπου
1655 1941 1822 1977 σπου-

341 2034 359 2066 ι
391 2016 594 2078 δάξων.
630 2016 781 2086 Αῦτη
814 2019 924 2085 γάρ
954 2019 986 2087 ἡ
1034 2018 1309 2087 πρόφασις
1354 2017 1515 2069 εἴωθε
1553 2016 1828 2087 ταράχους

348 2130 366 2162 ι
411 2112 609 2170 ποιεῖν,
641 2111 736 2163 καὶ
785 2111 849 2161 ἐκ
873 2109 975 2176 τῆς
1024 2107 1279 2178 τοιαύτης
1334 2110 1670 2178 πανουργίας
1726 2109 1826 2177 τὴν

338 2221 357 2254 ι
399 2201 688 2271 ἀλλοτρίαν
742 2200 1012 2269 καθέδραν
1078 2199 1256 2269 ἐαυτῷ
1317 2199 1827 2270 προμνηστεύεσθαι

338 2314 358 2348 ι
400 2296 494 2349 καὶ
524 2292 918 2364 παρασπᾶσθαι
954 2292 1269 2356 σπουδάζει,
1298 2292 1371 2362 μὴ
1412 2290 1684 2353 διστάζων
1727 2291 1827 2363 τὴν

339 2408 357 2440 ι
395 2387 549 2458 αὐτῷ
573 2386 977 2457 παραδοθεῖσαν
1014 2386 1318 2454 ἐκκλησίαν
1365 2384 1830 2454 καταλιμπάνειν,

347 2498 365 2530 ι
404 2479 502 2531 καὶ¹
526 2480 605 2542 είς
641 2478 838 2549 ἑτέραν
868 2477 1249 2547 μεθίστασθαι.
1297 2477 1579 2546 Ὀριστέον
1606 2475 1700 2528 οῦν
1736 2476 1832 2528 ἐπὶ

343 2589 362 2623 ι
398 2569 574 2640 τούτῳ
607 2569 821 2641 χρόνονο
874 2568 1061 2639 ἐπειδὴ
1117 2566 1306 2622 καὶτὸ
1351 2569 1426 2637 μὴ
1476 2568 1835 2639 ὑποδέχεσθαι

347 2680 368 2713 ι
406 2662 707 2715 ἐπίσκοπον
736 2660 846 2713 τῶν
871 2657 1256 2726 ἀπανθρώπων
1293 2657 1388 2711 καὶ
1437 2657 1643 2711 σκαιῶν
1694 2653 1836 2711 εἶναι

349 2774 368 2804 ε
400 2754 739 2821 νενόμισται.
797 2751 1093 2820 Μέμνησθε
1145 2751 1200 2803 δέ
1274 2751 1331 2803 ἐν
1404 2751 1484 2819 τῷ
1540 2753 1837 2821 προάγοντι

352 2865 370 2897 ι
409 2845 590 2914 χρόνῳ
625 2846 752 2907 τοὺς
776 2844 1026 2913 Πατέρας
1072 2843 1234 2914 ἡμῶν
1280 2843 1620 2914 κεκρικέναι,
1653 2843 1757 2904 ἵνα,
1791 2843 1843 2896 εῐ

349 2956 368 2989 ι
402 2955 487 3000 τις
548 2936 733 2999 λαῐκὸς
782 2939 840 2989 ἐν
899 2935 1052 2988 πόλει
1108 2935 1312 3003 διάγων
1364 2938 1513 3006 τρεῖς
1570 2933 1842 3005 κυριακὰς

348 3047 370 3083 ι
405 3027 622 3101 ἡμέρας
669 3029 728 3082 ἐν
774 3028 955 3099 τρισὶν
1009 3027 1269 3096 ἑϐδομάσι
1343 3027 1419 3097 μὴ
1500 3027 1840 3097 συνέρχοιτο,

355 3140 373 3171 ι
421 3123 734 3174 ἀποκινοῖτο
773 3120 871 3188 τῆς
903 3121 1212 3181 κοινωνίας.
1265 3120 1328 3173 El
1353 3121 1531 3173 τοίνυν
1557 3120 1686 3189 περὶ
1730 3119 1842 3172 τῶν

352 3232 371 3262 ι
411 3213 617 3266 λαῖκῶν
638 3211 794 3265 τοῦτο
814 3212 1187 3276 τεθέσπισται,
1215 3212 1277 3264 οὐ
1307 3212 1434 3281 χρὴ,
1461 3211 1581 3264 οὐδὲ
1614 3211 1840 3280 πρέπει,
1867 3223 1908 3282 c

356 3323 375 3355 ι
419 3305 533 3357 ἀλλ’
572 3303 693 3356 ούδέ
729 3302 1023 3373 συμφέρει,
1081 3304 1403 3365 ἐπίσκοπον,
1459 3304 1507 3355 εί
1566 3304 1838 3374 μηδεμίαν

354 3414 373 3447 ι
417 3395 720 3464 βαρυτέραν
753 3396 999 3464 ἀνάγκην
1036 3395 1170 3463 ἔχοι,
1202 3395 1236 3466 ἢ
1278 3397 1511 3463 πρᾶγμα
1549 3395 1836 3464 δυσχερὲς,

353 3507 372 3539 ι
409 3488 752 3544 ἐπιπλείστον
810 3489 1206 3544 ἀπολείπεσθαι
1237 3489 1337 3558 τῆς
1387 3487 1582 3541 ἐαυτοῦ
1641 3488 1844 3558 ἐκκλη-

356 3602 375 3635 ι
413 3585 556 3649 σίας,
592 3584 706 3637 ’καὶ
749 3584 952 3637 θλίϐειν
991 3583 1082 3636 τὸν
1124 3581 1630 3652 ἐμπεπιστευμένον
1694 3581 1844 3650 αὐτῷ

357 3701 374 3733 ι
413 3682 564 3735 λαόν.
626 3681 901 3742 Ἅπαντες
959 3681 1007 3733 οί
1058 3679 1349 3733 ἐπίσκοποι
1425 3679 1680 3747 εἰρήκασι
1742 3677 1839 3730 καὶ

2005 1949 2022 1981 ι
2058 1945 2181 1984 nam
2217 1929 2492 1998 episcopi,
2522 1929 2611 2000 qui
2643 1928 2714 1983 ibi
2750 1939 2852 1984 est.
2887 1929 2983 1982 Hic
3011 1929 3155 1981 cnim
3200 1939 3492 1996 prmtexttts

2004 2042 2021 2075 ι
2061 2022 2194 2078 solet
2239 2023 2428 2077 turbas
2477 2022 2750 2085 excitare,
2797 2031 2848 2075 et
2892 2022 3158 2086 ejusmodi
3203 2021 3494 2075 calliditate

2002 2135 2021 2167 ι
2057 2115 2286 2170 alienam
2349 2115 2527 2170 sedem
2587 2113 2688 2169 sibi
2749 2114 3038 2167 conciliare
3102 2122 3155 2166 et
3227 2111 3498 2164 attrahere

2009 2226 2028 2259 ι
2065 2208 2263 2270 studet,
2295 2207 2563 2261 cum'non
2613 2206 2819 2261 dubitet
2855 2205 2954 2260 sibi
3013 2205 3260 2259 traditam
3319 2204 3500 2256 Eccle-

2009 2319 2027 2350 ‹
2065 2301 2202 2354 siam
2236 2299 2561 2369 relinquere,
2608 2309 2662 2352 et
2705 2298 2757 2352 in
2799 2299 2956 2353 aliam
2986 2298 3237 2351 transire.
3290 2297 3367 2348 Ad
3400 2297 3500 2350 hnc

2011 2411 2029 2444 ‹
2062 2407 2192 2462 ergo
2222 2403 2433 2462 tempus
2465 2391 2826 2447 deliniendam
2871 2401 2953 2445 est
2980 2410 2993 2444 :
3035 2407 3157 2443 nam
3190 2391 3499 2452 episcopum

2011 2505 2032 2539 ι
2064 2501 2170 2541 non
2206 2485 2392 2554 recipi,
2427 2484 2777 2538 inlmmanmn
2803 2493 2854 2538 et
2889 2483 3103 2536 incivile
3138 2483 3500 2535 existimatum

2013 2598 2031 2631 ι
2072 2585 2177 2634 est.
2224 2574 2598 2631 Recordemini
2666 2585 2844 2629 autem
2903 2575 3091 2625 Patres
3153 2583 3362 2625 nostros
3440 2571 3494 2623 in

2015 2692 2032 2724 ι
2075 2681 2315 2740 tempore
2347 2669 2620 2740 prmterito
2674 2667 2958 2727 statuisse,
2988 2674 3045 2718 ut
3097 2665 3140 2716 si
3174 2665 3296 2732 quis
3335 2662 3505 2715 laicus

2013 2783 2031 2814 ι
2070 2765 2121 2817 in
2150 2764 2284 2816 urbe
2312 2776 2475 2831 agens
2506 2760 2678 2813 tribus
2711 2759 2899 2812 diebus
2930 2757 3225 2810 Dominicis
3251 2757 3300 2808 in
3333 2755 3502 2808 tribus

2006 2875 2024 2905 ι
2066 2852 2492 2907 hebdomadibus
2536 2865 2640 2902 non
2688 2848 3013 2912 conveniat,
3051 2848 3094 2900 is
3126 2846 3506 2898 communione

2018 2966 2037 2998 ‹
2077 2953 2373 2999 moveatur.
2416 2941 2583 3014 498
2625 2941 2681 2994 Si
2723 2942 2824 2994 hoc
2865 2953 2993 3004 ergo
3039 2939 3102 2990 de
3131 2938 3285 2991 laicis
3332 2945 3507 2989 statu-

2020 3057 2038 3090 ι
2077 3047 2187 3092 tum
2229 3046 2331 3101 est,
2375 3052 2479 3089 non
2511 3041 2740 3102 oportet,
2776 3048 2873 3086 nec
2902 3032 3172 3094 convenit,
3200 3030 3291 3082 sed
3333 3043 3509 3096 neque

2018 3153 2036 3183 ι
2074 3142 2157 3186 est
2197 3132 2349 3194 utile,
2394 3128 2728 3198 episc0pum.
2770 3127 2812 3179 si
2851 3125 3047 3179 nullam
3088 3125 3250 3177 habet
3293 3123 3508 3191 gravio-

2023 3245 2041 3277 ι
2081 3241 2192 3279 rem
2234 3223 2609 3279 necessitatem
2643 3221 2725 3274 vel
2761 3219 3031 3288 negotium
3063 3217 3358 3282 difﬁcilius,
3397 3217 3511 3268 lon-

2015 3337 2034 3370 ι
2073 3318 2191 3385 gius
2238 3332 2265 3370 a
2298 3331 2393 3370 sua
2428 3315 2616 3369 abesse
2645 3312 2911 3380 lecelcsia,
2954 3321 3006 3365 et
3029 3310 3128 3363 sibi
3159 3309 3508 3363 commissum

2020 3429 2038 3460 ι
2076 3408 2329 3478 populum
2366 3406 2552 3461 dolore
2592 3403 2825 3458 allicere.
2859 3401 3059 3455 Omnes
3096 3401 3327 3468 episcopi
3363 3399 3511 3451 divo-

2012 3515 2040 3552 οι
2077 3509 2233 3564 runt,
2280 3499 2419 3552 hanc
2448 3512 2664 3569 quoque
2691 3493 3012 3551 sententiam
3042 3507 3163 3548 esse
3187 3492 3513 3547 convenicno

2025 3611 2044 3645 ι
2085 3591 2369 3647 tissimam.
2403 3607 2426 3643 ι

352 3793 370 3825 ι
407 3774 614 3843 ταύτην
669 3773 766 3844 τὴν
816 3771 1044 3843 γνώμην
1104 3771 1316 3840 σφόδρα
1359 3766 1503 3824 εἶναι
1553 3766 1840 3839 πρεπωδε-
1915 3814 1920 3820 .

354 3885 373 3918 ι
414 3867 638 3935 στάτην.
680 3881 696 3914 ο

348 3959 543 4011 ΒΑΛΣ.
572 3959 762 4011 Πᾶσαν
790 3955 1088 4010 σκανδάλου
1125 3956 1402 4025 πρόφασιν
1430 3952 1847 4026 περιαιροῦντες

276 4050 326 4100 οί
370 4049 636 4118 Πατέρες,
666 4047 991 4116 διωρίσαντο
1044 4045 1117 4116 μὴ
1165 4044 1513 4115 μεταϐαίνειν
1545 4044 1845 4097 ἐπίσκοπον

281 4140 392 4193 ἀπὸ
419 4137 628 4200 πόλεως
661 4139 740 4200 είς
768 4137 924 4190 πόλιν
949 4137 981 4205 ἢ
1028 4137 1136 4188 ἀπὸ
1165 4133 1430 4205 ἐπαρχίας
1472 4135 1552 4197 είς
1573 4133 1847 4204 ἐπαρχίαν

281 4231 426 4284 κατά
459 4230 664 4300 τρόπον
703 4227 1080 4298 ἀλαζονείαςῆ
1125 4227 1459 4290 πλεονεξίας.
1491 4227 1553 4278 Et
1602 4226 1658 4279 δέ
1688 4225 1846 4279 τοῦτο

279 4324 340 4376 ού
374 4322 600 4392 γένηται
628 4321 716 4376 διὰ
751 4321 1008 4390 τοιαύτην
1030 4320 1233 4383 αἰτίαν,
1265 4319 1404 4373 ἀλλά
1455 4318 1545 4371 διὰ
1576 4319 1848 4388 πρόσκαι-

282 4433 376 4487 ρον
405 4413 786 4482 ἁνάπαυσιν,ἢ
821 4414 1016 4482 ἑτέραν
1048 4411 1270 4478 εὔλογον
1295 4411 1570 4479 ἀφορμὴν,
1609 4413 1682 4480 μὴ
1711 4428 1848 4463 κατ-

279 4505 607 4576 ἐπαίρεσθαι
638 4504 820 4567 αὐτον,
848 4504 1030 4571 λόγιον
1057 4502 1219 4572 τυχὸν
1261 4501 1416 4561 ὄντα,
1454 4500 1549 4554 τοῦ
1576 4501 1844 4572 ἐγχωρίου

2018 3947 2210 4004 BALS.
2247 3943 2474 4001 Omnem
2518 3940 2756 4000 scandali
2801 3940 3142 3996 occasionem
3205 3935 3514 4013 auferente;

1948 4041 2123 4096 sancti
2159 4040 2372 4102 Patres,
2408 4043 2762 4097 statuerunt,
2809 4047 2877 4088 ne
2920 4031 3204 4100 episcopus
3233 4043 3260 4080 a
3295 4027 3515 4081 civitate

1951 4134 2002 4188 in
2027 4132 2326 4194 civitatem,
2356 4130 2492 4183 vela
2527 4125 2800 4197 provincia
2832 4124 2884 4177 in
2917 4122 3275 4191 provinciam,
3313 4134 3408 4186 per
3434 4133 3520 4168 ar-

1951 4224 2250 4293 rogantiam
2312 4221 2394 4274 vel
2449 4217 2732 4272 avaritiam
2759 4222 3016 4269 transeat.
3065 4212 3122 4266 Si
3181 4220 3362 4264 autem
3409 4224 3516 4262 non

1951 4314 2047 4368 ﬁat
2075 4321 2293 4381 propter
2321 4324 2440 4364 eam
2471 4322 2722 4368 causam,
2769 4304 2863 4359 sed
2897 4311 3115 4371 pr0pter
3158 4299 3361 4367 aliquot
3403 4297 3519 4349 die-

1951 4421 2070 4460 rum
2101 4404 2359 4475 quietem,
2391 4401 2474 4455 vel
2502 4399 2734 4469 aliquam
2759 4397 2915 4450 aliam
2943 4395 3141 4466 justam
3170 4405 3385 4445 causam
3411 4405 3425 4453 ;
3451 4401 3521 4441 ne

1952 4498 2087 4567 ipse,
2134 4510 2255 4551 cum
2311 4495 2381 4549 sit
2441 4494 2651 4556 doctus,
2683 4491 2907 4545 insultet
2979 4485 3215 4556 regionis
3264 4482 3520 4550 episcopo

281 4573 613 4659 ἐπισκόπου,
644 4596 890 4667 ἀμαθοῦς
924 4595 1054 4658 ἴσως
1083 4596 1464 4665 τυγχάνοντος·
1510 4593 1646 4663 μηδὲ
1682 4593 1850 4648 αὑτὸν

1953 4588 2042 4657 qui
2086 4588 2221 4641 forte
2260 4594 2345 4639 est
2373 4584 2622 4638 indoctus
2648 4623 2663 4646 ,
2710 4595 2807 4634 nec
2838 4579 2952 4648 ipse
2997 4577 3209 4630 laudem
3249 4573 3520 4627 desideret

281 4691 385 4762 μέν
437 4689 694 4760 ἐφίεσθαι
731 4688 1025 4758 ἐγκωμίων
1074 4688 1164 4741 διὰ
1196 4685 1548 4755 δογματικῶν
1593 4684 1848 4738 διδασκα-

277 4785 409 4838 λιῶν
473 4783 651 4854 (τοῦτο
709 4782 819 4850 γάρ
860 4783 1008 4834 ἐστιν
1054 4781 1086 4848 ἡ
1135 4778 1420 4848 Θρησκεία,
1485 4776 1763 4830 τουτέστιν
1812 4779 1846 4848 ὴ

281 4875 508 4946 λατρεία
539 4875 634 4927 καὶ
665 4875 696 4944 ἡ
740 4870 972 4941 πίστις),
1009 4869 1105 4922 τοῦ
1149 4869 1206 4921 δέ
1237 4867 1505 4937 ἐγχωρίου
1544 4866 1848 4920 ἐπισκόπου

281 4967 671 5034 καταφρονεῖν,
705 4965 778 5027 ὡς
809 4962 1106 5033 ἐμπειρίαν
1134 4961 1476 5028 δογματικῆς
1497 4957 1854 5021 διδασκαλίας

287 5057 363 5128 μὴ
402 5057 638 5127 ἔχοντος,
676 5054 811 5108 ἀλλά
835 5052 1132 5122 ἡσυχάζειν
1162 5050 1258 5104 καὶ
1287 5050 1432 5119 ἔχειν
1461 5047 1561 5118 τὴν
1587 5045 1852 5112 ἀνάλογον

280 5151 446 5220 τιμὴν
478 5149 618 5218 πρὸς
655 5147 745 5199 τὸν
777 5144 1041 5215 ἐγχώριον
1070 5142 1394 5198 ἐπίσκοπον.
1431 5139 1506 5193 Τὸ
1548 5140 1658 5209 γάρ
1693 5135 1847 5207 παρά

282 5243 457 5296 ταῦτα
488 5241 797 5310 γινόμενον,
852 5242 1036 5306 φασὶν,
1085 5235 1375 5306 παραίτιόν
1435 5235 1552 5285 ἐστι
1605 5230 1853 5300 ταραχῆς

286 5335 488 5404 πολλῆς
536 5334 632 5386 καὶ
680 5333 886 5401 ὑποψία
939 5330 1034 5384 τοῦ
1084 5328 1410 5393 σπουδάζειν
1467 5327 1560 5378 τὸν
1613 5322 1854 5378 τοιοῦτον

285 5427 610 5480 καταλιπεῖν
632 5425 731 5492 τὴν
768 5421 1044 5492 λαχοῦσαν
1077 5420 1262 5484 αὑτὸν,
1293 5417 1387 5470 καὶ
1426 5411 1852 5485 σφετερίσασθαι

285 5521 385 5588 τὴν
416 5517 593 5586 ἑτέρῳ
629 5518 940 5586 ἀνήκουσαν
971 5513 1289 5582 ἐκκλησίαν.
1321 5511 1421 5564 Διά
1448 5526 1531 5562 τοι
1561 5507 1739 5570 τοῦτο,
1778 5503 1853 5574 μὴ

285 5609 517 5663 ἀνεκτδν
556 5606 892 5677 ἡγησάμενοι
923 5604 1016 5657 ἐπὶ⁸
1045 5603 1212 5656 πολὺν
1240 5601 1432 5672 χρόνον
1473 5599 1683 5665 διάγειν
1732 5594 1855 5648 ἐπί-

288 5717 490 5753 σκοπον
541 5699 624 5762 είς
675 5697 963 5767 ἀλλοτρίαν
1000 5696 1233 5762 ἐνορίαν,
1265 5693 1550 5762 ἐπήγαγον
1595 5690 1692 5752 ὡς,
1733 5688 1854 5740 ἐπεὶ

286 5791 349 5846 τδ
377 5790 453 5861 μὴ
480 5791 843 5861 ὑποδέχεσθαι
868 5791 992 5853 τοὺς
1037 5787 1334 5857 ἐγχωρίους
1384 5783 1716 5844 ἐπισκόπους
1755 5782 1855 5852 ἀρ-

292 5884 496 5955 χιερεῖς
519 5882 725 5954 ἐτέρων
750 5882 972 5952 ἐνοριῶν
996 5879 1359 5950 ἀφιλάδελφόν
1405 5879 1517 5930 ἐστι
1546 5876 1638 5930 καὶ
1679 5874 1853 5929 ἀπάν-

1954 4691 2050 4746 per
2093 4673 2426 4743 dogmaticas
2468 4672 2736 4727 doctrinas
2770 4670 2844 4736 (id
2895 4668 3037 4722 enim
3086 4674 3168 4720 est
3211 4663 3419 4729 religio,
3463 4659 3516 4712 id

1952 4773 2058 4826 est,
2090 4763 2264 4818 cultus
2286 4774 2340 4817 et
2366 4761 2542 4829 lides),
2570 4758 2808 4829 regionis
2831 4765 3008 4810 autem
3045 4753 3354 4820 episcopum
3386 4764 3520 4803 con-

1956 4864 2180 4917 temnat.
2205 4864 2266 4908 ut
2315 4854 2407 4924 qui
2464 4851 2780 4920 dogmaticre
2820 4848 3078 4901 doctrinae
3127 4841 3517 4913 experientiam

1954 4965 2061 5005 non
2085 4949 2324 5003 habeat:
2371 4946 2464 5001 sed
2522 4943 2809 5014 quiescat,
2869 4951 2923 4995 et
2977 4939 3216 5007 regionis
3267 4936 3521 5002 episcopo

1954 5041 2361 5098 convenientem
2408 5039 2668 5093 honorem
2733 5033 2948 5088 habeat.
3001 5030 3155 5096 Quod
3218 5029 3383 5088 enim,
3442 5026 3524 5076 in-

1955 5136 2172 5207 quiunt,
2224 5141 2418 5201 praeter
2455 5132 2559 5183 hoc
2608 5128 2695 5191 lit,
2751 5125 2934 5180 multae
2975 5133 3056 5178 est
3095 5119 3520 5192 perturbationis

1955 5242 2140 5289 causa,
2187 5235 2241 5279 et
2295 5218 2553 5290 suspicio,
2587 5218 2728 5289 quod
2757 5219 2802 5272 is
2833 5216 3045 5271 studeat
3089 5214 3398 5280 relinquere
3429 5226 3522 5263 ec-

1957 5320 2176 5375 clesiam
2206 5331 2325 5386 quae
2353 5315 2501 5369 illum
2528 5312 2717 5368 sortita
2751 5319 2853 5373 est,
2885 5319 2940 5363 et
2972 5323 3114 5368 cam,
3149 5320 3266 5372 qua:
3291 5303 3358 5356 ad
3387 5303 3523 5354 alte-

1957 5426 2076 5466 rum
2121 5408 2373 5476 pertinet.
2415 5403 2517 5459 sibi
2552 5403 2850 5456 vindicare.
2890 5401 2953 5452 Et
2987 5409 3268 5467 propterea
3304 5410 3408 5447 non
3447 5403 3524 5445 to-

1957 5500 2237 5555 lerandum
2282 5512 2403 5552 esse
2441 5495 2587 5558 rati,
2637 5502 2697 5547 ut
2742 5492 3026 5560 episcopus
3069 5490 3228 5556 longo
3283 5497 3524 5552 tempore

1955 5601 2205 5648 versetur
2261 5591 2315 5644 in
2366 5589 2541 5642 aliena
2599 5586 2819 5642 dioecesi
2848 5626 2863 5650 ,
2907 5583 3335 5650 subiunxerunt,
3379 5575 3519 5641 quod

1958 5684 2082 5753 quia
2138 5693 2282 5738 esset
2338 5682 2686 5736 inhumanum
2748 5688 2801 5731 et
2853 5695 2880 5729 a
2933 5673 3173 5728 fraterna
3239 5671 3524 5724 dilectione

1958 5777 2216 5839 alienum,
2241 5775 2286 5829 si
2315 5773 2552 5841 regionis
2585 5769 2819 5840 episcopi
2851 5768 3077 5822 aliarum
3101 5765 3408 5819 dioeccseon
3431 5776 3525 5813 an-

1962 5871 2158 5927 tistites
2180 5884 2284 5925 non
2319 5868 2660 5922 admitterent
2691 5884 2704 5920 :
2739 5877 2942 5918 canone
2965 5868 3141 5915 autem
3165 5865 3383 5916 cautum
3418 5864 3523 5920 est,
