4178 6420
703 384 835 449 14-67

1949 382 2224 443 THEUD.
2269 380 2677 442 BALSAMON

3818 384 3953 448 1468

693 511 754 555 ut
788 515 857 555 ne
892 499 1067 556 laicus
1099 498 1318 570 quidem
1372 496 1548 553 tribus
1582 496 1879 553 Dominicis
1927 499 1995 551 ab
2034 498 2264 552 ecclesia

2379 496 2610 566 θρωπον,
2640 496 3024 551 κεκανόνισται
3059 496 3119 554 δὲ
3154 495 3293 567 μηδέ
3316 493 3509 551 λαῖκδν
3560 493 3948 565 ἀπολιμπάνε-

695 595 856 660 absit,
890 603 983 648 aut
1006 595 1075 646 sit
1095 591 1629 647 excommunicatus:
1659 591 1883 645 omnino
1908 591 1957 643 in
1989 591 2262 646 antistites

695 702 911 756 quoque
935 686 1110 739 locum
1142 684 1362 737 habebit
1410 684 1497 737 hic
1532 699 1728 739 canon.
1767 683 1917 738 Unde
1945 684 2106 737 etiam
2146 691 2260 737 sta-

700 786 934 837 luerunt,
971 788 1025 829 ut
1056 776 1230 829 nullus
1259 778 1544 844 episcenos
1571 777 1638 827 ah
1672 775 1929 838 ecclesia,
1961 790 2079 843 qua:
2111 774 2260 828 illum

698 868 886 919 sortita
915 878 1020 931 est,
1059 868 1262 920 diutius
1302 870 1463 931 absit,
1488 877 1542 921 et
1577 868 1677 921 sibi
1720 867 2063 920 commissum
2090 881 2263 935 popu-

698 960 803 1010 lum
853 962 1143 1027 opprimat,
1190 961 1292 1015 nisi
1340 976 1555 1030 gravem
1612 960 1844 1026 aliquam
1889 961 2262 1013 necessitatem

701 1051 919 1109 habeat,
977 1054 1055 1102 vel
1105 1052 1375 1119 negotium
1436 1052 1688 1105 arduum.
1742 1047 1886 1113 Lege
1954 1034 2263 1102 sanctorum

701 1144 1077 1199 Apostolorum
1107 1158 1343 1194 canones
1372 1143 1435 1194 H
1461 1152 1510 1193 et
1540 1142 1627 1205 15,
1661 1141 1939 1209 przcseutis
1967 1141 2154 1210 synodi
2178 1156 2268 1194 ca-

699 1250 865 1287 nones
916 1234 1000 1293 1‘2.
1052 1234 1139 1290 16.
1177 1233 1264 1294 17,
1298 1233 1736 1302 Carthaginiensis
1779 1232 1969 1302 synodi
2002 1244 2266 1283 canooem

700 1328 788 1389 23,
820 1339 865 1377 et
914 1328 1155 1389 suptimm
1195 1326 1380 1393 synodi
1426 1325 1457 1377 6
1503 1340 1733 1379 canones
1769 1326 1872 1388 17,
1911 1324 1977 1379 18
2016 1332 2067 1377 et
2093 1325 2184 1381 20.
2216 1333 2271 1377 et

702 1419 839 1470 scies
876 1418 1146 1482 quomodo
1189 1419 1508 1483 punientur,
1551 1418 1640 1485 qui
1688 1416 1823 1469 ultra
1860 1433 1972 1471 suae
2014 1417 2271 1471 ditecesis

693 1510 835 1565 linus
866 1510 1079 1563 docent.
1116 1508 1253 1573 Lege
1271 1520 1323 1562 et
1351 1524 1608 1562 canonem
1644 1508 1709 1562 16
1738 1510 1924 1578 prima:
1944 1518 1997 1561 et
2026 1507 2273 1562 secundae

702 1603 914 1670 synodi,
943 1613 996 1653 et
1026 1618 1145 1668 quae
1179 1604 1227 1655 in
1262 1602 1348 1653 illo
1381 1616 1408 1652 a
1447 1600 1603 1654 nobis
1632 1602 1835 1670 scripta
1873 1608 2016 1660 sunt.
2054 1608 2108 1655 et
2132 1601 2273 1656 scies

672 1707 906 1763 'qttanto
932 1705 1170 1757 tempore
1205 1695 1401 1747 debent
1446 1696 1687 1765 episcopi
1729 1706 1881 1749 extra
1913 1700 2039 1748 suos
2065 1696 2275 1763 episco-

705 1800 858 1855 patus
886 1791 1113 1840 versari.
1142 1788 1264 1841 Ideo
1292 1788 1434 1840 enim
1463 1803 1558 1843 nec
1593 1788 1763 1842 fusius
1789 1788 1874 1841 hic
1901 1788 1964 1841 de
1986 1803 2051 1841 eo
2076 1796 2275 1842 tracta-

707 1891 813 1931 tum
840 1891 942 1934 est.
970 1882 1393 1950 Interrogaverit
1413 1893 1594 1937 autem
1619 1883 1907 1950 quispiam,
1941 1880 2075 1935 Cum
2100 1896 2271 1934 canon

647 2019 650 2022 .
706 1972 778 2023 8t)
815 1985 981 2026 sexta!
1018 1975 1229 2044 synodi,
1282 1975 1537 2028 videlicet
1572 1992 1693 2041 (νινε
1731 1977 1783 2028 in
1821 1974 2009 2027 Trullu
2052 1974 2272 2039 dicitur,

709 2067 871 2119 laicus
901 2066 1170 2135 segregari
1207 2066 1532 2131 decreverit,
1575 2067 1663 2134 qui
1697 2068 1867 2119 trihns
1902 2066 2196 2119 Dominicis
2222 2067 2273 2119 in

707 2160 991 2214 ecclesiam
1049 2176 1153 2214 non
1203 2162 1536 2224 convenerit,
1578 2162 1667 2239 qui
1702 2162 1911 2227 quidem
1942 2160 2042 2212 hac.
2065 2161 2272 2230 synodo

712 2248 810 2301 fuit
836 2250 1005 2302 mtdto
1039 2255 1332 2315 recentior,
1375 2246 1643 2316 quomodo
1679 2265 1915 2315 praesens
1942 2263 2142 2311 canon,
2184 2248 2273 2315 qui

709 2353 792 2393 est
830 2345 999 2394 multo
1033 2345 1323 2409 antiquior,
1364 2343 1479 2408 ejus
1523 2342 1812 2395 meminit?
1852 2340 2082 2395 Salutio.
2129 2340 2277 2397 Alius

709 2433 924 2501 quidem
971 2449 1142 2487 canon
1170 2444 1294 2487 ante
1324 2442 1639 2501 prmsentem
1676 2434 1937 2502 synodum
1965 2433 2092 2486 nihil
2126 2432 2276 2503 ejus«

710 2523 861 2576 modi
902 2524 1161 2577 decrevit.
1203 2524 1332 2590 Qure
1378 2516 1553 2578 aniem
1605 2526 1705 2579 hoc
1736 2538 1943 2577 canone
1985 2525 2275 2577 continen-

714 2625 822 2680 tur,
852 2615 969 2668 sine
996 2615 1231 2682 seriplls,
1253 2626 1311 2669 ut
1331 2625 1411 2670 est
1441 2614 1753 2678 verisimile,
1786 2617 2179 2669 exercebantur
2212 2617 2281 2671 ab

714 2708 889 2772 initio,
921 2718 972 2760 ut
1009 2711 1174 2763 etiam
1209 2708 1370 2761 multa
1405 2708 1504 2759 alia
1544 2726 1556 2759 τ
1601 2719 1785 2776 postea
1831 2720 2008 2763 autem
2044 2712 2282 2780 synodus

714 2800 767 2851 in
792 2800 975 2851 Tran
1002 2818 1059 2853 ea
1090 2801 1304 2868 sv-riptis
1330 2817 1543 2868 quoque
1576 2799 1871 2851 mamlavil.

2365 588 2493 641 σθαι
2521 589 2629 642 ἀπὸ
2657 588 2758 657 τῆς
2781 588 3080 658 ἐκκλησίας
3107 590 3199 642 ἐπὶ
3225 592 3376 659 τρεῖς
3416 588 3738 657 Κυριακὰς.
3782 588 3816 657 ἢ
3851 589 3953 655 μὲν

2364 681 2731 751 ἀκοινώνητον
2754 677 2920 747 εἶναι,
2944 682 3164 744 πάντως
3181 683 3358 752 κρατή
3369 699 3450 733 σει
3474 683 3571 733 καὶ
3599 682 3733 749 περὶ
3761 680 3951 749 ἀρχιε-

2368 774 2507 843 ρέων
2543 776 2571 826 ό
2592 774 2756 838 αὐτὸς
2814 773 3012 829 κανών.
3071 774 3235 828 Ὅθεν
3269 775 3365 826 καὶ
3393 772 3727 840 διωρίσαντο
3745 770 3953 839 μηδένα

2365 866 2666 921 ἐπίσκοπον
2695 866 2791 919 ἐπὶ
2836 867 2998 919 πλέον
3036 866 3520 935 ἀπολιμπάνεσεαι
3542 867 3644 933 τῆς
3672 863 3953 932 λαχούσης

2365 959 2582 1020 τοῦτον,
2629 960 2725 1012 καὶ
2760 958 2965 1011 θλίϐειν
2991 958 3082 1011 τὸν
3117 958 3557 1027 ἐμπιστευθέντα
3592 955 3753 1023 αὐτῷ
3799 954 3952 1013 λαὸν,

2367 1056 2416 1105 εί
2451 1052 2522 1120 μή
2561 1068 2684 1102 τινα
2712 1049 2936 1118 βαρεῖαν
2967 1050 3215 1120 ἀνάγκην
3258 1049 3369 1120 ἔχει
3402 1050 3433 1118 ἦ
3462 1050 3707 1118 πρᾶγμά
3743 1064 3801 1097 τι
3830 1047 3956 1098 δυσ-

2368 1145 2548 1216 χερές.
2595 1144 2894 1210 ’Λνάγνωθι
2914 1144 3020 1195 τῶν
3045 1145 3217 1212 ἁγίων
3244 1144 3559 1196 ἀποστόλων
3595 1141 3843 1202 κανόνας
3866 1140 3949 1201 ιδ’,

2371 1246 2453 1305 ιε’,
2493 1242 2592 1308 τῆς
2623 1238 2904 1309 παρούσης
2928 1238 3147 1291 συνόδου
3172 1237 3405 1298 κανόνας
3428 1233 3517 1303 ιβ’,
3546 1242 3649 1299 ις’,
3679 1237 3770 1298 ιζ’,
3798 1236 3954 1298 Καρ-

2372 1332 2607 1400 θαγένης
2630 1330 2864 1393 κανόνας
2889 1328 2973 1394 κγ’
2996 1330 3091 1382 καὶ
3121 1328 3226 1391 οα’,
3256 1330 3476 1382 συνόδου
3512 1335 3565 1391 ς’
3596 1328 3843 1387 κανόνας
3868 1322 3952 1387 ιζ’.

2374 1430 2443 1493 ιη’
2474 1424 2570 1475 καὶ
2600 1419 2669 1487 κ’,
2706 1422 2802 1475 καὶ
2837 1420 3017 1491 μάθῃς
3049 1421 3165 1482 πῶς
3198 1421 3521 1481 κολάζονται
3555 1420 3605 1470 ol
3658 1418 3802 1485 παρ’
3835 1418 3952 1467 ἐνο-

2375 1516 2496 1584 ρίαν
2519 1513 2893 1576 διδάσκοντες.
2954 1513 3256 1581 Ἀνάγνωθι
3309 1512 3403 1565 καὶ
3457 1513 3551 1565 τὸν
3614 1508 3693 1574 ις’
3749 1510 3957 1561 κανόνα

2370 1608 2470 1677 τῆς
2503 1605 2729 1677 πρώτης
2757 1604 3131 1675 καὶδευτέρας
3163 1605 3406 1666 συνόδου,
3438 1603 3534 1657 καὶ
3562 1602 3636 1655 τὰ
3664 1605 3725 1653 ἐν
3757 1601 3957 1667 ἐκείνῳ

2374 1696 2504 1766 παρ’
2556 1697 2714 1766 ἡμῶν
2769 1697 3073 1765 γραφέντα,
3140 1695 3237 1749 καὶ
3300 1696 3479 1767 μάθῃς
3537 1702 3710 1747 πόσον
3768 1691 3961 1760 καιρὸν

2374 1788 2685 1855 ὀφείλουσιν
2732 1791 2781 1842 oi
2837 1790 3129 1843 ἐπίσκοποι
3201 1788 3500 1856 διατρίϐειν
3562 1786 3778 1853 ἔξωθεν
3856 1784 3965 1835 τῶν

2377 1877 2697 1951 ἐπισκοπῶν
2727 1878 2929 1932 αὐτῶν.
2962 1879 3061 1931 Διὰ
3107 1879 3215 1947 γὰρ
3247 1879 3407 1931 τοῦτο
3437 1878 3560 1930 οὐδὲ
3612 1875 3964 1944 πλατύτερόν

2374 1986 2425 2019 τι
2455 1972 2583 2039 περὶ
2609 1970 2802 2023 τούτου
2825 1971 3058 2023 ἐνταῦθα
3085 1970 3369 2041 διελήφθη.
3434 1970 3649 2041 Ἐρω-ὲή
3663 1986 3747 2020 σει
3782 1969 3841 2019 δέ
3860 1983 3967 2026 τις.

2378 2061 2453 2123 ὡς
2481 2062 2575 2115 τοῦ
2606 2061 2658 2113 π’
2704 2064 2929 2125 κανόνος
2955 2064 3054 2125 τῆς
3100 2064 3266 2130 ἕκτης
3302 2061 3546 2125 συνόδου,
3577 2061 3839 2129 δηλονότι
3872 2059 3969 2123 τῆς

2381 2159 2439 2210 ἐν
2497 2156 2578 2225 τῷ
2628 2155 2903 2226 Τρούλλῳ,
2958 2158 3346 2227 διορισαμένου
3416 2153 3795 2225 ἀφορίζεσθαι
3844 2153 3971 2213 τοὺς

2380 2249 2601 2309 λαῖκοὺς
2631 2248 2757 2309 τοὺς
2782 2248 2873 2299 ἐπὶ
2904 2248 3054 2317 τρισὶ
3073 2250 3381 2318 Κυριακαῖς
3419 2247 3493 2315 μὴ
3516 2245 3970 2313 συνερχομένους

2383 2339 2477 2392 καὶ
2507 2336 2991 2407 ἐκκλησιάζοντας,
3021 2338 3116 2391 τοῦ
3145 2339 3240 2390 καὶ
3272 2338 3411 2389 κατὰ
3442 2337 3579 2390 πολὺ
3608 2328 3773 2397 ὄντος
3801 2351 3971 2403 μετα-

2387 2432 2709 2500 γενεστέρου
2744 2431 2951 2499 ταύτης
2993 2433 3090 2499 τῆς
3137 2432 3379 2492 συνόδου,
3420 2431 3536 2492 πῶς
3569 2431 3598 2480 ὁ
3632 2426 3837 2497 παρὼν
3875 2445 3971 2478 και

2390 2524 2520 2583 νὼν.
2550 2521 2980 2591 προγενέστερος
3034 2522 3130 2584 ὢν,
3176 2517 3341 2573 αὑτοῦ
3382 2520 3697 2589 μέμνηται
3742 2519 3961 2579 Λύσις.

2393 2618 2621 2686 Ἕτερος
2651 2616 2752 2685 μὲν
2784 2616 2964 2669 κανὼν
2991 2616 3098 2685 πρὸ
3122 2616 3220 2685 τῆς
3253 2615 3532 2685 παρούσης
3559 2612 3797 2665 συνόδου
3816 2611 3969 2662 οὐδέν

2389 2728 2440 2762 τι
2496 2710 2739 2763 τοιοῦτον
2783 2710 3096 2777 διωρίσατο’
3167 2708 3433 2777 ἀγράφως
3484 2706 3560 2767 δὲ,
3627 2706 3704 2763 ὡς
3765 2703 3968 2759 ἔοικεν,

2389 2802 2721 2874 ἐνηργοῧντο
2764 2803 2833 2855 τά
2881 2801 2975 2855 τοῦ
3023 2800 3265 2854 τοιούτου
3317 2800 3539 2861 κανόνος
3570 2796 3848 2868 ἀρχῆθεν,
3896 2797 3968 2854 ὡς

715 2897 807 2945 καὶ
863 2896 996 2948 ἀλλα
1061 2898 1263 2951 πολλά·
1317 2900 1543 2971 ὕστερον
1596 2903 1652 2956 δὲ
1711 2906 1741 2973 ἡ
1800 2906 1859 2957 ἐν
1903 2904 1981 2974 τῷ
2020 2902 2275 2978 Τρούλλῳ
2304 2906 2519 2969 σύνοδος
2552 2907 2642 2959 καί¹
2677 2906 2970 2974 ἐγγράφως
3009 2904 3078 2955 τά
3108 2901 3238 2969 περὶ
3272 2900 3463 2953 τούτου
3515 2898 3759 2961 ἐξέθετο.

790 2993 1040 3047 ZONAR.
1092 2995 1147 3048 Si
1187 2999 1309 3064 quis
1354 2999 1640 3065 episropus
1698 3003 1747 3054 in
1804 3003 1963 3057 aliam
2008 3005 2282 3059 civitatem

2458 3004 2703 3058 ΖΩΝΑΡ.
2754 3004 2877 3056 Ἐὰν
2896 3002 3199 3063 ἐπίσκοπος
3229 3003 3310 3058 είς
3330 2998 3486 3050 πόλιν
3514 2996 3735 3066 ἀπέλθῃ
3770 2996 3966 3063 ἑτέραν

718 3088 1117 3151 provinciamve
1167 3090 1749 3156 abeat,jzu-talmnlus,
1796 3095 1898 3149 hoc
1947 3108 2051 3155 est.
2088 3098 2178 3151 ubi
2227 3116 2277 3153 se

2386 3099 2418 3168 ἢ
2447 3103 2528 3163 είς
2555 3101 2831 3169 ἐπαρχίαν
2875 3099 3042 3165 ἄλλην
3071 3099 3288 3166 κόμπου
3334 3096 3517 3166 χάριν,
3549 3093 3694 3147 ὥστε
3713 3092 3967 3158 δηλονότι

713 3180 881 3241 jacict
907 3186 1065 3243 atque
1094 3187 1351 3241 ostentet,
1399 3179 1718 3250 laudemque
1752 3183 2075 3252 eloquentia:
2115 3202 2280 3240 aucu-

720 3279 895 3331 petur,
953 3268 1033 3318 vel
1082 3279 1136 3320 ut
1184 3269 1428 3335 religioni
1462 3278 1839 3328 coast-crandm
1872 3277 2152 3343 inserviat,
2192 3288 2285 3333 aut

718 3360 781 3409 de
835 3361 934 3410 llde
978 3370 1029 3410 et
1081 3361 1247 3423 t'ultu,
1280 3363 1367 3429 qui
1400 3363 1504 3416 Deo
1531 3365 1868 3424 exhibendas
1904 3378 2006 3433 est,
2037 3380 2280 3433 quzerat:

720 3466 841 3500 nam
873 3450 1060 3519 religio
1088 3450 1171 3504 hic
1204 3463 1284 3504 est
1316 3455 1549 3507 servitus
1581 3458 1694 3511 sive
1720 3458 1812 3511 Dei
1834 3460 2030 3523 cultus,
2057 3476 2121 3514 ac
2157 3462 2282 3515 din-

721 3539 826 3589 tius
858 3537 1054 3592 ibidem
1079 3544 1402 3594 commorari
1424 3544 1574 3607 velit,
1610 3561 1781 3615 neque
1802 3549 1870 3601 sit
1893 3549 2010 3616 ejus
2046 3552 2286 3620 regionis

718 3632 1005 3699 episeopns
1044 3634 1329 3687 admodum
1355 3636 1563 3690 dicendi
1603 3654 1666 3691 ac
1709 3642 2193 3709 doceudiperitnst;
2223 3662 2287 3699 ne

719 3724 1024 3779 crebriores
1056 3726 1173 3801 ipse
1214 3730 1501 3783 conciones
1541 3731 1731 3783 habeat
1755 3769 1771 3793 ,
1817 3747 1881 3786 ex
1916 3750 2021 3801 quo
2058 3736 2289 3801 regionis

741 3814 867 3868 llius
913 3798 1629 3883 episcommr‘-contemnere
1678 3836 1743 3875 ac
1783 3823 1929 3876 velut
1965 3825 2287 3879 ineruditum

724 3913 914 3958 notare
940 3908 1206 3961 videatur.
1235 3908 1680 3963 l'crturbationes
1710 3927 1945 3983 namque
1976 3929 2038 3966 ea
2067 3930 2153 3969 res
2185 3930 2284 3969 ex-

723 3998 886 4058 citat,
913 4006 1004 4049 aut
1041 3998 1213 4050 calide
1250 4013 1314 4051 ac
1348 4012 1565 4054 versute
1600 4000 1799 4055 factum
1838 4003 2177 4069 interpretari
2223 4004 2289 4057 li-

723 4099 829 4151 cet,
862 4099 921 4141 ut
956 4104 1078 4143 srse
1110 4090 1365 4142 nimirum
1406 4092 1607 4159 pepulo
1637 4095 1753 4157 ejus
1784 4094 2019 4163 regionis
2049 4096 2291 4148 admira-

724 4182 869 4235 tione
910 4182 1232 4247 eloqueutize
1283 4186 1664 4250 commendet,
1713 4200 1777 4239 ac
1820 4188 1919 4241 sibi
1980 4189 2292 4242 cathedram

722 4273 964 4340 ejusdem
1013 4274 1161 4326 urbis
1204 4274 1572 4342 despondeat;
1623 4292 1691 4330 ex
1729 4294 1838 4347 quo
1890 4291 2144 4347 ltrreterea
2188 4297 2292 4334 non

723 4363 937 4417 dubitet
976 4367 1236 4419 creditam
1281 4368 1381 4420 sibi
1425 4370 1711 4422 ecclesiam
1764 4371 2091 4439 relinquere,
2128 4383 2182 4425 et
2237 4373 2288 4426 in

2374 3191 2748 3256 ἐπιδείξασθαι
2789 3192 2881 3243 καὶ
2914 3188 3370 3258 ἐγκωμιασθῆναι
3399 3187 3474 3249 ὡς
3494 3186 3703 3251 λόγιος,
3764 3184 3802 3252 ἦ
3833 3182 3967 3252 θρη-

2376 3286 2569 3346 σκείας
2631 3281 3045 3351 καθοσιώσειῆ
3112 3282 3201 3334 διὰ
3271 3279 3503 3349 ζήτησιν
3560 3280 3815 3338 πίστεως
3874 3278 3967 3328 καὶ

2374 3379 2521 3439 ὅπως
2562 3377 2667 3447 χρὴ
2694 3376 3005 3445 λατρεύειν·
3030 3373 3307 3443 ⁵θρησκεία
3330 3372 3439 3441 γὰρ
3491 3372 3523 3437 ἠ
3562 3370 3805 3437 λατρεία
3826 3369 3965 3422 ἐστί’

2376 3470 2471 3523 καὶ
2508 3469 2759 3539 βούλοιτο
2793 3469 3020 3520 πλείονα
3049 3468 3247 3536 χρόνον
3273 3465 3488 3531 διάγειν
3526 3465 3667 3527 ἐκεῖ,
3700 3466 3730 3515 ὁ
3756 3463 3820 3515 δὲ
3852 3461 3955 3528 τῆς

2376 3558 2564 3628 χώρας
2602 3559 2821 3625 ἐκείνης
2855 3558 3157 3619 ἐπίσκοπος
3208 3556 3281 3625 μὴ
3412 3556 3618 3623 λόγιος,
3682 3553 3837 3606 ὥστε
3873 3554 3967 3605 δύο

2377 3649 2570 3702 νασθαι
2600 3650 2904 3712 διδάσκειν,
2940 3649 3015 3718 μὴ
3059 3648 3323 3717 όμιλείτω
3348 3646 3610 3717 συνεχῶς,
3679 3664 3970 3714 καταφρο-

2380 3740 2487 3792 νῶν
2542 3740 2637 3793 τοῦ
2690 3742 2791 3810 τῆς
2838 3741 3023 3810 χώρας
3059 3740 3389 3802 ἐπισκόπου,
3446 3741 3542 3791 καὶ
3578 3740 3969 3806 καταισχύνων

2381 3832 2542 3883 αὑτὸν
2583 3831 2659 3893 ὡς
2686 3830 2896 3899 ἀμαθῆ.
2929 3830 3115 3883 All-nov
3160 3833 3269 3898 γάρ
3295 3830 3455 3883 τ.νῦτο
3488 3832 3767 3900 ταραχῆς.
3801 3832 3836 3900 ἡ
3882 3831 3969 3883 καὶ

2384 3922 2705 3993 πανούργως
2732 3923 3052 3991 γινόμενον,
3090 3922 3176 3976 ἵνα
3216 3923 3292 3985 ὼς
3325 3923 3512 3989 λόγιος
3549 3924 3708 3992 παρὰ
3743 3923 3846 3975 τοῦ
3876 3926 3968 3990 τῆς

2382 4013 2566 4085 χώρας
2597 4016 2819 4083 ἐκείνης
2863 4014 2998 4067 λαοῦ
3059 4014 3377 4084 θαυμασθῇ,
3418 4016 3513 4065 καὶ
3570 4013 3968 4083 προμνηστεύο

2386 4107 2670 4174 σητσιτὴν
2709 4108 2807 4175 τῆς
2835 4106 3044 4168 πόλεως
3078 4106 3297 4173 ἐκείνης
3330 4106 3627 4176 καθέδραν,
3650 4108 3746 4157 καὶ
3781 4106 3968 4157 ἐντεῦ-

2385 4198 2477 4250 θεν
2498 4198 2559 4249 οὐ
2588 4197 2819 4267 διστάσῃ
2841 4197 3164 4249 καταλιπεῖν
3190 4195 3290 4262 τὴν
3321 4195 3485 4247 αὑτοῦ
3508 4194 3851 4260 ἐκκλησίαν,
3873 4194 3967 4248 καὶ

2385 4291 2465 4351 είς
2494 4289 2693 4357 ἐτέραν
2722 4287 3110 4357 μεθίστασθαι.
3166 4289 3257 4339 Δεῖ
3294 4287 3480 4355 τοίνυν
3516 4285 3707 4354 ὁρίσαι
3744 4287 3963 4355 χρόνον,

2389 4380 2513 4432 ὅσον
2538 4380 2745 4448 ὀφείλει
2781 4381 2958 4432 ποιεῖν
3010 4379 3311 4439 ἐπίσκοπος
3359 4380 3437 4441 εἰς
3498 4379 3691 4448 χώραν
3736 4378 3773 4445 ἧ
3822 4378 3969 4430 πόλιν

723 4457 881 4509 aliam
918 4458 1171 4513 transire.
1198 4456 1434 4527 Tempus
1466 4460 1649 4528 igitur,
1681 4476 1788 4530 quo
1819 4464 2075 4530 episc0po
2102 4465 2152 4516 in
2179 4465 2277 4517 alia

2393 4469 2666 4536 ἀπελθὼν,
2696 4474 2753 4524 ἐν
2782 4464 2816 4545 ᾗ
2847 4473 2998 4523 ἐστιν
3025 4471 3352 4532 ἐπίσκοπος
3396 4468 3491 4520 καὶ
3529 4467 3643 4535 γάρ
3680 4468 3786 4521 καὶ
3820 4469 3884 4520 τὺ
3904 4466 3970 4536 μὴ

724 4548 859 4601 urbe
908 4558 1002 4601 aut
1028 4552 1247 4617 regione
1278 4566 1433 4603 suum
1463 4552 1775 4620 episcopum
1809 4553 2043 4608 habente
2082 4557 2284 4610 morari

723 4638 903 4705 liccat,
932 4642 1202 4706 praeﬁnire
1229 4653 1463 4709 oportet.
1508 4642 1639 4696 Nam
1683 4644 1752 4697 ab
1797 4647 2051 4713 episcopo
2075 4647 2287 4715 episco-

725 4746 854 4799 pum
890 4749 996 4786 non
1022 4735 1230 4787 admitti
1255 4774 1270 4797 ,
1297 4737 1554 4804 quiddam
1585 4738 2023 4805 estinurbamnm,
2050 4739 2277 4808 injurin-

724 4838 911 4881 sumet
932 4830 1093 4881 etiam
1117 4829 1338 4882 malum.
1357 4828 1522 4900 499
1545 4829 1676 4883 Cum
1711 4844 1841 4901 ergo
1860 4832 2068 4898 Patres,
2092 4834 2285 4902 inquit,

726 4919 893 4971 nostri
919 4916 1131 4989 (synodi
1159 4921 1414 4973 nimirum
1444 4922 1495 4973 in
1517 4920 1722 4986 Trullq,
1747 4938 1866 4990 qua:
1884 4934 2037 4977 sexta
2062 4924 2288 4988 dicitur,

725 5012 951 5063 ihienim
985 5012 1311 5080 octogesimo
1333 5028 1541 5066 canone
1558 5021 1816 5066 statutum
1846 5016 1894 5067 id
1928 5014 2073 5085 fuit).
2101 5018 2141 5071 si
2167 5019 2289 5087 quis

725 5102 894 5155 laicus
937 5104 987 5153 in
1016 5103 1147 5156 mbe
1188 5119 1353 5168 agens
1402 5105 1559 5158 trium
1612 5088 2064 5161 hebdomadarum
2112 5112 2285 5178 spatio

725 5193 776 5243 in
842 5193 1127 5247 ecclesiam
1191 5210 1293 5247 nou
1341 5199 1686 5258 convenerit,
1731 5214 1852 5251 eum
1909 5203 2289 5255 communione

726 5286 1078 5349 movendum,
1131 5287 1232 5339 boc
1271 5296 1372 5351 est,
1410 5290 1803 5357 segregandum
1842 5306 1983 5347 esse.
2030 5294 2284 5347 decreve-

730 5372 870 5425 rint:
923 5374 967 5426 si
1012 5374 1124 5427 [nec
1156 5376 1219 5429 de
1261 5375 1413 5429 laicis
1458 5388 1752 5431 constituta
1802 5382 1928 5444 sint,
1964 5372 2287 5450 |epi$c0pum

726 5464 793 5518 ab
826 5465 1057 5519 ecclesia
1094 5482 1192 5521 sua
1222 5468 1424 5521 diutius
1457 5470 1669 5535 abesse,
1705 5472 1803 5525 nisi
1836 5474 1878 5524 si
1913 5476 2127 5540 quando
2168 5490 2288 5540 gra-

728 5555 809 5607 vis
833 5558 1127 5610 necessitas
1158 5559 1423 5623 negotiive
1453 5559 1735 5614 .hﬂieubas
1760 5565 2019 5632 coegerit,
2067 5580 2163 5619 net:
2196 5568 2289 5620 αλε-

724 5654 870 5708 ceat,
909 5663 1005 5701 nec
1035 5651 1304 5715 expediat.

728 5735 957 5792 AlilST.
988 5756 1007 5790 ι
1051 5738 1347 5811 Episcopus
1368 5744 1436 5797 ab
1481 5746 2067 5817 episcopo.accersitus,
2112 5748 2154 5800 si
2191 5746 2284 5816 qui

2388 4562 2745 4633 ὑποδέχεσθαι
2809 4562 2961 4631 παρὰ
3027 4562 3329 4614 ἐπισκόπου
3402 4560 3496 4612 τὸν
3559 4561 3972 4613 συνεπίσκοπον

2387 4653 2755 4722 ἁπάνθρωπόν
2816 4654 2957 4712 ἐστι.
2986 4653 3213 4721 φαῦλον,
3284 4652 3546 4721 πονηρόν.
3592 4651 3831 4722 Ἐπειδὴ
3861 4648 3969 4713 οὖν,

2389 4746 2577 4813 φησὶν,
2601 4748 2648 4799 oi
2686 4746 2930 4816 Πατέρες
2952 4746 3131 4816 ἡμῶν,
3167 4747 3216 4799 οἱ
3239 4749 3337 4814 τῆς
3372 4749 3430 4798 ἐν
3458 4747 3540 4813 τῷ
3578 4744 3855 4816 Τρούλλῳ
3880 4747 3971 4814 τῆς

2388 4838 2693 4907 λεγομένης
2724 4838 2891 4908 ἐκτης
2917 4838 3135 4891 συνόδου
3163 4837 3387 4906 δηλαδὴ,
3418 4836 3652 4889 ἐκείνων
3680 4836 3800 4906 γὰρ
3826 4840 3968 4888 ἐστιν

2389 4933 2416 4983 ὁ
2446 4933 2625 4983 κανών
2655 4937 2729 4995 π’,
2777 4932 3025 5001 ἔκριναν,
3060 4931 3166 4994 ἵνα,
3216 4931 3265 4984 εἰ
3316 4945 3401 4989 τις
3445 4929 3638 4991 λαῖκὺς
3696 4931 3761 4981 ἐν
3818 4931 3969 4981 πόλει

2388 5020 2590 5087 διάγων
2636 5021 2730 5074 ἐπὶ
2756 5024 2906 5091 τρεῖς
2957 5020 3262 5090 ἑϐδομάδας
3318 5023 3394 5090 μὴ
3432 5022 3762 5090 συνέρχοιτο
3794 5022 3858 5073 ἐν
3908 5024 3968 5089 τῇ

2391 5114 2675 5184 ἐκκλησίᾳ,
2737 5114 3051 5166 ἀποκινοῖτο
3130 5114 3229 5181 τῆς
3290 5112 3599 5173 κοινωνίας,

2390 5206 2736 5273 ἀφορίζοιτο·
2765 5204 2895 5256 εἱδέ
2924 5205 3053 5273 περὶ
3100 5205 3306 5256 λαῖκῶν
3331 5204 3509 5256 ταῦτα
3547 5203 3807 5273 εἴρηται,
3848 5205 3966 5255 οὔτε

2392 5298 2601 5366 πρέπον
2625 5297 2793 5359 ἐστὶν,
2821 5296 2944 5349 οὔτε
2978 5298 3283 5365 συμφέρον,
3322 5298 3634 5349 ἐπίσκοπον
3680 5301 3778 5347 ἐπὶ
3842 5296 3966 5346 πολὺ

3682 5114 3970 5164 τουτέστιν

2391 5389 2865 5456 ἀπολιμπάνεσθαι
2911 5388 3010 5457 τῆς
3040 5389 3235 5440 ἑαυτοῦ
3259 5390 3583 5457 ἐκκλησίας,
3620 5391 3673 5439 εί
3736 5390 3819 5457 μή
3854 5404 3966 5438 τινα

2394 5478 2616 5549 βαρεῖαν
2665 5481 2911 5547 ἀνάγκην
2951 5480 3089 5550 ἔχει,
3128 5480 3159 5550 ἢ
3196 5482 3439 5549 πρᾶγμα
3476 5497 3531 5531 τι
3561 5480 3865 5550 δυσχερές.

2392 5747 2670 5825 ΔΡΙΣἸἎΠ(
2721 5748 2781 5801 Ὀ
2815 5748 3283 5819 προσκαλούμενος
3324 5754 3624 5816 ἐπίσκοπος
3664 5755 3725 5820 ἐξ
3754 5755 3968 5808 ἐπιπί-
