4178 6420
265 380 401 445 .‘i-iCQ

335 601 358 636 ε
394 602 506 648 τος,
549 585 622 653 μὴ
653 585 1045 657 συνεχέστερον
1075 587 1447 658 δημηγοροίη·
1486 593 1678 660 μῶμος
1724 593 1831 662 γὰρ

336 697 358 729 ‹
410 677 569 730 τοῦτο
598 677 691 729 τοῦ
722 678 958 740 ἰδιώτου,
991 680 1086 732 καὶ
1140 682 1406 749 μνηστεία
1447 683 1546 750 τῆς
1601 685 1828 738 ἐπισκο-

341 786 360 818 ¢
400 769 508 836 πῆς
542 769 793 821 ἐκείνουο
838 772 931 823 καὶ
975 771 1262 841 ἀμφότερα
1304 774 1408 825 οὐκ
1466 766 1764 845 ἀμώμητα.
1805 795 1823 827 ν

255 858 480 912 ΑΡΙΣΤ.
552 877 570 908 ‹
644 859 917 929 Ἀνάγκης
969 861 1091 930 δίχα
1148 860 1408 932 βραχείας
1458 865 1719 934 δυσχερὲς
1769 866 1829 918 τὸ

343 969 361 1000 ι
405 951 497 1003 ἐπὶ
527 951 782 1005 πλεῖστον
808 953 900 1006 τὸν
925 955 1228 1008 ἐπίσκοπον
1251 958 1355 1028 τῆς
1380 959 1592 1017 οἰκείας
1633 959 1830 1030 ἐκκλη-

339 1063 357 1094 ‹
409 1045 531 1104 σίας
562 1044 1069 1114 ἀπολιμπάνεσθαι.
1115 1067 1133 1099 ι

331 1136 397 1187 Ei
427 1152 514 1197 τις
537 1136 645 1188 τῶν
694 1138 1008 1192 ἐπισκόπων
1077 1140 1158 1202 είς
1214 1141 1408 1210 ἐτέραν
1446 1142 1828 1210 παραγένηται

254 1225 432 1291 πόλιν,
455 1228 607 1296 παρὰ
631 1227 724 1280 τοῦ
747 1230 889 1282 κατά
905 1231 1090 1300 χώραν
1113 1230 1482 1300 προσκληθεὶς
1501 1234 1825 1298 ἐπισκόπου,

253 1319 353 1370 καὶ
379 1320 405 1371 ό
438 1321 963 1389 προσκαλεσάμενος
989 1321 1152 1374 αὑτὸν
1175 1321 1276 1374 οὐκ
1313 1321 1428 1374 ἔστι
1465 1322 1826 1384 διδασκαλίας

253 1411 522 1480 ἔμπειρος
551 1430 565 1443 ·
625 1413 700 1482 μὴ
749 1413 1051 1467 διδασκέτω
1113 1415 1506 1484 συνεχέστερον
1551 1415 1644 1466 τὸν
1677 1415 1826 1479 λαὸν,

254 1500 352 1549 καὶ
389 1498 734 1568 δημηγορίας
761 1501 1008 1556 ποιείτω.
1041 1501 1213 1556 Τοῦτο
1242 1503 1354 1572 γάρ
1382 1503 1630 1572 ταραχάς
1669 1503 1825 1557 εἴωθε

252 1589 572 1660 προξενεῖν,
608 1591 701 1644 καὶ
737 1593 1142 1664 καταφρόνησιν
1182 1597 1434 1664 ἐμποιεῖν
1470 1597 1550 1666 τῷ
1577 1614 1825 1668 προσκα-

251 1682 478 1736 λέσαντι
511 1683 678 1736 αὑτὸν
713 1685 1022 1755 ἐπισκόπῳ.
1055 1688 1215 1739 Δοκεῖ
1239 1687 1294 1740 δὲ
1323 1687 1419 1740 καὶ
1448 1688 1536 1740 διὰ
1582 1688 1679 1755 τῆς
1709 1690 1828 1742 ἐπι-

251 1774 477 1838 δείξεως
507 1774 713 1845 ταύτης
740 1777 841 1848 τὴν
873 1778 1162 1849 ἀλλοτρίαν
1190 1781 1705 1850 προμνηστεύεσθαι
1733 1785 1826 1836 ἐκ·

1389 389 1465 447 lN
1505 391 1668 451 CAN.
1713 393 1830 453 XII
1874 393 2080 461 CONC.
2125 400 2418 461 SARDIC.

345 511 366 542 ι
405 509 532 556 που,
567 492 660 545 τοῦ
693 492 1214 563 προσκιαλεσαμένου
1255 496 1466 553 ίδιώτου
1518 501 1822 568 τυγχάνον-
1855 507 1900 561 Α

3367 411 3503 477 14Ἳο

2013 524 2032 556 ‹
2064 511 2294 562 accersit
2349 513 2419 564 sit
2478 513 2775 581 imperitus,
2812 530 2877 569 ne
2903 517 3060 570 nimis
3090 518 3308 573 assidue
3363 539 3496 575 cun-

2015 615 2033 647 ι
2072 599 2338 664 ciouetnr,
2373 603 2471 654 boc
2497 605 2638 657 enim
2681 607 2935 675 imperito
2968 607 3210 660 dedecori
3237 610 3345 663 erit
3373 650 3388 673 ,
3443 623 3496 663 et

2013 704 2032 737 ‹
2072 689 2209 743 alter
2263 692 2631 761 episc0patum
2687 697 2803 764 ejus
2838 697 3048 750 ambire
3109 697 3396 755 videbitur.
3431 701 3496 756 Et

2013 794 2033 826 ε
2067 786 2352 847 utrumque
2399 782 2954 850 reprehendendum.»

1928 868 2156 927 ARIST.
2203 891 2222 924 ι
2255 871 2383 928 Sine
2413 877 2560 941 gravi
2593 880 2910 933 necessitate
2960 883 3270 951 episcopum
3324 897 3354 935 a
3398 898 3492 936 sua

2107 978 2126 1011 ι
2161 961 2359 1018 diutius
2400 967 2592 1022 abesse
2635 966 2871 1022 Ecclesia
2903 973 3123 1027 arduum
3161 982 3263 1027 est.
3294 989 3312 1023 ι

2004 1137 2060 1190 Si
2093 1139 2215 1206 quis
2239 1141 2527 1210 episcopus
2580 1148 2645 1198 ad
2702 1148 2859 1201 aliam
2925 1151 3151 1204 accedat
3199 1151 3492 1211 civitatem.

1929 1230 1997 1283 ab
2027 1232 2143 1301 ipso
2178 1234 2411 1299 regionis
2433 1237 2688 1305 episcopo
2717 1256 2957 1319 vocatus,
2976 1246 3132 1311 etqui
3153 1261 3272 1297 eum
3292 1246 3497 1297 voravit

1930 1339 2035 1378 non
2064 1335 2148 1379 est
2173 1327 2414 1381 doctrina
2447 1330 2770 1398 instructus,
2839 1351 2904 1387 ne
2962 1336 3276 1403 frequenter
3327 1353 3497 1405 popu-

1927 1416 2034 1469 lum
2066 1418 2276 1485 doceat,
2309 1431 2362 1473 et
2393 1425 2681 1478 conciones
2715 1426 2894 1480 faciat.
2955 1427 3066 1481 Hoc
3094 1431 3237 1483 enim
3291 1430 3496 1482 tumul-

1928 1517 2013 1562 tus
2054 1510 2298 1565 excitare
2327 1513 2485 1578 solet,
2540 1525 2595 1568 et
2644 1517 2900 1585 epismpo
2939 1519 3031 1588 qui
3079 1537 3200 1572 eum
3263 1521 3493 1583 vocavit,

1928 1609 2304 1672 contemptum
2338 1604 2552 1661 all‘errc.
2588 1608 2814 1662 Videtur
2850 1619 3050 1663 'autetn
3085 1620 3139 1664 et
3191 1626 3286 1676 per
3313 1622 3495 1663 osten-

1927 1692 2185 1747 tationem
2212 1695 2368 1749 istam
2395 1696 2623 1752 alienam
2667 1701 2875 1754 ambire
2911 1701 3211 1756 Ecclesiam
3243 1712 3297 1754 et
3327 1717 3491 1767 popu-

1927 1781 2035 1835 lum
2059 1784 2126 1839 ad
2153 1801 2211 1840 se
2241 1789 2535 1854 attrahere,
2566 1801 2619 1844 et
2667 1794 2888 1846 studere
2950 1794 3051 1847 sibi
3106 1795 3359 1847 traditam
3399 1792 3498 1845 Ec-

251 1867 513 1931 κλησίαν,
549 1870 643 1922 καὶ
669 1870 756 1922 τὸν
789 1869 916 1922 λαὸν
945 1873 1023 1933 εἰς
1049 1871 1242 1926 ἑαυτὸν
1269 1872 1474 1934 ἕλκειν,
1516 1875 1610 1926 καὶ
1658 1891 1826 1927 σπου·

1932 1877 2151 1931 clcsiatn
2175 1881 2500 1951 relinquere,
2528 1896 2582 1940 et
2612 1886 2664 1939 in
2698 1901 2815 1940 eam
2844 1886 3154 1941 transferri.
3196 1887 3487 1952 Propterea

248 1957 436 2021 δάζειν
456 1958 725 2030 cunam}.
744 1962 1141 2030 παραδοθεῖσαν
1159 1963 1460 2034 ἐκκλησίαν
1479 1967 1822 2032 καταλιπεῖν,

251 2050 352 2101 καὶ
388 2052 470 2112 εἰς
492 2053 696 2121 ταύτην
730 2053 1121 2122 μετατεθῆναι,
1147 2054 1337 2125 Ὦρισε
1370 2055 1502 2122 γοῦν
1535 2057 1619 2110 διὰ
1650 2058 1821 2110 ταῦτα

251 2146 284 2211 ἡ
328 2144 460 2210 ἁγία
526 2143 745 2208 σύνοδος
811 2148 886 2216 μὴ
935 2147 1096 2200 πλέον
1147 2148 1312 2216 τριῶν
1365 2149 1680 2217 ἑϐδομάδων
1735 2149 1828 2202 τὸν

253 2234 664 2303 προσδεχθέντα
691 2237 992 2291 ἐπίσκοπον
1021 2240 1118 2308 τῆς
1141 2239 1340 2292 ἐαυτοῦ
1367 2241 1662 2307 ἐκκλησίας
1686 2241 1826 2294 ἀπο-

249 2323 662 2390 λιμπάνεσθαι·
692 2327 810 2378 ἀλλ’
863 2331 943 2392 είς
972 2327 1064 2381 τὸν
1112 2330 1625 2401 ἐμπεπιστευμένον
1677 2332 1826 2401 αὐτῷ

1935 1969 2373 2038 itaqueldecrevit
2404 1989 2588 2030 sancta
2622 1981 2857 2048 synodus
2876 1981 3182 2047 episcopum
3202 1979 3494 2032 adIIIiSstttlt

1931 2074 2038 2111 non
2055 2059 2336 2129 plusquam
2353 2075 2465 2118 tres
2482 2067 2806 2134 septimanas
2825 2085 2977 2121 suam
3001 2071 3304 2136 relinquere
3322 2070 3497 2122 eccle-

1926 2155 2089 2219 siam,
2120 2157 2210 2209 sed
2247 2159 2311 2210 ad
2341 2162 2591 2227 populum
2622 2163 2720 2214 sibi
2755 2165 3123 2216 concreditum
3159 2167 3352 2222 redire.
3394 2164 3492 2217 nisi

1926 2245 2157 2301 fortasse
2181 2252 2497 2318 gravissima
2529 2254 2708 2323 aliqua
2763 2257 3076 2318 necessitas,
3104 2265 3194 2308 aut
3223 2257 3492 2324 negotium

1927 2337 2142 2405 aliquod
2169 2340 2382 2395 diliicilc
2413 2358 2533 2397 eum
2568 2344 2779 2413 longius
2809 2349 2993 2400 abesse
3037 2359 3215 2410 cogat.

248 2417 384 2470 λαὸν
426 2419 808 2488 ὑποστρέφειν,
862 2424 908 2474 εί
943 2424 1017 2493 μή
1071 2422 1173 2476 πού
1213 2441 1298 2486 τις
1328 2424 1488 2477 αὐτὸν
1524 2424 1802 2496 βαρυτάτη
1841 2425 2119 2502 άνάγκηῆ
2154 2435 2386 2505 πρᾶγμά
2418 2453 2468 2489 τι
2538 2437 2799 2508 δυσχερὲς
2855 2440 2948 2490 καὶ
2999 2439 3089 2490 ἐπί
3140 2438 3304 2490 πλέον
3364 2441 3496 2490 ἁπο-

250 2512 624 2582 λιμπάνεσθαι
647 2518 910 2572 ἐκϐιάσοι.

849 2613 1090 2666 ΚΑΝΩΝ
1137 2612 1236 2669 ΙΒ’.

259 2717 281 2751 ι
339 2700 494 2764 Τινὲς
519 2702 627 2754 τῶν
653 2703 898 2770 ἀδελφῶν
924 2705 1018 2757 καὶ
1055 2704 1474 2758 συνεπισκόπων
1504 2705 1560 2757 ἐν
1589 2708 1707 2770 ταῖς
1730 2703 1828 2757 πό-

340 2811 358 2842 ι
403 2792 573 2857 λεσιν,
607 2795 664 2847 ἐν
719 2792 809 2859 αἷς
863 2797 1156 2850 ἐπίσκοποι
1197 2798 1570 2862 καθίστανται,
1607 2796 1825 2850 δοκοῦσι

341 2902 360 2933 ι
409 2885 709 2954 κεκτῆσθαι
765 2887 972 2958 σφόδρα
1028 2888 1185 2955 ὀλίγα
1237 2888 1556 2958 ὑπάρχοντα
1608 2887 1734 2952 ῐδια,
1765 2890 1822 2941 ἐν

339 2995 357 3027 ι
405 2976 615 3047 ἑτέροις
647 2978 706 3030 δὲ
739 2981 927 3042 τόποις
959 2981 1185 3050 κτήσεις
1219 2980 1481 3047 μεγάλας,
1531 2981 1590 3044 ἐξ
1620 2975 1696 3033 ὧν
1729 2982 1823 3034 καὶ

348 3086 367 3117 ι
411 3067 729 3138 ἐπικουρεῖν
759 3069 976 3122 δυνατοί
1002 3071 1109 3122 είσι
1134 3075 1246 3132 τοῖς
1271 3071 1501 3140 πένησι·
1527 3071 1700 3133 οὕτως
1725 3073 1821 3124 αὑ-

339 3181 356 3213 ι
403 3163 514 3224 τοῖς
551 3163 938 3233 συγχωρητέον
969 3159 1108 3215 εἶναι
1140 3163 1332 3233 κρίνω,
1364 3164 1468 3227 ἵνα,
1498 3164 1546 3216 εί
1583 3163 1827 3234 μέλλοιεν

350 3273 366 3304 ι
411 3255 493 3315 εἰς
518 3253 616 3316 τὰς
643 3254 851 3307 ἑαυτῶν
900 3254 1297 3323 παραγίνεσθαι
1333 3257 1574 3322 κτήσεις,
1611 3257 1706 3307 καὶ
1732 3254 1828 3325 τὴν

341 3368 359 3398 ι
417 3349 754 3417 συγκομιδὴν
799 3347 906 3400 τῶν
936 3349 1168 3418 καρπῶν
1203 3349 1478 3411 ποεῖσθαι,
1514 3351 1663 3417 τρεῖς
1714 3349 1829 3401 Κυ-

339 3463 354 3493 ι
382 3424 599 3508 ’ριακάς
634 3444 872 3513 ἡμέρας,
905 3442 1051 3495 τοῦτ’
1093 3442 1209 3495 ἔστι
1241 3443 1392 3512 τρεῖς
1419 3442 1742 3512 ἑϐδομάδας,
1771 3440 1832 3495 ἐν

339 3553 356 3584 ι
406 3537 517 3596 τοῖς
547 3534 756 3586 ἑαυτῶν
779 3535 1053 3602 κτήμασιν
1079 3535 1275 3596 αὐτοὺς
1301 3534 1528 3602 διάγειν,
1564 3538 1658 3587 καὶ
1683 3535 1741 3586 ἐν
1762 3532 1828 3605 τῇ

355 3647 370 3674 ι
420 3625 821 3695 ἀγχιστευούσῃ
853 3625 1140 3695 ἐκκλησίᾳ,
1161 3627 1217 3677 ἐν
1295 3626 1664 3696 πρεσϐύτερος
1699 3642 1828 3676 συν-

347 3737 363 3766 ι
419 3729 564 3784 αγει,
608 3717 746 3784 ὑπὲρ
774 3715 865 3768 τοῦ
901 3717 976 3784 μὴ
1020 3715 1190 3784 χωρὶς
1226 3713 1598 3776 συνελεύσεως
1666 3713 1828 3766 αὐτὸν

345 3831 362 3857 ι
419 3808 596 3859 δοκεῖν
629 3807 789 3865 εἶναι,
825 3806 1186 3874 συνέρχεσθαι
1219 3807 1315 3858 καὶ
1366 3806 1702 3873 λειτουργεῖν
1735 3805 1829 3856 καὶ

337 3918 355 3948 ι
417 3899 491 3967 μὴ
527 3897 914 3966 συνεχέστερον
946 3898 1024 3958 είς
1052 3896 1150 3965 τὴν
1180 3897 1357 3959 πόλιν,
1392 3898 1448 3948 ἐν
1540 3898 1685 3948 ἐστιν
1711 3896 1830 3947 ἐπί-

342 4012 358 4041 (
410 4008 635 4052 σκοπος,
666 3991 1079 4056 παραγίγνοιτο.
1135 3987 1336 4042 Τοῦτον
1369 3989 1479 4059 γὰρ
1513 3989 1602 4042 τὸν
1632 3990 1829 4058 τρόπον

345 4104 361 4131 ι
415 4083 509 4135 καὶ
539 4083 606 4134 τὰ
634 4083 808 4133 οἰκεῖα
837 4080 1001 4132 αὑτοῦ
1029 4082 1330 4149 πράγματα
1363 4079 1516 4147 παρὰ
1536 4081 1634 4148 τὴν
1667 4081 1828 4133 αὐτοῦ

346 4195 361 4222 ι
420 4173 688 4225 ἀπουσίαν
747 4172 1002 4241 οὐδεμίαν
1055 4172 1316 4240 ὑπομένει
1350 4172 1579 4241 ζημίαν,
1622 4173 1714 4223 καὶ
1770 4171 1830 4223 τέ

340 4287 356 4313 ι
417 4267 516 4335 τῆς
551 4264 872 4327 ἀλαζονείας
901 4265 996 4316 καὶ⁸
1025 4264 1121 4316 τοῦ
1157 4263 1329 4331 τύφου
1381 4264 1654 4316 ἐκκλίνειν
1682 4263 1824 4327 δόξει

340 4379 357 4409 ι
399 4357 672 4426 ἔγκλημα.
713 4357 988 4417 ’Ἅπαντες
1017 4355 1066 4408 οἱ
1101 4356 1386 4408 ἐπίσκοποι
1425 4350 1578 4408 εἷπον
1604 4371 1616 4383 ⁸
1679 4354 1832 4423 ’Δρέ-

343 4465 361 4497 ι
416 4464 534 4499 σκει
566 4448 660 4497 καὶ
690 4445 829 4514 αὕτη
867 4447 898 4514 ή
935 4444 1290 4507 διατύπωσις.
1332 4463 1350 4496 ι

342 4539 539 4592 ΒΑΛΣ.
585 4538 644 4589 '0
673 4538 771 4607 μὲν
809 4544 879 4589 ια’
911 4536 1091 4589 κανὼν
1119 4537 1362 4589 διδάσκει
1404 4535 1669 4605 περὶτῶν
1697 4535 1834 4588 άποο

265 4631 630 4701 δημησάντων
707 4631 1024 4683 ἐπισκόπων
1072 4629 1181 4680 ἀπὸ
1220 4628 1427 4690 πόλεως
1463 4630 1542 4691 εἰς
1597 4627 1834 4698 πόλιν,ἢ

269 4725 375 4776 ἀπὸ
409 4723 676 4792 ἐπαρχίας
707 4723 786 4784 είς
817 4721 1085 4792 ἐπαρχίαν
1108 4736 1122 4750 ⁸
1146 4722 1174 4773 ό
1203 4720 1260 4773 δέ
1293 4721 1482 4791 παρὼν
1511 4721 1694 4774 κανὼν
1726 4720 1835 4772 διο-

277 4815 487 4885 ρίζεται
520 4816 646 4876 τοὺς
687 4816 1045 4876 ἐπισκόπους,
1091 4815 1217 4875 τοὺς
1269 4813 1495 4882 ἔχοντας
1545 4815 1836 4882 ἀκινήτους

276 4907 513 4974 μεγάλας
542 4909 763 4974 κτήσεις
801 4908 880 4968 εἰς
920 4907 1208 4975 ἀλλοτρίας
1238 4906 1474 4974 ἐνορίας,
1509 4908 1835 4976 ἀπαρεμπο·

271 4998 468 5060 δίστως
497 5000 577 5060 εἰς
600 4998 803 5060 ταύτας
841 4999 1180 5067 ἀπέρχεσθαι
1214 4997 1302 5050 διὰ
1350 4997 1450 5068 τὴν
1495 4997 1835 5067 συγκομιδὴν

269 5091 381 5141 τῶν
415 5091 662 5160 καρπῶν,
702 5092 793 5142 καὶ
819 5089 960 5141 οὕτω
1011 5091 1378 5160 χειραγωγεῖν
1414 5091 1541 5154 τοὺς
1575 5090 1833 5158 πένητας.

273 5185 440 5253 Πλὴν,
480 5186 636 5254 φησὶ,
673 5186 765 5236 ἐπὶ
804 5185 900 5254 μὲν
931 5185 1079 5254 τρισὶ
1107 5186 1419 5253 Κυριακαῖς
1442 5184 1643 5251 ὀφείλει
1667 5183 1695 5234 ό
1723 5183 1838 5234 ἐπί-

273 5294 473 5339 σκοπος
502 5276 708 5342 διάγειν
738 5275 816 5336 εἰς
839 5275 905 5326 τὰ
936 5277 1112 5326 οἰκεῖα
1140 5276 1414 5340 κτήματα,
1448 5276 1540 5325 καὶ
1567 5275 1703 5342 μετᾶ
1731 5273 1838 5326 τῶν

280 5368 560 5436 ἐγχωρίων
587 5367 799 5417 πιστῶν
826 5365 1210 5434 ἐκκλησιάζειν
1240 5366 1334 5415 καὶ
1381 5364 1835 5433 συλλειτουργεῖν,

281 5459 403 5527 ἦτοι
436 5457 792 5525 συνεύχεσθαι
837 5457 975 5526 μετὰ
1010 5455 1102 5507 τοῦ
1140 5457 1321 5508 ἐκεῖσε
1351 5455 1501 5517 ὖντος
1528 5455 1838 5524 πρεσϐυτέ-

278 5570 394 5622 ρου,
425 5553 508 5604 ἵνα
545 5551 617 5620 μὴ
639 5552 766 5619 δοκῇ
797 5550 966 5618 χωρίς
997 5545 1838 5614 συνελεύσεωςἐκκλησιαστικῆς

275 5643 434 5708 εἶναι,
465 5645 557 5696 καὶ
591 5641 958 5713 προσκρούειν
996 5641 1132 5710 πρὸς
1166 5641 1258 5691 τὸν
1311 5640 1570 5708 ἀνωτέρω
1613 5637 1839 5706 εἰρημὲ-

276 5752 366 5789 νον
398 5737 596 5788 κανόνα
627 5734 718 5786 τὸν
744 5734 1070 5803 ἀφορίζοντα
1093 5733 1219 5794 τοὺς
1248 5733 1341 5785 ἐπὶ
1369 5733 1516 5801 τρεῖς
1542 5730 1840 5800 ἑϐδομάδας

277 5829 352 5896 μὴ
405 5829 680 5890 συνιόντας
733 5827 809 5890 είς
852 5824 1166 5894 ἐκκλησίαν,
1218 5823 1372 5877 Μετὰ
1417 5825 1473 5876 δὲ
1518 5823 1614 5886 τὰς
1675 5825 1824 5891 τρεῖς

2518 2619 2749 2674 CANON
2817 2619 2932 2673 ΧΗ.

1936 2726 1954 2760 ι
1991 2709 2217 2776 Quidam
2255 2710 2453 2764 fratres
2479 2721 2531 2765 et
2588 2712 2889 2780 coepiscopi
2946 2712 2996 2764 in
3048 2711 3383 2771 civitatibus.
3443 2713 3492 2764 in

2007 2819 2025 2853 ι
2067 2801 2259 2876 quibus
2313 2802 2548 2870 episc0pi
2602 2804 3023 2865 constituuntur,
3059 2803 3306 2854 videntur
3344 2802 3497 2854 valde

2006 2909 2024 2941 ‹
2064 2907 2233 2961 pauca
2261 2933 2275 2953 ,
2310 2908 2430 2961 qua:
2461 2893 2559 2947 sibi
2609 2893 2717 2946 sint
2773 2894 3016 2961 pmpria,
3074 2893 3386 2960 posﬂdere;
3442 2893 3494 2942 in

2010 3002 2028 3036 ι
2059 2984 2178 3038 aliis
2218 2991 2397 3038 autem
2433 2984 2564 3038 locis
2591 3000 2813 3051 magnas
2837 2985 3228 3050 possvssiones,
3262 2998 3324 3034 ex
3371 2981 3494 3049 qui-

2009 3097 2027 3132 ι
2070 3079 2169 3134 bus
2233 3079 2392 3132 etiam
2445 3086 2673 3146 possunt
2722 3092 2875 3143 opem
2937 3075 3077 3129 ferre
3135 3076 3492 3141 pauperibus;

2010 3191 2028 3222 ι
2061 3172 2127 3225 iis
2167 3172 2237 3224 ita
2268 3184 2387 3224 esse
2410 3169 2813 3222 concedendum
2849 3167 3053 3236 judico,
3083 3175 3137 3217 nt
3162 3167 3202 3217 si
3261 3167 3311 3217 iu
3370 3180 3494 3215 snas

2007 3283 2027 3317 ι
2063 3265 2436 3332 possessiones
2480 3261 2692 3316 venturi
2727 3261 2855 3322 sint,
2889 3272 2940 3313 et
2965 3259 3172 3311 fructus
3207 3273 3334 3310 suos
3383 3255 3499 3305 cul-

2006 3377 2025 3409 ι
2060 3356 2281 3416 lecturi,
2329 3357 2500 3408 tribus
2531 3354 2723 3408 diebus
2760 3352 3073 3413 Dominicis,
3111 3351 3162 3402 id
3194 3360 3298 3408 est,
3327 3349 3498 3400 tribus

2005 3468 2026 3502 ι
2070 3448 2423 3517 septimanis,
2478 3446 2531 3499 in
2593 3445 2705 3498 suis
2767 3441 3195 3513 possessionibus
3263 3440 3494 3506 degant;

2005 3563 2023 3594 ι
2067 3542 2200 3595 etin
2238 3540 2468 3594 ecclesia
2515 3552 2633 3606 quae
2678 3551 2842 3604 prope
2863 3544 2967 3598 est,
2991 3535 3042 3586 iu
3079 3548 3181 3600 qua
3218 3534 3498 3601 presbyter

2008 3654 2026 3687 ι
2059 3635 2308 3701 populum
2363 3639 2673 3700 congregat,
2707 3645 2772 3681 ne
2807 3644 2833 3679 a
2871 3627 3249 3681 communione
3281 3625 3495 3676 alienus

2015 3744 2031 3775 ι
2071 3723 2318 3777 videatur
2372 3717 2700 3790 (episcopus)
2733 3716 3040 3777 conveniat,
3070 3725 3122 3768 et
3171 3712 3496 3767 sacriﬁcium

2008 3835 2024 3868 ι
2062 3815 2340 3876 celebret,
2367 3822 2503 3866 etne
2529 3811 2862 3879 frequentius
2903 3810 2952 3860 in
2987 3810 3230 3868 civitate,
3282 3807 3334 3858 iu
3383 3821 3487 3870 qua

2007 3928 2024 3959 ‹
2077 3917 2155 3960 est
2179 3906 2485 3972 episcopus,
2519 3903 2680 3957 adsit.
2719 3901 2792 3955 Eo
2815 3900 2956 3954 enim
2987 3900 3161 3960 modo,
3193 3905 3250 3950 et
3282 3912 3364 3948 res
3383 3895 3499 3961 ejus

2008 4008 2270 4067 «propter
2298 3998 2465 4066 ipsius
2511 3995 2807 4049 absentiam
2859 3993 2989 4046 nihil
3055 3989 3357 4042 detritm-nti
3408 4003 3504 4052 pa-

2009 4110 2027 4141 (
2061 4090 2278 4152 tientur,
2306 4097 2358 4141 et
2409 4086 2727 4153 arrogantia:
2763 4099 2825 4136 ac
2849 4081 3114 4148 superbia:
3149 4076 3504 4132 crimeneffu-

2009 4200 2026 4232 ι
2057 4196 2184 4250 gere
2227 4178 2517 4232 videbitur.
2549 4175 2748 4230 Omnes
2778 4173 3012 4242 epismpi
3043 4171 3296 4224 dixerunt
3341 4186 3352 4220 :
3379 4166 3499 4218 Pla-

2012 4293 2030 4325 ι
2055 4281 2140 4328 cet
2169 4273 2281 4326 haec
2309 4284 2522 4341 quoque
2552 4267 2883 4322 constitutio.
2915 4284 2932 4314 ι

2018 4533 2212 4589 BALS.
2278 4531 2604 4585 Undecimus
2645 4541 2817 4584 canon
2877 4526 3033 4580 docet
3083 4524 3150 4580 de
3199 4521 3496 4592 episcopis,

1939 4631 2086 4700 quia
2136 4627 2356 4682 civitate
2396 4625 2449 4677 in
2496 4624 2772 4677 civitatem
2803 4633 3024 4687 peregre
3051 4616 3502 4685 proﬁciscuntur,

1936 4722 2020 4776 vel
2048 4737 2074 4773 a
2103 4717 2379 4789 provincia
2407 4715 2462 4768 in
2496 4711 2830 4783 provinciam
2858 4727 2872 4764 :
2912 4721 3147 4776 praesens
3196 4713 3374 4758 autem
3409 4718 3500 4756 ca-

1939 4830 2044 4870 non
2078 4811 2284 4872 statuit,
2312 4805 2657 4876 ut'episcopi,
2691 4805 2779 4871 qui
2815 4816 3039 4869 magnas
3070 4799 3269 4852 habent
3304 4797 3497 4850 inuno-

1937 4906 2073 4962 biles
2102 4897 2539 4971 possessionesin
2576 4895 2777 4947 alienis
2809 4892 3144 4962 regionibus,
3181 4889 3233 4942 iu
3262 4904 3355 4943 eas
3388 4887 3504 4940 sine

1938 4997 2046 5050 ullo
2074 4993 2464 5061 impedimento
2516 4987 2934 5055 proﬁciscantur
2975 4984 3042 5037 ad
3083 4980 3294 5034 fructus
3350 4979 3502 5032 co||i-

1937 5087 2159 5155 gendos,
2195 5093 2250 5137 et
2291 5082 2367 5135 sic
2411 5093 2673 5148 pauperes
2699 5085 3030 5129 sustentant.
3081 5075 3348 5126 ueterum
3405 5071 3502 5121 tri—

1938 5180 2060 5243 bus,
2095 5177 2289 5243 inquit,
2319 5172 2613 5226 Dominicis
2649 5173 2808 5222 debet
2830 5173 3118 5237 cpiscopus
3141 5167 3190 5217 in
3218 5165 3331 5218 suis
3374 5178 3504 5231 pos-

1942 5269 2276 5325 sessionibus
2311 5278 2487 5332 agere,
2529 5273 2582 5315 et
2623 5277 2750 5323 cum
2779 5261 2923 5312 illius
2976 5257 3210 5325 regionis
3252 5255 3503 5308 ﬁdelibus

1941 5364 1994 5415 in
2022 5360 2305 5414 ecclesiam
2335 5356 2645 5417 convenire,
2673 5363 2724 5406 et
2769 5369 2872 5404 una
2916 5350 3211 5412 celebrare,
3265 5363 3355 5399 seu
3396 5361 3497 5397 una

1940 5466 2098 5505 orare
2125 5465 2246 5503 cum
2298 5447 2610 5516 presbytero
2663 5445 2751 5509 qui
2813 5443 2917 5495 illic
2980 5452 3098 5506 est;
3163 5455 3228 5491 ne
3253 5439 3502 5490 videatur

1941 5542 2161 5597 esseab
2196 5539 2560 5594 ecclesiastica
2613 5536 2993 5589 communione
3045 5533 3275 5588 alienus.
3338 5540 3390 5580 et
3450 5528 3502 5578 in

1943 5650 2202 5690 canonem
2223 5646 2384 5698 supra
2435 5630 2672 5696 positum
2711 5625 3005 5688 offendere,
3039 5625 3126 5691 qui
3159 5623 3374 5690 quidem
3411 5633 3506 5671 eos

1941 5737 2206 5797 segregat,
2265 5725 2354 5793 qui
2386 5723 2562 5776 tribus
2603 5721 2898 5775 Dutuiuicis
2949 5721 3000 5770 in
3051 5717 3338 5771 ecclesiam
3399 5729 3501 5765 non

1944 5820 2288 5884 conveniunt,
2320 5817 2585 5871 (Scelerum
2610 5825 2724 5882 post
2749 5823 2857 5868 tres
2893 5811 3207 5865 Duminicos
3242 5823 3345 5863 non
3397 5806 3504 5859 frc-
